4080 6374
308 404 410 466 3‘33

1609 404 1791 465 \‘lTA
1830 404 1891 463 S.
1938 403 2265 466 NICOLAI.

3455 402 3560 467 331

307 532 499 586 ματος,
533 514 657 576 (οὐκ
684 512 868 583 ἠγνόει
904 513 1035 584 γὰρ,
1073 532 1091 565 ι
1130 514 1252 567 Ἐπὶ
1281 514 1403 568 τίνα
1433 514 1745 568 ἐπιϐλέπειν
1776 506 1876 565 οἶδε

1990 512 2240 581 protinus
2280 511 2542 581 impletur
2579 510 2792 575 laetitia,
2824 519 2882 566 et
2918 510 3148 581 perinde
3180 526 3245 566 ac
3283 510 3328 567 si
3369 511 3423 567 in
3454 515 3561 570 ali-

302 606 458 669 ϐεδς,
480 605 594 659 ἀλλ’
614 607 696 659 δτι
712 606 806 659 ἐπὶ
832 605 921 658 τὸν
936 606 1115 676 πρᾶον
1131 605 1330 677 δηλαδὴ
1353 607 1680 676 καὶὴσύχιον
1701 607 1743 674 ;)
1764 601 1885 657 τοῦ-

308 715 398 752 τον
422 700 631 750 ἐκεῖνον
661 694 807 750 εἶναι
840 696 933 749 τὸν
961 697 1066 750 ὑπὸ
1094 697 1189 749 τοῦ
1207 685 1344 750 Θεοῦ
1370 697 1699 768 δηλούμενον
1719 696 1881 763 ἔγνω,

305 794 401 845 καὶ
448 791 770 860 παραυτίκα
813 791 1011 859 ἡδονῆς
1054 807 1118 843 τε
1171 790 1464 852 ἰπίπλατο,
1504 790 1600 842 καὶ
1642 788 1877 855 ἀγαλλό-

309 899 472 951 μενος
499 883 858 947 διεδείκνυτο,
899 881 1044 936 οὕτω
1068 882 1125 935 δὶ
1160 882 1555 951 ἀγαλλόμενος,
1586 882 1668 934 δεῖ
1688 880 1799 950 γὰρ
1824 879 1884 934 τὸ

305 974 404 1041 τῆς
454 974 608 1036 θείας
666 974 833 1041 φάναι
884 972 1132 1043 Γραφῆς,
1180 973 1254 1036 ὡς
1302 974 1333 1027 ὁ
1379 972 1652 1041 εὑρίσκων
1705 971 1878 1025 σκύλα

307 1063 499 1129 πολλὰ,
529 1064 626 1116 καί
654 1064 683 1115 δ
713 1062 975 1133 Θησαυρῷ
994 1078 1103 1115 τινι
1155 1063 1526 1132 κεκρυμμένῳ
1552 1060 1879 1130 περιτυχών.

307 1156 473 1209 Ὅθεν
502 1156 604 1209 ούκ
632 1155 786 1209 ἀθεεὶ
816 1154 1076 1220 γενέσθαι
1109 1154 1210 1225 τὴν
1242 1153 1340 1208 τοῦ
1379 1154 1616 1223 μεγάλου
1659 1153 1882 1224 εὕρεσιν

307 1245 688 1313 λογισάμενος,
766 1244 1079 1298 Ἀκολούθει
1170 1261 1288 1309 μοι,
1372 1245 1587 1309 τέκνον,
1672 1244 1880 1312 ἔφασκε

309 1337 441 1406 πρὸς
475 1336 660 1389 αὐτόν.
695 1336 808 1388 Καὶ
836 1335 1170 1405 παραλαϐὼν
1215 1337 1426 1406 ἢγαγεν
1458 1334 1533 1398 ὡς
1580 1337 1706 1397 τοὺς
1754 1336 1880 1387 ἐπι-

310 1427 570 1489 σκόπους.
604 1427 668 1479 Ui
706 1427 765 1479 δὲ
792 1426 1162 1496 συμϐάλλουσί
1195 1444 1256 1480 τε
1301 1427 1501 1480 αὐτίκα
1544 1427 1606 1479 τὸ
1647 1427 1882 1497 πρᾶγμα

307 1518 602 1586 εἰρημένον
650 1515 836 1577 αὐτοῖς
884 1516 1150 1585 πρότερον
1202 1516 1308 1569 ὑπὸ
1360 1516 1457 1568 τοῦ
1503 1515 1717 1587 ἀνδρὸς,
1779 1518 1873 1570 καὶ

311 1605 486 1676 “uti;
520 1605 672 1668 θείας
698 1604 896 1675 ἡδονῆς
947 1607 1044 1658 καὶ
1094 1606 1281 1669 αὐτοῖς
1332 1606 1661 1661 καθίσταται
1709 1606 1877 1677 ψυχὴ,

312 1696 406 1748 καὶ
453 1696 859 1763 συμϐαίνουσαν
888 1698 954 1768 τῇ
984 1697 1092 1750 ἀπὸ
1128 1696 1264 1750 Θεοῦ
1288 1697 1456 1768 ψήφῳ
1500 1700 1600 1769 τὴν
1625 1698 1721 1752 τοῦ
1779 1700 1878 1753 ἀν-

308 1785 434 1855 δρὸς
463 1786 741 1856 κρίνουσιν
765 1787 991 1856 ἀρετήν.
1042 1782 1176 1839 Εἶτα
1208 1787 1298 1842 τὸν
1345 1787 1524 1858 ἅγιον,
1572 1787 1649 1851 ὡς
1707 1784 1877 1859 εἶχον,

1985 620 2149 675 quem
2190 606 2466 660 occultum
2513 604 2799 660 incidisset
2848 603 3191 670 thesaurum,
3238 612 3295 658 et
3343 606 3556 663 lucrum

1985 711 2106 751 esse
2134 704 2436 764 reputasset
2464 696 2569 749 viri
2600 695 2995 761 inventionem,
3022 697 3156 752 dicit
3184 697 3234 752 ei
3265 717 3280 753 :
3310 698 3557 769 Sequere

1986 802 2098 851 me,
2146 787 2244 840 lili.
2295 785 2501 840 Deinde
2545 801 2673 840 eum
2697 788 2993 856 assumpsit
3035 797 3095 842 et
3132 789 3286 843 duxit
3324 790 3394 845 ad
3439 793 3559 860 epi-

1987 890 2202 945 scopos.
2242 875 2325 929 illi
2352 891 2486 930 vero
2508 892 2623 930 rem
2655 877 2839 931 statim
2885 878 3190 948 conjiciunt
3223 896 3342 948 qua:
3373 898 3404 935 a
3437 882 3558 936 viro

1986 965 2141 1036 prius
2166 965 2250 1020 eis
2281 965 2426 1020 dicta
2467 965 2664 1032 fuerat,
2698 979 2753 1023 et
2786 968 2974 1023 divino
3015 969 3215 1039 gaudio
3247 971 3300 1025 ei
3338 988 3559 1043 quoque
3652 988 3669 1001 κ

1985 1057 2182 1126 plenus
2213 1057 2318 1111 fuit
2354 1058 2590 1122 animus,
2623 1069 2679 1115 et
2714 1060 2812 1115 Dei
2850 1062 3113 1131 suﬂ‘ragio
3141 1066 3559 1122 convenientem

1976 1149 2230 1219 judicant
2268 1151 2374 1204 viri
2407 1152 2694 1207 virtutem.
2722 1151 2928 1208 Deinde
2958 1163 3210 1209 sanetum
3242 1156 3425 1211 statim
3458 1159 3559 1213 dn-

1984 1250 2120 1295 cunt
2167 1241 2222 1296 in
2269 1242 2513 1298 medium
2556 1245 2843 1314 templum.
2890 1245 3028 1303 Cum
3063 1263 3197 1302 vero
3240 1249 3295 1303 in
3338 1264 3561 1307 omnem

1981 1342 2196 1404 partem
2233 1335 2377 1389 fama
2416 1337 2750 1406 pervasisset
2811 1338 2973 1405 (solet
3009 1341 3154 1395 enim
3198 1357 3261 1395 ea
3301 1341 3357 1397 in
3398 1342 3562 1399 rebus

1986 1434 2094 1479 tam
2134 1426 2348 1494 magnis
2393 1425 2551 1481 valde
2594 1438 2851 1482 contenta
2899 1437 2954 1483 et
2997 1429 3162 1483 celeri
3208 1431 3285 1484 uti
3323 1434 3560 1500 penna),

1982 1517 2214 1571 conﬂuit
2250 1517 2477 1588 quidem
2520 1520 2816 1576 multitudo
2854 1520 3297 1580 innumerabilis.
3336 1525 3418 1579 llli
3457 1540 3560 1580 au—

1986 1619 2096 1664 tem
2132 1609 2368 1664 maxima
2413 1626 2571 1675 voce,
2636 1612 2909 1681 Accipite.
2958 1614 3237 1683 inquiunt,
3269 1631 3303 1669 ο
3334 1614 3555 1682 fratres,

1982 1708 2224 1753 vestrum
2266 1710 2566 1770 pastorem,
2599 1717 2764 1772 quem
2800 1703 2958 1759 vobis
2991 1706 3147 1759 unxit
3176 1715 3400 1763 sanctus
3437 1708 3557 1778 Spiv

1983 1792 2144 1855 ritus,
2197 1793 2289 1847 cui
2340 1805 2560 1850 nostras
2608 1794 2820 1850 animas
2857 1797 3247 1867 gubernandas
3293 1809 3348 1853 et
3399 1801 3558 1855 insti-

311 1877 472 1937 εύίὶυς
501 1877 650 1945 παρά
677 1876 842 1946 μέσον
872 1874 1066 1944 ἄγουσι
1098 1876 1192 1929 τὸν
1232 1877 1378 1932 ναόν.
1415 1877 1675 1947 Πανταχῆ
1697 1877 1754 1930 δὲ
1783 1880 1876 1950 τῆς

1986 1882 2218 1938 tuendas
2258 1884 2481 1940 tradidit
2517 1903 2531 1937 :
2563 1901 2726 1955 quem
2757 1865 2880 1941 non
2904 1888 3204 1942 humanum
3235 1889 3557 1959 suﬂ'ragiuttt

313 1969 503 2037 φήμης
528 1968 694 2034 ὀξεως
719 1967 1149 2039 διαδραμούσης,
1185 1971 1334 2037 φιλεί
1369 1967 1478 2037 γὰρ
1506 1970 1566 2021 ὲν
1611 1968 1758 2022 οὕτω
1783 1986 1883 2039 με·

310 2067 499 2130 γάλοις
528 2066 852 2135 πράγμασιν
880 2064 1025 2133 αὕτη
1058 2066 1296 2132 συντόνῳ
1327 2066 1566 2136 χρῆσθαι
1593 2065 1688 2119 καὶ
1726 2067 1885 2136 ταχεῖ

309 2156 384 2226 τῷ
424 2159 634 2226 πτερῷ,
664 2159 859 2229 συρρεῖ
889 2159 991 2227 μέν
1021 2175 1072 2212 τι
1112 2157 1316 2227 πλῆθος
1345 2161 1447 2213 οὐκ
1490 2160 1714 2227 ἐφικτὸν
1761 2161 1885 2231 ἀρι-

314 2244 462 2313 θμῷ.
506 2247 737 2299 Πάντων
771 2248 827 2300 δὲ
853 2248 988 2315 ὁμοῦ
1021 2247 1412 2312 συνελθόντων,
1445 2249 1608 2313 εὐθὺς
1662 2251 1714 2303 οἱ
1756 2251 1880 2303 έπί-

312 2351 528 2397 σκοποι,
580 2335 821 2399 Δέξασθε
868 2337 960 2390 τὸν
1024 2340 1251 2403 οἰκεῖον,
1305 2338 1563 2407 ἀδελφοὶ,
1622 2341 1880 2412 ποιμένα,

308 2427 660 2497 γεγωνοτέρᾳ
694 2427 911 2496 λέγουσι
940 2431 1021 2498 ,τῇ
1050 2431 1227 2498 φωνῇ,
1276 2428 1503 2495 δέξασθε
1554 2432 1878 2501 προθύμως,

308 2515 364 2568 ὃν
396 2518 529 2585 ύμῖν
567 2518 754 2589 ἔχρισε
805 2519 866 2572 τὸ
925 2519 1177 2590 Πνεῦμα,
1214 2516 1259 2588 ᾧ
1298 2524 1400 2591 τὴν
1438 2523 1547 2577 τῶν
1598 2523 1880 2594 ὑμετέρων

307 2605 499 2674 ψυχῶν
526 2606 857 2675 κυϐέρνησιν
883 2607 979 2659 καὶ
1008 2608 1097 2661 τὸν
1128 2611 1500 2681 καταρτισμὸν
1521 2611 1875 2681 ἐνεχείρισεν,

1980 1976 2078 2031 sed
2121 1977 2366 2031 divinum
2409 1977 2672 2046 prmi'ecit.
2714 1977 2987 2033 Habemus
3033 1994 3165 2048 ergo
3204 1994 3368 2049 quem
3413 1981 3557 2036 desi-

1979 2066 2335 2133 derabamus,
2379 2083 2543 2138 quem
2593 2069 2978 2138 quarebamus
3025 2085 3173 2124 nunc
3218 2071 3554 2140 accepimus.

1979 2159 2118 2213 Cum
2172 2159 2244 2212 ab
2300 2176 2370 2215 eo
2420 2165 2569 2215 recte
2622 2161 2880 2230 pascendi
2937 2169 2994 2216 et
3046 2161 3287 2217 ducendi
3337 2163 3556 2229 simus,

1978 2265 2092 2305 non
2131 2249 2417 2307 deﬁcimur
2447 2267 2543 2321 spe
2569 2252 2688 2305 fore
2727 2262 2785 2305 ut
2818 2252 2928 2307 Deo
2966 2253 3291 2307 assistamus
3322 2253 3556 2322 populus

1978 2342 2279 2411 peculiaris
2322 2343 2378 2396 in
2407 2343 2497 2399 die
2527 2343 2887 2412 apparitionis
2928 2344 3048 2414 ejus
3088 2351 3144 2398 et
3183 2344 3556 2399 revelationis.

1981 2431 2076 2487 llis
2110 2434 2310 2503 adjecit
2355 2436 2591 2504 populus
2631 2436 2933 2504 gratiarum
2977 2437 3282 2502 actionem,
3314 2444 3370 2490 et
3401 2436 3556 2491 locu-

1980 2534 2069 2578 tus
2103 2534 2188 2579 est
2224 2525 2429 2581 la-titiae
2461 2526 2628 2582 verba
2658 2526 2725 2581 ad
2758 2527 2929 2583 Deum
2961 2542 3082 2599 quae
3114 2528 3294 2585 verbis
3327 2526 3555 2597 exprimi

1980 2624 2287 2680 nequeunt.

308 2701 365 2753 ὃν
397 2701 497 2753 οὐκ
534 2702 854 2772 ἀνθρωπίνη
880 2701 1251 2771 ψῆφος,ἁλλά
1317 2705 1440 2758 θεία
1505 2706 1946 2776 προεχειρίσατο.
2008 2708 2244 2777 Ἔχομεν
2295 2709 2608 2779 τοιγαροῦν,
2671 2711 2732 2766 ὃν
2771 2710 2992 2781 θερμῶς
3052 2712 3447 2783 ἐποθήσαμεν·
3496 2710 3554 2765 δν

308 2792 633 2864 ἐζητοῦμεν,
670 2796 1023 2866 ἀξιοπρεπῶς
1061 2798 1465 2868 ἀπειλήφαμεν.
1534 2799 1670 2853 ’Υπδ
1705 2800 1880 2872 τούτῳ
1921 2804 2341 2873 ποιμαινόμενοί
2399 2821 2459 2857 τε
2526 2805 2708 2869 καλῶς
2756 2807 2850 2859 καὶ
2900 2806 3158 2876 ἀγόμενοι
3199 2806 3302 2859 ούκ
3342 2806 3553 2876 ἀπορή-

307 2904 476 2959 σομεν
502 2887 739 2940 ἐλπίδων
786 2886 882 2939 τοῦ
931 2888 1027 2940 καὶ
1074 2886 1195 2956 Θεῷ
1243 2889 1698 2958 παραστήσεσθαι
1749 2889 1877 2955 λαὸς
1917 2890 2259 2962 περιούσιος,
2339 2895 2400 2946 ἐν
2443 2894 2628 2965 ἡμέρα
2681 2894 3003 2962 ἐπιφανείας
3061 2895 3229 2949 αὐτοῦ
3268 2897 3367 2950 καὶ
3414 2898 3553 2950 ἀποο

309 2983 624 3051 ναλύψεως.
671 2981 896 3053 Τούτοις
946 2982 1008 3034 τὸ
1061 2982 1269 3052 πλῆθος
1330 2984 1727 3052 προσετίθεσαν
1779 2986 1882 3053 τὴν
1923 2977 2296 3057 εὐχαριστίαν*
2339 2988 2563 3059 ῥήματά
2619 3004 2681 3040 τε
2712 2988 2848 3058 πρὸς
2886 2988 3021 3040 θεὸν
3084 2988 3418 3058 ἐφθέγγοντο
3461 2992 3552 3045 εύ-

308 3075 608 3144 τρροσύνης,
641 3073 741 3141 οὐχ
770 3073 917 3134 ὅπως
948 3075 1045 3125 καὶ
1067 3073 1326 3143 λεχθῆναι
1357 3073 1568 3145 ῥᾳδίας.
1644 3105 1668 3130 ι

379 3167 478 3220 ll".
526 3140 590 3219 'il
647 3140 837 3235 μέντοι
870 3166 979 3219 τῶν
1015 3140 1335 3222 ἐπισκόπων
1358 3140 1491 3239 ⁷ιέρά
1530 3169 1750 3235 σύνοδος
1783 3171 1876 3225 σὺν

2054 3140 2198 3226 Xlll.
2240 3170 2404 3227 Sacra
2458 3180 2645 3226 autem
2702 3169 3083 3242 episcoporum
3149 3174 3389 3245 synodus
3443 3191 3550 3232 una

307 3263 381 3333 τῷ
411 3261 633 3331 κλήρῳ,
666 3261 775 3313 πᾶν
807 3262 859 3313 εί
895 3278 946 3313 τι
986 3261 1379 3331 νενομισμένον
1416 3262 1503 3314 ἔπ’
1545 3263 1697 3333 αύτῷ
1743 3266 1879 3334 πρό-

306 3370 463 3423 τερον
504 3352 805 3415 διαθέντες,
833 3352 910 3423 τῷ
931 3354 1029 3421 τῆς
1060 3353 1469 3424 ἀρχιερωσύνης
1500 3355 1770 3426 χρίσματι
1792 3374 1878 3409 τε-

308 3443 564 3505 λειοῦσιν,
625 3444 1064 3513 ἀναϐαλλόμενον
1113 3443 1213 3496 καὶ⁸
1255 3444 1519 3499 ὀκνοῦντα
1559 3447 1661 3517 τὴν
1710 3463 1877 3518 προει-

306 3534 463 3605 δρίιαν
490 3535 579 3586 διὰ
603 3533 807 3587 δειλίαν
827 3532 1007 3596 σὸντως
1037 3534 1460 3604 ἐπαινουμένην,
1504 3537 1660 3606 μόλις
1703 3537 1748 3590 δ’
1784 3534 1880 3593 οὖν

308 3629 396 3677 ἐπὶ
433 3626 532 3677 τὸν
577 3625 968 3695 ἀρχιερατικδν
1034 3621 1314 3678 ἀναϐάντα
1368 3624 1580 3694 θρόνον,
1629 3629 1726 3682 καὶ
1779 3631 1878 3700 τῆς

308 3716 540 3785 Μυρέων
570 3714 1009 3787 προκαθίσαντα,
1042 3714 1139 3767 καὶ
1168 3713 1266 3784 τὴν
1312 3717 1638 3771 ἐπιστασίαν
1680 3718 1873 3772 ἀναδι-

310 3806 544 3876 ξαμενον
616 3804 1061 3878 ὀρθοδρομοῦντα
1117 3806 1403 3875 τὸνλόγον
1450 3810 1546 3878 τῆς
1593 3810 1874 3880 ἀληθείας,

307 3903 398 3951 καὶ
431 3900 499 3952 τὰ
531 3902 631 3967 τῆς
661 3897 949 3962 εὐσεϐείας
988 3898 1234 3969 δόγματα
1270 3901 1439 3967 ὑγιῶς
1473 3902 1782 3971 φρονοῦντα
1814 3921 1876 3957 τε

306 3991 439 4061 ὁμοῦ
469 3992 566 4044 καὶ
599 3990 950 4054 διδάσκοντα,
979 3984 1091 4041 εἶεν
1117 3989 1234 4042 ἀλλ’
1258 3993 1286 4043 ὁ
1315 3992 1552 4061 πονηρὸς
1598 3991 1875 4060 βάσκανον

307 4082 510 4144 τεύτοις
541 4081 822 4135 ἐπιϐαλὼν
845 4079 1143 4148 ὀφθαλμὸν,
1184 4080 1366 4132 ἀνθεῖν
1410 4082 1519 4149 γάρ
1558 4080 1731 4144 οὕτως
1773 4083 1875 4136 οὐκ

314 4175 507 4244 ᾗνεγκε
536 4176 637 4244 τὴν
663 4171 976 4236 εὐσέϐειαν,
1004 4170 1128 4235 ὀξὺς
1158 4171 1242 4223 ὅτι
1271 4172 1509 4240 μάλιστα
1559 4175 1685 4237 τοὺς
1736 4191 1873 4244 κρα-

307 4266 525 4328 τοῦντας
571 4265 776 4328 εἰσεδυ,
821 4266 915 4315 καὶ
960 4264 1093 4333 παρ’
1144 4264 1343 4316 αὐτίκα
1406 4264 1767 4337 σφοδρότερός
1812 4283 1875 4320 τι

310 4360 338 4410 ὁ
369 4360 602 4428 διωγμὸς
631 4353 724 4427 ἦν,
757 4358 850 4410 καὶ
878 4357 1139 4427 βασιλικὰ
1162 4357 1511 4428 διατάγματα
1546 4362 1691 4413 κατὰ
1734 4360 1872 4413 πάν-

305 4465 409 4499 των
437 4450 645 4517 ἐφοίτα,
683 4447 818 4517 πρὸς
846 4449 1076 4516 ἄρνησιν
1120 4449 1402 4509 εὐσεϐείας
1460 4450 1587 4512 τοὺς
1638 4451 1867 4515 πιστοὺς

305 4539 697 4609 ἐκκαλούμενα.
726 4538 790 4591 Εἰ
810 4538 854 4591 δ’
880 4536 994 4599 οῦν,
1025 4534 1163 4590 ἀλλά
1185 4538 1364 4606 δεσμά
1391 4538 1486 4591 καὶ
1510 4543 1745 4613 φρουρὰ,
1773 4544 1870 4596 καὶ⁵
1902 4523 1947 4583 D

307 4628 598 4699 βαρύταται
618 4629 866 4699 βάσανοι,
886 4633 979 4682 καὶ
993 4628 1142 4693 τέλος
1161 4629 1328 4698 βίαιοι
1345 4630 1562 4684 θάνατοι
1580 4636 1705 4695 τοὺς
1722 4636 1874 4688 ἀπει-

304 4721 520 4787 θοῦντας
535 4721 800 4793 ἀμελλητὶ
817 4722 1133 4792 διεδέχοντο.
1152 4722 1195 4773 Τ
1198 4721 1336 4775 αῦτα
1354 4724 1448 4775 καί
1467 4725 1629 4794 μέχρι
1648 4727 1743 4795 τῆς
1759 4727 1873 4780 Mu-

272 4814 276 4819 ’
309 4815 439 4881 pter:
465 4817 522 4866 ἐν
541 4814 736 4884 βραχεῖ
758 4812 948 4881 φθάνει
982 4817 1206 4883 πτηνοῖς
1229 4811 1418 4884 ῶσπερ
1456 4815 1727 4879 διακόνοις
1762 4819 1871 4880 τοῖς

305 4906 548 4973 ἐρασταῖς
568 4910 663 4976 τῆς
683 4906 937 4968 ἀσεϐείας
961 4906 1239 4974 χρώμενα.
1271 4906 1330 4959 Ὅ
1350 4905 1489 4968 θεῖος
1516 4906 1694 4961 τοίνυν
1710 4908 1873 4962 Νικό-

305 4997 447 5065 λαος,
478 5000 669 5067 ἐπειδὴ
692 4998 855 5061 πολὺς
887 4993 954 5070 ἦν
977 5001 1035 5051 ὲν
1071 5000 1210 5068 αὐτῇ
1234 5002 1302 5052 τά
1334 4999 1671 5070 Χριστιανῶν
1695 5018 1868 5073 πρεσ-

306 5090 467 5144 ϐεύων
492 5094 584 5145 καὶ
607 5090 707 5161 τὴν
733 5092 1016 5145 εὐσέϐειαν
1045 5091 1306 5164 ἐλευθέρᾳ
1332 5093 1553 5165 γλώσσῃ
1577 5092 1872 5166 διακηρύτ-

303 5201 423 5248 των,
450 5187 539 5241 καὶ
565 5184 643 5255 τῷ
665 5184 972 5255 εὐαγγελίῳ
996 5184 1156 5237 τοῦτο
1177 5186 1492 5254 περιφανῶς
1522 5183 1863 5252 ἐγκαλλωπί-

306 5273 549 5343 ζόμενος,
575 5275 1025 5346 συλλαμϐάνεται
1053 5275 1159 5328 ὑπὸ
1193 5275 1302 5328 τῶν
1325 5277 1395 5329 τά
1420 5275 1610 5347 πρῶτα
1663 5277 1861 5347 φερόν-

305 5383 404 5418 των
434 5368 585 5439 παρὰ
626 5370 697 5439 τῇ
747 5367 927 5430 πόλει,
963 5366 1063 5419 καὶ
1095 5362 1273 5436 δεσμὰ
1315 5368 1411 5421 καὶ
1452 5368 1721 5437 στρέϐλας
1762 5370 1864 5423 καὶ

310 5458 499 5526 μερίαν
561 5459 733 5527 ἀλλην
785 5458 1019 5527 βάσανον
1067 5458 1539 5529 καταψηφισθεὶς,
1590 5457 1710 5515 εἶτα
1766 5463 1860 5515 καὶ

304 5551 505 5621 σῦλαικῇ
548 5551 690 5621 μετά
718 5548 932 5603 πολλῶν
959 5551 1054 5603 καὶ
1100 5549 1277 5603 ἄλλων
1308 5552 1653 5622 Χριστιανῶν
1682 5569 1863 5624 παρῶ

303 5640 512 5708 δίδοται,
552 5645 614 5696 ἐν
664 5636 745 5705 οἷς
791 5643 884 5693 καὶ
932 5641 1174 5711 διέμεινε
1220 5641 1411 5711 χρόνον
1445 5640 1506 5695 οῦ
1533 5660 1586 5696 τι
1638 5646 1856 5713 μικρὸν,

1983 3280 2109 3320 cum
2145 3266 2316 3329 clero,
2349 3280 2472 3319 cum
2495 3265 2762 3335 quidquid
2792 3267 2999 3335 justum
3019 3278 3105 3321 est
3133 3276 3190 3322 et
3218 3266 3276 3322 ﬁt
3305 3268 3375 3323 de
3399 3284 3553 3325 more

1982 3358 2037 3413 in
2071 3372 2138 3412 eo
2190 3358 2341 3427 prius
2371 3356 2790 3426 disiiosuissent,
2839 3372 2969 3412 eum
3018 3359 3369 3427 pontiﬁcatus
3398 3361 3550 3416 ebri-

1981 3457 2152 3504 smate
2187 3448 2424 3512 initiant,
2463 3457 2815 3505 cunctantem
2851 3448 3073 3518 quidem
3113 3457 3171 3505 et
3206 3450 3549 3507 dubitantem

1979 3539 2261 3608 suscipere
2288 3555 2488 3594 munus
2516 3540 2844 3611 pontiﬁcale,
2875 3553 3100 3610 propter
3122 3558 3249 3599 vere
3270 3544 3549 3599 laudatam

1980 3639 2167 3682 autem
2230 3628 2580 3684 timiditatem
2633 3630 2722 3683 vix
2776 3630 2846 3684 ad
2902 3645 3091 3686 secum
3162 3634 3551 3689 ascendentem

1979 3720 2370 3789 epis‘copalem,
2394 3728 2448 3777 et
2472 3718 2804 3790 Myrensium
2832 3720 3225 3791 suscipientem
3255 3722 3548 3793 pnel‘ectw

1982 3825 2096 3864 ram
2123 3820 2178 3863 et
2202 3811 2627 3881 prmsidentram,
2664 3821 2814 3866 recte
2847 3820 3171 3869 tractantem
3202 3815 3427 3873 verbum
3455 3831 3549 3871 ve-

1978 3898 2177 3965 ritatis,
2209 3911 2264 3955 et
2309 3901 2527 3969 pietatis
2575 3912 2723 3957 recta
2758 3910 3034 3958 tenentem
3084 3905 3336 3974 dogmata
3381 3915 3437 3960 et
3481 3922 3549 3962 ea

1976 3992 2285 4045 docentem.
2325 3991 2381 4044 ln
2416 3992 2528 4046 haec
2555 4003 2738 4045 autem
2782 3983 3055 4063 malignus
3083 3994 3328 4048 invidum
3359 3995 3548 4067 injecit

1976 4081 2243 4136 oculum:
2281 4080 2359 4135 sic
2420 4080 2705 4136 ﬂorentem
2755 4097 2864 4136 non
2908 4084 3122 4139 ferebat
3155 4085 3415 4154 pietatem
3448 4086 3545 4142 sed

1976 4172 2118 4225 acris
2165 4171 2568 4241 vehemensque
2606 4187 2702 4226 eos
2734 4173 2960 4228 subiens
3008 4173 3102 4245 qui
3148 4189 3332 4229 rerum
3365 4177 3547 4244 potie-

1975 4262 2199 4326 bantur,
2256 4263 2436 4319 statim
2470 4263 2810 4318 acerbiorem
2845 4265 3030 4320 ell‘ecit
3075 4266 3544 4334 persecutionem.

1974 4363 2027 4408 et
2054 4355 2232 4409 edicta
2268 4365 2536 4411 venerunt
2583 4355 2938 4425 imperatoria
2985 4371 3084 4426 per
3115 4357 3428 4412 universum
3454 4374 3551 4415 or-

1975 4447 2101 4503 bem
2120 4457 2276 4503 terrae
2302 4448 2369 4502 ad
2384 4449 2688 4518 negantiam
2712 4450 2972 4519 pietatem
3004 4450 3198 4506 fideles
3224 4455 3544 4522 evocantia;

1973 4542 2058 4597 sin
2108 4542 2292 4596 minus
2325 4541 2565 4609 vincula,
2601 4550 2657 4595 et
2681 4557 2951 4609 carceres,
2995 4550 3051 4598 et
3082 4545 3403 4615 gravissima
3434 4556 3557 4601 ιον-ο

1971 4641 2173 4699 menta,
2206 4641 2264 4687 et
2297 4644 2575 4703 postremo
2619 4634 2874 4689 violenta:
2903 4646 3131 4701 mortes,
3164 4651 3260 4693 eos
3310 4640 3545 4709 accipie-

1971 4725 2102 4780 bant
2148 4725 2400 4794 protinus
2424 4725 2519 4795 qui
2568 4740 2680 4781 non
2727 4726 3202 4795 obtemperabant.
3248 4728 3327 4783 Ea
3386 4729 3543 4786 brevi

1973 4816 2305 4889 perveniunt
2349 4832 2521 4886 usque
2565 4817 2636 4872 ad
2685 4817 2964 4873 civitatem
3001 4818 3355 4891 Myrensiutn,
3384 4820 3560 4874 vola--

1972 4908 2161 4964 cribus
2217 4909 2427 4963 utentia
2484 4908 2776 4972 ministris,
2842 4909 3182 4967 ferventibus
3242 4908 3561 4980 impietatis-

1974 4999 2336 5057 amatoribus.
2375 4999 2603 5056 Divinus
2631 5015 2764 5071 ergo
2786 5000 3066 5065 Nicolaus,
3088 5002 3347 5071 quoniam
3389 5001 3445 5055 in
3475 5015 3541 5057 ea

1971 5102 2091 5148 erat
2139 5107 2393 5164 magnus,
2430 5107 2521 5148 res
2553 5092 2856 5149 defendens
2886 5102 2946 5148 et
2981 5093 3169 5148 colens
3196 5090 3543 5148 Christiano-v

1974 5198 2116 5251 rum,
2147 5194 2205 5238 et
2247 5185 2507 5254 pietatem
2552 5184 2730 5240 libera
2763 5199 2894 5240 voce
2926 5182 3254 5250 praedicans,
3282 5197 3563 5253 compre~-

1968 5276 2231 5333 ltenditur
2260 5277 2331 5333 ab
2358 5278 2429 5334 iis
2459 5279 2552 5349 qui
2577 5279 2781 5347 primas
2803 5286 2990 5346 partes
3020 5276 3279 5331 tenebant
3312 5276 3366 5333 in
3402 5276 3539 5331 civi-

1977 5380 2125 5426 tate:
2161 5379 2220 5426 et
2246 5370 2645 5425 condemnatus
2690 5378 2748 5424 ut
2798 5368 2854 5422 in
2889 5367 3104 5423 vincula
3153 5367 3540 5437 conﬁceretur,

1971 5471 2027 5517 et
2082 5462 2231 5518 omni
2289 5461 2683 5531 suppliciorum
2733 5474 2932 5530 genere
2992 5468 3364 5528 torqueretur,
3411 5474 3539 5515 eum
3589 5487 3595 5493 ι

1974 5554 2158 5609 multis
2187 5552 2314 5611 aliis
2342 5550 2668 5607 Christianis
2710 5550 2945 5605 traditur
2995 5550 3053 5606 in
3099 5550 3441 5605 custodiam:
3480 5550 3563 5606 in.

1968 5659 2075 5714 qua
2102 5645 2266 5700 etiam
2299 5644 2499 5708 mansit
2527 5658 2636 5697 non
2665 5658 2835 5714 parvo
2858 5653 3125 5715 tempore,
3152 5644 3303 5701 nulla
3333 5658 3392 5699 re
3417 5659 3541 5716 qut-

379 5820 557 5911 (ILDe
609 5823 908 5883 saevissima
958 5827 1241 5886 Liciniana
1276 5827 1660 5919 persecutione
1709 5825 1860 5898 loqui
1900 5835 2178 5885 auctorem
2202 5826 2412 5901 probat
2438 5827 2709 5905 Baronius
2740 5824 2809 5883 ad
2848 5842 2937 5884 an.
2967 5825 3092 5894 316,
3120 5842 3175 5882 n.
3202 5825 3292 5882 56.
