4072 6390
459 323 567 386 335

1700 314 1990 376 MENSIS
2030 286 2486 375 DECEMBER.

3619 306 3723 371 3'36

446 436 586 492 «lem
642 447 764 503 qua:
805 429 947 484 bona
980 436 1128 483 esset
1158 425 1370 487 fruens,
1400 423 1542 479 mala
1580 432 1764 478 autem
1808 422 2051 478 carceris

2153 419 2393 492 χρηστοῦ
2430 419 2531 489 μὲν
2582 419 2800 483 οὐδενὸς
2847 418 3119 490 μετέχων,
3164 417 3274 471 τῶν
3316 418 3380 472 ἐκ
3423 416 3522 488 τῆς
3554 418 3730 487 φυλαο

449 532 645 585 -ίοι-οιιε
676 533 783 579 tam
832 521 961 576 forti
987 529 1043 575 et
1071 532 1340 590 generoso
1363 519 1568 581 animo,
1595 531 1758 586 quam
1779 516 1904 587 quis
1932 515 2045 570 fer-

459 631 547 679 ret
581 636 645 675 ea
676 634 799 688 quae
829 625 1015 672 essent
1061 622 1213 682 grata
1251 621 1309 669 et
1351 611 1619 684 jucunda.
1666 610 1775 666 Sed
1822 624 1923 665 nec
1966 608 2046 663 sic

455 712 679 781 quidem
710 708 1116 765 intermittebat
1141 719 1274 762 suos
1297 705 1352 759 in
1378 705 1484 760 ﬁde
1507 704 1695 759 alere:
1725 702 1780 757 in
1808 702 1964 756 ﬁrmo
1989 710 2047 756 et

456 804 692 858 infracto
721 801 1078 856 fundamento
1120 797 1292 868 pedes
1320 796 1541 852 illorum
1568 805 1837 859 statuens,
1867 802 1925 849 et
1948 807 2044 849 eos

457 894 695 949 reddens
716 892 1020 948 vividiores
1046 898 1105 944 et
1132 888 1375 943 acriores
1409 888 1795 957 pro-veritate.

2144 516 2247 584 κῆς
2272 513 2331 568 δὲ
2359 513 2623 583 λυπηρῶν
2643 512 2994 581 ἀνεχόμενος,
3034 509 3179 563 οὕτω
3216 510 3506 578 γενναίως,
3536 508 3727 579 ὥσπερ

2144 602 2210 656 ἀν
2234 620 2317 667 τις
2346 602 2547 672 μᾶλλον
2568 602 2739 673 ἡδέων
2769 600 3159 671 κατατρυφῶν.
3201 600 3347 671 Πλὴν
3388 600 3509 653 οὐδὲ
3554 599 3729 663 οὕτως

2142 697 2283 749 ἀνίει
2316 696 2345 748 ό
2385 698 2453 750 τὰ
2498 698 2678 750 πάντα
2722 696 2995 763 γενναῖος,
3035 695 3152 747 ἀλλ’
3180 692 3372 764 ὥσπερ
3400 691 3525 746 τινὰ
3553 692 3725 763 νεαρᾶ

2142 790 2285 858 φυτά
2309 789 2435 849 τοὺς
2457 788 2548 841 ὑπ’
2576 785 2727 856 αὐτῷ
2751 786 2959 849 πάντας
2985 786 3221 854 νάμασιν
3241 784 3525 845 εὐσεδείας
3555 783 3730 853 ἐπάρ-

2141 882 2250 935 δων
2282 878 2373 953 ἦν,
2406 883 2467 933 ἐν
2497 882 2737 953 ἀρραγεῖ
2775 896 2837 932 τε
2891 876 3129 948 θεμελίῳ
3156 876 3282 941 τοὺς
3308 876 3536 930 ἐκείνων
3560 876 3730 939 πόδας

454 989 648 1053 ίστῶν,
699 987 797 1043 καὶ
836 984 1220 1056 γενναιοτέρου
1265 983 1366 1054 μὲν
1413 980 1709 1054 ἐμπιπλῶν
1769 979 2114 1051 όρμήματος,
2184 976 2517 1048 ἀξιομάχους
2555 976 2614 1031 δέ
2675 971 3017 1046 στρατιώτας
3079 972 3178 1042 τῆς
3218 970 3478 1042 ἀληθείας
3533 969 3729 1036 αὐτοὺς

456 1079 851 1150 παρεχόμενος.

526 1172 671 1231 XIV.
712 1172 822 1228 Sed
864 1171 1056 1227 statim
1148 1170 1228 1226 sol
1272 1181 1498 1243 apparet
1533 1177 1656 1241 post
1699 1167 1948 1225 nubem:
1990 1177 2046 1222 et

455 1269 602 1325 levis
629 1277 686 1323 et
718 1266 906 1322 suavis
930 1264 1185 1335 quietiam
1214 1279 1348 1319 aura
1389 1272 1511 1334 post
1542 1262 1857 1333 procellam,
1888 1259 2045 1315 beni-

456 1373 707 1430 gnusque
769 1366 826 1412 et
871 1356 1113 1411 clemens
1164 1369 1321 1410 meus
1373 1353 1629 1410 Christus
1691 1353 1931 1422 desuper
1973 1351 2040 1405 ad

460 1466 621 1505 suam
654 1450 876 1505 intuens
908 1448 1308 1511 haereditatem,
1338 1445 1575 1503 destruit
1608 1445 1828 1516 quidem
1857 1442 2042 1498 omnia

461 1541 761 1613 impietatis
806 1547 1044 1610 sceptra,
1070 1539 1318 1610 tollitque
1335 1538 1403 1594 de
1426 1537 1628 1603 medio,
1658 1536 2044 1601 Diocletianos,

468 1635 716 1702 inquam,
767 1636 825 1686 et
867 1629 1229 1686 Maximianos
1274 1638 1330 1685 et
1360 1629 1680 1700 quicunque
1724 1627 1879 1683 fuere
1925 1633 2049 1696 post

461 1741 559 1781 eos
580 1724 828 1797 gentiles,
863 1723 1024 1794 erigit
1053 1731 1236 1778 autem
1272 1737 1443 1777 cornu
1471 1720 1664 1776 salutis
1685 1719 1889 1790 populo
1922 1732 2046 1783 suo,

2226 1159 2327 1217 lA'.
2373 1158 2518 1216 Ἀλλ’
2545 1157 2711 1220 εὐθὺς
2736 1155 2892 1229 ηλιος
2928 1153 3067 1226 μετὰ
3106 1153 3292 1223 νέφος,
3328 1153 3427 1208 καὶ
3472 1150 3615 1220 ἠπία
3643 1167 3729 1214 τις

2152 1251 2299 1328 αὖρα
2340 1252 2481 1325 μετά
2512 1251 2611 1321 τὴν
2637 1248 2930 1317 καταιγίδα
2957 1246 3053 1301 καὶ
3075 1246 3484 1317 φιλάνθρωπον,
3530 1246 3560 1298 ὁ
3598 1244 3729 1314 ἐμὸς

2150 1346 2388 1416 Χριστὸς
2419 1343 2629 1398 ἀνωθεν
2680 1342 2820 1408 πρὸς
2853 1341 2948 1393 τὸν
2998 1338 3165 1392 αὐτοῦ
3216 1337 3347 1390 λαὸν
3404 1335 3727 1404 ἐπιϐλέψας,

2151 1443 2410 1511 καθαιρεῖ
2437 1438 2538 1509 μὲν
2579 1435 2840 1498 ἀσεϐείας
2869 1433 3091 1489 ἅπαντα
3128 1433 3414 1503 σκῆπτρα,
3445 1430 3542 1483 καὶ
3589 1429 3728 1499 μετά

2149 1532 2259 1585 τῶν
2295 1530 2467 1601 φίλων
2502 1528 2687 1590 αὐτοῖς
2719 1525 2998 1597 δαιμόνων
3040 1523 3307 1595 οἰμώζειν
3357 1526 3508 1577 ποιεί
3549 1539 3566 1554 ·
3609 1526 3730 1577 Διοσ

2150 1621 2432 1694 κλητιανοὶ
2461 1619 2639 1675 ταῦτα
2671 1619 2769 1673 καὶ
2808 1616 3174 1687 Μαξιμιανοὶ,
3208 1617 3304 1671 καὶ
3325 1618 3441 1670 ὅσοι
3474 1615 3598 1685 μετ’
3634 1615 3731 1669 αὐ-

2146 1716 2276 1778 τοῦς
2298 1712 2394 1767 τοῦ
2426 1709 2758 1782 ἐλληνισμοῦ
2811 1709 3297 1779 προειστήκεισαν.
3362 1707 3729 1777 Ἀνίστησιδέ

466 1828 523 1871 et
550 1817 724 1887 ﬁgura
761 1815 946 1870 crucis
979 1830 1078 1884 per
1116 1814 1304 1869 stellas
1336 1823 1633 1884 apparente
1657 1810 1970 1867 Constantis
1992 1819 2048 1863 et

2153 1803 2321 1875 κέρας
2354 1802 2633 1874 σωτηρίας
2659 1800 2740 1871 τῷ
2764 1799 2880 1870 λαῷ
2908 1797 3097 1862 αὑτοῦ,
3143 1800 3239 1853 καὶ
3283 1798 3444 1871 τύπῳ
3486 1798 3726 1870 σταυροῦ

465 1878 684 1963 Helena
730 1906 905 1962 (ilium
954 1878 1388 1961 Constantinum
1412 1878 1643 1969 ‘evocat,
1697 1902 1836 1959 etei
1888 1900 2049 1956 tradit

2153 1895 2216 1948 δι’
2246 1893 2497 1964 ἀστέρων
2523 1891 2618 1946 τὸν
2652 1891 3017 1953 Κώνσταντος
3041 1888 3138 1942 καὶ
3178 1888 3403 1961 Ἑλένης
3432 1890 3728 1943 Κωνσταν-

466 2008 748 2070 sceptrum
778 1999 1179 2053 Romanorum.
1221 1999 1272 2053 Is
1303 2012 1436 2055 vero
1473 2012 1598 2052 cum
1627 2006 1777 2052 esset
1806 1996 2045 2067 sapiens,

462 2102 518 2145 et
539 2106 666 2145 eum
693 2089 791 2160 qui
824 2098 1074 2145 vocasset
1098 2103 1206 2144 non
1233 2090 1555 2160 ignorasset,
1598 2088 1653 2143 in
1679 2103 1745 2144 eo
1789 2086 2047 2143 conlidit:

464 2192 523 2237 et
544 2182 782 2253 dejectis
815 2180 1075 2237 omnibus
1109 2180 1474 2246 adversariis,
1513 2179 1781 2236 acerrime
1805 2177 2052 2233 defendit

465 2273 727 2344 pietatem
759 2291 772 2329 :
806 2281 863 2327 et
899 2272 966 2327 iis
1001 2272 1093 2342 qui
1151 2274 1308 2343 prius
1356 2271 1576 2326 fuerant
1627 2269 2052 2341 imperatoribus

462 2366 667 2422 cecinit
715 2364 1067 2434 palinodiam,
1111 2366 1316 2436 jubens
1378 2366 1603 2436 quidem
1653 2364 1803 2419 dirui
1849 2363 2048 2433 templa

464 2458 908 2523 simulacrorum,
941 2458 1080 2512 solvi
1115 2468 1298 2513 autem
1348 2473 1379 2513 e
1433 2456 1758 2514 carceribus
1804 2471 1901 2511 eos
1953 2456 2047 2525 qni

463 2547 683 2603 inerant
714 2549 914 2603 inclusi
949 2558 1175 2619 prapter
1204 2564 1405 2606 nomen
1438 2549 1666 2615 Christi,
1699 2558 1757 2604 et
1781 2548 2043 2604 :edilicari

467 2641 672 2711 templa
703 2640 1172 2709 Christianorum,
1211 2651 1265 2698 et
1317 2643 1583 2699 ecclesias
1607 2657 1766 2698 suum
1794 2650 2047 2696 ornatum

468 2728 875 2802 suseipcreﬁ).
902 2731 1044 2787 Cum
1073 2733 1178 2788 hoc
1207 2749 1340 2803 ergo
1373 2734 1658 2790 decretum
1682 2749 1901 2789 omnem
1933 2734 2051 2805 cjus

464 2822 702 2893 imperio
749 2822 1053 2892 subjectam
1087 2825 1601 2896 comprehendisset
1650 2825 1950 2895 regionem,
1994 2825 2050 2879 in

463 2929 618 2971 suam
652 2918 887 2986 patriam
916 2919 1348 2974 revertebantur
1379 2932 1573 2974 omnes
1594 2916 1800 2972 Christi
1829 2919 2050 2973 confes--

464 3023 640 3064 sores.
692 3008 864 3066 Suum
912 3012 1099 3083 itaque
1151 3010 1468 3081 pontiﬁcem
1514 3010 1803 3066 Nicolaum
1854 3010 2050 3065 civitas

469 3101 716 3172 suscepit
745 3101 1104 3174 Myrensium,
1134 3102 1391 3157 instituto
1419 3100 1643 3172 quidem
1677 3116 1741 3157 ac
1768 3100 2053 3156 voluntate

2149 1988 2297 2040 τῖνον
2327 1985 2739 2056 μετακαλεῖται,
2772 1983 2870 2037 καὶ
2910 1982 2973 2036 τὸ
3040 1980 3341 2051 Ῥωμαίων
3393 1979 3547 2052 αὐτῷ
3590 1983 3729 2051 σκῆ-

2150 2093 2323 2149 πτρον
2350 2076 2677 2147 ἐγχειρίζει.
2727 2076 2790 2129 '0
2817 2076 2874 2129 δέ
2905 2074 3129 2137 συνετὸς
3157 2074 3256 2138 ὢν,
3305 2073 3403 2128 καὶ
3434 2075 3529 2128 τὶν
3560 2073 3725 2127 καλέ-

2152 2186 2326 2224 σαντα
2355 2168 2504 2232 δστις
2537 2170 2624 2239 εἴη
2662 2169 2739 2240 μὴ
2778 2168 3052 2237 ἀγνοήσας
3100 2166 3251 2235 αὐτῷ
3300 2181 3363 2218 τε
3425 2164 3726 2235 ἐθάρσησε,

2152 2263 2249 2315 καὶ
2305 2261 2400 2315 ὑπ’
2438 2261 2653 2315 ἐκείνου
2705 2260 3082 2330 φραττόμενός
3119 2276 3179 2311 τε
3214 2257 3312 2313 καὶ
3360 2255 3591 2328 δύναμιν
3628 2262 3729 2330 ἑμ-

2151 2355 2476 2424 πνεόμενος,
2521 2354 2584 2408 οὐ
2629 2354 2737 2424 μὴν
2776 2352 2916 2406 ἀλλά
2959 2352 3058 2405 καὶ
3101 2350 3201 2414 τὰς
3253 2353 3446 2422 χεῖρας
3495 2351 3595 2422 μὲν
3647 2353 3731 2414 εἰς

2151 2445 2484 2515 παράταξιν,
2527 2446 2655 2509 τοὺς
2696 2444 3012 2507 δακτύλους
3067 2444 3124 2498 δὲ
3156 2444 3237 2507 εἰς
3299 2444 3543 2514 πόλεμον
3588 2444 3733 2497 διδα-

2152 2539 2446 2609 σκόμενος,
2496 2537 2762 2608 τρόπαιον
2810 2537 2953 2591 κατά
2994 2537 3095 2607 τῆς
3152 2536 3379 2607 πλάνης
3426 2537 3732 2608 περιφανὲς

2152 2630 2384 2702 ἔστησεν
2415 2646 2430 2663 ο
2464 2631 2555 2684 ὅτε
2586 2631 2682 2684 καὶ
2710 2629 3084 2701 ὑπερηφάνων
3116 2628 3215 2699 μὲν
3237 2628 3511 2700 ὀφθαλμοὶ
3569 2646 3730 2682 τετα-

2153 2721 2422 2777 πείνωντο
2448 2762 2464 2790 ,
2521 2721 2866 2794 καθῃροῦντο
2919 2722 2977 2776 δὲ
3041 2722 3279 2776 εἰδώλων
3327 2724 3469 2787 ναοὶ,
3520 2722 3733 2776 ἀνίεντο

2148 2817 2205 2871 δὲ
2236 2816 2347 2869 τῶν
2374 2815 2635 2884 φυλακῶν
2671 2817 2722 2868 οἰ
2756 2814 2849 2868 διὰ
2886 2813 3125 2886 Χριστὸν
3155 2814 3378 2886 δέσμιοι
3409 2830 3424 2845 ·
3459 2815 3733 2882 ἀνῳκοδο-

2152 2911 2309 2981 μεῖτο
2341 2908 2398 2963 δέ
2421 2909 2491 2963 τά
2526 2906 2877 2978 Χριστιανῶν
2908 2908 3140 2979 τεμένη,
3168 2907 3265 2961 καὶ
3294 2908 3415 2971 ταῖς
3454 2907 3550 2960 τοῦ
3591 2906 3731 2961 Θεοῦ

2150 2998 2478 3071 ἐκκλησίαις
2544 3000 2573 3053 δ
2616 2997 2910 3071 προλαϐὼν
2954 3000 3155 3053 ἐδίδοτο
3201 2999 3426 3070 κόσμος.
3476 2999 3729 3053 Τοιούτου

2149 3091 2448 3163 τοιγαροῦν
2494 3091 2767 3160 δόγματος
2810 3092 2912 3161 τὴν
2939 3091 3053 3145 ὑπὸ
3100 3093 3264 3163 χεῖρα
3310 3093 3495 3145 πᾶσαν
3548 3091 3737 3145 διαλα-

468 3201 763 3265 martyrem
786 3201 844 3249 et
867 3194 1215 3249 incruentum
1240 3192 1526 3248 victorem.
1548 3192 1643 3249 ille
1669 3200 1851 3249 autem
1882 3209 1913 3247 a
1937 3192 2049 3248 Deo

2153 3183 2365 3249 σόντος,
2401 3185 2496 3271 ἐπὶ
2536 3185 2639 3247 τὰς
2684 3183 2898 3238 ἑαυτῶν
2945 3184 3221 3255 πατρίδας
3266 3184 3315 3236 ci
3359 3184 3453 3236 τοῦ
3492 3184 3731 3254 Χριστοῦ

466 3282 611 3337 datis
638 3282 787 3337 omni
817 3297 884 3337 ex
928 3292 1083 3350 parte
1133 3282 1337 3338 ﬂorens
1370 3282 1554 3349 donis,
1592 3290 1649 3338 et
1679 3283 1901 3338 morbos
1930 3298 2050 3337 om-

471 3388 573 3428 nes
603 3374 854 3440 curabat,
886 3383 943 3429 et
980 3376 1085 3430 fuit
1112 3376 1266 3431 brevi
1294 3376 1477 3430 clarus
1507 3380 1563 3428 et
1609 3373 1907 3445 gloriosus,
1939 3387 2051 3428 non

467 3464 649 3518 solum
676 3465 826 3534 apud
854 3466 1063 3536 ﬁdeles,
1092 3467 1187 3523 sed
1233 3467 1399 3523 etiam
1429 3468 1573 3539 apud
1619 3466 1824 3521 multos
1858 3465 2053 3521 inlitte-

469 3556 571 3620 les,
602 3563 660 3612 et
700 3556 1009 3613 habebatur
1053 3558 1109 3613 in
1141 3559 1388 3615 omnium
1419 3559 1620 3615 animis
1648 3560 1702 3613 in
1735 3558 1928 3629 majori
1957 3557 2054 3612 ad-

472 3645 764 3703 miratione
787 3665 954 3720 quam
992 3664 1116 3720 quae
1139 3651 1313 3721 possit
1336 3651 1518 3707 verbis
1547 3650 1805 3721 exprimi.
1837 3650 1905 3704 Et
1927 3650 2051 3705 itleo

469 3755 595 3795 cum
626 3741 843 3798 videret
879 3746 1062 3803 adhuc
1095 3754 1306 3801 restare
1339 3747 1538 3801 multas
1568 3761 1692 3802 aras
1724 3743 2055 3801 simulacro-

473 3850 621 3900 rum,
653 3845 709 3892 et
737 3853 986 3910 magnam
1032 3839 1340 3894 daemonum
1374 3848 1650 3895 catervam
1696 3839 1752 3893 in
1782 3839 1864 3894 eis
1891 3838 2051 3893 habi-

473 3936 613 3990 tare,
652 3936 719 3982 et-
744 3942 853 3983 non
885 3944 1089 3999 paucos
1115 3931 1350 4001 perdere
1380 3946 1447 3985 ex
1476 3923 1837 4002 MyrenSibus,
1858 3929 2053 3985 divino

471 4018 589 4072 zelo
629 4021 814 4075 animo
840 4020 1100 4077 incensus
1123 4022 1369 4093 exsurgit
1394 4021 1712 4089 fortissime,
1743 4030 1800 4077 et
1834 4037 2052 4078 omnem

472 4110 696 4166 illorum
748 4113 944 4170 obiens
994 4116 1294 4186 regionem,
1325 4116 1370 4171 si
1406 4115 1460 4170 in
1492 4115 1730 4186 aliquam
1772 4130 1921 4170 aram
1955 4115 2055 4170 ali-

474 4202 696 4269 quando
722 4204 1028 4271 incidisset,
1072 4206 1222 4261 humi
1255 4205 1573 4277 dejiciebat.
1599 4217 1655 4262 et
1686 4207 1740 4260 in
1773 4207 2052 4278 pulverem

475 4293 928 4351 comminuebat:
960 4306 1017 4352 et
1051 4297 1130 4352 sic
1195 4298 1388 4368 procul
1432 4297 1712 4369 expellens
1744 4297 2052 4353 daemonum

477 4379 912 4452 multitudinem,
941 4384 1130 4440 eﬂ‘ecit
1161 4396 1220 4441 ut
1250 4401 1380 4457 grex
1411 4400 1549 4459 pace
1577 4386 1869 4457 tranquilla
1905 4386 2054 4441 fruc-

474 4482 651 4527 retur.

476 4563 645 4631 σθεὶς,

2154 3259 2465 3346 κατήγοντο
2483 3275 2741 3340 ἕκαστος.
2773 3276 2873 3329 Διά
2906 3274 3080 3328 ταῦτα
3112 3277 3209 3329 καί
3245 3274 3340 3328 τὸν
3389 3276 3595 3329 οἰκεῖον
3634 3278 3735 3347 ἀρ-

2153 3370 2344 3441 χιερέα
2374 3369 2651 3424 Νικόλαον
2673 3371 2708 3440 ἠ
2741 3371 3001 3442 Μυρέων,
3045 3370 3307 3442 μάρτυρά
3337 3386 3401 3438 γε
3430 3373 3498 3441 τῇ
3542 3386 3737 3442 προαι-

2157 3463 2330 3534 ρέσει,
2387 3464 2484 3516 καὶ
2544 3463 2888 3534 ἀναίμακτον
2949 3462 3311 3535 ἀπελάμὸανε
3375 3464 3731 3534 στεφανίτην.

2168 3554 2229 3609 Ὀ
2254 3555 2313 3608 δέ
2345 3555 2653 3627 χαρίσμασι
2677 3555 3045 3628 θεοδωρητοις
3094 3555 3411 3626 κατὰκομος
3445 3553 3541 3621 ὢν,
3583 3554 3732 3628 πάθη

2155 3665 2216 3701 τε
2265 3648 2444 3702 πάντα
2498 3648 2645 3716 ἰᾶτο,
2707 3648 2803 3702 καί
2852 3647 3140 3719 περίδοξος
3191 3648 3253 3702 οὐ
3289 3650 3503 3711 πιστοῖς
3531 3648 3733 3719 μόνον,

2156 3738 2296 3794 ἀλλὰ
2324 3739 2544 3803 πολλοῖς
2576 3740 2636 3792 ἐν
2668 3738 2865 3810 βραχεῖ
2896 3740 2993 3793 καί
3037 3739 3149 3794 τῶν
3193 3738 3448 3795 ἀπίστων
3492 3739 3731 3808 ἐγένετο.

2157 3833 2269 3887 Καὶ
2303 3830 2490 3903 θαῦμα
2523 3834 2581 3886 ἐν
2607 3835 2727 3896 ταῖς
2765 3833 3027 3887 ἁπάντων
3088 3833 3271 3886 ἔκειτο
3305 3833 3526 3904 ψυχαῖς,
3573 3832 3735 3903 λόγου

2157 3926 2359 3989 παντὸς
2393 3926 2751 3998 ὑψηλότερον,
2792 3927 2971 4002 ταύτῃ
2997 3944 3081 3981 τοι
3130 3928 3226 3980 καὶ
3262 3927 3373 3982 τῶν
3421 3927 3719 3982 εἰδωλικὼν

2155 4015 2373 4080 πολλοῖς
2402 4018 2483 4080 είς
2503 4016 2584 4069 ἔτι
2608 4016 2808 4088 βωμῶν
2821 4018 3014 4087 συχνόν
3043 4034 3094 4071 τι
3112 4017 3276 4087 φῦλον
3302 4017 3598 4087 δαιμόνιον,
3614 4019 3736 4070 ἐπι-

2155 4107 2428 4181 χωριάζον
2443 4111 2601 4163 οἱονεὶ
2618 4109 2871 4177 λείψανον
2893 4109 3166 4177 ἀσεϐείας,
3194 4110 3295 4164 οὐκ
3317 4109 3519 4179 ὀλίγοις
3544 4126 3606 4163 τε
3625 4111 3737 4162 τῶν

2157 4201 2394 4272 Μυρέων
2438 4199 2698 4265 ἀπολείας
2749 4202 2923 4256 αἴτιον
2966 4202 3393 4273 καθιστάμενον,
3437 4202 3588 4274 ζήλῳ
3637 4204 3735 4273 μὲν

2158 4292 2289 4366 θείῳ
2319 4293 2588 4370 πίπραται
2611 4294 2710 4366 τὴν
2724 4294 2926 4365 ψυχήν.
2958 4292 3361 4364 Ἀνδρικώτατα
3379 4291 3437 4346 δέ
3465 4292 3739 4346 διανίστα-

2157 4402 2246 4438 ται
2270 4386 2366 4437 καὶ
2393 4387 2493 4459 τὴν
2513 4384 2738 4439 ἐκείνων
2761 4388 2943 4440 πᾶσαν
2964 4384 3288 4455 περιελθὼν,
3306 4377 3350 4454 ᾧ
3367 4384 3433 4438 ἂν
3449 4382 3617 4457 βωμῷ
3643 4401 3737 4436 πε·-

2160 4477 2388 4548 ριτύχοι,
2408 4475 2597 4550 ὥσπερ
2619 4494 2702 4543 τις
2720 4478 2977 4552 ἀριστεὺς
2999 4479 3139 4533 κατά
3164 4477 3432 4547 δαιμόνων
3453 4493 3738 4550 προχειρ.-

702 4569 784 4629 είς
828 4567 1026 4637 ἐδαερός
1080 4587 1140 4623 τε
1188 4571 1444 4625 κατέσπα
1473 4573 1568 4626 καί
1599 4574 1680 4637 εἰς
1714 4574 1865 4629 κόνιν
1890 4574 2090 4641 αὐτοὺς
2124 4572 2385 4625 ἐλὲπτυνι
2446 4569 2656 4643 σφόδρα
2692 4571 3052 4639 πεποιθόιως,
3096 4571 3194 4628 καὶ
3259 4571 3435 4637 οὕτως
3490 4572 3737 4625 ἐκποδὼν

477 4656 582 4727 τὴν
604 4655 711 4709 τῶν
741 4660 993 4728 πονηρῶν
1031 4660 1578 4731 πνευμάτωνπληθῦν
1605 4663 1954 4735 ποιούμενος,
1980 4665 2232 4737 καθαρᾶς
2257 4662 2556 4715 ἀπολαϐεῖν
2583 4660 2828 4733 γαλήνης
2866 4667 2933 4735 τῇ
2974 4663 3181 4738 ποίμνῃ
3219 4666 3470 4736 παρεῖχε.

546 4747 660 4804 κν.
698 4748 836 4803 Cum
885 4750 966 4804 sic
1009 4750 1210 4806 bellum
1252 4761 1467 4822 gereret
1519 4762 1741 4809 sanctus
1788 4754 2051 4812 adversus

2170 4758 2176 4763 ’
2228 4754 2330 4811 IE'.
2365 4753 2604 4808 Τοιαῦτα
2633 4753 2712 4826 τῷ
2744 4754 2886 4827 ἁγίῳ
2914 4755 3223 4809 διαθλοῦντι
3271 4760 3416 4811 κατά
3458 4758 3736 4830 δαιμόνων

474 4838 704 4910 Spiritus
742 4837 1135 4908 improbitatis,
1188 4842 1249 4894 lit
1288 4840 1536 4911 quazdam
1572 4841 1623 4895 ei
1665 4855 1693 4896 a
1724 4843 1942 4911 superis
1970 4842 2059 4897 in-

474 4931 703 5001 spiratio
728 4940 785 4985 et
809 4929 1053 4985 divinior
1076 4932 1354 5002 cogitatio,
1389 4942 1450 4987 ut
1479 4948 1549 4989 ne
1574 4949 1603 4986 a
1626 4933 1811 4988 Dianae
1834 4934 2057 5003 quidem

2156 4845 2336 4899 ἔπεισί
2366 4861 2450 4909 τις
2481 4844 2689 4900 ἀνωθεν
2730 4847 2943 4901 ἔννοιαν
2979 4846 3256 4917 θειοτέρα,
3314 4849 3451 4921 μηδέ
3497 4852 3591 4904 τοῦ
3636 4854 3738 4924 τῆς

2169 4933 2483 5005 ⁹ιιιρτέμιδος
2509 4935 2847 5007 ἀποσχέσθαι
2873 4936 3028 5002 ναοῦ,
3052 4937 3111 5000 δς
3134 4938 3323 4991 κάλλει
3355 4956 3414 4993 τε
3450 4940 3737 5005 κάλλιστος

476 5024 682 5093 templo
705 5021 1033 5089 abstineret,
1060 5025 1156 5079 sed
1192 5026 1369 5095 ipsum
1401 5040 1622 5096 quoque
1643 5025 2051 5097 aggrederetur,

2153 5021 2245 5097 ἦν,
2290 5028 2389 5080 καὶ
2440 5027 2660 5098 μεγέθει
2710 5029 2819 5083 τῶν
2870 5029 3048 5083 ἄλλων
3104 5029 3385 5101 μέγιστος,
3430 5030 3739 5107 ἀπατηλοῖς

473 5125 533 5170 et
588 5115 641 5169 ei
699 5113 846 5169 idem
898 5113 1098 5169 iaceret
1146 5117 1293 5186 quod
1340 5117 1618 5187 prioribus
1664 5134 1682 5173 :
1742 5129 1861 5172 erat
1913 5118 2060 5173 enim

474 5206 635 5261 idet
710 5205 1120 5276 pulchritudine
1179 5208 1522 5277 admirabile,
1586 5217 1642 5265 et
1705 5210 1843 5265 alios
1899 5223 2063 5280 supc-

475 5311 608 5351 rans
676 5295 1051 5368 magnitudine
1127 5309 1183 5354 et
1252 5300 1714 5371 iucundissimum
1791 5299 2059 5356 daemoni-

475 5385 583 5442 bus
616 5378 1008 5445 habitaculum.
1061 5388 1199 5445 Cum
1253 5406 1385 5463 ergo
1435 5393 1611 5464 major
1648 5390 1911 5447 adversus
1958 5392 2062 5448 hoc

476 5476 742 5547 templum
775 5493 902 5534 eum
947 5481 1210 5537 subiisset
1257 5483 1518 5552 impetus,
1575 5482 1739 5551 idque
1763 5482 2061 5551 juvenilius

476 5582 534 5624 et
563 5570 747 5624 aerius
782 5580 950 5637 esset,
980 5587 1089 5627 non
1123 5573 1300 5630 solum
1338 5575 1510 5630 diruit
1535 5575 1717 5629 omnia
1746 5588 1868 5644 qua:
1892 5587 2060 5646 supra

550 5735 625 5807 (ἒ)
660 5735 859 5795 Baron.
898 5752 1024 5798 ann.
1054 5737 1178 5805 518,
1223 5754 1280 5793 n.
1320 5737 1407 5794 39.

2157 5117 2376 5187 δαίμοσι
2426 5118 2677 5191 διατριῦὴ
2734 5120 3125 5195 πολυεραστος.
3182 5122 3392 5197 Ὁρμῆς
3444 5123 3738 5195 τοιγαροῦν

2158 5211 2257 5264 ἐπὶ
2285 5211 2475 5265 τοῦτον
2509 5212 2754 5278 πλείονος
2806 5216 2972 5270 αὐτὸν
3000 5215 3373 5288 εἰσελθούσης,
3429 5217 3528 5271 καὶ
3560 5235 3742 5275 νεανι-

2159 5300 2400 5373 κώτερον
2449 5305 2596 5376 αὐτῷ
2620 5306 2895 5378 ἐμϐαλὼν,
2926 5306 3088 5372 λέων,
3117 5308 3147 5361 δ
3178 5309 3335 5377 φασὶ,
3363 5310 3503 5381 μετά
3529 5309 3738 5381 ξίφους,

2160 5392 2259 5463 οὐχ
2310 5395 2461 5458 ὅσοις
2514 5396 2924 5468 ὑπερανίστατο
2972 5397 3230 5473 καθῄρει,
3268 5401 3406 5459 ἀλλά
3433 5405 3528 5456 καὶ
3555 5401 3741 5456 αὐτῶν

2158 5487 2431 5551 ἐξανέσπα
2465 5491 2768 5561 κρηπίδων,
2805 5493 2892 5546 τνα
2926 5494 3061 5564 μηδὲ
3090 5495 3287 5567 μικρόν
3315 5513 3368 5549 τι
3395 5497 3492 5571 τῆς
3528 5496 3740 5566 πλάνης

2159 5578 2439 5651 ζώπυρον,
2491 5583 2630 5653 μηδέ
2677 5585 2803 5655 ῥίζα
2839 5585 3163 5658 ὑπολειφθῇ,
3194 5587 3470 5661 δυναμένη
3506 5591 3600 5643 καὶ
3656 5590 3740 5641 ἔτι
