4080 6374
524 316 637 390 343-

1745 321 2030 383 MENSIS
2064 311 2488 381 DECEMBER.

3658 280 3765 347 3:4

520 432 655 495 Nam
673 454 795 494 cum
821 437 935 506 ipse
959 434 1208 505 protinus
1226 431 1469 489 venisset
1490 432 1543 488 in
1560 439 1913 503 conspectum
1932 431 2098 498 impe-

2205 421 2481 491 νεωτέροις
2529 415 2638 487 γὰρ
2691 406 3030 480 ἐπιχειροῦσι
3077 401 3423 474 πράγμασιν,
3480 398 3580 452 ὅσα
3616 395 3763 464 ἡμᾶς

522 530 745 592 ratoris,
780 535 968 581 narrat
1002 541 1126 596 qua:
1153 525 1224 581 ab
1251 525 1360 583 illis
1382 521 1680 590 audiverit,
1706 531 1762 578 et
1792 519 2090 594 persuadet

520 632 580 678 'ut
610 620 814 676 indicta
849 632 1014 673 causa
1041 617 1112 672 ab
1157 617 1254 672 illo
1286 616 1598 687 capiantur.
1627 623 1685 671 et
1725 616 1779 669 in
1808 624 2085 669 carcerem

517 712 886 783 conjiciantur
916 728 930 765 :
959 707 1036 765 Ne
1064 708 1250 775 nobis,
1273 706 1476 777 inquit,
1506 721 1618 761 non
1653 703 2094 759 animadverten-

517 806 667 861 tibus
714 804 918 860 faciant
960 818 1026 858 ea
1066 817 1187 872 quae
1234 808 1363 855 sunt
1409 798 1682 855 meditati.
1734 795 1824 852 Sic
1869 785 2092 865 quidem

516 899 720 952 factum
753 904 858 961 est,
892 905 948 951 et
972 893 1204 963 coniecti
1252 902 1381 948 sunt
1426 892 1503 947 illi
1549 891 1604 947 in
1634 903 1935 951 carcerem,
1967 898 2094 939 cum

517 1002 620 1042 nec
667 988 845 1057 ipsum
902 985 1124 1057 quidem
1172 983 1382 1039 scirent
1426 997 1525 1037 cur
1572 989 1758 1035 essent
1808 976 1992 1033 traditi
2039 977 2096 1031 in

516 1079 847 1142 custodiam,
901 1086 1110 1131 tantum
1142 1075 1336 1129 aberat
1371 1083 1433 1126 ut
1466 1071 1677 1142 aliquid
1725 1069 1852 1125 mali
1888 1067 2100 1124 machi-

517 1170 632 1226 nati
657 1178 843 1226 essent
868 1168 1133 1223 adversus
1159 1166 1570 1235 imperatorem.

2197 490 2452 574 ἀκοῦσαι.
2500 510 2595 565 καὶ
2643 503 2858 575 πονηρὰ
2905 500 3267 570 τεκμαίρουσι
3301 494 3443 548 κατά
3475 490 3765 562 βασιλέως.

2195 608 2351 663 Οὕτω
2378 605 2485 659 τῶν
2535 600 2744 671 ἀνδρῶν
2770 593 3143 656 κατειπόντες,
3175 587 3271 644 καὶ
3296 584 3521 656 χρυσίου
3570 579 3766 636 πολλοῦ

2188 682 2556 767 τδνέπαρχον
2585 690 2956 760 ὠνησάμενοι,
2996 684 3095 747 τὰς
3136 679 3423 754 βασιλικὰς
3461 676 3528 730 δι’
3556 675 3765 727 ἐκείνου

2190 791 2506 862 φθείρουσιν
2544 783 2735 869 ἀκοάς.
2768 776 2947 842 Εὐθὺς
2974 776 3085 847 γὰρ
3116 777 3194 837 είς
3228 772 3353 869 ὄψιν
3380 768 3545 869 cors;
3570 766 3650 869 τῶ
3674 766 3771 837 βαι

2195 859 2336 939 σιλεί
2365 859 2897 950 γενόμενος’διέξεισί
2925 886 2980 922 τε
2994 869 3050 947 ’ἃ
3075 867 3204 937 παρ’
3233 862 3463 918 ἐκείνων
3493 859 3769 925 ἀκούσειε,

2194 973 2287 1027 καὶ
2337 971 2514 1025 πείθει
2549 967 2764 1039 ἐρήμην
2795 964 2887 1016 ὐπ’
2918 956 3082 1015 αὐτοῦ
3118 957 3317 1021 ἁλῶναι
3363 955 3491 1016 τούς
3539 950 3760 1021 ἀνδρας.

2190 1066 2253 1119 τὺ
2272 1064 2330 1119 ss
2374 1062 2469 1116 νῦν
2503 1060 2650 1130 ἔχον,
2684 1057 2899 1127 φυλακῇ
2929 1052 3147 1122 δοθῆναι
3175 1064 3189 1078 ’
3237 1048 3328 1117 Μὴ
3356 1045 3636 1106 λαθόντες,
3665 1056 3773 1109 φη-

2198 1156 2305 1222 σὶν,
2383 1154 2681 1225 δράσωσιν,
2728 1148 2766 1202 ἃ
2818 1145 2998 1200 πάντα
3052 1139 3482 1212 μεμελετήκασι.
3540 1132 3774 1225 Γέγονεν

515 1224 682 1327 οὓτω,
737 1224 831 1315 καὶ
868 1262 995 1339 τους
1045 1224 1253 1329 ἄνδρας
1315 1257 1464 1327 εἶχεν
1510 1255 1751 1326 φυλακὴ,
1826 1252 1934 1308 οὐδ’
2004 1249 2137 1308 αὐτύ
2174 1249 2334 1304 τοῦτο
2385 1224 2810 1314 ἐπισταμένους,
2862 1238 2985 1293 ὅτου
3070 1234 3230 1305 χάριν
3281 1228 3343 1283 τὸ
3399 1224 3776 1297 δεσμωτήριον

517 1354 927 1426 κατεκρίθησαν
956 1370 970 1385 ·
1022 1351 1276 1406 τοσοῦτον
1328 1353 1552 1422 ἀπεῖχον
1605 1351 1698 1406 τοῦ
1747 1350 1981 1421 πονηρόν
2034 1367 2086 1402 τι
2130 1342 2521 1418 βουλεύσασθαι
2552 1338 2695 1394 κατὰ
2720 1334 3007 1409 βασιλέως.

591 1451 755 1507 XXII.
797 1448 1113 1506 lntercessit
1170 1448 1512 1517 aliquantum
1563 1447 1850 1516 temporis,
1892 1453 1947 1501 et
1979 1432 2102 1499 rut-

518 1561 617 1601 sus
664 1543 978 1614 malignitas
1031 1549 1291 1610 tanquam
1346 1555 1456 1594 non
1507 1548 1767 1594 contenta
1820 1536 2103 1608 prioribus

521 1639 787 1710 adimplet
835 1638 1001 1693 etiam
1037 1636 1088 1691 id
1124 1636 1269 1705 qttod
1305 1636 1514 1690 deerat.
1568 1635 1701 1690 Nam
1752 1634 1832 1689 sic
1875 1632 2099 1702 quidem

520 1731 794 1801 «legebant
826 1726 903 1784 illi
931 1729 1035 1783 viri
1076 1729 1261 1785 amicti
1288 1729 1341 1783 in
1370 1743 1633 1792 carcere;
1676 1726 2103 1782 calumniatores

522 1832 707 1879 autem
739 1838 864 1878 eum
895 1822 1154 1878 viderent
1192 1832 1407 1889 tempus
1443 1821 1633 1885 ﬂuere,
1668 1821 1928 1876 timentes
1961 1833 2029 1873 ne
2053 1819 2099 1873 si

2271 1439 2399 1495 KB'.
2432 1436 2638 1507 Χρόνος
2672 1435 2702 1487 ό
2735 1430 2941 1503 μεταξὺ
2975 1431 3188 1498 συχνός,
3222 1421 3323 1479 καὶ
3351 1421 3513 1477 πάλιν
3545 1421 3579 1492 ἡ
3606 1433 3778 1490 πονη-

2204 1532 2316 1600 ρία,
2356 1529 2611 1596 καθάπερ
2670 1525 2772 1578 οὐκ
2830 1521 3147 1594 ἀρκουμένη
3215 1517 3329 1580 τοῖς
3386 1512 3777 1585 προλαδοῖωιν,

2197 1621 2490 1677 ἀκόλουθον
2537 1620 2633 1674 καὶ
2690 1616 2843 1681 τέλος
2875 1613 3099 1667 ἐπινοεῖ.
3148 1608 3480 1680 Ἐτύγχανον
3529 1605 3630 1677 μὲν
3665 1606 3781 1674 γὰρ

2201 1715 2373 1778 οὕτως
2397 1716 2443 1767 οἳ
2479 1713 2673 1783 ἄνδρες
2701 1712 2770 1779 τῇ
2808 1707 3026 1777 φυλακῇ
3057 1697 3648 1774 προσκακοπαθοῦντες
3676 1714 3690 1729 ο
3724 1697 3779 1751 τί

2206 1808 2542 1875 συκοφάνται
2570 1803 2647 1870 δὲ,
2679 1801 2804 1855 ἐπεὶ
2832 1797 3172 1869 ὑπορρέοντα
3221 1793 3309 1850 τὸν
3343 1790 3536 1863 χρόνον
3562 1788 3774 1859 ἑώρων,

519 1917 798 1973 evenisset
827 1915 1036 1985 aliquid
1089 1915 1458 1984 inopinatum,
1497 1923 1725 1969 structa:
1747 1913 1971 1983 quidem
2007 1927 2095 1966 ar-

2205 1899 2467 1961 Βείσαντες
2501 1896 2574 1967 μή
2623 1892 2726 1948 πού
2761 1910 2813 1946 τι
2845 1890 2956 1952 τῶν
2990 1889 3278 1957 ἀδοκήτων
3332 1882 3547 1953 συμϐὰν
3578 1882 3644 1935 τά
3677 1880 3779 1951 μὲν

522 2015 827 2073 guerentur
877 2018 1070 2060 eorum
1121 2003 1356 2066 insidiae,
1413 2007 1833 2057 converteretur
1876 2012 2007 2053 vero
2039 1994 2096 2049 in

524 2099 858 2168 periculum,
912 2111 1104 2153 rursus
1151 2076 1421 2151 accedunt
1472 2093 1541 2148 ad
1591 2091 1931 2162 praefectum,
1967 2096 2018 2145 et
2047 2088 2099 2143 ci

527 2199 807 2248 lacessunt
853 2189 1131 2261 negotium
1170 2202 1237 2241 ne
1274 2187 1354 2241 sic
1392 2185 1542 2240 viros
1591 2184 1954 2252 relinqueret,
2004 2179 2101 2235 sed

524 2284 606 2338 eis
636 2285 846 2354 justum
881 2281 1114 2338 inferret
1144 2279 1502 2350 supplicium.
1525 2277 1622 2333 [lle
1650 2286 1857 2341 autem,
1892 2273 2103 2328 veritus

528 2392 597 2432 ne
626 2392 822 2431 aurum
846 2375 952 2432 sibi
981 2374 1316 2436 auferretur,
1349 2372 1392 2426 si
1426 2371 1588 2425 finem
1618 2384 1727 2424 non
1756 2366 2104 2436 accepissent

526 2484 650 2540 quae
696 2475 815 2523 erat
849 2464 1152 2537 pollicitus,
1201 2464 1415 2519 accedit
1445 2477 1639 2518 rursus
1673 2460 1741 2514 ad
1795 2460 2102 2528 imperato-

528 2578 684 2618 rem:
718 2560 1010 2629 vultusque
1058 2557 1350 2612 severitate
1395 2564 1451 2611 et
1498 2554 1616 2623 ipso
1664 2550 1809 2606 tristi
1852 2559 2101 2620 aspectu,

529 2667 640 2721 prae
679 2664 739 2703 se
762 2647 945 2703 ferens
981 2647 1251 2702 malorum
1286 2660 1344 2700 se
1379 2645 1569 2700 venire
1596 2643 1856 2698 nuntium
1889 2657 1903 2694 :
1943 2650 2000 2694 et
2031 2639 2105 2695 si-

400 2794 425 2813 _
528 2743 641 2798 mul
676 2742 868 2796 volens
897 2739 1191 2796 ostendere
1221 2754 1281 2794 se
1332 2737 1480 2793 illius
1511 2736 1636 2791 vita:
1663 2749 1850 2790 curam
1878 2732 2103 2786 omnino

527 2845 741 2900 gerere,
769 2844 1002 2900 esseque
1026 2829 1081 2883 in
1105 2842 1240 2885 eum
1255 2838 1470 2883 summa
1496 2827 1601 2882 ﬁde
1620 2835 1678 2882 et
1700 2820 2101 2879 benevolentia.

529 2919 741 2977 Deinde
773 2920 926 2976 varie
959 2920 1240 2976 insidiosis
1270 2919 1454 2975 verbis
1496 2917 1690 2989 irrepit
1712 2924 1769 2971 et
1800 2930 1858 2970 se
1886 2916 1934 2969 ei
1968 2913 2103 2968 insi-

528 3020 683 3077 nuat,
736 3010 968 3067 dicens:
1015 3011 1267 3075 Domine,
1319 3010 1413 3081 qui
1459 3009 1726 3064 adversus
1771 3015 1918 3062 tuam
1964 3003 2104 3059 mala

525 3109 658 3156 sunt
701 3099 950 3155 meditati
997 3101 1337 3169 potentiam,
1367 3114 1465 3169 pro
1514 3097 1583 3154 iis
1623 3096 1783 3151 bonis
1812 3108 1933 3165 qua:
1974 3109 2005 3148 a
2051 3103 2103 3149 te

2202 1991 2493 2061 ἀπόρρητα
2555 1985 2651 2041 τοῦ
2686 1984 2962 2057 δράματος
3013 1977 3283 2051 διελέγξῃ,
3320 1974 3635 2049 περιτραπῇ
3663 1971 3723 2025 δὲ
3748 1972 3780 2023 ὁ

2200 2081 2448 2143 κίνδυνος
2494 2078 2616 2133 κατ’
2656 2076 2860 2142 αὐτῶν,
2910 2073 3009 2128 καὶ
3061 2069 3139 2126 ὢν
3177 2070 3438 2139 ἔσπειραν
3468 2066 3623 2120 αὐτοὶ
3653 2064 3779 2124 τοὺς

2201 2178 2442 2248 καρποὺς
2497 2177 2838 2247 ἀμήσωνται,
2890 2168 3148 2241 προσίασι
3200 2165 3274 2236 τῷ
3309 2163 3534 2235 ἐπάρχῳ
3591 2157 3778 2223 πάλιν,

2202 2269 2297 2319 καὶ
2329 2265 2395 2319 δι’
2427 2262 2587 2336 ὄχλου
2633 2260 2878 2324 πλείονος
2919 2256 3223 2329 γεγονότες,
3256 2255 3443 2324 ἠξίουν
3478 2252 3553 2323 μὴ
3603 2248 3782 2311 οὕτως

2203 2359 2299 2429 ὲᾷν
2327 2358 2454 2420 τούς
2489 2354 2691 2425 ἄνδρας
2727 2352 2911 2423 μένειν
2945 2351 3037 2403 ἐπὶ
3073 2346 3289 2419 μακρῷ,
3320 2345 3435 2399 ἀλλ’
3463 2343 3622 2411 ἀξίαν
3676 2342 3780 2396 αὐ·-

2202 2452 2315 2512 tot;
2356 2448 2455 2519 τὴν
2488 2446 2647 2517 δίκην
2679 2444 3019 2511 ἐπενεγκεῖν.
3057 2440 3301 2501 Ἐκεῖνος
3352 2434 3469 2500 οὖν,
3497 2435 3596 2489 an;
3629 2437 3785 2503 φιλοο

2205 2544 2507 2619 χρημάτως
2542 2543 2703 2614 ἔχων,
2747 2539 2844 2595 καὶ
2875 2540 3017 2609 ὑπὲρ
3044 2536 3137 2590 τοῦ
3167 2531 3604 2601 καταϐληθέντος
3630 2528 3784 2599 αὐτῷ

2203 2639 2432 2710 χρυσίου
2466 2636 2565 2707 τὴν
2595 2635 2827 2707 καρδίαν
2854 2629 3205 2692 διασεισθεὶς,
3233 2627 3308 2697 μὴ
3339 2626 3430 2679 καὶ
3456 2621 3780 2694 ἀφαιρεθείη

2204 2730 2418 2793 τοῦτον,
2480 2727 2657 2799 πέρας
2705 2724 2815 2778 τῶν
2849 2720 3258 2792 ὐποσχεθέντων
3294 2717 3392 2771 οὐκ
3431 2715 3732 2783 εἰληφότων
3757 2726 3775 2743 ⁸

2204 2822 2377 2876 δειλὸν
2402 2818 2512 2891 γὰρ
2543 2821 2570 2872 ό
2595 2817 2827 2879 πλοῦτος
2855 2830 2870 2845 ·
2918 2813 3168 2886 πρόσεισι
3201 2810 3278 2881 τῷ
3318 2808 3529 2881 βασιλεῖ
3555 2808 3652 2861 καὶ
3688 2804 3789 2858 αὓ-

2207 2915 2309 2981 θις,
2340 2914 2409 2984 τῇ
2443 2929 2504 2966 τε
2535 2910 2629 2964 τοῦ
2660 2907 2955 2980 προσώπου
2990 2905 3242 2958 ὲνστάσει
3274 2899 3373 2955 καὶ
3412 2898 3492 2969 τῷ
3531 2896 3787 2968 σκυθρω-

2208 3006 2295 3078 πῷ
2348 3006 2447 3076 τῆς
2479 3003 2677 3072 ὅψεως.
2708 3000 2898 3055 κακῶν
2932 2997 3166 3065 ἄγγελος
3198 2995 3359 3065 ἥκειν
3411 2991 3785 3059 ὐποφαινόμε-

2207 3116 2296 3163 νος
2342 3097 2440 3152 καὶ
2488 3094 2604 3166 ἃμα
2655 3094 2813 3165 δῆλος
2859 3089 3001 3145 εἶναι
3061 3088 3404 3160 βουλόμενος.
3436 3085 3536 3153 τῆς
3569 3080 3784 3136 ἐκείνου

490 3236 493 3241 .
524 3196 656 3243 sunt
690 3188 992 3250 consecuti,
1021 3201 1090 3242 ne
1141 3188 1221 3242 in‘
1244 3202 1467 3242 carcere
1498 3186 1722 3256 quidem
1758 3185 2037 3240 desistunt
2069 3199 2099 3239 a

2209 3189 2357 3257 ζωῆς
2392 3189 2457 3242 ὲκ
2508 3186 2711 3251 παντὸς
2750 3183 3078 3254 φροντίζων,
3122 3178 3388 3241 εὐνοϊκῶς
3429 3190 3490 3229 τε
3521 3178 3655 3244 πρὸς
3689 3173 3792 3225 αὐ-

525 3278 620 3334 tali
654 3279 1031 3344 meditatione,
1068 3292 1251 3349 neque
1296 3278 1407 3333 ulla
1441 3276 1724 3333 ducuntur
1757 3276 2101 3346 paenitentia,

2208 3282 2300 3336 τὸν
2355 3274 2520 3351 ἔχων,
2558 3277 2654 3331 καὶ
2710 3275 3012 3329 πιστότατα
3062 3270 3424 3339 διακείμενος.
3460 3265 3655 3318 Ἔνθεν
3699 3279 3789 3316 τοι

525 3369 624 3424 sed
648 3384 795 3424 nunc
819 3384 1041 3439 quoque
1073 3378 1430 3440 perseverant
1474 3370 1532 3424 in
1561 3368 1759 3440 coeptis
1798 3368 2103 3438 prioribus,

2214 3369 2310 3423 καὶ
2359 3366 2617 3429 ποικίλως
2665 3364 2828 3418 αὐτὸν
2871 3360 3068 3427 ὑπιὼν,
3108 3360 3172 3414 Οἱ
3204 3358 3346 3411 κατὰ
3394 3354 3488 3408 τοῦ
3525 3352 3791 3424 κράτους,

525 3468 584 3512 et
615 3457 866 3528 improbe
897 3458 1090 3515 eadem
1139 3475 1336 3515 rursus
1383 3467 1628 3515 struunt.
1670 3459 1829 3513 Nune
1880 3473 2014 3529 ergo
2058 3459 2103 3514 si

2213 3459 2467 3525 δέσποτα,
2494 3457 2618 3526 ἔφη,
2649 3455 2745 3509 τοῦ
2777 3454 2873 3508 σοῦ
2905 3449 3343 3523 μεμελετηκότες
3373 3446 3495 3503 ἀνθ’
3524 3442 3602 3500 ὧν
3653 3444 3795 3498 ἀπέ-

527 3551 690 3606 liceat
720 3550 964 3620 quidem,
1017 3566 1114 3608 eos
1144 3552 1291 3622 iuste
1322 3551 1642 3621 puniemus.
1675 3548 1772 3604 Sin
1820 3549 2025 3613 minus,
2054 3559 2103 3604 at

2213 3551 2420 3606 λαυσαν
2446 3548 2689 3619 ἀγαθῶν,
2727 3548 2928 3616 ὀλίγων
2957 3546 3068 3615 γὰρ
3100 3545 3243 3597 πάνυ
3274 3541 3335 3596 τὸ
3366 3540 3660 3610 σωφρόνως
3691 3537 3798 3604 φέο

526 3643 987 3700 considerandum
1014 3654 1099 3700 est
1143 3661 1214 3701 ne
1244 3645 1290 3700 si
1331 3644 1422 3699 isti
1464 3658 1564 3699 nos
1594 3641 1978 3713 prtevenerint,
2004 3640 2103 3709 ipsi

2210 3660 2326 3714 ρειν
2363 3640 2691 3713 εὐημερίαν,
2725 3639 2834 3692 οὐδ’
2863 3640 2920 3691 ὲν
2949 3640 3014 3707 τῇ
3046 3636 3263 3707 φυλακῇ
3297 3633 3449 3697 ὄντες
3478 3630 3795 3698 ἀποστῆναι

529 3735 671 3789 male
722 3733 980 3790 alliciant.
1036 3735 1163 3791 lltec
1210 3734 1544 3791 conturbant
1590 3733 2001 3803 imperatorem,
2049 3739 2103 3784 et

2206 3735 2303 3790 τοῦ
2334 3734 2523 3799 κακῶς
2554 3735 2774 3806 φρονεῖν
2805 3731 3106 3793 πείθονται,
3141 3729 3263 3783 οὐδέ
3297 3745 3383 3791 τις
3414 3727 3614 3787 αὐτοὺς
3642 3724 3798 3795 αἱρεῖ

529 3826 788 3897 injiciunt
812 3827 863 3882 ei
897 3827 1298 3898 suspicionem.
1329 3828 1451 3897 ipse
1479 3838 1612 3898 ergo
1642 3826 1835 3880 volens
1865 3832 2103 3878 mentem

2213 3827 2566 3898 μεταμέλεια,
2611 3825 2746 3880 ἀλλὰ
2802 3825 2897 3878 καὶ
2943 3822 3040 3877 νῦν
3085 3822 3391 3892 ἐμμένουσι
3437 3821 3550 3880 τοῖς
3589 3815 3797 3887 προτέ⁸

529 3917 766 3974 liberare
805 3934 835 3974 a
858 3919 1234 3975 sollicitudine
1271 3928 1327 3974 et
1357 3920 1413 3974 in
1447 3918 1692 3973 futurum
1729 3931 1837 3971 non
1871 3914 2103 3985 amplius

2215 3927 2351 3984 ροις,
2385 3917 2481 3969 καὶ
2513 3915 2580 3969 τὰ
2614 3914 2753 3967 αὐτὰ
2782 3913 2947 3967 πάλιν
2978 3912 3305 3982 κακούργως
3344 3908 3666 3981 βάπτουσιν.
3729 3906 3798 3959 Et

531 4009 752 4076 timere,
784 4020 961 4066 morte
1000 4010 1336 4066 condemnat
1370 4010 1720 4066 innocentes.

2218 4007 2317 4077 μὲν
2362 4002 2455 4061 οὖν
2505 4006 2621 4059 ἔστι
2661 4004 2873 4075 χαλεπά
2906 4001 3369 4075 βεϐουλευμένους
3399 3999 3590 4053 παθεῖν
3634 3996 3803 4068 χαλε-

529 4102 670 4167 πῶς,
701 4104 749 4155 ei
780 4102 825 4156 δ’
854 4100 968 4167 οὖν,
999 4101 1113 4157 ἀλλ’
1181 4104 1330 4162 ὅπως
1396 4101 1470 4172 μὴ
1537 4101 1845 4170 φθάσαντες
1888 4092 2034 4154 οὗτοι
2076 4097 2342 4169 πρότερον
2390 4097 2577 4161 κακῶς
2624 4097 2774 4168 ἡμᾶς
2821 4095 3085 4164 δράσωσι.
3133 4092 3435 4164 Θορυϐοῦσι
3459 4090 3634 4143 ταῦτα
3703 4089 3800 4144 τὸν

532 4195 757 4266 βασιλέα
800 4195 896 4248 καὶ
942 4197 1021 4258 είς
1071 4195 1325 4257 ὑπονοίας
1370 4193 1754 4262 ἐμϐάλλουσιν,
1825 4190 2094 4261 οὐμενουν
2163 4188 2697 4259 εὐκαταφρονήτους.
2761 4185 2979 4256 Ἀμέλει
3034 4184 3130 4238 καὶ
3218 4184 3428 4237 ἀνεῖναι
3493 4178 3811 4250 φροντίδων

531 4288 658 4351 τούς
704 4287 1001 4358 λογισμοὺς
1033 4287 1377 4359 βουλόμενος,
1412 4286 1505 4343 καὶ
1548 4286 1621 4357 μὴ
1652 4284 1910 4357 περιδεὴς
1963 4283 2107 4339 οὐτω
2147 4281 2243 4334 καὶ
2289 4281 2603 4351 κατάφοϐος
2656 4280 2777 4352 ζῇν,
2851 4278 3084 4334 θάνατον
3148 4274 3469 4347 κατακρίνει
3498 4273 3605 4327 τῶν
3641 4273 3805 4326 ἀναι-

533 4382 686 4436 τίων.

608 4473 802 4529 ΧΧὶἱΙ.
845 4474 1217 4530 Constitutum
1251 4490 1381 4545 ergo
1411 4476 1590 4530 fuerat
1626 4483 1687 4530 ut
1729 4475 1819 4530 die
1853 4475 2103 4546 sequenti

2281 4465 2414 4523 Kl".
2438 4467 2662 4537 ’Ὧριστο
2696 4464 2880 4519 τοίνυν
2906 4463 2970 4517 τδ
3000 4462 3180 4517 θανεῖν
3206 4459 3405 4521 αὐτοὺς
3432 4459 3515 4518 είς
3538 4455 3638 4526 τὴν
3668 4457 3798 4510 ἐπι-

536 4571 904 4620 morercntur.
958 4562 1199 4633 Vespere
1232 4566 1380 4620 enim
1433 4565 1538 4619 lata
1584 4566 1765 4620 fuerat
1797 4569 2107 4631 sententia;

534 4664 594 4710 et
619 4655 685 4711 ad
708 4654 995 4711 custodem
1026 4657 1266 4711 careeris
1299 4655 1450 4712 venit
1480 4655 1674 4711 infelix
1703 4658 1936 4713 nuntius
1965 4673 2105 4712 eon-

535 4747 923 4810 demnationis.
956 4755 1014 4803 et
1043 4747 1121 4803 illi
1153 4748 1223 4804 de
1243 4748 1327 4804 eis
1346 4748 1533 4804 omnia
1566 4748 1859 4819 signiﬁcat.
1893 4748 1989 4805 llle
2013 4764 2113 4803 an-

538 4850 645 4896 tem
675 4852 798 4896 cum
854 4840 1086 4895 multum
1137 4855 1292 4895 suam
1341 4840 1684 4908 deplorasset
1715 4841 2109 4904 calamitatem,

536 4935 657 4985 erat
687 4926 836 4981 enim
873 4934 930 4981 ut
970 4927 1210 4993 videtur,
1243 4929 1404 4998 longe
1432 4928 1690 4998 prtefeczo
1721 4929 2034 4994 humanior,
2057 4937 2113 4983 et

536 5017 744 5089 alioqui
767 5019 879 5089 iam
901 5020 983 5075 eis
1001 5029 1250 5075 evaserat
1271 5022 1482 5077 amicus
1502 5031 1559 5076 et
1583 5022 1888 5087 familiaris,
1914 5023 2112 5077 deinde

537 5125 801 5174 maerens,
834 5110 904 5164 ad
951 5125 1049 5165 eos
1096 5112 1328 5175 accedit,
1381 5123 1475 5167 et:
1513 5113 1758 5179 Utinam,
1797 5113 1996 5182 inquit,
2044 5126 2113 5167 ne

537 5202 824 5258 \obiscum
868 5203 1111 5281 quidem;
1144 5204 1322 5272 printo
1369 5216 1678 5259 sermonem
1730 5204 2109 5266 contulissem,

539 5302 720 5360 neque
752 5301 962 5347 tantum
998 5305 1216 5364 tempus
1239 5294 1384 5364 apud
1424 5310 1510 5350 me
1535 5295 1734 5349 versati
1765 5294 1985 5360 essetis,
2012 5309 2109 5348 ne-

542 5394 651 5449 que
680 5382 815 5437 satis
842 5382 1065 5440 fuissem
1100 5385 1383 5441 Vobiscum
1407 5384 1701 5454 particeps,
1732 5384 1946 5439 facilius
1965 5385 2115 5440 enim

547 5473 932 5530 sustinuisscm
968 5475 1366 5543 calamitatem;
1402 5477 1469 5530 de
1522 5475 1895 5547 disjunctionc
1940 5477 2120 5531 mino-

551 5576 666 5617 rem
693 5566 941 5623 dolorem
966 5569 1296 5640 acciperem,
1328 5582 1431 5624 nec
1460 5568 1539 5623 sic
1566 5567 1913 5639 perturbatio
1937 5584 2117 5626 meum

2205 4560 2394 4614 οὖσαν.
2437 4557 2504 4612 Ἦ
2532 4558 2640 4628 γὰρ
2663 4556 2847 4627 ψῆφος
2861 4556 3099 4624 ἑσπέρας
3123 4552 3324 4615 δέδοτο,
3360 4551 3458 4603 καὶ
3490 4546 3571 4620 τῷ
3596 4548 3807 4616 δεσμο-

2210 4651 2413 4719 φύλακι
2439 4649 2674 4720 χαλεπός
2698 4664 2784 4712 τις
2810 4648 3044 4718 ἄγγελος
3074 4642 3388 4717 προσελθὼν
3417 4642 3593 4695 πάντα
3624 4656 3806 4693 κατα-

2209 4744 2359 4810 λέγει
2412 4741 2483 4794 τὰ
2526 4740 2889 4811 ψηφισθέντα.
2940 4739 2999 4794 '0
3048 4738 3105 4792 δὲ
3152 4735 3325 4788 πολλά
3354 4733 3627 4804 πρότερον
3666 4731 3806 4784 καθ’

2212 4831 2407 4886 ἑαυτὸν
2462 4829 2744 4902 θρηνήσας
2789 4830 2890 4899 τὴν
2937 4827 3247 4898 συμφορὰν,
3282 4820 3351 4895 ἧν
3388 4825 3497 4893 γὰρ
3543 4822 3621 4885 ὡς
3649 4821 3806 4875 ἔοικε

2220 4922 2601 4992 φιλάνθρωπος
2630 4923 2833 4993 μᾶλλον
2859 4920 2892 4991 ἦ
2924 4921 3110 4988 ὅμοιος
3152 4916 3230 4987 τῷ
3264 4914 3493 4984 ὑπάρχῳ
3534 4912 3811 4982 φιλόχρυο

2220 5033 2334 5082 σος,
2360 5016 2538 5077 ἄλλως
2561 5032 2619 5068 τε
2648 5014 2743 5068 καὶ
2772 5014 2922 5083 φίλος
2954 5011 3136 5065 αὐτῶν
3167 5012 3261 5064 καὶ
3296 5008 3534 5079 συνήθης
3567 5008 3670 5077 ἤδη
3703 4998 3839 5073 γε-’

2218 5109 2544 5181 γενημένος,
2573 5104 2696 5162 εἶτα
2732 5107 2827 5161 καὶ
2860 5107 2974 5167 τοῖς
3000 5103 3227 5175 ἀνδράσι
3260 5103 3515 5185 πρόσειρι
3543 5097 3814 5168 σκυθρω-

2219 5201 2320 5263 πὸς
2356 5203 2452 5254 καὶ
2495 5201 2919 5271 δεδακρυμένος,
2974 5198 3070 5251 καὶ
3117 5196 3212 5249 ἀπ’
3242 5196 3408 5264 αὐτῆς
3459 5193 3652 5262 ὥσπερ
3698 5192 3818 5261 τῆς

2218 5293 2394 5361 ὅψεως
2424 5292 2485 5345 τὸ
2512 5291 2752 5363 λυπηρὸν
2778 5290 2868 5344 τοῦ
2897 5289 3224 5362 πράγματος
3249 5285 3660 5358 προαγγέλλων,
3679 5286 3814 5349 καῖ,

2229 5385 2482 5453 Ὄφελον,
2514 5383 2642 5453 ἔφη,
2681 5383 2815 5453 μηδὲ
2841 5382 2942 5449 τὴν
2983 5379 3211 5452 πρώτην
3241 5380 3370 5448 ὐμῖν
3412 5373 3576 5448 ἦλθον
3606 5375 3690 5438 είς
3716 5374 3824 5429 λό-

2227 5494 2382 5545 γους.
2434 5476 2569 5547 μηδὲ
2611 5474 2867 5529 τοσοῦτον
2919 5472 3054 5542 ὁμοῦ
3105 5471 3355 5542 διέτριψα
3405 5470 3620 5541 χρόνον,
3661 5466 3817 5535 μηδδ

2228 5569 2512 5643 τραπέζης
2559 5569 2695 5640 μηδὲ
2746 5567 2890 5622 ἁλῶν
2925 5566 3055 5636 ὑμῖν
3111 5563 3446 5635 ἐκοινώνησα
3493 5558 3814 5631 δυστυχῶν.

625 5741 700 5813 (5)
736 5744 1069 5802 llilarianunt
1106 5742 1254 5803 hunc
1282 5759 1434 5805 vocat
1493 5749 1629 5805 Joan
1677 5750 1948 5806 Diaconus
1965 5747 2104 5820 apul
2145 5747 2456 5804 Barenium.
