4080 6374
411 233 513 293 351
1635 232 1921 293 ΜΕΝςΙΞ
1966 236 1992 293 [

2096 235 2213 297 ζΕΜ
2226 237 2393 298 BER.
3547 248 3651 312 33.9.

414 342 602 413 itaque
628 339 924 410 aliquando
948 341 1004 396 in
1029 353 1275 412 magnam
1295 341 1545 397 incidunt
1579 351 1979 415 tempestatem,

2096 360 2215 400 ποτε
2248 346 2481 403 κλύδωνι
2507 345 2737 421 χαλεπῷ
2789 353 3199 423 περιτυχόντες,
3258 356 3396 412 ὥστε
3452 359 3550 431 τὴν
3594 363 3652 416 ἐν

412 437 510 505 qui
539 450 663 490 cum
696 451 815 490 eam
841 448 963 503 qua:
1017 434 1071 487 in
1105 434 1359 489 manibus
1389 448 1576 489 eorum
1638 445 1756 493 erat
1802 440 1980 508 posita

2096 441 2271 509 ίερσὶν
2292 442 2510 495 ἃπασαν
2540 442 2796 497 ἀπειπεῖν
2825 447 3128 516 σωτηρίαν,
3152 448 3338 520 ἐπειδὴ
3364 452 3455 504 τὸν
3479 451 3653 521 μέγαν

413 531 645 584 salutem
670 528 1071 597 desperassent,
1090 528 1346 597 quoniam
1366 544 1616 599 magnum
1646 525 1925 587 Nicolaum
1950 548 1981 590 a

2096 532 2349 586 Νικόλαον
2377 533 2556 599 ὀξεῖαν
2577 535 2635 589 ὲν
2672 537 2850 589 τοῖσδε
2879 539 2991 601 τοῖς
3012 538 3155 608 παρ’
3178 539 3370 594 ἐλπίδα
3400 541 3654 614 βοήθειαν

416 618 555 672 fama
585 627 907 687 acceperant
921 634 1044 673 esse
1060 619 1218 673 velox
1235 620 1496 674 auxilium
1528 620 1579 674 in
1614 620 1681 677 iis
1706 639 1825 691 quae
1850 636 1983 693 ωτι·-

2096 627 2189 680 5πὸ
2216 628 2313 698 τῆς
2341 630 2527 700 φήμης
2561 630 2884 700 ἐμάνθανον,
2934 633 3043 687 ὅλοι
3067 627 3166 705 τῆς
3196 637 3333 705 πρὸς
3368 638 3530 691 αὑτὸν
3564 639 3654 693 ἑλ-

417 720 500 767 ter
520 709 1042 780 spemeveniunt,se
1070 721 1216 766 tutos
1239 713 1305 766 ad
1336 727 1460 766 eum
1489 713 1821 783 precandum
1854 730 1985 769 con-

2096 720 2240 784 πίδος
2268 721 2563 792 ἐκκρεμεῖς
2582 719 2744 797 ἦσαν,
2771 725 2961 779 τοῦτόν
2987 743 3047 779 τε
3079 729 3281 798 νοερῶς
3300 727 3656 794 ἐξεκαλοῦντο

419 801 627 865 ferunt,
680 809 738 856 et
795 817 921 855 eum
969 801 1293 858 invocabant
1327 802 1380 856 in
1414 811 1756 873 tempestate,
1785 813 1839 860 et
1872 820 1986 859 ma-

2096 812 2233 866 ιιατὰ
2262 812 2361 867 τοῦ
2410 798 2704 881 κλύδωνος,
2723 818 2819 870 καὶ
2842 816 2991 887 αύτῷ
3032 822 3131 883 τὰς
3176 823 3365 891 χεῖρας
3398 820 3658 890 ἐκθύμως

418 910 524 950 nus
552 892 618 949 ad
648 908 774 949 eum
809 892 1125 959 tendebant,
1159 903 1216 948 et
1263 910 1292 948 a
1325 894 1442 950 solo
1499 895 1618 966 ejus
1676 895 1986 965 pendebant

2096 900 2316 972 ὤρεγον,
2371 908 2468 957 καὶ
2503 904 2671 976 μόνης
2701 906 2976 978 ὲξείχοντο
3000 908 3101 979 τῆς
3125 911 3262 980 παρ’
3295 911 3465 965 αὐτοῦ
3526 911 3654 984 βοη-

419 985 646 1042 auxilio.
677 985 774 1041 Ille
816 991 999 1040 autem
1060 1000 1129 1039 ne
1185 1000 1377 1055 parum
1426 986 1647 1056 quidem
1694 997 1987 1043 cunctatus

422 1078 679 1148 protinus
706 1092 896 1132 navem
954 1078 1147 1141 insilit,
1185 1086 1392 1132 etcum
1430 1095 1487 1134 se
1521 1081 1808 1138 manifeste
1854 1099 1985 1138 con-

415 1171 756 1239 spiciendum
810 1169 1028 1224 illorum
1070 1171 1392 1240 pratbuissct
1444 1173 1620 1228 oculis
1652 1192 1666 1228 ι
1697 1176 1856 1240 Ecce,
1878 1192 1985 1243 me,

418 1264 616 1332 inquit,
653 1263 972 1330 vocavistis,
1001 1272 1057 1318 et
1112 1265 1307 1319 adsum
1355 1265 1508 1322 vobis
1539 1282 1698 1337 opem
1754 1269 1986 1325 laturus.

419 1355 627 1411 Deinde
657 1371 780 1409 cum
822 1371 918 1410 eos
943 1355 1196 1425 iussisset
1239 1371 1361 1412 esse
1418 1356 1565 1412 bono
1623 1357 1830 1421 animo,
1873 1360 1990 1416 cla-

417 1460 546 1498 vum
573 1446 742 1500 sumit
779 1447 832 1500 in
858 1454 1157 1516 conspectu
1182 1446 1453 1515 omnium,
1496 1458 1552 1504 et
1583 1449 1658 1504 ita
1682 1466 1878 1506 navem
1913 1450 1992 1506 vi-

420 1537 653 1592 debatur
703 1536 960 1607 dirigere.
1013 1539 1220 1595 Deinde
1269 1540 1432 1596 etiam
1489 1558 1640 1598 mare
1700 1544 1992 1616 increpans

420 1630 576 1686 sedat
605 1631 805 1687 ﬂuctus
841 1642 895 1687 et
920 1632 1189 1698 turbines,
1235 1643 1291 1689 et
1321 1635 1422 1688 alia
1460 1635 1595 1689 mala
1625 1639 1987 1707 tempestatis,

420 1721 701 1793 quomodo
732 1723 882 1793 prius
908 1736 1127 1794 quoque
1182 1740 1336 1781 meus
1387 1726 1565 1788 Jesus,
1598 1737 1653 1782 et
1681 1728 1760 1783 sic
1793 1729 1874 1783 eis
1910 1728 1989 1782 fa-

424 1815 586 1869 cilem
615 1825 670 1870 ct
702 1814 1048 1885 tranquillam
1106 1819 1311 1886 praebet
1355 1819 1786 1890 navigationem.
1849 1821 1986 1876 Cum

419 1901 602 1961 autem
626 1921 721 1961 eos
749 1906 858 1961 leni
893 1915 950 1963 et
1000 1906 1214 1977 placido
1255 1920 1442 1966 vectos
1493 1921 1640 1967 terra
1698 1914 1934 1983 excepit,
1961 1929 1992 1968 e

420 1998 546 2053 navi
590 1999 988 2056 descendentes
1018 2002 1427 2057 contendebant
1475 2004 1541 2058 ad
1575 2013 1699 2058 eum
1731 2004 1993 2061 accedere

418 2092 512 2161 qui
564 2107 659 2147 eos
718 2093 979 2148 liberarat
1023 2111 1052 2149 a
1114 2096 1378 2165 periculo.
1422 2097 1635 2152 'Deinde
1677 2112 1800 2154 cum
1837 2112 1995 2153 acce-

421 2182 629 2251 pissent
667 2196 789 2236 eum
830 2181 993 2237 ivisse
1045 2183 1109 2237 ad
1147 2184 1457 2248 ecclesiam,
1493 2184 1700 2238 vadunt
1751 2183 1818 2239 ad
1853 2193 1991 2239 tem-

421 2272 798 2341 plum.Atque
834 2273 924 2327 ille
957 2274 1178 2343 quidem
1230 2290 1352 2328 cum
1408 2290 1466 2329 se
1514 2275 1735 2331 fecisset
1781 2285 1991 2345 partem

420 2360 578 2426 cieri,
631 2361 810 2415 stabat
863 2377 987 2417 cum
1032 2362 1173 2418 aliis.
1228 2363 1308 2416 llli
1352 2373 1535 2417 autem
1586 2380 1710 2419 cum
1764 2365 1818 2420 in
1864 2381 1991 2421 eum

420 2452 789 2518 coniecissent
814 2455 1010 2508 oeulos
1033 2455 1126 2524 qui
1163 2470 1268 2509 non
1295 2465 1414 2509 erat
1460 2456 1543 2512 eis
1601 2456 1753 2527 prius
1800 2459 1991 2528 cogni-

423 2553 533 2610 tus,
553 2561 619 2600 ex
641 2561 705 2601 ea
734 2562 856 2618 quae
889 2548 970 2603 eis
999 2547 1054 2601 in
1079 2547 1213 2601 mari
1249 2545 1388 2602 facta
1426 2547 1602 2603 fuerat
1627 2550 1991 2620 apparitione,

425 2649 554 2689 eum
583 2637 849 2692 continuo
908 2645 1292 2708 agnoverunt:
1325 2647 1382 2692 et
1419 2648 1770 2696 accurrentes
1815 2640 1995 2710 proci-

423 2726 564 2783 dunt
596 2729 661 2783 ad
691 2732 811 2801 ejus
842 2729 1030 2800 pedes,
1061 2738 1118 2785 et
1169 2730 1354 2801 lingua
1403 2731 1626 2801 quidem
1658 2732 1743 2788 eis
1809 2749 1996 2788 move—

390 2836 395 2839 ‘
423 2821 589 2877 batur
620 2821 685 2876 ad
704 2824 944 2894 agendas
968 2824 1169 2893 gratias
1195 2842 1208 2877 ι
1239 2824 1401 2879 simul
1435 2839 1568 2880 vero
1601 2840 1726 2880 cum
1745 2840 1808 2881 ea
1833 2825 1992 2879 etiam

425 2915 759 2985 loquebatur
787 2919 1025 2981 animus,
1060 2932 1250 2972 eorum
1273 2932 1393 2988 qua:
1415 2933 1608 2988 passus
1634 2927 1689 2973 et
1718 2916 1993 2988 quomodo

2089 992 2259 1057 Θείας.
2292 995 2401 1049 Καὶ
2434 995 2492 1059 ὃς
2526 993 2648 1050 οὐδὲ
2674 997 2849 1069 βραχὺ
2880 1000 3156 1072 μελλήσας
3203 1002 3545 1074 ἐπιπηδήσας
3589 1007 3657 1076 τῇ

2089 1080 2180 1154 νηῒ
2209 1086 2413 1148 ἐπάνω,
2437 1088 2530 1140 καὶ
2555 1086 2783 1160 φανερὸς
2813 1094 2924 1154 τοῖς
2950 1092 3066 1145 ἐκεῖ
3105 1093 3398 1164 γενόμενος
3463 1094 3663 1164 ὀφθαλ-

2093 1178 2234 1247 μοῖς,
2271 1178 2428 1239 Ἰδοὺ,
2465 1178 2767 1250 κεκλήκατέ
2792 1199 2882 1251 με,
2905 1184 3057 1252 φησὶ,
3092 1184 3187 1237 καὶ
3216 1184 3498 1255 βοηθήσων
3531 1187 3661 1254 ὑμῖν

2093 1266 2345 1339 πάρειμι.
2381 1263 2516 1322 Εἶτα
2547 1271 2643 1324 καὶ
2677 1271 2903 1343 θαρρεῖν
2933 1268 3119 1337 αὐτοῖς
3171 1274 3662 1345 διακελευσάμενος

2092 1356 2186 1411 τοῦ
2224 1360 2490 1429 πηδαλίου
2522 1378 2582 1414 τε
2610 1361 2947 1432 ἐλαμϐάνετο
2981 1363 3086 1417 ὑπὸ
3109 1364 3209 1436 τὴν
3263 1366 3480 1419 πάντων
3513 1365 3660 1436 δψιν.

2096 1452 2390 1526 καὶταύτῃ
2418 1452 2515 1524 τὴν
2545 1454 2676 1508 ναῦν
2715 1453 2915 1508 ἰθύνειν
2938 1457 3151 1527 τρανῶς
3204 1456 3490 1520 ὲὸλέπετο,
3525 1458 3662 1527 πρὸς

2093 1540 2302 1606 τούτοις
2354 1544 2447 1596 καὶ
2484 1547 2550 1615 τῇ
2614 1545 2856 1615 θαλάσσῃ
2916 1546 3270 1617 ἐπιτιμήσας,
3324 1545 3425 1611 τὰς
3476 1564 3665 1619 τρικυο

2101 1633 2231 1702 μίας
2261 1633 2449 1697 αὐτοῖς
2490 1633 2586 1686 καὶ
2614 1636 2742 1698 τοὺς
2771 1634 3095 1706 στροϐίλους
3127 1637 3225 1690 καὶ
3249 1636 3320 1689 τὰ
3339 1635 3477 1690 ἄλλα
3497 1638 3567 1690 τὰ
3601 1640 3665 1690 ἐκ

2093 1723 2186 1776 τοῦ
2217 1723 2482 1794 χειμῶνος
2512 1725 2747 1794 κοιμίζει
2768 1726 2917 1779 κακὰ
2937 1769 2953 1793 ,
2986 1725 3176 1798 ὥσπερ
3222 1728 3286 1797 δὴ
3322 1728 3417 1781 καὶ
3448 1729 3477 1782 ὁ
3533 1729 3664 1798 ὲμδς

2106 1812 2317 1883 Ἰησοῦς
2348 1813 2636 1885 πρότερον,
2665 1818 2758 1871 καὶ
2797 1815 2971 1882 οὕτως
3005 1819 3213 1890 ἥμερον
3243 1819 3337 1872 καῖ
3370 1819 3666 1890 εύγάληνον

2096 1905 2327 1971 ἐκείνοις
2358 1908 2450 1960 τὸν
2480 1908 2648 1964 πλοῦν
2676 1909 2911 1967 δίδωσιν.
2945 1910 3034 1974 Ὠς
3068 1911 3162 1965 οὖν
3212 1913 3372 1981 πράῳ
3401 1910 3478 1980 τῷ
3500 1911 3664 1963 πνεύ-

2100 2012 2232 2065 ματι
2271 1997 2609 2067 φερομένους
2656 2001 2919 2072 ήχέρσος
2978 2001 3175 2063 αὐτοὺς
3218 2000 3510 2071 ἐξεδέχετο,
3567 2002 3667 2070 τῆς

2096 2088 2223 2152 νηὸς
2259 2089 2668 2156 ἀποϐαίνοντες,
2731 2092 2823 2145 τὸν
2865 2091 3204 2145 διασώσαντα
3260 2090 3354 2144 τοῦ
3412 2091 3658 2145 κινδύνου

2096 2182 2393 2251 ἠπείγοντο
2432 2183 2680 2253 φθάνειν.
2715 2178 2854 2238 Εἶτα
2909 2186 3178 2255 μαθόντες
3223 2185 3304 2249 είς
3344 2184 3443 2254 τὴν
3470 2185 3667 2254 ἐκκλη-

2098 2272 2218 2325 σίαν
2245 2273 2408 2326 αὑτὸν
2438 2272 2703 2343 οἴχεσθαι.
2724 2274 2919 2329 ἀπίασι
2951 2276 3099 2345 παρὰ
3133 2278 3224 2330 τὸν
3291 2276 3438 2331 ναόν.
3473 2276 3532 2330 ’0
3566 2275 3665 2345 μὲν

2097 2361 2190 2417 οὖν
2227 2364 2393 2435 μέρος
2426 2364 2618 2418 ἑαυτὸν
2643 2364 2736 2418 τοῦ
2755 2366 2958 2436 κλήρου
2985 2367 3242 2437 ποιήσας,
3275 2368 3523 2439 εἱστήκει
3552 2369 3667 2431 τοῖς

2098 2452 2310 2517 πολλοῖς
2338 2454 2524 2525 ὅμοιος
2550 2472 2563 2486 ·
2597 2455 2646 2510 oi
2682 2456 2738 2509 δὲ
2766 2454 2841 2520 ὡς
2888 2456 3152 2511 ἐπέϐαλον
3180 2457 3330 2527 αύτῷ
3368 2459 3467 2522 τὰς
3516 2456 3667 2525 ὄψεις

2099 2544 2266 2612 μήπω
2292 2542 2502 2607 τούτοις
2527 2544 2827 2614 γνωσθέντι
2864 2546 3154 2618 πρότερον,
3189 2548 3284 2602 ἀπ’
3316 2549 3486 2615 αὐτῆς
3517 2545 3650 2616 γοῦν

2096 2633 2194 2702 τῆς
2224 2635 2282 2687 ὲν
2304 2633 2383 2705 τῷ
2407 2635 2634 2705 πελάγει
2676 2638 3001 2706 ἐπιφανείας
3056 2638 3425 2707 ἁνεγίνωσκδν
3478 2656 3535 2693 τε
3569 2641 3667 2693 καὶ

2097 2725 2177 2786 είς
2200 2725 2409 2779 ἐκεῖνον
2426 2725 2587 2790 εὐθὺς
2610 2727 2898 2798 ἀνέφερον,
2927 2729 3021 2781 καὶ
3045 2729 3507 2800 προσδραμόντες,
3534 2746 3668 2799 προ-

2097 2816 2358 2872 σέπιπτον
2396 2816 2700 2883 αὐτοῦτοῖς
2728 2821 2879 2886 ποσὶ,
2937 2820 3033 2874 καὶ
3075 2823 3191 2884 τοῖς
3236 2821 3443 2892 χείλεσι
3503 2821 3665 2875 τοῦτο

2098 2909 2199 2978 μὲν
2222 2909 2554 2980 ἠσπάζοντο,
2584 2911 2743 2965 τοῦτο
2774 2911 2834 2965 δὲ
2863 2914 2958 2966 καὶ
2987 2911 3322 2983 ἐφθέγγοντο
3347 2914 3667 2986 εὖχάριστόν

422 3005 604 3062 iuerat
634 3007 900 3063 literatus
949 3008 1245 3063 recordans
1281 3026 1295 3063 :
1336 3017 1393 3063 et
1445 3010 1623 3064 oculis
1669 3009 1991 3065 emittebant

2097 3021 2171 3068 τι,
2197 3005 2294 3058 καὶ
2320 3004 2585 3073 δάκρυσιν
2628 3005 2826 3077 ήδονῆς
2864 3007 3292 3089 κεκερασμένρν,
3333 3002 3411 3061 ὧν
3441 3025 3498 3062 τε
3529 3008 3667 3063 ἐπα-

421 3100 693 3171 laerynnas
749 3109 920 3156 testes
969 3116 1162 3157 eorum
1218 3117 1337 3171 qua:
1373 3100 1722 3156 dicebantur.
1788 3102 1993 3158 Deinde

422 3192 591 3247 etiam
643 3193 715 3247 iis
738 3195 830 3263 qui
862 3194 1087 3248 aderant
1126 3193 1444 3264 singillatim
1469 3193 1769 3249 narrabant
1790 3192 1989 3249 seriem

419 3286 498 3338 rei
531 3293 717 3352 gestae.

490 3374 687 3430 XXIX.
743 3375 1098 3432 Admirabilis
1150 3392 1282 3431 vero
1328 3376 1584 3433 Nicolaus
1657 3392 1763 3432 non
1813 3380 1995 3434 minus

422 3467 605 3523 Sciens
636 3468 873 3523 liberare
898 3483 927 3521 a
961 3467 1210 3538 periculo
1254 3470 1471 3534 animae,
1495 3467 1641 3538 quod
1666 3480 1783 3523 erat
1823 3470 1990 3524 etiam

423 3557 474 3613 ei
496 3557 693 3629 majori
735 3573 902 3622 curae,
934 3572 1057 3614 cum
1106 3558 1473 3628 perspiciendi
1519 3559 1797 3615 facultatis
1850 3560 1996 3616 dono

422 3649 652 3718 spiritus
680 3650 762 3704 eis
797 3649 1130 3706 insidentem
1184 3649 1324 3705 vidit
1377 3650 1810 3721 improbitatem,
1872 3669 1996 3722 quae

423 3739 613 3810 procul
661 3755 692 3795 a
732 3739 848 3795 Deo
883 3740 1197 3795 removebat
1249 3748 1304 3795 et
1355 3740 1424 3794 ab
1486 3741 1636 3797 illius
1671 3742 1992 3798 mandatis:

424 3827 534 3884 Vos
563 3828 733 3900 ipsos,
764 3845 797 3885 o
823 3829 940 3896 lilii,
971 3829 1216 3894 dicebat,
1240 3829 1542 3898 agnoscite,
1603 3829 1850 3900 inquam,
1901 3847 1996 3886 vos

424 3932 596 3991 rogo:
627 3929 684 3975 et
712 3920 879 3976 corda
915 3929 1094 3976 vestra
1139 3928 1198 3976 et
1225 3921 1428 3975 mentis
1458 3926 1652 3974 vestra:
1709 3928 1895 3976 motus
1940 3931 1998 3975 et

422 4011 782 4081 cogitationes
801 4011 868 4067 ad
901 4012 1005 4068 hoc
1042 4012 1263 4084 dirigite
1309 4022 1370 4067 ut
1399 4012 1511 4067 Deo
1539 4012 1824 4083 placeatis.
1859 4011 1995 4067 Nam

423 4104 529 4160 etsi
587 4106 792 4161 multos
816 4107 1103 4171 lateamus,
1138 4112 1193 4160 et
1239 4103 1367 4159 boni
1409 4119 1532 4159 esse
1587 4104 1896 4169 videamur,
1943 4113 1999 4158 at

422 4198 580 4253 illum
620 4199 841 4270 quidem
902 4206 1053 4253 certe
1100 4197 1328 4252 omnino
1370 4195 1506 4251 nihil
1552 4195 1745 4252 latebit
1799 4211 1993 4252 eorum

421 4305 545 4358 quae
576 4298 766 4345 nostra
789 4297 942 4345 sunt.
974 4307 992 4340 ι
1022 4286 1158 4342 Nam
1206 4288 1375 4342 homo
1431 4286 1676 4357 quidem,
1708 4288 1904 4360 inquit.
1938 4289 1991 4344 in

2098 3096 2190 3150 θον
2224 3100 2683 3169 μιμνησκόμενοι,
2724 3099 2821 3153 καὶ
2844 3101 2992 3164 ὅπως
3048 3099 3298 3171 ῥυσθεῖεν
3334 3102 3538 3175 σφόδρα
3566 3117 3669 3153 πε-

2099 3189 2339 3262 ριχαρῶς
2369 3188 2746 3260 ἐξηγούμενοι·
2770 3191 2961 3246 ἔπειτα
2988 3193 3087 3247 καὶ
3116 3193 3231 3256 τοῖς
3253 3194 3488 3265 παροῦσι
3521 3192 3668 3246 κατὰ

2098 3280 2266 3350 μέρος
2295 3280 2361 3333 τὰ
2384 3280 2478 3334 τοῦ
2515 3280 2842 3352 πράγματος
2862 3281 3171 3351 διηγοῦντο.

2169 3370 2299 3427 κον.
2355 3372 2416 3425 '0
2461 3370 2781 3442 θαυμαστὸς
2843 3372 3029 3426 τοίνυν
3092 3371 3356 3432 Νικόλαος
3419 3371 3667 3424 κινδύνου

2097 3464 2324 3535 ῥύεσθαι
2357 3462 2453 3518 τοῦ
2484 3464 2584 3534 τῆς
2604 3465 2785 3536 ψυχῆς
2816 3464 2912 3534 οὐχ
2935 3458 3099 3537 ἦττον
3125 3463 3303 3527 εἰδὼς,
3335 3463 3364 3517 ὃ
3420 3465 3513 3516 καὶ
3569 3463 3668 3533 τῆς

2097 3553 2342 3618 πλείονος
2377 3549 2580 3622 μᾶλλον
2604 3552 2758 3622 ἠξίου
2814 3552 3120 3623 φροντίδος.
3153 3548 3342 3618 ἐπειδὴ
3384 3548 3465 3618 τῷ
3486 3548 3671 3617 διορα-

2096 3645 2234 3713 τικῷ
2283 3643 2378 3697 τοῦ
2430 3644 2741 3712 πνεύματος
2789 3643 3059 3714 ὀφθαλμῷ
3118 3643 3424 3713 μοχθηρίαν
3487 3639 3672 3700 αὐτοῖς

2097 3737 2524 3807 ὑποκαθημένην
2561 3735 2730 3807 ἐώρα,
2758 3738 2949 3809 πόρρω
2994 3733 3136 3789 Θεοῦ
3179 3732 3413 3790 καὶτῶν
3461 3732 3672 3786 ἐκείνου

2097 3825 2396 3896 βάλλουσαν
2423 3825 2671 3891 ἐντολῶν,
2717 3825 3015 3893 Ἑπίγνωτε
3044 3825 3288 3890 ἑαυτοὺς,
3309 3823 3530 3893 ἐφώνει,
3554 3822 3673 3875 δέο-

2100 3933 2220 3986 μαι,
2247 3916 2438 3980 τέκνα,
2470 3915 2762 3984 ἑπίγνωτε,
2788 3916 2881 3969 καὶ
2901 3916 3001 3977 τὰς
3039 3914 3262 3986 καρδίας
3293 3913 3450 3984 ὑμῶν
3473 3913 3570 3966 καὶ
3604 3909 3672 3963 τὰ

2094 4005 2191 4060 τοῦ
2227 4006 2316 4062 νοῦ
2346 4006 2627 4077 κινήματά
2654 4023 2716 4059 τε
2754 4006 2849 4060 καὶ
2883 4006 3229 4078 διανοήματα
3255 4006 3336 4065 είς
3364 4003 3669 4074 εὐαρεστη-

2098 4115 2181 4151 σιν
2204 4097 2547 4153 ἀπευθύνατε
2601 4097 2698 4152 τοῦ
2750 4096 2915 4152 θεοῦ.
2948 4096 3066 4152 Κᾶν
3104 4099 3214 4166 γὰρ
3260 4095 3387 4158 τοὺς
3444 4094 3675 4156 πολλοὺς

2095 4193 2385 4247 λανθάνειν
2416 4192 2634 4263 ἔχομεν,
2663 4190 2691 4243 δ
2718 4190 2779 4242 τὸ
2805 4190 2914 4242 πᾶν
2948 4190 3006 4241 ἐν
3055 4187 3133 4257 τῷ
3161 4186 3230 4238 τὲ
3263 4185 3444 4255 φαῦλα
3490 4182 3671 4253 πρὰτ·

2097 4300 2211 4337 τειν
2240 4277 2383 4337 εἶναι
2428 4280 2749 4352 νομίζομεν,
2794 4279 2894 4334 καὶ
2942 4279 3174 4350 χρηστοὶ
3246 4275 3518 4344 δοκῶμεν,
3557 4271 3676 4327 ἀλλ’

421 4376 640 4445 faciem,
668 4380 812 4434 Deus
841 4387 1022 4433 autem
1053 4377 1118 4432 ad
1155 4393 1251 4433 cor
1281 4378 1344 4432 “.
1387 4397 1405 4430 ι
1443 4378 1556 4434 lloc
1585 4396 1804 4450 quoque
1833 4380 1982 4436 Scri-

2103 4376 2308 4428 ὲκεῖνον
2324 4374 2460 4436 ὃλως
2478 4372 2631 4426 οὐδὲν
2661 4370 2950 4440 διαφεύγει
2998 4368 3109 4422 τῶν
3151 4367 3458 4439 ἡμετέρων.
3501 4384 3517 4415 ι
3552 4365 3679 4417 ’Λνο

422 4477 641 4541 pturam
678 4469 969 4524 audivistis
1001 4468 1318 4522 dicentem:
1377 4486 1396 4520 ι
1446 4467 1526 4525 Ne
1556 4467 1771 4525 faciatis
1822 4472 1988 4538 mala,

422 4569 480 4616 et
503 4574 602 4614 vos
620 4574 728 4614 non
759 4560 1230 4629 comprehendant
1267 4561 1405 4615 mala
1438 4562 1501 4616 “.
1542 4580 1561 4614 ι
1594 4562 1805 4618 Discite
1860 4578 1994 4618 vero

425 4650 614 4719 potius
668 4649 1013 4715 benefacere,
1083 4660 1139 4706 et
1191 4652 1440 4722 corporis
1497 4653 1989 4709 sanctiﬁcatiouem

426 4748 540 4794 ιμιο
580 4753 834 4794 exercere
861 4741 1164 4810 proposito.
1204 4759 1224 4793 ι
1265 4741 1366 4797 Vos
1389 4743 1534 4815 enim
1568 4744 1704 4799 estis
1733 4744 1993 4813 templum

432 4830 552 4886 Dei.
583 4829 687 4897 Qui
735 4841 919 4887 autem
947 4834 1257 4904 corrumpit
1318 4836 1421 4891 hoc
1475 4836 1755 4904 templum,
1806 4838 2001 4904 perdet

423 4938 552 4977 cum
577 4921 741 4978 Deus.
776 4942 792 4971 ι
823 4922 944 4979 llaec
965 4926 1100 4980 dicit
1131 4926 1350 4981 divinus
1377 4926 1576 4981 Paulus
1604 4927 1670 4981 ¹⁸.
1696 4925 1788 4981 Sic
1816 4927 1995 4992 facite,

423 5020 482 5067 et
534 5011 603 5066 de
651 5018 853 5067 caetero
903 5014 1073 5068 Deum
1122 5014 1397 5071 habebitis
1444 5016 1780 5088 adiutorem.
1841 5014 2000 5072 Sulli-

423 5104 582 5159 ciunt
619 5104 753 5158 mihi
805 5105 920 5160 htec
948 5122 1070 5175 qua:
1113 5108 1260 5162 dicta
1317 5115 1446 5160 sunt
1506 5108 1573 5162 ad
1628 5108 1998 5166 ostendendas

427 5209 566 5264 opes
593 5195 796 5264 quibus
819 5195 907 5250 ille
929 5212 959 5250 a
984 5197 1095 5252 Deo
1121 5206 1241 5251 erat
1264 5197 1648 5265 locupletatus.
1674 5198 1780 5253 Sed
1815 5200 2000 5254 nescio

399 5278 707 5356 'quomodo
764 5289 885 5352 εἷος
938 5287 1169 5352 mentio,
1205 5302 1307 5342 nec
1362 5287 1455 5343 hic
1503 5287 1725 5358 quidem
1781 5289 1990 5358 patitur

425 5376 624 5432 sistere
687 5378 1001 5432 orationem
1053 5395 1067 5431 :
1121 5378 1215 5432 sed
1268 5375 1371 5431 nisi
1427 5392 1491 5433 ea
1534 5393 1657 5448 quae
1705 5388 2003 5448 supersunt

425 5466 704 5535 adiecerit,
729 5468 987 5523 damnum
1026 5468 1179 5525 ducit
1210 5483 1329 5525 esse
1361 5469 1674 5525 maximum.

2091 4468 2307 4537 θρωπος
2337 4467 2439 4536 μὲν
2470 4465 2581 4535 γὰρ
2606 4466 2686 4529 εἰς
2711 4465 3034 4534 πρόσωπον,
3080 4479 3099 4514 ι
3131 4461 3323 4529 φησιν,
3363 4478 3380 4510 ι
3431 4457 3565 4519 Θεὸς
3619 4454 3678 4508 δὲ

2092 4560 2172 4616 είς
2198 4557 2444 4627 καρδίαν.
2472 4576 2491 4609 ι
2541 4556 2846 4611 Ἠκούσατε
2875 4556 2973 4624 τῆς
3004 4553 3228 4624 Γραφῆς
3261 4552 3358 4605 καὶ
3389 4547 3551 4602 τοῦτο
3582 4545 3676 4598 λε-

2092 4650 2316 4719 γούσης,
2341 4668 2360 4701 ι
2390 4647 2484 4719 Μὴ
2508 4650 2710 4702 ποιεῖτε
2733 4644 2902 4709 κακὰ,
2927 4645 3022 4700 καὶ
3045 4645 3106 4698 ού
3131 4643 3204 4713 μὴ
3228 4638 3511 4709 καταλάὁῃ
3533 4637 3680 4706 ὑμᾶς

2093 4741 2160 4794 τὰ
2181 4739 2345 4794 κακά.
2379 4757 2396 4789 ι
2431 4737 2507 4792 Εὖ
2525 4737 2582 4791 δὲ
2598 4737 2768 4790 ποιεῖν
2789 4733 2989 4805 μᾶλλον
3014 4731 3288 4801 ὲπιμόνως
3315 4725 3678 4800 σπουδάσατε,

2097 4832 2191 4884 καὶ
2215 4831 2304 4884 τὸν
2326 4830 2598 4900 ἁγιασμδν
2621 4827 2718 4882 τοῦ
2743 4827 2995 4897 σώματος
3030 4826 3127 4895 δλῃ
3188 4821 3446 4892 προθέσει
3504 4833 3677 4887 μεταο

2095 4922 2342 4987 διώξατε.
2385 4940 2404 4973 ι
2438 4922 2586 4984 Nato;
2613 4921 2725 4992 γὰρ
2785 4922 2946 4988 ἡμεῖς
2996 4917 3159 4971 Θεοῦ.
3213 4918 3309 4978 ὐς
3366 4913 3428 4966 δὲ
3462 4910 3678 4980 φθείρει

2095 5017 2187 5069 τον
2224 5016 2352 5069 ναὸν
2380 5015 2475 5069 τοῦ
2509 5015 2670 5078 Θεοῦ,
2707 5033 2726 5065 ι
2762 5013 2973 5075 Παῦλος
3023 5010 3195 5065 ταῦτα
3232 5025 3398 5079 φησιν
3431 5008 3461 5059 ὁ
3509 5003 3677 5064 θεῖος.

2102 5127 2122 5159 ‹
2151 5108 2340 5178 φθερεῖ
2367 5108 2555 5160 τοῦτον
2576 5109 2602 5159 ὁ
2629 5106 2782 5168 Θεός.
2799 5123 2816 5154 ι
2874 5103 3030 5156 Οὕτω
3050 5103 3278 5162 ποιεῖτε,
3308 5097 3475 5166 nam};
3494 5096 3680 5149 λοιπὸν

2097 5194 2248 5261 hic:
2284 5196 2476 5265 βοηθὸν
2506 5195 2718 5265 ἄμαχον
2755 5193 2844 5245 τδιν
2872 5192 3033 5244 Θεύν.
3074 5191 3282 5260 Ἤρκει
3311 5188 3380 5240 τὰ
3410 5186 3678 5257 εἰρημένα

2100 5288 2170 5356 ἦν
2203 5281 2357 5350 οὗτος
2382 5286 2631 5340 ἐπλούτει
2666 5286 2818 5356 παρὰ
2856 5285 2992 5338 Θεοῦ
3030 5286 3230 5354 ῥοπὴν,
3266 5282 3469 5344 ἱκανῶς
3496 5298 3678 5350 mpu-

2104 5379 2319 5445 στῆσαι.
2360 5379 2498 5432 Ἀλλ’
2528 5379 2630 5431 οὐκ
2658 5374 2756 5431 οἷδ’
2804 5377 2954 5440 ὅπως
3023 5379 3056 5446 ή
3110 5378 3236 5447 περὶ
3270 5374 3435 5429 αὐτοῦ
3487 5374 3674 5443 μνήμη

2105 5469 2217 5523 οὐδ’
2254 5469 2491 5524 ἐνταῦθα
2517 5468 2713 5540 στῆσαι
2748 5467 2840 5521 τὸν
2863 5467 3023 5536 λόγον
3054 5464 3327 5536 ἀνέχεται,
3358 5463 3484 5517 ἀλλ’
3510 5462 3560 5515 εί
3598 5463 3678 5532 μὴ

426 5563 515 5616 καὶ
556 5563 624 5616 τὰ
654 5563 954 5633 λειπόμενα
1005 5564 1326 5635 προσθήσει,
1388 5564 1588 5636 ζημίαν
1657 5565 1866 5623 τίθεται
1896 5566 1995 5636 τὴν
2033 5565 2313 5636 μεγίστην.

502 5681 546 5712 ⁸³
574 5680 593 5736 ι
619 5681 749 5753 Reg.
786 5699 892 5750 rm,
928 5684 978 5736 7.
1063 5683 1274 5740 "Joau.
1326 5701 1420 5751 xtl,
1452 5684 1537 5738 52$.

1624 5684 1662 5712 "‘
1699 5682 1862 5750 ιαρτ.
1892 5698 1972 5749 m,
2020 5679 2097 5735 l6.
