4080 6374
486 386 590 449 355

1722 364 2006 427 MENSIS
2050 363 2299 424 DECEM
2316 360 2479 421 BER.

3629 350 3741 414 355

481 498 659 553 vereri
713 497 927 564 longam
978 488 1381 560 navigationem
1440 492 1496 541 et
1565 493 1994 540 contrennscere
2040 498 2055 535 :

2170 479 2462 549 ἂποφέρειν
2494 476 2567 539 ὡς
2592 475 2684 528 τὸν
2714 472 2807 527 τοῦ
2842 470 3002 540 ἁγίου
3051 469 3245 540 τᾶφον,
3274 466 3577 522 δεδοικέναι
3605 466 3659 520 δὲ
3684 471 3745 522 τὸ

486 589 675 656 Neque
706 588 881 649 enim,
915 586 1118 654 inquit.
1152 582 1270 636 ﬁeri
1304 588 1504 652 potest,
1559 591 1620 633 ut
1667 577 1866 631 mulier
1910 582 2058 629 tanta

480 684 554 739 sit
606 679 854 740 audacia.
926 686 987 731 ut
1028 683 1239 731 tantum
1290 672 1459 726 maris
1514 670 1716 724 audeat
1774 666 2055 736 navigare.

485 776 635 843 liogo
665 789 797 840 ergo
833 785 929 824 vos
962 779 1020 825 ιιι
1059 770 1163 822 hoc
1190 782 1286 821 vas
1339 764 1625 833 accipiatis
1671 770 1726 815 et
1777 758 1964 813 feratis
1991 754 2057 809 ad

483 870 823 932 sepulcrum.
856 875 912 918 et
960 862 1015 915 in
1040 860 1212 916 sancti
1238 859 1519 913 lucernam
1554 852 1814 925 injiciatis
1853 853 2057 906 oleum.

482 956 610 1013 llaec
633 954 1063 1010 abominandum
1090 953 1309 1008 dicebat
1356 960 1412 1004 et
1455 948 1682 1018 rogabat
1707 946 2060 1003 daemonium,

487 1065 584 1103 vas
621 1048 753 1115 illud
812 1048 1032 1101 tradens
1059 1046 1112 1101 in
1141 1059 1337 1099 manus
1386 1042 1629 1111 piorum.
1668 1039 1748 1093 Illi
1784 1050 1967 1092 autem
2002 1043 2065 1089 ut

481 1141 653 1196 semel
673 1140 849 1195 dicam
882 1140 1059 1193 inerat
1087 1138 1228 1193 mala
1259 1136 1505 1206 quadam
1550 1132 1795 1203 operatio
1843 1138 1900 1184 et
1943 1144 2062 1183 om—

485 1234 621 1287 nino
647 1232 809 1297 digna
837 1246 904 1285 eo
932 1229 1025 1299 qui
1062 1228 1313 1283 dederat.
1346 1226 1577 1280 Multum
1606 1224 1789 1293 itaque
1840 1229 2063 1291 precata

488 1325 809 1396 persuadet.
841 1322 1089 1391 Cumque
1142 1320 1198 1375 id
1256 1320 1617 1388 aceepissent,
1652 1315 1911 1386 quoniam
1949 1313 2061 1382 pri-

484 1420 558 1472 mi
594 1417 705 1470 diei
754 1424 874 1468 erat
927 1415 1011 1468 eis
1041 1422 1261 1483 peracta
1305 1409 1600 1479 navigatio,
1636 1418 1789 1461 tuum
1830 1419 1990 1474 opus.
2031 1417 2065 1457 0

488 1507 558 1561 ﬁd
595 1508 665 1559 lis
701 1507 967 1559 lieiserve
995 1513 1051 1557 et
1079 1504 1293 1572 egregie
1327 1500 1585 1554 defensor
1609 1495 2063 1567 periclitantium,

487 1600 594 1653 hoc
615 1613 833 1668 quoque
868 1595 1014 1664 quod
1047 1593 1373 1647 mirabiliter
1399 1591 1600 1644 factum
1649 1597 1733 1641 est
1778 1594 1836 1641 et
1871 1595 2065 1639 contra

483 1693 829 1763 Opinionem.
874 1688 1051 1742 Noctu
1082 1686 1228 1739 enim
1286 1682 1502 1738 cuidam
1540 1695 1731 1734 eorum
1770 1690 2062 1747 apparens,

481 1785 644 1855 jubet
678 1797 772 1836 vas
802 1781 985 1852 jacere
1017 1780 1070 1831 in
1098 1775 1454 1846 profundum.
1510 1770 1592 1827 illi
1635 1784 1766 1824 vero
1799 1783 1925 1822 eum
1957 1765 2067 1837 pri-

2163 571 2299 625 πολὺ
2323 570 2418 623 τοῦ
2456 568 2615 632 πλοῦ,
2648 564 2927 621 καὶτοῦτο
2948 564 3048 633 τῆς
3084 563 3383 629 ἐπιθυμίας
3440 560 3742 630 εἴργεσθαι.

2166 664 2290 723 Πᾶς
2323 659 2432 728 γὰρ
2464 659 2559 711 καὶ
2591 654 2888 725 τολμητόν,
2921 656 3080 722 φησὶ,
3110 658 3341 720 γυναικί
3382 650 3621 718 πέλαγος
3661 665 3743 702 το·-

2166 753 2392 817 σοῦτον;
2421 750 2624 817 Δέομαι
2655 745 2947 815 τοιγαροῦν
2996 745 3171 816 ὑμῶν,
3202 744 3262 797 τὸ
3284 743 3450 812 ἄγγος
3485 742 3635 796 τουτὶ
3654 742 3746 796 λα-

2165 845 2383 909 ϐόντας,
2419 842 2790 914 μετακομίσαι
2831 858 2888 893 τε
2916 840 3068 911 παρὰ
3120 838 3212 891 τὸν
3276 840 3473 907 τάφον,
3528 841 3621 890 καὶ
3669 836 3747 907 τῷ

2164 936 2258 989 τοῦ
2290 936 2446 1003 ἁγίου
2478 932 2658 1004 λύχνῳ
2708 934 2768 986 τὸ
2798 932 2975 984 ἔλαιον
3036 929 3323 1000 ἐμϐαλεῖν.
3384 927 3627 981 Τοιαῦτα
3689 926 3751 980 τό

2167 1026 2422 1097 βδελυρὸν
2450 1026 2628 1077 ὲκεῖνο
2652 1024 2927 1093 δαιμόνιον
2964 1021 3119 1089 ἐλεγέ
3152 1037 3212 1072 τε
3269 1021 3368 1073 καὶ
3411 1021 3584 1072 ἑδεῖτυ
3620 1018 3749 1091 περὶ

2164 1122 2260 1173 τοῦ
2292 1120 2495 1186 ἄγγουέ
2522 1120 2633 1171 τῶν
2654 1117 2939 1186 φιλοθέων.
2967 1116 3041 1167 Τὸ
3092 1114 3148 1167 δὲ
3175 1116 3282 1184 ἄρα
3316 1113 3531 1183 πονηρά
3559 1129 3645 1174 τις
3673 1113 3747 1163 εί-
3832 1100 3835 1103 ’

2166 1214 2290 1264 πεῖν
2320 1212 2598 1282 ἐνέργεια,
2629 1209 2724 1262 καὶ
2744 1210 2881 1271 ὅλως
2927 1209 3055 1273 ἀξία
3081 1206 3176 1260 τοῦ
3210 1206 3529 1267 δεδωκότος.
3563 1206 3749 1258 Πείθςι

2165 1307 2346 1359 τοίνυν
2367 1305 2535 1357 πολλὰ
2553 1303 2761 1374 δεηθέν,
2783 1302 2889 1355 Καὶ
2915 1301 3173 1353 λαϐοῦσιν
3197 1301 3328 1353 αύτό
3353 1298 3492 1368 μετὰ
3524 1300 3737 1368 χεῐρας,

2168 1399 2291 1452 ἐπεὶ
2324 1399 2352 1450 ό
2374 1399 2473 1469 τῆς
2501 1393 2724 1467 πρώτης
2756 1394 2969 1465 ἡμέρας
3007 1394 3187 1457 αὐτοῖς
3225 1392 3388 1454 πλοῦς
3413 1392 3635 1462 ἤνυστο,
3658 1389 3747 1441 σὸν

2167 1492 2276 1562 ἄρα
2310 1491 2403 1544 καὶ
2432 1489 2589 1542 τοῦτο
2611 1488 2792 1560 ἔργον,
2814 1489 3051 1558 μέγιστε
3083 1485 3176 1537 τοῦ
3206 1484 3341 1538 Θεοῦ
3390 1484 3627 1556 θεράπον
3654 1486 3749 1537 καὶ

2168 1583 2308 1647 δεξιὲ
2345 1585 2456 1646 τοῖς
2498 1578 2874 1634 κινδυνεύουσι
2905 1581 3254 1649 παραστάτα.
3275 1576 3510 1646 Νύκτωρ
3534 1577 3615 1628 ἐνὶ
3642 1577 3750 1630 τῶν

2172 1676 2567 1747 συμπλεόντων
2593 1676 2877 1742 ἐπιφανεῖς
2909 1674 3165 1725 καθεῖναι
3196 1672 3335 1723 κατὰ
3374 1670 3541 1741 βυθοῦ
3563 1671 3623 1723 τὸ
3646 1671 3748 1738 ἄγ-

2169 1783 2265 1835 γος
2296 1765 2532 1819 κελεύει.
2575 1765 2635 1816 Ὀ
2675 1764 2732 1816 δὲ
2774 1768 2868 1816 καὶ
2914 1765 3025 1826 τοῖς
3078 1762 3256 1823 ἄλλοις
3312 1764 3598 1831 ἐσήμαινε,
3657 1761 3750 1813 καὶ

488 1890 637 1951 muni
683 1888 845 1927 mane
900 1872 1292 1932 surrexissent,
1338 1867 1410 1920 ita
1478 1865 1749 1923 iecerunt,
1801 1870 1857 1915 et
1908 1860 1958 1912 id
2012 1860 2064 1912 in

2176 1858 2304 1929 παρ’
2363 1858 2563 1910 αὐτίκα
2621 1856 2824 1928 ὄρθρου
2880 1855 3295 1919 διαναστάντες,
3354 1856 3413 1907 τὸ
3457 1854 3749 1908 κελευσθὲν

487 1980 637 2020 mare
666 1964 988 2034 projiciunt,
1014 1971 1308 2029 statunqne
1339 1960 1556 2012 ﬂamma
1594 1954 1829 2009 sublime
1854 1952 2069 2005 sublata

484 2072 565 2112 ρει
603 2059 657 2109 in
676 2070 884 2118 aciem,
915 2055 1208 2122 lumu5que
1234 2059 1289 2104 et
1337 2049 1461 2102 tetri
1493 2050 1689 2101 odores
1713 2045 1861 2099 illim:
1910 2041 2071 2096 emit-

490 2149 772 2203 tebantur.
819 2146 974 2200 Tunc
1017 2161 1159 2214 aqua
1209 2141 1811 2211 cmpitdebiseerezet
1855 2135 2070 2189 inferne

491 2243 752 2310 clangens
794 2248 1053 2308 tanquam
1074 2234 1422 2304 erumpentis
1455 2243 1612 2286 terra:
1637 2240 1840 2291 motus,
1863 2227 2067 2295 strepi-

491 2341 580 2384 tus
635 2332 800 2384 edere
824 2347 838 2394 ;
868 2340 920 2384 ct
948 2346 1102 2396 aqua:
1129 2338 1296 2398 guttae
1337 2335 1496 2380 erant
1517 2324 1786 2384 scintillae,
1813 2331 1867 2375 et
1914 2319 2071 2373 navis

490 2429 658 2473 tantis
687 2422 992 2489 intercepta
1028 2419 1286 2472 [luctibus
1317 2418 1426 2487 jam
1447 2416 1789 2469 obruebatur
1823 2429 1838 2466 :
1870 2410 2067 2474 etviri,

480 2494 598 2564 tam
645 2511 930 2578 inopinato
980 2511 1232 2578 periculo
1279 2507 1660 2576 obstupefacti,
1726 2517 1785 2558 se
1836 2502 2068 2556 invicem

490 2611 678 2655 tristes
707 2614 759 2655 et
801 2602 1333 2670 planedesperantes
1361 2597 1741 2658 intuebantur,
1769 2603 1823 2648 et
1854 2593 2069 2647 nullum

495 2698 631 2747 tanti
659 2694 786 2746 mali
821 2693 1429 2747 itivenicbantexitum.
1484 2688 1589 2743 Sed
1627 2687 1721 2756 qui
1765 2685 1954 2753 procul
1985 2699 2071 2739 sa-

492 2786 625 2841 lutis
652 2801 844 2840 eorum
870 2800 1059 2839 curam
1081 2785 1328 2854 gerebat,
1350 2782 1592 2852 iusserat
1624 2788 1682 2832 ut
1705 2794 1801 2832 vas
1833 2778 1888 2832 in
1919 2792 2069 2830 mare

495 2879 854 2951 projicerent,
913 2878 959 2931 is
1009 2887 1141 2931 tunc
1196 2890 1417 2946 quoque
1449 2873 1531 2928 eis
1565 2886 1856 2943 apparens,
1894 2884 1992 2924 eos
2038 2885 2069 2923 a

492 2970 814 3041 gravissima
844 2969 1105 3022 liberavit
1139 2976 1487 3037 tempestate,
1542 2974 1598 3020 et
1635 2979 1664 3018 a
1694 2963 1933 3016 maximo
1976 2976 2071 3030 pe-

491 3063 699 3116 riculo.
729 3060 865 3114 Nam
898 3059 1062 3113 simul
1094 3048 1259 3129 atque
1291 3060 1447 3112 navis
1477 3071 1671 3128 parum
1712 3066 1858 3109 mota
1904 3068 1992 3108 eSt
2035 3069 2069 3107 a

2172 1948 2410 2000 ἐποίουν.
2442 1947 2515 1998 Τὸ
2545 1945 2674 2015 γοῦν
2729 1960 3210 2014 πεπονηρευμενον
3274 1947 3542 2014 ἑτοίμως,
3611 1949 3748 2017 ὅπερ

2169 2034 2260 2110 ἦν,
2293 2039 2662 2110 ἀπηλέγχετο.
2703 2038 2838 2101 Φλὸξ
2860 2038 2967 2106 γὰρ
3003 2036 3167 2099 εὐθυς
3223 2040 3503 2108 μετέωρός
3553 2056 3612 2092 τε
3664 2041 3747 2103 εἰς

2172 2133 2312 2204 ἀέρα
2342 2131 2524 2203 ἤρετο,
2554 2130 2649 2183 καὶ
2682 2129 2844 2200 όδμαι
2873 2129 3150 2201 δυσωδεις,
3191 2129 3252 2182 τὸ
3300 2129 3445 2200 ὕδωρ
3469 2133 3617 2200 αῦτῴ
3642 2132 3751 2184 διέ-

2174 2242 2290 2296 σχε,
2316 2224 2563 2279 κατωθέν
2591 2240 2649 2277 τε
2685 2223 3092 2291 ανακαλλάσαν,
3141 2223 3484 2294 βρασμώδει,
3540 2226 3747 2293 ψόφους

2172 2318 2439 2383 ἀνεδίδου,
2472 2320 2565 2369 καὶ
2593 2316 2892 2386 σπινθῆρες
2922 2317 2975 2368 αἱ
3001 2321 3254 2383 σταγόνες
3280 2312 3439 2386 ἦσαν,
3473 2317 3509 2388 ἦ
3536 2333 3593 2367 τε
3615 2315 3749 2380 ναῦς

2172 2410 2408 2463 κλύδωνι
2465 2411 2708 2480 τοσούτῳ
2745 2411 3159 2479 περιληφθεῖσα,
3193 2410 3375 2477 ὀλίγου
3406 2410 3506 2481 ήδη
3535 2415 3628 2463 καὶ
3648 2428 3750 2464 κα-

2170 2502 2413 2568 τεδύετο,
2444 2506 2539 2558 καὶ
2569 2507 2618 2556 οἱ
2650 2504 2844 2575 ἄνδρες
2880 2504 2958 2573 τῷ
3005 2506 3305 2573 παραλόγῳ
3350 2504 3443 2556 τοῦ
3499 2506 3746 2558 κινδύνου

2173 2598 2474 2668 καταφοδοι
2505 2597 2829 2664 γεγονότες,⁵
2852 2597 3171 2663 ἁτιεγνωκός
3198 2613 3249 2647 τι
3283 2601 3376 2649 καὶ
3404 2597 3593 2667 ἄγριον
3617 2601 3752 2652 ἁπέ-

2173 2690 2378 2744 6).επον
2398 2694 2477 2753 εἰς
2509 2689 2796 2759 ἀλλήλους,
2830 2692 2923 2743 καὶ
2953 2690 3089 2752 ὅλως
3113 2693 3170 2742 ὲν
3199 2693 3389 2762 ἀπόρῳ
3433 2690 3650 2747 ἅπαντα
3680 2691 3751 2744 τὰ

2421 2775 2446 2795 ν
2568 2783 2580 2801 τ
2665 2784 2680 2797 κ
2711 2785 2723 2801 ι
2872 2787 2877 2793 ι
3253 2782 3275 2793 ς
3379 2786 3397 2794 -

2174 2782 2399 2836 ἐκείνων
2419 2799 2511 2854 ην.
2582 2784 2694 2835 ΛλΑ
2756 2786 2785 2835 ὁ
2814 2784 3101 2854 πόρρωθεν
3134 2785 3316 2836 αὑτων
3340 2801 3436 2854 τη,
3472 2785 3750 2853 σωτηρίας

2174 2877 2499 2949 κηδόμενος,
2527 2880 2619 2931 καὶ
2653 2877 2715 2929 τὸ
2746 2878 2918 2944 ἄγγος
2939 2879 3157 2947 ἀφεῖναι
3191 2880 3332 2930 κατα
3362 2879 3527 2948 βυθοῦ
3561 2880 3753 2930 κελεύ-

2177 2985 2299 3033 σας,
2327 2972 2390 3023 σὺ
2429 2969 2591 3032 αὐτὸς
2628 2969 2909 3023 κάνταῦθα
2938 2970 3246 3038 ἐπιφανεὶς,
3273 2970 3367 3023 τοῦ
3428 2971 3751 3041 χαλεπωτά-

2172 3080 2264 3116 του
2289 3063 2541 3116 κινδύνου
2575 3064 2897 3133 παραδόξως
2922 3063 3045 3134 ῥύῃ.
3083 3062 3251 3131 Ὁμοῦ
3292 3079 3349 3115 τε
3384 3066 3495 3131 γὰρ
3535 3066 3570 3134 ἠ
3614 3064 3750 3126 ναῦς

490 3154 651 3220 loco;
679 3162 737 3208 et
765 3153 871 3206 viri
900 3153 1065 3207 soluti
1098 3162 1228 3205 sunt
1255 3161 1426 3214 metu,
1451 3159 1506 3203 et
1528 3147 1777 3219 quaedam
1807 3160 1903 3201 eos
1923 3146 2066 3198 allia-

2178 3155 2349 3225 βραχὺ
2384 3154 2479 3207 τοῦ
2524 3153 2690 3206 τόπου
2721 3154 2928 3224 διέστη,
2966 3156 3061 3206 καὶ
3099 3154 3192 3208 τοῦ
3225 3154 3375 3217 δέου,
3400 3157 3554 3208 αὐτοὶ
3597 3157 3749 3211 ἁνεί-

493 3245 571 3295 vit
603 3258 737 3294 aura
761 3240 947 3295 suavis
975 3250 1032 3294 et
1073 3240 1377 3303 odorilera,
1413 3247 1471 3294 et
1518 3240 1688 3292 odore
1742 3246 1871 3291 sunt
1918 3238 2068 3291 dele—

491 3333 648 3398 ctati,
695 3342 752 3386 et
802 3346 1039 3389 mamma
1085 3338 1216 3386 sunt
1281 3345 1474 3384 eorum
1526 3329 1697 3382 animi
1743 3328 1926 3383 allecti
1976 3316 2071 3381 lae-

493 3424 635 3477 litta.
1123 3477 1129 3483 .

565 3513 780 3570 XXXII.
812 3515 935 3569 Haec
972 3513 1069 3569 tibi
1113 3523 1296 3569 sunta
1347 3512 1460 3568 Deo
1509 3513 1675 3577 dona,
1724 3527 1757 3568 ο
1805 3510 2067 3577 Nicolae;

492 3605 608 3660 luce
639 3617 768 3659 sunt
798 3607 1050 3661 laborum
1077 3606 1572 3671 remunerationes,
1601 3606 1717 3660 hate
1759 3614 1888 3659 sunt
1934 3618 2072 3674 pne-

492 3701 603 3754 mia
635 3710 856 3755 tuorum
917 3701 1307 3763 certaminum,
1361 3709 1418 3755 et
1475 3710 1584 3754 tua:
1631 3698 2067 3763 exercitationis,

492 3808 635 3864 quin,
683 3796 934 3862 inquam,
985 3792 1219 3861 adeptus
1264 3806 1323 3847 es
1373 3792 1430 3845 in
1477 3792 1579 3845 hac
1632 3799 1744 3845 vita
1786 3789 2066 3860 praesenti.

492 3890 702 3945 Futura
731 3892 878 3944 enim
905 3889 997 3943 illa
1047 3897 1177 3944 sunt
1218 3889 1465 3950 omnino,
1518 3903 1641 3958 qua:
1689 3903 1868 3958 neque
1915 3886 2068 3942 cerni

490 3994 725 4054 possunt
758 3982 960 4046 oculis,
989 3995 1091 4035 nec
1115 3980 1297 4035 audiri
1329 3981 1581 4044 auribus,
1604 3994 1707 4034 nec
1727 3980 1898 4035 corde
1920 3994 2069 4033 com-

492 4074 790 4145 prehendi,
851 4089 971 4142 quae
1025 4072 1322 4127 didicimus
1384 4072 1554 4127 Deum
1616 4085 1951 4142 praeparasse
2004 4071 2071 4125 iis

494 4167 587 4235 qui
618 4169 797 4235 ipsum
836 4165 1073 4234 diligunt
1104 4166 1171 4218 “.
1223 4164 1335 4234 Ego
1366 4173 1551 4217 autem
1609 4163 1748 4216 nihil
1804 4163 2069 4217 dubitabo

494 4270 546 4314 te
579 4271 636 4312 et
662 4259 991 4328 praeclarum
1026 4272 1225 4312 vocare
1281 4268 1577 4328 martyrem
1630 4268 2069 4326 coronatumque

491 4352 762 4403 victorem
800 4352 918 4404 sine
958 4351 1250 4420 sanguine,
1303 4361 1570 4420 quantum
1602 4350 1747 4404 scire
1776 4364 2069 4419 possumus

494 4441 860 4509 respicientes
882 4452 1034 4495 tuum
1070 4443 1241 4496 animi
1272 4442 1607 4496 institutum.
1659 4442 1761 4507 Qui
1797 4444 1910 4495 sola
1935 4454 2065 4510 pre-

2175 3251 2367 3318 θησαν·
2404 3249 2499 3302 καὶ
2537 3243 2682 3317 αῦρά
2721 3264 2804 3310 τις
2838 3250 3194 3318 περιέπνευσε
3239 3250 3458 3312 τούτους
3526 3251 3748 3321 μαλακὴ

2173 3344 2269 3395 καὶ
2299 3341 2531 3412 εὐώδης,
2565 3343 2659 3395 καὶ
2686 3340 2932 3411 ἥσθησαν
2980 3345 3045 3412 τῇ
3078 3344 3238 3411 πνοῇ,
3265 3343 3359 3396 καὶ
3411 3344 3510 3406 τὰς
3571 3345 3750 3414 ψυχας

2169 3434 2245 3497 ὡς
2271 3434 2465 3504 ἥδιστα
2495 3434 2834 3504 διεθέτησαν.

2241 3526 2368 3582 ΛΒ’.
2402 3527 2590 3579 Ταῦτὰ
2637 3543 2721 3579 σοι
2758 3527 2893 3599 πρὸς
2952 3525 3090 3581 Θεοῦ
3153 3527 3223 3582 τὰ
3265 3530 3429 3598 γέρα,
3481 3529 3750 3595 Νικόλαε,

2172 3614 2336 3674 αὗται
2361 3619 2469 3672 τῶν
2505 3622 2685 3673 πόνων
2707 3621 2763 3671 αἱ
2798 3619 3056 3690 ἀμοιϐαὶ,
3096 3620 3272 3675 ταῦτα
3298 3623 3407 3676 τῶν
3440 3624 3753 3693 ἀσκητιτὼν

2171 3712 2349 3766 ἄθλων
2379 3715 2445 3763 τὰ
2470 3711 2704 3774 ἔπαθλα,
2733 3710 2799 3763 τὰ
2826 3713 2970 3764 κατὰ
2998 3712 3086 3764 τὸν
3116 3714 3363 3784 παρόντα
3403 3714 3549 3784 φημὶ
3611 3713 3751 3782 βίον.

2172 3804 2255 3856 Τὰ
2286 3805 2395 3875 γὰρ
2426 3803 2521 3856 τοῦ
2555 3803 2841 3873 μέλλοντος
2865 3807 3050 3858 ἐκεῖνα
3078 3809 3299 3870 πάντως
3322 3809 3457 3872 εἰσὶ,
3491 3809 3557 3860 τὰ
3605 3808 3751 3874 μήτε

2172 3894 2473 3965 ὀφθαλμοῖς
2505 3895 2699 3959 θεατὰ,
2736 3897 2875 3966 μήτε
2911 3897 3044 3950 ὠσὶν
3075 3900 3339 3961 ἀκουστὰ,
3380 3901 3519 3969 μήτε
3552 3899 3755 3971 καρδίᾳ

2172 3987 2356 4057 ληπτὰ
2386 3989 2675 4056 γενόμενα,
2710 3988 2746 4042 ἃ
2780 3990 3071 4058 ἑτοιμάσαι
3108 3990 3199 4043 τὸν
3230 3991 3362 4045 Θεὸν
3391 3991 3754 4060 δεδιδαγμεοα

2172 4082 2287 4142 τοῖς
2318 4078 2604 4146 ἀγαπῶσιν
2632 4079 2815 4132 αὐτόν.
2857 4080 2997 4149 Ἐγὼ
3018 4081 3071 4133 δέ
3100 4098 3161 4134 σε
3188 4083 3340 4134 οὐδὲν
3376 4084 3595 4150 ὀκνήσω
3650 4090 3754 4136 καὶ

2172 4172 2426 4241 λαμπρὸν
2466 4172 2720 4243 μάρτυρα
2747 4172 2975 4226 καλέσαι
3001 4180 3094 4226 καὶ
3154 4177 3482 4246 στεφανίτην
3512 4175 3755 4245 ἀναίμα-

2174 4281 2324 4331 κτον,
2357 4267 2457 4317 ὃσα
2482 4281 2544 4332 γε
2575 4266 2872 4335 ἀναφέρειν
2906 4270 2987 4330 εἰς
3020 4270 3343 4337 προαίρεσιν
3376 4270 3757 4338 ἐπιστάμεθα.

2170 4356 2304 4428 εὐχῇ
2338 4359 2478 4428 μόνῃ
2511 4359 2569 4410 τὸ
2622 4357 2883 4422 δυσσεὸὲς
2930 4359 3131 4429 κράτος
3187 4361 3602 4424 καταϐαλόντα,
3650 4367 3760 4421 καὶ

2173 4450 2354 4513 καλῶς
2380 4450 2480 4521 τῆς
2509 4450 2806 4522 ὑπερορίας
2853 4450 3253 4520 ἁνακληθέντα,
3288 4453 3382 4506 καὶ
3412 4453 3551 4522 μετὰ
3607 4452 3761 4519 λαμ-

492 4535 709 4589 catiouc
750 4534 969 4602 impiam
1001 4534 1318 4604 confregisti
1356 4536 1680 4605 potentiam,
1705 4545 1763 4588 et
1782 4535 2065 4589 abexsilio

2171 4545 2327 4617 πρῶν
2367 4544 2646 4615 τροπαίων
2691 4545 3063 4598 ἐπανελθόντα
3094 4545 3464 4614 Χριστιανοῐς,
3504 4546 3600 4599 καὶ
3648 4545 3760 4615 τὴν

494 4626 727 4697 pulchre
759 4628 913 4681 luisti
944 4637 1233 4682 revocatus
1276 4639 1371 4683 :et
1426 4644 1549 4683 cum
1599 4627 1903 4697 splendidis
1952 4637 2067 4682 tro-

494 4719 625 4790 pacis
649 4720 864 4774 rediisti
900 4720 969 4774 ad
991 4720 1377 4786 Christianos;
1424 4728 1481 4775 et
1525 4721 1761 4789 priorem
1793 4720 2065 4774 honorem

491 4813 739 4868 secundo
763 4814 1028 4881 excepisti
1054 4815 1108 4866 in
1133 4812 1355 4868 Christo
1402 4813 1530 4868 Jesu
1576 4812 1813 4867 Domino
1858 4822 2070 4876 nostro,

494 4923 621 4960 cum
660 4922 771 4976 quo
811 4908 957 4964 Patri
988 4908 1154 4963 simul
1210 4924 1334 4964 eum
1374 4918 1565 4963 sancto
1613 4907 1822 4978 Spiritu
1872 4908 2070 4977 gloria,

494 5000 764 5067 patentia,
788 4999 968 5053 bonor
990 5008 1047 5054 et
1081 4999 1357 5062 adoratio,
1383 5013 1532 5054 nunc
1561 5011 1619 5054 et
1661 5013 1881 5069 semper
1909 5009 1968 5053 et
2015 5001 2071 5054 in

493 5091 695 5146 secula
725 5094 1072 5149 saeculorum.
1105 5094 1299 5147 Amen.

573 5232 616 5264 “‘
644 5233 747 5288 lsa.
775 5249 880 5304 Liv,
910 5236 941 5290 4
968 5255 982 5304 ;
1014 5234 1181 5293 lCor.
1212 5251 1267 5306 ιι,
1293 5235 1346 5291 9.

2175 4638 2449 4709 προτέραν
2479 4638 2647 4707 τιμὴν
2674 4639 2739 4706 τῇ
2768 4637 3007 4709 δευτέρᾳ
3030 4637 3416 4706 διαδεξάμενον
3440 4639 3500 4691 ιν
3531 4636 3761 4707 Χριστῷ

2187 4728 2363 4801 Ἰησοῦ
2403 4728 2480 4799 τῷ
2508 4729 2700 4799 Κυρίῳ
2719 4729 2899 4799 ἡμῶν,
2930 4727 3050 4798 μεθ’
3078 4724 3140 4782 οὗ
3185 4730 3265 4799 τῲ
3296 4730 3472 4798 [lupi
3504 4728 3622 4797 ἅμα
3664 4728 3761 4798 τῷ

2169 4822 2312 4890 ἁγίῳ
2348 4822 2443 4874 καὶ
2474 4821 2667 4890 ἀγαθῷ
2694 4820 2982 4891 Πνεύματι
3013 4820 3162 4889 δόξα,
3208 4824 3431 4893 κράτος,
3467 4820 3602 4891 τιμὴ
3644 4823 3760 4873 καὶ

2171 4913 2571 4984 προσκύνησις,
2594 4912 2689 4968 νῦν
2732 4914 2826 4968 καὶ
2854 4915 2940 4968 ἀεὶ
2969 4915 3064 4968 καὶ
3115 4916 3195 4980 εις
3234 4915 3363 4979 τοὺς
3405 4914 3607 4977 αἰῶνας
3632 4911 3760 4967 τῶν

2169 5006 2403 5060 αἰώνων.
2441 5006 2496 5058 ’Δ
2504 5008 2630 5076 μὴν.
