4080 6374
512 345 621 407 359
1761 346 1813 405 Μ
1830 345 2054 406 ENSIS
2101 343 2541 407 DECEMBER.
3190 366 3195 371 ‘
3675 345 3779 409 360

586 455 672 510 Ill.
698 454 835 510 Cum
866 468 998 525 ergo
1031 451 1186 508 multi
1216 450 1580 516 conﬂuerent,
1602 463 1658 506 et
1694 461 1919 523 propter
1948 454 2087 507 mul-

2269 453 2344 506 F'.
2385 452 2473 514 Ὠς
2508 449 2604 505 οἷν
2637 450 2773 505 πολὺ
2807 451 2866 505 τὸ
2898 450 3130 523 συρρέον
3178 445 3271 523 ἦν,
3304 449 3402 505 καὶ
3432 451 3637 519 πόλεως
3671 474 3777 511 πα-

514 546 803 600 titudinem
842 560 1033 600 eorum
1071 547 1164 615 qui
1209 543 1586 608 accedebant,
1625 544 1894 614 praeberet
1958 547 2094 600 soli--

2214 547 2353 616 ρεῖχε
2384 545 2570 615 σχῆμα
2592 543 2668 612 τῷ
2711 542 2905 613 πλήθει
2948 542 3058 596 τῶν
3106 543 3444 615 προσιόντων
3478 546 3510 615 ὴ
3553 544 3781 617 ἕρημος,

517 635 652 693 tudo
712 636 955 704 speciem
1021 635 1279 698 civitatis,
1340 635 1409 689 ab
1478 635 1570 691 illa
1630 635 2102 708 quidemsel‘uga

2214 637 2422 707 ἐκείνην
2460 637 2563 707 μὲν
2600 634 2817 704 φεύγει,
2844 636 2941 688 καὶ
2970 636 3101 699 τοὶις
3144 635 3328 699 καλῶς
3358 636 3567 700 εἰδότας
3598 638 3780 705 αὐτὸν,

514 708 792 792 subducit,
830 727 974 781 etab
1018 727 1085 782 iis
1115 726 1208 797 qui
1236 727 1417 797 ipsum
1446 737 1593 782 recte
1624 736 1821 782 norant
1851 710 2104 797 :ignotus

2214 730 2484 795 Ξγνωστος
2529 727 2586 780 δὲ
2617 730 2684 799 τῇ
2726 728 3145 781 Κωνσταντίνου
3177 729 3458 799 ἐπιφοιτᾷ,
3506 729 3606 782 καὶ
3650 732 3784 801 πρὸς

512 836 646 874 vero
677 822 825 874 venit
858 820 1413 889 Constantinopolim,
1453 828 1508 874 et
1560 833 1686 874 cum
1741 820 1808 874 ad
1847 834 2094 887 murum,

2214 820 2284 889 τῷ
2316 821 2376 875 ἐν
2440 819 2774 891 Βλαχέρναις
2820 819 2990 890 τείχει
3046 819 3146 892 τὴν
3196 821 3482 880 κατοικίαν
3539 821 3785 891 θέμενος,

513 913 607 983 qui
641 923 726 967 est
774 912 829 967 in
865 911 1207 978 Blachernis,
1242 911 1452 966 ﬁxisset
1481 912 1666 967 sedem
1720 927 1834 966 suae
1887 910 2103 966 habita.

2214 913 2384 985 ἑαυτῷ
2416 914 2563 983 μόνῳ
2607 914 2703 965 καὶ
2739 911 2816 981 τῷ
2848 904 2969 983 Θεῷ
3015 911 3302 983 προσέχων
3329 908 3420 983 ἦν,
3458 912 3628 981 ξένος,
3664 912 3789 985 ἕρη-

519 1004 710 1066 tiouis,
737 1004 838 1058 soli
893 1002 996 1059 sibi
1028 1010 1085 1056 et
1122 1002 1235 1055 Deo
1263 1001 1513 1062 vacabat,
1570 1001 1769 1068 hospes
1803 1000 2104 1069 solitarius,

2214 1020 2334 1073 μος,
2377 1004 2611 1071 ἄμικτος
2639 1005 2749 1065 τοῖς
2783 1001 3001 1065 πολλοῖς
3024 1002 3117 1055 καὶ
3140 1002 3386 1066 ἀθέατος,
3417 1005 3513 1056 καὶ
3544 1002 3690 1074 ἅπερ
3721 1006 3786 1058 ἂν

517 1104 573 1150 οι
612 1094 706 1165 qui
737 1110 914 1164 neque
942 1109 1067 1147 cum
1093 1093 1285 1148 multis
1306 1093 1472 1146 ullam
1501 1092 1737 1147 habebat
1761 1093 2107 1162 congressio-

2214 1096 2365 1158 ἄλλος
2415 1094 2588 1165 πέρας
2617 1093 2772 1146 ἔθετο
2802 1092 2911 1147 τῶν
2954 1092 3206 1162 ἀγώνων,
3238 1092 3415 1145 ταῦτα
3444 1094 3654 1158 ἐκεῖνος
3687 1095 3789 1164 ἁρ-

520 1203 676 1254 nem,
740 1202 926 1256 neque
1000 1187 1069 1241 ab
1117 1187 1200 1241 eis
1252 1185 1659 1255 aspiciebatur:
1691 1193 1747 1240 et
1798 1200 1920 1254 quae
1963 1185 2107 1244 alius

2214 1186 2311 1256 κῂν
2362 1182 2503 1239 εἶναι
2534 1186 2788 1254 νομίσας,
2825 1184 2897 1239 τὰ
2927 1184 3271 1254 προλαὸόντα
3316 1184 3463 1255 φημὶ
3501 1187 3594 1238 καὶ
3638 1186 3789 1256 αὐτῷ

521 1285 682 1334 linem
740 1280 1019 1334 statuisset
1075 1279 1467 1340 certaminum,
1526 1292 1593 1332 ea
1647 1277 1949 1333 arbitratus
2011 1277 2103 1332 ille

2214 1279 2310 1349 ἤδη
2351 1277 2789 1348 κατορθωθέντα,
2824 1275 3051 1349 θερμῶς
3077 1276 3275 1348 ἐχώρει
3307 1280 3420 1340 τοῖς
3450 1276 3789 1348 ἔμπροσθεν,

519 1388 643 1427 esse
694 1371 1051 1441 principium,
1113 1370 1507 1441 praecedentia,
1550 1371 1800 1443 inquam,
1862 1381 1919 1428 et
1982 1386 2105 1441 quin

2215 1370 2480 1441 μειζόνων
2512 1368 2705 1439 ὥσπερ
2726 1368 2834 1422 τῶν
2863 1369 3091 1438 ἀγώνων
3116 1370 3449 1439 ἁπτόμενος,
3478 1370 3571 1422 καὶ
3598 1370 3792 1422 ἑαυτὸν

521 1465 640 1534 ipse
666 1464 778 1534 jam
819 1474 967 1518 recte
1014 1473 1278 1534 gesserat,
1318 1462 1521 1518 acriter
1552 1462 1810 1519 tendebat
1855 1463 1922 1519 ad
1956 1472 2110 1518 ante-

2214 1465 2334 1518 ὅλον
2365 1462 2462 1532 τῆς
2489 1463 2627 1536 πρὸς
2654 1461 2716 1519 τὺ
2748 1461 2911 1531 σῶμα
2930 1460 3278 1531 συμπαθείας
3308 1462 3613 1531 ἁπείργων,
3637 1463 3792 1515 οὐδὲν

522 1557 689 1621 riora,
728 1557 933 1626 majora
970 1555 1139 1610 veluti
1189 1554 1495 1610 certamina
1550 1552 1897 1625 aggrediens,
1944 1562 2001 1609 et
2051 1568 2110 1608 se

2214 1556 2363 1625 αὐτῷ
2400 1556 2563 1625 μέλον
2595 1553 2810 1623 στολῆς,
2844 1554 2998 1607 οὐδὲν
3025 1553 3257 1624 τροφῆς,
3294 1553 3463 1607 ὕπνου
3497 1554 3672 1615 οὐδὲν,
3702 1554 3792 1607 τὸν

522 1657 698 1703 totum
730 1663 926 1705 arcens
952 1664 983 1702 a
1016 1648 1385 1706 consensione
1434 1647 1791 1703 adfectionum
1839 1647 2108 1718 corporis.

2218 1641 2318 1713 μὲν
2351 1641 2654 1711 ἀσκητικὸν
2685 1642 2864 1697 εῖτουν
2923 1645 3230 1712 πρακτικὸν
3290 1643 3594 1714 ὑπερὸἁντι
3654 1644 3789 1715 βίον,

523 1740 675 1800 Nihil
708 1752 833 1795 erat
871 1740 922 1795 ei
951 1756 1097 1797 curae
1119 1741 1372 1806 vestitus,
1411 1739 1549 1795 nihil
1576 1740 1924 1803 alimentum,
1970 1739 2109 1792 nihil

2219 1732 2313 1785 τὸν
2357 1733 2649 1801 ἀγγελικὸν
2682 1733 2739 1787 δὲ
2768 1731 3021 1804 ζηλοῦντι
3062 1736 3155 1788 καὶ
3189 1736 3326 1805 μετᾶ
3360 1735 3634 1806 σώματος,
3671 1743 3788 1801 τοῖς

525 1848 803 1887 somnus:
852 1841 912 1887 ut
939 1833 1034 1902 qui
1090 1833 1535 1887 exercitatoriam
1568 1831 1812 1902 quidem,
1865 1846 1961 1886 seu
1993 1846 2110 1900 quae

2216 1840 2275 1877 τε
2307 1800 2488 1887 ἄλλοις
2515 1824 2612 1878 καὶ
2641 1825 2719 1894 τῷ
2751 1800 2925 1895 νοερῷ
2955 1800 3337 1895 συγγίνεσθαι,
3386 1800 3482 1881 καὶ
3511 1800 3795 1898 τδνγλογι-

525 1926 581 1980 in
617 1925 827 1996 agendo
873 1924 1152 1990 consistit,
1188 1926 1353 1979 vitam
1402 1936 1782 1997 superaverat,
1814 1922 2110 1994 angelicam

2221 1915 2358 1988 σμδν
2394 1916 2809 1985 ἐπιστρέψαντα
2856 1917 2917 1970 τὸ
2973 1920 3236 1991 συγγενὲς
3295 1922 3473 1974 ἐκεῖνο
3503 1922 3597 1975 καὶ
3649 1920 3796 1975 θεῖον

522 2029 706 2072 autem
730 2018 1092 2072 aemulabatur
1111 2016 1276 2072 etiam
1313 2031 1441 2072 cum
1464 2031 1716 2086 corpore,
1744 2025 1801 2069 et
1824 2014 1880 2069 in
1903 2014 2046 2076 aliis,
2064 2021 2110 2068 el

2218 2008 2411 2071 κάλλος
2436 2007 2829 2093 φαντάζεσθαι.
2865 2007 3024 2067 ὓῦτω
3050 2014 3116 2082 τῇ
3158 2011 3361 2081 πράξει
3407 2011 3797 2084 συνδραμοῦσα

522 2109 670 2179 quod
728 2107 1103 2179 intelligenter
1160 2118 1476 2162 versaretur
1537 2122 1665 2162 cum
1735 2105 2110 2176 intelligentia.

2217 2100 2251 2173 ἡ
2279 2098 2502 2170 θεωρία,
2530 2099 2654 2153 ὅλον
2688 2100 2791 2174 ἤδη
2825 2102 3099 2171 μετέωρον
3133 2098 3247 2172 εἶχε
3280 2103 3373 2155 τὸν
3399 2105 3662 2175 ἀσκητὴν,
3703 2105 3797 2157 καὶ

524 2211 579 2255 et
598 2201 744 2254 illam
770 2200 1011 2254 divinam
1036 2198 1245 2254 visione
1270 2197 1710 2268 apprehenderet
1735 2195 2106 2268 pulchritudi—

2219 2192 2355 2262 πρὸς
2385 2193 2549 2246 αὑτὸν
2586 2194 2890 2263 ἀνεπτέρου
2929 2193 3019 2248 τὸν
3051 2194 3305 2265 οὐρανόν.
3343 2196 3524 2266 Πολλὴ
3552 2198 3607 2252 δὲ
3639 2200 3738 2251 καὶ
3765 2200 3794 2268 ἡ

524 2307 671 2347 nem.
717 2291 809 2347 Sic
841 2307 967 2346 cum
1021 2291 1235 2345 actione
1286 2305 1621 2349 concurrens
1681 2289 2105 2358 contemplatio,

2214 2285 2641 2355 θαυματουργὸς
2676 2285 2971 2359 ύπερήνθει
3027 2286 3240 2372 χάρις..
3280 2288 3545 2359 κρύπτειν
3604 2290 3797 2362 ὥσπερ

524 2395 771 2440 erectum
814 2393 866 2439 et
894 2384 1184 2437 sublimem
1223 2384 1440 2439 tenebat
1472 2384 1918 2443 exercitatorem.
1951 2391 2009 2439 et
2040 2382 2108 2437 ad

2215 2376 2314 2445 τῆς
2342 2376 2545 2448 ἀρετῆς
2576 2376 2669 2429 τὸν
2704 2377 2946 2447 ἐργάτην
2972 2379 3049 2449 μὴ
3079 2378 3403 2450 δυναμένης,
3431 2389 3528 2436 καὶ
3554 2380 3671 2448 ὅκα
3702 2386 3796 2438 τοῦ

510 2479 704 2546 ipsum
772 2491 947 2546 usque
1018 2479 1218 2531 cmlum
1288 2477 1608 2535 extollebat.
1663 2476 1828 2532 Multa
1879 2493 2011 2531 vero
2064 2485 2110 2530 el

2218 2466 2358 2518 Θεοῦ
2389 2465 2704 2531 δοξάζοντος
2734 2469 2860 2531 τοὺς
2893 2469 3055 2523 αὐτὸν
3081 2468 3324 2537 δοξάζειν
3354 2477 3795 2547 προῃρημένους.

522 2567 921 2622 admirabilium
946 2582 1126 2622 rerum
1150 2566 1422 2633 eﬂectrix,
1450 2568 1762 2623 mirandum
1797 2568 1853 2623 in
1893 2568 2110 2622 modum

2233 2560 2377 2615 Ἀλλ’
2425 2564 2453 2615 ὅ
2495 2579 2585 2633 μοι
2616 2563 2794 2631 λέγειν
2821 2564 2850 2617 ὁ
2894 2563 3049 2632 λόγος
3079 2564 3356 2638 ὥρμηται,
3387 2567 3536 2630 ὅπως
3568 2567 3667 2637 τῆς
3704 2569 3799 2636 μὲν

522 2661 740 2733 vigebat
766 2669 823 2716 et
851 2661 1081 2715 ﬂorebat
1127 2661 1325 2731 gratia,
1362 2671 1557 2732 utpote
1609 2661 1754 2737 quod
1782 2677 1889 2715 non
1929 2667 2110 2730 posset

2221 2652 2380 2723 δόξης
2435 2653 2510 2717 ὡς
2558 2654 2760 2725 ἥκιστα
2799 2655 3122 2728 φροντίζων,
3170 2657 3261 2711 τοῦ
3296 2658 3354 2711 δὲ
3403 2657 3695 2715 λανθάνειν
3728 2660 3802 2723 ὡς

522 2754 699 2808 virtus
725 2770 882 2809 suum
918 2753 1096 2808 celare
1121 2753 1455 2823 operarium,
1489 2763 1544 2808 et
1568 2753 1712 2809 Deus
1733 2752 1893 2808 simul
1922 2750 2093 2823 glori—

2227 2746 2467 2817 μάλιστα
2515 2746 2693 2817 δῆλος,
2752 2749 3030 2803 κάνταῦθα
3077 2750 3107 2803 ὁ
3147 2753 3319 2821 μέγας
3350 2753 3459 2807 τῶν
3501 2751 3803 2825 θαυμάτων

524 2845 712 2900 ilcaret
734 2861 851 2909 eos,
871 2847 961 2917 qui
1006 2849 1296 2920 elegerunt
1352 2845 1532 2916 ipsum
1580 2843 1974 2916 gloriﬁcare‘.
2008 2841 2110 2897 Sed

2227 2837 2497 2910 θησαυρὸς
2519 2840 2611 2892 καὶ
2634 2840 2736 2907 τῆς
2758 2840 2962 2911 ἀρετῆς
2990 2841 3340 2897 καθίσταται.

521 2936 668 3007 quod
686 2938 796 3009 jam
824 2938 961 2994 mihi
995 2938 1179 2994 dicere
1208 2952 1460 3010 aggressa
1486 2936 1666 2992 fuerat
1727 2935 1937 3001 oratio,
1978 2933 2209 3005 gloriam
2262 2929 2485 3000 quidem
2507 2930 2732 2987 minime
2753 2932 3054 3000 admirans,
3098 2933 3271 2991 latere
3326 2943 3509 2990 autem
3565 2934 3803 2990 maxime

523 3030 772 3097 cupiens,
799 3031 890 3087 hic
927 3047 1151 3106 quoque
1199 3033 1387 3088 evadit
1434 3029 1765 3085 manifestus
1798 3028 2197 3083 miraculorum
2227 3024 2528 3079 etvirtutis
2555 3023 2867 3081 thesaurus.

592 3122 682 3178 IV.
717 3124 1049 3180 Adolescens
1090 3123 1336 3196 quidam,
1386 3123 1483 3194 qui
1533 3122 1825 3178 oculorum
1883 3120 2105 3191 quidem

2281 3113 2358 3172 A’.
2395 3115 2633 3181 Νεανίας
2667 3135 2774 3184 τις,
2826 3118 2926 3191 τὴν
2959 3120 3082 3205 μὲν
3131 3122 3309 3194 αὐγὴν
3366 3122 3476 3178 τῶν
3524 3124 3708 3190 ὄψεων
3739 3126 3803 3181 ἐκ

522 3213 872 3284 splendorem
930 3215 998 3269 ab
1044 3226 1168 3271 ortu
1230 3214 1512 3279 amiserat,
1549 3214 1671 3269 ﬁdei
1696 3221 1878 3267 autem
1904 3212 2110 3266 lumine

2220 3213 2447 3287 γενετῆς
2483 3211 2873 3280 ἀπολωλεκὼς,
2901 3213 2979 3285 τῷ
3012 3215 3070 3268 δὲ
3116 3219 3261 3286 φωτὶ
3289 3218 3388 3287 τῆς
3415 3218 3651 3282 πίστεως
3680 3220 3803 3291 ἄρι-

523 3305 930 3375 resplendebat,
953 3322 1079 3361 eum
1104 3306 1343 3376 desuper
1367 3306 1435 3361 ad
1456 3306 1507 3360 id
1533 3316 1786 3360 movente
1813 3302 2110 3375 providenv

2222 3322 2323 3363 στα
2364 3304 2843 3377 λαμπρυνάμενος,
2878 3309 3086 3363 ἄνωθεν
3145 3309 3308 3364 αὐτὸν
3351 3311 3447 3365 ἐπὶ
3503 3311 3661 3367 τοῦτο
3707 3314 3804 3383 τῆς

524 3395 618 3459 tia,
657 3396 723 3449 ad
769 3396 916 3451 hunc
943 3414 1199 3468 magnum
1241 3398 1475 3463 accedit,
1499 3406 1555 3452 et.
1593 3396 1841 3453 imitatur
1898 3411 2106 3451 cecurri

2223 3398 2489 3468 Προνοίας
2515 3399 2794 3470 κινούσης,
2828 3399 2905 3470 τῷ
2946 3402 3166 3472 μεγάλῳ
3198 3401 3375 3472 τούτῳ
3410 3404 3800 3475 προσέρχεται.

521 3487 616 3556 qui
639 3487 841 3541 dicitur
863 3488 915 3542 in
945 3489 1255 3560 Evangeliis
1282 3491 1341 3557 ¹;
1375 3489 1478 3544 nisi
1503 3488 1649 3560 quod
1679 3488 1769 3545 ille
1791 3486 2012 3558 quidem
2042 3484 2110 3543 ad

2218 3489 2329 3543 Καὶ
2363 3490 2611 3558 μιμεῖται
2634 3489 2726 3541 τὸν
2760 3491 2818 3542 ἐν
2851 3490 3206 3558 Εὑαγγελίοις
3227 3492 3428 3561 τυφλόν
3450 3508 3467 3524 ·
3501 3493 3643 3565 πλὴν
3678 3495 3804 3549 ὅσον

521 3578 801 3633 Christum
840 3596 854 3644 ;
884 3579 975 3634 hic
1006 3596 1135 3635 vero
1157 3582 1223 3635 ad
1251 3582 1455 3637 Christi
1479 3582 1768 3648 famulum,
1792 3589 1848 3635 et
1870 3578 2110 3649 loquitur

2214 3579 2290 3649 τῷ
2314 3579 2537 3651 Χριστῷ
2567 3579 2667 3650 μὲν
2714 3581 2942 3646 ἐκεῖνος,
2977 3574 3131 3646 οὗτος
3155 3583 3214 3636 δὲ
3239 3584 3318 3654 τῷ
3364 3585 3601 3657 Χριστοῦ
3636 3586 3803 3660 θερά-

522 3669 714 3723 eadem
741 3685 862 3740 quae
888 3671 998 3736 ille,
1024 3680 1080 3726 et
1106 3688 1229 3727 cum
1273 3672 1465 3728 eodem
1494 3671 1688 3726 ardore
1714 3682 1770 3743 et
1793 3671 2107 3734 adet-tione,

524 3762 714 3816 dicens
741 3779 756 3816 :
793 3762 1057 3817 Miserere
1089 3779 1218 3828 mei,
1243 3773 1299 3819 et
1332 3762 1513 3833 praebe
1539 3763 1724 3817 lumen
1747 3763 1887 3816 meis
1909 3762 2107 3825 oculis,

525 3849 619 3921 qui
653 3864 715 3905 es
770 3866 917 3905 verae
949 3851 1091 3906 lucis
1128 3853 1275 3909 ﬁlius
1334 3864 1385 3907 et
1414 3853 1640 3923 gratiae:
1674 3861 1733 3906 ut
1760 3864 1861 3922 ego
1891 3866 2110 3921 quoque

521 3940 751 3995 eil'eetus
781 3943 1184 4015 contemplator
1212 3942 1432 4009 horum,
1463 3958 1584 4014 quae
1610 3942 1892 4008 videntur,
1932 3941 2112 3997 admi-

528 4047 621 4086 rer
648 4033 871 4103 quidem
904 4049 1097 4089 eorum
1159 4036 1543 4095 excellentiam
1574 4051 1588 4089 :
1623 4050 1722 4106 per
1772 4050 1860 4091 res
1923 4044 2109 4090 autem

522 4132 756 4189 creatas,
822 4125 1100 4181 celebrem
1183 4124 1525 4183 Creatorem.
1582 4125 1653 4180 Et
1709 4126 1828 4181 haec
1883 4126 2108 4196 quidem

523 4230 703 4269 caecus
743 4232 757 4268 :
792 4216 898 4272 ille
938 4232 1070 4271 vero
1100 4216 1267 4272 homo
1303 4217 1713 4284 misericordiae,
1744 4218 1936 4272 videns
1975 4234 2112 4275 ocuo

522 4306 606 4360 los
638 4307 861 4375 quidem
893 4309 1100 4363 nullius
1132 4309 1359 4363 omnino
1416 4310 1727 4378 Splendoris
1787 4312 2106 4383 participes,

526 4404 731 4450 tantam
762 4406 943 4452 autem
974 4398 1158 4462 iidem,
1213 4415 1377 4469 quam
1417 4399 1553 4455 dicit
1584 4401 1773 4456 divina
1807 4399 2094 4473 Scriptura

522 4486 740 4543 edicere
762 4488 948 4554 etiam,
976 4499 1036 4544 ut
1069 4500 1284 4545 montes
1319 4492 1718 4547 transferantur
1748 4495 1768 4524 ³
1790 4533 1805 4559 ,
1837 4493 2103 4564 frangitur
2134 4474 2178 4529 Ῐ)

524 4578 744 4649 quidem
772 4598 786 4634 :
813 4579 832 4651 (
857 4581 1047 4651 quidni
1071 4582 1243 4645 enim,
1290 4597 1414 4635 cum
1449 4592 1598 4638 esset
1640 4583 1828 4639 animo
1854 4585 2105 4640 elemen-

526 4670 1349 4744 tissimoetmansuetissimo?)
1388 4686 1445 4729 et
1490 4675 1654 4731 simul
1700 4686 1938 4731 mentem
1967 4676 2117 4733 illius

521 4761 840 4817 examinans
889 4780 903 4818 :
951 4761 1090 4829 Quid
1140 4764 1208 4819 ad
1260 4780 1368 4830 me,
1420 4767 1618 4837 inquit,
1669 4783 1703 4822 ο
1758 4767 2114 4836 adolescens,

522 4849 725 4916 qumris
770 4860 831 4905 ut
880 4865 946 4906 ea
999 4852 1221 4920 donem,
1288 4869 1409 4925 quae
1439 4872 1588 4912 meas
1627 4857 1774 4914 vires
1808 4859 2119 4929 superant?

521 4939 664 5006 Quid
690 4940 746 4994 in
779 4956 867 4997 me
919 4941 1104 4997 vidisti
1133 4945 1427 5015 ejusmodi,
1457 4958 1516 5002 ut
1546 4948 1600 5002 id
1637 4965 1665 5002 a
1695 4965 1781 5005 me
1839 4953 2107 5021 postules,

523 5030 669 5101 quod
694 5032 844 5086 solus
868 5043 1049 5102 potest
1076 5033 1291 5091 efﬁcere
1335 5038 1719 5094 universorum
1751 5043 1987 5112 Upifex?
2016 5044 2112 5099 llle

521 5123 671 5177 enim
707 5122 846 5189 haec,
875 5125 991 5191 ubi,
1024 5137 1081 5180 et
1112 5130 1353 5197 quando,
1380 5138 1436 5185 et
1471 5132 1540 5186 iis
1591 5134 1794 5203 quibus
1843 5136 1981 5203 vult,
2015 5136 2111 5193 dat

522 5215 941 5273 admirabiliter.
992 5216 1091 5275 His
1145 5223 1347 5278 sensim
1406 5224 1590 5279 verbis
1653 5226 1883 5298 abigens
1919 5229 2109 5293 adole-

523 5319 789 5372 scentem,
847 5310 1213 5368 nihilominus
1267 5330 1394 5369 eum
1424 5316 1634 5385 aliquid
1658 5319 1873 5375 invenit
1901 5320 1970 5377 de
1994 5321 2102 5384 ﬁde

526 5400 917 5467 remittentem,
962 5417 1140 5473 neque
1188 5419 1219 5460 a
1271 5419 1369 5460 sua
1406 5408 1671 5476 petitione
1716 5418 1775 5465 et
1827 5410 2104 5469 desiderio

524 5489 900 5559 desisten'tem,
960 5493 1059 5549 sed
1112 5511 1275 5552 voces
1329 5497 1513 5555 adhuc
1561 5498 1773 5558 ﬂebiles
1809 5504 2099 5562 emittebat

521 5591 579 5637 et
621 5584 985 5640 miserabiles.
1019 5585 1085 5642 Et
1115 5587 1463 5647 miserandus
1514 5592 1740 5663 quidem
1796 5596 1914 5668 ejus
1940 5597 2097 5654 vide-

598 5758 613 5788 '
647 5757 667 5812 ι
698 5758 828 5830 Reg.
863 5777 923 5829 ll,
954 5763 1042 5819 3i).

2215 3689 2373 3729 ποντι
2408 3672 2685 3743 πρόσεισι,
2734 3676 2828 3728 καὶ
2859 3674 3157 3746 φθέγγεται
3192 3677 3262 3731 τὰ
3289 3679 3502 3733 ἐκείνου
3535 3681 3679 3750 μετὰ
3706 3683 3805 3752 τῆς

2213 3765 2386 3835 αὐτῆς
2448 3765 2783 3838 θερμότητος
2837 3767 2935 3822 καὶ
2986 3770 3077 3822 τοῦ
3115 3769 3361 3837 πάθους,
3409 3772 3661 3843 Ἐλέησόν
3712 3791 3802 3845 με,

2215 3858 2411 3926 λέγων,
2452 3860 2549 3912 καὶ
2613 3861 2729 3929 φῶς
2765 3877 2857 3930 μοι
2909 3864 3024 3927 τοῖς
3058 3862 3356 3934 ὀςθαλμοίς
3407 3864 3616 3935 ὄρεξον,
3648 3868 3682 3919 ὁ
3708 3865 3802 3922 τοῦ

2214 3950 2392 4018 φωτὸς
2416 3951 2585 4018 ὅντως
2613 3952 2725 4016 υἱὸς
2748 3954 2841 4006 καὶ
2863 3953 2964 4023 τῆς
2997 3956 3240 4026 χάριτος,
3274 3958 3361 4010 ῖνα
3388 3957 3565 4026 κάγὼ,
3594 3957 3802 4029 θεατὴς

2212 4042 2324 4094 τῶν
2348 4041 2634 4115 όρωρένων
2662 4043 2870 4099 τούτων
2903 4045 3219 4116 γενόμενος,
3264 4049 3533 4121 θαυμάσω
3564 4051 3667 4120 μὲν
3707 4053 3806 4107 αὐ-

2211 4133 2323 4186 τῶν
2354 4133 2414 4187 τὸ
2447 4134 2750 4207 ἐξαίρετον,
2805 4136 3034 4208 ὑμνήσω
3089 4138 3146 4192 δὲ
3203 4140 3293 4193 διὰ
3324 4143 3435 4194 τῶν
3479 4142 3801 4212 κτισμάτων

2213 4224 2304 4279 τὸν
2350 4225 2640 4286 κτίσαντα,
2699 4227 2809 4281 Καὶ
2854 4228 3027 4283 ταῦτα
3069 4229 3173 4298 μὲν
3205 4232 3234 4284 ὀ
3260 4233 3462 4302 τυφλός
3486 4248 3503 4265 ο
3533 4235 3563 4287 ό
3589 4235 3649 4288 δὲ
3707 4235 3803 4288 τοῦ

2213 4318 2399 4382 ἐλέους
2447 4319 2654 4382 ἐκεῖνος
2700 4319 3010 4391 ἄνθρωπος,
3044 4322 3168 4377 ἰδὼν
3196 4327 3323 4388 τοὺς
3350 4326 3452 4394 μὲν
3485 4326 3806 4398 ὀφθαλμοὺς

2213 4410 2351 4481 μηδὲ
2392 4412 2621 4483 μετρίας
2651 4414 2827 4485 αὐγῆς
2863 4415 3216 4486 μετέχοντας,
3242 4419 3343 4490 τὴν
3384 4419 3444 4471 δὲ
3481 4419 3667 4474 πίστιν
3708 4437 3802 4474 το-

2219 4502 2424 4570 σαύτην
2450 4503 2518 4575 ἦν
2562 4522 2732 4577 φησιν
2757 4508 2792 4578 ἡ
2844 4507 2966 4563 θεία
3007 4509 3159 4580 φωνὴ
3213 4513 3310 4564 καὶ
3352 4510 3455 4582 ὅρη
3487 4514 3663 4565 ποιεῖν
3704 4529 3808 4583 με·

2213 4593 2522 4663 θίστασθαι,
2554 4596 2847 4652 ἑπικλᾶται
2876 4599 2996 4668 μὲν,
3028 4599 3144 4663 πῶς
3174 4600 3283 4671 γὰρ
3310 4601 3411 4667 οὓς
3443 4602 3624 4674 ψυχῆς
3642 4602 3723 4658 ὣν
3745 4607 3809 4673 ἡ·

2222 4686 2548 4757 μερωτάτης
2580 4688 2676 4742 καὶ
2723 4688 3132 4761 φιλανθρώπου,
3166 4694 3263 4747 καὶ
3294 4695 3413 4765 ἅμα
3442 4696 3544 4766 τὴν
3587 4700 3805 4750 ἐκείνου

2223 4778 2536 4848 βασανίζων
2579 4778 2830 4852 γνώμην.
2858 4782 2923 4835 Τί
2956 4800 3075 4854 μοι.
3108 4787 3315 4851 νεανία,
3363 4790 3502 4858 φησὶ
3532 4788 3803 4860 προσιὼν.

2222 4872 2290 4924 τὰ
2327 4872 2470 4944 ὑπὲρ
2528 4871 2630 4943 εμὲ
2684 4873 2886 4928 διδόναι
2917 4874 3101 4947 ζητεῖς
3131 4894 3146 4942 ;
3184 4879 3251 4931 Τί
3302 4880 3548 4938 τοιοῦτον
3586 4883 3646 4937 ἑν
3678 4884 3807 4951 ἐμοὶ

2215 4962 2576 5034 θεασάμενος,
2601 4965 2763 5036 ἔργον
2784 4968 3040 5031 ἀπαιτεῖς
3068 4969 3344 5036 τοσοῦτον,
3369 4971 3399 5025 ὃ
3433 4972 3595 5039 μόνος
3622 4973 3807 5029 τελεῖν

2211 5056 2439 5119 δυνατὸς
2469 5057 2497 5109 ὁ
2527 5057 2638 5113 τῶν
2660 5058 2800 5120 ὅλων
2832 5060 3170 5131 δημιουργός
3192 5063 3470 5128 ιῈκεῖνος
3490 5064 3601 5135 γὰρ
3623 5066 3804 5120 ταῦτα

2211 5145 2343 5207 ἔνθα
2376 5146 2472 5207 καὶ
2500 5147 2592 5207 ὅτε
2648 5149 2741 5209 καὶ
2767 5144 2850 5212 οἷς
2889 5148 3163 5219 βούλεται,
3205 5153 3533 5224 παραδόξως
3585 5154 3805 5214 δίδωσι.

2212 5235 2442 5300 Τούτοις
2478 5236 2663 5308 ἡρέμα
2707 5240 2821 5303 τοῖς
2848 5240 3063 5310 ῥήμασι
3096 5244 3189 5296 τὸν
3232 5245 3454 5300 νεανίαν
3480 5247 3800 5309 ἀποσοδιιν.

2212 5328 2364 5390 οὐδέν
2392 5345 2447 5387 τι
2482 5329 2686 5398 μᾶλλον
2727 5329 2951 5399 εὕρισκε
2976 5331 3078 5402 τῆς
3117 5333 3355 5399 πίστεως
3385 5338 3639 5409 ὑφιέντα,
3674 5338 3803 5400 οὐδὲ

2212 5421 2314 5492 τῆς
2337 5422 2471 5493 πρὸς
2495 5423 2657 5483 αὑτὸν
2678 5424 2946 5496 αἰτήσεως
2970 5443 3027 5480 τε
3049 5429 3265 5500 καὶτῆς
3285 5431 3464 5503 ὁρμῆς
3488 5433 3768 5489 ἐνδιδόντα
3786 5449 3800 5463 ·

2212 5512 2330 5587 ἀλλ’
2363 5514 2589 5587 οἰκτρὰς
2644 5514 2727 5574 ἔτι
2785 5518 2969 5585 φωνὰς
2999 5519 3174 5590 ἠφίει.
3238 5522 3350 5577 Καὶ
3403 5523 3633 5587 ἐλεεινὸς
3700 5523 3804 5595 μὲν

2212 5602 2424 5675 ἑωρᾶτο
2479 5602 2574 5659 τοῦ
2603 5605 2903 5677 σχήματος,
2936 5605 3253 5679 θαυμαστὸς
3300 5609 3359 5663 δὲ
3381 5609 3473 5667 τοῦ
3510 5609 3803 5682 «matrima-

1189 5766 1209 5794 '
1252 5765 1384 5825 Luc.
1420 5783 1572 5839 xvut,
1605 5772 1695 5828 55.
1774 5775 1792 5806 ³
1826 5773 1999 5832 lCor.
2031 5791 2151 5847 sui,
2176 5777 2230 5833 2.
