4094 6384
475 333 584 396 3‘53

1709 312 1995 385 MENSIS
2039 321 2483 385 DECEMBER.

3631 317 3738 384 σοι

479 441 688 511 incipit
723 438 944 508 quidem
968 435 1313 499 conturbari,
1339 445 1397 489 et
1431 435 1632 489 misere
1660 435 1711 488 in
1739 435 1930 489 orbein
1948 436 2058 489 sal-

2173 434 2281 497 τῶς
2319 434 2570 504 ἐφέρετο.
2637 430 2776 485 Ἀλλ’
2817 430 2997 501 ιστησι
3031 427 3164 491 Ott;
3203 427 3412 482 ἀνωθεν
3444 427 3543 501 τὴν
3569 439 3742 500 ςοράν

483 549 619 596 tare,
675 545 922 598 spumam
980 536 1161 583 autem
1221 543 1286 582 ex
1318 543 1414 582 ore
1437 541 1729 597 exspuere,
1784 537 1840 581 et
1869 527 2058 581 oculos

481 630 815 690 pervertere,
849 617 1110 671 dentibus
1133 631 1265 672 vero
1289 617 1546 678 stridere,
1577 626 1634 672 et
1688 616 1755 671 ad
1803 626 2055 672 sanctum

475 707 680 761 minaci
708 716 763 760 et
788 705 990 760 caedem
1023 705 1253 776 spiranti
1283 707 1483 760 intueri
1514 707 1734 760 obtutu.
1762 707 2057 775 Postquam

485 807 666 851 autem
699 797 895 851 luisset
927 797 1179 865 propius,
1213 796 1552 850 dmmonium
1585 811 1751 850 voces
1771 795 2061 850 emittebat

484 889 848 952 miserabiles,
877 888 1067 943 dicens
1099 907 1110 939 :
1136 887 1181 944 Ο
1212 889 1612 942 calamitatem!
1643 888 1784 953 Quid
1810 888 1913 941 hoc
1935 889 2064 941 est?

483 983 572 1035 hic
597 997 816 1051 quoque
867 997 1062 1037 rursus
1088 992 1171 1036 eet
1204 980 1504 1049 Patapius?
1530 979 1671 1045 Quid
1705 978 1900 1050 agam?
1939 980 2059 1044 Quo

483 1087 571 1126 me
604 1072 854 1126 vertam?
899 1071 1128 1128 Ubinam
1186 1071 1457 1140 deinceps
1505 1069 1791 1133 habitabo,
1822 1069 1917 1138 qui
1945 1070 2054 1137 jam

483 1163 719 1217 multum
753 1163 1022 1229 laboravi,
1057 1173 1114 1218 et
1136 1164 1223 1216 vix
1260 1162 1443 1217 inveni
1486 1163 1883 1224 habitaculum,
1914 1172 1970 1214 et
1993 1175 2061 1214 ex

479 1267 550 1306 eo
581 1269 680 1322 per
731 1252 837 1304 vim
899 1253 1188 1321 expt‘llor?
1222 1252 1361 1308 Vere
1396 1251 1660 1306 terribilis
1685 1267 1767 1316 es,
1801 1265 1833 1304 ο
1881 1250 2059 1304 Naza-

483 1362 636 1408 rene,
673 1361 800 1399 vere
838 1345 1126 1408 terribilis,
1161 1354 1218 1398 ct
1261 1346 1466 1414 ubique
1511 1344 1567 1398 in
1598 1358 1794 1398 omnes
1836 1343 2057 1398 obtines

486 1442 794 1508 imperium.
827 1437 946 1504 Quo
999 1452 1129 1508 ergo
1171 1436 1524 1506 proﬁciscar?
1555 1433 1614 1489 Si
1651 1435 1706 1488 in
1756 1434 2058 1500 desertum,

484 1531 528 1583 si
564 1530 618 1582 in
656 1529 932 1591 civitates,
975 1529 1018 1582 si
1075 1528 1395 1597 ubicunque
1426 1528 1630 1582 dixerit
1683 1527 1907 1596 aliquis,
1946 1528 2062 1596 ipse

488 1623 616 1676 illuc
647 1623 922 1690 pervenis,
972 1621 1087 1676 sola
1122 1621 1309 1677 crucis
1342 1622 1532 1692 ligura,
1561 1621 1681 1676 solo
1711 1628 1808 1674 tuo
1835 1621 2058 1676 nomine

2161 523 2256 577 ἐπὶ
2285 524 2517 592 στόματι
2548 519 2700 590 αὐτῷ
2731 518 3056 590 παριδόξως
3088 518 3180 572 τὸν
3221 519 3401 587 μέγαν
3439 518 3744 576 Πατάπιον.

2161 617 2349 686 Τούτῳ
2392 615 2502 684 γάρ
2552 614 2612 678 ἐξ
2642 614 2908 682 ἀδοκήτου
2971 612 3322 678 συναντήσας
3379 613 3410 663 ὁ
3448 611 3743 682 δαιμονῶν,

2160 710 2389 782 ἄρχεται
2426 709 2525 778 μὲν
2556 705 2943 779 ταράττεσθαι,
2981 705 3075 758 καὶ
3103 705 3243 758 ἄλλα
3269 704 3340 757 τὰ
3378 705 3516 776 πρὸς
3546 705 3745 760 κύκλον

2163 801 2422 857 ἅλλεσθαι
2487 799 2748 869 δυστυχῆ,
2779 798 2954 867 ἀφρὸν
3001 797 3058 850 δέ
3100 797 3195 850 τοῦ
3257 797 3531 867 στόματος
3563 813 3749 868 παρα-

2163 894 2374 957 πτύειν,
2408 896 2499 946 καὶ
2533 891 2886 960 διαστρέφειν
2917 891 3046 953 τοὺς
3081 889 3423 960 ὀφθαλμοὺς,
3447 887 3658 957 τρίζει-ι
3687 907 3744 942 τε

2163 985 2284 1042 τοὺ,
2311 983 2551 1046 ὀδόντας,
2593 982 2688 1035 καὶ
2721 981 2861 1052 πρὸς
2883 980 2976 1034 τὸν
3007 980 3154 1032 ὅσιον
3181 981 3417 1049 ἀφορᾷν,
3445 973 3558 1032 οἷον
3587 982 3748 1034 ἀπει-

2167 1075 2389 1144 λητικόν
2430 1092 2485 1128 τι
2510 1074 2607 1128 καὶ
2651 1075 2857 1142 φόνιον.
2903 1073 3059 1126 Ἐπεὶ
3093 1072 3149 1125 δέ
3177 1076 3272 1125 καὶ
3307 1071 3478 1139 ἐγγὺς
3513 1070 3745 1139 γένοιτο,

2163 1170 2388 1238 οἰκτρὰς
2417 1159 2488 1220 ’τὸ
2519 1167 2804 1235 δαιμόνιον
2861 1165 3014 1234 ἠφίει
3075 1165 3281 1233 φωνὰς,
3327 1164 3512 1232 υίμοι,
3549 1163 3746 1231 λέγων,

2162 1264 2263 1330 τῆς
2294 1259 2614 1331 συμφορᾶςί
2659 1259 2727 1312 Τί
2776 1257 2968 1319 τοῦτο;
3015 1254 3294 1308 κάνταῦθα
3352 1257 3520 1309 πάλιν
3569 1257 3748 1311 Πατάο

2165 1366 2315 1417 πιοςς
2366 1351 2462 1414 Τίς
2495 1351 2792 1421 γένωμαι;
2834 1351 2927 1402 ποί
2958 1350 3291 1418 τράπωμαις
3328 1347 3463 1402 Τξνα
3501 1349 3596 1402 τοῦ
3641 1349 3750 1403 λοιο

2166 1443 2271 1497 ποῦ
2301 1445 2642 1513 κατοικήσω,
2672 1441 2843 1495 πολλὰ
2877 1441 3078 1512 καμὼν
3105 1441 3205 1512 ἤδη
3260 1440 3355 1494 καὶ
3393 1439 3546 1510 μόλις
3570 1440 3749 1513 εὑρὼν

2163 1538 2479 1606 οἰκητήριον
2506 1575 2518 1597 ,
2550 1536 2645 1588 καὶ
2687 1533 2886 1588 τούτου
2915 1533 3011 1586 νῦν
3040 1533 3230 1604 βιαίως
3272 1533 3747 1602 ἀπελαυνόμενος

2165 1629 2370 1693 Δεινὺς,
2395 1624 2440 1682 ὦ
2466 1628 2782 1698 Ναζωραῖε,
2830 1627 2896 1680 σὺ
2930 1667 2945 1692 ,
2980 1626 3152 1688 δεινὸς
3181 1625 3312 1695 ἄρα,
3338 1628 3433 1678 καὶ
3468 1625 3748 1694 πανταχοῦ

483 1729 586 1768 nos
619 1716 914 1783 expellens.
947 1714 1134 1768 Victus
1172 1728 1316 1776 sum,
1353 1723 1652 1783 superatus
1684 1727 1816 1766 sum
1846 1729 1860 1765 :
1895 1726 2060 1781 cogor

2169 1721 2387 1774 πάντων
2447 1719 2686 1790 κρατῶν.
2743 1716 2852 1770 Ποῦ
2901 1718 3084 1770 τοίνυν
3140 1716 3451 1786 ἀφίξομαι;
3513 1716 3632 1770 Ἂν.
3669 1717 3749 1777 εἰς

486 1807 761 1860 recedere.
806 1807 928 1860 Ilu'c
997 1806 1270 1876 malignus
1323 1805 1658 1875 loquebatur
1705 1804 1957 1874 Spiritus,
2001 1813 2057 1856 ct

2165 1812 2386 1882 ἔρημον,
2445 1785 2510 1866 ἂν
2541 1815 2622 1873 εἰς
2659 1811 2868 1878 πόλεις,
2910 1810 2978 1864 ἂν
3003 1810 3139 1864 ὅπου
3175 1825 3259 1867 τις
3310 1785 3746 1878 εἴποιξφθάνεις

480 1901 739 1969 juvenem
777 1899 828 1952 in
885 1899 1124 1953 medium
1181 1903 1368 1952 aerem
1437 1896 1750 1952 escutiebat
1799 1897 2055 1951 saltibus.

487 1991 711 2059 Magnus
733 2000 916 2044 autem
949 1992 1041 2045 ille
1071 1990 1165 2045 Dei
1190 1990 1394 2045 athleta
1418 2004 1542 2045 cum
1575 1991 1629 2044 in
1662 2005 1791 2045 acre
1839 2005 2061 2044 crucem

488 2086 778 2137 l'ortuasset
805 2083 999 2153 digito,
1031 2091 1086 2138 et
1107 2097 1231 2136 eum
1264 2097 1332 2136 eo
1388 2083 1572 2147 modo,
1609 2097 1720 2151 quo
1772 2083 2061 2147 Dominus,

492 2177 831 2243 increpasset
864 2196 876 2226 ι
911 2173 1208 2243 Egredere,
1249 2172 1448 2243 inquit,
1485 2173 1767 2227 immunde
1811 2174 2060 2243 Spiritus,

485 2265 788 2336 egredere;
824 2265 915 2319 abi
946 2265 1136 2334 procul
1185 2265 1239 2317 in
1272 2264 1626 2320 solitudines.
1648 2263 1908 2320 Christus
1939 2265 2056 2320 hanc

492 2355 592 2410 tibi
618 2371 714 2424 per
750 2368 839 2409 me
881 2353 1152 2424 praecipit,
1184 2355 1343 2421 cujus
1384 2355 1683 2424 potentiam
1719 2355 1806 2410 vel
1857 2355 2066 2409 invitus

491 2463 553 2501 es
587 2446 889 2502 confessus.
918 2445 1044 2501 Haec
1076 2461 1202 2500 cum
1255 2447 1510 2517 iussisset
1554 2448 1831 2517 Patapius,
1877 2448 2065 2502 adole-

499 2551 748 2596 scentem
795 2541 1119 2612 discerpens
1167 2542 1414 2612 spiritus,
1458 2551 1617 2595 terra:
1643 2543 1831 2608 allisit,
1861 2551 1916 2596 ct
1967 2559 2065 2612 per

489 2650 552 2686 os
595 2643 852 2704 tanquam
902 2632 1128 2703 quidam
1159 2632 1345 2687 fumus
1395 2632 1530 2687 exiit
1571 2641 1628 2686 ct
1680 2633 1892 2704 eﬂ'ugit.
1925 2633 2062 2689 Cum

491 2735 670 2777 autem
699 2725 764 2777 ad
786 2740 844 2779 se
876 2725 1129 2778 rediisset
1153 2724 1496 2790 adolescens,
1521 2725 1926 2796 lacryinahatur
1945 2742 2061 2797 pra:

491 2816 826 2885 gaudiozct
880 2816 1118 2885 primum
1181 2815 1401 2884 quidem
1442 2817 1575 2884 Deo,
1635 2819 1881 2872 secundo
1936 2833 2063 2873 vero

2165 1904 2328 1965 αὐτὸς
2383 1905 2585 1970 ἐκεῖσε,
2649 1904 2795 1972 μόνῳ
2823 1900 2904 1972 τῷ
2958 1901 3056 1954 τοῦ
3117 1899 3358 1969 σταυροῦ
3429 1917 3522 1951 σου
3567 1899 3747 1968 τύπῳ,

2169 1995 2316 2063 μόνῳ
2362 1994 2442 2057 τῷ
2473 1993 2552 2062 σῷ
2601 1993 2828 2062 ὀνόματι
2889 1991 3136 2045 ἐλαύνων
3181 1992 3351 2062 ἡμᾶς.
3415 1990 3750 2060 Νενίκημαι,

2165 2086 2428 2156 ἦττημαι,
2473 2084 2779 2154 ὑποχωρεῖν
2819 2084 3135 2152 ἐπείγομαι.
3181 2081 3368 2135 Ταῦτα
3403 2080 3463 2133 τὸ
3515 2080 3750 2150 πονηρὸν

2167 2178 2464 2248 ἐφθέγγετο
2508 2177 2753 2246 πνεῦμα,
2801 2176 2898 2228 καὶ
2943 2175 3035 2228 τὸν
3059 2175 3180 2228 νέον
3233 2175 3372 2245 πρὸς
3405 2173 3544 2243 ἀέρα
3579 2173 3748 2242 μέσον

2167 2275 2280 2335 τοῖς
2334 2272 2576 2341 ἆλμασιν
2627 2270 2995 2335 ἐξετίνασσεν.
3039 2267 3098 2321 '0
3151 2267 3207 2320 δέ
3257 2267 3432 2336 μέγας
3461 2264 3558 2318 τοῦ
3610 2264 3747 2318 Θεοῦ

2167 2362 2464 2433 ἀριστεὺς,
2515 2361 2576 2414 τὸ
2615 2360 2829 2432 ἄμαχον
2869 2358 3056 2420 ὅπλον,
3101 2356 3197 2410 τὸν
3241 2354 3500 2425 σταυρὸν.
3536 2355 3616 2418 είς
3656 2353 3751 2406 τὸν

2168 2456 2309 2525 ἀέρα
2342 2455 2419 2526 τῷ
2440 2452 2688 2523 δακτύλῳ
2713 2450 3082 2516 διατυπώσας,
3108 2450 3204 2504 καὶ
3236 2447 3573 2518 Δεσποτικὴν
3597 2445 3751 2514 αὐτῷ

2167 2548 2470 2618 ἐπαγαγὼν
2522 2546 2866 2615 ἐπιτίμησιν,
2924 2543 3172 2608 Ἔξελθε,
3214 2541 3372 2611 φησὶ,
3414 2539 3473 2592 τὸ
3505 2537 3754 2607 ἀκάθαρ-

2166 2659 2258 2696 τον
2289 2641 2531 2708 πνεῦμα,
2553 2638 2761 2706 ἔξελθε,
2785 2638 2878 2690 καὶ
2904 2635 3126 2707 μακράν
3147 2651 3252 2687 που
3280 2634 3376 2686 καὶ
3399 2633 3478 2688 εἰς
3509 2632 3752 2701 ἐρήμους

2167 2735 2350 2790 ἄπιθι.
2387 2733 2625 2804 Χριστός
2675 2747 2758 2783 σοι
2799 2729 2973 2782 ταῦτα
3018 2725 3365 2796 ἐγγελεύεται
3404 2723 3472 2777 δι’
3507 2722 3662 2792 ἐμοῦ,
3691 2715 3754 2775 οὗ

2170 2829 2236 2882 σὺ
2280 2827 2376 2898 τὴν
2419 2825 2650 2896 δύναμιν
2685 2825 2783 2876 aut
2832 2821 2984 2874 ἄκων
3036 2815 3530 2887 καθωμολόγησας.
3564 2812 3755 2864 Ταίτα

492 2907 712 2976 l’atapio
739 2908 1050 2963 ascribebat
1073 2909 1332 2964 salutem.

2167 2920 2261 2972 το]
2315 2917 2598 2971 Παταπίου
2649 2913 3034 2973 κελεύσαντος,
3075 2907 3362 2976 σπνράξας
3408 2905 3500 2957 τὸν
3530 2902 3756 2956 νεανίαν

490 3003 551 3053 τὸ
581 2998 822 3068 πνεῦμα,
855 3003 923 3072 τῇ
955 3003 1025 3073 γῇ
1063 3001 1427 3073 προσέρῤαξε,
1463 3005 1560 3057 καὶ
1601 3003 1690 3056 διά
1737 3006 1833 3058 τοῦ
1863 3007 2133 3079 στόματος
2178 3007 2289 3073 οἷός
2359 3027 2444 3074 τις
2491 3007 2701 3072 καπνὸς
2767 3003 2916 3074 ἐξῄει
2963 3003 3057 3056 καὶ
3102 3000 3494 3070 διεδίδρασκεν.
3569 2997 3630 3050 ὀ
3693 2997 3756 3050 δέ

493 3096 632 3156 νέος,
666 3094 975 3162 ἀνενεγκὼν
1026 3097 1120 3150 καὶ
1149 3097 1204 3148 ἐν
1253 3096 1402 3167 αὐτῷ
1431 3098 1746 3168 γενόμενος,
1780 3100 2013 3175 ἐδάκρυέ
2050 3123 2109 3158 τε
2146 3107 2237 3178 ὑφ’
2274 3106 2484 3179 ἡδονῆς,
2519 3107 2612 3159 καὶ
2637 3103 2758 3174 θεῷ
2790 3102 2848 3155 τδ
2874 3100 3114 3171 πρῶτον,
3148 3097 3210 3150 τὸ
3265 3094 3520 3165 δεύτερον
3553 3089 3611 3146 δέ
3640 3092 3758 3145 Πα-

489 3189 672 3256 Tutin)
701 3185 799 3256 τὴν
828 3188 1106 3256 σωτηρίαν
1135 3189 1472 3257 ἐπέγραφεν.

569 3280 677 3333 \‘ll.
706 3280 1042 3334 Sull‘ecerint
1065 3279 1183 3335 haec
1205 3280 1452 3350 quidem,
1487 3291 1548 3336 ut
1591 3283 1704 3338 sint
1729 3285 1884 3356 signa
1913 3286 2060 3344 illius

2243 3289 2318 3345 Z’.
2369 3286 2670 3358 ’Δρκοῦντα
2717 3287 2816 3356 μὲν
2857 3283 2924 3337 ἂν
2957 3281 3043 3356 εἴη
3081 3283 3175 3336 καὶ
3206 3280 3378 3336 ταῦτα
3404 3281 3503 3351 τῆς
3538 3280 3754 3335 ἐκείνου

495 3375 704 3444 gratiae,
744 3385 800 3428 et
835 3375 887 3427 in
943 3373 1113 3429 Deum
1149 3375 1382 3441 liducize,
1419 3377 1513 3431 sed
1552 3386 1737 3433 tamen
1789 3395 1914 3434 cum
1979 3383 2060 3437 his

2165 3385 2388 3456 χάριτος
2423 3381 2671 3451 σύμϐολα
2700 3379 2960 3448 γενέσθαι
3002 3379 3098 3431 καὶ
3125 3377 3436 3450 παρρησίας
3463 3392 3498 3436 ο,
3516 3375 3634 3430 ἀλλ’
3657 3372 3753 3430 οὖν

495 3479 662 3518 unum
722 3465 904 3518 adhuc
945 3465 1212 3521 addidero
1271 3468 1401 3536 (non
1467 3477 1552 3522 est
1584 3469 1730 3524 enim
1769 3471 2060 3542 injucunda

2169 3479 2267 3532 καὶ
2329 3476 2540 3538 τούτοις
2587 3477 2648 3528 ἓν
2701 3475 2782 3528 ἐτι
2842 3473 3124 3544 προσθεὶς,
3181 3474 3282 3526 οὐκ
3333 3472 3501 3542 ἄχαρι
3547 3473 3657 3543 γὰρ
3689 3471 3755 3524 τδ

493 3557 784 3626 narratio),
813 3555 976 3610 linem
1009 3556 1288 3625 imponam
1313 3559 1574 3613 orationi.
1596 3560 1791 3616 Mulier
1815 3566 2060 3633 quautam

2165 3571 2432 3640 διήγημα,
2469 3569 2623 3631 τέλος
2680 3567 2925 3636 ἐπιθήσω
2973 3559 3052 3633 τῷ
3083 3564 3246 3635 λόγῳ.
3289 3565 3432 3634 Γυνή
3483 3582 3568 3628 τις
3609 3564 3756 3633 νόσῳ

494 3649 546 3700 in
581 3662 800 3716 gravem
829 3650 1082 3701 morbum
1110 3648 1402 3704 inciderat.
1439 3648 1673 3706 Aﬂectio
1703 3663 1886 3708 autem
1929 3670 2060 3724 quo-

2168 3659 2582 3734 περιπιπτώκει
2614 3659 2798 3730 δεινῇ·
2832 3660 2892 3712 τὸ
2939 3659 2996 3713 δὲ
3043 3657 3215 3721 πάθος
3268 3659 3518 3729 κρεῖττον
3558 3655 3756 3727 ὥσπερ

493 3739 658 3794 modo
716 3747 838 3793 erat
903 3740 1097 3810 major,
1164 3755 1327 3810 quam
1400 3751 1458 3796 ut
1523 3759 1644 3798 eam
1695 3745 1804 3799 ulla
1865 3762 2058 3802 manus

2167 3753 2524 3824 ἀνθρωπίνης
2557 3752 2740 3806 ἰᾶσθαι
2769 3751 2976 3822 χειρὸς,
3019 3749 3162 3804 οὕτω
3215 3751 3310 3803 καὶ⁵
3364 3749 3472 3803 ὑπὸ
3506 3749 3756 3821 γλώττης

492 3832 729 3885 humana
813 3830 1213 3898 meditaretur,
1285 3833 1359 3888 ita
1444 3835 1618 3906 major
1705 3845 1788 3891 est
1865 3838 2056 3903 etiam,

2166 3845 2446 3914 λέγεσθαι.
2491 3845 2550 3899 '0
2608 3845 2718 3914 γὰρ
2787 3843 2995 3914 μασθδς
3048 3842 3253 3914 ταύτης
3290 3841 3572 3915 σκώληκα,
3611 3843 3752 3912 quia!

495 3939 662 3994 quam
727 3934 787 3981 ut
853 3941 974 3982 eam
1033 3927 1140 3981 ulla
1224 3925 1408 4000 lingua
1485 3928 1651 3986 dicat.
1723 3931 1856 3999 Ejus
1919 3934 2060 3989 enim

2168 3941 2230 3992 ἐν
2259 3938 2440 4009 ἐαυτῷ
2470 3939 2596 4007 φὺς,
2647 3936 2708 3990 ὃν
2751 3932 2952 4005 ίατρῶν
2977 3935 3168 3996 παῖδες
3197 3935 3455 4005 καρκίνον
3502 3931 3752 3995 καλεῦσι,

489 4017 730 4072 mamilla
795 4017 852 4072 in
916 4033 996 4082 se,
1065 4020 1202 4088 proh
1257 4021 1457 4076 dolori
1531 4021 1841 4091 producens
1917 4041 2060 4080 mor-

2170 4034 2268 4086 σὺν
2305 4030 2531 4093 πολλαῖς
2565 4030 2680 4093 ταῖς
2714 4027 2973 4098 ἀλγηδόσι
3008 4025 3454 4096 διεϐιερώσκετο.
3492 4025 3660 4077 Ούόἐν
3691 4024 3751 4076 δέ

493 4110 647 4170 bum,
712 4125 875 4180 quem
936 4111 1133 4166 medici
1196 4121 1391 4168 vocant
1449 4129 1737 4177 cancrum,
1795 4117 2060 4172 exedeba-

2168 4119 2334 4196 ἦττον
2375 4123 2470 4175 κειί
2502 4121 2571 4173 τὰ
2596 4118 2761 4171 λοιπά
2789 4119 2924 4186 μέλη
2955 4115 3050 4168 τοῦ
3086 4115 3360 4185 σώματος,
3396 4113 3475 4185 τῷ
3498 4114 3580 4166 ἐνὶ
3611 4130 3674 4164 συ
3685 4132 3747 4180 p.-

495 4210 584 4254 ιω·
631 4215 756 4254 cum
805 4202 1016 4270 magnis
1051 4201 1360 4256 doloribus.
1425 4201 1608 4258 Nihilo
1639 4205 1824 4265 secius
1879 4215 2060 4259 autem

2170 4217 2476 4284 πάσχοντα,
2532 4210 2891 4280 κατετήκετο.
2939 4209 3146 4279 Χρόνος
3178 4207 3394 4278 συχνὸς,
3423 4209 3516 4260 καὶ
3566 4204 3753 4275 σχεδὸν

493 4289 702 4360 reliqua
757 4305 979 4360 quoque
1043 4292 1287 4346 membra
1320 4295 1593 4362 corporis,
1635 4309 1764 4349 cum
1815 4312 1925 4350 uno
1971 4312 2060 4367 pet

2170 4305 2232 4357 τὸ
2269 4303 2370 4373 μὲν
2398 4302 2585 4372 μόριον
2613 4301 2758 4354 ἅπαν
2782 4299 3013 4368 ἠνάλωτί
3034 4336 3050 4362 ,
3081 4298 3138 4349 αἱ
3166 4297 3223 4350 δέ
3246 4296 3535 4366 ἀλγηδόνες
3555 4294 3754 4364 δριμύς

493 4394 822 4434 consensum
852 4381 1074 4444 aﬂ'ecta,
1133 4383 1508 4438 tabcscebant.
1562 4383 1903 4439 Procedente
1932 4396 2060 4440 tem-

2171 4410 2331 4464 τερον
2363 4392 2461 4463 τῆς
2495 4389 2722 4460 καρδίας
2747 4388 3092 4458 καθήπτοντο
3115 4401 3130 4417 ⁸
3167 4389 3282 4450 ταῖς
3326 4385 3383 4440 δέ
3413 4385 3631 4447 ὀδύναις
3658 4385 3755 4437 καὶ

495 4486 647 4540 pore,
699 4481 814 4526 tota
873 4472 1097 4535 quidem
1149 4473 1266 4527 fere
1295 4488 1425 4544 pars
1481 4473 1667 4530 fuerat
1699 4485 2060 4546 consumpta;

2173 4487 2201 4538 ὁ
2239 4484 2472 4547 θάνατος
2502 4481 2703 4550 γείτων
2731 4476 2820 4552 ἦν.
2855 4481 2916 4533 Ol
2949 4478 3004 4531 δέ
3036 4480 3191 4548 σοφοὶ
3220 4478 3321 4545 τὴν
3363 4475 3640 4546 ίατρικὴν⁹
3665 4490 3755 4527 σο-

494 4562 715 4617 dolorcs
756 4568 938 4616 autem
967 4577 1066 4616 cor
1099 4564 1282 4618 acrius
1314 4563 1682 4635 attingebant,
1713 4575 1769 4620 et
1800 4581 1948 4622 mors
1973 4581 2060 4637 ap-

2175 4575 2442 4646 φιστικῶς
2491 4573 2553 4627 τὸ
2598 4573 2823 4640 γύναιον
2887 4569 3292 4641 μετερχόμενοι,
3353 4567 3507 4620 αὐτοί
3543 4583 3603 4620 τε
3652 4566 3755 4637 τὴν

495 4651 920 4721 propinquabat.
957 4651 1127 4706 Periti
1183 4665 1315 4707 vero
1345 4653 1662 4720 medicinae,
1705 4655 1903 4712 callide
1955 4665 2066 4713 tra-
2091 4644 2146 4706 Ῐ)
2170 4644 2381 4732 scolae,
2421 4666 2518 4719 καὶ
2547 4665 2576 4718 ὁ
2615 4661 2834 4732 σκώληξ
2859 4661 3014 4715 οὐδὲν
3041 4656 3210 4732 ἦττον
3237 4661 3330 4712 τὸν
3358 4657 3566 4730 μασθὸν
3588 4645 3762 4713 κατὲοη

493 4757 708 4801 ctuntcs
744 4746 1149 4812 mulierculam,
1190 4755 1245 4801 et
1275 4747 1380 4817 ipsi
1404 4745 1716 4814 facultates,
1749 4758 1811 4804 et
1833 4750 2060 4808 morbus

2170 4773 2377 4829 κειρον.
2418 4754 2588 4824 Αὕτη,
2640 4751 2740 4822 τῆς
2783 4751 2878 4805 τοῦ
2913 4750 3153 4821 μεγάλου
3182 4752 3372 4821 φήμης
3407 4750 3494 4803 διά
3529 4751 3754 4803 πάντων

495 4843 668 4895 nihilo
703 4840 884 4895 secius
917 4840 1238 4896 attondebat
1267 4841 1586 4896 mamillam.
1637 4841 1734 4910 Ea,
1772 4859 1899 4900 cum
1947 4861 2060 4902 ma-

2171 4845 2470 4914 φοιτώσης,
2508 4839 2773 4912 φρόνιμόν
2814 4855 2868 4892 τι
2894 4837 2990 4892 καὶ
3023 4838 3302 4902 λυσιτελὲς
3329 4835 3582 4902 ποιοῦσα,
3613 4837 3754 4908 πρὸς

490 4935 580 5004 gni
647 4933 860 5004 Patapii
925 4934 1069 4988 fatua
1113 4931 1170 4987 in
1223 4948 1442 4988 omnem
1493 4934 1677 4990 locum
1717 4938 2060 5007 pervaderet,

2172 4936 2336 4991 αὐτὸν
2367 4933 2759 5003 παραγίνεται,
2804 4936 2900 4986 καὶ
2930 4934 2996 5002 τῇ
3029 4933 3100 5002 γῇ
3129 4930 3499 5000 προοαράττει
3525 4929 3628 4999 τὴν
3658 4923 3760 4982 κεέ

492 5025 794 5098 prudenter
837 5035 894 5080 et
928 5025 1140 5080 utiliter
1178 5025 1410 5092 faciens,
1446 5025 1515 5080 ad
1569 5042 1696 5083 eum
1728 5030 1965 5098 accedit,
2009 5041 2060 5088 el

2172 5027 2370 5102 φαλὴν,
2403 5026 2646 5096 γονάτων
2679 5043 2739 5083 τε
2767 5024 3024 5087 ἅπτεται,
3061 5023 3156 5102 καί
3183 5025 3400 5093 οίκτρόν
3425 5039 3476 5075 τι
3507 5025 3604 5074 καὶ
3632 5037 3755 5090 γοεο

493 5130 650 5175 terra:
685 5127 849 5190 caput
905 5119 1103 5187 allidit,
1133 5126 1190 5173 et
1221 5119 1392 5190 tangit
1425 5120 1548 5190 ejus
1593 5135 1793 5192 genua,
1824 5132 1880 5178 et
1928 5123 2060 5179 llens

2178 5118 2272 5191 ρδν
2299 5116 2713 5180 ἀνακλαύσασα,
2743 5117 2944 5180 "lauat,
2974 5113 3127 5167 δοῦλε
3166 5113 3261 5166 τοῦ
3284 5115 3442 5178 ⁴θεοῦ,
3472 5114 3622 5165 ῐασαι
3652 5115 3755 5182 τὴν

490 5211 904 5272 miserabiliter,
964 5209 1134 5278 Cura,
1165 5225 1321 5267 serve
1345 5210 1464 5277 Dei,
1491 5225 1624 5266 cura
1650 5227 1735 5267 me
1787 5213 2060 5280 miseram,

2170 5209 2364 5264 ἀθλίαν
2404 5209 2527 5280 ἐμὲ,
2559 5208 2769 5280 γοερῶς
2793 5208 3047 5277 ἐκραζεν,
3083 5201 3149 5278 ἧς
3185 5205 3282 5258 καὶ
3309 5204 3418 5274 πρὸ
3441 5203 3538 5257 τοῦ
3570 5204 3751 5271 τάφου

489 5304 760 5360 clamabat
806 5302 1280 5358 lamentabiliter:
1329 5302 1488 5374 cujus
1545 5309 1673 5356 ante
1721 5301 2060 5372 sepulturam

2172 5300 2394 5374 σκώληξ
2421 5303 2484 5356 τὸ
2515 5303 2676 5373 σῶμα
2703 5299 3141 5370 κατενεμήσαω,
3169 5297 3262 5350 καὶ
3284 5294 3470 5352 ὀδῦναι
3500 5300 3753 5366 κατεφαο

492 5398 696 5453 vermis
723 5411 927 5467 corpus
978 5396 1221 5466 depavit,
1253 5405 1310 5450 et
1337 5394 1560 5449 dolores
1634 5392 1968 5460 exederunt.
2007 5404 2060 5451 et

2170 5413 2292 5467 γον,
2337 5398 2432 5450 καὶ
2464 5394 2554 5448 τὸν
2579 5380 2811 5464 φευκτὸν
2840 5394 2974 5447 πᾶσι
3003 5391 3230 5445 θάνατον
3262 5388 3601 5462 ἐπιθυμητὸν
3624 5389 3753 5459 ἐμοὶ

492 5498 726 5544 mortem
796 5489 1055 5543 omnibus
1103 5486 1413 5558 fugiendam
1495 5485 1630 5542 mihi
1699 5485 2060 5543 reddiderunt

2171 5488 2602 5567 κατεστήσαντο.
2619 5488 2678 5540 '0
2703 5486 2779 5544 δέ.
2809 5485 2906 5539 καὶ
2932 5483 3038 5556 πρὸ
3066 5481 3160 5537 τοῦ
3191 5481 3445 5554 σώματος
3467 5481 3748 5553 ἐμϐλέψας

490 5579 808 5650 optabilem.
846 5579 941 5634 lilc
972 5589 1154 5634 autem
1179 5594 1306 5634 cum
1338 5588 1465 5634 ante
1495 5592 1698 5648 corpus
1716 5578 1873 5650 prius
1905 5595 2054 5650 aspe-

490 5671 738 5728 xissotad
755 5671 992 5727 animant
1015 5689 1028 5726 :
1048 5672 1102 5726 Si
1123 5688 1335 5741 puram,
1356 5672 1553 5744 inquit,
1573 5674 1739 5730 oll‘ers
1751 5672 1912 5729 ﬁdem
1929 5674 2064 5740 Deo,

489 5764 585 5835 qui
604 5764 717 5822 tunc
738 5774 1007 5834 potest,et
1024 5766 1160 5823 nihil
1189 5767 1410 5825 dubitas
1439 5767 1505 5826 de
1527 5767 1837 5833 curatione,
1869 5782 2066 5826 conse-

2175 5582 2255 5643 είς
2281 5579 2380 5651 τὴν
2401 5579 2602 5651 ψυχὴν,
2629 5579 2692 5632 El
2719 5577 2992 5647 καθαράν,
3022 5577 3177 5647 φησὶ,
3215 5575 3314 5648 τὴν
3341 5575 3530 5630 πίστιν
3575 5593 3744 5646 προσ-

2173 5672 2365 5744 φέρεις
2401 5671 2479 5743 τῷ
2509 5670 2684 5726 ταῦτα
2713 5669 2995 5742 δυναμένῳ
3020 5669 3161 5740 Θεῷ,
3191 5670 3285 5722 καὶ
3311 5666 3482 5740 μηδὲν
3503 5669 3751 5723 ἐπιὸοιάο

2172 5765 2289 5830 ζεις
2319 5763 2447 5832 περὶ
2478 5763 2580 5833 τὴν
2615 5763 2780 5829 ἴασιν,
2841 5761 3138 5818 ἀκόλουθον
3166 5762 3235 5832 τῇ
3290 5759 3474 5819 πίστει
3507 5762 3601 5814 καὶ
3653 5761 3762 5824 τῆς,
