4080 6374
503 335 605 402 371
1747 346 2034 408 MENSIS
2072 345 2512 409 DECEMBEH.
3652 339 3764 404 372

507 455 554 508 si
601 454 656 510 in
704 454 813 509 alio
853 453 1076 522 quidem
1131 462 1378 523 tempore
1429 455 1692 512 subiisset
1739 457 2087 529 martyrium,

2209 455 2307 526 ἔχει
2357 454 2644 528 βουληθεὶς
2691 455 2818 525 ἄρτι
2869 453 2970 524 τὴν
3022 453 3179 506 πόλιν
3227 453 3404 507 πᾶσαν
3457 417 3525 504 δι’
3575 449 3772 504 ἐαυτοῦ

507 558 608 612 pro
656 558 714 598 se
756 543 932 597 solum
975 543 1282 612 accepisset
1329 559 1616 613 coronam,
1692 548 1855 603 hodie
1905 558 2088 602 autem

2209 549 2515 615 μεταθεῖναι
2565 547 2704 618 «pb;
2750 545 3086 608 θεοσέϐειαν,
3123 545 3218 598 καὶ
3274 545 3350 609 ὡς
3387 546 3446 599 ἐν
3479 544 3627 614 ἄλλῳ
3675 545 3776 613 μέν

509 649 611 702 pro
642 632 730 695 iis,
762 632 857 702 qui
895 631 1204 700 decertant,
1232 635 1466 705 accipiet
1493 639 1805 694 mercedem
1834 658 1850 696 :
1875 639 2093 694 intuens

508 721 577 777 ad
609 737 867 787 coronas,
899 723 1093 778 statuit
1125 735 1180 779 et
1215 726 1390 797 magis
1422 743 1655 800 arguere
1687 728 2091 799 deceptionem,

506 823 564 868 et
587 813 880 869 traducere
909 814 1190 871 civitatem
1221 817 1290 872 ab
1321 833 1511 874 errore
1539 820 1852 890 gentilium,
1883 830 1937 876 et
1971 837 2094 890 per-

515 905 750 962 suadere
783 907 1065 972 omnibus,
1099 919 1158 962 ut
1191 909 1406 965 discant
1443 910 1725 981 pietatem,
1755 923 1812 968 et
1853 914 2094 982 seipsum

511 999 744 1055 reddere
769 1001 1145 1064 manifestum,
1165 1010 1222 1056 et
1245 1002 1612 1058 certaminum
1637 1004 1955 1060 occasiones
1980 1005 2096 1074 ipse

511 1100 774 1161 tanquam
799 1106 960 1146 ansas
987 1091 1234 1162 praebere
1256 1093 1400 1148 aliis.
1426 1092 1699 1160 Quoniam
1726 1111 1858 1150 vero
1883 1096 2098 1167 perspi-

511 1183 695 1239 ciebat
756 1184 1170 1239 multitudinem
1227 1201 1575 1257 nequaquam
1643 1187 1866 1256 quidem
1921 1188 2098 1244 nudas

511 1280 808 1338 admittere
860 1281 1310 1345 adhortationes,
1367 1283 1462 1338 sed
1514 1298 1608 1339 eas
1657 1280 1846 1352 potius
1893 1282 2098 1337 habere

511 1382 818 1444 suspectas,
875 1373 1096 1429 facilius
1131 1382 1318 1430 autem
1349 1377 1470 1446 capi
1499 1392 1529 1431 a
1559 1377 1688 1444 fide,
1716 1393 1840 1450 quae
1867 1375 2097 1448 proﬁci-

513 1465 690 1521 scitur
733 1480 800 1520 ex
843 1465 1128 1534 operibus,
1171 1481 1343 1536 pauca
1379 1467 1620 1531 docens,
1671 1469 1837 1540 idque
1881 1467 2094 1530 solum,

514 1554 734 1624 quando
755 1554 976 1612 videbat
1001 1555 1400 1626 interrogantes
1453 1567 1510 1614 et
1531 1561 1820 1631 cupientes
1845 1558 2096 1614 discere:

513 1661 709 1718 magna
755 1662 824 1702 ex
874 1656 1029 1716 parte
1076 1658 1261 1704 autem
1310 1665 1410 1705 eos
1460 1665 1558 1721 per
1601 1652 1756 1722 signa
1807 1651 2097 1711 inducens.

517 1737 657 1794 adeo
682 1738 835 1794 brevi
857 1739 925 1794 ad
949 1754 1095 1804 eam,
1117 1756 1240 1811 quae
1262 1741 1487 1807 latebat,
1516 1742 1762 1798 traduxit
1785 1744 2095 1805 veritatem.

517 1839 580 1886 ut
612 1830 821 1886 fuerint
863 1845 1056 1888 omnes
1085 1835 1259 1903 parati
1294 1834 1604 1889 daemonum
1651 1844 1863 1890 statuas
1890 1843 1948 1889 et
1977 1850 2104 1889 aras

519 1921 788 1994 dejicere,
823 1933 902 1989 et,
949 1924 993 1979 si
1044 1925 1268 1996 quando
1329 1927 1543 1990 liceret,
1598 1943 1697 1997 pro
1731 1926 1954 1982 Cbristo
1989 1924 2103 1998 pati

519 2023 758 2070 mortem
806 2024 1064 2087 prompto
1107 2025 1165 2071 et
1214 2015 1381 2072 alacri
1418 2020 1624 2072 animo.
1669 2018 1808 2074 Nam
1851 2033 1978 2073 cum
2014 2017 2104 2072 ille

519 2105 745 2177 quidem
782 2121 909 2161 cum
945 2106 1113 2164 rebus
1139 2107 1380 2178 publicis
1413 2109 1532 2178 ipso
1563 2123 1786 2179 quoque
1821 2108 2108 2178 dignitatis

520 2196 662 2253 fastu
687 2207 910 2262 exutus,
939 2206 1112 2252 totum
1145 2198 1325 2253 forum
1358 2198 1542 2254 obiret
1575 2200 1810 2254 honesto
1831 2211 1888 2254 et
1914 2199 2106 2254 mode-

522 2301 646 2346 rato
675 2290 922 2357 incessu,
962 2299 1019 2346 ct
1065 2299 1212 2347 totus
1258 2307 1481 2363 quoque
1509 2292 1624 2348 lere
1663 2292 1898 2362 populus
1927 2292 2105 2362 ipsum

523 2391 981 2453 consequeretur,
1013 2393 1242 2454 propter
1271 2384 1641 2440 reverentiam
1675 2383 2029 2454 magistratus
2051 2393 2109 2440 et

524 2473 809 2543 signorum
851 2483 908 2528 et
951 2473 1300 2528 curationum
1337 2514 1352 2538 ,
1421 2474 1702 2531 accideret
1747 2483 1932 2530 autem
1965 2474 2108 2530 forte

526 2565 767 2630 fortuna,
797 2573 860 2620 ut
888 2565 1007 2636 ipse
1053 2565 1324 2622 incideret
1358 2567 1412 2622 in
1445 2575 1705 2639 agrotos,
1738 2575 1836 2622 aut
1884 2567 1991 2622 illis
2015 2582 2109 2622 oc-

528 2668 800 2723 curreret,
825 2657 1028 2728 quibus
1050 2665 1171 2713 erat
1197 2673 1401 2730 corpus
1427 2658 1612 2728 aliqua
1646 2668 1802 2729 parte
1828 2657 2106 2722 mutilum,

528 2750 621 2805 ille
641 2749 866 2820 quidem
893 2751 1143 2820 protinus
1165 2751 1496 2806 cernebatur
1519 2749 1708 2805 animo
1731 2749 2106 2821 perturbatus,

527 2851 584 2898 ct
613 2856 808 2897 manus
835 2840 920 2897 eis
945 2840 1285 2912 imponebat,
1315 2850 1372 2897 et
1398 2841 1683 2898 Christum
1715 2841 2024 2906 invocabat,
2053 2851 2111 2896 et

526 2935 685 3005 signo
707 2934 892 2990 crucis
915 2933 1261 3004 obsignabat.
1283 2934 1366 2989 illi
1391 2948 1522 2990 vero
1544 2949 1670 2989 cum
1694 2943 1873 2989 essent
1902 2933 2107 2999 claudi,

527 3027 712 3081 statim
745 3025 1024 3080 saltabant
1051 3025 1314 3080 omnibus
1345 3025 1663 3080 videntibus
1693 3042 1706 3079 :
1737 3024 1890 3080 surdi
1924 3034 2108 3080 autem

2192 641 2373 712 καιρῷ
2402 639 2786 712 μαρτυρήσας,
2816 638 2910 692 τὸν
2941 638 3082 709 ὑπὲρ
3109 635 3307 692 ἑαυτοῦ
3339 637 3500 706 μόνον
3537 635 3788 703 una;

2195 747 2344 785 κοιτο
2377 731 2664 798 στέφανον,
2692 728 2937 798 σήμερον
2971 726 3049 789 δὲ,
3070 729 3164 780 καὶ
3197 726 3289 779 τδν
3319 725 3462 796 ὑπὲρ
3490 724 3602 778 τῶν
3631 727 3778 794 ἀγωο

2194 820 2495 892 νιζομὲνων
2530 819 2711 873 αὐτῶν
2740 818 2930 886 μισθὸν
2955 817 3210 888 λήψεται,
3260 818 3354 872 καὶ
3386 814 3597 872 ἀπιδὼν
3640 816 3778 885 «pb;

2193 912 2323 974 τοὺς
2378 910 2668 972 τοσούτους
2719 908 3039 977 στεφάνους,
3091 908 3236 975 ἐγνω
3289 909 3390 978 τήν
3441 924 3502 961 τε
3560 907 3780 978 ἀπάτην

2199 1004 2402 1075 μᾶλλον
2433 1001 2674 1070 ἐλέγξαι,
2694 1001 2788 1054 καὶ
2819 1000 3160 1071 μεταστῆσαι
3189 999 3292 1069 τῆς
3323 999 3614 1072 ἐλληνικῆς
3642 1000 3782 1054 πλά-

2195 1111 2295 1165 νης
2329 1093 2429 1166 τὴν
2471 1093 2645 1158 πόλιν,
2694 1093 2791 1146 καὶ
2821 1095 3010 1146 πεῖσαι
3043 1092 3254 1156 πάντας
3293 1091 3634 1161 μεταμαθετν
3679 1093 3783 1161 τὴν

2197 1186 2486 1241 εὐσέϐειαν
2512 1202 2527 1218 ·
2559 1186 2792 1255 φανερόν
2826 1202 2885 1239 τε
2920 1183 3112 1238 ἐαυτὸν
3141 1183 3514 1252 καταστῆσαι,
3546 1183 3643 1238 καὶ
3680 1183 3783 1248 τὰς

2197 1279 2462 1352 ἀφορμὰς.
2498 1279 2610 1332 τῶν
2645 1277 2874 1347 ἀγώνων
2919 1277 2996 1340 ὡς
3042 1277 3216 1341 λαϐὰς
3259 1277 3374 1338 τοῖς
3399 1275 3584 1340 ἄλλοις
3617 1273 3786 1329 αύτδν

2199 1371 2526 1442 παρασχεῖν.
2569 1369 2723 1424 Ἐπεὶ
2755 1369 2888 1438 γοῦν
2929 1369 3142 1423 συνεῖδε
3174 1369 3236 1422 rb
3265 1368 3492 1436 πλῆθος,
3550 1369 3648 1431 τὶς
3685 1369 3786 1436 μὶν

2197 1463 2362 1535 ψιλὰς
2411 1461 2770 1534 παραινέσεις
2810 1459 2934 1515 οὔτε
2989 1460 3279 1532 προσέχον,
3313 1461 3410 1514 καὶ
3441 1459 3510 1513 δι’
3543 1459 3787 1529 ὑποψίας

2201 1557 2544 1628 ποιούμενον,
2593 1555 2728 1626 πρὸς
2774 1555 2833 1608 δέ
2877 1555 2977 1626 τὴν
3009 1554 3068 1622 ἐξ
3120 1553 3299 1623 ἔργων
3326 1554 3514 1607 πίστιν
3545 1553 3789 1616 εὐκόλως

2200 1652 2578 1724 χειρούμενον,
2612 1650 2770 1718 ὀλίγα
2801 1649 3092 1710 διδάσκων,
3125 1646 3423 1715 καὶτοῦτο,
3476 1647 3566 1700 δτε
3623 1646 3789 1716 μόνον

2205 1743 2652 1812 πυνθανομένους
2689 1741 2836 1812 ἐώρα
2887 1743 2982 1795 καὶ
3040 1740 3401 1810 γλιχομένους
3452 1741 3667 1810 μαθεῖν,
3718 1739 3790 1793 τὰ

2206 1836 2379 1891 πολλὰ
2423 1835 2509 1890 διὰ
2564 1835 2672 1889 τῶν
2720 1833 2964 1905 σημείων
2999 1833 3200 1895 αὐτοὺς
3243 1832 3476 1900 ἐνάγων,
3512 1831 3686 1895 οῦτως
3729 1831 3789 1883 ἐν

2209 1927 2401 1998 βραχεῖ
2429 1925 2567 1994 «pb;
2589 1925 2687 1996 τὴν
2709 1924 3097 1995 κρυπτομένην
3119 1923 3380 1994 ἀλήθειαν
3404 1921 3790 1991 μετεϐίϐασεν,

2205 2018 2280 2083 ὡς
2317 2019 2567 2088 ἑτοίμους
2590 2017 2801 2080 πάντας
2836 2016 3091 2085 γενέσθαι
3121 2015 3192 2068 τά
3219 2031 3278 2069 τε
3305 2011 3660 2085 ἀφιδρύματα
3676 2012 3790 2066 τῶν

2207 2111 2482 2181 δαιμόνων
2507 2109 2603 2165 καὶ
2625 2111 2750 2173 τοὺς
2783 2108 3000 2179 βωμοὺς
3023 2107 3294 2171 καθελεῖν,
3329 2109 3420 2159 καὶ
3452 2103 3506 2159 εί
3524 2121 3657 2158 ποτε
3687 2121 3790 2158 πα-

2213 2203 2302 2273 ρῇ,
2347 2201 2438 2255 τὸν
2469 2201 2612 2272 ὑπὲρ
2642 2200 2736 2255 τοῦ
2762 2199 3002 2271 Χριστοῦ
3035 2199 3332 2269 προθύμως
3367 2195 3661 2251 ἀποθανεῖν
3695 2195 3794 2249 θά-

2208 2310 2391 2348 νατον.
2431 2295 2520 2357 Ὧς
2547 2293 2654 2364 γὰρ
2680 2293 2709 2346 ό
2742 2293 2840 2364 μὲν
2893 2292 3031 2362 μετὰ
3060 2289 3174 2344 τῶν
3211 2288 3489 2359 δημοσίων
3522 2286 3792 2360 «panta-

2207 2396 2317 2440 των
2364 2385 2459 2439 καὶ
2515 2384 2678 2438 αὐτὸν
2730 2383 2824 2437 τὸν
2863 2383 2956 2438 τοῦ
3011 2383 3324 2454 ἀξιώματος
3379 2381 3545 2449 ϐγκον
3599 2379 3796 2448 ὥσπερ

2207 2479 2625 2550 ἀποδυσάμενος
2663 2477 2823 2550 ἐπῄει
2850 2479 2992 2533 κατὰ
3017 2479 3200 2531 πᾶσαν
3238 2478 3340 2547 τὴν
3379 2475 3585 2547 ἀγορὰν
3628 2475 3795 2529 εύκόο

2212 2587 2336 2641 σμῳ
2379 2571 2471 2624 καὶ
2508 2571 2716 2640 μετρίῳ
2755 2569 2868 2624 τινὶ
2922 2568 3002 2640 τῷ
3039 2569 3354 2640 βαδίσματι,
3400 2568 3687 2622 συνείπετο
3732 2566 3797 2621 δὲ

2211 2660 2362 2733 αὐτῷ
2403 2661 2497 2714 καὶ
2531 2663 2640 2726 πᾶς
2667 2664 2696 2716 ό
2743 2661 2917 2731 δῆμος
2949 2659 3134 2730 σχεδδν
3165 2661 3306 2713 αἰδοῖ
3331 2659 3432 2730 τῆς
3467 2659 3643 2730 ἀρχῆς
3695 2659 3797 2712 καὶ

2208 2753 2320 2806 τῶν
2363 2752 2611 2822 σημείων
2649 2752 2746 2806 καὶ
2789 2753 2900 2806 τῶν
2952 2753 3172 2816 ίάσεων,
3213 2751 3498 2805 συνέϐαινε
3545 2751 3602 2804 δέ
3649 2750 3798 2804 κατά

2210 2860 2336 2896 τινα
2381 2841 2574 2912 τύχην,
2619 2841 2654 2912 ἦ
2698 2840 3044 2914 ἀρρωστοῦσι
3095 2841 3470 2913 παραϐάλλειν
3519 2840 3705 2901 αὑτὸν,
3757 2841 3795 2907 ἢ

2211 2935 2444 2998 ἐκείνοις
2499 2934 2892 2997 συναντᾶσθαι,
2941 2928 3024 2997 οἷς
3077 2934 3137 2986 ἐν
3183 2932 3341 3003 μέρει
3383 2933 3491 2986 τινὶ
3527 2931 3588 2984 τδ
3630 2931 3798 3000 σῶμα

2212 3029 2512 3097 πεπήρωτυ
2541 3043 2556 3058 ο
2608 3027 2638 3079 ό
2672 3027 2771 3097 μὶν
2805 3026 3117 3098 περιπαθὴς
3146 3043 3204 3080 τε
3241 3027 3404 3090 εὐθὺς
3430 3027 3661 3096 ἐωρᾶτο,
3698 3025 3800 3079 καὶ

525 3123 584 3168 et
628 3112 760 3169 caeci
802 3113 1059 3184 protinus
1087 3113 1349 3170 videbant
1392 3123 1449 3169 et
1481 3114 1813 3177 audiebant,
1862 3114 2107 3186 mutique

2212 3121 2313 3183 τάς
2360 3135 2419 3172 τε
2476 3119 2666 3189 χεῖρας
2707 3119 2892 3182 αὐτοῖς
2955 3119 3216 3176 ἐπετίθει,
3257 3118 3349 3172 καὶ
3405 3119 3495 3172 τὸν
3556 3117 3800 3187 Χριστίιν

529 3205 919 3276 loquebantur,
952 3215 1010 3260 et
1037 3205 1358 3261 daemoniaci
1390 3207 1749 3261 curabantur.

2211 3207 2495 3272 ἐπεϐοᾶτο,
2562 3209 2658 3261 καὶ
2714 3209 2794 3278 τῷ
2853 3207 2950 3263 τοῦ
3017 3208 3256 3280 σταυροῦ
3319 3207 3533 3279 σημείῳ
3592 3207 3798 3270 αὐτοὺς

526 3301 957 3368 ἐπεσφράγιζεν·
1007 3302 1055 3354 oi
1103 3300 1162 3354 δὲ
1217 3300 1439 3366 αὐτίκα,
1490 3300 1656 3370 χωλοί
1709 3317 1769 3352 τε
1833 3300 2010 3367 ὄντες,
2043 3299 2102 3354 ἐν
2142 3299 2440 3370 όφθαλμοϊς
2505 3301 2724 3356 πάντων
2746 3301 2993 3372 ἥλλοντο,
3033 3303 3210 3371 κωφοὶ
3272 3301 3330 3354 δὲ
3359 3301 3391 3371 ἢ
3421 3299 3633 3371 τυφλοὶ,
3667 3298 3799 3354 ἀνέ-

529 3395 731 3449 ϐλεπόν
774 3411 838 3448 τε
874 3395 1223 3467 παραχρῆμα
1255 3395 1350 3448 καὶ
1385 3397 1605 3467 ἢκουον,
1634 3395 1822 3450 ἄλαλοί
1879 3412 1940 3450 τε
1973 3395 2218 3462 ἐλάλουν,
2245 3397 2342 3450 καὶ
2367 3396 2735 3468 δαιμονῶντες
2768 3397 3184 3469 ἐθεραπεύοντο.

602 3486 667 3541 ν.
701 3485 840 3542 Cum
875 3486 992 3542 haec
1024 3501 1158 3557 ergo
1188 3487 1408 3555 ﬂerent,
1437 3497 1494 3543 et
1528 3497 1852 3558 precaretur
1883 3488 2107 3558 quidem

533 3581 730 3636 beatus
747 3579 954 3645 Menas,
999 3579 1067 3635 ad
1093 3579 1474 3636 invocationes
1500 3590 1684 3635 autem
1711 3589 2110 3636 concurrerent

532 3689 697 3729 omne
740 3688 915 3744 genus
947 3675 1215 3730 miracula
1258 3673 1648 3747 (manifestum
1694 3677 1842 3731 enim
1884 3685 2004 3732 erat
2043 3675 2111 3731 iis

531 3765 626 3834 qui
665 3765 830 3820 simul
877 3765 1132 3829 aderant,
1164 3766 1291 3837 quis
1339 3765 1517 3822 solum
1559 3767 1878 3823 nominatus
1909 3768 2116 3822 faceret

532 3853 822 3921 miracula,
871 3863 929 3910 et
975 3855 1122 3926 quod
1171 3871 1283 3912 non
1323 3864 1444 3912 erat
1490 3856 1653 3920 alius.
1703 3856 1809 3912 nisi
1857 3855 2116 3913 Christus

537 3946 731 4017 Deus),
765 3959 1065 4017 erumpens
1104 3956 1334 4019 repente
1372 3948 1629 4004 universa
1665 3948 1862 4004 civitas
1885 3964 1914 4003 a
1947 3949 2118 4019 majo-

536 4055 679 4106 rum,
705 4039 761 4095 in
781 4055 890 4111 qua
915 4040 1146 4097 enutriti
1177 4041 1420 4107 inerant,
1450 4041 1798 4111 deceptione,
1821 4051 1877 4097 et
1905 4041 2114 4112 patrios

533 4131 758 4202 quidem
785 4132 920 4188 deos
947 4132 1180 4188 multum
1213 4132 1527 4198 Iuditlcans,
1559 4134 1730 4189 multa
1756 4149 1888 4188 vero
1917 4133 2111 4188 dicens

533 4223 801 4280 adversus
849 4222 1281 4296 imperatorem,
1334 4233 1392 4280 et
1449 4223 1771 4295 gravissime
1815 4237 2112 4278 exsecraris

537 4324 646 4370 tam
673 4329 772 4370 eos
793 4315 888 4385 qui
918 4315 1128 4383 colunt,
1159 4331 1324 4386 quam
1351 4331 1416 4372 ea
1441 4331 1562 4386 quae
1593 4316 1873 4380 coluntur,
1901 4325 1958 4370 et
1994 4323 2110 4370 toto

536 4408 717 4464 animo
751 4407 1012 4480 abjurans
1058 4418 1347 4478 parentum
1395 4409 1756 4478 impietatem,
1791 4423 1821 4462 a
1860 4406 2110 4478 martyris

2289 3489 2366 3543 E'.
2411 3489 2500 3554 Ὠς
2529 3491 2622 3546 οὖν
2647 3494 2819 3544 ταῦτα
2848 3489 3022 3554 οὕτως
3052 3490 3337 3562 ἐνηργεῖτό
3364 3508 3423 3544 τε
3451 3490 3546 3544 καὶ
3591 3490 3803 3561 ἐπράτ-

2217 3597 2362 3647 τετο,
2396 3583 2494 3636 καὶ
2521 3581 2723 3653 ηὔχετο
2755 3581 2857 3652 μὲν
2881 3582 2909 3634 ό
2933 3581 3209 3651 μακάριος
3243 3581 3472 3648 Μηνᾶς,
3492 3581 3796 3651 συνέτρεχε

2213 3675 2270 3730 δὲ
2303 3674 2439 3746 «pb;
2484 3676 2583 3738 τὰς
2646 3674 2969 3743 ἐπικλήσεις
3015 3673 3084 3727 τὰ
3137 3673 3465 3727 παντοδαπὰ
3509 3672 3796 3741 θαύματα,

2222 3766 2384 3836 δῆλον
2413 3765 2469 3820 δὲ
2494 3761 2562 3837 ἦν
2589 3765 2686 3818 καὶ
2717 3767 2825 3828 τοῖς
2849 3763 3204 3834 συμπαροῦσι
3229 3763 3314 3827 τίς
3340 3766 3368 3816 ό
3397 3763 3559 3832 μόνον
3588 3764 3791 3835 ὄνομα·

2215 3857 2444 3925 ζόμενος
2508 3856 2605 3909 καὶ
2677 3854 3131 3926 θαυματουργῶν,
3200 3855 3296 3907 καὶ
3347 3853 3424 3918 ώς
3473 3853 3574 3907 οῦκ
3623 3851 3790 3916 ἄλλος

2213 3945 2511 4019 ἢΧριστδς
2559 3945 2766 4012 ὀΘεδε,
2821 3944 3082 4015 ἐξαίφνης
3142 3945 3293 4000 πᾶσα
3339 3942 3560 4013 ἡπόλις
3617 3943 3795 4014 ἀττορ-

2216 4039 2450 4109 ραγεῐσα
2498 4040 2600 4106 τῆς
2662 4035 2967 4104 συντρόφου
3029 4033 3138 4088 τῶν
3207 4037 3491 4107 προγόνων
3549 4034 3794 4104 ἀπάτης,

2217 4132 2314 4185 καὶ
2370 4129 2544 4184 πολλὰ
2609 4129 2708 4198 μὲν
2781 4125 3259 4197 διακωμῳδήσασα
3319 4128 3445 4191 τοὺς
3502 4125 3797 4197 πατρῴους

2218 4223 2397 4286 θεοὺς,
2423 4222 2595 4276 πολλά
2629 4222 2685 4275 δὲ
2709 4222 3052 4278 κατειποῦσα
3083 4221 3179 4274 τοῦ
3211 4219 3498 4290 βασιλέως,
3523 4221 3622 4272 καὶ
3651 4221 3794 4273 lna-

2221 4311 2498 4384 ρασαμένη
2517 4312 2583 4366 τὰ
2617 4313 2982 4384 χαλεπώτατα
3010 4317 3122 4376 τοῖς
3152 4328 3212 4365 τε
3239 4310 3557 4380 σεϐομένοις
3580 4312 3674 4363 καὶ
3694 4311 3798 4363 ati-

2216 4408 2326 4469 τοῖς
2354 4407 2466 4468 τοῖς
2495 4405 2825 4476 σεϐάσμασι,
2852 4409 2946 4462 καὶ
2975 4407 3068 4479 ὅλῃ
3099 4405 3244 4476 ψυχῇ
3273 4405 3373 4474 τὴν
3399 4402 3507 4457 τῶν
3539 4404 3798 4472 πατέρων

539 4502 720 4570 lingua
752 4510 806 4553 et
843 4508 1028 4554 mente
1059 4515 1252 4554 omnes
1289 4499 1452 4554 simul
1493 4499 1898 4569 pependerunt,
1927 4511 1983 4552 et
2013 4513 2107 4553 sua

2215 4498 2472 4554 ἀσέϐειαν
2521 4500 2929 4569 ἐξομοσαμένη,
2964 4500 3166 4563 πάντες
3195 4497 3356 4561 εὐθὺς
3388 4497 3487 4565 τῆς
3516 4495 3614 4549 τοῦ
3648 4495 3797 4565 μὰρ·

537 4588 587 4643 ei
623 4588 804 4643 anima
839 4587 1213 4652 adhaeserunt,
1247 4603 1434 4644 sacras
1469 4601 1634 4643 voces
1669 4588 2027 4652 arbitrantes,
2059 4597 2116 4644 et

540 4677 706 4732 verba
736 4677 884 4740 vitae,
917 4676 1061 4730 illius
1091 4675 1263 4732 solius
1290 4676 1458 4732 verba
1488 4687 1850 4755 agnoscentes
1878 4695 1893 4731 :
1923 4679 2114 4748 paucis

539 4769 606 4824 ad
651 4767 803 4840 signa
849 4768 1295 4831 conniventibus,
1341 4777 1398 4826 et
1437 4769 1504 4823 ad
1550 4769 1883 4840 agnitionem
1919 4785 2114 4826 eorum

539 4861 1089 4918 obsurdescenlibus.
1127 4860 1362 4929 Quinam
1401 4871 1585 4917 autem
1621 4871 1780 4918 erant
1817 4861 1946 4917 isti?
1982 4861 2044 4928 li,
2083 4876 2114 4918 a

539 4954 742 5022 quibus
789 4952 968 5024 magni
1019 4953 1242 5024 quidem
1295 4953 1461 5010 nebat
1511 4954 1709 5011 festum
1761 4953 2113 5021 daemonum,

539 5041 686 5111 quod
754 5043 1119 5114 peragebatur
1161 5043 1230 5099 ad
1275 5060 1421 5108 aras,
1479 5055 1706 5116 propter
1761 5047 2116 5103 comessatio-

542 5149 690 5201 nem,
714 5145 771 5190 et
798 5136 1148 5201 ebrietatem,
1172 5146 1230 5192 et
1252 5137 1480 5202 cubilia,
1507 5147 1564 5194 et
1591 5139 2070 5209 intemperantiam
2099 5159 2112 5194 :

541 5227 882 5298 contemptui
917 5243 1050 5284 vero
1084 5229 1432 5286 habebantur
1462 5247 1554 5287 res
1589 5232 1836 5288 honesta:
1859 5243 1914 5288 et
1945 5248 2115 5289 vene-

543 5317 728 5374 randa:
769 5317 1233 5390 Christianorum,
1259 5332 1486 5394 propter
1529 5323 1695 5380 vitam
1742 5324 2113 5380 continentem

541 5420 596 5464 et
631 5410 1014 5481 impatibilem,
1045 5422 1102 5470 et
1149 5430 1273 5486 quas
1315 5425 1437 5472 erat
1485 5431 1611 5472 cum
1655 5432 1912 5488 corpore,
1949 5418 2114 5472 vitam

436 5564 440 5567 1
543 5502 947 5573 incorpoream.
990 5505 1128 5563 Cum
1163 5517 1347 5566 autem
1397 5509 1486 5566 isti
1533 5509 1882 5566 tenebrarum
1935 5510 2029 5564 lilii
2059 5519 2116 5566 et

544 5594 824 5660 interitus,
861 5598 1182 5658 derelictum
1222 5620 1466 5661 errorem
1511 5613 1569 5661 et
1613 5619 1837 5660 suorum
1882 5604 2116 5659 simula-

544 5702 764 5744 crorum
799 5689 1036 5747 dedecus
1080 5708 1187 5748 non
1215 5695 1476 5761 ferentes,
1516 5710 1765 5753 sanctum
1803 5703 2114 5767 quaererent

547 5777 733 5834 ulcisci
771 5793 874 5851 pro
916 5781 1054 5840 facta
1089 5785 1170 5841 cis
1212 5786 1431 5859 injuria,
1471 5798 1528 5845 ct
1562 5789 1821 5859 populum
1868 5802 1967 5856 pro
1993 5786 2113 5855 eius

2215 4604 2378 4656 τυρος
2407 4589 2652 4658 γλώττης
2691 4589 2807 4658 ἅμα
2855 4590 2948 4642 καὶ
2973 4588 3197 4658 γνώμης
3229 4588 3514 4656 γεγόνασι.
3547 4585 3660 4640 Kal.
3683 4586 3792 4656 τὴν

2216 4679 2396 4752 ψυχὴν
2429 4681 2611 4734 ὀπίσω
2658 4681 2822 4735 αὐτοῦ
2859 4680 3253 4750 ἐκολλήθησαν,
3280 4679 3466 4747 φωνὰς
3496 4676 3634 4730 Θεοῦ
3693 4678 3798 4740 τὰς

2216 4773 2426 4826 ἐκείνου
2479 4773 2664 4841 φωνὰς
2728 4773 3089 4844 ἡγησάμενοι,
3150 4771 3246 4824 καὶ
3299 4769 3521 4841 ῥήματα
3545 4768 3690 4837 ζωῆς
3722 4769 3796 4821 τὰ

2217 4864 2426 4917 ἐκείνου
2465 4864 2626 4932 μόνου
2652 4863 3012 4932 γινώσκοντες
3072 4861 3312 4932 ῥήματα,
3369 4860 3568 4927 ὀλίγων
3623 4857 3797 4912 τινῶν
3847 4848 3849 4851 ’

2220 4957 2508 5028 μυσάντων
2531 4957 2670 5026 πρὶς
2703 4955 2770 5008 τὰ
2797 4955 2998 5025 σημεῖα
3048 4955 3141 5006 καὶ
3187 4951 3589 5020 κωφευσάντων
3653 4947 3795 5018 πρὸς

2215 5047 2315 5118 τὴν
2351 5047 2670 5116 ἐπίγνωσιν.
2705 5047 2817 5100 Καὶ
2854 5047 3018 5099 τίνων
3047 5043 3289 5109 τούτων;
3319 5039 3416 5106 Οἷς
3449 5039 3647 5094 πολλοῦ
3687 5040 3797 5108 μέν

2217 5141 2443 5208 ἐτιμᾶτο
2501 5141 2536 5210 ἠ
2584 5138 2690 5191 τῶν
2751 5137 3025 5208 δαιμόνων
3061 5133 3368 5205 ὲπιϐώμιος
3397 5134 3560 5204 ἐορτὴ
3588 5130 3678 5184 διὰ
3700 5131 3798 5184 τὸν

2217 5234 2403 5303 κῶμον
2433 5233 2528 5286 καὶ
2556 5231 2656 5301 τὴν
2687 5231 2882 5301 μέθην,
2915 5231 3008 5283 καὶ
3037 5228 3136 5292 τὰς
3166 5227 3352 5289 κοίτας
3381 5227 3477 5279 καὶ
3505 5223 3606 5296 τὴν
3627 5221 3798 5276 ἀσέλ-

2215 5337 2410 5396 γειανο
2443 5323 2772 5395 ἡτοιμάζετο
2822 5321 2880 5376 δέ
2934 5321 3004 5375 τὰ
3057 5319 3232 5391 σεμνὰ
3283 5317 3392 5372 τῶν
3443 5313 3799 5386 Χριστιανῶν

2215 5418 2305 5472 διὰ
2334 5417 2432 5488 τὴν
2465 5415 2708 5486 ἐγκρατῆ
2741 5411 2888 5484 ζωήν
2923 5428 2984 5465 τε
3009 5413 3102 5465 καὶ
3129 5407 3317 5479 ἀπαθῆ
3358 5408 3455 5464 καὶ
3489 5410 3587 5478 τὴν
3649 5406 3796 5474 μετὰ

2219 5508 2472 5580 σώματος
2523 5505 2812 5576 ἀσώματον
2839 5505 3044 5574 βιοτήν.
3078 5501 3234 5556 Ἐπεὶ
3290 5497 3385 5556 οὖν
3425 5500 3478 5554 ei
3512 5499 3605 5553 τοῦ
3666 5499 3798 5552 636--

2216 5619 2341 5664 τους
2368 5595 2513 5655 οὗτοι
2566 5597 2786 5666 καὶτῆς
2827 5595 3102 5656 ἀπωλείας
3145 5593 3276 5654 υίοὶ,
3318 5594 3387 5646 τὰ
3425 5592 3525 5660 τῆς
3584 5587 3798 5657 πλάνης

2217 5691 2729 5761 ἐγκαταλεξμματα,
2759 5689 2858 5759 τὴν
2887 5687 2994 5742 τῶν
3018 5687 3166 5742 ἰδίων
3201 5684 3568 5752 σεϐασμάτων
3597 5679 3795 5750 αἰσχῦ-

2218 5801 2316 5850 νην
2348 5784 2446 5838 οὐκ
2492 5783 2830 5848 ἐνεγκόντες,
2857 5780 3082 5846 ἐζήτουν
3129 5796 3188 5834 τε
3222 5779 3312 5833 τὸν
3356 5776 3512 5842 ἅγιον
3571 5773 3798 5843 ἀμύναι-
