4080 6374
307 332 417 396 373

1207 327 1680 388 MARTYRIUM
1728 327 1792 384 S.
1827 321 2060 385 ΜΕΝΕ
2105 326 2198 386 ET
2238 326 2654 390 SOCIORUM.

3464 324 3572 388 971

310 442 439 494 σθαι
467 439 634 508 δῆθεν
671 437 772 508 τῆς
799 437 880 502 εἰς
905 436 1106 500 αὐτοὺς
1169 435 1413 501 ἀδικίας,
1453 435 1550 487 καὶ
1587 434 1678 487 τὸν
1729 432 1928 502 δῆμον

2031 452 2058 488 ιι
2086 436 2221 492 deos
2247 435 2602 504 contumelia,
2633 445 2898 493 caverent
2922 447 3104 492 autent
3139 438 3403 508 impetum
3435 444 3544 492 tnul
3564 471 3578 482 ο

310 532 412 601 τῆς
431 532 513 594 είς
553 530 684 594 τοὺς
709 529 870 594 θεοὺς
918 527 1155 598 ὕϐρεως,
1188 527 1519 582 εὐλαϐοῦντο
1543 527 1599 580 δέ
1667 524 1767 596 τὴν
1798 523 1894 578 τοῦ

311 618 554 686 πλήθους
579 619 760 690 ὁρμήν
781 634 798 650 ·
856 617 1197 692 ἀναφέρουσι
1251 617 1346 671 καὶ
1413 616 1589 672 ταῦτα
1617 616 1790 685 λάθρα
1822 609 1898 684 τῷ

315 711 547 781 βασιλεῖ.
593 709 680 772 Ὠς
711 707 778 763 ἀν
807 707 864 762 δὲ
897 708 1261 778 διαφερόντως
1296 706 1580 778 ἀνάψωσιν
1613 705 1779 762 αὐτοῦ
1809 708 1899 758 τὸν

313 799 508 870 θυμὸν..
536 801 633 854 καὶ
663 798 784 853 ὅλον
823 797 986 852 αὐτὸν
1019 799 1115 853 ἐπὶ
1136 800 1235 868 τὴν
1257 799 1414 869 δίκην
1461 799 1750 867 ἐνέγκωσι,
1807 798 1900 851 καὶ

315 889 528 962 ἀπορίᾳ
585 890 686 946 καὶ
747 890 888 962 ὀργῇ
950 890 1386 963 πολιορκηθέντα
1427 891 1597 960 ταχὺν
1644 888 1902 959 γενέσθαι

317 983 788 1056 παρασκευάσουσι
816 982 913 1038 τοῦ
931 983 1282 1054 τολμήματος
1301 982 1571 1054 τιμωρὸν,
1605 982 1665 1035 τὺ
1691 983 1719 1035 ὁ
1744 981 1904 1036 Γαλι-

318 1077 472 1141 λαῖος
503 1077 679 1146 ονομα
702 1073 985 1146 πανταχοῦ
1012 1074 1110 1144 τῆς
1144 1073 1440 1142 ἐπιστολῆς
1459 1071 1902 1144 ἐγκατέσπαρτο,

322 1169 420 1222 καὶ
450 1168 552 1241 τὴν
577 1166 836 1238 ἀθέτησιν
893 1166 994 1238 τῆς
1042 1165 1212 1220 αὐτοῦ
1257 1163 1583 1228 δεσποτείας
1647 1163 1744 1218 καὶ
1792 1162 1903 1217 τῶν

323 1261 484 1324 θεῶν,
539 1261 637 1316 καὶ
687 1260 758 1314 τὰ
816 1260 942 1314 κατ’
1018 1257 1352 1329 ἀμφοτέρων
1423 1256 1742 1327 σκώμματα
1811 1257 1908 1310 καὶ

324 1355 416 1407 τὸν
473 1353 690 1422 γέλωτα
739 1353 833 1408 καὶ
854 1353 956 1424 τὴν
990 1350 1249 1416 καθάπαξ
1303 1349 1645 1405 ἀποστασίαν
1681 1348 1780 1420 τῆς
1813 1348 1909 1402 πόρ

325 1448 486 1510 λεως.

399 1541 491 1607 ς’.
533 1540 594 1593 ’0
621 1539 678 1594 δέ
720 1538 1049 1610 Μαξτμῖνος,
1077 1536 1540 1607 ἀναγνωσθέντων
1591 1534 1742 1608 αὐτῷ
1801 1534 1911 1589 τῶν

327 1633 700 1703 γραμμάτων,
732 1630 894 1696 εὐθὺς
929 1630 1198 1700 αἰσχύνης
1227 1647 1286 1684 τε
1309 1630 1407 1683 καὶ
1468 1629 1649 1695 λύπης
1702 1628 1914 1697 πεπλή-

331 1741 473 1794 ρωτο
499 1725 598 1796 τὴν
636 1725 842 1796 ψυχήν.
883 1724 1175 1792 Λελύπητο
1220 1724 1318 1794 μὲν
1344 1723 1456 1795 γὰρ
1511 1723 1602 1777 διὰ
1658 1723 1756 1785 τὴν
1819 1721 1908 1774 ἐπὶ

328 1820 397 1886 τῇ
423 1818 576 1870 πόλει
609 1817 837 1888 ζημίαν,
883 1819 965 1882 ei;
1025 1816 1154 1871 νοῦν
1207 1817 1415 1878 λαϐὼν,
1447 1817 1598 1877 ὅπως
1631 1831 1691 1869 τε
1755 1813 1906 1882 αὒτῷ
1941 1795 1984 1852 Β

241 1939 267 1954 ο
330 1911 400 1962 τὰ
425 1907 528 1978 τῆς
558 1909 736 1978 ἀρχῆς
767 1909 1246 1980 ὴκρωτηριάξετο,
1280 1911 1376 1964 καὶ
1405 1911 1530 1963 ὅσον
1565 1907 1730 1978 μέρος
1763 1905 1918 1976 αῦτῷ

333 2003 636 2071 παρῃρεῖτο
660 1999 759 2071 τῆς
791 2000 1078 2066 ἐξουσίαςο
1136 2001 1412 2073 ᾐσχύνετο
1469 1999 1550 2061 δέ,
1607 1999 1803 2053 ἑαυτὸν
1855 2015 1916 2052 τε

332 2090 587 2162 καθορῶν
639 2093 977 2164 ἡττώμενον,
1001 2093 1098 2148 καὶ
1129 2091 1523 2165 ὑϐριζομένους
1580 2091 1748 2145 αὑτοῦ
1791 2090 1920 2154 τοὺς

335 2186 510 2250 θεούς.
531 2187 1054 2258 Προσποιησάμενος
1083 2186 1140 2241 δὲ
1171 2186 1269 2258 τὴν
1292 2187 1595 2256 γενομένην
1614 2185 1764 2254 αὗτῷ
1783 2185 1920 2253 σύγ-

337 2296 498 2347 χυσιν
523 2279 622 2349 τῆς
652 2278 851 2350 ψυχῆς,
884 2281 978 2332 καὶ
1005 2279 1104 2347 τὴν
1143 2278 1236 2333 τοῦ
1262 2277 1558 2350 προσώπου
1589 2278 1922 2346 κατήφειαν,

339 2372 591 2426 σύννοιαν
631 2372 800 2442 μόνην
827 2368 989 2438 εῖναι,
1021 2374 1114 2425 καὶ
1141 2372 1236 2424 τοῦ
1263 2370 1671 2432 λυσιτελοῦντος
1697 2367 1923 2423 διάσκε-

347 2467 462 2535 ψιν,
515 2466 640 2520 ἐπεὶ
693 2467 768 2536 μὴ
791 2465 953 2537 μέχρι
994 2464 1192 2520 πολλοῦ
1229 2465 1366 2535 πρὸς
1392 2463 1492 2535 τὴν
1515 2463 1684 2532 ζάλην
1717 2462 1922 2532 ταύτην

343 2556 594 2626 ἀντέχειν
625 2555 880 2626 ἠδύνατο,
906 2554 1066 2625 δῆλος
1091 2555 1255 2619 εὐθὺς
1284 2555 1525 2624 γίνεται,
1555 2557 1654 2608 καὶ
1683 2553 1790 2608 ὑπὸ
1818 2553 1913 2608 τοῦ

348 2647 552 2709 πάθους
582 2647 887 2717 ἐλέγχεται,
961 2652 1057 2701 καὶ
1116 2647 1366 2717 φανερῶς
1393 2647 1626 2718 ῥήγνυσι
1674 2647 1776 2719 τὴν
1832 2647 1924 2716 δρ-

343 2742 467 2810 γήν.
500 2743 881 2810 Δυσφημήσας
909 2735 1007 2794 οὖν
1029 2739 1200 2793 πολλὰ
1221 2738 1365 2792 κατά
1394 2737 1490 2792 τοῦ
1521 2735 1787 2808 Χριστοῦ,
1821 2737 1920 2790 καὶ

345 2833 560 2901 πλάνην
610 2832 919 2900 καταγνοὺς
957 2829 1055 2884 τοῦ
1103 2829 1378 2902 μακαρίου
1407 2831 1596 2899 Μηνᾶ,
1632 2831 1728 2883 καὶ
1757 2845 1922 2898 προσ-

354 2927 465 2989 θεὶς
499 2923 577 2989 ὡς
635 2924 901 2978 ἀδύνατον
934 2923 1035 2994 μὲν
1088 2923 1408 2993 ἀνθρώποις
1465 2923 1756 2993 ἄνθρωπον
1805 2922 1928 2976 δια-

347 3017 554 3084 γνῶναι
582 3017 676 3070 καὶ
701 3015 978 3070 διαλαϐεῖν
1000 3014 1645 3084 ἀκριὸῶς,ἀσύγγνωστα
1662 3014 1721 3067 δέ
1745 3014 1930 3086 ἀμαρ-

2006 525 2277 592 titudinis,
2311 526 2428 583 htec
2463 541 2682 598 quoque
2713 526 2854 584 clam
2890 525 3137 582 referant
3179 527 3247 580 ad
3284 527 3579 597 imperato-

2007 633 2144 672 rem.
2170 617 2242 674 Ut
2269 633 2398 673 vero
2425 618 2547 687 ejus
2575 617 2710 672 iram
2743 618 2978 674 maxime
3009 619 3397 679 accenderent,
3428 629 3483 672 et
3513 618 3580 672 ad

2006 724 2198 778 pinnas
2235 711 2532 765 sumendas
2562 726 2689 765 eum
2735 720 2908 766 totum
2946 711 3293 770 indueerent.
3328 720 3382 764 et
3415 728 3442 763 a
3475 711 3580 762 du-

2007 801 2276 858 bitatiene
2316 813 2371 857 et
2402 801 2481 856 ira
2513 802 2824 865 obsessum,
2857 801 3137 858 edicerent
3168 803 3404 856 celerem
3439 804 3585 856 ulto-

2010 907 2126 948 rem
2157 893 2385 948 audacis
2405 893 2687 959 facinoris,
2717 893 2823 948 hoc
2855 909 3080 956 nomen,
3113 893 3388 956 Galiimus,
3419 896 3587 949 semi-

2012 995 2215 1041 narunt
2257 1001 2355 1057 per
2386 995 2556 1041 totam
2598 986 2887 1056 epistolam
2918 1025 2934 1048 ,
2987 987 3218 1056 ejusque
3249 985 3587 1048 dominatus,

2011 1085 2068 1134 et
2115 1077 2348 1134 deorum
2401 1078 2870 1148 contemptionem
2934 1087 2992 1134 et
3047 1077 3446 1140 abolitionem,
3536 1086 3592 1129 et
3663 1101 3673 1110 -

2011 1169 2280 1227 adversus
2316 1171 2506 1226 ambos
2554 1178 2855 1226 scommata
2889 1180 2946 1226 et
2990 1170 3332 1238 irrisionem,
3375 1179 3431 1226 et
3464 1170 3590 1224 uni-

2013 1277 2233 1318 versam
2271 1263 2511 1319 civitatis
2548 1262 2942 1320 defectionem.

2089 1540 2176 1595 Vl.
2209 1540 2536 1598 Maximinus
2577 1551 2763 1596 autem
2816 1541 3024 1604 statim,
3057 1540 3139 1594 eis
3178 1540 3332 1594 lectis
3373 1538 3594 1597 litteris,

2021 1635 2231 1704 pudore
2293 1645 2352 1691 et
2409 1635 2602 1691 dolore
2669 1635 2773 1690 fuit
2841 1635 3102 1704 repletus.
3163 1632 3390 1687 Dolebat
3448 1631 3595 1684 enim

2024 1739 2249 1798 propter
2306 1730 2569 1784 damnum
2624 1728 2903 1793 civitatis,
2966 1742 3091 1782 cum
3151 1723 3598 1784 considerasset,

2019 1835 2184 1890 quam
2232 1823 2546 1878 mutilatum
2586 1821 2693 1878 sibi
2741 1829 2884 1876 esset
2929 1819 3245 1888 imperium,
3291 1825 3348 1870 et
3395 1822 3598 1884 quanta

2021 1928 2148 1982 pars
2204 1913 2492 1980 potestatis
2559 1921 2708 1968 esset
2775 1911 2880 1966 sibi
2940 1910 3141 1964 ablata.
3196 1909 3416 1964 Pudore
3470 1921 3600 1960 vero

2021 2004 2380 2068 afﬁciebatur,
2432 2005 2628 2058 videns
2667 2019 2726 2058 se
2766 2019 2890 2058 esse
2940 2003 3166 2060 victum.
3209 2012 3265 2056 et
3297 2015 3428 2055 suos
3470 1998 3603 2052 deos

2020 2112 2140 2153 esse
2183 2098 2412 2152 εισι-ειυς
2455 2097 2810 2150 contumelia.
2857 2096 2992 2149 Cum
3040 2106 3220 2149 autem
3270 2107 3382 2162 ιιι-ξε
3421 2105 3480 2145 se
3520 2100 3604 2140 tu-

2021 2192 2174 2247 lisset
2215 2205 2361 2253 eam,
2409 2205 2530 2259 qua:
2573 2191 2753 2258 ipsum
2810 2189 3106 2249 invaserat,
3157 2184 3326 2239 animi
3385 2190 3604 2252 pertur-

2023 2285 2343 2347 bationem,
2387 2294 2444 2338 et
2495 2283 2680 2336 vultus
2730 2281 3040 2339 tristitiam,
3089 2293 3212 2333 esse
3259 2274 3606 2331 SOlltmtnmlo

2027 2377 2300 2431 intensam
2346 2374 2756 2444 cogitationem.
2791 2381 2848 2426 et
2893 2371 3012 2440 ejus
3057 2369 3204 2439 quod
3251 2365 3603 2436 espediehat,

2026 2469 2461 2529 meditationem,
2512 2465 2769 2536 quoniam
2807 2463 2937 2518 huic
2990 2460 3301 2531 tempestati
3340 2459 3436 2514 diu
3493 2473 3598 2511 nos

2029 2562 2209 2634 potuit
2243 2561 2528 2619 resistere,
2555 2558 2611 2612 fit
2645 2559 2902 2627 protinus
2934 2555 3261 2610 manifestus
3282 2565 3337 2608 et
3359 2555 3609 2624 arguitur

2027 2653 2100 2709 ab
2125 2653 2296 2708 animi
2326 2649 2760 2722 perturbatione.
2791 2657 2846 2702 et
2874 2657 3063 2718 aperte
3089 2645 3332 2714 erumpit
3358 2645 3413 2698 in
3444 2645 3604 2697 iram.

2026 2745 2166 2801 Cum
2201 2746 2387 2814 itaque
2435 2741 2624 2796 multis
2654 2740 2960 2796 maledictis
3001 2737 3286 2793 Christum
3332 2745 3477 2791 esset
3521 2738 3608 2789 in-

2029 2846 2292 2900 sectatus,
2322 2847 2380 2892 et
2409 2835 2631 2891 beatum
2665 2834 2875 2888 Menam
2900 2831 3324 2886 condemnasset
3359 2829 3568 2882 erroris
3593 2867 3608 2888 ,

2030 2940 2086 2987 et
2133 2929 2447 3000 adjecisset.
2485 2926 2605 2983 fieri
2639 2924 2864 2996 quidem
2902 2938 3012 2978 non
3049 2937 3231 2992 posse.
3271 2929 3331 2974 ut
3361 2919 3613 2973 homines

2031 3023 2309 3079 hominem
2331 3017 2674 3082 discernant,
2724 3032 2955 3089 peccare
2980 3027 3162 3069 autem
3194 3021 3478 3082 peccatum
3512 3011 3615 3064 mi.

349 3111 609 3162 τάνουσιν
637 3109 686 3162 οῖ
722 3109 896 3179 μηδέν
913 3110 1028 3170 τοῖς
1059 3107 1493 3181 εὐηργετηκόσιν
1514 3105 1734 3176 έχοντες
1757 3107 1928 3176 ἐγκα-

2041 3117 2189 3172 nime
2223 3113 2617 3187 ignoscendum
2651 3127 2747 3166 eos
2769 3109 2863 3180 qui
2895 3125 3019 3166 cum
3048 3106 3186 3162 nihil
3218 3105 3456 3160 habeant
3512 3119 3613 3158 cu--

347 3193 733 3268 λείν,οῦτοιδέ
765 3199 864 3262 τὰς
914 3198 1146 3253 ἐκείνων
1169 3199 1258 3253 ἐπ’
1307 3197 1494 3263 αὐτοῖς
1549 3198 1773 3261 ἐλπίδας
1825 3216 1930 3268 μα-

345 3295 509 3356 ταίας
552 3292 793 3362 ὀφθῆναι
855 3291 1402 3362 παρασκευάζοντες,
1456 3291 1682 3360 ἀνέστη,
1741 3292 1800 3345 ἐν
1836 3309 1932 3345 τοο

351 3385 529 3455 σοῦτῳ
563 3383 674 3438 τῶν
704 3384 1041 3453 ἐπειγόντων
1080 3382 1433 3455 πραγμάτων
1469 3383 1570 3453 τὴν
1599 3383 1758 3435 λύσιν
1820 3401 1932 3439 πα-

351 3477 671 3549 ραδραμών.
706 3477 914 3530 Ἐωθεν
933 3476 990 3530 δέ
1019 3479 1084 3548 τῇ
1139 3474 1268 3546 ἑξῆς
1291 3476 1622 3546 ἐκκλησίασε
1655 3474 1798 3546 μετὰ
1825 3476 1933 3530 τῶν

351 3575 406 3624 ἐν
447 3571 591 3625 τέλει
634 3570 731 3622 καὶ
751 3567 949 3632 κοινῶς
976 3569 1162 3627 αὐτοῖς
1221 3567 1782 3638 συνδιασκεψάμενος,
1833 3570 1930 3622 καὶ

349 3661 710 3731 ὁμονοοῦντας
741 3662 951 3724 πάντας
989 3658 1115 3714 ἰδὼν
1141 3659 1234 3713 ὲπί
1261 3676 1368 3714 τινι
1402 3660 1730 3729 Ἑρμογένει
1751 3658 1932 3728 ἀνδρὶ,

353 3754 540 3825 σεμνῷ
603 3754 706 3824 μέν
749 3758 842 3807 καὶ
884 3753 1174 3826 περιδόξῳ,
1216 3755 1311 3806 καὶ
1368 3750 1530 3807 τᾶλλ’
1583 3752 1646 3805 οὐ
1722 3751 1932 3818 φαύλῃ,

357 3843 661 3916 ἐσωφρόνει
691 3861 750 3898 τε
778 3845 908 3914 γὰρ,
935 3845 1032 3899 καὶ
1082 3847 1196 3908 τοῖς
1219 3844 1448 3913 πένησιν
1482 3841 1689 3910 ἀγαθὸς
1723 3837 1815 3912 ἦν,
1839 3843 1936 3896 καὶ

355 3943 414 3993 τὸ
440 3938 536 3992 τοῦ
561 3939 618 3992 Ἀ
636 3939 913 4000 ποστόλου,
958 3955 977 3989 ι
1009 3937 1194 4007 Νόμον
1247 3938 1321 4006 μὴ
1350 3934 1511 4005 ἔχων,
1541 3933 1706 4004 φύσει
1730 3933 1801 3987 τά
1841 3933 1935 3986 τοῦ

353 4031 520 4102 νόμου
540 4029 707 4083 ποιῶν
725 4024 816 4101 ἧν,
845 4047 862 4078 ι
890 4027 1176 4096 ἀγνοοῦντι
1205 4027 1264 4080 δέ
1283 4027 1418 4088 τέως
1441 4026 1542 4097 τὴν
1566 4025 1663 4079 τοῦ
1692 4025 1935 4095 Χριστοῦ

354 4127 607 4193 δύναμιν,
641 4123 738 4177 καὶ
772 4121 908 4191 μηδέ
935 4121 1011 4191 τῷ
1038 4120 1203 4175 αὐτοῦ
1227 4120 1566 4190 βαπτίσματι
1627 4118 1940 4187 τελεσιουρ-

357 4221 606 4292 γηθέντι,
633 4222 682 4273 εί
705 4223 798 4274 καὶ
825 4219 968 4271 κατὰ
996 4212 1234 4284 Χριστὸν
1261 4210 1522 4266 ἐλάνθανε
1542 4208 1937 4279 πορευόμενος,

356 4313 450 4366 καὶ
483 4311 764 4381 πρόϐατον
812 4309 910 4378 μὲν
931 4303 1097 4359 αὐτοῦ
1129 4299 1220 4374 ἦν,
1248 4303 1566 4370 ἀσήμαντον
1587 4298 1666 4362 δέ,
1692 4297 1789 4351 καὶ
1835 4297 1940 4365 τὴν

355 4406 452 4475 τῆς
498 4402 835 4466 οἱκειὼσεως
891 4399 1045 4454 οὔπω
1115 4395 1388 4468 σφραγῖδα
1428 4392 1760 4462 δεξάμενον·
1817 4391 1942 4444 ἐπεὶ

354 4463 447 4550 οῦν
473 4494 652 4550 ταῦτά
685 4510 747 4547 τε
784 4463 999 4561 προσῆν
1027 4487 1106 4559 τῷ
1135 4463 1316 4556 ἀνδρὶ,
1345 4485 1442 4537 καὶ
1489 4482 1780 4551 Ἀθηναῖος
1834 4481 1936 4550 μιν
1971 4463 2017 4522 D

354 4583 422 4655 ἦν
456 4586 554 4640 καὶ
580 4585 742 4646 αὐτὸς
771 4583 834 4636 τὸ
861 4583 1039 4651 γένος,
1079 4581 1174 4632 καὶ
1194 4579 1292 4647 τὴν
1335 4573 1659 4645 Ἑλληνικὴν
1683 4573 1937 4626 παιδείαν

357 4679 633 4748 ἀκρότατα
683 4674 1093 4747 μεμελετηκὼς,
1137 4672 1236 4742 τήν
1259 4687 1317 4722 τε
1347 4668 1609 4738 φρόνησιν
1643 4669 1709 4720 ἐκ
1741 4665 1938 4734 πείρας

359 4787 416 4827 τε
467 4772 563 4826 καὶ
606 4769 822 4839 φύσεως
871 4767 1246 4827 ἐπεπύκνωτο,
1296 4763 1393 4815 καὶ
1451 4760 1649 4832 ἐχώρει
1705 4758 1843 4830 πρὸς
1877 4759 1937 4810 τὸ

363 4865 541 4932 λέγειν
572 4863 770 4924 οὕτως,
796 4859 874 4923 ὡς
906 4855 1257 4926 ἐσκεμμένον
1279 4854 1441 4923 ἥκειν
1488 4854 1567 4912 είς
1629 4849 1788 4903 τοῦτο
1853 4850 1940 4902 δο-

364 4957 501 5018 κεῖν,
532 4953 630 5006 καὶ
657 4953 749 5005 διὰ
779 4949 956 5004 ταῦτα
985 4945 1320 5014 κατάλληλος
1350 4941 1497 5007 εδοξε
1525 4942 1647 5003 ταῖς
1675 4941 1786 4992 τῶν
1810 4940 1944 4992 ἀνα-

365 5045 654 5114 κυψάντων
704 5039 1016 5111 τηνικαῦτα
1061 5035 1408 5107 πραγμάτων
1467 5032 1695 5094 πλοκαῖς
1743 5048 1804 5083 τε
1851 5032 1944 5084 καὶ

367 5135 775 5205 περιστάσεσιν,
797 5131 962 5194 αὐτός
995 5147 1056 5183 τε
1083 5129 1395 5200 προσετέθη
1421 5125 1599 5196 τούτῳ
1629 5127 1656 5178 ὁ
1685 5123 1950 5194 βασιλεὺς

366 5227 454 5281 καὶ
475 5227 659 5280 πᾶσαν
694 5222 818 5277 ἰδὼν
849 5224 930 5287 είς
963 5220 1122 5276 τοῦτο
1160 5219 1640 5288 συνευδοκήσασαν
1689 5216 1787 5286 τὴν
1819 5215 1946 5286 βον-

365 5319 479 5388 λὴν,
507 5317 815 5387 μετέστησε
849 5316 948 5385 μέν
972 5314 1138 5378 εὐθὺς
1183 5311 1271 5380 ἐφ’
1313 5309 1584 5379 ῦδρεικαί
1609 5309 1818 5362 ἄκοντα
1845 5308 1941 5360 τὸν

373 5410 643 5479 μακάρων
694 5408 894 5476 Μηνᾶν
936 5405 1042 5475 τῆς
1090 5403 1301 5476 ἀρχῆςο
1335 5400 1687 5466 ἐξαπέστειλε
1740 5401 1797 5453 δὲ
1850 5402 1944 5454 τὶν

377 5498 737 5569 Ἑρμογένην,
763 5497 1010 5570 ἐπαρχον
1035 5495 1166 5551 ὂντα
1207 5493 1512 5566 τηνικαῦτα
1543 5494 1646 5561 τῆς
1708 5493 1940 5557 πόλεως,

368 5591 664 5660 ἐπιτρέψας
691 5590 840 5661 αὑτῷ
857 5590 927 5644 τά
945 5607 1005 5644 τε
1035 5587 1181 5644 κατὰ
1207 5587 1297 5642 τδν
1321 5585 1498 5658 μέγαν
1539 5585 1733 5654 Μηνᾶν
1751 5583 1938 5649 ἐξετά·

444 5779 457 5805 ‘
500 5774 658 5832 Rom.
695 5792 755 5843 tt,
794 5774 876 5830 14.

2027 3211 2119 3280 jus
2149 3207 2475 3264 insimulent
2503 3205 2911 3263 benefactores,
2945 3201 3191 3255 etiiciuut
3224 3210 3284 3256 ut
3312 3199 3529 3253 illorum
3557 3197 3610 3249 in

2030 3303 2114 3356 eis
2142 3316 2268 3370 spes
2293 3308 2555 3355 cernatur
2587 3297 2768 3366 inanis
2796 3315 2810 3352 :
2865 3296 3128 3359 surrexit,
3176 3291 3396 3348 interim
3425 3304 3612 3345 rerum

2035 3394 2348 3466 urgentium
2383 3391 2758 3458 praetermissa
2791 3390 3092 3444 solutione.
3127 3387 3282 3442 Mane
3312 3393 3498 3440 autem
3527 3381 3616 3436 die

2036 3484 2289 3555 sequenti
2326 3482 2648 3538 convocatis
2689 3479 3131 3548 magistratibus,
3183 3491 3309 3533 cum
3365 3487 3616 3530 commu-

2035 3577 2180 3632 niter
2205 3590 2330 3630 cum
2359 3575 2442 3630 eis
2470 3571 2901 3632 considerasset,
2930 3579 2984 3622 et
3019 3568 3249 3623 vidisset
3272 3579 3468 3621 omnes
3487 3576 3621 3617 con-

2039 3669 2346 3726 sentientes
2379 3667 2432 3720 in
2465 3664 2763 3736 quemdam
2800 3665 3226 3731 Hermogenem,
3272 3659 3454 3712 virutn
3490 3655 3619 3724 qui-

2037 3760 2163 3813 dem
2203 3757 2496 3811 honestum
2546 3763 2602 3807 et
2631 3752 2866 3816 clarum,
2917 3761 2971 3804 et
3015 3749 3221 3817 alioqui
3271 3762 3379 3801 nou
3414 3745 3620 3800 malum

2039 3853 2182 3920 (erat
2208 3849 2358 3904 enim
2391 3856 2708 3916 temperans
2745 3853 2803 3898 et
2831 3843 3010 3896 houus
3039 3841 3092 3894 in
3122 3855 3416 3909 pauperes,
3454 3849 3532 3897 et,
3563 3845 3622 3888 ut

2039 3944 2174 4000 dicit
2213 3939 2508 4010 Apostolus
2533 3938 2576 4002 ¹,
2604 3937 2779 4006 legem
2815 3950 2920 3988 non
2955 3933 3188 3996 habens,
3225 3939 3422 3986 natura
3453 3929 3623 3983 facie-

2040 4035 2154 4096 bat,
2182 4045 2305 4099 quae
2336 4037 2466 4083 sunt
2494 4027 2630 4096 legis
2661 4043 2676 4080 :
2730 4023 3019 4092 ignorabat
3055 4037 3186 4076 vero
3237 4029 3368 4073 tunc
3411 4019 3620 4074 Christi

2043 4127 2327 4184 virtutem,
2363 4128 2416 4173 rt
2446 4135 2548 4173 nec
2567 4119 2687 4184 ejus
2708 4123 2833 4168 erat
2857 4114 3130 4182 baptismo
3156 4119 3576 4165 consummatus
3607 4129 3618 4162 :

2042 4211 2262 4270 etiamsi
2304 4207 2630 4278 imprudens
2666 4202 3081 4272 ingrediebatur
3113 4201 3224 4263 via,
3273 4214 3396 4270 quae
3429 4209 3514 4254 est
3558 4214 3622 4252 cx

2041 4305 2308 4362 Christo:
2361 4308 2420 4355 et
2465 4306 2585 4354 erat
2633 4295 2856 4366 quidem
2901 4294 3024 4363 ejus
3064 4292 3205 4358 ovis,
3241 4292 3336 4346 sed
3391 4307 3498 4345 non
3547 4293 3622 4344 si-

2043 4403 2228 4468 gnata,
2279 4402 2335 4448 et
2366 4387 2776 4459 conjunctionis
2821 4399 2886 4440 ac
2939 4382 3331 4439 familiaritatis
3378 4381 3622 4436 nondum

2043 4495 2331 4557 acceperat
2357 4483 2756 4554 signaculum):
2785 4495 2911 4534 cum
2939 4493 3070 4549 ergo
3106 4479 3223 4533 hac
3256 4477 3307 4531 ei
3341 4475 3621 4534 adessent.

2043 4590 2101 4635 et
2132 4585 2278 4634 esset
2301 4575 2522 4647 quidem
2561 4574 2682 4642 ipso
2733 4585 2954 4641 quoque
2990 4585 3192 4641 genere
3248 4567 3623 4628 Atheniensis,
3728 4585 3730 4589 ·

2045 4683 2102 4727 et
2135 4671 2192 4724 in
2241 4668 2432 4724 Graeca
2471 4666 2791 4720 eruditione
2838 4679 3054 4720 summe
3101 4663 3461 4724 exercitatus,
3514 4668 3622 4713 tam

2045 4760 2411 4832 experientia.
2438 4774 2602 4830 quam
2637 4766 2834 4814 natura
2866 4757 3075 4812 valeret
3103 4755 3397 4826 prudentia
3425 4771 3440 4808 :
3477 4762 3532 4807 et
3555 4752 3623 4806 ad

2047 4851 2344 4908 dicendum
2392 4849 2469 4906 ita
2508 4850 2820 4914 accederet,
2858 4856 2919 4902 ut
2971 4847 3257 4902 videretur
3287 4846 3352 4899 ad
3387 4845 3493 4898 hoc
3526 4861 3624 4898 ve-

2046 4947 2168 5000 nire
2201 4943 2540 5000 meditatus:
2575 4952 2629 4997 et
2665 4942 2789 4996 ideo
2820 4947 3147 4995 censeretur
3179 4951 3300 4991 esse
3331 4945 3494 5005 aptus
3520 4935 3624 4989 im-

2047 5036 2263 5106 plicatis
2288 5043 2344 5090 et
2373 5033 2664 5105 perplexis,
2694 5049 2815 5101 qua:
2844 5040 2974 5086 tunc
2995 5037 3117 5083 orta
3147 5035 3328 5090 erant,
3361 5025 3621 5096 negotiis,

2045 5135 2101 5182 et
2127 5125 2195 5180 ad
2223 5141 2353 5180 eum
2392 5123 2595 5194 adjecit
2622 5123 2868 5176 animum
2917 5116 3260 5191 imperator:
3294 5126 3349 5173 et
3385 5131 3509 5170 cum
3545 5114 3625 5169 vi-

2045 5217 2220 5272 disset
2259 5216 2580 5271 universum
2609 5213 2676 5267 ad
2705 5213 2813 5267 hoc
2841 5212 3190 5267 consensisse
3211 5218 3490 5271 senatum,
3516 5216 3628 5262 sta-

2049 5308 2144 5363 tim
2166 5307 2389 5378 quidem
2417 5314 2676 5373 tanquam
2701 5302 2886 5373 probri
2921 5311 2977 5357 et
3004 5300 3318 5373 ignominia:
3343 5315 3508 5354 causa
3534 5299 3620 5354 vel

2050 5401 2334 5456 absentem
2363 5397 2583 5451 beatum
2615 5393 2829 5448 Menam
2865 5395 3100 5447 removit
3131 5408 3160 5447 a
3195 5392 3482 5448 rectione:
3522 5391 3626 5446 mi-

2051 5491 2124 5547 sit
2167 5500 2352 5545 autem
2397 5485 2958 5556 Hermogenem,.qui
2993 5493 3124 5540 tunc
3169 5494 3287 5540 erat
3333 5483 3626 5553 praefectus

2053 5583 2226 5648 urbis,
2252 5581 2454 5652 jubcns
2485 5594 2608 5634 eum
2655 5589 2710 5633 et
2742 5594 2998 5649 magnum
3041 5578 3249 5634 Menam
3278 5577 3620 5640 examinare,
