4080 6374
431 264 540 329 375

1669 273 1960 334 MENSIS
2003 274 2443 339 DECEMBER.

3585 277 3686 338 376

430 387 485 431 et
517 376 799 432 civitatem
849 375 919 430 ab
963 389 1182 438 errore,
1239 384 1299 428 ut
1327 374 1380 430 ei
1412 375 1639 445 quidem
1691 379 2002 444 videbatur,

2130 402 2223 446 rat,
2267 389 2359 438 καὶ
2383 386 2484 456 τὴν
2503 384 2653 440 πόλιν
2681 383 2779 454 τῆς
2813 383 3018 454 πλάνης
3052 381 3126 445 ὡς
3164 383 3314 454 αὖτῷ
3339 383 3528 439 δοκοῦν
3548 391 3683 442 ἅνα-

432 471 715 526 Iiberare:
770 483 878 522 non
921 467 1139 522 modica
1191 467 1415 537 quidem
1453 469 1504 522 ei
1555 469 1680 524 data
1731 486 1894 526 manu
1942 487 2010 528 ex

435 561 718 634 Byzantio,
749 574 872 628 quae
923 574 1050 613 cum
1099 574 1167 613 eo
1221 568 1559 624 versaretur,
1612 575 1668 616 et
1709 563 1915 635 majore
1942 580 2009 620 ex

432 649 787 711 Alexandria,
813 663 936 718 qua:
967 647 1019 701 ei
1053 647 1374 704 inserviret.

517 740 624 796 VII.
668 740 1042 810 Hermogenes
1088 755 1220 812 ergo
1261 743 1374 812 jam
1430 744 1691 815 navigans
1738 745 1793 800 in
1848 745 2013 818 (Egy-

432 846 609 905 ptmn,
644 850 770 890 cum
798 836 1044 904 undique
1081 836 1500 894 circumﬂueret
1527 840 1795 894 ministris
1833 849 1885 894 et
1926 856 2015 894 sa-

436 928 732 992 tellitibus,
758 927 911 982 videt
947 938 1058 983 tres
1085 927 1232 983 viros
1279 929 1602 991 luminosos,
1633 932 1682 984 ei
1723 931 2012 988 dicentes:

438 1019 597 1084 Vide,
646 1018 1038 1090 Hermogenes,
1079 1020 1228 1089 quod
1277 1036 1376 1076 nec
1425 1022 1593 1077 breve
1635 1023 1856 1093 quidem
1896 1035 2014 1078 stu-

436 1114 586 1167 ilium
616 1113 760 1166 Deus
793 1111 1049 1181 despicit.
1081 1111 1218 1167 Cum
1248 1114 1340 1168 ille
1367 1124 1551 1169 autem
1581 1114 2012 1185 interrogasset:

438 1203 505 1257 lit
556 1202 703 1273 quod
758 1211 844 1257 est
905 1203 1010 1258 hoc
1061 1203 1231 1258 breve
1286 1204 1578 1258 studium?
1628 1205 2016 1274 Imperfectum

439 1307 620 1361 tuum,
641 1297 1300 1367 dixeruntsuscipientes,
1313 1297 1672 1367 propositum,
1689 1300 1828 1352 viam
1845 1307 2017 1364 tuam,

437 1405 560 1460 quae
606 1390 672 1445 ad
726 1391 1024 1445 multorum
1093 1391 1380 1460 spectabat
1431 1391 1801 1462 naufragium,
1833 1389 2020 1446 eﬂ'ecit

385 1505 387 1510 ε
441 1482 540 1538 tibi
601 1480 792 1552 gloriae
837 1482 1268 1537 conciliatricem
1320 1491 1378 1537 et
1427 1483 1695 1538 honorum
1735 1483 2019 1538 immorta-

440 1573 597 1628 lium.
635 1571 773 1628 Vide
803 1586 959 1644 ergo,
986 1581 1048 1627 ut
1080 1572 1196 1627 haec
1225 1572 1364 1626 bona
1396 1575 1591 1628 nuntia
1617 1575 1761 1643 apud
1795 1583 1849 1629 te
1885 1588 2019 1629 con-

2115 476 2415 539 σώσασθαι,
2451 477 2572 540 δούς
2609 494 2667 530 τε
2702 475 2801 530 οὑκ
2837 473 3024 546 ὀλίγην
3045 476 3148 546 μὲν
3174 477 3332 546 χεῖρα
3366 477 3462 531 καὶ
3502 478 3565 531 ὲκ
3586 479 3678 531 τοῦ

2115 567 2412 631 Βυζαντῖου
2446 567 2594 638 αὑτῷ
2626 586 2702 622 συ·
2726 567 2978 632 ἕπεσθαι,
3029 567 3253 629 πλείονα
3285 567 3342 622 δὲ
3370 567 3467 621 καὶ
3495 568 3560 622 ἐκ
3587 569 3682 640 τῆς

2127 660 2484 729 Ἀλεξάνδρου
2511 661 2826 732 ὑπηρετεῖν.

2187 753 2258 808 Z'.
2316 755 2375 806 '0
2395 754 2573 807 τοίνυν
2601 741 2960 825 Ἑρμογένης,
2992 753 3174 810 πλέων
3204 754 3306 825 ήδη
3343 754 3433 808 τὸν
3463 754 3557 809 ἐπὶ
3584 755 3684 825 τὴν

2128 843 2538 918 Ἀλεξάνδρειαν
2570 843 2758 909 πλοῦν,
2798 847 2893 898 καὶ
2920 846 3259 916 πανταχόθεν
3309 845 3585 918 ὑπηρεσία
3626 863 3684 900 τε

2118 938 2284 1008 πολλῇ
2300 939 2391 992 καὶ
2402 939 2696 1010 δορυφορίᾳ
2713 939 3223 1011 περιρῤεόμενος,ὲν
3239 941 3490 992 ἐκστάσει
3503 937 3685 1009 ὥσπερ

2120 1031 2260 1083 κατά
2292 1031 2416 1092 τοὺς
2446 1028 2647 1095 ὕπνους
2677 1031 2987 1100 γενόμενος,
3019 1031 3121 1101 ὁρᾷ
3150 1033 3296 1101 τρεῖς
3335 1030 3537 1100 ἄνδρας
3574 1047 3692 1098 φω-

2118 1124 2366 1186 τοειδεῖς,
2389 1123 2698 1190 φάσκοντας
2717 1124 2851 1195 πρὸς
2871 1124 3051 1177 αὑτόν·
3081 1124 3210 1188 Ἴδε,
3244 1121 3692 1192 Ἑρμόγενε;,ὼς

2120 1213 2242 1266 οὐδὲ
2273 1212 2510 1282 σπουδῆς
2543 1212 2804 1284 βραχείας
2842 1214 3088 1283 ὑπερορᾷ
3109 1215 3136 1265 ὁ
3160 1211 3312 1274 Θεός.
3373 1210 3689 1278 Πυθομένου

2120 1303 2176 1357 δὲ
2202 1303 2431 1370 ἐκείνου,
2465 1304 2575 1358 Καὶ
2601 1305 2684 1366 τίς
2714 1306 2748 1374 ή
2777 1302 3006 1376 βραχεῖα
3031 1303 3171 1373 αὑτη
3207 1302 3442 1370 σπουδή;
3473 1303 3691 1366 ἐκεῖνοι,

2123 1398 2234 1469 Τὴν
2259 1398 2422 1469 ἀτελῆ
2459 1415 2575 1464 σου,
2605 1397 2813 1468 ἔφησαν
2841 1396 3254 1463 ὑποδεξάμενοι,
3280 1395 3561 1466 πρόθεσιν,
3593 1393 3695 1460 τὴν

2123 1488 2256 1557 πρὸς
2291 1487 2527 1553 ναυάγια
2559 1485 2772 1540 πολλῶν
2804 1485 3226 1539 άποϐλὲπουσάν
3279 1502 3376 1538 σου
3420 1484 3558 1548 ὁδὸν,
3608 1479 3694 1534 δό-

2124 1579 2221 1650 ξης
2277 1596 2358 1632 σοι
2411 1578 2620 1632 τέθεικε
2678 1579 2936 1648 πρόξενον
2995 1578 3092 1631 καὶ
3136 1577 3422 1632 ἀθανάτων
3477 1575 3681 1644 τιμῶν.

441 1660 650 1727 Servos,
678 1674 735 1720 et
759 1681 830 1721 ne
853 1681 918 1721 ea
957 1665 1189 1721 mandes
1221 1665 1486 1721 oblivioni
1510 1681 1526 1730 ;
1555 1667 1760 1721 etenim
1794 1681 1894 1736 per
1912 1665 2020 1720 hoc

2130 1671 2271 1735 Σῶζε
2301 1670 2394 1725 οὑν
2438 1671 2600 1722 ταυτὶ
2633 1668 2706 1722 τὰ
2745 1669 3041 1738 εὐαγγέλια
3074 1668 3226 1739 παρὰ
3269 1665 3452 1737 σαυτῷ
3498 1665 3691 1720 ἀνεπί-

443 1768 598 1811 tuum
629 1759 736 1813 iter
788 1774 911 1813 mox
941 1758 1173 1814 habebis
1201 1775 1390 1814 verum
1417 1759 1618 1829 Regem
1643 1768 1701 1813 et
1725 1766 2016 1814 aeternum.

2130 1730 2319 1831 ληστα.
2357 1760 2468 1813 Καὶ
2499 1761 2606 1830 γὰρ
2643 1759 2731 1812 διά
2757 1730 2968 1828 ταύτης
3005 1775 3098 1812 σου
3147 1730 3248 1826 τῆς
3290 1730 3518 1827 πορείας
3548 1755 3692 1820 ἕξεις

445 1849 616 1904 Porro
646 1859 828 1905 autem
855 1867 885 1905 a
911 1851 1070 1906 nobis
1097 1865 1318 1920 quoque
1349 1851 1484 1920 ipsis
1516 1867 1642 1904 eum
1676 1852 1858 1905 virum
1882 1865 2018 1906 con-

443 1941 715 2010 sequeris,
741 1957 839 2012 per
871 1957 1034 2012 quem
1063 1951 1119 1997 et
1145 1943 1275 1998 huic
1311 1942 1471 1997 beato
1500 1943 1633 2012 Regi
1667 1942 1764 1998 tias
1790 1945 2018 2007 amicus,

442 2042 500 2086 et
526 2048 653 2087 eum
701 2033 944 2103 accipias
999 2034 1334 2104 profectum,
1386 2049 1552 2103 quem
1589 2034 1681 2104 qui
1738 2034 1902 2087 hodie
1935 2047 2022 2087 re-

443 2135 598 2192 gnat,
639 2125 738 2180 tibi
767 2127 901 2180 dare
931 2141 1040 2180 non
1074 2136 1277 2195 potest.
1311 2126 1448 2180 Cum
1476 2142 1606 2180 vero
1626 2125 1692 2179 ad
1715 2135 2020 2180 extremum

444 2216 570 2285 galli
613 2227 836 2270 cantum
888 2231 996 2270 nox
1029 2216 1144 2285 jam
1202 2217 1567 2286 pervenisset,
1600 2232 1835 2271 excusso
1860 2216 2021 2272 simul

446 2322 666 2370 somno,
715 2318 791 2372 et,
835 2323 1002 2377 quam
1033 2324 1101 2363 ex
1152 2317 1421 2363 nocturna
1468 2310 1681 2364 visione
1713 2318 2021 2377 acceperat,

447 2399 890 2467 perturbatione,
942 2414 1055 2453 non
1090 2401 1281 2454 valens
1319 2400 1597 2469 conjicere
1643 2416 1710 2455 ea
1735 2415 1858 2468 qua:
1905 2401 2023 2454 visa

449 2490 693 2554 fuerant,
743 2489 1059 2560 suspicatus
1084 2499 1170 2546 est
1203 2491 1553 2546 solummodo
1601 2491 1874 2547 somnium
1903 2506 2024 2547 esse

452 2581 724 2636 visionem
773 2581 943 2648 illam,
979 2582 1127 2652 quod
1174 2583 1252 2638 illi
1285 2597 1390 2638 nec
1422 2582 1703 2653 opinatam
1733 2598 1764 2638 e
1789 2582 2026 2652 vestigio

452 2687 636 2728 rerum
685 2673 1058 2728 annuntiabat
1106 2674 1490 2738 mutationem,
1533 2683 1592 2729 et
1623 2675 1855 2744 gloriam
1884 2675 2025 2729 ’τοι-ι

456 2771 602 2817 tasse
633 2765 1070 2820 constantiorem
1102 2765 1348 2834 quidem,
1383 2765 1476 2820 sed
1511 2774 1694 2820 tamen
1727 2776 2031 2841 terrenam.

449 2851 589 2908 Cum
626 2864 812 2908 autem
841 2855 1034 2924 paucis
1059 2865 1184 2924 post
1213 2856 1410 2911 diebus
1443 2857 1663 2926 longam
1713 2857 1861 2911 illam
1893 2869 2027 2912 con-

453 2944 674 3000 fecisset
703 2946 1132 3018 navigationem,
1174 2956 1232 3003 et
1277 2948 1491 3018 placido
1516 2948 1685 3004 ﬂuctu
1720 2949 1774 3002 in
1806 2959 2025 3018 portum

2122 1855 2248 1907 ὅσον
2294 1851 2446 1905 οὑπω
2501 1850 2725 1921 βασιλέα
2765 1849 3020 1921 ἀληθινὸν
3052 1849 3149 1902 καὶ
3181 1849 3380 1901 ἀΐδιον
3416 1847 3680 1918 εὐμοιρή-

2125 1959 2239 2007 σεις
2265 1943 2320 1996 δὲ
2365 1945 2461 1996 καὶ
2494 1941 2637 2013 παρ’
2685 1941 2841 2012 ἡμῶν
2874 1940 3052 1995 αὑτῶν
3081 1939 3272 2009 ἀνδρὸς
3306 1939 3578 2004 τοιούτου,
3625 1938 3694 1992 δι’

2121 2035 2182 2089 οὗ
2243 2036 2306 2090 ἂν
2337 2036 2489 2105 φίλος
2542 2053 2600 2088 τε
2654 2035 2826 2106 ῥᾷστα
2857 2033 2989 2106 γένῃ
3019 2031 3096 2104 τῷ
3129 2031 3341 2102 βασιλεῖ
3368 2030 3562 2100 τούτῳ,
3599 2031 3696 2084 καὶ

2124 2130 2411 2200 προκοπῆς
2477 2129 2797 2199 μετάσχῃς,
2854 2127 2922 2198 ἦν
2985 2128 3012 2179 ὁ
3080 2128 3318 2197 σήμερον
3398 2125 3694 2194 βασιλεύων

2117 2221 2308 2277 δοῦναί
2356 2237 2439 2274 σοι
2486 2219 2750 2290 διαπορεῖ.
2809 2217 2969 2272 Ἐπεὶ⁵
2996 2217 3052 2271 δὲ
3094 2220 3193 2273 καὶ
3229 2221 3261 2289 ή
3311 2218 3403 2284 νὺξ
3431 2218 3531 2290 ήδη
3568 2217 3697 2287 περὶ⁵

2123 2317 2226 2374 τάς
2256 2314 2494 2384 ἐσχάτας
2551 2308 2618 2382 ἦν
2649 2311 2759 2364 τῶν
2795 2309 3171 2382 ἀλεκτρυόνων
3227 2310 3396 2381 ᾠδὰς,
3445 2311 3605 2371 εὐθὺς
3668 2312 3695 2362 ὁ

2136 2404 2482 2474 Ἑρμογένης
2527 2401 2999 2472 ἀποτιναξάμενος
3046 2402 3164 2472 ἅμα
3213 2402 3304 2455 τόν
3329 2419 3387 2453 τε
3408 2400 3573 2454 ὑπνον
3605 2401 3699 2454 καὶ

2123 2495 2215 2550 τὸν
2251 2497 2312 2547 ὲκ
2340 2496 2440 2564 τῆς
2484 2493 2808 2563 νυκτερινῆς
2854 2492 3030 2562 ὅψεως
3090 2490 3341 2563 θόρυϐον,
3397 2491 3696 2560 συμϐαλεῖν

2125 2587 2230 2638 οὐκ
2262 2584 2402 2653 ἔχων
2462 2583 2534 2636 τά
2581 2582 2872 2653 ὁραθέντα,
2927 2583 3137 2652 ὄνειρον
3163 2581 3351 2644 ἁπλῶς
3399 2577 3542 2635 εἶναι
3596 2583 3698 2648 τὴν

2125 2677 2394 2732 ὀπτασίαν
2425 2674 2777 2737 ὑπώπτευκε,
2847 2673 3157 2743 παράλογον
3198 2673 3349 2744 αὐτῷ
3384 2674 3694 2745 μεταϐολὴν

2129 2767 2472 2837 πραγμάτων
2503 2765 2818 2826 καταπόδας
2847 2765 3340 2832 ἐπαγγελλόμενον,
3381 2765 3476 2818 καὶ
3532 2761 3693 2829 δόξαν

2128 2863 2259 2922 ἴσως
2319 2858 2693 2929 μονιμωτέραν
2742 2857 2862 2928 μὲν,
2889 2857 3018 2910 ἀλλ’
3041 2858 3310 2926 ἐπίγειον.
3346 2855 3688 2927 Περαιωθεὶς

2127 2950 2186 3021 δᾷ
2235 2947 2360 3015 μετ’
2403 2948 2594 3015 ὀλίγας
2630 2948 2726 3000 τὸν
2762 2947 2931 3001 πολὺν
2982 2948 3190 3000 ἐκεῖνον
3246 2945 3547 3010 ἀπόπλουν,
3604 2947 3702 3001 καὶ

454 3037 759 3106 appulisset
783 3037 1155 3102 Alexandriae,
1177 3037 1468 3094 descendit
1494 3041 1562 3094 de
1589 3039 1737 3102 navi,
1769 3047 1826 3094 et
1853 3038 2028 3094 conti-

2130 3038 2321 3109 ήμέρῳ
2337 3037 2543 3107 κύματι
2573 3040 2686 3100 τοῖς
2707 3038 2927 3108 λιμέσιν
2956 3037 3359 3114 ’Δλεξανδρείας
3381 3035 3696 3109 προσσχὼν,

454 3141 566 3182 nuo
592 3143 652 3185 se
677 3137 852 3188 totum
875 3128 1119 3185 dedehat
1144 3130 1514 3199 exsequendis
1533 3130 1882 3199 imperatoris
1915 3144 2031 3183 mo-

456 3217 590 3274 nitis
638 3229 804 3289 atque
849 3220 1038 3291 jussis.
1082 3219 1223 3276 Nam
1276 3235 1403 3276 cum
1463 3223 1762 3291 imperator
1805 3221 2028 3292 quidem

461 3309 632 3363 multa
666 3309 930 3379 praefecto
962 3311 1282 3367 mandasset
1331 3311 1600 3368 adversus
1648 3313 1868 3370 beatum
1915 3313 2030 3368 Me-

461 3417 611 3465 nam,
657 3401 706 3455 ci
743 3417 877 3457 vero
911 3403 1168 3458 universa
1197 3403 1394 3460 civitas
1417 3404 1638 3461 obviam
1669 3405 2031 3475 processisset

461 3494 518 3546 in
550 3492 759 3558 littore,
817 3504 1074 3563 tympana
1128 3503 1315 3574 autem
1363 3506 1419 3550 et
1469 3495 1664 3550 laudes
1692 3505 1748 3549 et
1782 3496 1925 3550 tuba:
1973 3496 2028 3550 in

460 3596 696 3638 occursu
727 3583 1238 3639 circumsonarent:
1269 3591 1326 3638 et
1352 3599 1461 3639 una
1499 3600 1598 3638 vox
1627 3594 1774 3640 esset
1800 3585 2034 3639 laudan-

461 3673 622 3739 tium,
649 3689 775 3728 eum
799 3675 1100 3742 extollens,
1127 3674 1221 3743 qui
1252 3674 1453 3730 missus
1481 3673 1664 3731 fuerat
1693 3676 1763 3731 ab
1792 3676 2032 3745 impera-

463 3771 603 3831 tore,
633 3780 762 3821 cum
791 3766 911 3837 ipso
945 3765 1236 3835 praefectus
1264 3781 1394 3823 suos
1427 3776 1686 3837 tanquam
1713 3767 1767 3822 in
1802 3767 2034 3837 phalan-

459 3857 545 3928 gis
575 3857 828 3914 ordinem
857 3859 1153 3916 direxisset
1179 3860 1470 3926 satellites,
1503 3866 1574 3919 _et
1611 3859 1865 3931 iussisset
1888 3875 2035 3930 prae-

460 3950 657 4006 cedere
684 3950 909 4008 lictores
937 3958 995 4007 et
1025 3952 1410 4022 apparitores:
1442 3966 1570 4007 cum
1621 3961 1778 4007 tanto
1807 3961 2035 4022 stupore

460 4053 519 4100 et
547 4043 911 4100 admiratione
941 4046 1188 4100 omnium
1222 4044 1473 4102 ascendit
1498 4044 1554 4100 in
1578 4045 1882 4110 civitatem,
1907 4058 2033 4099 cum

463 4145 670 4205 quanta
723 4135 794 4191 iis
848 4134 945 4205 qui
999 4145 1135 4191 tunc
1175 4143 1360 4200 erant,
1409 4135 1682 4206 potuisset
1725 4134 1900 4191 videri
1945 4135 2034 4190 vel

464 4228 640 4298 ipsam
671 4235 876 4282 terram
911 4241 1154 4291 movere,
1175 4235 1235 4282 et
1263 4226 1612 4298 negotiorum
1651 4226 2034 4292 meditatione,

391 4336 398 4344 ·
464 4327 522 4374 et
557 4317 612 4372 in
664 4316 833 4372 rebus
868 4316 1130 4373 omnibus
1171 4317 1358 4373 studio
1403 4317 1849 4389 diligentissimo,
1897 4332 2034 4373 con-

2131 3129 2312 3198 ἀπέὸη
2347 3145 2404 3181 τε
2434 3128 2534 3198 τῆς
2561 3128 2711 3195 νηὸς,
2741 3128 2836 3181 καὶ
2868 3127 3030 3190 εὐθὺς
3048 3126 3147 3196 τῆς
3172 3127 3438 3197 βασιλέως
3461 3122 3532 3196 ἦν
3563 3125 3699 3190 ὅλως

2131 3220 2412 3291 ὑποθήκης
2445 3235 2505 3272 τε
2535 3218 2633 3274 καὶ
2667 3219 2997 3282 κελεύσεως.
3054 3216 3143 3282 Ὠς
3178 3217 3287 3288 γάρ
3317 3219 3344 3271 ὁ
3374 3219 3472 3287 μὲν
3538 3217 3696 3288 βασι-

2132 3309 2260 3373 λεὺς
2298 3310 2470 3363 πολλὰ
2501 3309 2647 3363 κατά
2681 3309 2774 3363 τοῦ
2833 3309 3107 3380 μακαρίου
3152 3311 3315 3378 Μηνᾶ
3352 3309 3429 3379 τῷ
3479 3309 3702 3378 ἐπάρχῳ

2132 3403 2469 3472 ἐπέσκηψεν,
2494 3404 2711 3474 ἀπήντα
2738 3403 2792 3456 δὲ
2822 3404 2916 3456 καὶ
2965 3405 3114 3456 πᾶσα
3145 3403 3177 3472 ἡ
3215 3401 3370 3463 πόλις
3426 3401 3534 3470 πρὸ
3585 3399 3695 3452 τῶν

2132 3496 2417 3564 αἰγιαλῶν,
2440 3495 2696 3566 τύμπανα
2732 3495 2789 3549 δὲ
2815 3497 2911 3549 καὶ
2959 3493 3228 3564 εὐφημίαι
3282 3494 3374 3547 καὶ
3403 3493 3701 3560 σάλπιγγες

2133 3588 2230 3659 τὴν
2253 3587 2498 3658 ἁπαντὴν
2525 3588 2843 3658 περιήχουν,
2878 3586 2972 3640 καὶ
3004 3586 3102 3655 μία
3147 3585 3257 3639 τῶν
3311 3583 3701 3654 εὐφημούντων

2131 3674 2201 3751 ἦν
2217 3681 2251 3749 ἡ
2279 3678 2448 3750 φωνὴ,
2473 3679 2566 3732 τὸν
2587 3681 2650 3732 ὲκ
2672 3677 2936 3748 βασιλέως
2963 3677 3370 3746 ἀπεσταλμένον
3391 3677 3698 3747 ἐξαίρονσα,

2133 3768 2439 3837 ταξάμενος
2481 3767 2580 3838 τὴν
2600 3767 2928 3837 δορυφορίαν
2953 3766 3048 3820 καὶ
3073 3765 3235 3828 αὑτὸς
3257 3767 3285 3819 ό
3309 3765 3547 3836 ἔπαρχος
3563 3766 3702 3818 κατὰ

2135 3859 2416 3928 φάλαγγα,
2445 3859 2543 3911 καὶ
2573 3857 2892 3928 προοδεύειν
2919 3858 3022 3927 τὴν
3049 3858 3356 3929 ὑπηρεσίαν
3403 3856 3697 3920 κελεύσας,

2140 3947 2280 4019 μετὰ
2325 3947 2594 4019 τοσαύτης
2641 3951 2741 4019 τῆς
2793 3946 3190 4019 καταπλήξεως
3240 3948 3334 4001 ἐπὶ
3400 3948 3500 4017 τήν
3549 3946 3704 3999 πόλιν

2135 4038 2326 4112 ἀπῄει,
2361 4039 2482 4109 μεθ’
2513 4041 2649 4110 ὅσης
2678 4038 2746 4094 ἃν
2773 4040 2954 4106 ἔδοξεν
2985 4041 3194 4102 ἐκεῖνος
3223 4041 3338 4102 τοῖς
3361 4039 3480 4093 τότε
3532 4040 3704 4092 κινεῖν

2137 4135 2233 4187 καὶ
2295 4131 2395 4203 τὴν
2449 4133 2578 4202 γῆν.
2627 4135 2692 4204 τῇ
2725 4132 2924 4204 μελέτῃ
2951 4132 3059 4186 τῶν
3089 4131 3435 4203 πραγμάτιον
3492 4128 3589 4183 καὶ
3635 4130 3704 4198 τῇ

2137 4223 2268 4295 περὶ
2294 4225 2365 4277 τά
2392 4225 2572 4278 πάντα
2603 4224 2833 4295 σπουδῇ,
2865 4225 2960 4278 καὶ⁵
2983 4223 3062 4293 τῷ
3088 4223 3300 4278 άκλινεῑ
3336 4223 3432 4275 καὶ
3453 4218 3707 4290 ἀτρέπτῳ

2137 4316 2239 4384 τῆς
2268 4313 2449 4385 ψυχῆς
2505 4316 2918 4386 παραστήματι,
2973 4315 3076 4378 τάς
3105 4331 3166 4368 τε
3223 4313 3376 4384 παρὰ
3437 4310 3708 4384 βασιλέως

466 4406 746 4476 stantique
777 4415 835 4462 et
862 4405 1142 4462 inﬂexibili
1171 4406 1364 4461 habitu
1402 4407 1598 4474 animi,
1623 4421 1856 4478 sperans
1879 4422 1939 4464 se
1979 4415 2028 4465 et

2139 4405 2376 4468 ιλπίζων
2410 4406 2757 4478 κατορθῶσαι
2813 4406 3002 4476 τιμὰς,
3049 4406 3146 4461 καὶ
3183 4405 3294 4461 τῶν
3351 4402 3705 4475 άστηρίκτων

465 4497 538 4554 ab
571 4498 906 4568 imperatore
949 4495 1270 4551 mandatum
1306 4495 1574 4552 honorem
1607 4507 1759 4553 recte
1795 4498 2036 4554 admini-

467 4596 799 4654 straturum,
829 4593 886 4644 et
917 4600 1113 4643 eorum
1139 4586 1236 4657 qui
1273 4600 1385 4641 non
1415 4595 1578 4644 erant
1616 4587 1782 4654 ﬁrmi,
1814 4603 2038 4658 gressus

465 4681 969 4753 supplantaturum.

539 4772 682 4830 VIII.
719 4771 858 4830 Cum
908 4781 1094 4829 autem
1139 4785 1368 4842 vespere
1418 4771 1570 4828 solus
1625 4785 1724 4842 per
1770 4787 1829 4828 se
1868 4781 2036 4836 esset,

469 4865 693 4921 dimissa
724 4865 910 4932 turba,
941 4879 1062 4935 quae
1081 4878 1208 4920 eum
1237 4863 1562 4928 deduxerat,
1591 4863 2042 4920 animadverteris

469 4973 704 5030 magnus
749 4957 959 5022 Menas,
1005 4955 1152 5027 quod
1190 4971 1316 5012 cum
1353 4970 1599 5011 seorsum
1637 4955 1862 5026 quidem
1913 4965 2043 5011 sunt

469 5049 746 5115 homines,
781 5059 839 5109 et
865 5051 1102 5105 maxime
1149 5049 1254 5106 viri
1285 5049 1422 5106 clari
1463 5058 1520 5104 et
1555 5049 1818 5120 insignes,
1854 5048 2041 5103 ferunt

473 5139 948 5210 reprehensiones,
973 5147 1033 5194 et
1059 5154 1188 5196 cum
1234 5154 1299 5194 ea
1331 5154 1452 5209 qua:
1475 5139 1560 5196 eis
1607 5153 1750 5208 saepe
1781 5137 1894 5192 visa
1923 5136 2044 5190 lue-

473 5242 622 5297 rant,
669 5233 1020 5298 refelluntur,
1069 5231 1390 5288 sustinent:
1424 5231 1480 5286 in
1504 5232 1778 5286 concione
1822 5245 1955 5284 vero
1984 5238 2042 5283 et

474 5332 800 5394 congregata
841 5324 1224 5389 multitudine,
1256 5337 1400 5394 aegro
1443 5321 1627 5378 terunt
1667 5335 1732 5376 se
1763 5319 2040 5390 redargui,

471 5423 529 5471 et
563 5427 883 5472 constanter
913 5426 1243 5488 permeent
1289 5416 1344 5472 in
1381 5415 1450 5470 iis
1480 5429 1604 5484 qua:
1635 5413 1740 5469 sibi
1771 5413 1889 5468 visa
1924 5412 2045 5466 lue-

479 5509 590 5562 rint
616 5525 630 5563 :
660 5508 767 5565 hoc
796 5508 886 5564 ille
917 5503 1124 5579 Optime
1167 5507 1550 5573 considerans,
1581 5515 1638 5562 et
1673 5504 1825 5576 quod
1853 5504 2038 5559 erudi-

475 5600 720 5655 tissimus
770 5601 995 5663 quidem
1046 5601 1132 5654 vir
1180 5611 1300 5656 erat
1350 5599 1745 5670 Hermogenes,
1798 5596 2043 5653 nondum

479 5698 660 5746 autem
684 5701 899 5763 poterat
929 5691 1408 5763 comprehendere
1440 5701 1643 5747 tantam
1676 5686 1944 5760 dogmatis
1972 5688 2048 5740 al-

2141 4497 2500 4554 ὕποσκελίσαι
2527 4498 2597 4552 τὰ
2621 4497 2963 4571 διαδήματα.

2201 4769 2284 4823 H'.
2337 4767 2491 4820 Ἐπεὶ
2537 4766 2596 4819 δὲ
2620 4764 2743 4819 καθ’
2799 4765 2994 4817 ἑαυτὸν
3027 4763 3266 4830 ἐγένετο,
3309 4761 3445 4832 πρὸς
3465 4757 3710 4827 ἑσπέραν

2140 4861 2395 4929 λυθείσης
2413 4857 2562 4927 αὑτῷ
2582 4858 2682 4928 τῆς
2711 4855 2962 4925 πομπῆς,
3001 4855 3229 4910 συνιδὼν
3257 4857 3285 4909 ὁ
3318 4853 3492 4924 μέγας
3515 4849 3710 4917 Μηνᾶς

2140 4954 2216 5017 ὡς
2271 4951 2563 5016 ἰδιάζοντες
2613 4950 2713 5019 μὲν
2771 4949 3077 5019 ἄνθρωποι,
3143 4948 3242 5000 καὶ
3303 4945 3549 5016 μάλιστα
3598 4941 3710 4996 τῶν

2142 5041 2424 5109 ἐπιφανῶν
2447 5057 2506 5092 τε
2542 5039 2639 5093 καὶ
2667 5036 3067 5110 περιϐλέπτων,
3089 5037 3323 5106 φέρουσι
3350 5035 3483 5098 τοὺς
3539 5033 3698 5100 ἐλέγ-

2141 5151 2293 5203 χους,
2327 5133 2419 5185 καὶ
2453 5124 2530 5186 ὧν
2561 5131 2746 5194 αὐτοῖς
2777 5130 2924 5196 ἔδοξε
2951 5128 3214 5191 πολλάκις
3265 5122 3712 5192 ἀνασκευαζομέ-

2145 5243 2251 5279 νων
2278 5226 2579 5294 ἀνέχονται,
2625 5221 3090 5291 ἐκκλησιάζοντες
3147 5218 3228 5281 δὲ,
3289 5212 3709 5287 δυσχεραίνουσί

2143 5334 2205 5370 τε
2227 5316 2649 5386 διελεγχόμενοι,
2676 5316 2772 5368 καὶ
2796 5314 2933 5383 πρὸς
2957 5313 3026 5366 τά
3045 5308 3349 5381 δεδογμένα
3379 5306 3713 5366 ἑνστατικῶς

2146 5413 2369 5482 ἔχουσι’
2419 5409 2580 5464 τοῦτο
2613 5409 2822 5471 ἐκεῖνος
2868 5407 3074 5478 ἄριστα
3107 5403 3358 5470 συνιδὼν,
3389 5402 3486 5455 καὶ
3511 5401 3596 5453 δτι
3623 5398 3714 5451 λο-

2147 5505 2415 5574 γιώτατος
2447 5503 2548 5572 μὲν
2576 5505 2605 5557 δ
2641 5499 3002 5573 Ἑρμογένης,
3033 5495 3188 5550 οὔπω
3213 5496 3271 5548 δὲ
3296 5493 3395 5546 καὶ
3443 5491 3715 5560 δόγματος

2149 5596 2284 5665 ὑψος
2332 5595 2586 5649 τοσοῦτον
2633 5592 2966 5648 καταλαϐεῖν
3030 5587 3237 5652 ἱκανὸς,
3288 5587 3386 5638 καὶ
3417 5585 3512 5647 ὡς,
3549 5582 3706 5647 είπερ

2149 5687 2322 5752 οὑτως
2360 5691 2438 5751 εἰς
2469 5688 2529 5741 τὸ
2563 5686 2711 5754 βῆμα
2749 5685 2994 5752 χωρήσοι
3021 5680 3095 5750 μὴ
3133 5677 3583 5747 προκατηγηθεὶς
3615 5675 3713 5740 τὴν
