4080 6374
280 339 403 410 ᾸΒΠ
1189 352 1656 414 MARTYRIUM
1695 355 1758 414 S.
1801 353 2030 413 MENxE
2069 356 2164 418 ΕΤ
2208 357 2599 420 SOCIORUM
3453 368 3557 430 378

279 455 604 522 ιεὺσέϐειαν,
634 457 771 528 μηδέ
802 457 910 511 τῶν
961 458 1216 528 πονηρῶν
1269 461 1598 532 προλήψεων
1648 461 1868 532 προδια-

1975 463 2316 521 titudinem:
2357 476 2427 522 et
2483 468 2630 537 quod
2687 469 2733 524 si
2783 471 2863 525 sic
2912 473 3242 530 ascenderet
3292 479 3555 542 tribunal,

282 547 615 604 τσεισοεισῶν
646 547 814 619 αὐτῷ,
835 549 993 616 λόγου
1022 551 1328 623 ἐπιστήμη,
1359 556 1456 607 καὶ
1483 554 1702 622 φύσεως
1736 555 1869 624 κρά-

1977 570 2102 608 cum
2137 556 2206 610 de
2230 557 2451 626 pietatis
2483 559 2837 617 institutione
2863 559 2999 617 nihil
3033 574 3192 620 antea
3229 569 3555 632 audivisset,

298 660 414 705 τος,
443 641 540 694 καὶ
573 639 690 712 ἔρις
711 640 890 711 ψυχῆς
924 644 983 696 ἐν
1007 643 1318 714 άρχοντικῷ
1347 645 1422 714 τῷ
1448 646 1776 716 φρυάγματι
1803 647 1868 700 οὐ

1979 663 2089 700 non
2120 649 2272 716 prius
2321 650 2590 705 discussis
2616 651 2794 714 malis,
2827 669 2962 722 quas
2992 656 3418 726 anticipaverat.
3455 679 3554 714 no-

301 735 464 802 μόνον
493 733 751 802 ἐμποδὼν
787 733 1006 786 ἔσονται
1035 735 1176 804 πρὸς
1212 735 1518 803 παράδοσιν
1565 737 1872 811 εὐσεϐείας,

301 825 441 878 ἀλλὰ
472 824 573 878 καὶ
627 826 830 888 ἱκανῶς
856 826 1041 891 ἕξουσι
1067 826 1224 880 πόλιν
1274 827 1568 898 τοσαύτην,
1618 830 1715 883 καὶ
1773 831 1874 899 μά-

299 923 454 970 λιστα
484 917 612 988 περὶ
647 919 746 988 τὴν
779 918 965 972 πίστιν
990 919 1262 988 νεοπαγῆ,
1296 920 1612 991 διαφθεῖραί
1646 938 1706 973 τε
1769 924 1868 975 καὶ

293 1008 363 1060 τὰ
411 1007 615 1077 εὐσεϐῆ
664 1007 872 1078 ταύτης
919 1009 1122 1074 ἐξελεῖν
1165 1012 1483 1080 σπέρματα,
1529 1013 1740 1082 μετρίῳ
1779 1017 1872 1066 καὶ

295 1099 607 1168 φρονήματι
637 1099 830 1166 καὶτῷ
851 1099 1094 1169 σχήματι
1115 1101 1252 1170 πρὸς
1265 1101 1360 1154 τὸν
1395 1102 1635 1171 ἔπαρχον
1656 1101 1870 1166 εἴσεισι,

291 1189 385 1240 καὶ
425 1190 882 1258 προσαγορεύσας
919 1189 1115 1260 φησίν·
1155 1192 1332 1262 Χάρις
1389 1192 1466 1262 τῷ
1500 1194 1580 1245 ἐνὶ
1635 1195 1732 1246 καὶ
1774 1211 1871 1263 με-

291 1279 443 1350 γάλῳ
470 1280 611 1350 Θεῷ.
647 1283 884 1352 Προνοίᾳ
918 1281 1048 1352 γὰρ,
1075 1281 1150 1344 ὡς
1175 1284 1341 1349 ἔοικε,
1367 1283 1563 1338 τούτου
1587 1283 1684 1338 νῦν
1720 1285 1872 1355 πρῶ-

292 1387 381 1422 τον
415 1373 443 1422 ό
477 1369 682 1440 ὑψηλὸς
715 1373 780 1425 σὺ
813 1374 909 1426 καὶ
963 1373 1295 1444 περιφανὴς,
1342 1375 1444 1443 τὴν
1497 1375 1742 1443 μεγάλην
1774 1375 1869 1427 καὶ

293 1463 521 1532 πρώτην
538 1465 634 1516 καὶ
663 1462 1054 1532 βασιλεύουσαν
1073 1465 1330 1528 ἐκλιπὼν,
1349 1465 1487 1537 πρὸς
1503 1466 1602 1537 τὴν
1632 1467 1869 1536 ἐσχάτην

287 1569 346 1605 τε
379 1553 477 1605 καὶ
515 1553 721 1624 μικρὰν
752 1555 1130 1624 ἐπεδήμησας.
1165 1557 1275 1612 Καὶ
1295 1556 1589 1627 μέλλοντος
1629 1559 1731 1629 ἥδη
1771 1557 1868 1611 τοῦ

289 1645 444 1711 ἁγίου
478 1646 572 1698 τὸν
596 1647 726 1715 περὶ
754 1647 854 1716 τῆς
874 1647 1160 1710 εὐσεϐείας
1194 1649 1357 1716 λόγον
1391 1649 1546 1721 αύτῷ
1577 1652 1865 1720 προηχεῖν,

289 1736 494 1804 μᾶλλον
551 1736 609 1790 δέ
676 1737 1028 1792 διαπλεῦσαι
1091 1739 1364 1810 πρότερον
1423 1741 1526 1801 τὰς
1549 1744 1680 1810 περὶ
1716 1742 1857 1794 θεῶν

1977 739 2242 804 tionibus,
2273 739 2495 796 dicendi
2547 742 2802 808 scientia,
2835 754 2890 800 et
2921 747 3218 803 vehemens
3249 751 3554 821 ingenium,

1972 839 2031 884 et
2085 832 2372 884 contentio
2427 834 2620 896 animi,
2677 838 2929 906 ingentes
2988 840 3216 907 spiritus
3281 847 3556 899 excitante

1972 923 2301 977 auctoritate
2348 925 2718 992 magistratus,
2753 944 2860 980 non
2894 929 3070 982 solum
3104 941 3266 983 erunt
3315 932 3555 1002 impedi-

1972 1022 2158 1067 mento
2185 1015 2250 1068 ad
2278 1014 2596 1070 tradendam
2621 1018 2899 1086 pietatem,
2921 1018 3014 1071 sed
3043 1019 3174 1074 satis
3197 1021 3360 1074 etiam
3386 1035 3551 1078 erunt.

1971 1106 2040 1160 ad
2077 1113 2277 1161 tantam
2324 1110 2783 1176 corrumpendum
2835 1110 3135 1167 civitatem.
3173 1127 3294 1178 (ιιιτε
3329 1113 3382 1164 in
3443 1114 3548 1170 fide

1969 1212 2151 1266 nuper
2169 1209 2253 1252 est
2279 1198 2536 1266 plantata.
2564 1209 2618 1253 et
2647 1199 2712 1253 ad
2740 1203 2857 1268 ejus
2879 1200 2966 1269 pia
2994 1201 3273 1254 evellenda
3304 1203 3511 1255 semina
3540 1220 3554 1254 :

1971 1288 2255 1341 moderato
2295 1299 2350 1342 et
2382 1289 2614 1343 honesto
2667 1290 2855 1344 habitu
2922 1291 3228 1359 ingreditur
3261 1291 3326 1345 ad
3367 1293 3559 1361 praefe-

1969 1389 2141 1433 ctum.
2175 1379 2348 1445 Quem
2395 1395 2522 1434 cum
2561 1383 2968 1451 compellwsset,
3023 1383 3200 1436 dixit:
3235 1382 3421 1437 Gratia
3459 1385 3554 1438 uni

1971 1483 2024 1524 et
2055 1487 2249 1541 magno
2278 1473 2428 1526 Deo:
2467 1473 2586 1542 ejus
2621 1475 2793 1533 enim.
2824 1485 2883 1528 ut
2921 1475 3163 1538 videtur,
3201 1475 3550 1544 providentia

1974 1578 2122 1618 nunc
2151 1565 2388 1633 primum
2426 1573 2484 1618 tu
2517 1565 2772 1618 excelsus
2817 1575 2872 1619 et
2907 1565 3113 1627 clarus,
3158 1581 3352 1631 magna
3386 1565 3475 1620 illa
3501 1575 3559 1624 et

1970 1655 2145 1725 prima
2177 1655 2323 1725 regia
2360 1655 2498 1709 urbe
2531 1656 2746 1718 relicta,
2779 1657 2846 1710 ad
2874 1656 3017 1711 hanc
3055 1657 3302 1710 ultimam
3349 1666 3405 1711 et
3428 1673 3556 1728 par-

1972 1763 2092 1800 vam
2124 1749 2404 1802 accessisti
2435 1765 2450 1801 :
2485 1758 2542 1803 et
2575 1763 2698 1802 cum
2729 1748 2840 1816 jam
2890 1757 3036 1803 esset
3085 1755 3312 1802 sanctus
3339 1753 3408 1802 de
3440 1748 3559 1818 pie-

291 1827 505 1893 φαύλας
532 1827 860 1897 προλήψεις.
908 1830 936 1881 ὁ
983 1829 1246 1900 ἔπαρχος,
1276 1831 1369 1884 τόν
1391 1848 1452 1884 τε
1485 1831 1584 1885 ενα
1629 1832 1868 1894 ἀκούσας

1974 1849 2080 1894 tate
2116 1855 2424 1893 sermonem
2463 1841 2842 1904 inchoaturus,
2898 1840 2983 1894 vel
3036 1840 3220 1908 potius
3260 1839 3430 1894 malas
3486 1838 3555 1893 de

288 1919 448 1982 Θεὸν,
482 1921 580 1972 καὶ
608 1919 685 1982 ὡς
709 1918 778 1972 ἂν
811 1923 887 1989 μὴ
916 1922 1030 1984 τοῖς
1084 1923 1457 1991 συκοφάνταις
1513 1923 1869 1992 εὐδιάϐλητος

291 2007 348 2083 ᾖ,
383 2011 461 2074 ὡς
496 2011 625 2074 τοὺς
658 2012 892 2080 ἐχθροὺς
922 2013 1019 2066 τοῦ
1078 2013 1345 2084 βασιλέως
1399 2016 1771 2086 προσιέμενός
1807 2034 1866 2072 τε

288 2106 383 2159 καὶ
409 2103 573 2170 λόγου
609 2105 952 2172 μεταδιδοὺς,
988 2105 1164 2171 άλλως
1217 2125 1272 2160 τε
1308 2109 1364 2161 δὲ
1393 2109 1486 2161 καὶ
1544 2109 1708 2179 ἤθους
1769 2112 1868 2179 ἐμι

290 2193 531 2264 ϐριθεέα,
572 2195 666 2244 καὶ
699 2194 974 2266 αὐστηρίᾳ
1003 2199 1066 2265 τῇ
1106 2197 1243 2265 πρὸς
1273 2198 1366 2250 τὸν
1391 2198 1548 2267 ἆγιον
1581 2199 1677 2269 τὴν
1709 2200 1866 2269 βασιο

288 2284 442 2355 λικὴν
477 2283 799 2356 θηρώμενος
851 2286 1064 2342 εὔνοιαν
1091 2291 1185 2342 καὶ
1212 2290 1464 2344 κλέπτων
1509 2292 1607 2354 τὰς
1665 2309 1872 2361 προκοο

289 2379 415 2443 πὰς,
452 2379 747 2448 διακόψας,
782 2381 1301 2449 συσχεθῆναιαῦτὸν
1323 2384 1526 2436 αὐτίκα
1564 2385 1869 2453 προσέταξε

289 2473 378 2522 καὶ
408 2471 724 2542 τηρηθῆναι
757 2474 816 2525 ἐν
853 2474 1106 2543 φυλακῇ,
1149 2475 1402 2530 τοσοῦτον
1435 2477 1570 2547 πρὸς
1601 2480 1728 2540 τοὺς
1765 2496 1870 2530 πα-

289 2563 566 2633 ρῖπῶτας
595 2565 758 2632 μόνον
820 2564 1013 2630 εἰπὼν,
1049 2565 1126 2630 ὡς
1157 2563 1268 2634 Τῆς
1315 2565 1505 2636 αὔριον
1537 2569 1869 2638 ἐπιστάσης,

291 2657 494 2709 εἴσεται
516 2659 543 2709 ὁ
575 2659 806 2727 μάταιος
834 2661 1040 2724 οὐτοσὶ,
1071 2659 1166 2712 τοῦ
1197 2660 1477 2714 Γαλιλαίου
1511 2662 1713 2730 μύστα,
1759 2658 1875 2726 οἷος

289 2748 400 2814 ἐγὼ
433 2749 590 2816 φίλος
614 2752 725 2813 τοῖς
751 2749 967 2819 ἐχθροῖς
1000 2750 1110 2803 τῶν
1141 2750 1406 2821 βασιλέων
1451 2769 1511 2806 τε
1545 2754 1640 2806 καὶ
1704 2754 1869 2818 θεῶν,

291 2840 381 2890 καὶ
412 2838 461 2889 εί
494 2834 574 2901 εἷς
594 2838 747 2904 Θεὸς,
777 2841 809 2910 ἢ
845 2840 1051 2895 πολλοί.

362 3015 438 3068 Θ’.
475 3017 586 3070 Καὶ
621 3018 806 3081 ἁπλῶς
834 3017 904 3072 τὰ
925 3019 1160 3086 μένοντα
1187 3022 1353 3075 αὑτὸν
1378 3022 1466 3076 ἐπ’
1496 3022 1620 3090 ὄψει
1653 3023 1875 3077 πάντων

1973 1932 2084 1985 Dco
2117 1931 2446 2000 anticipatos
2471 1931 2734 1985 notiones
2756 1929 2914 1999 prius
2936 1930 3392 1992 labefactaturus,
3421 1944 3558 1998 prae-

1968 2018 2146 2071 fectus
2175 2033 2299 2071 cum
2331 2026 2388 2072 et
2418 2033 2588 2071 unum
2641 2017 2809 2071 Deum
2847 2018 3171 2082 audivisset,
3206 2027 3262 2072 et
3289 2033 3355 2072 ne
3391 2034 3420 2071 a
3465 2033 3558 2072 ca-

1971 2107 2399 2162 lumniatoribus
2425 2121 2719 2162 vocaretur
2747 2107 2800 2161 in
2827 2109 3115 2169 invidiam,
3151 2109 3330 2177 utqui
3355 2110 3555 2162 admit-

1973 2209 2115 2253 teret
2149 2201 2402 2254 inimicos
2435 2201 2810 2268 imperatoris,
2853 2209 2909 2254 et
2937 2215 3033 2254 eos
3069 2216 3322 2256 sermone
3352 2203 3555 2271 imper-

1975 2293 2126 2352 tiret.
2176 2303 2231 2347 et
2279 2294 2486 2362 alioqui
2523 2307 2738 2346 morum
2775 2293 3068 2363 gravitate,
3105 2302 3160 2346 et
3195 2293 3248 2346 in
3301 2304 3553 2347 sanctum

1972 2386 2296 2448 acerbitate,
2337 2383 2687 2452 imperatoris
2718 2393 2952 2451 captans
2993 2384 3463 2444 benevolentiam,
3501 2395 3557 2439 et

1973 2474 2041 2527 ad
2081 2474 2447 2528 emolumenta
2481 2472 2752 2542 aspirans,
2785 2471 3094 2542 interrupto
3119 2487 3399 2535 sermone,
3429 2489 3554 2527 eum

1973 2569 2126 2636 jubet
2154 2565 2548 2635 comprehendi
2585 2574 2641 2620 et
2671 2564 2993 2620 conservari
3038 2565 3309 2628 custodia,
3345 2573 3554 2616 tantum

1973 2661 2164 2714 dicens
2209 2657 2642 2712 assistentibus:
2695 2656 2752 2709 Si
2805 2656 3024 2710 venerit
3082 2655 3200 2709 dies
3254 2656 3553 2715 crastinus.

1974 2751 2113 2804 sciet
2163 2749 2252 2803 hic
2273 2748 2515 2802 stolidus
2564 2757 2740 2818 mysta
2798 2747 3024 2810 Galilmi,
3058 2747 3236 2814 qualis
3281 2762 3382 2816 ego
3432 2761 3552 2799 sum

1973 2842 2185 2894 amicus
2214 2840 2457 2894 inimicis
2493 2841 2894 2908 imperatorum
2924 2847 2980 2892 et
3011 2839 3264 2898 deorum,
3297 2848 3350 2890 et
3382 2853 3447 2889 an
3481 2837 3556 2890 sit

1977 2944 2119 2982 unus
2153 2929 2317 2990 Deus,
2348 2944 2416 2981 an
2457 2929 2637 2980 multi.

2047 3019 2138 3072 IX.
2172 3019 2430 3074 Crastino
2470 3030 2655 3075 autem
2707 3017 2796 3072 die
2847 3018 2896 3072 ei
2941 3019 3229 3088 proposito
3263 3015 3552 3076 tribunali.

289 3105 456 3160 δεινά.
513 3109 590 3177 Τῇ
652 3110 740 3162 ἐπ’
793 3109 983 3178 αὔριον
1037 3111 1102 3165 -δὲ
1159 3113 1408 3183 βήματος
1455 3115 1606 3184 αύτῷ
1659 3115 1869 3185 ὑψηλοῦ

1977 3119 2034 3165 et
2069 3119 2355 3180 spectante
2420 3121 2535 3166 toto
2579 3110 2800 3180 populo.
2837 3118 2894 3164 et
2923 3109 3316 3164 assistentibus
3348 3107 3556 3162 satelli-

293 3198 670 3268 προτεθέντος,
729 3202 823 3255 τοῦ
856 3220 916 3255 τε
963 3204 1137 3273 δήμου
1187 3205 1389 3270 παντὸς
1422 3207 1722 3278 θεωμένου,
1766 3212 1866 3261 καὶ

1977 3203 2145 3264 tibus,
2193 3203 2310 3272 ipse
2363 3203 2664 3272 prasidens
2720 3203 2886 3273 jussit
2963 3211 3215 3256 sanctum
3270 3204 3551 3256 assistere.

292 3291 390 3356 τῆς
448 3291 783 3362 δορυφορίας
836 3297 1274 3366 παρισταμένης,
1319 3298 1654 3365 προκαθίσας
1699 3299 1867 3360 αὐτὸς

1977 3293 2114 3346 Cum
2149 3293 2254 3346 hoc
2285 3302 2467 3347 autem
2494 3294 2698 3347 factum
2731 3302 2902 3358 esset,
2929 3303 2988 3346 et
3023 3292 3151 3346 laeto
3181 3292 3336 3346 vultu
3377 3301 3434 3345 et
3471 3292 3557 3345 in-

293 3381 546 3434 ἐκέλευσε
575 3384 922 3453 παραστῆναι
951 3385 1044 3438 τὸν
1073 3387 1250 3454 ἅγιον.
1303 3382 1384 3442 Οὗ
1415 3389 1734 3456 γενομένου,
1767 3392 1862 3442 καὶ

1980 3385 2175 3440 territo
2226 3385 2414 3439 animo
2459 3395 2668 3456 martyr
2699 3385 2987 3447 astitisset,
3025 3383 3164 3438 dixit
3225 3383 3554 3453 pnefectus:

294 3473 672 3540 παραστάντος
724 3475 820 3528 τοῦ
870 3475 1149 3547 μάρτυρος
1205 3478 1422 3548 φαιδρῷ
1473 3479 1552 3551 τῷ
1585 3479 1864 3551 προσώπῳ

1975 3477 2213 3547 ΔΕηυυ-ιη
2245 3486 2351 3539 est.
2388 3493 2421 3531 ο
2459 3477 2636 3538 Mena,
2684 3492 2902 3531 omnem
2939 3475 3220 3530 hominem
3272 3474 3555 3528 honorare

295 3564 385 3616 καὶ
415 3564 678 3634 άπτοήτφ
701 3564 880 3634 ψυχῆς
907 3569 1334 3639 παραστήματι,
1365 3572 1395 3623 ό
1427 3570 1666 3642 ἐπαρχος
1689 3569 1813 3626 εἷπε
1848 3587 1864 3603 ⁸

292 3653 508 3707 Δίκαιόν
537 3657 706 3720 ἐστιν,
764 3651 810 3710 ὦ
858 3659 1043 3727 Μηνᾶ,
1105 3660 1366 3730 βασιλέας
1391 3679 1452 3715 τε
1476 3662 1645 3732 τιμᾷν
1683 3662 1866 3716 πάντα

292 3745 602 3814 ἄνθρωπον,
659 3748 757 3802 καὶ
819 3751 949 3810 τοὺς
991 3751 1175 3806 αὐτῶν
1220 3753 1476 3808 σέϐεσθαι
1538 3753 1716 3817 θεοὺς,
1772 3756 1870 3808 καὶ

295 3835 427 3903 πρὸς
452 3835 535 3889 ἔτι
562 3840 675 3903 τοῖς
702 3839 1020 3910 εὐεργέταις
1049 3843 1454 3914 εὐγνωμονεῖνς
1481 3846 1510 3915 ἢ
1541 3848 1596 3901 τί
1625 3848 1709 3902 δεῖ
1727 3846 1867 3917 πρὸς

295 3925 466 3980 ταῦτα
501 3931 703 3994 ποιεῖν,
737 3930 900 3994 αὐτὸς
937 3932 996 3986 ἐν
1027 3932 1105 4004 τῷ
1137 3935 1361 4005 φανερῷ
1397 3937 1630 4003 δίδαξον.
1695 3938 1807 3992 Καὶ
1838 3939 1867 3990 ό

299 4017 472 4086 άγιος,
527 4020 702 4091 Μέχρι
749 4022 892 4086 τότε,
932 4022 1164 4094 επαρχε,
1221 4029 1347 4089 τοῖς
1377 4028 1714 4097 εὐεργέταις.
1735 4027 1866 4097 ἔφη,

301 4107 575 4177 προσῆκον
633 4110 1022 4180 εὐγνωμονεῖν,
1074 4112 1272 4184 μέχρις
1315 4113 1382 4168 ἂν
1423 4115 1756 4185 ἀμφοτέροις
1806 4115 1870 4170 τὸ

298 4200 679 4269 εὐγνωμονεῖν,
713 4201 862 4273 αύτῷ
889 4219 951 4256 τε
979 4203 1060 4272 τῷ
1106 4205 1558 4276 εύγνωμονοῦντι,
1602 4209 1698 4260 κα)⁵
1727 4207 1866 4276 προς

296 4291 355 4344 ὃν
385 4291 545 4346 τοῦτο
568 4293 780 4360 γίνεται
827 4294 1102 4360 λυσιτελές
1278 4297 1407 4350 όταν
1449 4297 1507 4350 δὲ
1557 4298 1866 4351 τοὺναντέον

302 4384 498 4456 πολλὴν
529 4386 814 4458 ἑκατέροις
842 4387 1027 4460 ἐπάγῃ
1057 4387 1157 4458 τὴν
1190 4386 1418 4458 βλάϐην,
1452 4389 1574 4442 τότε
1623 4389 1750 4460 χρὴ.
1770 4391 1869 4458 τὴν

1975 3584 2155 3637 reges,
2199 3577 2257 3623 et
2305 3583 2496 3637 regum
2547 3568 2682 3623 deos
2737 3569 2945 3630 colere,
2993 3577 3048 3621 et
3099 3577 3365 3628 praeterea
3401 3577 3556 3635 grato

1972 3675 2096 3716 esse
2127 3660 2313 3714 animo
2355 3661 2407 3713 in
2447 3659 2828 3713 benefactores
2859 3660 2882 3710 τ
2915 3668 3009 3712 aut
3041 3657 3156 3728 ipse
3182 3665 3372 3726 aperte
3395 3656 3552 3716 doce,

1973 3748 2107 3819 quid
2137 3748 2204 3803 ad
2229 3749 2349 3803 haec
2377 3748 2556 3802 facere
2586 3757 2856 3817 oporteat.
2891 3749 3125 3803 Sanctus
3157 3762 3291 3801 vero
3329 3763 3344 3799 :
3394 3745 3556 3799 Eate-

1975 3860 2102 3908 nus,
2130 3844 2332 3912 inquit,
2373 3858 2411 3897 ο
2449 3843 2726 3912 praefecte,
2775 3851 2930 3912 grato
2955 3857 3077 3897 esse
3122 3841 3308 3895 animo
3336 3846 3558 3907 oportet

1978 3936 2035 3990 in
2060 3934 2465 3997 benefactores,
2494 3943 2769 4002 quatenus
2809 3943 2866 3988 et.
2901 3933 2974 3998 ei,
3007 3933 3101 4002 qui
3128 3939 3212 3986 est
3249 3939 3459 4000 gratus.
3499 3937 3555 3981 et

1975 4025 2028 4081 ei
2061 4029 2115 4081 in
2152 4041 2318 4097 quem
2360 4025 2467 4079 hoc
2503 4025 2562 4077 ﬁt
2589 4063 2604 4087 ,
2640 4024 2694 4077 id
2721 4023 2890 4077 fuerit
2926 4023 3078 4076 utile.
3109 4020 3342 4087 Quando
3368 4028 3552 4071 autem

1976 4127 2168 4172 contra
2225 4132 2485 4186 magnum
2541 4115 2792 4187 utrisque
2845 4114 3006 4168 affert
3054 4114 3355 4166 damnum.
3420 4117 3560 4162 tunc

1987 4215 2230 4278 oportet,
2293 4208 2495 4276 rejecta
2529 4221 2593 4258 ea
2627 4219 2750 4275 qna:
2775 4213 2862 4258 est
2897 4217 3022 4258 cum
3055 4203 3255 4255 damno
3305 4199 3552 4253 benevoo

1974 4297 2185 4359 lentia,
2233 4311 2298 4352 ea
2351 4294 2611 4364 praeferre
2661 4308 2784 4363 qua:
2828 4293 3138 4347 conferunt.
3185 4289 3364 4359 Reges
3420 4301 3556 4340 vero

1979 4389 2256 4442 honorare
2288 4387 2512 4458 quidem
2545 4394 2799 4442 sanctum
2835 4396 2922 4439 est
2956 4395 3183 4452 propter
3222 4391 3551 4451 potestatem

307 4478 443 4544 μετὰ
471 4478 678 4550 βλάϐης
722 4477 938 4534 εὔνοιαν
989 4480 1410 4550 ἀπωσαμένους,
1458 4481 1526 4535 τὰ
1563 4482 1701 4553 πρὸς
1732 4483 1869 4550 ὼφέε

1980 4488 2036 4533 et
2067 4479 2462 4548 principatum.
2497 4477 2729 4544 Quando
2762 4485 2947 4528 autent
2999 4474 3034 4528 ii
3089 4489 3198 4527 non
3241 4483 3369 4528 sunt
3406 4482 3556 4527 recte

302 4571 446 4625 λειαν
469 4573 814 4627 συντείνοντα
845 4573 1139 4644 προτιμᾷν.
1170 4573 1438 4638 Βασιλέας
1484 4574 1543 4628 δέ
1572 4577 1739 4645 τιμᾷν
1771 4575 1874 4643 μὲν

299 4661 384 4716 διὰ
411 4662 511 4734 τὴν
554 4663 730 4734 ἀρχὴν
783 4665 962 4719 ὅσιον
1016 4664 1227 4718 ὅτανδέ
1283 4665 1358 4737 μὴ
1383 4666 1514 4735 περὶ
1542 4667 1678 4720 Θεὸν
1727 4663 1875 4722 οὗτοι

301 4754 396 4824 τὴν
417 4752 649 4824 πρώτην
679 4754 853 4827 ἀρχὴν
881 4755 1064 4816 καλῶς
1095 4773 1155 4808 τε
1183 4758 1276 4809 καὶ
1309 4759 1479 4824 ὑγιῶς
1507 4758 1695 4828 ἔχωσι,
1738 4759 1874 4829 μηδὲ

301 4844 397 4911 τὴν
423 4843 613 4912 τιμὴν,
641 4843 715 4906 ὡς
743 4843 861 4895 δέον
882 4845 1054 4908 ἐστὶν,
1083 4843 1233 4914 αὐτῷ
1258 4845 1522 4913 νέμωσιν,
1553 4847 1656 4899 οὐκ
1687 4847 1753 4900 ἂν
1796 4848 1872 4902 ετ-

302 4949 459 5003 ποιμι
485 4936 688 5004 χρῆναι
711 4935 840 4997 τοὺς
869 4934 1146 4996 τοιούτους
1177 4937 1368 5005 τιμᾷν.
1404 4937 1566 4990 Ἀλλά
1606 4939 1702 4991 καὶ
1748 4939 1874 5001 τοὺς

301 5023 480 5078 αὐτῶν
541 5023 696 5085 θεοὺς
719 5024 816 5094 οὐχ
845 5022 1030 5088 ἁπλῶς
1080 5023 1164 5077 δεῖ
1213 5023 1392 5078 σέϐειν
1443 5026 1521 5096 μὴ
1575 5027 1872 5096 προεξετά-

308 5129 510 5175 cas-ta;
552 5113 839 5184 πρότερον,
865 5115 913 5166 εί
940 5113 1157 5181 ἀληθῶς
1187 5113 1446 5168 δύνανται
1469 5115 1570 5167 ὅσα
1598 5118 1872 5184 προσῆκόν

298 5207 414 5256 ἐστι
443 5204 577 5257 Θεὸν
597 5203 882 5269 δύνασθαι,
917 5203 1011 5257 καὶ
1040 5205 1088 5257 εί
1121 5205 1222 5274 μὴ,
1258 5207 1316 5258 ἐν
1361 5205 1574 5274 γενέσει
1598 5205 1748 5268 ὄντες
1781 5207 1874 5259 καὶ

296 5293 466 5362 ἀρχῇ,
498 5293 850 5364 άτελεύτητοί
898 5296 1004 5347 είσι
1054 5295 1150 5348 καὶ
1207 5295 1484 5350 ἀθάνατοι.
1541 5297 1604 5348 Εἰ
1659 5297 1716 5349 δέ
1779 5298 1873 5349 καὶ

296 5385 506 5440 τούτων
551 5385 698 5448 τινὸς
725 5385 920 5449 ἐνδεῶς
977 5386 1212 5455 ἔχουσιν,
1247 5387 1426 5440 αὐτῶν
1463 5387 1564 5457 μὲν
1599 5387 1873 5459 ύπερορᾷν

295 5478 404 5548 χρή
423 5492 440 5508 ⁸
490 5477 608 5540 πῶς
634 5476 744 5546 γάρ
775 5475 840 5529 ἂν
869 5475 955 5546 εἴη
986 5475 1117 5540 Θεὸς
1147 5475 1374 5548 άτεληςς
1405 5477 1570 5530 πόθου
1597 5477 1655 5529 δὲ
1680 5477 1875 5548 θερμό-

293 5585 422 5636 τητι
485 5569 578 5620 καὶ
629 5565 810 5637 ψυχῆς
874 5567 1208 5637 καθαρότητι
1251 5567 1341 5621 τὸν
1387 5568 1557 5629 ὅντως
1583 5567 1713 5621 ὄντα
1741 5567 1871 5621 Θεὸν

297 5660 578 5729 ἐκζητεῖν.

372 5753 427 5804 l'.
495 5749 640 5818 Ἐγὼ
694 5748 891 5813 τοίνυν,
934 5749 1007 5813 ὡς
1051 5750 1146 5804 καὶ
1181 5748 1343 5812 αὐτος
1405 5743 1587 5815 οἶσθα,
1637 5749 1868 5822 ἔπαρχε,

1979 4579 2035 4624 et
2065 4585 2196 4624 sane
2239 4570 2419 4624 atiecti
2465 4569 2522 4624 in
2553 4568 2748 4624 Deum.
2781 4567 2874 4633 qui
2905 4574 2992 4620 est
3023 4565 3240 4636 primus
3276 4565 3553 4634 principa-

1983 4673 2090 4727 tus,
2123 4677 2304 4732 neque
2329 4661 2403 4724 ei,
2430 4669 2490 4714 ut
2519 4673 2618 4728 par
2639 4665 2744 4723 est,
2771 4658 3039 4712 honorem
3076 4656 3379 4711 tribuerint
3403 4699 3415 4716 .
3441 4672 3564 4710 non.

1975 4753 2212 4809 dixerim
2245 4768 2344 4807 eos
2374 4765 2496 4806 esse
2528 4748 2906 4804 honorandos.
2959 4747 3104 4814 Quin
3153 4748 3317 4802 etiam
3357 4761 3550 4800 eorum

1975 4847 2051 4900 dii
2089 4860 2201 4900 non
2230 4853 2360 4900 sunt
2395 4853 2606 4899 temere
2639 4842 2893 4908 colendi,
2946 4843 3052 4896 nisi
3092 4841 3246 4910 prius
3274 4838 3552 4894 examine-

1974 4933 2243 4994 verimus.
2301 4947 2371 4985 an
2423 4946 2552 4986 vere
2600 4930 2858 5001 possint,
2926 4943 3270 4999 quaecunque
3329 4937 3550 4996 oportet

1974 5023 2148 5078 Deum
2185 5036 2344 5091 posse
2378 5037 2392 5074 :
2423 5029 2480 5074 et
2510 5035 2665 5081 num.
2697 5035 2824 5076 cum
2868 5029 2925 5074 et
2966 5029 3149 5072 ortum
3197 5017 3438 5070 habeant
3494 5025 3551 5069 et

1975 5113 2336 5184 principium,
2403 5111 2510 5166 ﬁne
2551 5124 2771 5182 quoque
2809 5115 3034 5165 careant
3076 5117 3133 5162 et
3169 5111 3279 5163 sint
3327 5107 3552 5160 immor-

1975 5207 2130 5262 tales.
2190 5205 2288 5260 Sin
2340 5214 2523 5259 autcm
2579 5203 2662 5258 eis
2715 5203 2914 5256 borum
2976 5199 3122 5254 desit
3173 5197 3406 5267 aliquid,
3451 5213 3548 5252 eos

1973 5301 2203 5370 quidem
2235 5307 2453 5368 oportet
2497 5296 2806 5365 despicere.
2848 5292 3138 5359 Quomodo
3184 5292 3331 5345 cuitu
3382 5291 3549 5346 fuerit

1973 5388 2118 5442 Deus
2170 5385 2574 5456 imperfectus?
2635 5381 2874 5438 ferventi
2925 5391 3110 5436 autem
3171 5379 3447 5434 desiderio
3492 5389 3550 5435 et

1979 5478 2186 5534 mundo
2215 5476 2384 5532 corde
2417 5475 2749 5545 quaerendus
2791 5481 2879 5529 est
2931 5472 3113 5536 Deus,
3158 5471 3254 5541 qui
3301 5482 3384 5526 est
3421 5486 3546 5526 rere

1975 5571 2140 5626 Deus.

2050 5748 2116 5803 Χ.
2159 5746 2267 5818 Ego
2295 5721 2484 5817 igitur,
2515 5753 2576 5800 ut
2606 5744 2720 5816 ipse
2748 5746 2880 5814 scis,
2923 5761 2958 5801 ο
2998 5745 3274 5817 ρηιίοεῑο,
3315 5761 3438 5800 cum
3488 5756 3540 5799 et
