  <div class='ocr_page' id='page_1' title='image "/cluster/home/n/w/nwhite01/storage/ocr_20150623/116/hvd.32044073502221/196.png"; bbox 0 0 4080 6374; ppageno 0'>
   <div class='ocr_carea' id='block_1_1' title="bbox 321 303 424 372">
    <p class='ocr_par' dir='ltr' id='par_1_1' title="bbox 321 303 424 372">
     <span class='ocr_line' id='line_1_1' title="bbox 321 303 424 372; baseline 0 -1"><span class='ocrx_word' id='word_1_1' title='bbox 321 303 424 372; x_wconf 76' lang='grc'><strong>381</strong></span> 
     </span>
    </p>
   </div>
   <div class='ocr_carea' id='block_1_2' title="bbox 1219 323 2669 409">
    <p class='ocr_par' dir='ltr' id='par_1_2' title="bbox 1219 323 2669 409">
     <span class='ocr_line' id='line_1_2' title="bbox 1219 323 2669 409; baseline 0.019 -27"><span class='ocrx_word' id='word_1_2' title='bbox 1219 323 1686 390; x_wconf 76' lang='lat' dir='ltr'><strong>MARTYRIUM</strong></span> <span class='ocrx_word' id='word_1_3' title='bbox 1736 333 1795 391; x_wconf 89' lang='lat' dir='ltr'><strong>S.</strong></span> <span class='ocrx_word' id='word_1_4' title='bbox 1845 336 2079 397; x_wconf 72' lang='grc' dir='ltr'><strong>ΜΕΝῶ</strong></span> <span class='ocrx_word' id='word_1_5' title='bbox 2121 340 2215 400; x_wconf 86' lang='grc' dir='ltr'><strong>ΕΤ</strong></span> <span class='ocrx_word' id='word_1_6' title='bbox 2249 343 2669 409; x_wconf 80' lang='lat' dir='ltr'><strong>SOCIORUM.</strong></span> 
     </span>
    </p>
   </div>
   <div class='ocr_carea' id='block_1_3' title="bbox 3485 354 3590 418">
    <p class='ocr_par' dir='ltr' id='par_1_3' title="bbox 3485 354 3590 418">
     <span class='ocr_line' id='line_1_3' title="bbox 3485 354 3590 418; baseline 0 -1"><span class='ocrx_word' id='word_1_7' title='bbox 3485 354 3590 418; x_wconf 74' lang='grc'><strong>382</strong></span> 
     </span>
    </p>
   </div>
   <div class='ocr_carea' id='block_1_4' title="bbox 323 426 1911 530">
    <p class='ocr_par' dir='ltr' id='par_1_4' title="bbox 323 426 1908 512">
     <span class='ocr_line' id='line_1_4' title="bbox 323 426 1908 512; baseline 0.011 -32"><span class='ocrx_word' id='word_1_8' title='bbox 323 426 575 494; x_wconf 76' lang='grc' dir='ltr'><strong>τεράτων</strong></span> <span class='ocrx_word' id='word_1_9' title='bbox 610 428 804 482; x_wconf 77' lang='grc' dir='ltr'><strong>θεαταὶ</strong></span> <span class='ocrx_word' id='word_1_10' title='bbox 839 433 1210 502; x_wconf 81' lang='grc' dir='ltr'><strong>γεγενήμεθα,</strong></span> <span class='ocrx_word' id='word_1_11' title='bbox 1267 437 1428 491; x_wconf 68' lang='grc' dir='ltr'><strong>αὐτοὶ</strong></span> <span class='ocrx_word' id='word_1_12' title='bbox 1449 441 1558 494; x_wconf 85' lang='grc' dir='ltr'><strong>τῶν</strong></span> <span class='ocrx_word' id='word_1_13' title='bbox 1585 441 1908 512; x_wconf 74' lang='grc' dir='ltr'><strong>θαυμασίων</strong></span> 
     </span>
    </p>
   </div>
   <div class='ocr_carea' id='block_1_5' title="bbox 2016 426 3588 530">
    <p class='ocr_par' dir='ltr' id='par_1_5' title="bbox 2016 449 3588 530">
     <span class='ocr_line' id='line_1_5' title="bbox 2016 449 3588 530; baseline 0.011 -27"><span class='ocrx_word' id='word_1_14' title='bbox 2016 449 2265 520; x_wconf 80' lang='lat' dir='ltr'><strong>giorum;</strong></span> <span class='ocrx_word' id='word_1_15' title='bbox 2300 454 2406 526; x_wconf 84' lang='lat' dir='ltr'><strong>ipsi</strong></span> <span class='ocrx_word' id='word_1_16' title='bbox 2440 456 2682 514; x_wconf 80' lang='lat' dir='ltr'><strong>fructum</strong></span> <span class='ocrx_word' id='word_1_17' title='bbox 2720 460 2993 515; x_wconf 72' lang='lat' dir='ltr'><strong>sensimus</strong></span> <span class='ocrx_word' id='word_1_18' title='bbox 3023 465 3143 530; x_wconf 90' lang='lat' dir='ltr'><strong>ejus</strong></span> <span class='ocrx_word' id='word_1_19' title='bbox 3175 465 3588 520; x_wconf 84' lang='lat' dir='ltr'><strong>miraculorum.</strong></span> 
     </span>
    </p>
   </div>
   <div class='ocr_carea' id='block_1_6' title="bbox 323 517 1906 604">
    <p class='ocr_par' dir='ltr' id='par_1_6' title="bbox 323 517 1906 604">
     <span class='ocr_line' id='line_1_6' title="bbox 323 517 1906 604; baseline 0.012 -32"><span class='ocrx_word' id='word_1_20' title='bbox 323 517 809 588; x_wconf 80' lang='grc' dir='ltr'><strong>ἀπολελαύκαμεν.</strong></span> <span class='ocrx_word' id='word_1_21' title='bbox 863 524 998 578; x_wconf 73' lang='grc' dir='ltr'><strong>υύδὲ</strong></span> <span class='ocrx_word' id='word_1_22' title='bbox 1058 525 1117 578; x_wconf 77' lang='grc' dir='ltr'><strong>ἔν</strong></span> <span class='ocrx_word' id='word_1_23' title='bbox 1178 527 1375 598; x_wconf 75' lang='grc' dir='ltr'><strong>ψεῦδος</strong></span> <span class='ocrx_word' id='word_1_24' title='bbox 1432 533 1730 604; x_wconf 80' lang='grc' dir='ltr'><strong>παρέρπει,</strong></span> <span class='ocrx_word' id='word_1_25' title='bbox 1784 538 1906 591; x_wconf 71' lang='grc' dir='ltr'><strong>οὐδὲ</strong></span> 
     </span>
    </p>
   </div>
   <div class='ocr_carea' id='block_1_7' title="bbox 323 613 1906 698">
    <p class='ocr_par' dir='ltr' id='par_1_7' title="bbox 323 613 1906 698">
     <span class='ocr_line' id='line_1_7' title="bbox 323 613 1906 698; baseline 0.009 -33"><span class='ocrx_word' id='word_1_26' title='bbox 323 613 514 682; x_wconf 75' lang='grc' dir='ltr'><strong>ἀπάτη</strong></span> <span class='ocrx_word' id='word_1_27' title='bbox 549 629 633 676; x_wconf 85' lang='grc' dir='ltr'><strong>τις</strong></span> <span class='ocrx_word' id='word_1_28' title='bbox 663 614 1015 686; x_wconf 76' lang='grc' dir='ltr'><strong>ύποκάθηται</strong></span> <span class='ocrx_word' id='word_1_29' title='bbox 1071 621 1187 684; x_wconf 88' lang='grc' dir='ltr'><strong>τοῖς</strong></span> <span class='ocrx_word' id='word_1_30' title='bbox 1235 621 1329 676; x_wconf 77' lang='grc' dir='ltr'><strong>ὑπ’</strong></span> <span class='ocrx_word' id='word_1_31' title='bbox 1361 625 1528 679; x_wconf 77' lang='grc' dir='ltr'><strong>αὐτοῦ</strong></span> <span class='ocrx_word' id='word_1_32' title='bbox 1593 631 1906 698; x_wconf 80' lang='grc' dir='ltr'><strong>πραττομέ.</strong></span> 
     </span>
    </p>
   </div>
   <div class='ocr_carea' id='block_1_8' title="bbox 323 705 1904 786">
    <p class='ocr_par' dir='ltr' id='par_1_8' title="bbox 323 705 1904 786">
     <span class='ocr_line' id='line_1_8' title="bbox 323 705 1904 786; baseline 0.011 -28"><span class='ocrx_word' id='word_1_33' title='bbox 323 723 458 769; x_wconf 87' lang='grc' dir='ltr'><strong>νοις.</strong></span> <span class='ocrx_word' id='word_1_34' title='bbox 493 705 710 774; x_wconf 81' lang='grc' dir='ltr'><strong>Ἐγνως</strong></span> <span class='ocrx_word' id='word_1_35' title='bbox 740 711 835 763; x_wconf 70' lang='grc' dir='ltr'><strong>καὶ</strong></span> <span class='ocrx_word' id='word_1_36' title='bbox 869 711 1034 776; x_wconf 79' lang='grc' dir='ltr'><strong>αὐτὸς</strong></span> <span class='ocrx_word' id='word_1_37' title='bbox 1078 715 1179 784; x_wconf 85' lang='grc' dir='ltr'><strong>τὴν</strong></span> <span class='ocrx_word' id='word_1_38' title='bbox 1233 715 1500 786; x_wconf 78' lang='grc' dir='ltr'><strong>ἀλήθειαν</strong></span> <span class='ocrx_word' id='word_1_39' title='bbox 1553 722 1774 786; x_wconf 73' lang='grc' dir='ltr'><strong>συνετὸς</strong></span> <span class='ocrx_word' id='word_1_40' title='bbox 1807 721 1904 785; x_wconf 86' lang='grc' dir='ltr'><strong>ῶν,</strong></span> 
     </span>
    </p>
   </div>
   <div class='ocr_carea' id='block_1_9' title="bbox 322 797 1906 883">
    <p class='ocr_par' dir='ltr' id='par_1_9' title="bbox 322 797 1906 883">
     <span class='ocr_line' id='line_1_9' title="bbox 322 797 1906 883; baseline 0.011 -31"><span class='ocrx_word' id='word_1_41' title='bbox 322 797 422 852; x_wconf 76' lang='grc' dir='ltr'><strong>καὶ</strong></span> <span class='ocrx_word' id='word_1_42' title='bbox 455 797 532 862; x_wconf 83' lang='grc' dir='ltr'><strong>ὡς</strong></span> <span class='ocrx_word' id='word_1_43' title='bbox 564 799 642 870; x_wconf 76' lang='grc' dir='ltr'><strong>μὴ</strong></span> <span class='ocrx_word' id='word_1_44' title='bbox 699 800 810 870; x_wconf 79' lang='grc' dir='ltr'><strong>χρὴ</strong></span> <span class='ocrx_word' id='word_1_45' title='bbox 859 802 995 856; x_wconf 80' lang='grc' dir='ltr'><strong>Θεὸν</strong></span> <span class='ocrx_word' id='word_1_46' title='bbox 1025 803 1188 857; x_wconf 75' lang='grc' dir='ltr'><strong>ἄλλον</strong></span> <span class='ocrx_word' id='word_1_47' title='bbox 1219 807 1480 876; x_wconf 76' lang='grc' dir='ltr'><strong>ἡγεῖσθαι</strong></span> <span class='ocrx_word' id='word_1_48' title='bbox 1523 811 1621 864; x_wconf 71' lang='grc' dir='ltr'><strong>καὶ</strong></span> <span class='ocrx_word' id='word_1_49' title='bbox 1663 831 1906 883; x_wconf 79' lang='grc' dir='ltr'><strong>προσκυ·</strong></span> 
     </span>
    </p>
   </div>
   <div class='ocr_carea' id='block_1_10' title="bbox 323 889 1908 977">
    <p class='ocr_par' dir='ltr' id='par_1_10' title="bbox 323 889 1908 977">
     <span class='ocr_line' id='line_1_10' title="bbox 323 889 1908 977; baseline 0.011 -35"><span class='ocrx_word' id='word_1_50' title='bbox 323 891 441 943; x_wconf 82' lang='grc' dir='ltr'><strong>νεῖν</strong></span> <span class='ocrx_word' id='word_1_51' title='bbox 495 889 530 961; x_wconf 72' lang='grc' dir='ltr'>ἢ</span> <span class='ocrx_word' id='word_1_52' title='bbox 580 891 674 944; x_wconf 74' lang='grc' dir='ltr'><strong>τόν</strong></span> <span class='ocrx_word' id='word_1_53' title='bbox 726 893 916 947; x_wconf 78' lang='grc' dir='ltr'><strong>αὐτοῦ.</strong></span> <span class='ocrx_word' id='word_1_54' title='bbox 955 894 1015 949; x_wconf 84' lang='lat'><strong>&#39;0</strong></span> <span class='ocrx_word' id='word_1_55' title='bbox 1051 897 1111 950; x_wconf 64' lang='grc' dir='ltr'><strong>δὲ</strong></span> <span class='ocrx_word' id='word_1_56' title='bbox 1161 897 1424 970; x_wconf 87' lang='grc' dir='ltr'><strong>ἔπαρχος,</strong></span> <span class='ocrx_word' id='word_1_57' title='bbox 1457 901 1784 974; x_wconf 69' lang='grc' dir='ltr'><strong>εὐλαϐηθεὶς</strong></span> <span class='ocrx_word' id='word_1_58' title='bbox 1809 905 1908 977; x_wconf 77' lang='grc' dir='ltr'><strong>τὴν</strong></span> 
     </span>
    </p>
   </div>
   <div class='ocr_carea' id='block_1_11' title="bbox 323 981 1910 1064">
    <p class='ocr_par' dir='ltr' id='par_1_11' title="bbox 323 981 1910 1064">
     <span class='ocr_line' id='line_1_11' title="bbox 323 981 1910 1064; baseline 0.009 -29"><span class='ocrx_word' id='word_1_59' title='bbox 323 981 642 1052; x_wconf 70' lang='grc' dir='ltr'><strong>παρρησίαν</strong></span> <span class='ocrx_word' id='word_1_60' title='bbox 670 983 772 1053; x_wconf 83' lang='grc' dir='ltr'><strong>τῆς</strong></span> <span class='ocrx_word' id='word_1_61' title='bbox 801 983 1044 1052; x_wconf 86' lang='grc' dir='ltr'><strong>πόλεως,</strong></span> <span class='ocrx_word' id='word_1_62' title='bbox 1074 988 1172 1042; x_wconf 82' lang='grc' dir='ltr'><strong>καὶ</strong></span> <span class='ocrx_word' id='word_1_63' title='bbox 1213 989 1339 1043; x_wconf 86' lang='grc' dir='ltr'><strong>ίδὼν</strong></span> <span class='ocrx_word' id='word_1_64' title='bbox 1375 992 1554 1046; x_wconf 80' lang='grc' dir='ltr'><strong>πάντα</strong></span> <span class='ocrx_word' id='word_1_65' title='bbox 1602 995 1789 1064; x_wconf 77' lang='grc' dir='ltr'><strong>σχεδὸν</strong></span> <span class='ocrx_word' id='word_1_66' title='bbox 1819 997 1910 1050; x_wconf 76' lang='grc' dir='ltr'><strong>τὸν</strong></span> 
     </span>
    </p>
   </div>
   <div class='ocr_carea' id='block_1_12' title="bbox 321 1072 1914 1150">
    <p class='ocr_par' dir='ltr' id='par_1_12' title="bbox 321 1072 1914 1150">
     <span class='ocr_line' id='line_1_12' title="bbox 321 1072 1914 1150; baseline 0.01 -25"><span class='ocrx_word' id='word_1_67' title='bbox 321 1072 500 1142; x_wconf 76' lang='grc' dir='ltr'><strong>δῆμον</strong></span> <span class='ocrx_word' id='word_1_68' title='bbox 548 1073 939 1130; x_wconf 77' lang='grc' dir='ltr'><strong>ἁπονεύσαντα</strong></span> <span class='ocrx_word' id='word_1_69' title='bbox 996 1079 1136 1148; x_wconf 72' lang='grc' dir='ltr'><strong>πρὸς</strong></span> <span class='ocrx_word' id='word_1_70' title='bbox 1190 1081 1450 1150; x_wconf 81' lang='grc' dir='ltr'><strong>Χριστὸν,</strong></span> <span class='ocrx_word' id='word_1_71' title='bbox 1508 1087 1604 1138; x_wconf 72' lang='grc' dir='ltr'><strong>καὶ</strong></span> <span class='ocrx_word' id='word_1_72' title='bbox 1665 1103 1914 1141; x_wconf 82' lang='grc' dir='ltr'><strong>συναπα-</strong></span> 
     </span>
    </p>
   </div>
   <div class='ocr_carea' id='block_1_13' title="bbox 322 1163 1912 1248">
    <p class='ocr_par' dir='ltr' id='par_1_13' title="bbox 322 1163 1912 1248">
     <span class='ocr_line' id='line_1_13' title="bbox 322 1163 1912 1248; baseline 0.01 -32"><span class='ocrx_word' id='word_1_73' title='bbox 322 1163 528 1233; x_wconf 84' lang='grc' dir='ltr'><strong>χθέντα</strong></span> <span class='ocrx_word' id='word_1_74' title='bbox 574 1165 652 1236; x_wconf 86' lang='grc' dir='ltr'><strong>τῷ</strong></span> <span class='ocrx_word' id='word_1_75' title='bbox 683 1166 930 1238; x_wconf 64' lang='grc' dir='ltr'><strong>ἀθλητῇῆ</strong></span> <span class='ocrx_word' id='word_1_76' title='bbox 981 1169 1080 1224; x_wconf 75' lang='grc' dir='ltr'><strong>καὶ</strong></span> <span class='ocrx_word' id='word_1_77' title='bbox 1132 1171 1527 1242; x_wconf 76' lang='grc' dir='ltr'><strong>φυλαξάμενον</strong></span> <span class='ocrx_word' id='word_1_78' title='bbox 1578 1179 1652 1248; x_wconf 84' lang='grc' dir='ltr'><strong>μή</strong></span> <span class='ocrx_word' id='word_1_79' title='bbox 1708 1195 1759 1230; x_wconf 87' lang='grc' dir='ltr'><strong>τι</strong></span> <span class='ocrx_word' id='word_1_80' title='bbox 1817 1178 1912 1232; x_wconf 79' lang='grc' dir='ltr'><strong>καὶ</strong></span> 
     </span>
    </p>
   </div>
   <div class='ocr_carea' id='block_1_14' title="bbox 322 1253 1911 1340">
    <p class='ocr_par' dir='ltr' id='par_1_14' title="bbox 322 1253 1911 1340">
     <span class='ocr_line' id='line_1_14' title="bbox 322 1253 1911 1340; baseline 0.009 -32"><span class='ocrx_word' id='word_1_81' title='bbox 322 1253 591 1325; x_wconf 80' lang='grc' dir='ltr'><strong>νεώτερον</strong></span> <span class='ocrx_word' id='word_1_82' title='bbox 646 1259 767 1310; x_wconf 79' lang='grc' dir='ltr'><strong>κατ’</strong></span> <span class='ocrx_word' id='word_1_83' title='bbox 811 1259 980 1313; x_wconf 81' lang='grc' dir='ltr'><strong>αὐτοῦ</strong></span> <span class='ocrx_word' id='word_1_84' title='bbox 1016 1261 1290 1332; x_wconf 70' lang='grc' dir='ltr'><strong>τολμηθῇ,</strong></span> <span class='ocrx_word' id='word_1_85' title='bbox 1332 1265 1428 1317; x_wconf 76' lang='grc' dir='ltr'><strong>καὶ</strong></span> <span class='ocrx_word' id='word_1_86' title='bbox 1482 1266 1642 1319; x_wconf 84' lang='grc' dir='ltr'><strong>τοῦτο</strong></span> <span class='ocrx_word' id='word_1_87' title='bbox 1699 1269 1799 1337; x_wconf 77' lang='grc' dir='ltr'><strong>μὲν</strong></span> <span class='ocrx_word' id='word_1_88' title='bbox 1836 1269 1911 1340; x_wconf 82' lang='grc' dir='ltr'><strong>μὴ</strong></span> 
     </span>
    </p>
   </div>
   <div class='ocr_carea' id='block_1_15' title="bbox 322 1348 1908 1420">
    <p class='ocr_par' dir='ltr' id='par_1_15' title="bbox 322 1348 1908 1420">
     <span class='ocr_line' id='line_1_15' title="bbox 322 1348 1908 1420; baseline 0.009 -20"><span class='ocrx_word' id='word_1_89' title='bbox 322 1348 469 1416; x_wconf 86' lang='grc' dir='ltr'><strong>ἔχων</strong></span> <span class='ocrx_word' id='word_1_90' title='bbox 505 1348 644 1419; x_wconf 77' lang='grc' dir='ltr'><strong>πρὸς</strong></span> <span class='ocrx_word' id='word_1_91' title='bbox 673 1348 775 1416; x_wconf 83' lang='grc' dir='ltr'><strong>τὴν</strong></span> <span class='ocrx_word' id='word_1_92' title='bbox 828 1351 1094 1420; x_wconf 74' lang='grc' dir='ltr'><strong>ἀλήθειαν</strong></span> <span class='ocrx_word' id='word_1_93' title='bbox 1143 1357 1447 1420; x_wconf 82' lang='grc' dir='ltr'><strong>ἀντειπεῖν,</strong></span> <span class='ocrx_word' id='word_1_94' title='bbox 1503 1359 1664 1414; x_wconf 83' lang='grc' dir='ltr'><strong>τοῦτο</strong></span> <span class='ocrx_word' id='word_1_95' title='bbox 1713 1362 1769 1414; x_wconf 74' lang='grc' dir='ltr'><strong>δὲ</strong></span> <span class='ocrx_word' id='word_1_96' title='bbox 1809 1363 1908 1415; x_wconf 80' lang='grc' dir='ltr'><strong>καὶ</strong></span> 
     </span>
    </p>
   </div>
   <div class='ocr_carea' id='block_1_16' title="bbox 324 1437 1913 1521">
    <p class='ocr_par' dir='ltr' id='par_1_16' title="bbox 324 1437 1913 1521">
     <span class='ocr_line' id='line_1_16' title="bbox 324 1437 1913 1521; baseline 0.011 -31"><span class='ocrx_word' id='word_1_97' title='bbox 324 1437 750 1507; x_wconf 75' lang='grc' dir='ltr'><strong>τιμωρήσασθαι</strong></span> <span class='ocrx_word' id='word_1_98' title='bbox 807 1439 1235 1513; x_wconf 74' lang='grc' dir='ltr'><strong>δυσωπούμενος</strong></span> <span class='ocrx_word' id='word_1_99' title='bbox 1282 1447 1377 1500; x_wconf 83' lang='grc' dir='ltr'><strong>τὸν</strong></span> <span class='ocrx_word' id='word_1_100' title='bbox 1430 1447 1576 1504; x_wconf 77' lang='grc' dir='ltr'><strong>οὕτω</strong></span> <span class='ocrx_word' id='word_1_101' title='bbox 1631 1451 1724 1505; x_wconf 79' lang='grc' dir='ltr'><strong>τὸν</strong></span> <span class='ocrx_word' id='word_1_102' title='bbox 1751 1453 1913 1521; x_wconf 84' lang='grc' dir='ltr'><strong>λόγον</strong></span> 
     </span>
    </p>
   </div>
   <div class='ocr_carea' id='block_1_17' title="bbox 324 1528 1913 1606">
    <p class='ocr_par' dir='ltr' id='par_1_17' title="bbox 324 1528 1913 1606">
     <span class='ocr_line' id='line_1_17' title="bbox 324 1528 1913 1606; baseline 0.011 -26"><span class='ocrx_word' id='word_1_103' title='bbox 324 1530 426 1599; x_wconf 85' lang='grc' dir='ltr'><strong>τῆς</strong></span> <span class='ocrx_word' id='word_1_104' title='bbox 455 1528 721 1599; x_wconf 74' lang='grc' dir='ltr'><strong>ἀληθείας</strong></span> <span class='ocrx_word' id='word_1_105' title='bbox 753 1530 1231 1604; x_wconf 79' lang='grc' dir='ltr'><strong>όρθοτομήσαντα,</strong></span> <span class='ocrx_word' id='word_1_106' title='bbox 1261 1537 1337 1601; x_wconf 83' lang='grc' dir='ltr'><strong>ὡς</strong></span> <span class='ocrx_word' id='word_1_107' title='bbox 1371 1541 1584 1603; x_wconf 84' lang='grc' dir='ltr'><strong>πάντας</strong></span> <span class='ocrx_word' id='word_1_108' title='bbox 1625 1543 1754 1606; x_wconf 84' lang='grc' dir='ltr'><strong>τοὺς</strong></span> <span class='ocrx_word' id='word_1_109' title='bbox 1801 1561 1913 1597; x_wconf 88' lang='grc' dir='ltr'><strong>πα-</strong></span> 
     </span>
    </p>
   </div>
   <div class='ocr_carea' id='block_1_18' title="bbox 327 1622 1912 1705">
    <p class='ocr_par' dir='ltr' id='par_1_18' title="bbox 327 1622 1912 1705">
     <span class='ocr_line' id='line_1_18' title="bbox 327 1622 1912 1705; baseline 0.01 -31"><span class='ocrx_word' id='word_1_110' title='bbox 327 1625 528 1693; x_wconf 77' lang='grc' dir='ltr'><strong>ρόντας</strong></span> <span class='ocrx_word' id='word_1_111' title='bbox 579 1622 780 1678; x_wconf 82' lang='grc' dir='ltr'><strong>θέσθαι</strong></span> <span class='ocrx_word' id='word_1_112' title='bbox 822 1630 1207 1695; x_wconf 77' lang='grc' dir='ltr'><strong>καταπειθεῖς,</strong></span> <span class='ocrx_word' id='word_1_113' title='bbox 1252 1632 1448 1701; x_wconf 74' lang='grc' dir='ltr'><strong>μεστὸς</strong></span> <span class='ocrx_word' id='word_1_114' title='bbox 1514 1634 1750 1705; x_wconf 86' lang='grc' dir='ltr'><strong>θορύϐου</strong></span> <span class='ocrx_word' id='word_1_115' title='bbox 1813 1635 1912 1690; x_wconf 80' lang='grc' dir='ltr'><strong>καὶ</strong></span> 
     </span>
    </p>
   </div>
   <div class='ocr_carea' id='block_1_19' title="bbox 324 1716 1912 1794">
    <p class='ocr_par' dir='ltr' id='par_1_19' title="bbox 324 1716 1912 1794">
     <span class='ocr_line' id='line_1_19' title="bbox 324 1716 1912 1794; baseline 0.009 -28"><span class='ocrx_word' id='word_1_116' title='bbox 324 1716 635 1784; x_wconf 73' lang='grc' dir='ltr'><strong>κατηφείας</strong></span> <span class='ocrx_word' id='word_1_117' title='bbox 664 1719 928 1785; x_wconf 84' lang='grc' dir='ltr'><strong>γεγονὼς,</strong></span> <span class='ocrx_word' id='word_1_118' title='bbox 951 1721 1340 1794; x_wconf 79' lang='grc' dir='ltr'><strong>έγκλεισθῆναι</strong></span> <span class='ocrx_word' id='word_1_119' title='bbox 1374 1725 1537 1779; x_wconf 73' lang='grc' dir='ltr'><strong>πάλιν</strong></span> <span class='ocrx_word' id='word_1_120' title='bbox 1566 1727 1778 1781; x_wconf 82' lang='grc' dir='ltr'><strong>κελεύει</strong></span> <span class='ocrx_word' id='word_1_121' title='bbox 1821 1729 1912 1781; x_wconf 78' lang='grc' dir='ltr'><strong>τὸν</strong></span> 
     </span>
    </p>
   </div>
   <div class='ocr_carea' id='block_1_20' title="bbox 326 1809 1908 1890">
    <p class='ocr_par' dir='ltr' id='par_1_20' title="bbox 326 1809 1908 1890">
     <span class='ocr_line' id='line_1_20' title="bbox 326 1809 1908 1890; baseline 0.008 -28"><span class='ocrx_word' id='word_1_122' title='bbox 326 1809 506 1872; x_wconf 59' lang='grc' dir='ltr'><strong>αγιον.</strong></span> <span class='ocrx_word' id='word_1_123' title='bbox 549 1811 775 1883; x_wconf 76' lang='grc' dir='ltr'><strong>’Δνέστη</strong></span> <span class='ocrx_word' id='word_1_124' title='bbox 824 1812 958 1881; x_wconf 81' lang='grc' dir='ltr'><strong>γοῦν</strong></span> <span class='ocrx_word' id='word_1_125' title='bbox 1007 1815 1214 1880; x_wconf 74' lang='grc' dir='ltr'><strong>εὐθέως</strong></span> <span class='ocrx_word' id='word_1_126' title='bbox 1261 1817 1357 1870; x_wconf 77' lang='grc' dir='ltr'><strong>τοῦ</strong></span> <span class='ocrx_word' id='word_1_127' title='bbox 1414 1818 1684 1890; x_wconf 81' lang='grc' dir='ltr'><strong>βήματος,</strong></span> <span class='ocrx_word' id='word_1_128' title='bbox 1721 1823 1816 1873; x_wconf 76' lang='grc' dir='ltr'><strong>καὶ</strong></span> <span class='ocrx_word' id='word_1_129' title='bbox 1848 1823 1908 1875; x_wconf 73' lang='grc' dir='ltr'><strong>τὸ</strong></span> 
     </span>
    </p>
   </div>
   <div class='ocr_carea' id='block_1_21' title="bbox 329 1902 1906 1980">
    <p class='ocr_par' dir='ltr' id='par_1_21' title="bbox 329 1902 1906 1980">
     <span class='ocr_line' id='line_1_21' title="bbox 329 1902 1906 1980; baseline 0.008 -26"><span class='ocrx_word' id='word_1_130' title='bbox 329 1902 563 1970; x_wconf 84' lang='grc' dir='ltr'><strong>θέατρον</strong></span> <span class='ocrx_word' id='word_1_131' title='bbox 615 1904 798 1970; x_wconf 78' lang='grc' dir='ltr'><strong>ἔλυσε,</strong></span> <span class='ocrx_word' id='word_1_132' title='bbox 848 1908 946 1960; x_wconf 77' lang='grc' dir='ltr'><strong>καὶ</strong></span> <span class='ocrx_word' id='word_1_133' title='bbox 1007 1908 1324 1980; x_wconf 75' lang='grc' dir='ltr'><strong>συνεξέρῤει</strong></span> <span class='ocrx_word' id='word_1_134' title='bbox 1382 1910 1478 1966; x_wconf 76' lang='grc' dir='ltr'><strong>τοῦ</strong></span> <span class='ocrx_word' id='word_1_135' title='bbox 1534 1914 1749 1978; x_wconf 81' lang='grc' dir='ltr'><strong>ἀγῶνος</strong></span> <span class='ocrx_word' id='word_1_136' title='bbox 1779 1914 1807 1967; x_wconf 83' lang='grc' dir='ltr'>ὃ</span> <span class='ocrx_word' id='word_1_137' title='bbox 1842 1931 1906 1967; x_wconf 86' lang='grc' dir='ltr'><strong>τε</strong></span> 
     </span>
    </p>
   </div>
   <div class='ocr_carea' id='block_1_22' title="bbox 326 1993 1910 2076">
    <p class='ocr_par' dir='ltr' id='par_1_22' title="bbox 326 1993 1910 2076">
     <span class='ocr_line' id='line_1_22' title="bbox 326 1993 1910 2076; baseline 0.008 -30"><span class='ocrx_word' id='word_1_138' title='bbox 326 1993 500 2063; x_wconf 70' lang='grc' dir='ltr'><strong>δῆμος</strong></span> <span class='ocrx_word' id='word_1_139' title='bbox 532 1995 631 2048; x_wconf 81' lang='grc' dir='ltr'><strong>καὶ</strong></span> <span class='ocrx_word' id='word_1_140' title='bbox 666 1996 814 2050; x_wconf 71' lang='grc' dir='ltr'><strong>ἅπαν</strong></span> <span class='ocrx_word' id='word_1_141' title='bbox 864 1998 927 2050; x_wconf 77' lang='grc' dir='ltr'><strong>τὸ</strong></span> <span class='ocrx_word' id='word_1_142' title='bbox 975 1999 1206 2070; x_wconf 78' lang='grc' dir='ltr'><strong>θέατρον</strong></span> <span class='ocrx_word' id='word_1_143' title='bbox 1227 2017 1243 2032; x_wconf 89' lang='grc'><strong>·</strong></span> <span class='ocrx_word' id='word_1_144' title='bbox 1275 2003 1369 2056; x_wconf 76' lang='grc' dir='ltr'><strong>καὶ</strong></span> <span class='ocrx_word' id='word_1_145' title='bbox 1401 2003 1566 2074; x_wconf 81' lang='grc' dir='ltr'><strong>θροῦς</strong></span> <span class='ocrx_word' id='word_1_146' title='bbox 1617 2022 1704 2066; x_wconf 89' lang='grc' dir='ltr'><strong>τις</strong></span> <span class='ocrx_word' id='word_1_147' title='bbox 1757 2001 1825 2076; x_wconf 80' lang='grc' dir='ltr'><strong>ἦν</strong></span> <span class='ocrx_word' id='word_1_148' title='bbox 1851 2005 1910 2073; x_wconf 80' lang='grc' dir='ltr'><strong>ιε</strong></span> 
     </span>
    </p>
   </div>
   <div class='ocr_carea' id='block_1_23' title="bbox 331 2084 1908 2167">
    <p class='ocr_par' dir='ltr' id='par_1_23' title="bbox 331 2084 1908 2167">
     <span class='ocr_line' id='line_1_23' title="bbox 331 2084 1908 2167; baseline 0.008 -29"><span class='ocrx_word' id='word_1_149' title='bbox 331 2084 597 2138; x_wconf 78' lang='grc' dir='ltr'><strong>ἁπάντων</strong></span> <span class='ocrx_word' id='word_1_150' title='bbox 655 2086 1054 2158; x_wconf 76' lang='grc' dir='ltr'><strong>δι’,εύφημίας</strong></span> <span class='ocrx_word' id='word_1_151' title='bbox 1091 2093 1437 2163; x_wconf 81' lang='grc' dir='ltr'><strong>ποιουμένων</strong></span> <span class='ocrx_word' id='word_1_152' title='bbox 1484 2095 1577 2150; x_wconf 81' lang='grc' dir='ltr'><strong>τὸν</strong></span> <span class='ocrx_word' id='word_1_153' title='bbox 1628 2097 1908 2167; x_wconf 84' lang='grc' dir='ltr'><strong>μάρτυρα.</strong></span> 
     </span>
    </p>
   </div>
   <div class='ocr_carea' id='block_1_24' title="bbox 342 2172 1912 2257">
    <p class='ocr_par' dir='ltr' id='par_1_24' title="bbox 342 2172 1912 2257">
     <span class='ocr_line' id='line_1_24' title="bbox 342 2172 1912 2257; baseline 0.008 -27"><span class='ocrx_word' id='word_1_154' title='bbox 342 2175 403 2230; x_wconf 85' lang='grc' dir='ltr'>ὀ</span> <span class='ocrx_word' id='word_1_155' title='bbox 434 2175 538 2246; x_wconf 67' lang='grc' dir='ltr'><strong>μιν</strong></span> <span class='ocrx_word' id='word_1_156' title='bbox 568 2172 665 2230; x_wconf 81' lang='grc' dir='ltr'><strong>οὖν</strong></span> <span class='ocrx_word' id='word_1_157' title='bbox 711 2177 870 2247; x_wconf 70' lang='grc' dir='ltr'><strong>ἅγιος</strong></span> <span class='ocrx_word' id='word_1_158' title='bbox 919 2182 1334 2238; x_wconf 72' lang='grc' dir='ltr'><strong>ἔνεκέκλειστοο</strong></span> <span class='ocrx_word' id='word_1_159' title='bbox 1393 2185 1494 2257; x_wconf 76' lang='grc' dir='ltr'><strong>τὴν</strong></span> <span class='ocrx_word' id='word_1_160' title='bbox 1541 2187 1599 2241; x_wconf 68' lang='grc' dir='ltr'><strong>δὲ</strong></span> <span class='ocrx_word' id='word_1_161' title='bbox 1654 2188 1912 2256; x_wconf 87' lang='grc' dir='ltr'><strong>γλῶσσαν</strong></span> 
     </span>
    </p>
   </div>
   <div class='ocr_carea' id='block_1_25' title="bbox 326 2266 1912 2351">
    <p class='ocr_par' dir='ltr' id='par_1_25' title="bbox 326 2266 1912 2351">
     <span class='ocr_line' id='line_1_25' title="bbox 326 2266 1912 2351; baseline 0.009 -31"><span class='ocrx_word' id='word_1_162' title='bbox 326 2269 449 2322; x_wconf 76' lang='grc' dir='ltr'><strong>ούδέ</strong></span> <span class='ocrx_word' id='word_1_163' title='bbox 471 2269 650 2333; x_wconf 78' lang='grc' dir='ltr'><strong>οὕτως</strong></span> <span class='ocrx_word' id='word_1_164' title='bbox 673 2266 787 2341; x_wconf 74' lang='grc' dir='ltr'><strong>εἶχε</strong></span> <span class='ocrx_word' id='word_1_165' title='bbox 814 2273 1059 2340; x_wconf 79' lang='grc' dir='ltr'><strong>σιγῶσαν</strong></span> <span class='ocrx_word' id='word_1_166' title='bbox 1084 2276 1178 2329; x_wconf 76' lang='grc' dir='ltr'><strong>καὶ</strong></span> <span class='ocrx_word' id='word_1_167' title='bbox 1211 2277 1322 2329; x_wconf 84' lang='grc' dir='ltr'><strong>τῶν</strong></span> <span class='ocrx_word' id='word_1_168' title='bbox 1349 2278 1430 2341; x_wconf 85' lang='grc' dir='ltr'><strong>εἰς</strong></span> <span class='ocrx_word' id='word_1_169' title='bbox 1447 2279 1689 2349; x_wconf 79' lang='grc' dir='ltr'><strong>Χριστοῦ</strong></span> <span class='ocrx_word' id='word_1_170' title='bbox 1723 2281 1912 2351; x_wconf 80' lang='grc' dir='ltr'><strong>ὓμνων</strong></span> 
     </span>
    </p>
   </div>
   <div class='ocr_carea' id='block_1_26' title="bbox 327 2359 1909 2442">
    <p class='ocr_par' dir='ltr' id='par_1_26' title="bbox 327 2359 1909 2442">
     <span class='ocr_line' id='line_1_26' title="bbox 327 2359 1909 2442; baseline 0.01 -32"><span class='ocrx_word' id='word_1_171' title='bbox 327 2359 718 2430; x_wconf 75' lang='grc' dir='ltr'><strong>ἀπεχομένηνο</strong></span> <span class='ocrx_word' id='word_1_172' title='bbox 754 2361 956 2430; x_wconf 80' lang='grc' dir='ltr'><strong>ἔψαλλε</strong></span> <span class='ocrx_word' id='word_1_173' title='bbox 986 2363 1096 2434; x_wconf 83' lang='grc' dir='ltr'><strong>γάρ</strong></span> <span class='ocrx_word' id='word_1_174' title='bbox 1117 2380 1131 2394; x_wconf 74' lang='grc'><strong>⁸</strong></span> <span class='ocrx_word' id='word_1_175' title='bbox 1174 2382 1194 2418; x_wconf 81' lang='grc' dir='ltr'><strong>ι</strong></span> <span class='ocrx_word' id='word_1_176' title='bbox 1226 2366 1477 2432; x_wconf 81' lang='grc' dir='ltr'><strong>Ἔσωσας</strong></span> <span class='ocrx_word' id='word_1_177' title='bbox 1504 2372 1676 2439; x_wconf 72' lang='grc' dir='ltr'><strong>ἡμᾶς,</strong></span> <span class='ocrx_word' id='word_1_178' title='bbox 1713 2371 1909 2442; x_wconf 86' lang='grc' dir='ltr'><strong>Κύριε,</strong></span> 
     </span>
    </p>
   </div>
   <div class='ocr_carea' id='block_1_27' title="bbox 326 2452 1910 2536">
    <p class='ocr_par' dir='ltr' id='par_1_27' title="bbox 326 2452 1910 2536">
     <span class='ocr_line' id='line_1_27' title="bbox 326 2452 1910 2536; baseline 0.009 -30"><span class='ocrx_word' id='word_1_179' title='bbox 326 2452 391 2506; x_wconf 66' lang='grc' dir='ltr'><strong>ἔτι</strong></span> <span class='ocrx_word' id='word_1_180' title='bbox 437 2453 548 2506; x_wconf 88' lang='grc' dir='ltr'><strong>τῶν</strong></span> <span class='ocrx_word' id='word_1_181' title='bbox 579 2452 876 2507; x_wconf 86' lang='grc' dir='ltr'><strong>θλιϐόντων</strong></span> <span class='ocrx_word' id='word_1_182' title='bbox 927 2458 1096 2526; x_wconf 74' lang='grc' dir='ltr'><strong>ἡμᾶς,</strong></span> <span class='ocrx_word' id='word_1_183' title='bbox 1157 2459 1248 2510; x_wconf 82' lang='grc' dir='ltr'><strong>καὶ</strong></span> <span class='ocrx_word' id='word_1_184' title='bbox 1271 2459 1400 2523; x_wconf 80' lang='grc' dir='ltr'><strong>τοὺς</strong></span> <span class='ocrx_word' id='word_1_185' title='bbox 1437 2461 1740 2530; x_wconf 81' lang='grc' dir='ltr'><strong>μισοῦντας</strong></span> <span class='ocrx_word' id='word_1_186' title='bbox 1762 2465 1910 2536; x_wconf 73' lang='grc' dir='ltr'><strong>ἡμᾶς</strong></span> 
     </span>
    </p>
   </div>
   <div class='ocr_carea' id='block_1_28' title="bbox 327 2544 1912 2628">
    <p class='ocr_par' dir='ltr' id='par_1_28' title="bbox 327 2544 1912 2628">
     <span class='ocr_line' id='line_1_28' title="bbox 327 2544 1912 2628; baseline 0.011 -33"><span class='ocrx_word' id='word_1_187' title='bbox 327 2544 700 2616; x_wconf 72' lang='grc' dir='ltr'><strong>κατῄσχυνας.</strong></span> <span class='ocrx_word' id='word_1_188' title='bbox 759 2547 1020 2612; x_wconf 73' lang='grc' dir='ltr'><strong>Ἦνοιξις</strong></span> <span class='ocrx_word' id='word_1_189' title='bbox 1075 2551 1134 2602; x_wconf 72' lang='grc' dir='ltr'><strong>έν</strong></span> <span class='ocrx_word' id='word_1_190' title='bbox 1183 2551 1534 2621; x_wconf 86' lang='grc' dir='ltr'><strong>παραϐολαῖς</strong></span> <span class='ocrx_word' id='word_1_191' title='bbox 1589 2555 1658 2608; x_wconf 75' lang='grc' dir='ltr'><strong>τὲ</strong></span> <span class='ocrx_word' id='word_1_192' title='bbox 1733 2557 1912 2628; x_wconf 85' lang='grc' dir='ltr'><strong>στόμα</strong></span> 
     </span>
    </p>
   </div>
   <div class='ocr_carea' id='block_1_29' title="bbox 329 2636 1907 2719">
    <p class='ocr_par' dir='ltr' id='par_1_29' title="bbox 329 2636 1907 2719">
     <span class='ocr_line' id='line_1_29' title="bbox 329 2636 1907 2719; baseline 0.008 -30"><span class='ocrx_word' id='word_1_193' title='bbox 329 2636 512 2708; x_wconf 70' lang='grc' dir='ltr'><strong>ἡμῶν,</strong></span> <span class='ocrx_word' id='word_1_194' title='bbox 563 2639 663 2691; x_wconf 75' lang='grc' dir='ltr'><strong>καὶ</strong></span> <span class='ocrx_word' id='word_1_195' title='bbox 702 2639 1092 2712; x_wconf 64' lang='grc' dir='ltr'><strong>ἔφθεγξάμεθα</strong></span> <span class='ocrx_word' id='word_1_196' title='bbox 1147 2641 1516 2715; x_wconf 86' lang='grc' dir='ltr'><strong>προϐλήματα</strong></span> <span class='ocrx_word' id='word_1_197' title='bbox 1560 2647 1842 2719; x_wconf 77' lang='grc' dir='ltr'><strong>ἀπαρχῆς.</strong></span> <span class='ocrx_word' id='word_1_198' title='bbox 1887 2667 1907 2702; x_wconf 71' lang='grc' dir='ltr'><strong>ι</strong></span> 
     </span>
    </p>
   </div>
   <div class='ocr_carea' id='block_1_30' title="bbox 399 2772 1912 2854">
    <p class='ocr_par' dir='ltr' id='par_1_30' title="bbox 399 2772 1912 2854">
     <span class='ocr_line' id='line_1_30' title="bbox 399 2772 1912 2854; baseline 0.007 -26"><span class='ocrx_word' id='word_1_199' title='bbox 399 2772 506 2828; x_wconf 82' lang='lat' dir='ltr'><strong>lB’.</strong></span> <span class='ocrx_word' id='word_1_200' title='bbox 558 2776 622 2829; x_wconf 88' lang='grc' dir='ltr'><strong>Ὀ</strong></span> <span class='ocrx_word' id='word_1_201' title='bbox 661 2772 850 2845; x_wconf 69' lang='grc' dir='ltr'><strong>μέντοι</strong></span> <span class='ocrx_word' id='word_1_202' title='bbox 886 2778 1152 2850; x_wconf 83' lang='grc' dir='ltr'><strong>ἔπαρχος,</strong></span> <span class='ocrx_word' id='word_1_203' title='bbox 1180 2779 1545 2852; x_wconf 81' lang='grc' dir='ltr'><strong>λογισάμενος</strong></span> <span class='ocrx_word' id='word_1_204' title='bbox 1575 2785 1774 2837; x_wconf 78' lang='grc' dir='ltr'><strong>ὁπόσον</strong></span> <span class='ocrx_word' id='word_1_205' title='bbox 1807 2784 1912 2854; x_wconf 69' lang='grc' dir='ltr'><strong>μὲν</strong></span> 
     </span>
    </p>
   </div>
   <div class='ocr_carea' id='block_1_31' title="bbox 333 2866 1911 2953">
    <p class='ocr_par' dir='ltr' id='par_1_31' title="bbox 333 2866 1911 2953">
     <span class='ocr_line' id='line_1_31' title="bbox 333 2866 1911 2953; baseline 0.007 -31"><span class='ocrx_word' id='word_1_206' title='bbox 333 2870 397 2945; x_wconf 84' lang='grc' dir='ltr'><strong>ἔκ</strong></span> <span class='ocrx_word' id='word_1_207' title='bbox 423 2866 657 2942; x_wconf 81' lang='grc' dir='ltr'><strong>πρώτης</strong></span> <span class='ocrx_word' id='word_1_208' title='bbox 688 2872 886 2942; x_wconf 86' lang='grc' dir='ltr'><strong>πείρας</strong></span> <span class='ocrx_word' id='word_1_209' title='bbox 912 2873 945 2944; x_wconf 72' lang='grc' dir='ltr'><strong>ἡ</strong></span> <span class='ocrx_word' id='word_1_210' title='bbox 983 2873 1140 2938; x_wconf 88' lang='grc' dir='ltr'><strong>πόλις</strong></span> <span class='ocrx_word' id='word_1_211' title='bbox 1173 2874 1427 2942; x_wconf 84' lang='grc' dir='ltr'><strong>κατέγνω</strong></span> <span class='ocrx_word' id='word_1_212' title='bbox 1471 2875 1680 2953; x_wconf 37' lang='grc' dir='ltr'><strong>αύτοῦη</strong></span> <span class='ocrx_word' id='word_1_213' title='bbox 1705 2877 1911 2933; x_wconf 82' lang='grc' dir='ltr'><strong>ὁπόσον</strong></span> 
     </span>
    </p>
   </div>
   <div class='ocr_carea' id='block_1_32' title="bbox 324 2959 1913 3040">
    <p class='ocr_par' dir='ltr' id='par_1_32' title="bbox 324 2959 1913 3040">
     <span class='ocr_line' id='line_1_32' title="bbox 324 2959 1913 3040; baseline 0.006 -26"><span class='ocrx_word' id='word_1_214' title='bbox 324 2959 380 3014; x_wconf 77' lang='grc' dir='ltr'><strong>δι</strong></span> <span class='ocrx_word' id='word_1_215' title='bbox 414 2962 834 3032; x_wconf 83' lang='grc' dir='ltr'><strong>καταγνώσεται</strong></span> <span class='ocrx_word' id='word_1_216' title='bbox 893 2961 1083 3034; x_wconf 80' lang='grc' dir='ltr'><strong>μαθὼν</strong></span> <span class='ocrx_word' id='word_1_217' title='bbox 1137 2965 1235 3018; x_wconf 80' lang='grc' dir='ltr'><strong>καὶ</strong></span> <span class='ocrx_word' id='word_1_218' title='bbox 1264 2966 1293 3018; x_wconf 83' lang='grc' dir='ltr'><strong>ό</strong></span> <span class='ocrx_word' id='word_1_219' title='bbox 1337 2965 1615 3036; x_wconf 81' lang='grc' dir='ltr'><strong>βασιλεὺς,</strong></span> <span class='ocrx_word' id='word_1_220' title='bbox 1665 2969 1760 3021; x_wconf 76' lang='grc' dir='ltr'><strong>καὶ</strong></span> <span class='ocrx_word' id='word_1_221' title='bbox 1788 2986 1913 3040; x_wconf 80' lang='grc' dir='ltr'><strong>σχε-</strong></span> 
     </span>
    </p>
   </div>
   <div class='ocr_carea' id='block_1_33' title="bbox 325 3054 1908 3133">
    <p class='ocr_par' dir='ltr' id='par_1_33' title="bbox 325 3054 1908 3133">
     <span class='ocr_line' id='line_1_33' title="bbox 325 3054 1908 3133; baseline 0.008 -27"><span class='ocrx_word' id='word_1_222' title='bbox 325 3054 558 3118; x_wconf 85' lang='grc' dir='ltr'><strong>τλιάσας</strong></span> <span class='ocrx_word' id='word_1_223' title='bbox 585 3055 648 3107; x_wconf 85' lang='grc' dir='ltr'><strong>οὐ</strong></span> <span class='ocrx_word' id='word_1_224' title='bbox 682 3056 899 3126; x_wconf 83' lang='grc' dir='ltr'><strong>μικρῶς</strong></span> <span class='ocrx_word' id='word_1_225' title='bbox 927 3055 1014 3110; x_wconf 83' lang='grc' dir='ltr'><strong>διὰ</strong></span> <span class='ocrx_word' id='word_1_226' title='bbox 1055 3057 1255 3123; x_wconf 78' lang='grc' dir='ltr'><strong>ταῦτα,</strong></span> <span class='ocrx_word' id='word_1_227' title='bbox 1308 3057 1495 3128; x_wconf 80' lang='grc' dir='ltr'><strong>σχεδὸν</strong></span> <span class='ocrx_word' id='word_1_228' title='bbox 1529 3061 1788 3126; x_wconf 82' lang='grc' dir='ltr'><strong>ἀπόσιτος</strong></span> <span class='ocrx_word' id='word_1_229' title='bbox 1817 3060 1908 3133; x_wconf 81' lang='grc' dir='ltr'><strong>ἦν.</strong></span> 
     </span>
    </p>
   </div>
   <div class='ocr_carea' id='block_1_34' title="bbox 2009 541 3592 622">
    <p class='ocr_par' dir='ltr' id='par_1_34' title="bbox 2009 541 3592 622">
     <span class='ocr_line' id='line_1_34' title="bbox 2009 541 3592 622; baseline 0.011 -27"><span class='ocrx_word' id='word_1_230' title='bbox 2009 541 2230 598; x_wconf 84' lang='lat' dir='ltr'><strong>Nullum</strong></span> <span class='ocrx_word' id='word_1_231' title='bbox 2266 549 2437 618; x_wconf 89' lang='lat' dir='ltr'><strong>serpit</strong></span> <span class='ocrx_word' id='word_1_232' title='bbox 2471 553 2847 617; x_wconf 77' lang='lat' dir='ltr'><strong>mendacium,</strong></span> <span class='ocrx_word' id='word_1_233' title='bbox 2880 567 3060 622; x_wconf 87' lang='lat' dir='ltr'><strong>neque</strong></span> <span class='ocrx_word' id='word_1_234' title='bbox 3089 553 3196 609; x_wconf 88' lang='lat' dir='ltr'><strong>ulla</strong></span> <span class='ocrx_word' id='word_1_235' title='bbox 3233 554 3383 611; x_wconf 79' lang='lat' dir='ltr'><strong>fraus</strong></span> <span class='ocrx_word' id='word_1_236' title='bbox 3400 557 3592 612; x_wconf 85' lang='lat' dir='ltr'><strong>subest</strong></span> 
     </span>
    </p>
   </div>
   <div class='ocr_carea' id='block_1_35' title="bbox 2011 633 3592 719">
    <p class='ocr_par' dir='ltr' id='par_1_35' title="bbox 2011 633 3592 719">
     <span class='ocr_line' id='line_1_35' title="bbox 2011 633 3592 719; baseline 0.009 -31"><span class='ocrx_word' id='word_1_237' title='bbox 2011 633 2067 688; x_wconf 93' lang='lat' dir='ltr'><strong>in</strong></span> <span class='ocrx_word' id='word_1_238' title='bbox 2101 636 2169 692; x_wconf 87' lang='lat' dir='ltr'><strong>iis</strong></span> <span class='ocrx_word' id='word_1_239' title='bbox 2197 653 2321 706; x_wconf 68' lang='lat' dir='ltr'><strong>quae</strong></span> <span class='ocrx_word' id='word_1_240' title='bbox 2348 640 2416 694; x_wconf 90' lang='lat' dir='ltr'><strong>ab</strong></span> <span class='ocrx_word' id='word_1_241' title='bbox 2447 641 2567 711; x_wconf 89' lang='lat' dir='ltr'><strong>ipso</strong></span> <span class='ocrx_word' id='word_1_242' title='bbox 2602 641 2741 697; x_wconf 82' lang='lat' dir='ltr'><strong>ﬁunt</strong></span> <span class='ocrx_word' id='word_1_243' title='bbox 2774 663 2788 698; x_wconf 90' lang='lat'><strong>:</strong></span> <span class='ocrx_word' id='word_1_244' title='bbox 2825 646 3183 716; x_wconf 86' lang='lat' dir='ltr'><strong>cognovisses</strong></span> <span class='ocrx_word' id='word_1_245' title='bbox 3223 645 3341 717; x_wconf 88' lang='lat' dir='ltr'><strong>ipse</strong></span> <span class='ocrx_word' id='word_1_246' title='bbox 3371 662 3592 719; x_wconf 82' lang='lat' dir='ltr'><strong>quoque</strong></span> 
     </span>
    </p>
   </div>
   <div class='ocr_carea' id='block_1_36' title="bbox 2012 727 3592 810">
    <p class='ocr_par' dir='ltr' id='par_1_36' title="bbox 2012 727 3592 810">
     <span class='ocr_line' id='line_1_36' title="bbox 2012 727 3592 810; baseline 0.009 -29"><span class='ocrx_word' id='word_1_247' title='bbox 2012 727 2326 788; x_wconf 76' lang='lat' dir='ltr'><strong>veritatem.</strong></span> <span class='ocrx_word' id='word_1_248' title='bbox 2359 733 2404 786; x_wconf 88' lang='lat' dir='ltr'><strong>si</strong></span> <span class='ocrx_word' id='word_1_249' title='bbox 2437 735 2600 788; x_wconf 81' lang='lat' dir='ltr'><strong>simul</strong></span> <span class='ocrx_word' id='word_1_250' title='bbox 2633 735 2927 803; x_wconf 80' lang='lat' dir='ltr'><strong>adfuisses,</strong></span> <span class='ocrx_word' id='word_1_251' title='bbox 2957 747 3014 792; x_wconf 91' lang='lat' dir='ltr'><strong>et</strong></span> <span class='ocrx_word' id='word_1_252' title='bbox 3047 738 3193 806; x_wconf 86' lang='lat' dir='ltr'><strong>quod</strong></span> <span class='ocrx_word' id='word_1_253' title='bbox 3233 753 3340 794; x_wconf 90' lang='lat' dir='ltr'><strong>non</strong></span> <span class='ocrx_word' id='word_1_254' title='bbox 3373 747 3592 810; x_wconf 86' lang='lat' dir='ltr'><strong>oportet</strong></span> 
     </span>
    </p>
   </div>
   <div class='ocr_carea' id='block_1_37' title="bbox 2011 821 3591 903">
    <p class='ocr_par' dir='ltr' id='par_1_37' title="bbox 2011 821 3591 903">
     <span class='ocr_line' id='line_1_37' title="bbox 2011 821 3591 903; baseline 0.008 -29"><span class='ocrx_word' id='word_1_255' title='bbox 2011 821 2183 876; x_wconf 86' lang='lat' dir='ltr'><strong>alium</strong></span> <span class='ocrx_word' id='word_1_256' title='bbox 2237 824 2559 880; x_wconf 84' lang='lat' dir='ltr'><strong>existimare</strong></span> <span class='ocrx_word' id='word_1_257' title='bbox 2601 836 2658 881; x_wconf 91' lang='lat' dir='ltr'><strong>et</strong></span> <span class='ocrx_word' id='word_1_258' title='bbox 2716 828 2948 885; x_wconf 88' lang='lat' dir='ltr'><strong>adorare</strong></span> <span class='ocrx_word' id='word_1_259' title='bbox 3009 830 3204 896; x_wconf 85' lang='lat' dir='ltr'><strong>Deum,</strong></span> <span class='ocrx_word' id='word_1_260' title='bbox 3259 846 3420 902; x_wconf 86' lang='lat' dir='ltr'><strong>quam</strong></span> <span class='ocrx_word' id='word_1_261' title='bbox 3471 832 3591 903; x_wconf 70' lang='lat' dir='ltr'><strong>eius</strong></span> 
     </span>
    </p>
   </div>
   <div class='ocr_carea' id='block_1_38' title="bbox 2012 914 3590 990">
    <p class='ocr_par' dir='ltr' id='par_1_38' title="bbox 2012 914 3590 990">
     <span class='ocr_line' id='line_1_38' title="bbox 2012 914 3590 990; baseline 0.004 -21"><span class='ocrx_word' id='word_1_262' title='bbox 2012 914 2209 969; x_wconf 86' lang='lat' dir='ltr'><strong>Deum.</strong></span> <span class='ocrx_word' id='word_1_263' title='bbox 2243 916 2540 972; x_wconf 84' lang='lat' dir='ltr'><strong>Reveritus</strong></span> <span class='ocrx_word' id='word_1_264' title='bbox 2569 927 2752 973; x_wconf 88' lang='lat' dir='ltr'><strong>autem</strong></span> <span class='ocrx_word' id='word_1_265' title='bbox 2796 920 3093 990; x_wconf 65' lang='lat' dir='ltr'><strong>praefectus</strong></span> <span class='ocrx_word' id='word_1_266' title='bbox 3128 921 3370 977; x_wconf 77' lang='lat' dir='ltr'><strong>civitatis</strong></span> <span class='ocrx_word' id='word_1_267' title='bbox 3415 922 3590 978; x_wconf 79' lang='lat' dir='ltr'><strong>ﬁden-</strong></span> 
     </span>
    </p>
   </div>
   <div class='ocr_carea' id='block_1_39' title="bbox 2015 1009 3590 1078">
    <p class='ocr_par' dir='ltr' id='par_1_39' title="bbox 2015 1009 3590 1078">
     <span class='ocr_line' id='line_1_39' title="bbox 2015 1009 3590 1078; baseline 0.004 -16"><span class='ocrx_word' id='word_1_268' title='bbox 2015 1009 2168 1071; x_wconf 88' lang='lat' dir='ltr'><strong>tiam,</strong></span> <span class='ocrx_word' id='word_1_269' title='bbox 2216 1018 2272 1062; x_wconf 89' lang='lat' dir='ltr'><strong>et</strong></span> <span class='ocrx_word' id='word_1_270' title='bbox 2306 1010 2567 1078; x_wconf 88' lang='lat' dir='ltr'><strong>loquendi</strong></span> <span class='ocrx_word' id='word_1_271' title='bbox 2622 1010 2958 1078; x_wconf 81' lang='lat' dir='ltr'><strong>libertatem,</strong></span> <span class='ocrx_word' id='word_1_272' title='bbox 3009 1022 3068 1069; x_wconf 90' lang='lat' dir='ltr'><strong>et</strong></span> <span class='ocrx_word' id='word_1_273' title='bbox 3127 1013 3322 1070; x_wconf 89' lang='lat' dir='ltr'><strong>videns</strong></span> <span class='ocrx_word' id='word_1_274' title='bbox 3370 1030 3590 1069; x_wconf 88' lang='lat' dir='ltr'><strong>omnem</strong></span> 
     </span>
    </p>
   </div>
   <div class='ocr_carea' id='block_1_40' title="bbox 2013 1099 3592 1174">
    <p class='ocr_par' dir='ltr' id='par_1_40' title="bbox 2013 1099 3592 1174">
     <span class='ocr_line' id='line_1_40' title="bbox 2013 1099 3592 1174; baseline 0.006 -20"><span class='ocrx_word' id='word_1_275' title='bbox 2013 1099 2128 1155; x_wconf 80' lang='lat' dir='ltr'><strong>fere</strong></span> <span class='ocrx_word' id='word_1_276' title='bbox 2190 1101 2455 1171; x_wconf 89' lang='lat' dir='ltr'><strong>populum</strong></span> <span class='ocrx_word' id='word_1_277' title='bbox 2503 1103 2569 1156; x_wconf 91' lang='lat' dir='ltr'><strong>ad</strong></span> <span class='ocrx_word' id='word_1_278' title='bbox 2618 1103 2896 1159; x_wconf 83' lang='lat' dir='ltr'><strong>Christum</strong></span> <span class='ocrx_word' id='word_1_279' title='bbox 2939 1105 3267 1174; x_wconf 86' lang='lat' dir='ltr'><strong>declinasse,</strong></span> <span class='ocrx_word' id='word_1_280' title='bbox 3319 1117 3377 1162; x_wconf 90' lang='lat' dir='ltr'><strong>et</strong></span> <span class='ocrx_word' id='word_1_281' title='bbox 3427 1107 3592 1164; x_wconf 79' lang='lat' dir='ltr'><strong>ivisse</strong></span> 
     </span>
    </p>
   </div>
   <div class='ocr_carea' id='block_1_41' title="bbox 2015 1189 3592 1267">
    <p class='ocr_par' dir='ltr' id='par_1_41' title="bbox 2015 1189 3592 1267">
     <span class='ocr_line' id='line_1_41' title="bbox 2015 1189 3592 1267; baseline 0.005 -23"><span class='ocrx_word' id='word_1_282' title='bbox 2015 1189 2071 1244; x_wconf 86' lang='lat' dir='ltr'><strong>in</strong></span> <span class='ocrx_word' id='word_1_283' title='bbox 2106 1191 2328 1245; x_wconf 57' lang='lat' dir='ltr'><strong>athleta!</strong></span> <span class='ocrx_word' id='word_1_284' title='bbox 2357 1194 2714 1256; x_wconf 70' lang='lat' dir='ltr'><strong>sententiam.</strong></span> <span class='ocrx_word' id='word_1_285' title='bbox 2751 1204 2807 1250; x_wconf 93' lang='lat' dir='ltr'><strong>ct</strong></span> <span class='ocrx_word' id='word_1_286' title='bbox 2837 1211 3081 1259; x_wconf 87' lang='lat' dir='ltr'><strong>servare.</strong></span> <span class='ocrx_word' id='word_1_287' title='bbox 3120 1213 3187 1252; x_wconf 93' lang='lat' dir='ltr'><strong>ne</strong></span> <span class='ocrx_word' id='word_1_288' title='bbox 3209 1197 3340 1267; x_wconf 87' lang='lat' dir='ltr'><strong>quid</strong></span> <span class='ocrx_word' id='word_1_289' title='bbox 3377 1196 3504 1252; x_wconf 79' lang='lat' dir='ltr'><strong>novi</strong></span> <span class='ocrx_word' id='word_1_290' title='bbox 3536 1198 3592 1252; x_wconf 89' lang='lat' dir='ltr'><strong>in</strong></span> 
     </span>
    </p>
   </div>
   <div class='ocr_carea' id='block_1_42' title="bbox 2016 1279 3598 1357">
    <p class='ocr_par' dir='ltr' id='par_1_42' title="bbox 2016 1279 3598 1357">
     <span class='ocr_line' id='line_1_42' title="bbox 2016 1279 3598 1357; baseline 0.005 -23"><span class='ocrx_word' id='word_1_291' title='bbox 2016 1279 2072 1334; x_wconf 91' lang='lat' dir='ltr'><strong>in</strong></span> <span class='ocrx_word' id='word_1_292' title='bbox 2105 1296 2232 1335; x_wconf 91' lang='lat' dir='ltr'><strong>eum</strong></span> <span class='ocrx_word' id='word_1_293' title='bbox 2267 1283 2543 1337; x_wconf 85' lang='lat' dir='ltr'><strong>audeatur</strong></span> <span class='ocrx_word' id='word_1_294' title='bbox 2577 1297 2672 1340; x_wconf 90' lang='lat' dir='ltr'><strong>:et</strong></span> <span class='ocrx_word' id='word_1_295' title='bbox 2720 1287 2918 1356; x_wconf 87' lang='lat' dir='ltr'><strong>partim</strong></span> <span class='ocrx_word' id='word_1_296' title='bbox 2966 1288 3192 1357; x_wconf 86' lang='lat' dir='ltr'><strong>quidem</strong></span> <span class='ocrx_word' id='word_1_297' title='bbox 3245 1303 3354 1342; x_wconf 93' lang='lat' dir='ltr'><strong>non</strong></span> <span class='ocrx_word' id='word_1_298' title='bbox 3402 1298 3598 1354; x_wconf 88' lang='lat' dir='ltr'><strong>potens</strong></span> 
     </span>
    </p>
   </div>
   <div class='ocr_carea' id='block_1_43' title="bbox 2014 1370 3596 1447">
    <p class='ocr_par' dir='ltr' id='par_1_43' title="bbox 2014 1370 3596 1447">
     <span class='ocr_line' id='line_1_43' title="bbox 2014 1370 3596 1447; baseline 0.005 -23"><span class='ocrx_word' id='word_1_299' title='bbox 2014 1370 2204 1426; x_wconf 89' lang='lat' dir='ltr'><strong>dicere</strong></span> <span class='ocrx_word' id='word_1_300' title='bbox 2239 1381 2433 1426; x_wconf 87' lang='lat' dir='ltr'><strong>contra</strong></span> <span class='ocrx_word' id='word_1_301' title='bbox 2473 1376 2786 1439; x_wconf 82' lang='lat' dir='ltr'><strong>veritatem,</strong></span> <span class='ocrx_word' id='word_1_302' title='bbox 2822 1378 3022 1447; x_wconf 85' lang='lat' dir='ltr'><strong>partim</strong></span> <span class='ocrx_word' id='word_1_303' title='bbox 3070 1393 3207 1433; x_wconf 88' lang='lat' dir='ltr'><strong>vero</strong></span> <span class='ocrx_word' id='word_1_304' title='bbox 3254 1378 3422 1432; x_wconf 91' lang='lat' dir='ltr'><strong>etiam</strong></span> <span class='ocrx_word' id='word_1_305' title='bbox 3465 1393 3596 1432; x_wconf 84' lang='lat' dir='ltr'><strong>eru-</strong></span> 
     </span>
    </p>
   </div>
   <div class='ocr_carea' id='block_1_44' title="bbox 2015 1461 3595 1539">
    <p class='ocr_par' dir='ltr' id='par_1_44' title="bbox 2015 1461 3595 1539">
     <span class='ocr_line' id='line_1_44' title="bbox 2015 1461 3595 1539; baseline 0.004 -22"><span class='ocrx_word' id='word_1_306' title='bbox 2015 1461 2249 1517; x_wconf 86' lang='lat' dir='ltr'><strong>bescens</strong></span> <span class='ocrx_word' id='word_1_307' title='bbox 2293 1480 2420 1518; x_wconf 92' lang='lat' dir='ltr'><strong>eum</strong></span> <span class='ocrx_word' id='word_1_308' title='bbox 2480 1469 2698 1537; x_wconf 89' lang='lat' dir='ltr'><strong>punire,</strong></span> <span class='ocrx_word' id='word_1_309' title='bbox 2758 1469 2852 1539; x_wconf 87' lang='lat' dir='ltr'><strong>qui</strong></span> <span class='ocrx_word' id='word_1_310' title='bbox 2904 1469 3156 1524; x_wconf 81' lang='lat' dir='ltr'><strong>veritatis</strong></span> <span class='ocrx_word' id='word_1_311' title='bbox 3201 1469 3433 1524; x_wconf 82' lang='lat' dir='ltr'><strong>verbum</strong></span> <span class='ocrx_word' id='word_1_312' title='bbox 3485 1477 3595 1524; x_wconf 88' lang='lat' dir='ltr'><strong>tam</strong></span> 
     </span>
    </p>
   </div>
   <div class='ocr_carea' id='block_1_45' title="bbox 2015 1557 3598 1630">
    <p class='ocr_par' dir='ltr' id='par_1_45' title="bbox 2015 1557 3598 1630">
     <span class='ocr_line' id='line_1_45' title="bbox 2015 1557 3598 1630; baseline 0.003 -23"><span class='ocrx_word' id='word_1_313' title='bbox 2015 1563 2166 1609; x_wconf 88' lang='lat' dir='ltr'><strong>recte</strong></span> <span class='ocrx_word' id='word_1_314' title='bbox 2202 1557 2496 1619; x_wconf 87' lang='lat' dir='ltr'><strong>tractabat,</strong></span> <span class='ocrx_word' id='word_1_315' title='bbox 2533 1569 2594 1612; x_wconf 94' lang='lat' dir='ltr'><strong>ut</strong></span> <span class='ocrx_word' id='word_1_316' title='bbox 2622 1573 2816 1614; x_wconf 81' lang='lat' dir='ltr'><strong>omnes</strong></span> <span class='ocrx_word' id='word_1_317' title='bbox 2844 1559 2939 1628; x_wconf 90' lang='lat' dir='ltr'><strong>qui</strong></span> <span class='ocrx_word' id='word_1_318' title='bbox 2966 1559 3218 1623; x_wconf 88' lang='lat' dir='ltr'><strong>aderant,</strong></span> <span class='ocrx_word' id='word_1_319' title='bbox 3255 1559 3305 1613; x_wconf 91' lang='lat' dir='ltr'><strong>ei</strong></span> <span class='ocrx_word' id='word_1_320' title='bbox 3339 1567 3598 1630; x_wconf 90' lang='lat' dir='ltr'><strong>parerent</strong></span> 
     </span>
    </p>
   </div>
   <div class='ocr_carea' id='block_1_46' title="bbox 2015 1641 3593 1718">
    <p class='ocr_par' dir='ltr' id='par_1_46' title="bbox 2015 1641 3593 1718">
     <span class='ocr_line' id='line_1_46' title="bbox 2015 1641 3593 1718; baseline 0.004 -22"><span class='ocrx_word' id='word_1_321' title='bbox 2015 1649 2073 1696; x_wconf 93' lang='lat' dir='ltr'><strong>et</strong></span> <span class='ocrx_word' id='word_1_322' title='bbox 2127 1641 2459 1710; x_wconf 88' lang='lat' dir='ltr'><strong>crederent,</strong></span> <span class='ocrx_word' id='word_1_323' title='bbox 2517 1647 2936 1716; x_wconf 86' lang='lat' dir='ltr'><strong>perturbatione</strong></span> <span class='ocrx_word' id='word_1_324' title='bbox 2991 1649 3189 1718; x_wconf 79' lang='lat' dir='ltr'><strong>plenus</strong></span> <span class='ocrx_word' id='word_1_325' title='bbox 3239 1657 3297 1702; x_wconf 92' lang='lat' dir='ltr'><strong>et</strong></span> <span class='ocrx_word' id='word_1_326' title='bbox 3347 1647 3593 1712; x_wconf 82' lang='lat' dir='ltr'><strong>tristitia,</strong></span> 
     </span>
    </p>
   </div>
   <div class='ocr_carea' id='block_1_47' title="bbox 1948 1733 3596 1836">
    <p class='ocr_par' dir='ltr' id='par_1_47' title="bbox 1948 1733 3596 1836">
     <span class='ocr_line' id='line_1_47' title="bbox 1948 1733 3596 1836; baseline 0.004 -49"><span class='ocrx_word' id='word_1_327' title='bbox 1948 1733 2172 1836; x_wconf 84' lang='lat' dir='ltr'><strong>Bjubet</strong></span> <span class='ocrx_word' id='word_1_328' title='bbox 2205 1747 2462 1790; x_wconf 88' lang='lat' dir='ltr'><strong>sanctum</strong></span> <span class='ocrx_word' id='word_1_329' title='bbox 2499 1753 2690 1792; x_wconf 88' lang='lat' dir='ltr'><strong>rursus</strong></span> <span class='ocrx_word' id='word_1_330' title='bbox 2728 1738 2956 1794; x_wconf 78' lang='lat' dir='ltr'><strong>includi.</strong></span> <span class='ocrx_word' id='word_1_331' title='bbox 3007 1738 3264 1795; x_wconf 75' lang='lat' dir='ltr'><strong>Surrexit</strong></span> <span class='ocrx_word' id='word_1_332' title='bbox 3297 1753 3432 1811; x_wconf 85' lang='lat' dir='ltr'><strong>ergo</strong></span> <span class='ocrx_word' id='word_1_333' title='bbox 3464 1754 3596 1810; x_wconf 88' lang='lat' dir='ltr'><strong>pro-</strong></span> 
     </span>
    </p>
   </div>
   <div class='ocr_carea' id='block_1_48' title="bbox 2021 1828 3600 1896">
    <p class='ocr_par' dir='ltr' id='par_1_48' title="bbox 2021 1828 3600 1896">
     <span class='ocr_line' id='line_1_48' title="bbox 2021 1828 3600 1896; baseline 0.004 -16"><span class='ocrx_word' id='word_1_334' title='bbox 2021 1829 2172 1882; x_wconf 85' lang='lat' dir='ltr'><strong>tinus</strong></span> <span class='ocrx_word' id='word_1_335' title='bbox 2203 1842 2234 1881; x_wconf 89' lang='lat' dir='ltr'><strong>a</strong></span> <span class='ocrx_word' id='word_1_336' title='bbox 2268 1828 2553 1892; x_wconf 85' lang='lat' dir='ltr'><strong>tribunali.</strong></span> <span class='ocrx_word' id='word_1_337' title='bbox 2585 1840 2642 1885; x_wconf 88' lang='lat' dir='ltr'><strong>et</strong></span> <span class='ocrx_word' id='word_1_338' title='bbox 2669 1829 2883 1885; x_wconf 88' lang='lat' dir='ltr'><strong>dimisit</strong></span> <span class='ocrx_word' id='word_1_339' title='bbox 2919 1830 3225 1896; x_wconf 85' lang='lat' dir='ltr'><strong>theatrum,</strong></span> <span class='ocrx_word' id='word_1_340' title='bbox 3259 1841 3316 1886; x_wconf 93' lang='lat' dir='ltr'><strong>et</strong></span> <span class='ocrx_word' id='word_1_341' title='bbox 3348 1847 3378 1886; x_wconf 90' lang='lat' dir='ltr'><strong>a</strong></span> <span class='ocrx_word' id='word_1_342' title='bbox 3421 1841 3600 1888; x_wconf 54' lang='lat' dir='ltr'><strong>certa.</strong></span> 
     </span>
    </p>
   </div>
   <div class='ocr_carea' id='block_1_49' title="bbox 2015 1920 3598 1992">
    <p class='ocr_par' dir='ltr' id='par_1_49' title="bbox 2015 1920 3598 1992">
     <span class='ocr_line' id='line_1_49' title="bbox 2015 1920 3598 1992; baseline 0.006 -20"><span class='ocrx_word' id='word_1_343' title='bbox 2015 1920 2166 1974; x_wconf 90' lang='lat' dir='ltr'><strong>mine</strong></span> <span class='ocrx_word' id='word_1_344' title='bbox 2206 1921 2368 1974; x_wconf 89' lang='lat' dir='ltr'><strong>simul</strong></span> <span class='ocrx_word' id='word_1_345' title='bbox 2417 1921 2626 1977; x_wconf 82' lang='lat' dir='ltr'><strong>efﬂuxit</strong></span> <span class='ocrx_word' id='word_1_346' title='bbox 2690 1923 2927 1992; x_wconf 84' lang='lat' dir='ltr'><strong>populus</strong></span> <span class='ocrx_word' id='word_1_347' title='bbox 2967 1932 3024 1978; x_wconf 88' lang='lat' dir='ltr'><strong>et</strong></span> <span class='ocrx_word' id='word_1_348' title='bbox 3081 1924 3399 1980; x_wconf 81' lang='lat' dir='ltr'><strong>universum</strong></span> <span class='ocrx_word' id='word_1_349' title='bbox 3444 1925 3598 1980; x_wconf 77' lang='lat' dir='ltr'><strong>thea-</strong></span> 
     </span>
    </p>
   </div>
   <div class='ocr_carea' id='block_1_50' title="bbox 2021 2015 3596 2087">
    <p class='ocr_par' dir='ltr' id='par_1_50' title="bbox 2021 2015 3596 2087">
     <span class='ocr_line' id='line_1_50' title="bbox 2021 2015 3596 2087; baseline 0.004 -21"><span class='ocrx_word' id='word_1_350' title='bbox 2021 2021 2166 2066; x_wconf 87' lang='lat' dir='ltr'><strong>trum</strong></span> <span class='ocrx_word' id='word_1_351' title='bbox 2202 2026 2215 2060; x_wconf 86' lang='lat'>:</span> <span class='ocrx_word' id='word_1_352' title='bbox 2251 2023 2308 2068; x_wconf 92' lang='lat' dir='ltr'><strong>et</strong></span> <span class='ocrx_word' id='word_1_353' title='bbox 2351 2029 2543 2068; x_wconf 89' lang='lat' dir='ltr'><strong>eorum</strong></span> <span class='ocrx_word' id='word_1_354' title='bbox 2599 2015 2847 2070; x_wconf 86' lang='lat' dir='ltr'><strong>omnium</strong></span> <span class='ocrx_word' id='word_1_355' title='bbox 2883 2016 3178 2072; x_wconf 87' lang='lat' dir='ltr'><strong>emanabat</strong></span> <span class='ocrx_word' id='word_1_356' title='bbox 3227 2017 3449 2087; x_wconf 92' lang='lat' dir='ltr'><strong>quidam</strong></span> <span class='ocrx_word' id='word_1_357' title='bbox 3501 2033 3596 2072; x_wconf 87' lang='lat' dir='ltr'><strong>su-</strong></span> 
     </span>
    </p>
   </div>
   <div class='ocr_carea' id='block_1_51' title="bbox 2018 2108 3597 2179">
    <p class='ocr_par' dir='ltr' id='par_1_51' title="bbox 2018 2108 3597 2179">
     <span class='ocr_line' id='line_1_51' title="bbox 2018 2108 3597 2179; baseline 0.003 -21"><span class='ocrx_word' id='word_1_358' title='bbox 2018 2118 2230 2168; x_wconf 81' lang='lat' dir='ltr'><strong>surrus,</strong></span> <span class='ocrx_word' id='word_1_359' title='bbox 2269 2115 2560 2177; x_wconf 80' lang='lat' dir='ltr'><strong>martyrem</strong></span> <span class='ocrx_word' id='word_1_360' title='bbox 2609 2108 2868 2162; x_wconf 83' lang='lat' dir='ltr'><strong>laudibus</strong></span> <span class='ocrx_word' id='word_1_361' title='bbox 2913 2108 3386 2179; x_wconf 83' lang='lat' dir='ltr'><strong>prosequentium.</strong></span> <span class='ocrx_word' id='word_1_362' title='bbox 3417 2108 3597 2178; x_wconf 80' lang='lat' dir='ltr'><strong>Atque</strong></span> 
     </span>
    </p>
   </div>
   <div class='ocr_carea' id='block_1_52' title="bbox 2021 2194 3597 2268">
    <p class='ocr_par' dir='ltr' id='par_1_52' title="bbox 2021 2194 3597 2268">
     <span class='ocr_line' id='line_1_52' title="bbox 2021 2194 3597 2268; baseline 0.004 -21"><span class='ocrx_word' id='word_1_363' title='bbox 2021 2202 2248 2248; x_wconf 88' lang='lat' dir='ltr'><strong>sanctus</strong></span> <span class='ocrx_word' id='word_1_364' title='bbox 2279 2194 2504 2263; x_wconf 86' lang='lat' dir='ltr'><strong>quidem</strong></span> <span class='ocrx_word' id='word_1_365' title='bbox 2534 2205 2652 2250; x_wconf 91' lang='lat' dir='ltr'><strong>erat</strong></span> <span class='ocrx_word' id='word_1_366' title='bbox 2696 2197 2988 2264; x_wconf 84' lang='lat' dir='ltr'><strong>inclusus;</strong></span> <span class='ocrx_word' id='word_1_367' title='bbox 3022 2197 3262 2268; x_wconf 75' lang='lat' dir='ltr'><strong>linguam</strong></span> <span class='ocrx_word' id='word_1_368' title='bbox 3296 2206 3476 2252; x_wconf 90' lang='lat' dir='ltr'><strong>autem</strong></span> <span class='ocrx_word' id='word_1_369' title='bbox 3527 2213 3597 2254; x_wconf 85' lang='lat' dir='ltr'><strong>ne</strong></span> 
     </span>
    </p>
   </div>
   <div class='ocr_carea' id='block_1_53' title="bbox 2022 2281 3594 2360">
    <p class='ocr_par' dir='ltr' id='par_1_53' title="bbox 2022 2281 3594 2360">
     <span class='ocr_line' id='line_1_53' title="bbox 2022 2281 3594 2360; baseline 0.004 -23"><span class='ocrx_word' id='word_1_370' title='bbox 2022 2281 2104 2338; x_wconf 89' lang='lat' dir='ltr'><strong>sic</strong></span> <span class='ocrx_word' id='word_1_371' title='bbox 2156 2283 2380 2353; x_wconf 86' lang='lat' dir='ltr'><strong>quidem</strong></span> <span class='ocrx_word' id='word_1_372' title='bbox 2428 2285 2671 2342; x_wconf 86' lang='lat' dir='ltr'><strong>habebat</strong></span> <span class='ocrx_word' id='word_1_373' title='bbox 2716 2296 3014 2353; x_wconf 87' lang='lat' dir='ltr'><strong>tacentem,</strong></span> <span class='ocrx_word' id='word_1_374' title='bbox 3064 2296 3121 2342; x_wconf 90' lang='lat' dir='ltr'><strong>et</strong></span> <span class='ocrx_word' id='word_1_375' title='bbox 3174 2289 3244 2343; x_wconf 88' lang='lat' dir='ltr'><strong>ab</strong></span> <span class='ocrx_word' id='word_1_376' title='bbox 3291 2289 3510 2360; x_wconf 84' lang='lat' dir='ltr'><strong>hymnis</strong></span> <span class='ocrx_word' id='word_1_377' title='bbox 3540 2289 3594 2343; x_wconf 91' lang='lat' dir='ltr'><strong>in</strong></span> 
     </span>
    </p>
   </div>
   <div class='ocr_carea' id='block_1_54' title="bbox 2019 2373 3588 2445">
    <p class='ocr_par' dir='ltr' id='par_1_54' title="bbox 2019 2373 3588 2445">
     <span class='ocr_line' id='line_1_54' title="bbox 2019 2373 3588 2445; baseline 0.004 -17"><span class='ocrx_word' id='word_1_378' title='bbox 2019 2373 2300 2430; x_wconf 83' lang='lat' dir='ltr'><strong>Christum</strong></span> <span class='ocrx_word' id='word_1_379' title='bbox 2319 2377 2708 2433; x_wconf 85' lang='lat' dir='ltr'><strong>abstinentem.</strong></span> <span class='ocrx_word' id='word_1_380' title='bbox 2735 2398 2754 2430; x_wconf 83' lang='grc' dir='ltr'><strong>ι</strong></span> <span class='ocrx_word' id='word_1_381' title='bbox 2784 2378 3054 2434; x_wconf 87' lang='lat' dir='ltr'><strong>Liberasti</strong></span> <span class='ocrx_word' id='word_1_382' title='bbox 3077 2394 3196 2445; x_wconf 88' lang='lat' dir='ltr'><strong>nos,</strong></span> <span class='ocrx_word' id='word_1_383' title='bbox 3232 2381 3483 2443; x_wconf 89' lang='lat' dir='ltr'><strong>Domine,</strong></span> <span class='ocrx_word' id='word_1_384' title='bbox 3517 2380 3588 2434; x_wconf 88' lang='lat' dir='ltr'><strong>ab</strong></span> 
     </span>
    </p>
   </div>
   <div class='ocr_carea' id='block_1_55' title="bbox 2021 2467 3597 2542">
    <p class='ocr_par' dir='ltr' id='par_1_55' title="bbox 2021 2467 3597 2542">
     <span class='ocr_line' id='line_1_55' title="bbox 2021 2467 3597 2542; baseline 0.002 -19"><span class='ocrx_word' id='word_1_385' title='bbox 2021 2467 2398 2536; x_wconf 81' lang='lat' dir='ltr'><strong>aﬂligentibus</strong></span> <span class='ocrx_word' id='word_1_386' title='bbox 2431 2485 2556 2534; x_wconf 90' lang='lat' dir='ltr'><strong>nos,</strong></span> <span class='ocrx_word' id='word_1_387' title='bbox 2591 2480 2645 2524; x_wconf 87' lang='lat' dir='ltr'><strong>et</strong></span> <span class='ocrx_word' id='word_1_388' title='bbox 2697 2485 2795 2526; x_wconf 88' lang='lat' dir='ltr'><strong>eos</strong></span> <span class='ocrx_word' id='word_1_389' title='bbox 2821 2472 2915 2540; x_wconf 89' lang='lat' dir='ltr'><strong>qui</strong></span> <span class='ocrx_word' id='word_1_390' title='bbox 2946 2487 3046 2526; x_wconf 92' lang='lat' dir='ltr'><strong>nos</strong></span> <span class='ocrx_word' id='word_1_391' title='bbox 3079 2471 3351 2537; x_wconf 84' lang='lat' dir='ltr'><strong>oderunt,</strong></span> <span class='ocrx_word' id='word_1_392' title='bbox 3385 2472 3597 2542; x_wconf 84' lang='lat' dir='ltr'><strong>pudore</strong></span> 
     </span>
    </p>
   </div>
   <div class='ocr_carea' id='block_1_56' title="bbox 2019 2558 3600 2631">
    <p class='ocr_par' dir='ltr' id='par_1_56' title="bbox 2019 2558 3600 2631">
     <span class='ocr_line' id='line_1_56' title="bbox 2019 2558 3600 2631; baseline 0.003 -17"><span class='ocrx_word' id='word_1_393' title='bbox 2019 2558 2254 2614; x_wconf 78' lang='lat' dir='ltr'><strong>aﬂecisti</strong></span> <span class='ocrx_word' id='word_1_394' title='bbox 2289 2561 2358 2613; x_wconf 79' lang='lat'><strong>&quot;.</strong></span> <span class='ocrx_word' id='word_1_395' title='bbox 2385 2561 2663 2630; x_wconf 84' lang='lat' dir='ltr'><strong>Aperuisti</strong></span> <span class='ocrx_word' id='word_1_396' title='bbox 2715 2561 2770 2616; x_wconf 91' lang='lat' dir='ltr'><strong>in</strong></span> <span class='ocrx_word' id='word_1_397' title='bbox 2808 2561 3083 2631; x_wconf 76' lang='lat' dir='ltr'><strong>parabolis</strong></span> <span class='ocrx_word' id='word_1_398' title='bbox 3112 2578 3176 2617; x_wconf 86' lang='lat' dir='ltr'><strong>os</strong></span> <span class='ocrx_word' id='word_1_399' title='bbox 3231 2571 3508 2629; x_wconf 86' lang='lat' dir='ltr'><strong>nostrum,</strong></span> <span class='ocrx_word' id='word_1_400' title='bbox 3541 2570 3600 2618; x_wconf 86' lang='lat' dir='ltr'><strong>et</strong></span> 
     </span>
    </p>
   </div>
   <div class='ocr_carea' id='block_1_57' title="bbox 2019 2650 3284 2723">
    <p class='ocr_par' dir='ltr' id='par_1_57' title="bbox 2019 2650 3284 2723">
     <span class='ocr_line' id='line_1_57' title="bbox 2019 2650 3284 2723; baseline -0.002 -17"><span class='ocrx_word' id='word_1_401' title='bbox 2019 2650 2192 2706; x_wconf 75' lang='lat' dir='ltr'><strong>locuti</strong></span> <span class='ocrx_word' id='word_1_402' title='bbox 2224 2667 2418 2708; x_wconf 89' lang='lat' dir='ltr'><strong>sumus</strong></span> <span class='ocrx_word' id='word_1_403' title='bbox 2450 2653 2864 2723; x_wconf 85' lang='lat' dir='ltr'><strong>propositiones</strong></span> <span class='ocrx_word' id='word_1_404' title='bbox 2892 2653 2962 2708; x_wconf 88' lang='lat' dir='ltr'><strong>ab</strong></span> <span class='ocrx_word' id='word_1_405' title='bbox 2987 2653 3149 2709; x_wconf 88' lang='lat' dir='ltr'><strong>initio</strong></span> <span class='ocrx_word' id='word_1_406' title='bbox 3180 2653 3226 2706; x_wconf 79' lang='lat'><strong>&#39;.</strong></span> <span class='ocrx_word' id='word_1_407' title='bbox 3265 2671 3284 2704; x_wconf 72' lang='grc' dir='ltr'><strong>ο</strong></span> 
     </span>
    </p>
   </div>
   <div class='ocr_carea' id='block_1_58' title="bbox 2090 2784 3597 2856">
    <p class='ocr_par' dir='ltr' id='par_1_58' title="bbox 2090 2784 3597 2856">
     <span class='ocr_line' id='line_1_58' title="bbox 2090 2784 3597 2856; baseline -0.002 -15"><span class='ocrx_word' id='word_1_408' title='bbox 2090 2785 2208 2841; x_wconf 81' lang='lat' dir='ltr'><strong>XII.</strong></span> <span class='ocrx_word' id='word_1_409' title='bbox 2245 2784 2550 2842; x_wconf 70' lang='lat' dir='ltr'><strong>Prmfectus</strong></span> <span class='ocrx_word' id='word_1_410' title='bbox 2587 2795 2772 2842; x_wconf 91' lang='lat' dir='ltr'><strong>autem</strong></span> <span class='ocrx_word' id='word_1_411' title='bbox 2832 2794 3098 2856; x_wconf 88' lang='lat' dir='ltr'><strong>reputans</strong></span> <span class='ocrx_word' id='word_1_412' title='bbox 3131 2825 3147 2850; x_wconf 95' lang='lat'><strong>,</strong></span> <span class='ocrx_word' id='word_1_413' title='bbox 3210 2795 3476 2854; x_wconf 83' lang='lat' dir='ltr'><strong>quantum</strong></span> <span class='ocrx_word' id='word_1_414' title='bbox 3529 2798 3597 2839; x_wconf 77' lang='lat' dir='ltr'><strong>es</strong></span> 
     </span>
    </p>
   </div>
   <div class='ocr_carea' id='block_1_59' title="bbox 2020 2870 3599 2948">
    <p class='ocr_par' dir='ltr' id='par_1_59' title="bbox 2020 2870 3599 2948">
     <span class='ocr_line' id='line_1_59' title="bbox 2020 2870 3599 2948; baseline -0.001 -17"><span class='ocrx_word' id='word_1_415' title='bbox 2020 2878 2196 2948; x_wconf 90' lang='lat' dir='ltr'><strong>prima</strong></span> <span class='ocrx_word' id='word_1_416' title='bbox 2265 2877 2489 2948; x_wconf 90' lang='lat' dir='ltr'><strong>quidem</strong></span> <span class='ocrx_word' id='word_1_417' title='bbox 2551 2878 2896 2948; x_wconf 71' lang='lat' dir='ltr'><strong>eXperientia</strong></span> <span class='ocrx_word' id='word_1_418' title='bbox 2957 2893 3084 2932; x_wconf 87' lang='lat' dir='ltr'><strong>eum</strong></span> <span class='ocrx_word' id='word_1_419' title='bbox 3176 2870 3599 2931; x_wconf 79' lang='lat' dir='ltr'><strong>condemnasset</strong></span> 
     </span>
    </p>
   </div>
   <div class='ocr_carea' id='block_1_60' title="bbox 2019 2968 3600 3040">
    <p class='ocr_par' dir='ltr' id='par_1_60' title="bbox 2019 2968 3600 3040">
     <span class='ocr_line' id='line_1_60' title="bbox 2019 2968 3600 3040; baseline 0.001 -19"><span class='ocrx_word' id='word_1_420' title='bbox 2019 2968 2238 3034; x_wconf 79' lang='lat' dir='ltr'><strong>civitas,</strong></span> <span class='ocrx_word' id='word_1_421' title='bbox 2267 2979 2538 3040; x_wconf 89' lang='lat' dir='ltr'><strong>quantum</strong></span> <span class='ocrx_word' id='word_1_422' title='bbox 2576 2986 2710 3025; x_wconf 90' lang='lat' dir='ltr'><strong>vero</strong></span> <span class='ocrx_word' id='word_1_423' title='bbox 2735 2971 2809 3026; x_wconf 87' lang='lat' dir='ltr'><strong>sit</strong></span> <span class='ocrx_word' id='word_1_424' title='bbox 2843 2985 2970 3024; x_wconf 89' lang='lat' dir='ltr'><strong>cum</strong></span> <span class='ocrx_word' id='word_1_425' title='bbox 3003 2970 3172 3025; x_wconf 88' lang='lat' dir='ltr'><strong>etiam</strong></span> <span class='ocrx_word' id='word_1_426' title='bbox 3201 2969 3600 3024; x_wconf 80' lang='lat' dir='ltr'><strong>condemnatu-</strong></span> 
     </span>
    </p>
   </div>
   <div class='ocr_carea' id='block_1_61' title="bbox 2021 3063 3600 3134">
    <p class='ocr_par' dir='ltr' id='par_1_61' title="bbox 2021 3063 3600 3134">
     <span class='ocr_line' id='line_1_61' title="bbox 2021 3063 3600 3134; baseline -0.001 -16"><span class='ocrx_word' id='word_1_427' title='bbox 2021 3077 2117 3118; x_wconf 86' lang='lat' dir='ltr'><strong>rus</strong></span> <span class='ocrx_word' id='word_1_428' title='bbox 2148 3063 2471 3132; x_wconf 86' lang='lat' dir='ltr'><strong>imperator,</strong></span> <span class='ocrx_word' id='word_1_429' title='bbox 2515 3079 2640 3119; x_wconf 91' lang='lat' dir='ltr'><strong>cum</strong></span> <span class='ocrx_word' id='word_1_430' title='bbox 2678 3064 2979 3134; x_wconf 90' lang='lat' dir='ltr'><strong>acceperit,</strong></span> <span class='ocrx_word' id='word_1_431' title='bbox 3027 3074 3083 3118; x_wconf 91' lang='lat' dir='ltr'><strong>et</strong></span> <span class='ocrx_word' id='word_1_432' title='bbox 3134 3079 3244 3118; x_wconf 89' lang='lat' dir='ltr'><strong>non</strong></span> <span class='ocrx_word' id='word_1_433' title='bbox 3297 3077 3488 3132; x_wconf 86' lang='lat' dir='ltr'><strong>parum</strong></span> <span class='ocrx_word' id='word_1_434' title='bbox 3539 3073 3600 3116; x_wconf 70' lang='lat' dir='ltr'><strong>se</strong></span> 
     </span>
    </p>
   </div>
   <div class='ocr_carea' id='block_1_62' title="bbox 325 3136 1911 3225">
    <p class='ocr_par' dir='ltr' id='par_1_62' title="bbox 325 3143 1909 3220">
     <span class='ocr_line' id='line_1_62' title="bbox 325 3143 1909 3220; baseline 0.006 -24"><span class='ocrx_word' id='word_1_435' title='bbox 325 3143 519 3213; x_wconf 81' lang='grc' dir='ltr'><strong>Ὅμως</strong></span> <span class='ocrx_word' id='word_1_436' title='bbox 551 3145 681 3208; x_wconf 80' lang='grc' dir='ltr'><strong>τοὺς</strong></span> <span class='ocrx_word' id='word_1_437' title='bbox 712 3143 920 3209; x_wconf 80' lang='grc' dir='ltr'><strong>ὕπνους</strong></span> <span class='ocrx_word' id='word_1_438' title='bbox 975 3149 1177 3212; x_wconf 71' lang='grc' dir='ltr'><strong>αὐτοὺς</strong></span> <span class='ocrx_word' id='word_1_439' title='bbox 1230 3149 1429 3218; x_wconf 79' lang='grc' dir='ltr'><strong>σκέψιν</strong></span> <span class='ocrx_word' id='word_1_440' title='bbox 1496 3151 1760 3220; x_wconf 82' lang='grc' dir='ltr'><strong>θέμενο·,</strong></span> <span class='ocrx_word' id='word_1_441' title='bbox 1816 3155 1909 3205; x_wconf 67' lang='grc' dir='ltr'><strong>καὶ</strong></span> 
     </span>
    </p>
   </div>
   <div class='ocr_carea' id='block_1_63' title="bbox 2016 3136 3596 3225">
    <p class='ocr_par' dir='ltr' id='par_1_63' title="bbox 2021 3150 3596 3225">
     <span class='ocr_line' id='line_1_63' title="bbox 2021 3150 3596 3225; baseline -0.001 -17"><span class='ocrx_word' id='word_1_442' title='bbox 2021 3155 2310 3221; x_wconf 83' lang='lat' dir='ltr'><strong>aillictans,</strong></span> <span class='ocrx_word' id='word_1_443' title='bbox 2357 3155 2758 3225; x_wconf 86' lang='lat' dir='ltr'><strong>propemodum</strong></span> <span class='ocrx_word' id='word_1_444' title='bbox 2830 3155 2936 3210; x_wconf 89' lang='lat' dir='ltr'><strong>sibi</strong></span> <span class='ocrx_word' id='word_1_445' title='bbox 3001 3153 3282 3210; x_wconf 87' lang='lat' dir='ltr'><strong>indicebat</strong></span> <span class='ocrx_word' id='word_1_446' title='bbox 3334 3150 3596 3206; x_wconf 83' lang='lat' dir='ltr'><strong>inediam.</strong></span> 
     </span>
    </p>
   </div>
   <div class='ocr_carea' id='block_1_64' title="bbox 327 3237 1911 3318">
    <p class='ocr_par' dir='ltr' id='par_1_64' title="bbox 327 3237 1911 3318">
     <span class='ocr_line' id='line_1_64' title="bbox 327 3237 1911 3318; baseline 0.009 -31"><span class='ocrx_word' id='word_1_447' title='bbox 327 3237 514 3289; x_wconf 72' lang='grc' dir='ltr'><strong>πᾶσαν</strong></span> <span class='ocrx_word' id='word_1_448' title='bbox 541 3239 624 3296; x_wconf 80' lang='grc' dir='ltr'><strong>είς</strong></span> <span class='ocrx_word' id='word_1_449' title='bbox 648 3237 810 3289; x_wconf 80' lang='grc' dir='ltr'><strong>τοῦτο</strong></span> <span class='ocrx_word' id='word_1_450' title='bbox 841 3238 940 3310; x_wconf 81' lang='grc' dir='ltr'><strong>τὴν</strong></span> <span class='ocrx_word' id='word_1_451' title='bbox 973 3238 1036 3292; x_wconf 87' lang='grc' dir='ltr'><strong>νύ</strong></span> <span class='ocrx_word' id='word_1_452' title='bbox 1050 3257 1150 3295; x_wconf 57' lang='grc' dir='ltr'><strong>ιτα</strong></span> <span class='ocrx_word' id='word_1_453' title='bbox 1175 3240 1500 3311; x_wconf 85' lang='grc' dir='ltr'><strong>διενεγκὼν,</strong></span> <span class='ocrx_word' id='word_1_454' title='bbox 1551 3247 1674 3298; x_wconf 65' lang='grc' dir='ltr'><strong>ἐπεὶ</strong></span> <span class='ocrx_word' id='word_1_455' title='bbox 1727 3247 1911 3318; x_wconf 80' lang='grc' dir='ltr'><strong>ἡμέρα</strong></span> 
     </span>
    </p>
   </div>
   <div class='ocr_carea' id='block_1_65' title="bbox 321 3328 1910 3408">
    <p class='ocr_par' dir='ltr' id='par_1_65' title="bbox 321 3328 1910 3408">
     <span class='ocr_line' id='line_1_65' title="bbox 321 3328 1910 3408; baseline 0.007 -27"><span class='ocrx_word' id='word_1_456' title='bbox 321 3328 651 3401; x_wconf 74' lang='grc' dir='ltr'><strong>διηύγαζεν,</strong></span> <span class='ocrx_word' id='word_1_457' title='bbox 711 3331 913 3401; x_wconf 72' lang='grc' dir='ltr'><strong>ἢκουσε</strong></span> <span class='ocrx_word' id='word_1_458' title='bbox 951 3332 1008 3386; x_wconf 72' lang='grc' dir='ltr'><strong>δὲ</strong></span> <span class='ocrx_word' id='word_1_459' title='bbox 1043 3334 1128 3386; x_wconf 82' lang='grc' dir='ltr'><strong>ὅτι</strong></span> <span class='ocrx_word' id='word_1_460' title='bbox 1183 3335 1281 3388; x_wconf 82' lang='grc' dir='ltr'><strong>καὶ</strong></span> <span class='ocrx_word' id='word_1_461' title='bbox 1343 3335 1506 3401; x_wconf 75' lang='grc' dir='ltr'><strong>αὖθις</strong></span> <span class='ocrx_word' id='word_1_462' title='bbox 1566 3337 1627 3392; x_wconf 81' lang='grc' dir='ltr'><strong>τὸ</strong></span> <span class='ocrx_word' id='word_1_463' title='bbox 1676 3339 1910 3408; x_wconf 82' lang='grc' dir='ltr'><strong>θέατρον</strong></span> 
     </span>
    </p>
   </div>
   <div class='ocr_carea' id='block_1_66' title="bbox 319 3421 1913 3502">
    <p class='ocr_par' dir='ltr' id='par_1_66' title="bbox 319 3421 1913 3502">
     <span class='ocr_line' id='line_1_66' title="bbox 319 3421 1913 3502; baseline 0.007 -29"><span class='ocrx_word' id='word_1_464' title='bbox 319 3421 636 3496; x_wconf 65' lang='grc' dir='ltr'><strong>ἥθροισται,</strong></span> <span class='ocrx_word' id='word_1_465' title='bbox 661 3425 756 3476; x_wconf 78' lang='grc' dir='ltr'><strong>καὶ</strong></span> <span class='ocrx_word' id='word_1_466' title='bbox 791 3423 1124 3494; x_wconf 76' lang='grc' dir='ltr'><strong>ὑπερϐάλλει</strong></span> <span class='ocrx_word' id='word_1_467' title='bbox 1152 3426 1252 3496; x_wconf 74' lang='grc' dir='ltr'><strong>τὴν</strong></span> <span class='ocrx_word' id='word_1_468' title='bbox 1282 3429 1410 3498; x_wconf 83' lang='grc' dir='ltr'><strong>χθὲς</strong></span> <span class='ocrx_word' id='word_1_469' title='bbox 1456 3431 1913 3502; x_wconf 66' lang='grc' dir='ltr'><strong>πολυανθρωπίαν</strong></span> 
     </span>
    </p>
   </div>
   <div class='ocr_carea' id='block_1_67' title="bbox 320 3515 1934 3593">
    <p class='ocr_par' dir='ltr' id='par_1_67' title="bbox 320 3515 1934 3593">
     <span class='ocr_line' id='line_1_67' title="bbox 320 3515 1934 3593; baseline 0.005 -24"><span class='ocrx_word' id='word_1_470' title='bbox 320 3515 600 3589; x_wconf 68' lang='grc' dir='ltr'><strong>ἐπιθυμίᾳ</strong></span> <span class='ocrx_word' id='word_1_471' title='bbox 627 3517 727 3582; x_wconf 77' lang='grc' dir='ltr'><strong>τῆς</strong></span> <span class='ocrx_word' id='word_1_472' title='bbox 756 3516 948 3588; x_wconf 73' lang='grc' dir='ltr'><strong>κοινῆς</strong></span> <span class='ocrx_word' id='word_1_473' title='bbox 978 3518 1160 3588; x_wconf 81' lang='grc' dir='ltr'><strong>πάλης</strong></span> <span class='ocrx_word' id='word_1_474' title='bbox 1192 3519 1305 3572; x_wconf 88' lang='grc' dir='ltr'><strong>τῶν</strong></span> <span class='ocrx_word' id='word_1_475' title='bbox 1343 3521 1521 3590; x_wconf 88' lang='grc' dir='ltr'><strong>λόγων</strong></span> <span class='ocrx_word' id='word_1_476' title='bbox 1558 3523 1653 3576; x_wconf 75' lang='grc' dir='ltr'><strong>καὶ</strong></span> <span class='ocrx_word' id='word_1_477' title='bbox 1685 3525 1784 3593; x_wconf 73' lang='grc' dir='ltr'><strong>τῆς</strong></span> <span class='ocrx_word' id='word_1_478' title='bbox 1817 3523 1934 3583; x_wconf 80' lang='grc' dir='ltr'><strong>τοῦ,</strong></span> 
     </span>
    </p>
   </div>
   <div class='ocr_carea' id='block_1_68' title="bbox 322 3605 1909 3684">
    <p class='ocr_par' dir='ltr' id='par_1_68' title="bbox 322 3605 1909 3684">
     <span class='ocr_line' id='line_1_68' title="bbox 322 3605 1909 3684; baseline 0.004 -22"><span class='ocrx_word' id='word_1_479' title='bbox 322 3608 566 3680; x_wconf 71' lang='grc' dir='ltr'><strong>ἀθλητοῦ</strong></span> <span class='ocrx_word' id='word_1_480' title='bbox 603 3609 974 3680; x_wconf 80' lang='grc' dir='ltr'><strong>πιθανότητος</strong></span> <span class='ocrx_word' id='word_1_481' title='bbox 995 3650 1010 3671; x_wconf 90' lang='grc'><strong>,</strong></span> <span class='ocrx_word' id='word_1_482' title='bbox 1051 3613 1234 3666; x_wconf 80' lang='grc' dir='ltr'><strong>πάντα</strong></span> <span class='ocrx_word' id='word_1_483' title='bbox 1263 3611 1434 3666; x_wconf 77' lang='grc' dir='ltr'><strong>τᾶλλα</strong></span> <span class='ocrx_word' id='word_1_484' title='bbox 1465 3613 1731 3684; x_wconf 84' lang='grc' dir='ltr'><strong>δευτέρας</strong></span> <span class='ocrx_word' id='word_1_485' title='bbox 1765 3605 1909 3668; x_wconf 77' lang='grc' dir='ltr'><strong>εἶναι</strong></span> 
     </span>
    </p>
   </div>
   <div class='ocr_carea' id='block_1_69' title="bbox 323 3701 1912 3778">
    <p class='ocr_par' dir='ltr' id='par_1_69' title="bbox 323 3701 1912 3778">
     <span class='ocr_line' id='line_1_69' title="bbox 323 3701 1912 3778; baseline 0.006 -26"><span class='ocrx_word' id='word_1_486' title='bbox 323 3701 610 3773; x_wconf 79' lang='grc' dir='ltr'><strong>φροντίδος</strong></span> <span class='ocrx_word' id='word_1_487' title='bbox 640 3701 835 3766; x_wconf 78' lang='grc' dir='ltr'><strong>εἰπὼν,</strong></span> <span class='ocrx_word' id='word_1_488' title='bbox 867 3704 1120 3757; x_wconf 80' lang='grc' dir='ltr'><strong>ἐκάθισεν</strong></span> <span class='ocrx_word' id='word_1_489' title='bbox 1152 3705 1245 3758; x_wconf 78' lang='grc' dir='ltr'><strong>ἔπὶ</strong></span> <span class='ocrx_word' id='word_1_490' title='bbox 1275 3704 1545 3776; x_wconf 79' lang='grc' dir='ltr'><strong>βήματος.</strong></span> <span class='ocrx_word' id='word_1_491' title='bbox 1581 3708 1912 3778; x_wconf 71' lang='grc' dir='ltr'><strong>Περιειστη-</strong></span> 
     </span>
    </p>
   </div>
   <div class='ocr_carea' id='block_1_70' title="bbox 323 3794 1914 3869">
    <p class='ocr_par' dir='ltr' id='par_1_70' title="bbox 323 3794 1914 3869">
     <span class='ocr_line' id='line_1_70' title="bbox 323 3794 1914 3869; baseline 0.003 -21"><span class='ocrx_word' id='word_1_492' title='bbox 323 3811 411 3848; x_wconf 84' lang='grc' dir='ltr'><strong>κει</strong></span> <span class='ocrx_word' id='word_1_493' title='bbox 439 3794 500 3847; x_wconf 72' lang='grc' dir='ltr'><strong>δὲ</strong></span> <span class='ocrx_word' id='word_1_494' title='bbox 548 3795 698 3848; x_wconf 72' lang='grc' dir='ltr'><strong>ἆπαν</strong></span> <span class='ocrx_word' id='word_1_495' title='bbox 726 3796 788 3847; x_wconf 68' lang='grc' dir='ltr'><strong>τὸ</strong></span> <span class='ocrx_word' id='word_1_496' title='bbox 833 3795 1196 3868; x_wconf 77' lang='grc' dir='ltr'><strong>δορυφορικὸν</strong></span> <span class='ocrx_word' id='word_1_497' title='bbox 1242 3799 1575 3869; x_wconf 71' lang='grc' dir='ltr'><strong>ἔκπληκτον,</strong></span> <span class='ocrx_word' id='word_1_498' title='bbox 1623 3799 1914 3869; x_wconf 79' lang='grc' dir='ltr'><strong>προέκειτό</strong></span> 
     </span>
    </p>
   </div>
   <div class='ocr_carea' id='block_1_71' title="bbox 322 3885 1910 3960">
    <p class='ocr_par' dir='ltr' id='par_1_71' title="bbox 322 3885 1910 3960">
     <span class='ocr_line' id='line_1_71' title="bbox 322 3885 1910 3960; baseline 0.002 -21"><span class='ocrx_word' id='word_1_499' title='bbox 322 3901 382 3956; x_wconf 73' lang='grc' dir='ltr'><strong>τε</strong></span> <span class='ocrx_word' id='word_1_500' title='bbox 441 3885 538 3939; x_wconf 80' lang='grc' dir='ltr'><strong>ὑπ’</strong></span> <span class='ocrx_word' id='word_1_501' title='bbox 597 3885 721 3955; x_wconf 78' lang='grc' dir='ltr'><strong>δψιν</strong></span> <span class='ocrx_word' id='word_1_502' title='bbox 774 3887 886 3940; x_wconf 78' lang='grc' dir='ltr'><strong>πᾶν</strong></span> <span class='ocrx_word' id='word_1_503' title='bbox 918 3889 972 3941; x_wconf 84' lang='grc' dir='ltr'><strong>εί</strong></span> <span class='ocrx_word' id='word_1_504' title='bbox 995 3905 1050 3940; x_wconf 88' lang='grc' dir='ltr'><strong>τι</strong></span> <span class='ocrx_word' id='word_1_505' title='bbox 1104 3889 1387 3953; x_wconf 76' lang='grc' dir='ltr'><strong>κολάσεως</strong></span> <span class='ocrx_word' id='word_1_506' title='bbox 1432 3890 1691 3960; x_wconf 80' lang='grc' dir='ltr'><strong>ὄργανον,</strong></span> <span class='ocrx_word' id='word_1_507' title='bbox 1743 3890 1910 3944; x_wconf 79' lang='grc' dir='ltr'><strong>αὑτοῦ</strong></span> 
     </span>
    </p>
   </div>
   <div class='ocr_carea' id='block_1_72' title="bbox 323 3976 1911 4054">
    <p class='ocr_par' dir='ltr' id='par_1_72' title="bbox 323 3976 1911 4054">
     <span class='ocr_line' id='line_1_72' title="bbox 323 3976 1911 4054; baseline 0.004 -24"><span class='ocrx_word' id='word_1_508' title='bbox 323 3976 490 4030; x_wconf 81' lang='grc' dir='ltr'><strong>τοῦτο</strong></span> <span class='ocrx_word' id='word_1_509' title='bbox 540 3977 921 4044; x_wconf 84' lang='grc' dir='ltr'><strong>κελεύσαντος,</strong></span> <span class='ocrx_word' id='word_1_510' title='bbox 977 3979 1121 4035; x_wconf 80' lang='grc' dir='ltr'><strong>ὥστε</strong></span> <span class='ocrx_word' id='word_1_511' title='bbox 1167 3981 1288 4044; x_wconf 78' lang='grc' dir='ltr'><strong>δέος</strong></span> <span class='ocrx_word' id='word_1_512' title='bbox 1312 3982 1617 4053; x_wconf 77' lang='grc' dir='ltr'><strong>ἔμποιῆσαι</strong></span> <span class='ocrx_word' id='word_1_513' title='bbox 1647 3981 1726 4052; x_wconf 82' lang='grc' dir='ltr'><strong>τῷ</strong></span> <span class='ocrx_word' id='word_1_514' title='bbox 1769 3982 1911 4054; x_wconf 80' lang='grc' dir='ltr'><strong>μάρ-</strong></span> 
     </span>
    </p>
   </div>
   <div class='ocr_carea' id='block_1_73' title="bbox 325 4067 1912 4142">
    <p class='ocr_par' dir='ltr' id='par_1_73' title="bbox 325 4067 1912 4142">
     <span class='ocr_line' id='line_1_73' title="bbox 325 4067 1912 4142; baseline 0.003 -21"><span class='ocrx_word' id='word_1_515' title='bbox 325 4083 473 4136; x_wconf 83' lang='grc' dir='ltr'><strong>τυρι.</strong></span> <span class='ocrx_word' id='word_1_516' title='bbox 522 4067 733 4130; x_wconf 76' lang='grc' dir='ltr'><strong>Ὠςοῦν</strong></span> <span class='ocrx_word' id='word_1_517' title='bbox 766 4067 912 4122; x_wconf 75' lang='grc' dir='ltr'><strong>οὕτω</strong></span> <span class='ocrx_word' id='word_1_518' title='bbox 962 4067 1164 4135; x_wconf 78' lang='grc' dir='ltr'><strong>ταῦτα,</strong></span> <span class='ocrx_word' id='word_1_519' title='bbox 1213 4071 1310 4125; x_wconf 80' lang='grc' dir='ltr'><strong>καὶ</strong></span> <span class='ocrx_word' id='word_1_520' title='bbox 1363 4074 1392 4126; x_wconf 92' lang='grc' dir='ltr'><strong>ό</strong></span> <span class='ocrx_word' id='word_1_521' title='bbox 1441 4073 1600 4142; x_wconf 71' lang='grc' dir='ltr'><strong>ἅγιος</strong></span> <span class='ocrx_word' id='word_1_522' title='bbox 1651 4074 1912 4142; x_wconf 84' lang='grc' dir='ltr'><strong>σχοινίοις</strong></span> 
     </span>
    </p>
   </div>
   <div class='ocr_carea' id='block_1_74' title="bbox 327 4159 1909 4235">
    <p class='ocr_par' dir='ltr' id='par_1_74' title="bbox 327 4159 1909 4235">
     <span class='ocr_line' id='line_1_74' title="bbox 327 4159 1909 4235; baseline 0.004 -23"><span class='ocrx_word' id='word_1_523' title='bbox 327 4159 600 4224; x_wconf 52' lang='lat' dir='ltr'><strong>causam;</strong></span> <span class='ocrx_word' id='word_1_524' title='bbox 659 4160 915 4232; x_wconf 75' lang='grc' dir='ltr'><strong>εἰσήχθη,</strong></span> <span class='ocrx_word' id='word_1_525' title='bbox 962 4161 991 4214; x_wconf 89' lang='grc' dir='ltr'><strong>ό</strong></span> <span class='ocrx_word' id='word_1_526' title='bbox 1027 4161 1274 4234; x_wconf 69' lang='grc' dir='ltr'><strong>ἔπαρχος</strong></span> <span class='ocrx_word' id='word_1_527' title='bbox 1319 4162 1456 4235; x_wconf 77' lang='grc' dir='ltr'><strong>ἔφη’</strong></span> <span class='ocrx_word' id='word_1_528' title='bbox 1506 4165 1649 4233; x_wconf 81' lang='grc' dir='ltr'><strong>Λέγε</strong></span> <span class='ocrx_word' id='word_1_529' title='bbox 1675 4183 1769 4234; x_wconf 82' lang='grc' dir='ltr'><strong>μοι</strong></span> <span class='ocrx_word' id='word_1_530' title='bbox 1820 4166 1909 4227; x_wconf 77' lang='grc' dir='ltr'><strong>σὺ,</strong></span> 
     </span>
    </p>
   </div>
   <div class='ocr_carea' id='block_1_75' title="bbox 327 4253 1913 4327">
    <p class='ocr_par' dir='ltr' id='par_1_75' title="bbox 327 4253 1913 4327">
     <span class='ocr_line' id='line_1_75' title="bbox 327 4253 1913 4327; baseline 0.003 -21"><span class='ocrx_word' id='word_1_531' title='bbox 327 4253 634 4321; x_wconf 77' lang='grc' dir='ltr'><strong>κατάρατε,</strong></span> <span class='ocrx_word' id='word_1_532' title='bbox 708 4255 840 4325; x_wconf 79' lang='grc' dir='ltr'><strong>ποὲᾳ</strong></span> <span class='ocrx_word' id='word_1_533' title='bbox 887 4254 1027 4325; x_wconf 78' lang='grc' dir='ltr'><strong>τύχῃ</strong></span> <span class='ocrx_word' id='word_1_534' title='bbox 1083 4255 1470 4327; x_wconf 72' lang='grc' dir='ltr'><strong>τεθαρρηκὼς,</strong></span> <span class='ocrx_word' id='word_1_535' title='bbox 1516 4259 1598 4321; x_wconf 85' lang='grc' dir='ltr'><strong>εἰς</strong></span> <span class='ocrx_word' id='word_1_536' title='bbox 1655 4256 1913 4311; x_wconf 73' lang='grc' dir='ltr'><strong>τοσοῦτον</strong></span> 
     </span>
    </p>
   </div>
   <div class='ocr_carea' id='block_1_76' title="bbox 323 4345 1913 4420">
    <p class='ocr_par' dir='ltr' id='par_1_76' title="bbox 323 4345 1913 4420">
     <span class='ocr_line' id='line_1_76' title="bbox 323 4345 1913 4420; baseline 0.004 -21"><span class='ocrx_word' id='word_1_537' title='bbox 323 4348 533 4419; x_wconf 80' lang='grc' dir='ltr'><strong>τόλμης</strong></span> <span class='ocrx_word' id='word_1_538' title='bbox 563 4345 875 4419; x_wconf 78' lang='grc' dir='ltr'><strong>προήχθης,</strong></span> <span class='ocrx_word' id='word_1_539' title='bbox 921 4347 997 4410; x_wconf 87' lang='grc' dir='ltr'><strong>ὼς</strong></span> <span class='ocrx_word' id='word_1_540' title='bbox 1047 4353 1394 4418; x_wconf 74' lang='grc' dir='ltr'><strong>παραπεῖσαι</strong></span> <span class='ocrx_word' id='word_1_541' title='bbox 1445 4350 1546 4420; x_wconf 77' lang='grc' dir='ltr'><strong>μὲν</strong></span> <span class='ocrx_word' id='word_1_542' title='bbox 1595 4349 1688 4404; x_wconf 79' lang='grc' dir='ltr'><strong>τὸν</strong></span> <span class='ocrx_word' id='word_1_543' title='bbox 1741 4352 1913 4420; x_wconf 80' lang='grc' dir='ltr'><strong>δῆμον</strong></span> 
     </span>
    </p>
   </div>
   <div class='ocr_carea' id='block_1_77' title="bbox 327 4442 1912 4516">
    <p class='ocr_par' dir='ltr' id='par_1_77' title="bbox 327 4442 1912 4516">
     <span class='ocr_line' id='line_1_77' title="bbox 327 4442 1912 4516; baseline 0.001 -22"><span class='ocrx_word' id='word_1_544' title='bbox 327 4442 582 4505; x_wconf 72' lang='grc' dir='ltr'><strong>ἔξουσίας</strong></span> <span class='ocrx_word' id='word_1_545' title='bbox 615 4442 921 4496; x_wconf 81' lang='grc' dir='ltr'><strong>ἀπονεῦσαι</strong></span> <span class='ocrx_word' id='word_1_546' title='bbox 948 4442 1264 4512; x_wconf 80' lang='grc' dir='ltr'><strong>βασιλικῆς,</strong></span> <span class='ocrx_word' id='word_1_547' title='bbox 1295 4447 1577 4497; x_wconf 81' lang='grc' dir='ltr'><strong>κατειπεῖν</strong></span> <span class='ocrx_word' id='word_1_548' title='bbox 1632 4445 1689 4498; x_wconf 81' lang='grc' dir='ltr'><strong>δὲ</strong></span> <span class='ocrx_word' id='word_1_549' title='bbox 1717 4445 1912 4516; x_wconf 75' lang='grc' dir='ltr'><strong>ἀνέδην</strong></span> 
     </span>
    </p>
   </div>
   <div class='ocr_carea' id='block_1_78' title="bbox 329 4533 1914 4606">
    <p class='ocr_par' dir='ltr' id='par_1_78' title="bbox 329 4533 1914 4606">
     <span class='ocr_line' id='line_1_78' title="bbox 329 4533 1914 4606; baseline 0.002 -20"><span class='ocrx_word' id='word_1_550' title='bbox 329 4535 420 4587; x_wconf 80' lang='grc' dir='ltr'><strong>καὶ</strong></span> <span class='ocrx_word' id='word_1_551' title='bbox 471 4534 588 4587; x_wconf 88' lang='grc' dir='ltr'><strong>τῶν</strong></span> <span class='ocrx_word' id='word_1_552' title='bbox 638 4533 802 4600; x_wconf 87' lang='grc' dir='ltr'><strong>θεῶν,</strong></span> <span class='ocrx_word' id='word_1_553' title='bbox 851 4535 1122 4606; x_wconf 79' lang='grc' dir='ltr'><strong>φρονῆσαι</strong></span> <span class='ocrx_word' id='word_1_554' title='bbox 1155 4535 1212 4589; x_wconf 78' lang='grc' dir='ltr'><strong>δὲ</strong></span> <span class='ocrx_word' id='word_1_555' title='bbox 1244 4535 1316 4590; x_wconf 81' lang='grc' dir='ltr'><strong>τὰ</strong></span> <span class='ocrx_word' id='word_1_556' title='bbox 1348 4537 1440 4601; x_wconf 78' lang='grc' dir='ltr'><strong>σὰ,</strong></span> <span class='ocrx_word' id='word_1_557' title='bbox 1476 4537 1573 4590; x_wconf 75' lang='grc' dir='ltr'><strong>καὶ</strong></span> <span class='ocrx_word' id='word_1_558' title='bbox 1606 4535 1781 4601; x_wconf 78' lang='grc' dir='ltr'><strong>οὕτως</strong></span> <span class='ocrx_word' id='word_1_559' title='bbox 1827 4537 1914 4602; x_wconf 74' lang='grc' dir='ltr'><strong>ἐξ·</strong></span> 
     </span>
    </p>
   </div>
   <div class='ocr_carea' id='block_1_79' title="bbox 329 4626 1915 4699">
    <p class='ocr_par' dir='ltr' id='par_1_79' title="bbox 329 4626 1915 4699">
     <span class='ocr_line' id='line_1_79' title="bbox 329 4626 1915 4699; baseline 0.002 -20"><span class='ocrx_word' id='word_1_560' title='bbox 329 4626 500 4679; x_wconf 82' lang='grc' dir='ltr'><strong>άπινα</strong></span> <span class='ocrx_word' id='word_1_561' title='bbox 523 4626 626 4698; x_wconf 80' lang='grc' dir='ltr'><strong>τῆς</strong></span> <span class='ocrx_word' id='word_1_562' title='bbox 663 4629 765 4697; x_wconf 81' lang='grc' dir='ltr'><strong>σῆς</strong></span> <span class='ocrx_word' id='word_1_563' title='bbox 793 4628 912 4695; x_wconf 78' lang='grc' dir='ltr'><strong>ἅμα</strong></span> <span class='ocrx_word' id='word_1_564' title='bbox 944 4633 1041 4682; x_wconf 77' lang='grc' dir='ltr'><strong>καὶ</strong></span> <span class='ocrx_word' id='word_1_565' title='bbox 1086 4627 1339 4699; x_wconf 86' lang='grc' dir='ltr'><strong>γλώττης</strong></span> <span class='ocrx_word' id='word_1_566' title='bbox 1399 4630 1492 4682; x_wconf 75' lang='grc' dir='ltr'><strong>καὶ</strong></span> <span class='ocrx_word' id='word_1_567' title='bbox 1512 4629 1742 4699; x_wconf 83' lang='grc' dir='ltr'><strong>γνώμης</strong></span> <span class='ocrx_word' id='word_1_568' title='bbox 1790 4631 1915 4699; x_wconf 79' lang='grc' dir='ltr'><strong>ἔχε-</strong></span> 
     </span>
    </p>
   </div>
   <div class='ocr_carea' id='block_1_80' title="bbox 332 4719 1916 4792">
    <p class='ocr_par' dir='ltr' id='par_1_80' title="bbox 332 4719 1916 4792">
     <span class='ocr_line' id='line_1_80' title="bbox 332 4719 1916 4792; baseline 0.001 -20"><span class='ocrx_word' id='word_1_569' title='bbox 332 4720 478 4784; x_wconf 86' lang='grc' dir='ltr'><strong>σθαι,</strong></span> <span class='ocrx_word' id='word_1_570' title='bbox 514 4721 611 4774; x_wconf 78' lang='grc' dir='ltr'><strong>καὶ</strong></span> <span class='ocrx_word' id='word_1_571' title='bbox 646 4721 706 4774; x_wconf 81' lang='grc' dir='ltr'><strong>τὸ</strong></span> <span class='ocrx_word' id='word_1_572' title='bbox 736 4720 864 4785; x_wconf 83' lang='grc' dir='ltr'><strong>ξένα</strong></span> <span class='ocrx_word' id='word_1_573' title='bbox 911 4719 1243 4792; x_wconf 85' lang='grc' dir='ltr'><strong>θρησκεύειν</strong></span> <span class='ocrx_word' id='word_1_574' title='bbox 1285 4720 1773 4790; x_wconf 83' lang='grc' dir='ltr'><strong>διεγκαλούμενος,</strong></span> <span class='ocrx_word' id='word_1_575' title='bbox 1824 4721 1916 4774; x_wconf 77' lang='grc' dir='ltr'><strong>ἑά-</strong></span> 
     </span>
    </p>
   </div>
   <div class='ocr_carea' id='block_1_81' title="bbox 330 4811 1918 4886">
    <p class='ocr_par' dir='ltr' id='par_1_81' title="bbox 330 4811 1918 4886">
     <span class='ocr_line' id='line_1_81' title="bbox 330 4811 1918 4886; baseline 0.003 -23"><span class='ocrx_word' id='word_1_576' title='bbox 330 4812 433 4876; x_wconf 80' lang='grc' dir='ltr'><strong>λως</strong></span> <span class='ocrx_word' id='word_1_577' title='bbox 468 4816 568 4868; x_wconf 73' lang='grc' dir='ltr'><strong>καὶ</strong></span> <span class='ocrx_word' id='word_1_578' title='bbox 612 4813 908 4884; x_wconf 85' lang='grc' dir='ltr'><strong>τυραννίδα</strong></span> <span class='ocrx_word' id='word_1_579' title='bbox 958 4811 1402 4885; x_wconf 84' lang='grc' dir='ltr'><strong>μεμελετηκώς;</strong></span> <span class='ocrx_word' id='word_1_580' title='bbox 1449 4814 1592 4886; x_wconf 84' lang='grc' dir='ltr'><strong>Πρὸς</strong></span> <span class='ocrx_word' id='word_1_581' title='bbox 1651 4813 1824 4867; x_wconf 79' lang='grc' dir='ltr'><strong>ταῦτα</strong></span> <span class='ocrx_word' id='word_1_582' title='bbox 1888 4816 1918 4868; x_wconf 89' lang='grc' dir='ltr'><strong>ό</strong></span> 
     </span>
    </p>
   </div>
   <div class='ocr_carea' id='block_1_82' title="bbox 335 4903 1915 4977">
    <p class='ocr_par' dir='ltr' id='par_1_82' title="bbox 335 4903 1915 4977">
     <span class='ocr_line' id='line_1_82' title="bbox 335 4903 1915 4977; baseline 0.001 -18"><span class='ocrx_word' id='word_1_583' title='bbox 335 4905 510 4972; x_wconf 67' lang='grc' dir='ltr'><strong>ᾶίιος,</strong></span> <span class='ocrx_word' id='word_1_584' title='bbox 547 4906 674 4960; x_wconf 83' lang='grc' dir='ltr'><strong>Ὀτι</strong></span> <span class='ocrx_word' id='word_1_585' title='bbox 697 4907 760 4960; x_wconf 87' lang='grc' dir='ltr'><strong>οὐ</strong></span> <span class='ocrx_word' id='word_1_586' title='bbox 792 4908 1071 4976; x_wconf 77' lang='grc' dir='ltr'><strong>τυραννὶς,</strong></span> <span class='ocrx_word' id='word_1_587' title='bbox 1105 4903 1282 4972; x_wconf 74' lang='grc' dir='ltr'><strong>εἴπεν,</strong></span> <span class='ocrx_word' id='word_1_588' title='bbox 1313 4906 1542 4976; x_wconf 80' lang='grc' dir='ltr'><strong>ἐπαρχε,</strong></span> <span class='ocrx_word' id='word_1_589' title='bbox 1583 4905 1652 4958; x_wconf 82' lang='grc' dir='ltr'><strong>τὰ</strong></span> <span class='ocrx_word' id='word_1_590' title='bbox 1684 4906 1818 4977; x_wconf 72' lang='grc' dir='ltr'><strong>ἐμὰ,</strong></span> <span class='ocrx_word' id='word_1_591' title='bbox 1855 4906 1915 4960; x_wconf 77' lang='grc' dir='ltr'><strong>τὸ</strong></span> 
     </span>
    </p>
   </div>
   <div class='ocr_carea' id='block_1_83' title="bbox 338 4988 1910 5067">
    <p class='ocr_par' dir='ltr' id='par_1_83' title="bbox 338 4988 1910 5067">
     <span class='ocr_line' id='line_1_83' title="bbox 338 4988 1910 5067; baseline 0.001 -19"><span class='ocrx_word' id='word_1_592' title='bbox 338 4997 564 5065; x_wconf 81' lang='grc' dir='ltr'><strong>μέτριον</strong></span> <span class='ocrx_word' id='word_1_593' title='bbox 590 4997 746 5049; x_wconf 79' lang='grc' dir='ltr'><strong>τουτὶ</strong></span> <span class='ocrx_word' id='word_1_594' title='bbox 769 4996 959 5066; x_wconf 79' lang='grc' dir='ltr'><strong>σχῆμα</strong></span> <span class='ocrx_word' id='word_1_595' title='bbox 1007 4995 1093 5066; x_wconf 76' lang='grc' dir='ltr'><strong>ἔφ’</strong></span> <span class='ocrx_word' id='word_1_596' title='bbox 1127 4988 1190 5049; x_wconf 74' lang='grc' dir='ltr'><strong>οὗ</strong></span> <span class='ocrx_word' id='word_1_597' title='bbox 1223 5013 1328 5066; x_wconf 87' lang='grc' dir='ltr'><strong>περ</strong></span> <span class='ocrx_word' id='word_1_598' title='bbox 1381 4991 1539 5067; x_wconf 76' lang='grc' dir='ltr'><strong>εὗρες</strong></span> <span class='ocrx_word' id='word_1_599' title='bbox 1586 4997 1756 5065; x_wconf 73' lang='grc' dir='ltr'><strong>ἡμᾶς,</strong></span> <span class='ocrx_word' id='word_1_600' title='bbox 1803 4999 1910 5067; x_wconf 81' lang='grc' dir='ltr'><strong>πρ“›</strong></span> 
     </span>
    </p>
   </div>
   <div class='ocr_carea' id='block_1_84' title="bbox 333 5083 1914 5156">
    <p class='ocr_par' dir='ltr' id='par_1_84' title="bbox 333 5083 1914 5156">
     <span class='ocr_line' id='line_1_84' title="bbox 333 5083 1914 5156; baseline -0.001 -20"><span class='ocrx_word' id='word_1_601' title='bbox 333 5084 465 5152; x_wconf 73' lang='grc' dir='ltr'><strong>ίμοῦ</strong></span> <span class='ocrx_word' id='word_1_602' title='bbox 500 5101 585 5138; x_wconf 90' lang='grc' dir='ltr'><strong>σοι</strong></span> <span class='ocrx_word' id='word_1_603' title='bbox 633 5085 1063 5156; x_wconf 77' lang='grc' dir='ltr'><strong>ἀπολελόγηται.</strong></span> <span class='ocrx_word' id='word_1_604' title='bbox 1127 5085 1234 5139; x_wconf 74' lang='grc' dir='ltr'><strong>Τὸν</strong></span> <span class='ocrx_word' id='word_1_605' title='bbox 1278 5086 1449 5156; x_wconf 81' lang='grc' dir='ltr'><strong>δῆμον</strong></span> <span class='ocrx_word' id='word_1_606' title='bbox 1505 5083 1562 5136; x_wconf 75' lang='grc' dir='ltr'><strong>δὲ</strong></span> <span class='ocrx_word' id='word_1_607' title='bbox 1591 5085 1693 5137; x_wconf 83' lang='grc' dir='ltr'><strong>οὐκ</strong></span> <span class='ocrx_word' id='word_1_608' title='bbox 1751 5084 1914 5146; x_wconf 80' lang='grc' dir='ltr'><strong>αὐτὸς</strong></span> 
     </span>
    </p>
   </div>
   <div class='ocr_carea' id='block_1_85' title="bbox 335 5175 1916 5249">
    <p class='ocr_par' dir='ltr' id='par_1_85' title="bbox 335 5175 1916 5249">
     <span class='ocr_line' id='line_1_85' title="bbox 335 5175 1916 5249; baseline -0.001 -19"><span class='ocrx_word' id='word_1_609' title='bbox 335 5177 632 5232; x_wconf 83' lang='grc' dir='ltr'><strong>ἁπονεῦσαι</strong></span> <span class='ocrx_word' id='word_1_610' title='bbox 660 5180 1000 5249; x_wconf 83' lang='grc' dir='ltr'><strong>παρέπεισα,</strong></span> <span class='ocrx_word' id='word_1_611' title='bbox 1036 5179 1155 5232; x_wconf 76' lang='grc' dir='ltr'><strong>ἀλλ’</strong></span> <span class='ocrx_word' id='word_1_612' title='bbox 1187 5180 1214 5232; x_wconf 84' lang='grc' dir='ltr'><strong>ό</strong></span> <span class='ocrx_word' id='word_1_613' title='bbox 1245 5179 1407 5246; x_wconf 78' lang='grc' dir='ltr'><strong>ζῆλος</strong></span> <span class='ocrx_word' id='word_1_614' title='bbox 1436 5177 1532 5231; x_wconf 81' lang='grc' dir='ltr'><strong>τοῦ</strong></span> <span class='ocrx_word' id='word_1_615' title='bbox 1562 5177 1652 5231; x_wconf 75' lang='grc' dir='ltr'><strong>διὰ</strong></span> <span class='ocrx_word' id='word_1_616' title='bbox 1677 5175 1786 5230; x_wconf 88' lang='grc' dir='ltr'><strong>τῶν</strong></span> <span class='ocrx_word' id='word_1_617' title='bbox 1818 5193 1916 5246; x_wconf 85' lang='grc' dir='ltr'><strong>ση-</strong></span> 
     </span>
    </p>
   </div>
   <div class='ocr_carea' id='block_1_86' title="bbox 335 5269 1914 5340">
    <p class='ocr_par' dir='ltr' id='par_1_86' title="bbox 335 5269 1914 5340">
     <span class='ocr_line' id='line_1_86' title="bbox 335 5269 1914 5340; baseline -0.001 -16"><span class='ocrx_word' id='word_1_618' title='bbox 335 5270 498 5340; x_wconf 77' lang='grc' dir='ltr'><strong>μείων</strong></span> <span class='ocrx_word' id='word_1_619' title='bbox 555 5270 994 5340; x_wconf 79' lang='grc' dir='ltr'><strong>ἑπιγνωσθέντος</strong></span> <span class='ocrx_word' id='word_1_620' title='bbox 1049 5271 1235 5334; x_wconf 77' lang='grc' dir='ltr'><strong>αὐτοῖς</strong></span> <span class='ocrx_word' id='word_1_621' title='bbox 1301 5271 1462 5325; x_wconf 79' lang='grc' dir='ltr'><strong>Θεοῦ.</strong></span> <span class='ocrx_word' id='word_1_622' title='bbox 1530 5272 1809 5324; x_wconf 81' lang='grc' dir='ltr'><strong>Κατεῖπον</strong></span> <span class='ocrx_word' id='word_1_623' title='bbox 1856 5269 1914 5322; x_wconf 70' lang='grc' dir='ltr'><strong>δὲ</strong></span> 
     </span>
    </p>
   </div>
   <div class='ocr_carea' id='block_1_87' title="bbox 335 5363 1912 5436">
    <p class='ocr_par' dir='ltr' id='par_1_87' title="bbox 335 5363 1912 5436">
     <span class='ocr_line' id='line_1_87' title="bbox 335 5363 1912 5436; baseline 0.001 -22"><span class='ocrx_word' id='word_1_624' title='bbox 335 5363 440 5416; x_wconf 84' lang='grc' dir='ltr'><strong>τῶν</strong></span> <span class='ocrx_word' id='word_1_625' title='bbox 470 5363 582 5419; x_wconf 87' lang='grc' dir='ltr'><strong>σῶν</strong></span> <span class='ocrx_word' id='word_1_626' title='bbox 611 5374 673 5418; x_wconf 83' lang='grc' dir='ltr'><strong>τε</strong></span> <span class='ocrx_word' id='word_1_627' title='bbox 702 5364 803 5419; x_wconf 84' lang='grc' dir='ltr'><strong>καὶ</strong></span> <span class='ocrx_word' id='word_1_628' title='bbox 848 5365 946 5418; x_wconf 80' lang='grc' dir='ltr'><strong>τοῦ</strong></span> <span class='ocrx_word' id='word_1_629' title='bbox 980 5364 1247 5436; x_wconf 82' lang='grc' dir='ltr'><strong>βασιλέως</strong></span> <span class='ocrx_word' id='word_1_630' title='bbox 1287 5364 1450 5428; x_wconf 88' lang='grc' dir='ltr'><strong>θεῶν,</strong></span> <span class='ocrx_word' id='word_1_631' title='bbox 1503 5364 1588 5418; x_wconf 81' lang='grc' dir='ltr'><strong>ὅτι</strong></span> <span class='ocrx_word' id='word_1_632' title='bbox 1621 5363 1705 5417; x_wconf 87' lang='grc' dir='ltr'><strong>δεῖ</strong></span> <span class='ocrx_word' id='word_1_633' title='bbox 1734 5365 1912 5418; x_wconf 79' lang='grc' dir='ltr'><strong>πάντα</strong></span> 
     </span>
    </p>
   </div>
   <div class='ocr_carea' id='block_1_88' title="bbox 331 5457 1906 5530">
    <p class='ocr_par' dir='ltr' id='par_1_88' title="bbox 331 5457 1906 5530">
     <span class='ocr_line' id='line_1_88' title="bbox 331 5457 1906 5530; baseline 0.001 -20"><span class='ocrx_word' id='word_1_634' title='bbox 331 5457 618 5527; x_wconf 72' lang='grc' dir='ltr'><strong>ἄνθρωπον</strong></span> <span class='ocrx_word' id='word_1_635' title='bbox 652 5457 800 5530; x_wconf 84' lang='grc' dir='ltr'><strong>λόγῳ</strong></span> <span class='ocrx_word' id='word_1_636' title='bbox 852 5461 948 5513; x_wconf 80' lang='grc' dir='ltr'><strong>καὶ</strong></span> <span class='ocrx_word' id='word_1_637' title='bbox 977 5459 1160 5528; x_wconf 84' lang='grc' dir='ltr'><strong>κρίσει</strong></span> <span class='ocrx_word' id='word_1_638' title='bbox 1196 5457 1533 5528; x_wconf 73' lang='grc' dir='ltr'><strong>φωράσαντα</strong></span> <span class='ocrx_word' id='word_1_639' title='bbox 1573 5457 1634 5512; x_wconf 86' lang='grc' dir='ltr'><strong>τδ</strong></span> <span class='ocrx_word' id='word_1_640' title='bbox 1688 5457 1906 5529; x_wconf 71' lang='grc' dir='ltr'><strong>ψεῦδος.</strong></span> 
     </span>
    </p>
   </div>
   <div class='ocr_carea' id='block_1_89' title="bbox 333 5549 1909 5623">
    <p class='ocr_par' dir='ltr' id='par_1_89' title="bbox 333 5549 1909 5623">
     <span class='ocr_line' id='line_1_89' title="bbox 333 5549 1909 5623; baseline 0 -21"><span class='ocrx_word' id='word_1_641' title='bbox 333 5551 462 5604; x_wconf 65' lang='grc' dir='ltr'><strong>αὐτὸ</strong></span> <span class='ocrx_word' id='word_1_642' title='bbox 497 5551 598 5622; x_wconf 71' lang='grc' dir='ltr'><strong>μέν</strong></span> <span class='ocrx_word' id='word_1_643' title='bbox 627 5551 1030 5623; x_wconf 79' lang='grc' dir='ltr'><strong>μυσάττεσθαι,</strong></span> <span class='ocrx_word' id='word_1_644' title='bbox 1093 5550 1197 5620; x_wconf 73' lang='grc' dir='ltr'><strong>τὴν</strong></span> <span class='ocrx_word' id='word_1_645' title='bbox 1247 5550 1512 5621; x_wconf 77' lang='grc' dir='ltr'><strong>ἀλήθειαν</strong></span> <span class='ocrx_word' id='word_1_646' title='bbox 1557 5549 1615 5605; x_wconf 77' lang='grc' dir='ltr'><strong>δὲ</strong></span> <span class='ocrx_word' id='word_1_647' title='bbox 1664 5565 1909 5622; x_wconf 78' lang='grc' dir='ltr'><strong>προσκυ-</strong></span> 
     </span>
    </p>
   </div>
   <div class='ocr_carea' id='block_1_90' title="bbox 404 5753 1468 5820">
    <p class='ocr_par' dir='ltr' id='par_1_90' title="bbox 404 5753 1468 5820">
     <span class='ocr_line' id='line_1_90' title="bbox 404 5753 1468 5820; baseline -0.001 -12"><span class='ocrx_word' id='word_1_648' title='bbox 404 5755 442 5784; x_wconf 84' lang='grc'><strong>¹⁹</strong></span> <span class='ocrx_word' id='word_1_649' title='bbox 476 5753 617 5810; x_wconf 75' lang='lat' dir='ltr'><strong>Psal.</strong></span> <span class='ocrx_word' id='word_1_650' title='bbox 646 5768 795 5820; x_wconf 76' lang='lat' dir='ltr'><strong>xuii,</strong></span> <span class='ocrx_word' id='word_1_651' title='bbox 826 5753 879 5810; x_wconf 89' lang='lat'><strong>8.</strong></span> <span class='ocrx_word' id='word_1_652' title='bbox 961 5755 979 5786; x_wconf 85' lang='lat'><strong>’</strong></span> <span class='ocrx_word' id='word_1_653' title='bbox 1012 5754 1154 5812; x_wconf 86' lang='lat' dir='ltr'><strong>Psal.</strong></span> <span class='ocrx_word' id='word_1_654' title='bbox 1179 5769 1380 5820; x_wconf 78' lang='lat' dir='ltr'><strong>Lxxvu,</strong></span> <span class='ocrx_word' id='word_1_655' title='bbox 1415 5753 1468 5808; x_wconf 76' lang='lat'><strong>2.</strong></span> 
     </span>
    </p>
   </div>
   <div class='ocr_carea' id='block_1_91' title="bbox 2012 3245 3599 3317">
    <p class='ocr_par' dir='ltr' id='par_1_91' title="bbox 2012 3245 3599 3317">
     <span class='ocr_line' id='line_1_91' title="bbox 2012 3245 3599 3317; baseline -0.004 -15"><span class='ocrx_word' id='word_1_656' title='bbox 2012 3247 2150 3302; x_wconf 83' lang='lat' dir='ltr'><strong>Cum</strong></span> <span class='ocrx_word' id='word_1_657' title='bbox 2189 3257 2371 3302; x_wconf 86' lang='lat' dir='ltr'><strong>tamen</strong></span> <span class='ocrx_word' id='word_1_658' title='bbox 2405 3245 2552 3316; x_wconf 87' lang='lat' dir='ltr'><strong>apud</strong></span> <span class='ocrx_word' id='word_1_659' title='bbox 2579 3262 2638 3301; x_wconf 90' lang='lat' dir='ltr'><strong>se</strong></span> <span class='ocrx_word' id='word_1_660' title='bbox 2664 3247 2930 3317; x_wconf 88' lang='lat' dir='ltr'><strong>cogitaret</strong></span> <span class='ocrx_word' id='word_1_661' title='bbox 2955 3245 3189 3307; x_wconf 85' lang='lat' dir='ltr'><strong>somnia,</strong></span> <span class='ocrx_word' id='word_1_662' title='bbox 3217 3252 3271 3298; x_wconf 93' lang='lat' dir='ltr'><strong>et</strong></span> <span class='ocrx_word' id='word_1_663' title='bbox 3299 3253 3410 3300; x_wconf 89' lang='lat' dir='ltr'><strong>tota</strong></span> <span class='ocrx_word' id='word_1_664' title='bbox 3438 3251 3599 3297; x_wconf 87' lang='lat' dir='ltr'><strong>nocte</strong></span> 
     </span>
    </p>
   </div>
   <div class='ocr_carea' id='block_1_92' title="bbox 2015 3335 3599 3409">
    <p class='ocr_par' dir='ltr' id='par_1_92' title="bbox 2015 3335 3599 3409">
     <span class='ocr_line' id='line_1_92' title="bbox 2015 3335 3599 3409; baseline -0.004 -14"><span class='ocrx_word' id='word_1_665' title='bbox 2015 3357 2078 3396; x_wconf 85' lang='lat' dir='ltr'><strong>ea</strong></span> <span class='ocrx_word' id='word_1_666' title='bbox 2109 3349 2293 3396; x_wconf 88' lang='lat' dir='ltr'><strong>mente</strong></span> <span class='ocrx_word' id='word_1_667' title='bbox 2322 3349 2592 3403; x_wconf 86' lang='lat' dir='ltr'><strong>versaret,</strong></span> <span class='ocrx_word' id='word_1_668' title='bbox 2645 3349 2932 3409; x_wconf 87' lang='lat' dir='ltr'><strong>postquam</strong></span> <span class='ocrx_word' id='word_1_669' title='bbox 2976 3337 3180 3402; x_wconf 81' lang='lat' dir='ltr'><strong>illuxit,</strong></span> <span class='ocrx_word' id='word_1_670' title='bbox 3207 3335 3418 3391; x_wconf 84' lang='lat' dir='ltr'><strong>audivit</strong></span> <span class='ocrx_word' id='word_1_671' title='bbox 3466 3348 3599 3388; x_wconf 82' lang='lat' dir='ltr'><strong>vero</strong></span> 
     </span>
    </p>
   </div>
   <div class='ocr_carea' id='block_1_93' title="bbox 2019 3427 3596 3502">
    <p class='ocr_par' dir='ltr' id='par_1_93' title="bbox 2019 3427 3596 3502">
     <span class='ocr_line' id='line_1_93' title="bbox 2019 3427 3596 3502; baseline -0.006 -17"><span class='ocrx_word' id='word_1_672' title='bbox 2019 3442 2412 3502; x_wconf 79' lang='lat' dir='ltr'><strong>congregatum</strong></span> <span class='ocrx_word' id='word_1_673' title='bbox 2454 3447 2649 3487; x_wconf 81' lang='lat' dir='ltr'><strong>rursus</strong></span> <span class='ocrx_word' id='word_1_674' title='bbox 2676 3446 2798 3486; x_wconf 87' lang='lat' dir='ltr'><strong>csse</strong></span> <span class='ocrx_word' id='word_1_675' title='bbox 2841 3430 3141 3490; x_wconf 87' lang='lat' dir='ltr'><strong>theatrum,</strong></span> <span class='ocrx_word' id='word_1_676' title='bbox 3188 3436 3246 3482; x_wconf 90' lang='lat' dir='ltr'><strong>et</strong></span> <span class='ocrx_word' id='word_1_677' title='bbox 3281 3427 3596 3484; x_wconf 88' lang='lat' dir='ltr'><strong>hesternam</strong></span> 
     </span>
    </p>
   </div>
   <div class='ocr_carea' id='block_1_94' title="bbox 2015 3518 3597 3594">
    <p class='ocr_par' dir='ltr' id='par_1_94' title="bbox 2015 3518 3597 3594">
     <span class='ocr_line' id='line_1_94' title="bbox 2015 3518 3597 3594; baseline -0.007 -14"><span class='ocrx_word' id='word_1_678' title='bbox 2015 3540 2279 3594; x_wconf 87' lang='lat' dir='ltr'><strong>superare</strong></span> <span class='ocrx_word' id='word_1_679' title='bbox 2317 3524 2603 3577; x_wconf 88' lang='lat' dir='ltr'><strong>hominum</strong></span> <span class='ocrx_word' id='word_1_680' title='bbox 2649 3523 3013 3593; x_wconf 78' lang='lat' dir='ltr'><strong>frequentiam</strong></span> <span class='ocrx_word' id='word_1_681' title='bbox 3041 3518 3318 3575; x_wconf 90' lang='lat' dir='ltr'><strong>desiderio</strong></span> <span class='ocrx_word' id='word_1_682' title='bbox 3348 3531 3597 3573; x_wconf 85' lang='lat' dir='ltr'><strong>commu-</strong></span> 
     </span>
    </p>
   </div>
   <div class='ocr_carea' id='block_1_95' title="bbox 2016 3610 3594 3683">
    <p class='ocr_par' dir='ltr' id='par_1_95' title="bbox 2016 3610 3594 3683">
     <span class='ocr_line' id='line_1_95' title="bbox 2016 3610 3594 3683; baseline -0.004 -13"><span class='ocrx_word' id='word_1_683' title='bbox 2016 3619 2102 3671; x_wconf 89' lang='lat' dir='ltr'><strong>nis</strong></span> <span class='ocrx_word' id='word_1_684' title='bbox 2131 3617 2185 3670; x_wconf 90' lang='lat' dir='ltr'><strong>in</strong></span> <span class='ocrx_word' id='word_1_685' title='bbox 2213 3617 2450 3672; x_wconf 87' lang='lat' dir='ltr'><strong>dicendo</strong></span> <span class='ocrx_word' id='word_1_686' title='bbox 2481 3615 2878 3678; x_wconf 89' lang='lat' dir='ltr'><strong>contentionis,</strong></span> <span class='ocrx_word' id='word_1_687' title='bbox 2901 3624 2957 3668; x_wconf 89' lang='lat' dir='ltr'><strong>et</strong></span> <span class='ocrx_word' id='word_1_688' title='bbox 2984 3615 3206 3669; x_wconf 75' lang='lat' dir='ltr'><strong>athleta:</strong></span> <span class='ocrx_word' id='word_1_689' title='bbox 3230 3610 3594 3683; x_wconf 84' lang='lat' dir='ltr'><strong>probabilita-</strong></span> 
     </span>
    </p>
   </div>
   <div class='ocr_carea' id='block_1_96' title="bbox 2018 3701 3600 3777">
    <p class='ocr_par' dir='ltr' id='par_1_96' title="bbox 2018 3701 3600 3777">
     <span class='ocr_line' id='line_1_96' title="bbox 2018 3701 3600 3777; baseline -0.005 -15"><span class='ocrx_word' id='word_1_690' title='bbox 2018 3710 2109 3772; x_wconf 89' lang='lat' dir='ltr'><strong>tis,</strong></span> <span class='ocrx_word' id='word_1_691' title='bbox 2154 3709 2494 3777; x_wconf 83' lang='lat' dir='ltr'><strong>reliquarum</strong></span> <span class='ocrx_word' id='word_1_692' title='bbox 2544 3723 2732 3763; x_wconf 79' lang='lat' dir='ltr'><strong>rerum</strong></span> <span class='ocrx_word' id='word_1_693' title='bbox 2774 3722 2962 3762; x_wconf 90' lang='lat' dir='ltr'><strong>curam</strong></span> <span class='ocrx_word' id='word_1_694' title='bbox 2997 3707 3188 3761; x_wconf 85' lang='lat' dir='ltr'><strong>dicens</strong></span> <span class='ocrx_word' id='word_1_695' title='bbox 3219 3719 3342 3759; x_wconf 87' lang='lat' dir='ltr'><strong>esse</strong></span> <span class='ocrx_word' id='word_1_696' title='bbox 3371 3701 3600 3773; x_wconf 88' lang='lat' dir='ltr'><strong>postha-</strong></span> 
     </span>
    </p>
   </div>
   <div class='ocr_carea' id='block_1_97' title="bbox 2019 3797 3600 3862">
    <p class='ocr_par' dir='ltr' id='par_1_97' title="bbox 2019 3797 3600 3862">
     <span class='ocr_line' id='line_1_97' title="bbox 2019 3797 3600 3862; baseline -0.005 -7"><span class='ocrx_word' id='word_1_697' title='bbox 2019 3802 2273 3862; x_wconf 82' lang='lat' dir='ltr'><strong>hendam,</strong></span> <span class='ocrx_word' id='word_1_698' title='bbox 2300 3801 2446 3854; x_wconf 86' lang='lat' dir='ltr'><strong>sedit</strong></span> <span class='ocrx_word' id='word_1_699' title='bbox 2468 3803 2522 3854; x_wconf 91' lang='lat' dir='ltr'><strong>in</strong></span> <span class='ocrx_word' id='word_1_700' title='bbox 2567 3800 2852 3857; x_wconf 90' lang='lat' dir='ltr'><strong>tribunali.</strong></span> <span class='ocrx_word' id='word_1_701' title='bbox 2883 3797 3382 3855; x_wconf 87' lang='lat' dir='ltr'><strong>Circumsistebant</strong></span> <span class='ocrx_word' id='word_1_702' title='bbox 3408 3806 3600 3848; x_wconf 88' lang='lat' dir='ltr'><strong>omnes</strong></span> 
     </span>
    </p>
   </div>
   <div class='ocr_carea' id='block_1_98' title="bbox 2015 3885 3599 3960">
    <p class='ocr_par' dir='ltr' id='par_1_98' title="bbox 2015 3885 3599 3960">
     <span class='ocr_line' id='line_1_98' title="bbox 2015 3885 3599 3960; baseline -0.005 -12"><span class='ocrx_word' id='word_1_703' title='bbox 2015 3894 2283 3948; x_wconf 87' lang='lat' dir='ltr'><strong>satellites</strong></span> <span class='ocrx_word' id='word_1_704' title='bbox 2335 3893 2598 3955; x_wconf 90' lang='lat' dir='ltr'><strong>attoniti,</strong></span> <span class='ocrx_word' id='word_1_705' title='bbox 2657 3903 2714 3948; x_wconf 91' lang='lat' dir='ltr'><strong>et</strong></span> <span class='ocrx_word' id='word_1_706' title='bbox 2771 3891 3173 3960; x_wconf 85' lang='lat' dir='ltr'><strong>subjiciebatur</strong></span> <span class='ocrx_word' id='word_1_707' title='bbox 3231 3889 3355 3958; x_wconf 86' lang='lat' dir='ltr'><strong>ejus</strong></span> <span class='ocrx_word' id='word_1_708' title='bbox 3419 3885 3599 3940; x_wconf 80' lang='lat' dir='ltr'><strong>oculis</strong></span> 
     </span>
    </p>
   </div>
   <div class='ocr_carea' id='block_1_99' title="bbox 2015 3978 3600 4052">
    <p class='ocr_par' dir='ltr' id='par_1_99' title="bbox 2015 3978 3600 4052">
     <span class='ocr_line' id='line_1_99' title="bbox 2015 3978 3600 4052; baseline -0.003 -17"><span class='ocrx_word' id='word_1_709' title='bbox 2015 3982 2312 4052; x_wconf 87' lang='lat' dir='ltr'><strong>quodlibet</strong></span> <span class='ocrx_word' id='word_1_710' title='bbox 2374 3982 2806 4038; x_wconf 88' lang='lat' dir='ltr'><strong>instrumentum</strong></span> <span class='ocrx_word' id='word_1_711' title='bbox 2869 3982 3075 4036; x_wconf 81' lang='lat' dir='ltr'><strong>factum</strong></span> <span class='ocrx_word' id='word_1_712' title='bbox 3139 3979 3208 4032; x_wconf 87' lang='lat' dir='ltr'><strong>ad</strong></span> <span class='ocrx_word' id='word_1_713' title='bbox 3260 3978 3600 4046; x_wconf 83' lang='lat' dir='ltr'><strong>torquendos</strong></span> 
     </span>
    </p>
   </div>
   <div class='ocr_carea' id='block_1_100' title="bbox 2017 4070 3598 4143">
    <p class='ocr_par' dir='ltr' id='par_1_100' title="bbox 2017 4070 3598 4143">
     <span class='ocr_line' id='line_1_100' title="bbox 2017 4070 3598 4143; baseline -0.004 -15"><span class='ocrx_word' id='word_1_714' title='bbox 2017 4074 2275 4128; x_wconf 84' lang='lat' dir='ltr'><strong>homines</strong></span> <span class='ocrx_word' id='word_1_715' title='bbox 2304 4073 2403 4143; x_wconf 87' lang='lat' dir='ltr'><strong>(ita</strong></span> <span class='ocrx_word' id='word_1_716' title='bbox 2435 4073 2583 4128; x_wconf 88' lang='lat' dir='ltr'><strong>enim</strong></span> <span class='ocrx_word' id='word_1_717' title='bbox 2609 4074 2850 4142; x_wconf 75' lang='lat' dir='ltr'><strong>iusserat</strong></span> <span class='ocrx_word' id='word_1_718' title='bbox 2881 4070 3278 4139; x_wconf 78' lang='lat' dir='ltr'><strong>Hermogenes,</strong></span> <span class='ocrx_word' id='word_1_719' title='bbox 3307 4079 3366 4122; x_wconf 93' lang='lat' dir='ltr'><strong>ut</strong></span> <span class='ocrx_word' id='word_1_720' title='bbox 3390 4076 3598 4122; x_wconf 86' lang='lat' dir='ltr'><strong>metum</strong></span> 
     </span>
    </p>
   </div>
   <div class='ocr_carea' id='block_1_101' title="bbox 2019 4161 3602 4237">
    <p class='ocr_par' dir='ltr' id='par_1_101' title="bbox 2019 4161 3602 4237">
     <span class='ocr_line' id='line_1_101' title="bbox 2019 4161 3602 4237; baseline -0.004 -17"><span class='ocrx_word' id='word_1_721' title='bbox 2019 4167 2244 4222; x_wconf 85' lang='lat' dir='ltr'><strong>ail‘erret</strong></span> <span class='ocrx_word' id='word_1_722' title='bbox 2272 4166 2854 4237; x_wconf 87' lang='lat' dir='ltr'><strong>martyri).Postquam</strong></span> <span class='ocrx_word' id='word_1_723' title='bbox 2888 4177 3020 4233; x_wconf 86' lang='lat' dir='ltr'><strong>ergo</strong></span> <span class='ocrx_word' id='word_1_724' title='bbox 3047 4162 3165 4217; x_wconf 75' lang='lat' dir='ltr'><strong>haec</strong></span> <span class='ocrx_word' id='word_1_725' title='bbox 3191 4161 3332 4216; x_wconf 77' lang='lat' dir='ltr'><strong>facta</strong></span> <span class='ocrx_word' id='word_1_726' title='bbox 3363 4168 3518 4222; x_wconf 81' lang='lat' dir='ltr'><strong>sunt,</strong></span> <span class='ocrx_word' id='word_1_727' title='bbox 3545 4169 3602 4215; x_wconf 90' lang='lat' dir='ltr'><strong>et</strong></span> 
     </span>
    </p>
   </div>
   <div class='ocr_carea' id='block_1_102' title="bbox 2018 4251 3599 4320">
    <p class='ocr_par' dir='ltr' id='par_1_102' title="bbox 2018 4251 3599 4320">
     <span class='ocr_line' id='line_1_102' title="bbox 2018 4251 3599 4320; baseline -0.006 -5"><span class='ocrx_word' id='word_1_728' title='bbox 2018 4260 2376 4315; x_wconf 85' lang='lat' dir='ltr'><strong>introductus</strong></span> <span class='ocrx_word' id='word_1_729' title='bbox 2409 4265 2498 4313; x_wconf 84' lang='lat' dir='ltr'><strong>est</strong></span> <span class='ocrx_word' id='word_1_730' title='bbox 2525 4266 2752 4313; x_wconf 85' lang='lat' dir='ltr'><strong>sanctus</strong></span> <span class='ocrx_word' id='word_1_731' title='bbox 2783 4255 2999 4309; x_wconf 84' lang='lat' dir='ltr'><strong>vinctus</strong></span> <span class='ocrx_word' id='word_1_732' title='bbox 3027 4253 3275 4315; x_wconf 77' lang='lat' dir='ltr'><strong>funibus,</strong></span> <span class='ocrx_word' id='word_1_733' title='bbox 3297 4251 3429 4308; x_wconf 86' lang='lat' dir='ltr'><strong>dicit</strong></span> <span class='ocrx_word' id='word_1_734' title='bbox 3464 4266 3599 4320; x_wconf 67' lang='lat' dir='ltr'><strong>psm-</strong></span> 
     </span>
    </p>
   </div>
   <div class='ocr_carea' id='block_1_103' title="bbox 2019 4343 3600 4415">
    <p class='ocr_par' dir='ltr' id='par_1_103' title="bbox 2019 4343 3600 4415">
     <span class='ocr_line' id='line_1_103' title="bbox 2019 4343 3600 4415; baseline -0.007 -10"><span class='ocrx_word' id='word_1_735' title='bbox 2019 4351 2194 4406; x_wconf 76' lang='lat' dir='ltr'><strong>iectus</strong></span> <span class='ocrx_word' id='word_1_736' title='bbox 2225 4366 2239 4405; x_wconf 90' lang='lat'><strong>:</strong></span> <span class='ocrx_word' id='word_1_737' title='bbox 2266 4350 2364 4406; x_wconf 91' lang='lat' dir='ltr'><strong>Dic</strong></span> <span class='ocrx_word' id='word_1_738' title='bbox 2396 4349 2530 4403; x_wconf 88' lang='lat' dir='ltr'><strong>mihi</strong></span> <span class='ocrx_word' id='word_1_739' title='bbox 2564 4359 2643 4415; x_wconf 92' lang='lat' dir='ltr'><strong>tu,</strong></span> <span class='ocrx_word' id='word_1_740' title='bbox 2684 4345 3043 4407; x_wconf 68' lang='lat' dir='ltr'><strong>exsccrande,</strong></span> <span class='ocrx_word' id='word_1_741' title='bbox 3092 4359 3328 4414; x_wconf 79' lang='lat' dir='ltr'><strong>quanam</strong></span> <span class='ocrx_word' id='word_1_742' title='bbox 3378 4343 3600 4396; x_wconf 77' lang='lat' dir='ltr'><strong>fortuna</strong></span> 
     </span>
    </p>
   </div>
   <div class='ocr_carea' id='block_1_104' title="bbox 2023 4433 3598 4514">
    <p class='ocr_par' dir='ltr' id='par_1_104' title="bbox 2023 4433 3598 4514">
     <span class='ocr_line' id='line_1_104' title="bbox 2023 4433 3598 4514; baseline -0.007 -17"><span class='ocrx_word' id='word_1_743' title='bbox 2023 4443 2224 4507; x_wconf 84' lang='lat' dir='ltr'><strong>fretus,</strong></span> <span class='ocrx_word' id='word_1_744' title='bbox 2260 4459 2328 4498; x_wconf 90' lang='lat' dir='ltr'><strong>eo</strong></span> <span class='ocrx_word' id='word_1_745' title='bbox 2351 4440 2668 4514; x_wconf 87' lang='lat' dir='ltr'><strong>processisti</strong></span> <span class='ocrx_word' id='word_1_746' title='bbox 2706 4438 2975 4499; x_wconf 68' lang='lat' dir='ltr'><strong>audaciae.</strong></span> <span class='ocrx_word' id='word_1_747' title='bbox 3027 4446 3088 4491; x_wconf 88' lang='lat' dir='ltr'><strong>ut</strong></span> <span class='ocrx_word' id='word_1_748' title='bbox 3123 4437 3327 4506; x_wconf 87' lang='lat' dir='ltr'><strong>pepulo</strong></span> <span class='ocrx_word' id='word_1_749' title='bbox 3373 4433 3598 4505; x_wconf 86' lang='lat' dir='ltr'><strong>quidem</strong></span> 
     </span>
    </p>
   </div>
   <div class='ocr_carea' id='block_1_105' title="bbox 2020 4524 3599 4605">
    <p class='ocr_par' dir='ltr' id='par_1_105' title="bbox 2020 4524 3599 4605">
     <span class='ocr_line' id='line_1_105' title="bbox 2020 4524 3599 4605; baseline -0.008 -15"><span class='ocrx_word' id='word_1_750' title='bbox 2020 4533 2413 4605; x_wconf 84' lang='lat' dir='ltr'><strong>persuaderes,</strong></span> <span class='ocrx_word' id='word_1_751' title='bbox 2449 4541 2560 4586; x_wconf 88' lang='lat' dir='ltr'><strong>uta</strong></span> <span class='ocrx_word' id='word_1_752' title='bbox 2601 4538 2872 4600; x_wconf 80' lang='lat' dir='ltr'><strong>potestate</strong></span> <span class='ocrx_word' id='word_1_753' title='bbox 2905 4529 3168 4585; x_wconf 82' lang='lat' dir='ltr'><strong>deﬁceret</strong></span> <span class='ocrx_word' id='word_1_754' title='bbox 3208 4524 3559 4597; x_wconf 82' lang='lat' dir='ltr'><strong>imperatoris</strong></span> <span class='ocrx_word' id='word_1_755' title='bbox 3582 4562 3599 4587; x_wconf 93' lang='lat'><strong>,</strong></span> 
     </span>
    </p>
   </div>
   <div class='ocr_carea' id='block_1_106' title="bbox 2022 4623 3602 4696">
    <p class='ocr_par' dir='ltr' id='par_1_106' title="bbox 2022 4623 3602 4696">
     <span class='ocr_line' id='line_1_106' title="bbox 2022 4623 3602 4696; baseline -0.006 -14"><span class='ocrx_word' id='word_1_756' title='bbox 2022 4627 2587 4696; x_wconf 81' lang='lat' dir='ltr'><strong>impudenterautem</strong></span> <span class='ocrx_word' id='word_1_757' title='bbox 2613 4623 2722 4680; x_wconf 90' lang='lat' dir='ltr'><strong>diis</strong></span> <span class='ocrx_word' id='word_1_758' title='bbox 2751 4623 3091 4689; x_wconf 83' lang='lat' dir='ltr'><strong>detraheret,</strong></span> <span class='ocrx_word' id='word_1_759' title='bbox 3127 4632 3184 4678; x_wconf 91' lang='lat' dir='ltr'><strong>et</strong></span> <span class='ocrx_word' id='word_1_760' title='bbox 3209 4632 3355 4676; x_wconf 87' lang='lat' dir='ltr'><strong>tuam</strong></span> <span class='ocrx_word' id='word_1_761' title='bbox 3388 4627 3602 4674; x_wconf 86' lang='lat' dir='ltr'><strong>teneret</strong></span> 
     </span>
    </p>
   </div>
   <div class='ocr_carea' id='block_1_107' title="bbox 2019 4711 3601 4786">
    <p class='ocr_par' dir='ltr' id='par_1_107' title="bbox 2019 4711 3601 4786">
     <span class='ocr_line' id='line_1_107' title="bbox 2019 4711 3601 4786; baseline -0.009 -11"><span class='ocrx_word' id='word_1_762' title='bbox 2019 4719 2378 4780; x_wconf 87' lang='lat' dir='ltr'><strong>sententiam,</strong></span> <span class='ocrx_word' id='word_1_763' title='bbox 2428 4727 2484 4772; x_wconf 89' lang='lat' dir='ltr'><strong>et</strong></span> <span class='ocrx_word' id='word_1_764' title='bbox 2527 4716 2608 4771; x_wconf 90' lang='lat' dir='ltr'><strong>sic</strong></span> <span class='ocrx_word' id='word_1_765' title='bbox 2643 4725 2873 4786; x_wconf 88' lang='lat' dir='ltr'><strong>repente</strong></span> <span class='ocrx_word' id='word_1_766' title='bbox 2919 4725 3024 4770; x_wconf 62' lang='lat' dir='ltr'><strong>tua:</strong></span> <span class='ocrx_word' id='word_1_767' title='bbox 3081 4716 3280 4784; x_wconf 73' lang='lat' dir='ltr'><strong>linguae</strong></span> <span class='ocrx_word' id='word_1_768' title='bbox 3318 4711 3601 4779; x_wconf 86' lang='lat' dir='ltr'><strong>mentique</strong></span> 
     </span>
    </p>
   </div>
   <div class='ocr_carea' id='block_1_108' title="bbox 2020 4802 3600 4872">
    <p class='ocr_par' dir='ltr' id='par_1_108' title="bbox 2020 4802 3600 4872">
     <span class='ocr_line' id='line_1_108' title="bbox 2020 4802 3600 4872; baseline -0.008 -6"><span class='ocrx_word' id='word_1_769' title='bbox 2020 4812 2423 4866; x_wconf 65' lang='lat' dir='ltr'><strong>adhaeresceret</strong></span> <span class='ocrx_word' id='word_1_770' title='bbox 2451 4827 2467 4864; x_wconf 85' lang='lat'><strong>:</strong></span> <span class='ocrx_word' id='word_1_771' title='bbox 2497 4819 2553 4863; x_wconf 93' lang='lat' dir='ltr'><strong>et</strong></span> <span class='ocrx_word' id='word_1_772' title='bbox 2581 4809 2873 4864; x_wconf 89' lang='lat' dir='ltr'><strong>convictus</strong></span> <span class='ocrx_word' id='word_1_773' title='bbox 2900 4822 2960 4862; x_wconf 89' lang='lat' dir='ltr'><strong>es</strong></span> <span class='ocrx_word' id='word_1_774' title='bbox 3001 4805 3253 4861; x_wconf 79' lang='lat' dir='ltr'><strong>criminis</strong></span> <span class='ocrx_word' id='word_1_775' title='bbox 3292 4802 3600 4872; x_wconf 70' lang='lat' dir='ltr'><strong>peregrina:</strong></span> 
     </span>
    </p>
   </div>
   <div class='ocr_carea' id='block_1_109' title="bbox 2019 4888 3596 4972">
    <p class='ocr_par' dir='ltr' id='par_1_109' title="bbox 2019 4888 3596 4972">
     <span class='ocr_line' id='line_1_109' title="bbox 2019 4888 3596 4972; baseline -0.009 -16"><span class='ocrx_word' id='word_1_776' title='bbox 2019 4921 2048 4956; x_wconf 87' lang='lat' dir='ltr'><strong>a</strong></span> <span class='ocrx_word' id='word_1_777' title='bbox 2080 4914 2130 4957; x_wconf 89' lang='lat' dir='ltr'><strong>te</strong></span> <span class='ocrx_word' id='word_1_778' title='bbox 2161 4902 2491 4958; x_wconf 70' lang='lat' dir='ltr'><strong>introductae</strong></span> <span class='ocrx_word' id='word_1_779' title='bbox 2522 4901 2828 4972; x_wconf 88' lang='lat' dir='ltr'><strong>religionis,</strong></span> <span class='ocrx_word' id='word_1_780' title='bbox 2872 4908 2928 4954; x_wconf 91' lang='lat' dir='ltr'><strong>et</strong></span> <span class='ocrx_word' id='word_1_781' title='bbox 2957 4897 3224 4952; x_wconf 72' lang='lat' dir='ltr'><strong>affectata:</strong></span> <span class='ocrx_word' id='word_1_782' title='bbox 3251 4888 3596 4964; x_wconf 81' lang='lat' dir='ltr'><strong>tyrannidisi</strong></span> 
     </span>
    </p>
   </div>
   <div class='ocr_carea' id='block_1_110' title="bbox 2021 4984 3596 5065">
    <p class='ocr_par' dir='ltr' id='par_1_110' title="bbox 2021 4984 3596 5065">
     <span class='ocr_line' id='line_1_110' title="bbox 2021 4984 3596 5065; baseline -0.01 -13"><span class='ocrx_word' id='word_1_783' title='bbox 2021 4997 2102 5052; x_wconf 80' lang='lat' dir='ltr'><strong>Ad</strong></span> <span class='ocrx_word' id='word_1_784' title='bbox 2135 4997 2247 5052; x_wconf 58' lang='lat' dir='ltr'><strong>haec</strong></span> <span class='ocrx_word' id='word_1_785' title='bbox 2271 5004 2498 5052; x_wconf 89' lang='lat' dir='ltr'><strong>sanctus</strong></span> <span class='ocrx_word' id='word_1_786' title='bbox 2525 5012 2538 5048; x_wconf 90' lang='lat'><strong>:</strong></span> <span class='ocrx_word' id='word_1_787' title='bbox 2562 4994 2718 5061; x_wconf 87' lang='lat' dir='ltr'><strong>Quod</strong></span> <span class='ocrx_word' id='word_1_788' title='bbox 2751 4991 3094 5065; x_wconf 82' lang='lat' dir='ltr'><strong>tyrannidem</strong></span> <span class='ocrx_word' id='word_1_789' title='bbox 3125 4987 3368 5058; x_wconf 90' lang='lat' dir='ltr'><strong>quidem,</strong></span> <span class='ocrx_word' id='word_1_790' title='bbox 3395 4984 3596 5053; x_wconf 70' lang='lat' dir='ltr'><strong>inquit,</strong></span> 
     </span>
    </p>
   </div>
   <div class='ocr_carea' id='block_1_111' title="bbox 2022 5075 3597 5154">
    <p class='ocr_par' dir='ltr' id='par_1_111' title="bbox 2022 5075 3597 5154">
     <span class='ocr_line' id='line_1_111' title="bbox 2022 5075 3597 5154; baseline -0.007 -10"><span class='ocrx_word' id='word_1_791' title='bbox 2022 5106 2130 5144; x_wconf 89' lang='lat' dir='ltr'><strong>non</strong></span> <span class='ocrx_word' id='word_1_792' title='bbox 2165 5089 2440 5154; x_wconf 60' lang='lat' dir='ltr'><strong>affectent,</strong></span> <span class='ocrx_word' id='word_1_793' title='bbox 2476 5087 2794 5142; x_wconf 89' lang='lat' dir='ltr'><strong>moderalus</strong></span> <span class='ocrx_word' id='word_1_794' title='bbox 2825 5085 2937 5149; x_wconf 90' lang='lat' dir='ltr'><strong>hic,</strong></span> <span class='ocrx_word' id='word_1_795' title='bbox 2971 5082 3026 5137; x_wconf 92' lang='lat' dir='ltr'><strong>in</strong></span> <span class='ocrx_word' id='word_1_796' title='bbox 3056 5095 3166 5152; x_wconf 92' lang='lat' dir='ltr'><strong>quo</strong></span> <span class='ocrx_word' id='word_1_797' title='bbox 3195 5093 3281 5132; x_wconf 90' lang='lat' dir='ltr'><strong>me</strong></span> <span class='ocrx_word' id='word_1_798' title='bbox 3314 5075 3597 5134; x_wconf 75' lang='lat' dir='ltr'><strong>invenisti.</strong></span> 
     </span>
    </p>
   </div>
   <div class='ocr_carea' id='block_1_112' title="bbox 2024 5169 3598 5248">
    <p class='ocr_par' dir='ltr' id='par_1_112' title="bbox 2024 5169 3598 5248">
     <span class='ocr_line' id='line_1_112' title="bbox 2024 5169 3598 5248; baseline -0.011 -11"><span class='ocrx_word' id='word_1_799' title='bbox 2024 5183 2248 5238; x_wconf 84' lang='lat' dir='ltr'><strong>habitus</strong></span> <span class='ocrx_word' id='word_1_800' title='bbox 2278 5190 2407 5236; x_wconf 90' lang='lat' dir='ltr'><strong>ante</strong></span> <span class='ocrx_word' id='word_1_801' title='bbox 2439 5195 2526 5234; x_wconf 88' lang='lat' dir='ltr'><strong>me</strong></span> <span class='ocrx_word' id='word_1_802' title='bbox 2555 5194 2656 5248; x_wconf 92' lang='lat' dir='ltr'><strong>pro</strong></span> <span class='ocrx_word' id='word_1_803' title='bbox 2687 5193 2774 5233; x_wconf 90' lang='lat' dir='ltr'><strong>me</strong></span> <span class='ocrx_word' id='word_1_804' title='bbox 2805 5173 3116 5248; x_wconf 85' lang='lat' dir='ltr'><strong>respondit.</strong></span> <span class='ocrx_word' id='word_1_805' title='bbox 3147 5169 3420 5240; x_wconf 88' lang='lat' dir='ltr'><strong>Populum</strong></span> <span class='ocrx_word' id='word_1_806' title='bbox 3464 5180 3598 5220; x_wconf 79' lang='lat' dir='ltr'><strong>vero</strong></span> 
     </span>
    </p>
   </div>
   <div class='ocr_carea' id='block_1_113' title="bbox 2022 5258 3602 5346">
    <p class='ocr_par' dir='ltr' id='par_1_113' title="bbox 2022 5258 3602 5346">
     <span class='ocr_line' id='line_1_113' title="bbox 2022 5258 3602 5346; baseline -0.011 -18"><span class='ocrx_word' id='word_1_807' title='bbox 2022 5291 2133 5328; x_wconf 89' lang='lat' dir='ltr'><strong>non</strong></span> <span class='ocrx_word' id='word_1_808' title='bbox 2176 5275 2292 5346; x_wconf 88' lang='lat' dir='ltr'><strong>ipse</strong></span> <span class='ocrx_word' id='word_1_809' title='bbox 2323 5271 2569 5343; x_wconf 79' lang='lat' dir='ltr'><strong>persuasi</strong></span> <span class='ocrx_word' id='word_1_810' title='bbox 2605 5270 2868 5333; x_wconf 82' lang='lat' dir='ltr'><strong>deiicere,</strong></span> <span class='ocrx_word' id='word_1_811' title='bbox 2908 5265 3002 5322; x_wconf 90' lang='lat' dir='ltr'><strong>sed</strong></span> <span class='ocrx_word' id='word_1_812' title='bbox 3039 5263 3191 5320; x_wconf 79' lang='lat' dir='ltr'><strong>zelus</strong></span> <span class='ocrx_word' id='word_1_813' title='bbox 3222 5261 3336 5323; x_wconf 90' lang='lat' dir='ltr'><strong>Dei,</strong></span> <span class='ocrx_word' id='word_1_814' title='bbox 3370 5258 3466 5330; x_wconf 82' lang='lat' dir='ltr'><strong>qui</strong></span> <span class='ocrx_word' id='word_1_815' title='bbox 3504 5273 3602 5325; x_wconf 79' lang='lat' dir='ltr'><strong>per</strong></span> 
     </span>
    </p>
   </div>
   <div class='ocr_carea' id='block_1_114' title="bbox 2019 5351 3586 5436">
    <p class='ocr_par' dir='ltr' id='par_1_114' title="bbox 2019 5351 3586 5436">
     <span class='ocr_line' id='line_1_114' title="bbox 2019 5351 3586 5436; baseline -0.012 -15"><span class='ocrx_word' id='word_1_816' title='bbox 2019 5368 2174 5436; x_wconf 82' lang='lat' dir='ltr'><strong>signa</strong></span> <span class='ocrx_word' id='word_1_817' title='bbox 2207 5367 2276 5420; x_wconf 87' lang='lat' dir='ltr'><strong>ab</strong></span> <span class='ocrx_word' id='word_1_818' title='bbox 2317 5364 2400 5419; x_wconf 88' lang='lat' dir='ltr'><strong>eis</strong></span> <span class='ocrx_word' id='word_1_819' title='bbox 2431 5361 2538 5417; x_wconf 79' lang='lat' dir='ltr'><strong>fuit</strong></span> <span class='ocrx_word' id='word_1_820' title='bbox 2569 5360 2811 5427; x_wconf 82' lang='lat' dir='ltr'><strong>agnitus.</strong></span> <span class='ocrx_word' id='word_1_821' title='bbox 2859 5358 2935 5413; x_wconf 88' lang='lat' dir='ltr'><strong>De</strong></span> <span class='ocrx_word' id='word_1_822' title='bbox 2973 5355 3079 5410; x_wconf 88' lang='lat' dir='ltr'><strong>tuis</strong></span> <span class='ocrx_word' id='word_1_823' title='bbox 3103 5363 3291 5410; x_wconf 85' lang='lat' dir='ltr'><strong>autem</strong></span> <span class='ocrx_word' id='word_1_824' title='bbox 3326 5358 3385 5406; x_wconf 83' lang='lat' dir='ltr'><strong>et</strong></span> <span class='ocrx_word' id='word_1_825' title='bbox 3414 5351 3586 5419; x_wconf 79' lang='lat' dir='ltr'><strong>impe-</strong></span> 
     </span>
    </p>
   </div>
   <div class='ocr_carea' id='block_1_115' title="bbox 2021 5441 3555 5522">
    <p class='ocr_par' dir='ltr' id='par_1_115' title="bbox 2021 5441 3555 5522">
     <span class='ocr_line' id='line_1_115' title="bbox 2021 5441 3555 5522; baseline -0.01 -10"><span class='ocrx_word' id='word_1_826' title='bbox 2021 5456 2225 5513; x_wconf 86' lang='lat' dir='ltr'><strong>ratoris</strong></span> <span class='ocrx_word' id='word_1_827' title='bbox 2247 5455 2352 5510; x_wconf 88' lang='lat' dir='ltr'><strong>diis</strong></span> <span class='ocrx_word' id='word_1_828' title='bbox 2375 5454 2514 5509; x_wconf 89' lang='lat' dir='ltr'><strong>male</strong></span> <span class='ocrx_word' id='word_1_829' title='bbox 2543 5451 2680 5515; x_wconf 84' lang='lat' dir='ltr'><strong>dixi,</strong></span> <span class='ocrx_word' id='word_1_830' title='bbox 2716 5450 2865 5522; x_wconf 80' lang='lat' dir='ltr'><strong>quod</strong></span> <span class='ocrx_word' id='word_1_831' title='bbox 2901 5457 3115 5520; x_wconf 88' lang='lat' dir='ltr'><strong>oportet</strong></span> <span class='ocrx_word' id='word_1_832' title='bbox 3142 5459 3366 5500; x_wconf 82' lang='lat' dir='ltr'><strong>omnem</strong></span> <span class='ocrx_word' id='word_1_833' title='bbox 3406 5441 3555 5498; x_wconf 87' lang='lat' dir='ltr'><strong>homi</strong></span> 
     </span>
    </p>
   </div>
   <div class='ocr_carea' id='block_1_116' title="bbox 2021 5538 3589 5616">
    <p class='ocr_par' dir='ltr' id='par_1_116' title="bbox 2021 5538 3589 5616">
     <span class='ocr_line' id='line_1_116' title="bbox 2021 5538 3589 5616; baseline -0.01 -12"><span class='ocrx_word' id='word_1_834' title='bbox 2021 5564 2169 5615; x_wconf 87' lang='lat' dir='ltr'><strong>nem,</strong></span> <span class='ocrx_word' id='word_1_835' title='bbox 2199 5561 2324 5603; x_wconf 89' lang='lat' dir='ltr'><strong>cum</strong></span> <span class='ocrx_word' id='word_1_836' title='bbox 2361 5545 2574 5602; x_wconf 84' lang='lat' dir='ltr'><strong>ratione</strong></span> <span class='ocrx_word' id='word_1_837' title='bbox 2606 5552 2661 5600; x_wconf 90' lang='lat' dir='ltr'><strong>et</strong></span> <span class='ocrx_word' id='word_1_838' title='bbox 2687 5542 2901 5616; x_wconf 85' lang='lat' dir='ltr'><strong>judicio</strong></span> <span class='ocrx_word' id='word_1_839' title='bbox 2923 5541 3116 5596; x_wconf 77' lang='lat' dir='ltr'><strong>falsum</strong></span> <span class='ocrx_word' id='word_1_840' title='bbox 3136 5538 3589 5611; x_wconf 68' lang='lat' dir='ltr'><strong>deprehenderit,</strong></span> 
     </span>
    </p>
   </div>
  </div>
