4094 6384
367 301 474 363 385

1262 307 1724 367 MARTYRIUM
1772 307 1830 366 S.
1875 307 2105 365 MENfE
2149 306 2243 365 ET
2287 307 2697 368 SOCIORUM.

3516 314 3626 376 336

362 413 604 480 ᾄδουσαν
641 415 707 466 τὰ
746 415 1017 482 μεγαλεῖα
1072 416 1164 469 τοῦ
1223 417 1382 472 Θεοῦ.
1429 419 1583 470 Ἐπεὶ
1629 419 1685 470 δὲ
1723 422 1921 488 μηχανῇ

2049 417 2236 474 studio
2283 420 2566 482 lictorum,
2621 421 2804 486 lingua
2858 423 3083 493 martyri
3111 425 3410 480 crudeliter
3439 431 3624 484 evuisa

364 521 471 554 τινι
506 506 600 556 καὶ
652 505 858 575 σπουδῇ
918 509 1026 560 τῶν
1053 510 1344 579 ὑπηρετῶν
1375 511 1408 579 ἠ
1440 509 1656 578 γλῶττα
1687 509 1765 579 τῷ
1803 511 1944 579 μάρ-

362 612 486 665 τυρι
513 594 607 648 τοῦ
641 595 789 665 ίεροῠ
823 599 1096 666 στόματος
1151 600 1529 672 ἀπηνέστερον
1583 602 1933 673 ἑξειλκύσθη,

361 687 457 740 καὶ
479 685 637 739 αὐτοὶ
661 689 760 750 τὰς
790 689 899 741 τῶν
927 689 1168 761 σιδήρων
1199 692 1384 760 ἀκμάς
1426 694 1934 762 προσεμϐάλλοντες

361 778 614 831 κάτωθεν
645 781 816 849 αὐτὴν
845 781 1158 850 ἀπέτεμνον
1213 783 1318 853 ἠδη
1336 822 1351 847 ,
1386 783 1595 853 ἔπασχε
1630 786 1729 855 μὲν
1757 790 1786 838 6
1811 803 1940 854 γενέ

357 871 554 935 νάδας,
607 874 704 923 καὶ
751 873 966 943 πλήρης
1009 875 1220 940 ἀγῶνος
1257 871 1324 945 ἦν
1363 876 1462 945 τὴν
1509 877 1726 947 ψυχήνο
1760 878 1939 949 ὴνδρί-

358 966 486 1027 ξετο
512 966 570 1020 δὲ
600 968 696 1019 καὶ
727 967 919 1036 ἔφερε,
976 970 1070 1020 καὶ
1100 969 1235 1039 πρὸς
1270 970 1507 1038 Χριστὸν
1539 971 1669 1039 ὅλην
1700 972 1934 1024 ἐνέτεινε

355 1056 457 1125 τὴν
480 1057 744 1110 διάνοιαν.
783 1057 871 1120 Ὠς
902 1058 957 1111 δὲ
991 1058 1146 1121 τέλος
1172 1056 1322 1129 εἶχεν
1375 1061 1407 1131 η
1456 1059 1714 1130 βάσανος.
1761 1065 1789 1116 6
1834 1064 1934 1132 μὲν

354 1149 510 1210 τόνος
558 1147 655 1202 τοῦ
689 1149 941 1218 σώματος
974 1151 1184 1218 ἔκαμνε
1230 1151 1306 1220 τῷ
1351 1153 1514 1222 ἁγίῳ,
1547 1152 1715 1215 αὐτὸς
1744 1153 1803 1205 δὲ
1833 1155 1934 1224 τὴν

354 1239 537 1309 ψυχὴν
597 1241 674 1310 τῷ
707 1242 859 1308 πόθῳ
913 1240 992 1312 τῷ
1049 1242 1187 1311 πρὸς
1246 1241 1482 1312 Χριστὸν
1546 1243 1932 1314 νευρούμενος,

354 1333 547 1400 ἠρέμα
573 1330 768 1402 διάρας
791 1334 892 1404 τὴν
923 1333 1194 1404 κεφαλὴν,
1223 1335 1523 1389 ἀποπτύων
1581 1337 1640 1390 δὲ
1685 1337 1744 1389 τὸ
1799 1337 1935 1390 πολὺ

352 1423 450 1476 τοῦ
477 1423 739 1493 αἵματος,
769 1428 865 1478 καὶ
893 1425 1032 1489 ὅλως
1061 1429 1186 1492 ταῖς
1218 1430 1554 1498 καταρῥοαίς
1585 1429 1935 1498 φοινισσόμε-

355 1530 468 1576 νσς,
506 1515 642 1585 πρὸς
674 1515 891 1580 πάντας
920 1516 1176 1586 ἡτένιζεν
1207 1517 1474 1590 εὐθαρσὲς
1496 1557 1512 1581 ,
1573 1520 1668 1572 καὶ
1698 1520 1932 1590 νεύμασι

353 1605 436 1674 τῷ
466 1621 526 1658 τε
557 1606 786 1677 ιπάρχῳ
814 1609 916 1677 τὴν
945 1610 1075 1681 περὶ
1123 1611 1191 1663 τὰ
1213 1610 1363 1664 διινά
1390 1612 1643 1680 γνώμην,
1692 1613 1789 1665 καὶ
1849 1613 1930 1682 τῷ

351 1695 512 1766 δήμῳ
573 1698 672 1768 τὴν
731 1701 1034 1771 καρτερίαν
1091 1702 1397 1771 ἐσήμαινε·
1449 1704 1544 1757 καὶ
1569 1702 1643 1766 ὡς
1669 1703 1731 1756 ού
1767 1703 1928 1773 μόνον

2057 511 2158 564 fuit
2187 526 2253 564 ex
2284 526 2380 565 ore
2412 526 2596 574 sacro,
2647 522 2705 567 et
2750 512 2850 580 ipsi
2877 513 3008 567 ferri
3033 517 3209 571 aciem
3247 517 3505 574 deorsum
3538 519 3596 573 in

2045 601 2322 671 jicientes,
2383 618 2504 656 eam
2554 602 2668 671 jam
2709 604 3128 676 exscindebant,
3180 608 3498 677 patiebatur
3535 612 3622 664 vir

2049 708 2368 761 generosus,
2419 703 2475 746 et
2526 709 2731 763 angore
2779 697 2977 762 plenus
3027 707 3148 752 erat
3206 701 3328 769 ejus
3379 703 3608 758 animus

2052 785 2268 839 Fortem
2303 795 2484 838 tamen
2513 800 2573 840 se
2603 788 2904 855 praebebat,
2943 798 3000 842 et
3039 790 3107 844 ad
3134 791 3420 848 Christum
3452 802 3622 850 totam

2047 891 2202 929 suam
2252 875 2528 942 dirigebat
2577 877 2996 946 cogitationem.
3073 881 3370 950 Postquam
3436 895 3624 942 autem

2048 965 2211 1020 tinem
2239 969 2456 1036 accepit
2496 976 2858 1032 tormentum,
2905 970 3180 1025 defessum
3216 973 3442 1040 quidem
3500 987 3627 1032 erat

2045 1064 2238 1109 sancto
2271 1055 2441 1110 robur
2470 1058 2718 1124 corporis
2752 1073 2764 1108 :
2804 1057 2919 1127 ipse
2957 1075 3087 1113 vero
3118 1060 3325 1116 Christi
3349 1065 3626 1122 desiderio

2044 1150 2230 1202 animo
2274 1149 2674 1216 conﬁrmatus,
2749 1153 2954 1212 sensim
3032 1152 3250 1208 sublato
3303 1157 3509 1226 capite,
3567 1170 3627 1214 et

2043 1240 2275 1294 multum
2336 1245 2659 1312 sanguinem
2715 1259 3034 1313 exspuens,
3103 1254 3160 1299 et
3211 1246 3624 1305 deﬂuxionibus

2042 1340 2188 1387 totus
2213 1332 2444 1387 eﬂ‘ectus
2490 1350 2828 1404 purpureus,
2875 1335 3223 1392 conﬁdenter
3254 1353 3452 1393 omnes
3493 1338 3615 1396 lixis

2040 1422 2344 1491 aspiciebat
2377 1424 2556 1478 oculis
2583 1443 2596 1479 :
2622 1435 2678 1481 et
2708 1436 2844 1481 nutu
2878 1427 3141 1496 praefecto
3164 1443 3327 1483 suum
3359 1430 3415 1484 in
3449 1430 3618 1485 rebus

2039 1514 2252 1582 asperis
2276 1515 2520 1569 animum
2545 1557 2557 1578 ,
2592 1527 2648 1571 et
2686 1518 2889 1587 populo
2927 1533 3083 1572 suam
3119 1521 3469 1590 signiﬁcabat
3499 1523 3614 1576 for-

2037 1606 2329 1660 titudinem
2367 1624 2380 1660 :
2413 1616 2468 1661 et
2502 1623 2562 1662 se
2588 1624 2695 1662 non
2750 1610 2912 1664 modo
2945 1626 3059 1666 non
3097 1613 3316 1676 cedere,
3370 1613 3466 1668 sed
3500 1629 3624 1668 eam

2039 1713 2151 1750 rem
2207 1697 2374 1751 etiam
2433 1698 2664 1754 delicias
2724 1710 2957 1770 putare,
3018 1712 3075 1759 et
3139 1714 3376 1759 mortem
3439 1705 3622 1762 sitire.

352 1787 457 1839 οὐκ
485 1787 788 1854 ινδίδωσιν,
815 1769 954 1843 ἀλλὰ
979 1791 1074 1843 καὶ
1096 1769 1312 1862 τρυιρὴν
1331 1793 1551 1861 ἡγεῖται
1578 1792 1640 1844 τὸ
1673 1769 1821 1863 πράγ
1833 1809 1921 1861 μα

2041 1787 2342 1842 Praefectus
2365 1797 2552 1844 autem
2581 1769 2771 1844 lurore
2795 1801 3114 1860 correptus,
3153 1793 3302 1863 quod
3333 1795 3500 1850 etiam
3532 1797 3624 1850 lu-

354 1876 453 1929 καὶ
510 1878 744 1932 ῠανάτου
787 1879 936 1950 διψᾷ.
982 1880 1041 1934 '0
1080 1881 1137 1936 δὲ
1181 1882 1426 1953 ἔπαρχος
1461 1882 1631 1954 μανίᾳ
1673 1884 1925 1955 ληφθεὶς,

350 1964 436 2015 ὅτι
462 1965 559 2016 καὶ
585 1967 938 2030 καταπαίζων
968 1967 1068 2036 τῆς
1120 1972 1412 2040 τιμωρίας,
1430 1973 1685 2042 μάρτυρα
1707 1976 1804 2042 τῆς
1834 1976 1933 2028 ἀν-

348 2052 508 2122 δρίας
570 2055 809 2109 εποιείτο
855 2058 948 2109 τὸν
1016 2059 1187 2127 δῆμον
1240 2065 1351 2122 τοίς
1409 2064 1602 2117 ἑαυτοῦ
1664 2064 1924 2135 νεύμασι,

353 2147 737 2216 προσέταττεν
788 2149 996 2213 εὐθέως
1068 2153 1372 2223 ἐκκοπῆναι
1432 2156 1601 2210 αὑτοῦ
1649 2159 1744 2211 καὶ
1805 2163 1932 2221 τοὺς

349 2237 690 2308 ὀφθαλμούς.
739 2237 826 2303 Ὠς
853 2241 910 2294 δὲ
941 2241 1080 2295 πολὺ
1123 2243 1184 2295 τὸ
1217 2245 1379 2314 τάχος
1433 2248 1658 2317 εἰσῆγον
1697 2251 1746 2304 οἱ
1795 2251 1932 2320 πρὸς

350 2328 531 2381 ταῦτα
581 2328 1026 2400 διακονούμενοι,
1081 2336 1174 2387 καὶ
1229 2338 1576 2409 παραχρῆμα
1607 2340 1814 2410 μηδένα
1851 2339 1930 2396 οἷ-

353 2435 480 2470 κτον
508 2419 611 2488 τῆς
644 2423 828 2491 κοινῆς
889 2426 1212 2498 ποιούμενοι
1263 2429 1505 2498 φύσεως,
1572 2436 1931 2504 περισχόντες

350 2511 444 2561 τὸν
499 2511 764 2583 ἀθλητὴν,
809 2515 976 2584 ὠμῶς
1008 2518 1174 2570 αὑτοῦ
1202 2520 1331 2583 τοὺς
1379 2521 1569 2596 ’ἱεροὺς
1624 2523 1958 2594 ἐξώρυττον.

349 2599 686 2671 ὀφθαλμοὺς,
743 2606 1038 2675 ἀλγοῦντος
1091 2611 1212 2679 μὲν,
1251 2613 1370 2676 πῶς
1402 2614 1512 2684 γὰρ
1541 2615 1640 2683 οὕ;
1690 2619 1780 2670 καὶ
1818 2620 1916 2687 τῆς

347 2691 703 2766 ἀνθρωπίνης
722 2697 940 2766 φύσεως
979 2701 1451 2772 ύποσημαίνοντος
1479 2707 1578 2777 τὴν
1613 2709 1922 2773 ἀσθένειχν,

349 2777 607 2851 φέροντος
659 2785 714 2838 δὲ
765 2791 867 2842 κάν
917 2789 1090 2860 τούτῳ
1123 2795 1389 2859 γενναίως
1420 2798 1516 2849 καὶ
1543 2800 1644 2869 τὴν
1679 2802 1925 2871 κεφαλὴν

347 2873 742 2940 ἐκκλίνοντος,
791 2880 984 2943 ὁσάκις
1036 2884 1102 2936 ἂν
1149 2886 1322 2956 αὐτὴν
1379 2890 1570 2943 ἄνετον
1623 2891 1772 2962 ἔσχε,
1832 2895 1927 2948 καὶ

347 2960 540 3036 ὥσπερ
574 2966 650 3035 τῷ
678 2972 929 3045 Δεσπὸτῃ
960 2975 1122 3044 χάριν
1160 2977 1556 3046 ὁμολογοῦντος
1602 2985 1685 3036 ὅτι
1752 2986 1928 3038 τοιού-

345 3073 455 3109 των
489 3058 700 3148 ἠξιώθη
724 3062 834 3114 τῶν
880 3067 1101 3132 ἀγαθῶν
1127 3084 1141 3099 ·
1191 3073 1220 3121 6
1275 3071 1538 3142 ἔπαρχος,
1598 3075 1790 3128 παθὼν
1826 3078 1924 3148 τὴν

2042 1876 2278 1930 diticans
2309 1877 2668 1946 supplicium,
2703 1882 2971 1949 populum
2999 1883 3119 1936 suis
3157 1885 3388 1940 nutibus
3427 1894 3623 1940 testem

2043 1967 2248 2022 laceret
2277 1983 2391 2023 sua:
2443 1969 2624 2038 magni
2657 1971 2827 2024 animi
2878 1973 3126 2036 virtutis,
3167 1974 3333 2044 jussit
3364 1978 3624 2045 protinus

2041 2062 2165 2131 ejus
2193 2076 2414 2129 quoque
2446 2063 2694 2118 exscindi
2723 2065 2936 2122 oculos.
2962 2067 3262 2136 Postquam
3290 2085 3424 2124 vero
3455 2071 3620 2124 mini-

2047 2154 2116 2207 tri
2179 2155 2246 2207 ad
2311 2153 2415 2208 hoc
2475 2171 2726 2226 magnam
2785 2158 3092 2214 adhibuere
3119 2161 3502 2230 diligentiam,
3560 2171 3618 2218 et

2043 2249 2255 2310 statim,
2285 2248 2436 2303 nulla
2462 2249 2771 2304 communis
2800 2259 3009 2305 natura:
3034 2251 3165 2306 moti
3197 2252 3612 2316 misericordia.

2043 2347 2297 2392 tenentes
2332 2339 2620 2402 athletam,
2652 2341 2952 2395 crudeliter
2993 2342 3115 2411 ejus
3157 2357 3348 2398 saeros
3383 2345 3619 2400 effodie-

2039 2429 2174 2482 bant
2224 2429 2439 2494 oculos,
2491 2429 2732 2485 dolentis
2781 2431 3006 2500 quidem
3058 2432 3272 2501 (quidni
3308 2434 3528 2504 enim?)
3565 2445 3622 2490 et

2038 2519 2403 2589 signiﬁcantis
2455 2521 2709 2575 humanm
2759 2532 2976 2576 naturae
3022 2522 3482 2590 imbecillitatem,
3533 2525 3617 2580 fa-

2040 2613 2216 2664 rentis
2243 2622 2427 2665 autent
2456 2612 2558 2665 hoc
2579 2627 2799 2680 quoque
2834 2613 3072 2676 fortiter,
3100 2623 3156 2670 et
3181 2624 3372 2684 caput,
3396 2617 3618 2686 quoties

2039 2701 2088 2753 id
2115 2702 2185 2754 ab
2206 2703 2288 2755 cis
2317 2703 2726 2768 remittebatur,
2761 2704 3098 2769 inclinantis,
3126 2715 3181 2760 et
3209 2706 3619 2775 quodammodo

2037 2793 2270 2846 Domino
2293 2793 2500 2862 gratias
2518 2795 2751 2863 agentis,
2776 2796 2920 2864 quod
2945 2797 3071 2852 talia
3093 2797 3163 2854 sit
3183 2798 3324 2852 bona
3347 2803 3615 2869 consequi

2035 2883 2233 2952 dignus
2263 2883 2485 2937 habitus
2518 2901 2531 2936 :
2568 2885 3116 2956 prefectusrepente
3142 2889 3330 2943 animo
3354 2890 3612 2954 aﬂectus,

2033 2984 2089 3028 et
2149 2976 2374 3028 tristitia
2432 2983 2617 3030 motus
2663 2979 2732 3030 ob
2784 2994 2848 3030 ca
2885 2995 3006 3047 qua:
3057 2980 3305 3046 videbat,
3347 2997 3472 3036 cum
3509 2982 3613 3036 hoc

2035 3068 2214 3120 solum
2262 3067 2534 3120 dixisset:
2585 3068 2723 3122 (Zras
2755 3070 3028 3137 reliquum
3065 3073 3318 3140 corporis
3349 3076 3462 3128 erit
3496 3084 3611 3127 tra-

346 3147 804 3223 ψυχὴνέξαίφνης
833 3157 927 3209 καὶ
956 3159 1365 3229 σκυθρωπάσας
1556 3167 1625 3220 τά
1647 3133 1919 3236 ὁρώμενα,

2032 3157 2273 3212 dendum
2322 3158 2545 3223 avibus,
2593 3169 2653 3213 ut
2685 3161 2848 3214 nulla:
2874 3162 2938 3214 ad
2970 3167 3291 3219 memoriam
3328 3167 3611 3234 supersint
3672 3208 3674 3210 τ

348 3240 441 3290 καὶ
474 3239 636 3293 τοῦτο
667 3245 831 3314 μόνον
883 3247 1074 3314 εἰπὼν,
1115 3251 1187 3314 ὡς
1227 3254 1306 3322 Τῇ
1348 3253 1540 3323 αὔριον
1570 3258 1632 3310 τὺ
1668 3261 1914 3330 περιλει-

347 3331 478 3396 φθὲν
528 3332 626 3386 τοῦ
681 3337 937 3406 σώματος
970 3343 1177 3412 ὀρνέοις
1229 3338 1520 3415 ἐκδοθῆναι
1581 3351 1678 3415 δεῖ,
1737 3353 1811 3416 ὡς
1850 3353 1916 3406 ἂν

343 3515 631 3588 ἐξανέστη.

418 3607 521 3665 IE'.
572 3612 636 3664 Οί
688 3615 746 3668 δὲ
794 3620 1150 3689 στρατιῶται,
1184 3621 1362 3694 βραχύ
1396 3641 1450 3678 τι
1483 3624 1575 3680 τὸν
1619 3628 1776 3698 ἅγιον
1815 3633 1914 3704 ἰμ-

342 3706 583 3789 πνιοντα
649 3705 731 3760 ἔτι
793 3708 1206 3780 ἀπαγαγόντες,
1269 3717 1334 3784 τῇ
1409 3716 1623 3790 φυλακῇ
1685 3726 1916 3792 προσρί-

341 3810 564 3848 πτουσι.
619 3797 857 3870 Νύκτωρ
885 3800 943 3851 δὲ
980 3803 1110 3870 περὶ
1166 3803 1360 3874 τρίτην
1413 3806 1564 3878 ὥραν
1616 3811 1913 3883 ἀστραπῆς

341 3884 540 3957 ὥσπερ
573 3890 999 3961 περιλαμψάσης
1029 3894 1090 3947 τὸ
1119 3894 1521 3967 δεσμωτήριον.
1554 3903 1848 3968 ἐφίσταται
1885 3908 1914 3960 6

339 3979 586 4048 Χριστὸς
611 3983 690 4051 τῷ
713 3984 870 4056 τόπῳ
899 3979 1062 4053 ἐφ’οὗ
1087 3991 1112 4042 6
1132 3986 1287 4056 ἅγιος
1315 3989 1568 4062 ἔρριπτο.
1591 3995 1702 4048 Καὶ
1720 3998 1914 4066 πρῶτα

343 4072 442 4140 μὲν
505 4073 744 4142 θάρσους
801 4077 963 4132 αὐτὸν
1026 4080 1335 4149 ἐμπίπλησι
1394 4086 1490 4137 καὶ
1562 4087 1910 4156 προθυμίας·

341 4163 536 4216 ιπειτα
571 4165 628 4219 δὲ
654 4168 752 4237 τὴν
781 4168 1036 4236 γλῶσσάν
1083 4187 1142 4225 τε
1175 4173 1270 4226 καὶ
1321 4175 1448 4240 τοὺς
1497 4176 1812 4248 ὀφθαλμοὺς
1856 4181 1914 4234 τὸ

341 4255 612 4324 πρότερον
645 4255 998 4313 ἀναπλάττει.
1047 4260 1311 4329 ’Υγιάσας
1351 4263 1407 4317 δὲ
1439 4267 1530 4319 καὶ
1561 4269 1686 4328 τοὺς
1723 4269 1909 4334 πόδας,

342 4346 438 4397 καὶ
497 4346 686 4410 ἁπλῶς
753 4349 914 4402 οἱονεὶ
983 4351 1284 4421 τεθνηκότα
1347 4355 1470 4408 ὅλον
1533 4355 1910 4420 ἀναζωώσας.

2023 3250 2291 3318 τειὶίιυὶιο,
2323 3256 2380 3303 et
2425 3265 2549 3304 cum
2589 3251 2669 3305 sic
2714 3253 2972 3321 juSsisset
3013 3254 3245 3318 servari,
3289 3259 3531 3311 surrexit
3577 3273 3612 3311 e

2000 3378 2001 3381 η
2037 3342 2328 3395 tribunali.

349 3424 500 3536 ιεηδὲι
551 3428 632 3490 εἰς
686 3432 912 3500 μνήμην
984 3431 1243 3504 λείψειν-ὗν
1310 3456 1361 3491 τι
1427 3443 1803 3517 καταλειφθῇ,
1863 3453 1958 3505 καὶ
1996 3458 2308 3526 προστάξας
2369 3460 2542 3522 οὕτως
2592 3461 2762 3516 αὑτὸν
2811 3461 3120 3530 τηρεῖσθαι,
3173 3463 3268 3517 τοῦ
3359 3465 3612 3536 βήματος

2088 3637 2206 3692 XV.
2239 3637 2440 3692 Milites
2467 3653 2600 3691 vero
2638 3647 2890 3692 sanctum
2939 3637 3121 3691 adhuc
3165 3637 3442 3692 modicum
3487 3640 3606 3709 spi-

2021 3740 2230 3784 rantem
2253 3731 2559 3794 abducunt,
2589 3739 2642 3784 et
2674 3731 2979 3798 conjiciunt
3009 3733 3060 3784 in
3085 3747 3384 3787 carcerem.
3408 3733 3586 3788 Noctu

2018 3833 2201 3875 autem
2236 3823 2373 3876 hora
2406 3823 2630 3876 circiter
2669 3823 2854 3885 tertia,
2887 3837 3012 3878 cum
3035 3824 3192 3892 quasi
3242 3824 3426 3892 fulgur
3481 3827 3604 3880 illu-

2021 3922 2254 3966 strasset
2288 3928 2591 3973 carcerem.
2633 3913 2850 3967 accedit
2897 3913 3151 3967 Christus
3190 3915 3257 3968 ad
3305 3914 3512 3977 locum,
3548 3917 3604 3971 in

2023 4019 2134 4073 quo
2165 4005 2446 4072 projectus
2490 4004 2674 4057 luerat
2713 4014 2974 4068 sanctus,
3016 4013 3074 4057 et
3099 4004 3340 4072 primum
3377 4005 3602 4073 quidem

2031 4107 2159 4146 eum
2196 4093 2438 4161 complet
2475 4093 2673 4147 liducia
2713 4102 2769 4147 et
2819 4093 2987 4146 animi
3039 4094 3362 4158 alacritate,
3401 4096 3605 4151 deinde

2025 4184 2268 4251 linguam
2330 4200 2552 4254 quoque
2604 4194 2664 4238 et
2725 4186 2918 4238 oculos
2967 4185 3252 4250 reformat,
3311 4195 3370 4240 ut
3427 4187 3599 4254 prius.

2023 4276 2234 4330 Dein-le
2287 4293 2413 4330 cum
2471 4275 2641 4344 pedes
2683 4291 2906 4345 quoque
2936 4288 3201 4341 satiasset,
3237 4288 3294 4332 et
3324 4290 3384 4332 ut
3429 4281 3600 4334 semel

2027 4366 2226 4429 (licam,
2284 4382 2410 4420 eum
2461 4367 2632 4423 veluti
2676 4379 2954 4422 mortuum
2990 4377 3166 4421 totum
3203 4370 3388 4425 denuo
3421 4372 3600 4426 viviti-

349 4457 367 4484 ι
415 4436 722 4507 Πρόσσχεε,
743 4457 764 4490 ι
803 4441 906 4510 ἔφη
941 4442 1074 4512 πρὸς
1104 4445 1288 4507 αὐτὸν,
1326 4465 1342 4496 ι
1367 4438 1410 4498 ὦ
1438 4448 1618 4516 Μηνᾶ.
1637 4448 1776 4517 Ἐγώ
1801 4452 1916 4520 εἰμι

2032 4457 2536 4520 eassetzAttende,
2589 4460 2789 4526 inquit,
2829 4459 2924 4512 tibi
2985 4459 3112 4528 ipsi,
3167 4475 3200 4513 ο
3251 4461 3427 4514 Mena.
3488 4462 3600 4530 Ego

349 4547 367 4577 ι
420 4529 634 4597 Ἰησοῦς
695 4533 724 4582 6
779 4533 1021 4602 Χριστὸς
1041 4575 1056 4600 ,
1086 4534 1150 4587 δι’
1179 4535 1238 4588 ὃν
1269 4538 1429 4600 αὐτὸς
1456 4539 1754 4606 πέπονθας,
1810 4544 1910 4596 οὐκ

353 4639 370 4672 ι
413 4623 937 4692 ἀπολιμπανὸμενός
969 4642 1060 4679 σου
1088 4627 1499 4700 καὶπρότερον,
1529 4632 1650 4686 οὐδὲ
1688 4638 1910 4704 μακράν

352 4732 370 4763 ι
419 4731 523 4766 που
556 4715 667 4767 τῶν
717 4715 945 4782 ἀγώνων
997 4718 1275 4788 ὑπάρχων,
1323 4721 1436 4774 ἀλλ’
1463 4725 1750 4794 ἀναμένων
1775 4742 1915 4793 γνω-

352 4821 370 4852 ι
413 4803 609 4871 σθῆναί
641 4820 737 4857 σου
769 4806 829 4858 τὸ
857 4808 984 4877 περὶ
1014 4810 1115 4877 ἐμὲ
1160 4810 1384 4880 φίλτρον
1415 4815 1510 4866 καὶ
1554 4819 1674 4880 ταῖς
1718 4819 1912 4890 ἀρχαῖς

354 4912 369 4941 ι
414 4897 507 4946 καὶ
536 4898 658 4959 ταῖς
679 4896 972 4961 ἐξουσίαις.
1015 4900 1167 4952 Ἐπεὶ
1192 4901 1286 4955 οὖν
1322 4902 1614 4971 ἔγνωσται,
1639 4909 1700 4959 τὸ
1725 4908 1912 4962 λοιπὸν

352 5003 368 5034 ι
415 4987 614 5056 ἔσομαι
667 4990 807 5056 μετὰ
863 4989 957 5041 σοῦ
1015 4993 1256 5062 φανεράς
1312 5011 1394 5045 σοι
1439 4998 1538 5057 τὰς
1595 4998 1909 5068 ἀντιλήψεις

351 5094 370 5125 ι
417 5076 761 5148 ποιούμενος.
809 5082 1147 5162 Ἑρμογένην
1202 5083 1259 5137 δὲ
1294 5085 1386 5137 τὸν
1419 5084 1679 5160 ἔπαρχον,
1735 5089 1792 5155 ὃς
1830 5091 1909 5162 τῷ

351 5187 370 5218 ι
417 5170 534 5240 ἐμῷ
564 5169 886 5240 χαλεπαίνει
907 5172 1153 5242 ὀνόματι,
1177 5171 1367 5246 αΰριον
1400 5177 1498 5246 μὲν
1525 5179 1711 5247 ἱκέτην
1741 5181 1907 5247 ἕξεις,

354 5278 371 5308 ι
417 5263 539 5328 μετ⁹
571 5261 751 5330 ὀλίγον
774 5263 831 5317 δὲ
855 5265 949 5318 καὶ
984 5264 1347 5337 συναθλητὴν,
1381 5268 1455 5330 ὡς
1485 5269 1580 5322 καὶ
1613 5273 1697 5324 σοὶ
1725 5272 1906 5341 δῆλον,

351 5371 368 5402 ι
413 5356 507 5407 καὶ
530 5354 673 5425 ὑπὲρ
693 5356 830 5424 ἐμοῦ
862 5359 1368 5429 συμμαρτυροῦντά
1408 5377 1512 5426 σοι,
1573 5363 1664 5415 καὶ
1709 5364 1910 5432 προθύ-

350 5463 368 5496 ι
415 5463 529 5515 μως
565 5449 959 5518 συμπάσχοντα
979 5448 1073 5501 καὶ
1103 5435 1640 5519 συστεφανούμενον.
1663 5453 1906 5518 Ἃνάξιον

352 5556 366 5586 ι
411 5541 522 5608 γὰρ
551 5539 652 5608 τῆς
675 5541 812 5609 ἐμῆ.
847 5540 1256 5612 φιλανθρωπίας
1287 5541 1509 5607 ἀγνοίας
1539 5543 1701 5597 ἕνεκα
1723 5549 1820 5614 τὴν
1845 5550 1904 5599 ἐν

350 5647 366 5679 ι
413 5631 612 5697 γνώσει
641 5633 982 5703 χρηστότητα
1009 5635 1100 5685 καὶ
1129 5634 1495 5702 ἀγαθοεργίαν
1528 5637 1694 5690 αὐτοῦ
1730 5655 1902 5708 παρπ-

347 5733 364 5765 ι
407 5718 652 5784 δραμεῖν.
701 5737 719 5764 ς
793 5719 975 5773 Ταῦτα
1050 5722 1261 5788 εἰπὼν,
1314 5725 1405 5773 καὶ
1459 5725 1681 5794 Πνεῦμα
1747 5729 1903 5796 ἅγιον

2033 4548 2202 4611 enim,
2237 4548 2435 4616 inquit,
2471 4564 2592 4602 sum
2638 4549 2800 4603 .lesus
2839 4550 3115 4614 Christus,
3172 4563 3401 4621 propter
3434 4570 3598 4623 quem

2021 4655 2084 4694 es
2139 4654 2350 4708 passus,
2409 4640 2504 4708 qui
2557 4655 2739 4710 neque
2795 4642 3009 4709 priusa
3039 4652 3091 4694 te
3121 4641 3366 4708 aberam,
3417 4659 3598 4712 neque

2019 4731 2182 4798 longe
2215 4747 2364 4785 cram
2395 4748 2422 4784 a
2460 4731 2569 4786 tuis
2598 4733 2998 4788 certaminibus
3019 4772 3034 4797 ,
3058 4734 3153 4788 sed
3178 4737 3594 4801 exspectabam,

2020 4831 2080 4874 ut
2109 4831 2238 4878 tuus
2259 4823 2317 4878 in
2346 4838 2432 4877 me
2457 4838 2614 4876 amor
2641 4834 3070 4892 cognosceretur
3101 4840 3132 4878 a
3180 4827 3600 4894 magistratibus

2017 4920 2076 4966 et
2119 4915 2510 4981 potestatibus.
2545 4915 2816 4980 Quoniam
2851 4925 3036 4969 autem
3084 4928 3170 4969 est
3223 4918 3488 4984 cognitus,
3524 4918 3594 4970 de

2018 5013 2218 5059 caetero
2251 5021 2347 5059 ero
2382 5015 2587 5066 tecum,
2620 5015 2807 5074 aperte
2842 5016 2893 5060 te
2927 5005 3251 5060 defendens.
3291 5008 3591 5078 Hermoge-

2020 5111 2145 5148 nem
2191 5104 2378 5151 autem
2429 5097 2750 5166 praefectum
2773 5139 2787 5163 ,
2822 5100 2916 5167 qui
2951 5114 3071 5153 meo
3095 5109 3186 5153 est
3213 5099 3450 5154 infestus
3478 5117 3584 5154 no-
3613 5114 3616 5116 ‘

2018 5187 2175 5250 mini,
2225 5202 2348 5242 cras
2395 5189 2616 5257 quidem
2648 5189 2875 5244 habebis
2896 5191 3226 5260 supplicem,
3265 5193 3430 5260 paqu
3464 5202 3588 5261 post

2013 5277 2182 5332 etiam
2212 5281 2423 5333 socium
2450 5280 2792 5341 certaminis,
2829 5291 2888 5335 ut
2925 5283 3024 5335 tibi
3055 5281 3165 5335 erit
3199 5281 3579 5348 manifestum,

2013 5379 2068 5424 et
2119 5370 2218 5439 qui
2268 5387 2369 5438 pro
2432 5385 2519 5424 me
2575 5386 2682 5424 una
2735 5381 2916 5425 tecum
2988 5371 3132 5426 feret
3179 5373 3584 5441 testimonium,

2012 5472 2373 5531 promptoque
2401 5473 2455 5514 et
2495 5462 2662 5514 alacri
2715 5463 2900 5517 animo
2965 5475 3144 5518 tecum
3194 5465 3453 5533 patietur,
3526 5476 3582 5521 et

2011 5552 2176 5606 simul
2227 5553 2605 5607 coronabitur.
2643 5551 2742 5606 Est
2786 5553 2935 5606 enim
2987 5570 3102 5608 mea
3153 5555 3438 5624 indignum
3469 5559 3582 5613 cle-

2012 5643 2244 5703 mentia,
2285 5653 2508 5712 propter
2547 5644 2980 5712 ignorationem,
3017 5646 3137 5715 ejus
3168 5645 3220 5699 in
3255 5649 3579 5717 COgnitione

2013 5734 2312 5789 bonitatem
2342 5774 2355 5794 ,
2388 5743 2442 5788 et
2474 5733 2741 5789 bonorum
2785 5750 3017 5796 operum
3058 5737 3406 5792 cﬂcctiOuem
3441 5755 3582 5796 une-
