4094 6384
441 317 550 383 38⁸1

442 523 737 593 Spiritum.
769 532 898 573 eum
935 517 1110 585 replet
1147 514 1297 568 omni
1336 511 1548 568 latitia.

515 613 655 669 X'Vl.
705 610 1004 666 Praefectus
1055 617 1237 663 autem
1291 606 1552 677 quoniam
1609 613 1664 659 et
1731 604 1851 675 ipse
1895 609 2016 658 erat

443 705 635 762 solerti
677 701 924 771 ingenio.
965 708 1022 755 et
1055 700 1140 754 vir
1171 700 1374 765 bonus,
1440 708 1500 754 et
1531 697 1750 753 beatum
1791 695 2014 766 quidem

444 797 657 852 licitam
681 794 892 850 sciebat
921 808 1043 848 esse
1108 802 1166 848 et
1192 793 1414 847 doctum
1433 833 1449 857 ,
1489 799 1545 846 et
1577 803 1780 861 genere
1805 787 2017 843 clarum

442 898 499 946 et
523 903 593 943 ex
623 886 818 942 eadem
855 895 1124 956 praeterea
1152 894 1336 938 ortum
1381 883 1581 954 patria,
1622 880 1806 935 media
1854 885 2018 932 nocte

442 996 570 1037 cum
598 993 855 1036 somnum
886 978 1246 1041 excussisset,
1278 985 1334 1031 et
1357 976 1425 1030 ab
1471 976 1583 1039 ira,
1612 988 1733 1043 quae
1764 970 2020 1026 tenebras

443 1071 707 1137 offundit,
765 1069 833 1124 ad
897 1084 956 1125 se
1009 1068 1284 1132 rediissct,
1347 1076 1403 1122 ct
1456 1066 1642 1120 animo
1681 1071 2018 1134 reputasset,

444 1163 633 1234 qualia
684 1161 912 1232 quidem
959 1169 1149 1214 sancto
1185 1159 1356 1213 Mena:
1388 1157 1660 1212 intulisset
1721 1153 2019 1224 supplicia,

443 1265 705 1325 quamam
774 1267 908 1308 vero
971 1252 1088 1322 ipse
1165 1259 1357 1306 contra
1436 1249 1713 1303 attulisset
1798 1245 2021 1301 fouitu--

446 1345 632 1400 dinem
688 1353 743 1398 ct
805 1342 976 1396 animi
1029 1343 1421 1404 constantiam,
1467 1339 1604 1394 nihil
1665 1337 1812 1408 quod
1844 1337 2022 1406 pusil-

447 1437 562 1492 lum
607 1443 664 1489 et
705 1435 978 1506 abiectum
1007 1432 1326 1487 ostenderet
1351 1431 1630 1496 animum,
1664 1437 1760 1482 aut
1798 1442 2017 1496 passus,

447 1535 545 1581 aut
574 1524 792 1579 locutus
820 1540 836 1579 :
867 1533 925 1578 et
963 1522 1109 1592 quod
1149 1522 1194 1577 is
1229 1521 1511 1592 periisset,
1551 1519 1711 1588 cujus
1735 1516 2022 1586 sapientiae

447 1621 505 1666 et
534 1611 720 1666 studio
775 1619 906 1665 sunt
953 1624 1147 1664 omnes
1193 1611 1482 1663 inferiores
1537 1609 1686 1676 (eum
1733 1605 1882 1660 enim
1909 1606 2021 1674 jam

445 1703 802 1758 existimabat
843 1712 1148 1765 mortuum,
1186 1712 1246 1756 ut
1275 1702 1366 1771 qui
1399 1701 1466 1754 ad
1505 1709 1650 1754 tanta
1684 1714 1807 1768 .non
1857 1699 2024 1753 ευσε-

444 1795 620 1852 eisset
666 1792 989 1864 supplicia),
1024 1802 1082 1846 et
1119 1793 1355 1862 seipsum
1390 1791 1677 1854 datnnans,
1721 1789 1872 1858 quod
1912 1805 2022 1844 non

446 1882 732 1938 blanditiis
761 1896 888 1937 eum
925 1880 1108 1950 potius
1149 1882 1432 1935 induxerit
1468 1880 1631 1948 (bene
1657 1879 1804 1932 enim
1841 1886 2023 1932 actum

443 1983 618 2035 esset,
667 1974 714 2026 si
771 1971 856 2027 vel
910 1971 992 2024 sic
1035 1983 1162 2023 eum
1187 1968 1472 2040 cepisset),
1528 1969 1720 2021 oculos
1758 1966 2027 2022 suffundit

445 2064 744 2135 lacrymis,
799 2072 856 2118 et
913 2061 1169 2130 deplorat
1221 2063 1520 2134 iacturam.
1606 2059 1864 2114 Decrevit
1895 2074 2028 2130 ergo

449 2160 622 2216 veluti
665 2157 768 2212 viri
816 2163 1026 2212 tantam
1075 2155 1353 2210 reveritus
1383 2157 1670 2218 virtutem,
1713 2166 1841 2206 cum
1869 2168 2028 2208 mane

445 2251 823 2308 surrexisset.
863 2247 1013 2302 illius
1063 2259 1269 2316 corpus
1319 2245 1540 2316 publice
1595 2244 1868 2300 honorare
1899 2283 1916 2310 ,
1970 2253 2030 2300 ut

444 2350 701 2397 mortuos
759 2340 1056 2401 honorant,
1099 2342 1193 2407 qui
1235 2347 1366 2393 sunt
1409 2338 1494 2392 eis
1527 2336 1763 2407 proximi
1801 2353 2026 2408 genere,

443 2443 501 2488 et
525 2433 606 2488 sic
636 2431 863 2500 martyri
895 2444 995 2500 pro
1027 2429 1254 2499 injuria,
1286 2444 1452 2499 quam
1484 2428 1535 2481 ei
1567 2427 1812 2492 fecerat,
1854 2429 2026 2484 satis-

1671 310 1954 370 MENSIS
1995 309 2251 371 DECEM
2263 305 2432 367 BER.

443 435 634 490 terire.
679 428 808 484 liae
859 441 985 482 cum
1027 425 1275 490 dixisset,
1309 433 1364 478 et
1397 432 1649 479 sanctum
1703 422 1754 476 ei
1787 420 2024 476 amasset

2135 418 2444 490 ὲμπνεύσας
2525 415 2697 486 αὐτῷ,
2749 413 2931 486 πάσης
3011 412 3357 486 ιμπίπλησιν

3604 304 3717 368 388

3438 412 3716 484 εὖφροσύ·

2125 526 2247 578 νης.

2196 595 2318 665 ΚΓ.
2357 596 2418 651 '0
2449 597 2506 650 δὲ
2533 595 2800 667 ιπαρχος,
2865 594 2989 647 ἐπεὶ
3016 594 3182 658 αὐτός
3211 610 3273 646 τε
3328 591 3399 667 ἦν
3455 593 3719 666 ἀγχίνους

2123 690 2360 758 μάλιστα
2388 689 2483 742 καὶ
2539 688 2798 757 χρηστδς,
2844 687 2940 739 καὶ
2972 686 3065 739 τὸν
3097 685 3376 757 μακάριον
3415 686 3537 758 ᾔδει
3586 689 3716 755 Μη-

2122 785 2221 837 νᾶν
2268 781 2433 850 σοφόν
2461 797 2521 834 τε
2545 776 2689 834 εἶναι
2719 780 2820 834 καὶ
2869 780 2970 848 τὴν
3006 781 3183 850 τύχην
3229 775 3717 852 περιφανῆζὲιρδς

2122 873 2205 928 ἔτι
2237 873 2295 926 δὲ
2331 873 2426 927 καὶ
2457 871 2722 943 πατρίδος
2769 870 3102 943 ὁρμώμενον
3141 870 3243 941 τῆς
3279 872 3476 942 αὐτῆς,
3525 873 3712 941 μέσων

2122 965 2334 1022 νυκτῶν
2365 965 2495 1028 τοὺς
2522 962 2730 1027 ὕπνους
2769 963 3242 1033 ἀποτριψάμενος,
3303 967 3402 1018 καὶ
3446 964 3545 1018 τοῦ
3594 967 3716 1018 ἑπι-

2125 1056 2442 1120 σκοτοῦντος
2476 1055 2763 1125 ἀνανήψας
2785 1053 2984 1125 θυμοῦ,
3015 1055 3108 1108 καὶ
3141 1053 3508 1123 λογισάμενος
3528 1093 3543 1118 ,
3595 1055 3717 1120 οἵας

2129 1150 2228 1221 μὶν
2257 1147 2421 1212 αὐτὸς
2449 1148 2524 1219 τῷ
2551 1148 2691 1217 ἀγέῳ
2713 1147 2984 1217 τιμωρίας
3012 1146 3339 1216 ἐπήνεγκεν,
3360 1141 3473 1199 οἷον
3498 1145 3718 1215 δὲ’πρδς

2122 1239 2328 1303 ταύτας
2363 1241 2571 1302 ἐκεῖνος
2602 1237 2896 1307 ἀνάστημα
2925 1235 3108 1306 ψυχῆς
3134 1237 3231 1289 καὶ
3263 1237 3566 1308 καρτερίαν
3599 1238 3716 1292 είσ-

2123 1332 2373 1400 ήνεγκεν,
2410 1330 2563 1383 οὐδὲν
2593 1327 2960 1399 μικρὲψυχον,
2992 1328 3148 1381 οὐδὲν
3187 1329 3387 1395 ἁγενὲς
3429 1329 3464 1397 ἢ
3520 1327 3715 1382 παθὼν

2124 1422 2156 1492 ἢ
2193 1421 2590 1492 φθεγξάμενος,
2646 1421 2742 1473 καὶ
2767 1421 3022 1474 ἀπώλετο
3049 1419 3215 1490 ἀνὴρ,
3261 1412 3324 1471 οῦ
3376 1419 3581 1480 πάντες
3620 1419 3717 1490 ητ-

2123 1530 2274 1576 τονες
2324 1514 2423 1584 τῆς
2472 1512 2666 1582 σοφίας
2697 1512 2791 1564 καὶ
2845 1510 2948 1580 τῆς
2984 1509 3157 1580 ἄλλης
3209 1509 3454 1580 σπουδῆς
3491 1511 3715 1580 (νεκρὸν

2125 1608 2233 1674 γὰρ
2263 1605 2362 1675 ἥδη
2391 1604 2554 1658 αὐτὸν
2578 1603 2938 1672 ὑπελάμϐανε
2988 1603 3126 1673 πρὸς
3159 1603 3421 1664 τοιαύτας
3457 1601 3534 1674 μὴ
3561 1603 3718 1673 διαρι

2128 1696 2366 1746 κέσαντα
2395 1691 2716 1764 τιμωρίας),
2753 1695 2844 1746 καὶ
2873 1694 3184 1762 καταγνοὺς
3247 1692 3470 1757 ἑαυτοῦ,
3519 1693 3604 1746 ὅτι
3639 1694 3716 1764 μὴ

2129 1787 2438 1850 κολακείαις
2498 1787 2700 1858 μᾶλλον
2758 1788 2956 1857 Μηνᾶν
3021 1788 3366 1860 ὑπηγάγετο,
3426 1788 3715 1859 ἀγαπητὸν

2126 1878 2236 1948 γάρ
2278 1882 2372 1932 καὶ
2421 1879 2597 1943 οὕτως
2648 1879 2820 1949 ἄνδρα
2853 1877 3114 1933 τοσοῦτον
3158 1880 3325 1944 ἑλεῖν,
3357 1879 3613 1950 δακρύων
3651 1895 3713 1932 τε

2131 1972 2432 2042 πληροῦται
2457 1973 2586 2034 τοὺς
2613 1971 2948 2041 ὀφθαλμοὺς,
2986 1971 3078 2023 καὶ
3109 1971 3206 2040 τῆς
3245 1969 3449 2039 ζημίας
3482 1969 3717 2022 ἐπέστε-

2131 2083 2220 2118 νεν
2275 2065 2488 2119 ἑαυτόν.
2526 2065 2787 2134 Ἕκρινεν
2824 2063 2941 2127 οῦν,
2988 2061 3178 2133 ὥσπερ
3231 2062 3583 2130 δυσωπηθεὶς
3613 2061 3716 2130 τὴν

2128 2157 2403 2226 τοσαύτην
2429 2156 2524 2210 τοῦ
2563 2156 2759 2227 ἀνδρὸς
2787 2155 3014 2226 ἀρετὴν,
3048 2153 3221 2207 ἕωθεν
3243 2156 3506 2216 ἀναστὰς,
3543 2153 3716 2222 δημο·

2131 2250 2223 2321 σῑᾳ
2247 2247 2478 2319 τιμῆσαι
2506 2248 2598 2301 τὸν
2630 2249 2841 2301 ἐκείνου
2871 2247 3088 2319 νεκρὸν,
3122 2246 3225 2300 ὅσα
3266 2246 3331 2311 δὴ
3382 2247 3477 2298 καὶ
3510 2245 3715 2314 τιμῶσι

2134 2341 2261 2403 τοὺς
2295 2341 2586 2408 κειμένους
2632 2340 2866 2410 νεκροὺς
2893 2339 2942 2391 οἱ
2971 2339 3372 2410 προσήκοντες,
3421 2338 3516 2391 καὶ
3540 2335 3718 2399 οὕτως

2130 2432 2580 2502 ἀπολογήσασθαι
2615 2432 2693 2502 τῷ
2723 2432 2968 2504 μάρτυρι
2995 2432 3063 2485 τά
3082 2433 3178 2502 τῆς
3212 2430 3713 2501 ῦϐρεως.Ἦμέρας

448 2527 667 2582 facere.-
712 2523 848 2579 Orto
893 2533 1078 2577 autem
1121 2522 1233 2592 jam
1285 2521 1398 2587 die,
1430 2522 1694 2590 quoniam
1723 2529 1843 2575 erat
1875 2521 2030 2577 thea-

2135 2523 2186 2576 δὲ
2218 2524 2318 2593 ἤδη
2373 2526 2699 2595 γενομένης,
2752 2527 2877 2579 ἐπεὶ
2936 2526 3138 2596 μεστὸν
3186 2521 3256 2597 ἦν
3317 2524 3719 2595 ’Δλεξανδρέων

451 2625 597 2672 trum
637 2616 860 2688 plenum
895 2613 1286 2668 Alexandrinis
1312 2613 1516 2684 (fuerat
1545 2610 1694 2666 etiim
1727 2627 2029 2683 congregao

448 2719 566 2764 tum
597 2723 628 2762 ι
653 2705 1024 2775 praeconibus,
1059 2717 1186 2760 cum
1244 2705 1326 2761 sic
1368 2703 1635 2780 jussisset
1685 2705 2028 2774 praefectus),

451 2799 754 2872 presidens
788 2799 926 2868 ipse.
960 2796 1120 2870 iussit
1148 2798 1388 2850 maximo
1412 2795 1622 2850 honore
1649 2812 1681 2851 e
1711 2810 1932 2851 carcere
1960 2795 2027 2850 ad

451 2892 688 2947 tribunal
711 2891 919 2947 deferri
951 2903 1155 2959 corpus
1179 2890 1460 2960 martyris.

523 3070 691 3128 XVII.
763 3071 904 3127 Cum
958 3083 1091 3125 vero
1149 3069 1244 3139 qui
1317 3067 1471 3124 missi
1529 3077 1732 3132 erant,
1792 3068 2023 3140 ingressi
2053 3111 2096 3169 ϐ

2131 2616 2192 2668 τὸ
2217 2616 2446 2686 Θέατρον
2493 2617 2775 2688 (ἠθροιστο
2816 2620 2926 2689 γὰρ
2959 2618 3114 2688 παρά
3142 2616 3254 2673 τῶν
3283 2617 3543 2688 κηρύκων
3572 2616 3718 2670 οὕτω

2135 2709 2448 2777 προσταγὲν
2500 2710 2654 2780 παρά
2686 2705 2780 2762 τοῦ
2816 2710 3112 2780 ἐπάρχου),
3147 2711 3496 2781 προκαθίσας
3528 2708 3716 2772 αὐτὸς,

2132 2801 2386 2853 ἐκέλευσε
2439 2804 2575 2872 τιμῇ
2627 2801 2798 2874 πολλῇ
2833 2805 2988 2873 παρά
3048 2803 3110 2856 τὸ
3144 2803 3298 2873 βῆμα
3363 2802 3719 2874 στρατιωτῶν

2133 2895 2295 2964 χερσὶ
2357 2896 2458 2964 τῆς
2511 2893 2740 2966 εἱρκτῆς
2800 2895 3275 2966 μετακομισθῆναι
3309 2895 3370 2949 τὸ
3419 2898 3581 2966 σῶμα
3619 2893 3715 2949 τοῦ

2137 2987 2214 3056 μά
2222 3003 2317 3054 ρτυ
2325 3003 2438 3056 ρος.
3468 2989 3474 2995 ’

2207 3077 2306 3130 lZ'.
2349 3077 2439 3141 Ὠς
2493 3076 2550 3131 δὲ
2604 3075 2756 3141 me;
2801 3076 2903 3147 τῆς
2951 3078 3207 3150 φυλακῆς
3259 3079 3311 3131 οί
3363 3079 3714 3150 πεμφθέντες

451 3166 686 3221 fuissent
715 3179 1024 3227 carcerem,
1057 3162 1320 3216 viderunt
1349 3160 1697 3226 miraculum,
1731 3161 1879 3231 quod
1909 3173 2028 3217 erat

2135 3167 2408 3234 ἐγένοντο,
2440 3167 2628 3237 θαῦμα
2666 3167 2808 3220 εἶδον
2836 3170 3086 3240 κρεῖττον
3109 3169 3269 3238 λόγου
3309 3169 3404 3223 καὶ
3434 3169 3675 3233 διανοίας
3699 3186 3714 3201 °

451 3259 710 3329 superius
761 3256 979 3311 ratione
1057 3263 1116 3310 et
1160 3254 1496 3325 cogitatione
1557 3270 1571 3307 :
1631 3253 1755 3308 luce
1801 3253 2026 3323 quidem

453 3352 702 3421 plenum,
724 3349 1031 3403 obscurum
1073 3346 1282 3416 alioqui
1327 3359 1609 3400 carcerem
1637 3344 1813 3400 :duos
1844 3355 2026 3401 autem
2075 3357 2078 3362 '

452 3457 626 3506 v.ros,
664 3455 905 3510 quorum
953 3439 1131 3493 forma
1179 3453 1290 3491 non
1320 3446 1505 3506 potest
1532 3435 1716 3491 verbis
1748 3437 1981 3507 exprimi
2011 3476 2027 3502 ,

454 3535 548 3604 qui
599 3531 928 3587 assistebant
979 3529 1200 3600 quidem
1255 3540 1513 3598 tanquam
1577 3527 1846 3583 satellites
1877 3565 1894 3591 ,
1971 3536 2032 3582 ut

459 3627 664 3682 milites
696 3640 826 3680 vero
863 3635 1024 3680 erant
1077 3623 1252 3692 parati
1283 3622 1350 3676 ad
1385 3621 1790 3677 defendendum
1820 3636 1836 3675 :
1883 3636 2030 3674 mar-

457 3727 632 3787 tyrem
668 3723 862 3770 autem
885 3727 995 3768 non
1037 3711 1216 3767 solum
1249 3713 1432 3766 vivum
1457 3751 1474 3777 ,
1522 3720 1578 3766 et
1609 3719 2028 3765 conservantem

457 3808 680 3862 illaesam
719 3805 968 3877 corporis
1019 3803 1418 3874 integritatem,
1461 3801 1558 3858 sed
1603 3803 1817 3873 placide
1864 3801 2029 3858 etiam

456 3900 804 3963 intuentem,
865 3907 922 3953 et
979 3897 1221 3966 linguam
1271 3905 1604 3961 moventem,
1671 3904 1728 3950 et
1783 3897 2031 3967 jucunde

457 3991 778 4062 psullentem
807 4003 822 4048 :
857 4007 877 4041 ι
916 3989 1053 4044 Nam
1091 3989 1193 4044 etsi
1219 3986 1578 4043 ambulavero
1604 3987 1658 4042 in
1688 3989 1872 4044 medio
1908 4005 2030 4043 um-

458 4082 570 4137 bra
593 4084 803 4147 mortis,
840 4096 949 4136 non
980 4079 1186 4135 timebo
1223 4078 1368 4133 mala
1397 4095 1410 4132 :
1444 4079 1706 4148 quoniam
1735 4088 1789 4133 tu
1814 4094 2031 4134 mecum

455 4188 538 4239 es,
565 4173 795 4228 Domine
818 4172 839 4202 '
868 4189 883 4226 :
913 4189 933 4223 ι
961 4171 1218 4241 protinus
1246 4183 1381 4239 ergo
1405 4167 1618 4224 visione
1644 4169 2033 4240 obstupefacti,

458 4275 662 4320 stetere
693 4263 854 4318 muti.
890 4262 1027 4318 Cum
1062 4261 1215 4316 brevi
1241 4269 1427 4316 autem
1473 4263 1884 4332 perspexissent
1921 4277 2034 4317 non

455 4370 579 4410 esse
625 4356 874 4409 fraudem
928 4363 985 4409 et
1028 4353 1308 4408 somnium
1339 4367 1404 4408 ea
1446 4368 1570 4422 qua:
1601 4353 1878 4419 videntur,
1935 4354 2034 4410 sed

2137 3258 2316 3327 φωτὸς
2349 3258 2448 3328 μὲν
2475 3259 2659 3329 πλήρη
2695 3259 2793 3330 τὴν
2827 3257 3182 3330 ὲζοφωμένην
3208 3260 3453 3329 εἱρκτὴν,
3515 3258 3722 3329 ἄνδρας

2134 3351 2191 3404 δὲ
2218 3349 2333 3414 δύο,
2361 3351 2464 3422 τὴν
2524 3352 2741 3423 μορφὴν
2792 3353 3092 3424 ἀρρήτους,
3150 3354 3247 3406 καὶ
3279 3352 3353 3416 ὡς
3381 3351 3722 3424 δορυφόρους

2140 3440 2241 3508 μὶν
2287 3441 2761 3511 παρισταμένους,
2817 3443 2896 3504 ὼς
2945 3441 3176 3505 ὁπλίτας
3226 3442 3286 3495 δὲ
3319 3441 3549 3511 ἀμύνειν
3583 3441 3723 3494 ἑτοί-

2141 3549 2277 3601 μους
2296 3547 2310 3562 ·
2350 3533 2442 3586 τὸν
2475 3533 2732 3604 μάρτυρα
2763 3533 2820 3586 δὲ
2853 3535 2912 3586 ού
2941 3533 3104 3603 μόνον
3137 3533 3320 3598 ζῶντα
3351 3534 3448 3586 καὶ
3476 3535 3578 3604 τὴν
3605 3533 3724 3586 ὁλο-

2138 3627 2372 3697 κληρίαν
2391 3624 2484 3679 τοῦ
2512 3626 2766 3696 σώματος
2789 3625 3004 3694 ἀϐλαϐῆ
3040 3641 3106 3678 πε
3117 3623 3439 3696 ρισώζοντα,
3464 3624 3600 3679 ἀλλά
3626 3626 3723 3678 καὶ

2139 3719 2350 3790 ἥμερόν
2375 3736 2429 3770 τι
2459 3717 2902 3789 προσϐλέποντα,
2935 3717 3032 3770 καὶ¹
3062 3717 3164 3788 τὴν
3186 3715 3437 3785 γλῶτταν
3465 3715 3719 3770 κινοῦντα

2138 3813 2233 3868 καὶ
2269 3811 2510 3884 φαιδρῶς
2541 3812 2767 3884 ᾄδονταο
2805 3831 2823 3865 ι
2865 3813 2988 3867 Ἐάν
3044 3813 3138 3865 καὶ
3184 3811 3442 3882 πορευοῶ
3472 3814 3530 3864 ὲν
3563 3811 3722 3882 μέσῳ

2145 3906 2307 3968 σκιᾶς
2342 3902 2598 3970 Θανάτου,
2631 3904 2691 3956 ού
2719 3904 3102 3975 φοϐηθήσομαι
3127 3903 3278 3957 κακά
3303 3921 3314 3934 ·
3343 3903 3427 3956 δτι
3475 3905 3540 3956 σὺ
3598 3903 3725 3972 μετ’

2139 3994 2274 4064 ἐμοῦ
2328 3991 2397 4058 εἷ,
2451 3997 2648 4066 Κύριε,
2682 4013 2701 4046 ι
2744 3995 3194 4063 καταπλαγέντες
3229 3992 3392 4057 εὐθὺς
3447 3992 3588 4064 πρὸς
3619 3995 3718 4063 τὴν

2139 4088 2284 4158 ὄψιν,
2318 4087 2554 4157 ἔστησαν
2600 4087 2759 4141 ἐνεοί.
2805 4087 2894 4140 Ἑν
2949 4087 3118 4155 ὀλίγῳ
3177 4086 3233 4138 δὲ
3283 4083 3590 4148 συνιδόντες
3644 4087 3724 4149 ὡς

2139 4181 2239 4234 οὐκ
2257 4180 2438 4250 ἀπάτη
2471 4180 2564 4233 καὶ
2591 4179 2800 4249 ὄνειρος
2830 4178 2896 4232 τὰ
2925 4179 3204 4250 ὁρώμενα,
3231 4177 3347 4231 ἀλλ’
3381 4177 3724 4248 ἐγρήγορσις

2141 4277 2237 4330 καλ⁸
2269 4275 2498 4344 ἀλήθεια
2559 4276 2654 4328 καὶ
2681 4274 2804 4328 θεία
2852 4285 2935 4337 τις
2987 4273 3240 4342 δύναμις,
3298 4273 3720 4342 μεταϐαλόντες,

2142 4366 2412 4437 ἐϐόησαν·
2449 4365 2640 4432 Μέγας
2691 4369 2720 4419 ό
2772 4366 2906 4428 Θεὸς
2946 4365 3055 4418 τῶν
3104 4363 3477 4435 Χριστιανῶν.
3511 4363 3723 4416 Αὐτίκα

458 4444 703 4517 vigiliam
733 4453 791 4500 et
819 4445 1133 4512 veritatem,
1163 4454 1222 4502 et
1261 4445 1501 4500 divinam
1550 4445 1846 4515 quamdam
1876 4454 2031 4516 pote-

2143 4453 2274 4524 γοῦν
2305 4454 2377 4508 τά
2409 4471 2467 4507 τε
2499 4455 2868 4524 στρατιωτικά
2905 4455 3034 4525 ξίφη
3061 4455 3251 4527 πόρρω
3287 4453 3718 4516 καταϐαλόντες.

460 4548 660 4593 statem
694 4574 710 4599 .
781 4537 976 4591 mutati
1027 4537 1478 4592 exclamaverunt
1530 4554 1547 4592 :
1603 4537 1834 4609 Magnus
1895 4539 2042 4596 Deus

456 4628 897 4684 Christianorum
954 4627 1208 4696 protinus
1228 4629 1399 4700 lergo,
1431 4631 1623 4700 procul
1651 4630 1886 4701 abjectis
1933 4631 2042 4686 illis

415 4720 686 4784 ,ensibus
741 4719 1122 4786 militaribus,
1173 4719 1378 4792 iudicis
1436 4727 1623 4775 autem
1680 4722 1820 4776 iram
1881 4723 2042 4778 nihili

458 4812 748 4880 facientes,
771 4821 824 4866 et
853 4811 1117 4884 praesides
1139 4812 1361 4883 quidem
1383 4827 1448 4867 ac
1464 4813 1750 4883 prafectos
1767 4813 2041 4869 damnan-

461 4915 568 4967 tes,
626 4905 952 4960 datnnantes
999 4918 1132 4959 vero
1187 4903 1356 4958 etiam
1403 4906 1582 4976 ipsum
1628 4906 2040 4976 imperatorem,

337 5048 343 5055 .
459 4997 820 5053 crediderunt
863 4997 920 5051 in
964 4995 1270 5060 Christum,
1315 5006 1372 5053 et
1415 5006 1732 5054 statuerunt
1776 4999 2040 5069 deinceps

463 5103 685 5141 manere
709 5086 857 5157 apud
888 5095 1164 5141 sanctum.
1196 5084 1333 5142 Cum
1360 5097 1545 5142 autem
1580 5097 1650 5143 ex
1679 5104 1746 5144 eo
1775 5078 2042 5159 contigis-

461 5189 548 5234 set
579 5178 790 5234 diutius
841 5178 1059 5233 tardare
1093 5178 1320 5244 milites,
1364 5179 1713 5236 desiderabat
1746 5192 1929 5237 autem
1956 5183 2040 5236 ci-

463 5274 606 5328 vitas
649 5272 873 5343 quidem
929 5273 1116 5328 videre
1169 5287 1370 5343 corpus
1419 5275 1707 5330 fortissimi
1763 5276 1986 5331 athletae
2018 5315 2036 5341 ,

463 5364 655 5421 videre
687 5380 818 5420 vero
863 5366 1058 5434 etiam,
1090 5366 1225 5435 quid
1255 5374 1404 5421 esset
1444 5379 1776 5423 eventurum
1811 5385 1826 5422 :
1861 5369 2043 5424 stabat

466 5456 771 5520 theatrum,
799 5455 1068 5513 adversus
1099 5459 1279 5528 ipsum
1302 5457 1619 5528 praefectum
1651 5467 1708 5514 et
1733 5459 1936 5515 milites
1957 5463 2040 5515 in-

468 5549 704 5620 dignans
744 5557 801 5603 et
840 5549 1203 5606 tumultuans.
1262 5549 1560 5608 Praefectus
1615 5558 1798 5607 autem
1852 5551 2044 5607 volens

536 5734 557 5764 '
592 5732 735 5792 Psai.
777 5749 905 5799 xxii,
949 5735 1004 5790 4.

2147 4547 2228 4610 είς
2256 4546 2407 4601 οὐδὲν
2438 4546 2497 4600 δὲ
2519 4547 2616 4600 καὶ
2647 4547 2740 4599 τόν
2769 4547 3088 4601 δικαστικὸν
3140 4548 3351 4600 ἐκεῖνον
3410 4545 3586 4616 θυμόν
3637 4546 3726 4600 θέ-

2150 4655 2329 4712 μενοι,
2363 4639 2458 4691 καὶ
2491 4637 2857 4706 καταγνόντες
2893 4637 2993 4705 μὲν
3021 4637 3130 4692 τῶν
3184 4637 3488 4709 ἀρχόντων,
3553 4654 3728 4691 καταο

2146 4731 2370 4801 γνόντες
2397 4730 2455 4784 δὲ
2509 4729 2718 4783 καὶτοῦ
2755 4729 3021 4800 βασιλέως
3057 4729 3247 4795 αὑτοῦ,
3293 4729 3626 4783 ἐπίστευσάν
3665 4745 3724 4782 τε

2147 4823 2229 4886 είς
2258 4821 2516 4892 Χριστὸν,
2545 4820 2638 4874 καὶ
2695 4818 2775 4891 τῷ
2820 4820 2964 4890 ἀγίῳ
3019 4820 3366 4892 παραμένειν
3390 4821 3472 4884 είς
3501 4819 3562 4871 τδ
3594 4819 3726 4888 ἑξῆς

2148 4914 2404 4982 ἔκριναν.
2447 4911 2604 4966 Ἐπεὶ
2650 4911 2708 4966 δὲ
2745 4912 2841 4966 καὶ
2891 4913 3202 4985 ὑστερίζειν
3230 4911 3486 4969 ἐντεῦθεν
3518 4911 3722 4979 συνέϐη

2137 5006 2263 5068 τοὺς
2303 5003 2672 5075 στρατιώτας,
2698 5005 2732 5075 ἡ
2761 5005 2818 5058 δὲ
2845 5003 3000 5068 πόλις
3039 5004 3290 5074 ἐγλίχετο
3316 5004 3419 5074 μὲν
3455 5004 3585 5057 ἰδεῖν
3624 5003 3724 5056 καὶ

2141 5098 2234 5152 τὸν
2291 5097 2387 5152 τοῦ
2451 5097 2732 5167 ἀριστέως
2759 5096 2979 5168 νεκρὸν,
3021 5097 3151 5150 ἰδεῖν
3176 5095 3232 5149 δὲ
3286 5096 3382 5150 καὶ
3412 5095 3465 5148 τί
3492 5094 3551 5148 τδ
3588 5098 3723 5150 ἀπο-

2145 5190 2468 5259 ϐησόμενον,
2497 5189 2742 5260 εἱστήκει
2781 5189 2842 5242 τὸ
2871 5187 3122 5259 θέατρον,
3176 5187 3303 5242 κατ’
3333 5186 3500 5242 αὑτοῦ
3535 5203 3593 5240 τε
3627 5185 3725 5237 τοῦ

2145 5282 2391 5350 ἐπάρχου
2423 5279 2518 5332 καὶ
2567 5281 2677 5331 τῶν
2732 5280 3082 5350 στρατιωτῶν
3143 5278 3473 5350 δυσχερείας
3501 5279 3596 5332 καὶ
3632 5278 3726 5330 οο-

2155 5369 2326 5443 ρύϐου
2382 5370 2602 5441 μεστόν.
2645 5369 2704 5422 '0
2734 5370 2918 5441 μέντοι
2975 5369 3240 5440 ἔπαρχος,
3278 5368 3611 5441 χαρίσασθαι
3649 5371 3728 5437 τῷ

2155 5463 2315 5533 δήμῳ
2348 5462 2695 5532 βουλόμενος,
2757 5462 2878 5514 ἐπεὶ
2913 5460 3058 5529 ἔγνω
3100 5462 3162 5515 τὸ
3212 5461 3468 5534 λυπῆσαν
3524 5463 3726 5525 αὐτοὺς

2153 5554 2307 5608 οὐδὲν
2361 5553 2548 5623 ἕτερον
2607 5551 2642 5623 ἢ
2701 5554 2799 5624 τὴν
2850 5553 3166 5624 βραδυτῆτα
3216 5556 3325 5608 τῶν
3371 5554 3726 5624 στρατιωτῶν
