  <div class='ocr_page' id='page_1' title='image "/cluster/home/n/w/nwhite01/storage/ocr_20150623/116/hvd.32044073502221/200.png"; bbox 0 0 4094 6384; ppageno 0'>
   <div class='ocr_carea' id='block_1_1' title="bbox 352 287 463 354">
    <p class='ocr_par' dir='ltr' id='par_1_1' title="bbox 352 287 463 354">
     <span class='ocr_line' id='line_1_1' title="bbox 352 287 463 354; baseline -0.009 0"><span class='ocrx_word' id='word_1_1' title='bbox 352 287 463 354; x_wconf 77' lang='lat'><strong>389</strong></span> 
     </span>
    </p>
   </div>
   <div class='ocr_carea' id='block_1_2' title="bbox 1255 292 2702 362">
    <p class='ocr_par' dir='ltr' id='par_1_2' title="bbox 1255 292 2702 362">
     <span class='ocr_line' id='line_1_2' title="bbox 1255 292 2702 362; baseline 0.006 -8"><span class='ocrx_word' id='word_1_2' title='bbox 1255 295 1722 356; x_wconf 76' lang='lat' dir='ltr'><strong>MARTYRIUM</strong></span> <span class='ocrx_word' id='word_1_3' title='bbox 1766 295 1824 357; x_wconf 92' lang='lat' dir='ltr'><strong>S.</strong></span> <span class='ocrx_word' id='word_1_4' title='bbox 1872 292 2106 354; x_wconf 66' lang='grc' dir='ltr'><strong>ΜΕΝΕ</strong></span> <span class='ocrx_word' id='word_1_5' title='bbox 2146 295 2242 355; x_wconf 80' lang='lat' dir='ltr'><strong>E&#39;l‘</strong></span> <span class='ocrx_word' id='word_1_6' title='bbox 2282 297 2702 362; x_wconf 79' lang='lat' dir='ltr'><strong>SOCIORUM.</strong></span> 
     </span>
    </p>
   </div>
   <div class='ocr_carea' id='block_1_3' title="bbox 3511 301 3620 364">
    <p class='ocr_par' dir='ltr' id='par_1_3' title="bbox 3511 301 3620 364">
     <span class='ocr_line' id='line_1_3' title="bbox 3511 301 3620 364; baseline -0.009 0"><span class='ocrx_word' id='word_1_7' title='bbox 3511 301 3620 364; x_wconf 83' lang='lat'><strong>390</strong></span> 
     </span>
    </p>
   </div>
   <div class='ocr_carea' id='block_1_4' title="bbox 354 398 1930 481">
    <p class='ocr_par' dir='ltr' id='par_1_4' title="bbox 354 398 1930 476">
     <span class='ocr_line' id='line_1_4' title="bbox 354 398 1930 476; baseline 0.001 -22"><span class='ocrx_word' id='word_1_8' title='bbox 354 398 526 464; x_wconf 76' lang='grc' dir='ltr'>εἶναι,</span> <span class='ocrx_word' id='word_1_9' title='bbox 553 401 764 472; x_wconf 62' lang='grc' dir='ltr'>ἑτέροις</span> <span class='ocrx_word' id='word_1_10' title='bbox 798 402 1009 457; x_wconf 80' lang='grc' dir='ltr'>πλείοσι</span> <span class='ocrx_word' id='word_1_11' title='bbox 1043 404 1139 457; x_wconf 75' lang='grc' dir='ltr'>καὶ</span> <span class='ocrx_word' id='word_1_12' title='bbox 1188 404 1633 476; x_wconf 71' lang='grc' dir='ltr'><strong>σπουδαιοτέροις</strong></span> <span class='ocrx_word' id='word_1_13' title='bbox 1661 405 1930 475; x_wconf 82' lang='grc' dir='ltr'>στρατιώ-</span> 
     </span>
    </p>
   </div>
   <div class='ocr_carea' id='block_1_5' title="bbox 2032 398 3619 481">
    <p class='ocr_par' dir='ltr' id='par_1_5' title="bbox 2038 399 3619 481">
     <span class='ocr_line' id='line_1_5' title="bbox 2038 399 3619 481; baseline 0.008 -26"><span class='ocrx_word' id='word_1_14' title='bbox 2038 407 2338 474; x_wconf 75' lang='lat' dir='ltr'><strong>gratiﬁcari</strong></span> <span class='ocrx_word' id='word_1_15' title='bbox 2393 410 2617 478; x_wconf 84' lang='lat' dir='ltr'><strong>populo,</strong></span> <span class='ocrx_word' id='word_1_16' title='bbox 2667 419 2956 480; x_wconf 76' lang='lat' dir='ltr'><strong>postquam</strong></span> <span class='ocrx_word' id='word_1_17' title='bbox 3003 411 3262 481; x_wconf 76' lang='lat' dir='ltr'><strong>cognovit</strong></span> <span class='ocrx_word' id='word_1_18' title='bbox 3291 411 3430 468; x_wconf 83' lang='lat' dir='ltr'><strong>nihil</strong></span> <span class='ocrx_word' id='word_1_19' title='bbox 3467 399 3619 468; x_wconf 80' lang='lat' dir='ltr'><strong>aliud</strong></span> 
     </span>
    </p>
   </div>
   <div class='ocr_carea' id='block_1_6' title="bbox 345 495 1932 569">
    <p class='ocr_par' dir='ltr' id='par_1_6' title="bbox 345 495 1932 569">
     <span class='ocr_line' id='line_1_6' title="bbox 345 495 1932 569; baseline 0.001 -22"><span class='ocrx_word' id='word_1_20' title='bbox 345 512 471 556; x_wconf 80' lang='grc' dir='ltr'>ταις</span> <span class='ocrx_word' id='word_1_21' title='bbox 514 495 615 566; x_wconf 78' lang='grc' dir='ltr'>τὴν</span> <span class='ocrx_word' id='word_1_22' title='bbox 665 495 1003 566; x_wconf 75' lang='grc' dir='ltr'>ἀνακομιδὴν</span> <span class='ocrx_word' id='word_1_23' title='bbox 1045 497 1140 550; x_wconf 88' lang='grc' dir='ltr'><strong>τοῦ</strong></span> <span class='ocrx_word' id='word_1_24' title='bbox 1183 499 1463 569; x_wconf 77' lang='grc' dir='ltr'>μάρτυρος</span> <span class='ocrx_word' id='word_1_25' title='bbox 1519 501 1830 566; x_wconf 67' lang='grc' dir='ltr'>ιπιτρέπει.</span> <span class='ocrx_word' id='word_1_26' title='bbox 1865 497 1932 553; x_wconf 86' lang='lat' dir='ltr'><strong>Ol</strong></span> 
     </span>
    </p>
   </div>
   <div class='ocr_carea' id='block_1_7' title="bbox 345 585 1931 661">
    <p class='ocr_par' dir='ltr' id='par_1_7' title="bbox 345 585 1931 661">
     <span class='ocr_line' id='line_1_7' title="bbox 345 585 1931 661; baseline 0.002 -22"><span class='ocrx_word' id='word_1_27' title='bbox 345 585 428 650; x_wconf 67' lang='grc' dir='ltr'>δὲ,</span> <span class='ocrx_word' id='word_1_28' title='bbox 461 587 586 640; x_wconf 67' lang='lat' dir='ltr'><strong>hui</strong></span> <span class='ocrx_word' id='word_1_29' title='bbox 617 587 716 640; x_wconf 78' lang='grc' dir='ltr'>καὶ</span> <span class='ocrx_word' id='word_1_30' title='bbox 740 588 899 640; x_wconf 77' lang='grc' dir='ltr'>αὐτοὶ</span> <span class='ocrx_word' id='word_1_31' title='bbox 938 589 1076 658; x_wconf 68' lang='grc' dir='ltr'>πρὸς</span> <span class='ocrx_word' id='word_1_32' title='bbox 1120 589 1221 659; x_wconf 82' lang='grc' dir='ltr'>τὴν</span> <span class='ocrx_word' id='word_1_33' title='bbox 1248 589 1498 661; x_wconf 73' lang='grc' dir='ltr'>φυλακὴν</span> <span class='ocrx_word' id='word_1_34' title='bbox 1531 592 1931 659; x_wconf 73' lang='grc' dir='ltr'>πεφοιτήκασι,</span> 
     </span>
    </p>
   </div>
   <div class='ocr_carea' id='block_1_8' title="bbox 348 677 1934 750">
    <p class='ocr_par' dir='ltr' id='par_1_8' title="bbox 348 677 1934 750">
     <span class='ocr_line' id='line_1_8' title="bbox 348 677 1934 750; baseline 0.003 -21"><span class='ocrx_word' id='word_1_35' title='bbox 348 677 446 730; x_wconf 76' lang='grc' dir='ltr'>καὶ</span> <span class='ocrx_word' id='word_1_36' title='bbox 490 677 684 732; x_wconf 79' lang='grc' dir='ltr'>θεαταὶ</span> <span class='ocrx_word' id='word_1_37' title='bbox 732 679 955 734; x_wconf 79' lang='grc' dir='ltr'>πάντων</span> <span class='ocrx_word' id='word_1_38' title='bbox 1008 681 1234 735; x_wconf 68' lang='grc' dir='ltr'>ἐκείνων</span> <span class='ocrx_word' id='word_1_39' title='bbox 1290 680 1400 735; x_wconf 86' lang='grc' dir='ltr'><strong>τῶν</strong></span> <span class='ocrx_word' id='word_1_40' title='bbox 1442 682 1767 750; x_wconf 76' lang='grc' dir='ltr'>παραδόξων</span> <span class='ocrx_word' id='word_1_41' title='bbox 1799 697 1934 734; x_wconf 72' lang='grc' dir='ltr'>κατι</span> 
     </span>
    </p>
   </div>
   <div class='ocr_carea' id='block_1_9' title="bbox 348 766 1936 844">
    <p class='ocr_par' dir='ltr' id='par_1_9' title="bbox 348 766 1936 844">
     <span class='ocr_line' id='line_1_9' title="bbox 348 766 1936 844; baseline 0.006 -25"><span class='ocrx_word' id='word_1_42' title='bbox 348 766 615 838; x_wconf 68' lang='grc' dir='ltr'>ιστησαν,</span> <span class='ocrx_word' id='word_1_43' title='bbox 665 770 910 842; x_wconf 71' lang='grc' dir='ltr'>ἥκουσαν</span> <span class='ocrx_word' id='word_1_44' title='bbox 945 773 1004 826; x_wconf 70' lang='grc' dir='ltr'>δὲ</span> <span class='ocrx_word' id='word_1_45' title='bbox 1033 774 1129 828; x_wconf 73' lang='grc' dir='ltr'>καὶ</span> <span class='ocrx_word' id='word_1_46' title='bbox 1155 772 1250 827; x_wconf 89' lang='grc' dir='ltr'><strong>τοῦ</strong></span> <span class='ocrx_word' id='word_1_47' title='bbox 1280 775 1560 844; x_wconf 84' lang='grc' dir='ltr'>μάρτυρος</span> <span class='ocrx_word' id='word_1_48' title='bbox 1590 775 1936 842; x_wconf 82' lang='grc' dir='ltr'>τρανέστατα</span> 
     </span>
    </p>
   </div>
   <div class='ocr_carea' id='block_1_10' title="bbox 297 857 1930 936">
    <p class='ocr_par' dir='ltr' id='par_1_10' title="bbox 297 857 1930 936">
     <span class='ocr_line' id='line_1_10' title="bbox 297 857 1930 936; baseline 0.007 -27"><span class='ocrx_word' id='word_1_49' title='bbox 297 933 300 935; x_wconf 9' lang='grc' dir='ltr'><strong>Δ</strong></span> <span class='ocrx_word' id='word_1_50' title='bbox 347 857 746 932; x_wconf 72' lang='grc' dir='ltr'><strong>διαλεγομένου</strong></span> <span class='ocrx_word' id='word_1_51' title='bbox 775 866 870 918; x_wconf 69' lang='grc' dir='ltr'>καὶ</span> <span class='ocrx_word' id='word_1_52' title='bbox 895 864 993 934; x_wconf 79' lang='grc' dir='ltr'>τὴν</span> <span class='ocrx_word' id='word_1_53' title='bbox 1016 867 1267 934; x_wconf 85' lang='grc' dir='ltr'>γλῶτταν</span> <span class='ocrx_word' id='word_1_54' title='bbox 1305 866 1593 936; x_wconf 82' lang='grc' dir='ltr'>εὐφραδῶς</span> <span class='ocrx_word' id='word_1_55' title='bbox 1625 867 1930 931; x_wconf 80' lang='grc' dir='ltr'>κινοῦντος,</span> 
     </span>
    </p>
   </div>
   <div class='ocr_carea' id='block_1_11' title="bbox 349 946 1934 1032">
    <p class='ocr_par' dir='ltr' id='par_1_11' title="bbox 349 946 1934 1032">
     <span class='ocr_line' id='line_1_11' title="bbox 349 946 1934 1032; baseline 0.006 -29"><span class='ocrx_word' id='word_1_56' title='bbox 349 946 499 1004; x_wconf 73' lang='grc' dir='ltr'>ε’δον</span> <span class='ocrx_word' id='word_1_57' title='bbox 535 952 593 1007; x_wconf 68' lang='grc' dir='ltr'>δὲ</span> <span class='ocrx_word' id='word_1_58' title='bbox 648 956 740 1007; x_wconf 76' lang='grc' dir='ltr'>καὶ</span> <span class='ocrx_word' id='word_1_59' title='bbox 780 957 908 1019; x_wconf 82' lang='grc' dir='ltr'>τοὺς</span> <span class='ocrx_word' id='word_1_60' title='bbox 955 958 1300 1027; x_wconf 73' lang='grc' dir='ltr'><strong>στρατιώτας</strong></span> <span class='ocrx_word' id='word_1_61' title='bbox 1347 959 1498 1031; x_wconf 79' lang='grc' dir='ltr'>αὐτῷ</span> <span class='ocrx_word' id='word_1_62' title='bbox 1531 957 1781 1030; x_wconf 76' lang='grc' dir='ltr'>καθάπερ</span> <span class='ocrx_word' id='word_1_63' title='bbox 1814 960 1934 1032; x_wconf 87' lang='grc' dir='ltr'><strong>Θεῷ</strong></span> 
     </span>
    </p>
   </div>
   <div class='ocr_carea' id='block_1_12' title="bbox 350 1045 1932 1128">
    <p class='ocr_par' dir='ltr' id='par_1_12' title="bbox 350 1045 1932 1128">
     <span class='ocr_line' id='line_1_12' title="bbox 350 1045 1932 1128; baseline 0.011 -35"><span class='ocrx_word' id='word_1_64' title='bbox 350 1058 464 1096; x_wconf 89' lang='grc' dir='ltr'>τινι</span> <span class='ocrx_word' id='word_1_65' title='bbox 496 1045 960 1118; x_wconf 82' lang='grc' dir='ltr'>προσανέχοντας,</span> <span class='ocrx_word' id='word_1_66' title='bbox 995 1049 1246 1119; x_wconf 76' lang='grc' dir='ltr'>θάμϐους</span> <span class='ocrx_word' id='word_1_67' title='bbox 1285 1052 1618 1124; x_wconf 76' lang='grc' dir='ltr'><strong>πλησθέντες</strong></span> <span class='ocrx_word' id='word_1_68' title='bbox 1661 1058 1756 1110; x_wconf 74' lang='grc' dir='ltr'>καὶ</span> <span class='ocrx_word' id='word_1_69' title='bbox 1790 1075 1932 1128; x_wconf 81' lang='grc' dir='ltr'>πσρ-</span> 
     </span>
    </p>
   </div>
   <div class='ocr_carea' id='block_1_13' title="bbox 350 1133 1933 1216">
    <p class='ocr_par' dir='ltr' id='par_1_13' title="bbox 350 1133 1933 1216">
     <span class='ocr_line' id='line_1_13' title="bbox 350 1133 1933 1216; baseline 0.009 -28"><span class='ocrx_word' id='word_1_70' title='bbox 350 1133 577 1199; x_wconf 76' lang='grc' dir='ltr'>εθέντες</span> <span class='ocrx_word' id='word_1_71' title='bbox 609 1138 808 1208; x_wconf 77' lang='grc' dir='ltr'><strong>μικροῦ</strong></span> <span class='ocrx_word' id='word_1_72' title='bbox 836 1139 910 1210; x_wconf 81' lang='grc' dir='ltr'>τῷ</span> <span class='ocrx_word' id='word_1_73' title='bbox 935 1139 1197 1212; x_wconf 76' lang='grc' dir='ltr'><strong>θεάματι,</strong></span> <span class='ocrx_word' id='word_1_74' title='bbox 1238 1146 1586 1216; x_wconf 77' lang='grc' dir='ltr'>παραχρῆμα</span> <span class='ocrx_word' id='word_1_75' title='bbox 1630 1149 1724 1202; x_wconf 79' lang='grc' dir='ltr'>καὶ</span> <span class='ocrx_word' id='word_1_76' title='bbox 1776 1151 1933 1202; x_wconf 75' lang='grc' dir='ltr'>αὐτοὶ</span> 
     </span>
    </p>
   </div>
   <div class='ocr_carea' id='block_1_14' title="bbox 359 1225 1930 1311">
    <p class='ocr_par' dir='ltr' id='par_1_14' title="bbox 359 1225 1930 1311">
     <span class='ocr_line' id='line_1_14' title="bbox 359 1225 1930 1311; baseline 0.003 -33"><span class='ocrx_word' id='word_1_77' title='bbox 359 1226 605 1279; x_wconf 73' lang='grc' dir='ltr'>συνεῖδον</span> <span class='ocrx_word' id='word_1_78' title='bbox 634 1227 785 1291; x_wconf 80' lang='grc' dir='ltr'>θείας</span> <span class='ocrx_word' id='word_1_79' title='bbox 819 1225 958 1283; x_wconf 72' lang='grc' dir='ltr'>εἶναι</span> <span class='ocrx_word' id='word_1_80' title='bbox 989 1233 1050 1288; x_wconf 79' lang='grc' dir='ltr'>τὸ</span> <span class='ocrx_word' id='word_1_81' title='bbox 1078 1235 1316 1304; x_wconf 78' lang='grc' dir='ltr'>πρᾶγμα</span> <span class='ocrx_word' id='word_1_82' title='bbox 1343 1234 1652 1305; x_wconf 76' lang='grc' dir='ltr'>δυνάμεως,</span> <span class='ocrx_word' id='word_1_83' title='bbox 1695 1241 1930 1311; x_wconf 70' lang='grc' dir='ltr'>ἐπέστη-</span> 
     </span>
    </p>
   </div>
   <div class='ocr_carea' id='block_1_15' title="bbox 349 1321 1931 1401">
    <p class='ocr_par' dir='ltr' id='par_1_15' title="bbox 349 1321 1931 1401">
     <span class='ocr_line' id='line_1_15' title="bbox 349 1321 1931 1401; baseline 0.01 -31"><span class='ocrx_word' id='word_1_84' title='bbox 349 1321 454 1372; x_wconf 76' lang='grc' dir='ltr'>σάν</span> <span class='ocrx_word' id='word_1_85' title='bbox 491 1337 549 1374; x_wconf 90' lang='grc' dir='ltr'><strong>τε</strong></span> <span class='ocrx_word' id='word_1_86' title='bbox 578 1322 678 1392; x_wconf 69' lang='grc' dir='ltr'><strong>ὅλῃ</strong></span> <span class='ocrx_word' id='word_1_87' title='bbox 701 1323 883 1395; x_wconf 70' lang='grc' dir='ltr'>ψυχῇ,</span> <span class='ocrx_word' id='word_1_88' title='bbox 921 1326 1091 1396; x_wconf 77' lang='grc' dir='ltr'>μηδὲν</span> <span class='ocrx_word' id='word_1_89' title='bbox 1119 1327 1223 1398; x_wconf 83' lang='grc' dir='ltr'>τῆς</span> <span class='ocrx_word' id='word_1_90' title='bbox 1248 1329 1493 1400; x_wconf 62' lang='grc' dir='ltr'>ἐπάρχου</span> <span class='ocrx_word' id='word_1_91' title='bbox 1527 1335 1931 1401; x_wconf 76' lang='grc' dir='ltr'><strong>φροντίσαντες</strong></span> 
     </span>
    </p>
   </div>
   <div class='ocr_carea' id='block_1_16' title="bbox 349 1410 1607 1493">
    <p class='ocr_par' dir='ltr' id='par_1_16' title="bbox 349 1410 1607 1493">
     <span class='ocr_line' id='line_1_16' title="bbox 349 1410 1607 1493; baseline 0.012 -31"><span class='ocrx_word' id='word_1_92' title='bbox 349 1410 630 1478; x_wconf 65' lang='grc' dir='ltr'>ἐξουσίας,</span> <span class='ocrx_word' id='word_1_93' title='bbox 659 1418 754 1468; x_wconf 74' lang='grc' dir='ltr'>καὶ</span> <span class='ocrx_word' id='word_1_94' title='bbox 791 1419 903 1479; x_wconf 89' lang='grc' dir='ltr'><strong>τοίς</strong></span> <span class='ocrx_word' id='word_1_95' title='bbox 935 1416 1144 1482; x_wconf 79' lang='grc' dir='ltr'>λοιποῖς</span> <span class='ocrx_word' id='word_1_96' title='bbox 1176 1421 1607 1493; x_wconf 73' lang='grc' dir='ltr'>προσετέθησαν.</span> 
     </span>
    </p>
   </div>
   <div class='ocr_carea' id='block_1_17' title="bbox 420 1675 1930 1760">
    <p class='ocr_par' dir='ltr' id='par_1_17' title="bbox 420 1675 1930 1760">
     <span class='ocr_line' id='line_1_17' title="bbox 420 1675 1930 1760; baseline 0.012 -32"><span class='ocrx_word' id='word_1_97' title='bbox 420 1676 493 1729; x_wconf 73' lang='grc' dir='ltr'><strong>ιιι</strong></span> <span class='ocrx_word' id='word_1_98' title='bbox 514 1717 530 1732; x_wconf 94' lang='grc'><strong>.</strong></span> <span class='ocrx_word' id='word_1_99' title='bbox 567 1675 628 1730; x_wconf 90' lang='grc'><strong>’0</strong></span> <span class='ocrx_word' id='word_1_100' title='bbox 662 1675 818 1747; x_wconf 69' lang='grc' dir='ltr'>ἅγιος</span> <span class='ocrx_word' id='word_1_101' title='bbox 846 1681 1047 1748; x_wconf 79' lang='grc' dir='ltr'>τοίνυν,</span> <span class='ocrx_word' id='word_1_102' title='bbox 1083 1684 1208 1738; x_wconf 69' lang='grc' dir='ltr'>ἐπεὶ</span> <span class='ocrx_word' id='word_1_103' title='bbox 1239 1687 1391 1759; x_wconf 81' lang='grc' dir='ltr'>παρά</span> <span class='ocrx_word' id='word_1_104' title='bbox 1428 1688 1536 1742; x_wconf 85' lang='grc' dir='ltr'>τῶν</span> <span class='ocrx_word' id='word_1_105' title='bbox 1581 1693 1930 1760; x_wconf 78' lang='grc' dir='ltr'><strong>στρατιωτῶν</strong></span> 
     </span>
    </p>
   </div>
   <div class='ocr_carea' id='block_1_18' title="bbox 2035 500 3620 569">
    <p class='ocr_par' dir='ltr' id='par_1_18' title="bbox 2035 500 3620 569">
     <span class='ocr_line' id='line_1_18' title="bbox 2035 500 3620 569; baseline 0.007 -20"><span class='ocrx_word' id='word_1_106' title='bbox 2035 511 2181 561; x_wconf 77' lang='lat' dir='ltr'><strong>esse,</strong></span> <span class='ocrx_word' id='word_1_107' title='bbox 2233 501 2379 569; x_wconf 87' lang='lat' dir='ltr'><strong>quod</strong></span> <span class='ocrx_word' id='word_1_108' title='bbox 2431 502 2513 554; x_wconf 89' lang='lat' dir='ltr'><strong>eis</strong></span> <span class='ocrx_word' id='word_1_109' title='bbox 2577 500 2798 556; x_wconf 71' lang='lat' dir='ltr'><strong>all‘erret</strong></span> <span class='ocrx_word' id='word_1_110' title='bbox 2845 504 3175 564; x_wconf 84' lang='lat' dir='ltr'><strong>molestiam,</strong></span> <span class='ocrx_word' id='word_1_111' title='bbox 3229 505 3334 559; x_wconf 87' lang='lat' dir='ltr'><strong>nisi</strong></span> <span class='ocrx_word' id='word_1_112' title='bbox 3382 506 3620 560; x_wconf 88' lang='lat' dir='ltr'><strong>militum</strong></span> 
     </span>
    </p>
   </div>
   <div class='ocr_carea' id='block_1_19' title="bbox 2038 588 3620 663">
    <p class='ocr_par' dir='ltr' id='par_1_19' title="bbox 2038 588 3620 663">
     <span class='ocr_line' id='line_1_19' title="bbox 2038 588 3620 663; baseline 0.006 -25"><span class='ocrx_word' id='word_1_113' title='bbox 2038 601 2248 640; x_wconf 82' lang='lat' dir='ltr'><strong>moram</strong></span> <span class='ocrx_word' id='word_1_114' title='bbox 2281 588 2714 654; x_wconf 85' lang='lat' dir='ltr'><strong>diuturniorem,</strong></span> <span class='ocrx_word' id='word_1_115' title='bbox 2751 591 3001 659; x_wconf 83' lang='lat' dir='ltr'><strong>pluribus</strong></span> <span class='ocrx_word' id='word_1_116' title='bbox 3023 592 3146 647; x_wconf 85' lang='lat' dir='ltr'><strong>aliis</strong></span> <span class='ocrx_word' id='word_1_117' title='bbox 3173 592 3620 663; x_wconf 77' lang='lat' dir='ltr'><strong>diligentiOribus</strong></span> 
     </span>
    </p>
   </div>
   <div class='ocr_carea' id='block_1_20' title="bbox 2039 679 3618 754">
    <p class='ocr_par' dir='ltr' id='par_1_20' title="bbox 2039 679 3618 754">
     <span class='ocr_line' id='line_1_20' title="bbox 2039 679 3618 754; baseline 0.003 -22"><span class='ocrx_word' id='word_1_118' title='bbox 2039 679 2506 750; x_wconf 80' lang='lat' dir='ltr'><strong>militibusjnbel,</strong></span> <span class='ocrx_word' id='word_1_119' title='bbox 2539 691 2600 735; x_wconf 89' lang='lat' dir='ltr'><strong>ut</strong></span> <span class='ocrx_word' id='word_1_120' title='bbox 2633 684 2863 736; x_wconf 83' lang='lat' dir='ltr'><strong>aﬂerant</strong></span> <span class='ocrx_word' id='word_1_121' title='bbox 2900 693 3219 754; x_wconf 75' lang='lat' dir='ltr'><strong>martyrem.</strong></span> <span class='ocrx_word' id='word_1_122' title='bbox 3256 684 3394 739; x_wconf 83' lang='lat' dir='ltr'><strong>Cum</strong></span> <span class='ocrx_word' id='word_1_123' title='bbox 3436 696 3618 739; x_wconf 86' lang='lat' dir='ltr'><strong>autem</strong></span> 
     </span>
    </p>
   </div>
   <div class='ocr_carea' id='block_1_21' title="bbox 2037 769 3622 840">
    <p class='ocr_par' dir='ltr' id='par_1_21' title="bbox 2037 769 3622 840">
     <span class='ocr_line' id='line_1_21' title="bbox 2037 769 3622 840; baseline 0.006 -18"><span class='ocrx_word' id='word_1_124' title='bbox 2037 769 2115 822; x_wconf 92' lang='lat' dir='ltr'><strong>illi</strong></span> <span class='ocrx_word' id='word_1_125' title='bbox 2146 769 2246 838; x_wconf 89' lang='lat' dir='ltr'><strong>ipsi</strong></span> <span class='ocrx_word' id='word_1_126' title='bbox 2274 786 2492 840; x_wconf 84' lang='lat' dir='ltr'><strong>quoque</strong></span> <span class='ocrx_word' id='word_1_127' title='bbox 2521 772 2804 827; x_wconf 89' lang='lat' dir='ltr'><strong>venissent</strong></span> <span class='ocrx_word' id='word_1_128' title='bbox 2844 777 2898 827; x_wconf 91' lang='lat' dir='ltr'><strong>in</strong></span> <span class='ocrx_word' id='word_1_129' title='bbox 2943 789 3248 839; x_wconf 85' lang='lat' dir='ltr'><strong>carcerem,</strong></span> <span class='ocrx_word' id='word_1_130' title='bbox 3288 785 3344 831; x_wconf 89' lang='lat' dir='ltr'><strong>et</strong></span> <span class='ocrx_word' id='word_1_131' title='bbox 3375 777 3496 832; x_wconf 89' lang='lat' dir='ltr'><strong>illas</strong></span> <span class='ocrx_word' id='word_1_132' title='bbox 3531 791 3622 831; x_wconf 87' lang='lat' dir='ltr'><strong>res</strong></span> 
     </span>
    </p>
   </div>
   <div class='ocr_carea' id='block_1_22' title="bbox 2036 861 3619 926">
    <p class='ocr_par' dir='ltr' id='par_1_22' title="bbox 2036 861 3619 926">
     <span class='ocr_line' id='line_1_22' title="bbox 2036 861 3619 926; baseline 0.006 -13"><span class='ocrx_word' id='word_1_133' title='bbox 2036 875 2232 916; x_wconf 83' lang='lat' dir='ltr'><strong>omnes</strong></span> <span class='ocrx_word' id='word_1_134' title='bbox 2283 861 2552 916; x_wconf 82' lang='lat' dir='ltr'><strong>vidissem</strong></span> <span class='ocrx_word' id='word_1_135' title='bbox 2618 864 3022 926; x_wconf 87' lang='lat' dir='ltr'><strong>admirabiles,</strong></span> <span class='ocrx_word' id='word_1_136' title='bbox 3076 866 3422 922; x_wconf 85' lang='lat' dir='ltr'><strong>audivissent</strong></span> <span class='ocrx_word' id='word_1_137' title='bbox 3485 882 3619 922; x_wconf 86' lang='lat' dir='ltr'><strong>vero</strong></span> 
     </span>
    </p>
   </div>
   <div class='ocr_carea' id='block_1_23' title="bbox 2036 954 3618 1025">
    <p class='ocr_par' dir='ltr' id='par_1_23' title="bbox 2036 954 3618 1025">
     <span class='ocr_line' id='line_1_23' title="bbox 2036 954 3618 1025; baseline 0.004 -22"><span class='ocrx_word' id='word_1_138' title='bbox 2036 960 2330 1022; x_wconf 80' lang='lat' dir='ltr'><strong>martyrem</strong></span> <span class='ocrx_word' id='word_1_139' title='bbox 2355 955 2702 1022; x_wconf 78' lang='lat' dir='ltr'><strong>apertissime</strong></span> <span class='ocrx_word' id='word_1_140' title='bbox 2721 965 2773 1008; x_wconf 78' lang='lat' dir='ltr'><strong>ct</strong></span> <span class='ocrx_word' id='word_1_141' title='bbox 2794 954 3210 1024; x_wconf 80' lang='lat' dir='ltr'><strong>expeditissime</strong></span> <span class='ocrx_word' id='word_1_142' title='bbox 3229 958 3618 1025; x_wconf 83' lang='lat' dir='ltr'><strong>disserentem,</strong></span> 
     </span>
    </p>
   </div>
   <div class='ocr_carea' id='block_1_24' title="bbox 2035 1046 3620 1116">
    <p class='ocr_par' dir='ltr' id='par_1_24' title="bbox 2035 1046 3620 1116">
     <span class='ocr_line' id='line_1_24' title="bbox 2035 1046 3620 1116; baseline 0.003 -18"><span class='ocrx_word' id='word_1_143' title='bbox 2035 1053 2090 1098; x_wconf 89' lang='lat' dir='ltr'><strong>et</strong></span> <span class='ocrx_word' id='word_1_144' title='bbox 2121 1046 2363 1116; x_wconf 79' lang='lat' dir='ltr'><strong>linguam</strong></span> <span class='ocrx_word' id='word_1_145' title='bbox 2402 1049 2608 1102; x_wconf 82' lang='lat' dir='ltr'><strong>diserte</strong></span> <span class='ocrx_word' id='word_1_146' title='bbox 2635 1057 2983 1102; x_wconf 85' lang='lat' dir='ltr'><strong>moventem:</strong></span> <span class='ocrx_word' id='word_1_147' title='bbox 3011 1048 3271 1103; x_wconf 87' lang='lat' dir='ltr'><strong>viderunt</strong></span> <span class='ocrx_word' id='word_1_148' title='bbox 3301 1060 3484 1105; x_wconf 86' lang='lat' dir='ltr'><strong>autem</strong></span> <span class='ocrx_word' id='word_1_149' title='bbox 3519 1053 3620 1103; x_wconf 89' lang='lat' dir='ltr'><strong>mi-</strong></span> 
     </span>
    </p>
   </div>
   <div class='ocr_carea' id='block_1_25' title="bbox 2034 1133 3620 1206">
    <p class='ocr_par' dir='ltr' id='par_1_25' title="bbox 2034 1133 3620 1206">
     <span class='ocr_line' id='line_1_25' title="bbox 2034 1133 3620 1206; baseline 0.004 -18"><span class='ocrx_word' id='word_1_150' title='bbox 2034 1133 2160 1190; x_wconf 81' lang='lat' dir='ltr'><strong>lites</strong></span> <span class='ocrx_word' id='word_1_151' title='bbox 2189 1151 2410 1206; x_wconf 85' lang='lat' dir='ltr'><strong>quoqne</strong></span> <span class='ocrx_word' id='word_1_152' title='bbox 2445 1140 2518 1200; x_wconf 90' lang='lat' dir='ltr'><strong>ei,</strong></span> <span class='ocrx_word' id='word_1_153' title='bbox 2554 1147 2813 1206; x_wconf 85' lang='lat' dir='ltr'><strong>tanquam</strong></span> <span class='ocrx_word' id='word_1_154' title='bbox 2849 1139 2959 1192; x_wconf 89' lang='lat' dir='ltr'><strong>Deo</strong></span> <span class='ocrx_word' id='word_1_155' title='bbox 2985 1139 3152 1194; x_wconf 81' lang='lat' dir='ltr'><strong>alicui</strong></span> <span class='ocrx_word' id='word_1_156' title='bbox 3181 1139 3426 1194; x_wconf 85' lang='lat' dir='ltr'><strong>animum</strong></span> <span class='ocrx_word' id='word_1_157' title='bbox 3463 1140 3620 1194; x_wconf 87' lang='lat' dir='ltr'><strong>adhi-</strong></span> 
     </span>
    </p>
   </div>
   <div class='ocr_carea' id='block_1_26' title="bbox 2037 1226 3620 1302">
    <p class='ocr_par' dir='ltr' id='par_1_26' title="bbox 2037 1226 3620 1302">
     <span class='ocr_line' id='line_1_26' title="bbox 2037 1226 3620 1302; baseline 0.003 -23"><span class='ocrx_word' id='word_1_158' title='bbox 2037 1226 2250 1287; x_wconf 82' lang='lat' dir='ltr'><strong>bentes.</strong></span> <span class='ocrx_word' id='word_1_159' title='bbox 2294 1229 2662 1284; x_wconf 80' lang='lat' dir='ltr'><strong>admiratione</strong></span> <span class='ocrx_word' id='word_1_160' title='bbox 2703 1231 2849 1300; x_wconf 57' lang='lat' dir='ltr'><strong>pleni</strong></span> <span class='ocrx_word' id='word_1_161' title='bbox 2881 1241 2937 1284; x_wconf 90' lang='lat' dir='ltr'><strong>et</strong></span> <span class='ocrx_word' id='word_1_162' title='bbox 2977 1231 3296 1300; x_wconf 81' lang='lat' dir='ltr'><strong>speetacnlo</strong></span> <span class='ocrx_word' id='word_1_163' title='bbox 3326 1247 3620 1302; x_wconf 81' lang='lat' dir='ltr'><strong>propemo-</strong></span> 
     </span>
    </p>
   </div>
   <div class='ocr_carea' id='block_1_27' title="bbox 2035 1319 3616 1395">
    <p class='ocr_par' dir='ltr' id='par_1_27' title="bbox 2035 1319 3616 1395">
     <span class='ocr_line' id='line_1_27' title="bbox 2035 1319 3616 1395; baseline 0.005 -23"><span class='ocrx_word' id='word_1_164' title='bbox 2035 1319 2164 1373; x_wconf 90' lang='lat' dir='ltr'><strong>dum</strong></span> <span class='ocrx_word' id='word_1_165' title='bbox 2192 1322 2441 1384; x_wconf 88' lang='lat' dir='ltr'><strong>resoluti,</strong></span> <span class='ocrx_word' id='word_1_166' title='bbox 2479 1324 2579 1391; x_wconf 86' lang='lat' dir='ltr'><strong>ipsi</strong></span> <span class='ocrx_word' id='word_1_167' title='bbox 2619 1337 2841 1392; x_wconf 84' lang='lat' dir='ltr'><strong>quoque</strong></span> <span class='ocrx_word' id='word_1_168' title='bbox 2880 1326 3066 1378; x_wconf 82' lang='lat' dir='ltr'><strong>statim</strong></span> <span class='ocrx_word' id='word_1_169' title='bbox 3096 1337 3474 1395; x_wconf 81' lang='lat' dir='ltr'><strong>cognoverunt</strong></span> <span class='ocrx_word' id='word_1_170' title='bbox 3503 1341 3616 1381; x_wconf 88' lang='lat' dir='ltr'><strong>rem</strong></span> 
     </span>
    </p>
   </div>
   <div class='ocr_carea' id='block_1_28' title="bbox 2034 1415 3614 1482">
    <p class='ocr_par' dir='ltr' id='par_1_28' title="bbox 2034 1415 3614 1482">
     <span class='ocr_line' id='line_1_28' title="bbox 2034 1415 3614 1482; baseline 0.004 -16"><span class='ocrx_word' id='word_1_171' title='bbox 2034 1428 2157 1466; x_wconf 86' lang='lat' dir='ltr'><strong>esse</strong></span> <span class='ocrx_word' id='word_1_172' title='bbox 2205 1415 2404 1468; x_wconf 71' lang='lat' dir='ltr'><strong>divinae</strong></span> <span class='ocrx_word' id='word_1_173' title='bbox 2454 1417 2694 1479; x_wconf 88' lang='lat' dir='ltr'><strong>virtutis,</strong></span> <span class='ocrx_word' id='word_1_174' title='bbox 2746 1427 2800 1470; x_wconf 88' lang='lat' dir='ltr'><strong>et</strong></span> <span class='ocrx_word' id='word_1_175' title='bbox 2841 1427 2956 1470; x_wconf 90' lang='lat' dir='ltr'><strong>toto</strong></span> <span class='ocrx_word' id='word_1_176' title='bbox 3011 1418 3196 1472; x_wconf 86' lang='lat' dir='ltr'><strong>animo</strong></span> <span class='ocrx_word' id='word_1_177' title='bbox 3233 1419 3614 1482; x_wconf 85' lang='lat' dir='ltr'><strong>crediderunt,</strong></span> 
     </span>
    </p>
   </div>
   <div class='ocr_carea' id='block_1_29' title="bbox 2035 1506 3619 1580">
    <p class='ocr_par' dir='ltr' id='par_1_29' title="bbox 2035 1506 3619 1580">
     <span class='ocr_line' id='line_1_29' title="bbox 2035 1506 3619 1580; baseline 0.005 -22"><span class='ocrx_word' id='word_1_178' title='bbox 2035 1507 2172 1560; x_wconf 87' lang='lat' dir='ltr'><strong>nihil</strong></span> <span class='ocrx_word' id='word_1_179' title='bbox 2233 1506 2475 1576; x_wconf 67' lang='lat' dir='ltr'><strong>praefecti</strong></span> <span class='ocrx_word' id='word_1_180' title='bbox 2535 1517 2796 1563; x_wconf 75' lang='lat' dir='ltr'><strong>curantes</strong></span> <span class='ocrx_word' id='word_1_181' title='bbox 2842 1518 3220 1578; x_wconf 80' lang='lat' dir='ltr'><strong>potestatem,</strong></span> <span class='ocrx_word' id='word_1_182' title='bbox 3277 1520 3331 1565; x_wconf 90' lang='lat' dir='ltr'><strong>et</strong></span> <span class='ocrx_word' id='word_1_183' title='bbox 3389 1511 3619 1580; x_wconf 81' lang='lat' dir='ltr'><strong>reliquis</strong></span> 
     </span>
    </p>
   </div>
   <div class='ocr_carea' id='block_1_30' title="bbox 2035 1609 2412 1655">
    <p class='ocr_par' dir='ltr' id='par_1_30' title="bbox 2035 1609 2412 1655">
     <span class='ocr_line' id='line_1_30' title="bbox 2035 1609 2412 1655; baseline 0.003 -2"><span class='ocrx_word' id='word_1_184' title='bbox 2035 1609 2412 1655; x_wconf 85' lang='lat' dir='ltr'><strong>accesserunt.</strong></span> 
     </span>
    </p>
   </div>
   <div class='ocr_carea' id='block_1_31' title="bbox 2107 1691 3617 1765">
    <p class='ocr_par' dir='ltr' id='par_1_31' title="bbox 2107 1691 3617 1765">
     <span class='ocr_line' id='line_1_31' title="bbox 2107 1691 3617 1765; baseline 0.003 -20"><span class='ocrx_word' id='word_1_185' title='bbox 2107 1691 2298 1746; x_wconf 71' lang='lat' dir='ltr'><strong>XVI&quot;.</strong></span> <span class='ocrx_word' id='word_1_186' title='bbox 2336 1692 2574 1749; x_wconf 83' lang='lat' dir='ltr'><strong>Sanctus</strong></span> <span class='ocrx_word' id='word_1_187' title='bbox 2604 1707 2739 1749; x_wconf 86' lang='lat' dir='ltr'><strong>vero</strong></span> <span class='ocrx_word' id='word_1_188' title='bbox 2775 1704 3068 1765; x_wconf 81' lang='lat' dir='ltr'><strong>postquam</strong></span> <span class='ocrx_word' id='word_1_189' title='bbox 3101 1694 3315 1748; x_wconf 82' lang='lat' dir='ltr'><strong>audivit</strong></span> <span class='ocrx_word' id='word_1_190' title='bbox 3358 1710 3386 1748; x_wconf 88' lang='lat' dir='ltr'><strong>a</strong></span> <span class='ocrx_word' id='word_1_191' title='bbox 3422 1695 3617 1749; x_wconf 86' lang='lat' dir='ltr'><strong>militi-</strong></span> 
     </span>
    </p>
   </div>
   <div class='ocr_carea' id='block_1_32' title="bbox 347 1761 1930 1855">
    <p class='ocr_par' dir='ltr' id='par_1_32' title="bbox 347 1767 1928 1854">
     <span class='ocr_line' id='line_1_32' title="bbox 347 1767 1928 1854; baseline 0.011 -35"><span class='ocrx_word' id='word_1_192' title='bbox 347 1767 580 1838; x_wconf 66' lang='grc' dir='ltr'>ἠκηκόει</span> <span class='ocrx_word' id='word_1_193' title='bbox 610 1768 686 1835; x_wconf 84' lang='grc' dir='ltr'><strong>ὡς</strong></span> <span class='ocrx_word' id='word_1_194' title='bbox 715 1773 872 1827; x_wconf 75' lang='grc' dir='ltr'>Πᾶσα</span> <span class='ocrx_word' id='word_1_195' title='bbox 905 1775 938 1843; x_wconf 85' lang='grc' dir='ltr'>ὴ</span> <span class='ocrx_word' id='word_1_196' title='bbox 967 1774 1120 1840; x_wconf 81' lang='grc' dir='ltr'>πόλις</span> <span class='ocrx_word' id='word_1_197' title='bbox 1157 1779 1510 1850; x_wconf 76' lang='grc' dir='ltr'>παρέστηκεν</span> <span class='ocrx_word' id='word_1_198' title='bbox 1555 1782 1679 1854; x_wconf 72' lang='grc' dir='ltr'>ήδη,</span> <span class='ocrx_word' id='word_1_199' title='bbox 1713 1785 1776 1838; x_wconf 79' lang='grc' dir='ltr'>τὸ</span> <span class='ocrx_word' id='word_1_200' title='bbox 1805 1784 1928 1837; x_wconf 67' lang='grc' dir='ltr'>θεά-</span> 
     </span>
    </p>
   </div>
   <div class='ocr_carea' id='block_1_33' title="bbox 2032 1761 3616 1855">
    <p class='ocr_par' dir='ltr' id='par_1_33' title="bbox 2035 1761 3616 1855">
     <span class='ocr_line' id='line_1_33' title="bbox 2035 1761 3616 1855; baseline 0.001 -17"><span class='ocrx_word' id='word_1_201' title='bbox 2035 1784 2160 1846; x_wconf 78' lang='lat' dir='ltr'><strong>bus,</strong></span> <span class='ocrx_word' id='word_1_202' title='bbox 2193 1785 2304 1855; x_wconf 86' lang='lat' dir='ltr'><strong>jam</strong></span> <span class='ocrx_word' id='word_1_203' title='bbox 2341 1793 2507 1838; x_wconf 90' lang='lat' dir='ltr'><strong>totam</strong></span> <span class='ocrx_word' id='word_1_204' title='bbox 2541 1785 2734 1840; x_wconf 87' lang='lat' dir='ltr'><strong>adesse</strong></span> <span class='ocrx_word' id='word_1_205' title='bbox 2777 1761 3058 1840; x_wconf 81' lang='lat' dir='ltr'><strong>civitatem</strong></span> <span class='ocrx_word' id='word_1_206' title='bbox 3088 1824 3101 1847; x_wconf 91' lang='lat'><strong>,</strong></span> <span class='ocrx_word' id='word_1_207' title='bbox 3136 1784 3616 1855; x_wconf 78' lang='lat' dir='ltr'><strong>magnifacientem</strong></span> 
     </span>
    </p>
   </div>
   <div class='ocr_carea' id='block_1_34' title="bbox 347 1861 1932 1948">
    <p class='ocr_par' dir='ltr' id='par_1_34' title="bbox 347 1861 1932 1948">
     <span class='ocr_line' id='line_1_34' title="bbox 347 1861 1932 1948; baseline 0.013 -37"><span class='ocrx_word' id='word_1_208' title='bbox 347 1861 551 1913; x_wconf 79' lang='grc' dir='ltr'>σασθαί</span> <span class='ocrx_word' id='word_1_209' title='bbox 584 1879 645 1915; x_wconf 88' lang='grc' dir='ltr'><strong>σε</strong></span> <span class='ocrx_word' id='word_1_210' title='bbox 699 1866 832 1935; x_wconf 79' lang='grc' dir='ltr'>περὶ</span> <span class='ocrx_word' id='word_1_211' title='bbox 875 1866 1073 1921; x_wconf 85' lang='grc' dir='ltr'>πολλοῦ</span> <span class='ocrx_word' id='word_1_212' title='bbox 1125 1870 1409 1942; x_wconf 80' lang='grc' dir='ltr'>τιθεμένη,</span> <span class='ocrx_word' id='word_1_213' title='bbox 1459 1874 1554 1926; x_wconf 72' lang='grc' dir='ltr'>καὶ</span> <span class='ocrx_word' id='word_1_214' title='bbox 1593 1873 1669 1936; x_wconf 83' lang='grc' dir='ltr'><strong>ὡς</strong></span> <span class='ocrx_word' id='word_1_215' title='bbox 1720 1876 1932 1948; x_wconf 68' lang='grc' dir='ltr'>ἰτοιμοι</span> 
     </span>
    </p>
   </div>
   <div class='ocr_carea' id='block_1_35' title="bbox 349 1954 1931 2038">
    <p class='ocr_par' dir='ltr' id='par_1_35' title="bbox 349 1954 1931 2038">
     <span class='ocr_line' id='line_1_35' title="bbox 349 1954 1931 2038; baseline 0.011 -30"><span class='ocrx_word' id='word_1_216' title='bbox 349 1954 556 2017; x_wconf 64' lang='lat' dir='ltr'><strong>nine;</strong></span> <span class='ocrx_word' id='word_1_217' title='bbox 587 1958 868 2010; x_wconf 75' lang='grc' dir='ltr'>πιστεύειν</span> <span class='ocrx_word' id='word_1_218' title='bbox 894 1959 972 2034; x_wconf 78' lang='grc' dir='ltr'>τῷ</span> <span class='ocrx_word' id='word_1_219' title='bbox 991 1961 1068 2030; x_wconf 79' lang='grc' dir='ltr'>σῷ</span> <span class='ocrx_word' id='word_1_220' title='bbox 1099 1961 1238 2032; x_wconf 81' lang='grc' dir='ltr'>Θεῷ,</span> <span class='ocrx_word' id='word_1_221' title='bbox 1295 1965 1344 2015; x_wconf 84' lang='grc' dir='ltr'><strong>εί</strong></span> <span class='ocrx_word' id='word_1_222' title='bbox 1373 1963 1656 2020; x_wconf 75' lang='grc' dir='ltr'>θεάσαιντο</span> <span class='ocrx_word' id='word_1_223' title='bbox 1681 1968 1842 2038; x_wconf 81' lang='grc' dir='ltr'>μόνον</span> <span class='ocrx_word' id='word_1_224' title='bbox 1866 1973 1931 2025; x_wconf 75' lang='grc' dir='ltr'>τὰ</span> 
     </span>
    </p>
   </div>
   <div class='ocr_carea' id='block_1_36' title="bbox 347 2047 1934 2130">
    <p class='ocr_par' dir='ltr' id='par_1_36' title="bbox 347 2047 1934 2130">
     <span class='ocr_line' id='line_1_36' title="bbox 347 2047 1934 2130; baseline 0.012 -33"><span class='ocrx_word' id='word_1_225' title='bbox 347 2049 480 2117; x_wconf 78' lang='grc' dir='ltr'>περὶ</span> <span class='ocrx_word' id='word_1_226' title='bbox 515 2049 574 2101; x_wconf 78' lang='grc' dir='ltr'>σὲ</span> <span class='ocrx_word' id='word_1_227' title='bbox 603 2047 882 2118; x_wconf 78' lang='grc' dir='ltr'>θαύματα,</span> <span class='ocrx_word' id='word_1_228' title='bbox 932 2053 1086 2108; x_wconf 76' lang='grc' dir='ltr'>οὐδὲν</span> <span class='ocrx_word' id='word_1_229' title='bbox 1136 2057 1399 2128; x_wconf 80' lang='grc' dir='ltr'>μελήσας.</span> <span class='ocrx_word' id='word_1_230' title='bbox 1457 2060 1754 2130; x_wconf 71' lang='grc' dir='ltr'>ὲξῄει,καὶ</span> <span class='ocrx_word' id='word_1_231' title='bbox 1805 2063 1934 2126; x_wconf 82' lang='grc' dir='ltr'>τοὺς</span> 
     </span>
    </p>
   </div>
   <div class='ocr_carea' id='block_1_37' title="bbox 349 2143 1927 2216">
    <p class='ocr_par' dir='ltr' id='par_1_37' title="bbox 349 2143 1927 2216">
     <span class='ocr_line' id='line_1_37' title="bbox 349 2143 1927 2216; baseline 0.012 -27"><span class='ocrx_word' id='word_1_232' title='bbox 349 2143 697 2209; x_wconf 80' lang='grc' dir='ltr'>στρατιώτας</span> <span class='ocrx_word' id='word_1_233' title='bbox 725 2143 862 2216; x_wconf 74' lang='grc' dir='ltr'><strong>ἔχων</strong></span> <span class='ocrx_word' id='word_1_234' title='bbox 897 2147 1320 2215; x_wconf 80' lang='grc' dir='ltr'>συνεπομένους.</span> <span class='ocrx_word' id='word_1_235' title='bbox 1366 2150 1452 2214; x_wconf 82' lang='grc' dir='ltr'>Ὦς</span> <span class='ocrx_word' id='word_1_236' title='bbox 1496 2151 1548 2204; x_wconf 76' lang='grc' dir='ltr'>δὲ</span> <span class='ocrx_word' id='word_1_237' title='bbox 1573 2153 1806 2206; x_wconf 79' lang='grc' dir='ltr'>ἀπιόντα</span> <span class='ocrx_word' id='word_1_238' title='bbox 1836 2155 1927 2208; x_wconf 79' lang='grc' dir='ltr'><strong>αὑο</strong></span> 
     </span>
    </p>
   </div>
   <div class='ocr_carea' id='block_1_38' title="bbox 347 2232 1933 2312">
    <p class='ocr_par' dir='ltr' id='par_1_38' title="bbox 347 2232 1933 2312">
     <span class='ocr_line' id='line_1_38' title="bbox 347 2232 1933 2312; baseline 0.011 -29"><span class='ocrx_word' id='word_1_239' title='bbox 347 2233 442 2284; x_wconf 61' lang='grc' dir='ltr'><strong>τδν</strong></span> <span class='ocrx_word' id='word_1_240' title='bbox 461 2232 597 2302; x_wconf 70' lang='grc' dir='ltr'>πρὸς</span> <span class='ocrx_word' id='word_1_241' title='bbox 633 2235 696 2286; x_wconf 83' lang='grc' dir='ltr'><strong>τὸ</strong></span> <span class='ocrx_word' id='word_1_242' title='bbox 755 2235 985 2306; x_wconf 79' lang='grc' dir='ltr'>θέατρον</span> <span class='ocrx_word' id='word_1_243' title='bbox 1013 2234 1156 2291; x_wconf 71' lang='grc' dir='ltr'>εἶδεν</span> <span class='ocrx_word' id='word_1_244' title='bbox 1185 2243 1209 2291; x_wconf 86' lang='grc' dir='ltr'>ὁ</span> <span class='ocrx_word' id='word_1_245' title='bbox 1238 2239 1409 2310; x_wconf 71' lang='grc' dir='ltr'>δῆμος</span> <span class='ocrx_word' id='word_1_246' title='bbox 1443 2243 1610 2312; x_wconf 81' lang='grc' dir='ltr'>ὑγιῶς</span> <span class='ocrx_word' id='word_1_247' title='bbox 1641 2244 1788 2299; x_wconf 73' lang='grc' dir='ltr'>οὕτω</span> <span class='ocrx_word' id='word_1_248' title='bbox 1837 2247 1933 2300; x_wconf 83' lang='grc' dir='ltr'>καὶ</span> 
     </span>
    </p>
   </div>
   <div class='ocr_carea' id='block_1_39' title="bbox 343 2323 1930 2404">
    <p class='ocr_par' dir='ltr' id='par_1_39' title="bbox 343 2323 1930 2404">
     <span class='ocr_line' id='line_1_39' title="bbox 343 2323 1930 2404; baseline 0.01 -28"><span class='ocrx_word' id='word_1_249' title='bbox 343 2323 577 2388; x_wconf 75' lang='grc' dir='ltr'>ἀπαθῶς</span> <span class='ocrx_word' id='word_1_250' title='bbox 602 2326 815 2396; x_wconf 72' lang='grc' dir='ltr'>ἔχοντα,</span> <span class='ocrx_word' id='word_1_251' title='bbox 850 2328 1041 2401; x_wconf 79' lang='grc' dir='ltr'>ὥσπερ</span> <span class='ocrx_word' id='word_1_252' title='bbox 1074 2331 1228 2387; x_wconf 76' lang='grc' dir='ltr'>οὐδὲν</span> <span class='ocrx_word' id='word_1_253' title='bbox 1259 2334 1566 2404; x_wconf 77' lang='grc' dir='ltr'>ἀνήκεστον</span> <span class='ocrx_word' id='word_1_254' title='bbox 1595 2338 1930 2402; x_wconf 76' lang='grc' dir='ltr'>πεπονθότα,</span> 
     </span>
    </p>
   </div>
   <div class='ocr_carea' id='block_1_40' title="bbox 348 2414 1934 2498">
    <p class='ocr_par' dir='ltr' id='par_1_40' title="bbox 348 2414 1934 2498">
     <span class='ocr_line' id='line_1_40' title="bbox 348 2414 1934 2498; baseline 0.009 -31"><span class='ocrx_word' id='word_1_255' title='bbox 348 2414 557 2485; x_wconf 70' lang='grc' dir='ltr'>ἧκουσε</span> <span class='ocrx_word' id='word_1_256' title='bbox 594 2418 651 2470; x_wconf 70' lang='grc' dir='ltr'>δὲ</span> <span class='ocrx_word' id='word_1_257' title='bbox 678 2420 774 2471; x_wconf 75' lang='grc' dir='ltr'>καὶ</span> <span class='ocrx_word' id='word_1_258' title='bbox 835 2418 1158 2490; x_wconf 73' lang='grc' dir='ltr'>ὑπᾴδοντος,</span> <span class='ocrx_word' id='word_1_259' title='bbox 1193 2440 1212 2474; x_wconf 84' lang='grc' dir='ltr'><strong>ε</strong></span> <span class='ocrx_word' id='word_1_260' title='bbox 1255 2423 1380 2476; x_wconf 83' lang='grc' dir='ltr'>Ἐὰν</span> <span class='ocrx_word' id='word_1_261' title='bbox 1403 2427 1785 2498; x_wconf 82' lang='grc' dir='ltr'>παρατάξηται</span> <span class='ocrx_word' id='word_1_262' title='bbox 1833 2429 1934 2482; x_wconf 65' lang='grc' dir='ltr'><strong>ἐπ’</strong></span> 
     </span>
    </p>
   </div>
   <div class='ocr_carea' id='block_1_41' title="bbox 345 2508 1926 2589">
    <p class='ocr_par' dir='ltr' id='par_1_41' title="bbox 345 2508 1926 2589">
     <span class='ocr_line' id='line_1_41' title="bbox 345 2508 1926 2589; baseline 0.009 -30"><span class='ocrx_word' id='word_1_263' title='bbox 345 2508 448 2576; x_wconf 57' lang='lat' dir='ltr'><strong>{pl</strong></span> <span class='ocrx_word' id='word_1_264' title='bbox 490 2509 836 2581; x_wconf 74' lang='grc' dir='ltr'>παρεμϐολὴ,</span> <span class='ocrx_word' id='word_1_265' title='bbox 890 2514 953 2565; x_wconf 82' lang='grc' dir='ltr'>οὐ</span> <span class='ocrx_word' id='word_1_266' title='bbox 1005 2513 1382 2583; x_wconf 70' lang='grc' dir='ltr'>φοῦηθήσεται</span> <span class='ocrx_word' id='word_1_267' title='bbox 1430 2518 1464 2588; x_wconf 77' lang='grc' dir='ltr'><strong>ἡ</strong></span> <span class='ocrx_word' id='word_1_268' title='bbox 1503 2519 1703 2586; x_wconf 78' lang='grc' dir='ltr'>καρδία</span> <span class='ocrx_word' id='word_1_269' title='bbox 1739 2536 1868 2589; x_wconf 89' lang='grc' dir='ltr'>μου,</span> <span class='ocrx_word' id='word_1_270' title='bbox 1906 2538 1926 2573; x_wconf 71' lang='grc' dir='ltr'><strong>ε</strong></span> 
     </span>
    </p>
   </div>
   <div class='ocr_carea' id='block_1_42' title="bbox 345 2596 1930 2676">
    <p class='ocr_par' dir='ltr' id='par_1_42' title="bbox 345 2596 1930 2676">
     <span class='ocr_line' id='line_1_42' title="bbox 345 2596 1930 2676; baseline 0.008 -26"><span class='ocrx_word' id='word_1_271' title='bbox 345 2598 640 2668; x_wconf 71' lang='grc' dir='ltr'>ὑπόκρισιν</span> <span class='ocrx_word' id='word_1_272' title='bbox 674 2596 814 2653; x_wconf 74' lang='grc' dir='ltr'>εἶναι</span> <span class='ocrx_word' id='word_1_273' title='bbox 863 2601 954 2655; x_wconf 84' lang='grc' dir='ltr'>καὶ</span> <span class='ocrx_word' id='word_1_274' title='bbox 981 2603 1135 2656; x_wconf 74' lang='grc' dir='ltr'>οὐδὲν</span> <span class='ocrx_word' id='word_1_275' title='bbox 1160 2603 1325 2658; x_wconf 76' lang='grc' dir='ltr'>πλέον</span> <span class='ocrx_word' id='word_1_276' title='bbox 1363 2606 1567 2676; x_wconf 70' lang='grc' dir='ltr'>σκηνῆς</span> <span class='ocrx_word' id='word_1_277' title='bbox 1601 2609 1930 2662; x_wconf 78' lang='grc' dir='ltr'>ὑπώπτευκε</span> 
     </span>
    </p>
   </div>
   <div class='ocr_carea' id='block_1_43' title="bbox 346 2690 1931 2768">
    <p class='ocr_par' dir='ltr' id='par_1_43' title="bbox 346 2690 1931 2768">
     <span class='ocr_line' id='line_1_43' title="bbox 346 2690 1931 2768; baseline 0.008 -27"><span class='ocrx_word' id='word_1_278' title='bbox 346 2690 419 2742; x_wconf 78' lang='grc' dir='ltr'>τὰ</span> <span class='ocrx_word' id='word_1_279' title='bbox 449 2690 731 2761; x_wconf 79' lang='grc' dir='ltr'>δρώμενα.</span> <span class='ocrx_word' id='word_1_280' title='bbox 775 2693 927 2745; x_wconf 78' lang='grc' dir='ltr'><strong>Ἐπεὶ</strong></span> <span class='ocrx_word' id='word_1_281' title='bbox 957 2695 1014 2746; x_wconf 71' lang='grc' dir='ltr'>δὲ</span> <span class='ocrx_word' id='word_1_282' title='bbox 1045 2694 1140 2747; x_wconf 74' lang='grc' dir='ltr'>καὶ</span> <span class='ocrx_word' id='word_1_283' title='bbox 1174 2699 1592 2768; x_wconf 74' lang='grc' dir='ltr'>περιεργότερον</span> <span class='ocrx_word' id='word_1_284' title='bbox 1619 2699 1718 2762; x_wconf 73' lang='grc' dir='ltr'>τὰς</span> <span class='ocrx_word' id='word_1_285' title='bbox 1779 2700 1931 2767; x_wconf 53' lang='lat' dir='ltr'><strong>wet;</strong></span> 
     </span>
    </p>
   </div>
   <div class='ocr_carea' id='block_1_44' title="bbox 337 2782 1929 2862">
    <p class='ocr_par' dir='ltr' id='par_1_44' title="bbox 337 2782 1929 2862">
     <span class='ocr_line' id='line_1_44' title="bbox 337 2782 1929 2862; baseline 0.008 -28"><span class='ocrx_word' id='word_1_286' title='bbox 337 2782 699 2846; x_wconf 65' lang='grc' dir='ltr'>ἐπιϐαλόντες</span> <span class='ocrx_word' id='word_1_287' title='bbox 756 2785 922 2838; x_wconf 68' lang='grc' dir='ltr'>αὑτὸν</span> <span class='ocrx_word' id='word_1_288' title='bbox 960 2788 1170 2840; x_wconf 80' lang='grc' dir='ltr'>ἐκεῖνον</span> <span class='ocrx_word' id='word_1_289' title='bbox 1207 2783 1346 2842; x_wconf 71' lang='grc' dir='ltr'>εἶναι</span> <span class='ocrx_word' id='word_1_290' title='bbox 1374 2791 1464 2842; x_wconf 75' lang='grc' dir='ltr'>τὸν</span> <span class='ocrx_word' id='word_1_291' title='bbox 1493 2793 1686 2862; x_wconf 77' lang='grc' dir='ltr'>Μηνᾶν</span> <span class='ocrx_word' id='word_1_292' title='bbox 1742 2794 1929 2862; x_wconf 82' lang='grc' dir='ltr'>ἀνεγί-</span> 
     </span>
    </p>
   </div>
   <div class='ocr_carea' id='block_1_45' title="bbox 338 2877 1927 2956">
    <p class='ocr_par' dir='ltr' id='par_1_45' title="bbox 338 2877 1927 2956">
     <span class='ocr_line' id='line_1_45' title="bbox 338 2877 1927 2956; baseline 0.009 -29"><span class='ocrx_word' id='word_1_293' title='bbox 338 2893 578 2942; x_wconf 82' lang='grc' dir='ltr'>νωσκον,</span> <span class='ocrx_word' id='word_1_294' title='bbox 611 2877 910 2948; x_wconf 76' lang='grc' dir='ltr'>ὀφθαλμοῖς</span> <span class='ocrx_word' id='word_1_295' title='bbox 945 2878 1232 2949; x_wconf 80' lang='grc' dir='ltr'>βλέποντα,</span> <span class='ocrx_word' id='word_1_296' title='bbox 1266 2884 1359 2937; x_wconf 81' lang='grc' dir='ltr'>καὶ</span> <span class='ocrx_word' id='word_1_297' title='bbox 1389 2883 1610 2956; x_wconf 79' lang='grc' dir='ltr'>γλώσσῃ</span> <span class='ocrx_word' id='word_1_298' title='bbox 1639 2885 1927 2954; x_wconf 78' lang='grc' dir='ltr'>λαλοῦντα,</span> 
     </span>
    </p>
   </div>
   <div class='ocr_carea' id='block_1_46' title="bbox 339 2967 1930 3050">
    <p class='ocr_par' dir='ltr' id='par_1_46' title="bbox 339 2967 1930 3050">
     <span class='ocr_line' id='line_1_46' title="bbox 339 2967 1930 3050; baseline 0.009 -31"><span class='ocrx_word' id='word_1_299' title='bbox 339 2967 442 3020; x_wconf 82' lang='grc' dir='ltr'>καὶ</span> <span class='ocrx_word' id='word_1_300' title='bbox 475 2967 767 3037; x_wconf 74' lang='grc' dir='ltr'>βαδίζοντι</span> <span class='ocrx_word' id='word_1_301' title='bbox 810 2975 921 3035; x_wconf 84' lang='grc' dir='ltr'>τοῖς</span> <span class='ocrx_word' id='word_1_302' title='bbox 979 2971 1159 3038; x_wconf 77' lang='grc' dir='ltr'>ποσὶν,</span> <span class='ocrx_word' id='word_1_303' title='bbox 1201 2975 1363 3038; x_wconf 76' lang='grc' dir='ltr'>εὐθὺς</span> <span class='ocrx_word' id='word_1_304' title='bbox 1390 2978 1490 3048; x_wconf 78' lang='grc' dir='ltr'>μιᾷ</span> <span class='ocrx_word' id='word_1_305' title='bbox 1518 2981 1670 3050; x_wconf 79' lang='grc' dir='ltr'>φωνῇ</span> <span class='ocrx_word' id='word_1_306' title='bbox 1701 2981 1930 3046; x_wconf 78' lang='grc' dir='ltr'>πάντες,</span> 
     </span>
    </p>
   </div>
   <div class='ocr_carea' id='block_1_47' title="bbox 352 3057 2001 3151">
    <p class='ocr_par' dir='ltr' id='par_1_47' title="bbox 352 3057 2001 3151">
     <span class='ocr_line' id='line_1_47' title="bbox 352 3057 2001 3151; baseline 0.011 -41"><span class='ocrx_word' id='word_1_307' title='bbox 352 3057 716 3131; x_wconf 78' lang='grc' dir='ltr'>Ἑκράτησεν,</span> <span class='ocrx_word' id='word_1_308' title='bbox 778 3059 954 3125; x_wconf 76' lang='grc' dir='ltr'>εἷπον,</span> <span class='ocrx_word' id='word_1_309' title='bbox 992 3065 1026 3134; x_wconf 77' lang='grc' dir='ltr'><strong>ἡ</strong></span> <span class='ocrx_word' id='word_1_310' title='bbox 1069 3065 1162 3118; x_wconf 89' lang='grc' dir='ltr'><strong>τοῦ</strong></span> <span class='ocrx_word' id='word_1_311' title='bbox 1210 3068 1451 3137; x_wconf 76' lang='grc' dir='ltr'>Χριστοῦ</span> <span class='ocrx_word' id='word_1_312' title='bbox 1523 3070 1777 3140; x_wconf 81' lang='grc' dir='ltr'>δύναμις,</span> <span class='ocrx_word' id='word_1_313' title='bbox 1833 3076 1928 3127; x_wconf 75' lang='grc' dir='ltr'>καὶ</span> <span class='ocrx_word' id='word_1_314' title='bbox 1956 3091 2001 3151; x_wconf 75' lang='grc' dir='ltr'><strong>ο</strong></span> 
     </span>
    </p>
   </div>
   <div class='ocr_carea' id='block_1_48' title="bbox 338 3150 1928 3234">
    <p class='ocr_par' dir='ltr' id='par_1_48' title="bbox 338 3150 1928 3234">
     <span class='ocr_line' id='line_1_48' title="bbox 338 3150 1928 3234; baseline 0.007 -28"><span class='ocrx_word' id='word_1_315' title='bbox 338 3150 515 3206; x_wconf 74' lang='grc' dir='ltr'>αὐτοῦ</span> <span class='ocrx_word' id='word_1_316' title='bbox 561 3152 794 3207; x_wconf 84' lang='grc' dir='ltr'>θανάτου</span> <span class='ocrx_word' id='word_1_317' title='bbox 819 3157 1146 3226; x_wconf 72' lang='grc' dir='ltr'>ἐκράτησεν.</span> <span class='ocrx_word' id='word_1_318' title='bbox 1178 3158 1425 3230; x_wconf 81' lang='grc' dir='ltr'>Εὐτυχὴς</span> <span class='ocrx_word' id='word_1_319' title='bbox 1455 3166 1486 3230; x_wconf 82' lang='grc' dir='ltr'>ἠ</span> <span class='ocrx_word' id='word_1_320' title='bbox 1529 3162 1928 3234; x_wconf 77' lang='grc' dir='ltr'>Ἀλεξανδρέων</span> 
     </span>
    </p>
   </div>
   <div class='ocr_carea' id='block_1_49' title="bbox 340 3241 1928 3327">
    <p class='ocr_par' dir='ltr' id='par_1_49' title="bbox 340 3241 1928 3327">
     <span class='ocr_line' id='line_1_49' title="bbox 340 3241 1928 3327; baseline 0.008 -31"><span class='ocrx_word' id='word_1_321' title='bbox 340 3241 418 3296; x_wconf 81' lang='grc' dir='ltr'>δι’</span> <span class='ocrx_word' id='word_1_322' title='bbox 449 3243 570 3308; x_wconf 70' lang='grc' dir='ltr'>ἐνὸς</span> <span class='ocrx_word' id='word_1_323' title='bbox 606 3243 798 3299; x_wconf 83' lang='grc' dir='ltr'>τούτου</span> <span class='ocrx_word' id='word_1_324' title='bbox 864 3247 1056 3318; x_wconf 71' lang='grc' dir='ltr'>ἀνδρὸς</span> <span class='ocrx_word' id='word_1_325' title='bbox 1119 3249 1360 3322; x_wconf 83' lang='grc' dir='ltr'>σήμερον</span> <span class='ocrx_word' id='word_1_326' title='bbox 1387 3251 1656 3324; x_wconf 78' lang='grc' dir='ltr'>τοσαύτην</span> <span class='ocrx_word' id='word_1_327' title='bbox 1708 3256 1928 3327; x_wconf 81' lang='grc' dir='ltr'>ἀπάτην</span> 
     </span>
    </p>
   </div>
   <div class='ocr_carea' id='block_1_50' title="bbox 340 3334 1923 3418">
    <p class='ocr_par' dir='ltr' id='par_1_50' title="bbox 340 3334 1923 3418">
     <span class='ocr_line' id='line_1_50' title="bbox 340 3334 1923 3418; baseline 0.012 -32"><span class='ocrx_word' id='word_1_328' title='bbox 340 3334 669 3406; x_wconf 71' lang='grc' dir='ltr'>«ρωράσασα,</span> <span class='ocrx_word' id='word_1_329' title='bbox 707 3340 799 3392; x_wconf 72' lang='grc' dir='ltr'>καὶ</span> <span class='ocrx_word' id='word_1_330' title='bbox 830 3340 1228 3410; x_wconf 53' lang='grc' dir='ltr'>μεταςιαθοῦσα</span> <span class='ocrx_word' id='word_1_331' title='bbox 1277 3344 1460 3408; x_wconf 85' lang='grc' dir='ltr'>καλῶς</span> <span class='ocrx_word' id='word_1_332' title='bbox 1510 3346 1610 3415; x_wconf 76' lang='grc' dir='ltr'>τὴν</span> <span class='ocrx_word' id='word_1_333' title='bbox 1638 3347 1923 3418; x_wconf 76' lang='grc' dir='ltr'>ἀλήθειαν.</span> 
     </span>
    </p>
   </div>
   <div class='ocr_carea' id='block_1_51' title="bbox 342 3427 1924 3513">
    <p class='ocr_par' dir='ltr' id='par_1_51' title="bbox 342 3427 1924 3513">
     <span class='ocr_line' id='line_1_51' title="bbox 342 3427 1924 3513; baseline 0.01 -35"><span class='ocrx_word' id='word_1_334' title='bbox 342 3427 486 3480; x_wconf 82' lang='grc' dir='ltr'>Θεοῦ</span> <span class='ocrx_word' id='word_1_335' title='bbox 541 3430 708 3498; x_wconf 76' lang='grc' dir='ltr'>μόνου</span> <span class='ocrx_word' id='word_1_336' title='bbox 765 3433 1157 3502; x_wconf 77' lang='grc' dir='ltr'>ἀναμφιλόγως</span> <span class='ocrx_word' id='word_1_337' title='bbox 1222 3436 1252 3505; x_wconf 79' lang='grc' dir='ltr'><strong>ἠ</strong></span> <span class='ocrx_word' id='word_1_338' title='bbox 1308 3434 1524 3500; x_wconf 68' lang='grc' dir='ltr'>ἐξουσία</span> <span class='ocrx_word' id='word_1_339' title='bbox 1583 3437 1726 3510; x_wconf 78' lang='grc' dir='ltr'>αὕτη</span> <span class='ocrx_word' id='word_1_340' title='bbox 1775 3442 1924 3513; x_wconf 69' lang='grc' dir='ltr'>κιὶη</span> 
     </span>
    </p>
   </div>
   <div class='ocr_carea' id='block_1_52' title="bbox 343 3517 1926 3598">
    <p class='ocr_par' dir='ltr' id='par_1_52' title="bbox 343 3517 1926 3598">
     <span class='ocr_line' id='line_1_52' title="bbox 343 3517 1926 3598; baseline 0.011 -30"><span class='ocrx_word' id='word_1_341' title='bbox 343 3517 530 3587; x_wconf 73' lang='grc' dir='ltr'>ἰσχῦς.</span> <span class='ocrx_word' id='word_1_342' title='bbox 570 3518 761 3590; x_wconf 78' lang='grc' dir='ltr'>Αῦχει,</span> <span class='ocrx_word' id='word_1_343' title='bbox 790 3523 981 3592; x_wconf 68' lang='grc' dir='ltr'>ῥητορ,</span> <span class='ocrx_word' id='word_1_344' title='bbox 1015 3523 1225 3594; x_wconf 81' lang='grc' dir='ltr'>ἀθλητά</span> <span class='ocrx_word' id='word_1_345' title='bbox 1249 3524 1343 3578; x_wconf 87' lang='grc' dir='ltr'><strong>τοῦ</strong></span> <span class='ocrx_word' id='word_1_346' title='bbox 1377 3527 1634 3598; x_wconf 79' lang='grc' dir='ltr'>ἀληθινοῦ</span> <span class='ocrx_word' id='word_1_347' title='bbox 1665 3529 1800 3583; x_wconf 89' lang='grc' dir='ltr'>Θεοῦ</span> <span class='ocrx_word' id='word_1_348' title='bbox 1833 3536 1926 3587; x_wconf 74' lang='grc' dir='ltr'>καὶ</span> 
     </span>
    </p>
   </div>
   <div class='ocr_carea' id='block_1_53' title="bbox 342 3609 1926 3696">
    <p class='ocr_par' dir='ltr' id='par_1_53' title="bbox 342 3609 1926 3696">
     <span class='ocr_line' id='line_1_53' title="bbox 342 3609 1926 3696; baseline 0.012 -34"><span class='ocrx_word' id='word_1_349' title='bbox 342 3609 638 3677; x_wconf 74' lang='grc' dir='ltr'>σώζοντος,</span> <span class='ocrx_word' id='word_1_350' title='bbox 667 3612 848 3684; x_wconf 76' lang='grc' dir='ltr'>αὔχει.</span> <span class='ocrx_word' id='word_1_351' title='bbox 891 3614 950 3668; x_wconf 84' lang='grc'><strong>’0</strong></span> <span class='ocrx_word' id='word_1_352' title='bbox 993 3617 1049 3668; x_wconf 81' lang='grc' dir='ltr'>δὲ</span> <span class='ocrx_word' id='word_1_353' title='bbox 1080 3618 1340 3688; x_wconf 75' lang='grc' dir='ltr'>ἔπαρχος,</span> <span class='ocrx_word' id='word_1_354' title='bbox 1364 3620 1665 3690; x_wconf 66' lang='grc' dir='ltr'>ἐκπλαγεὶς</span> <span class='ocrx_word' id='word_1_355' title='bbox 1696 3626 1774 3696; x_wconf 82' lang='grc' dir='ltr'>τῷ</span> <span class='ocrx_word' id='word_1_356' title='bbox 1803 3643 1926 3680; x_wconf 85' lang='grc' dir='ltr'>και-</span> 
     </span>
    </p>
   </div>
   <div class='ocr_carea' id='block_1_54' title="bbox 342 3702 1924 3789">
    <p class='ocr_par' dir='ltr' id='par_1_54' title="bbox 342 3702 1924 3789">
     <span class='ocr_line' id='line_1_54' title="bbox 342 3702 1924 3789; baseline 0.018 -44"><span class='ocrx_word' id='word_1_357' title='bbox 342 3702 422 3770; x_wconf 67' lang='grc' dir='ltr'>νῷ</span> <span class='ocrx_word' id='word_1_358' title='bbox 468 3705 564 3756; x_wconf 76' lang='grc' dir='ltr'><strong>καί</strong></span> <span class='ocrx_word' id='word_1_359' title='bbox 615 3705 907 3777; x_wconf 78' lang='grc' dir='ltr'>παραδόξῳ</span> <span class='ocrx_word' id='word_1_360' title='bbox 965 3707 1060 3761; x_wconf 86' lang='grc' dir='ltr'><strong>τοῦ</strong></span> <span class='ocrx_word' id='word_1_361' title='bbox 1128 3711 1485 3780; x_wconf 83' lang='grc' dir='ltr'>πράγματος,</span> <span class='ocrx_word' id='word_1_362' title='bbox 1519 3716 1612 3767; x_wconf 78' lang='grc' dir='ltr'>καὶ</span> <span class='ocrx_word' id='word_1_363' title='bbox 1640 3716 1825 3780; x_wconf 84' lang='grc' dir='ltr'>δ-ίσας</span> <span class='ocrx_word' id='word_1_364' title='bbox 1849 3721 1924 3789; x_wconf 77' lang='grc' dir='ltr'>μὴ</span> 
     </span>
    </p>
   </div>
   <div class='ocr_carea' id='block_1_55' title="bbox 342 3795 1927 3877">
    <p class='ocr_par' dir='ltr' id='par_1_55' title="bbox 342 3795 1927 3877">
     <span class='ocr_line' id='line_1_55' title="bbox 342 3795 1927 3877; baseline 0.01 -31"><span class='ocrx_word' id='word_1_365' title='bbox 342 3796 441 3846; x_wconf 75' lang='grc' dir='ltr'>καὶ</span> <span class='ocrx_word' id='word_1_366' title='bbox 469 3795 604 3863; x_wconf 83' lang='grc' dir='ltr'>παρ’</span> <span class='ocrx_word' id='word_1_367' title='bbox 631 3796 853 3861; x_wconf 70' lang='grc' dir='ltr'>ἐλπίδας</span> <span class='ocrx_word' id='word_1_368' title='bbox 869 3797 1140 3869; x_wconf 85' lang='grc' dir='ltr'>νεώτερόν</span> <span class='ocrx_word' id='word_1_369' title='bbox 1162 3817 1214 3854; x_wconf 91' lang='grc' dir='ltr'><strong>τι</strong></span> <span class='ocrx_word' id='word_1_370' title='bbox 1242 3802 1450 3872; x_wconf 79' lang='grc' dir='ltr'>πρᾶξαι</span> <span class='ocrx_word' id='word_1_371' title='bbox 1467 3807 1525 3856; x_wconf 76' lang='grc' dir='ltr'>τὸ</span> <span class='ocrx_word' id='word_1_372' title='bbox 1561 3806 1786 3877; x_wconf 77' lang='grc' dir='ltr'>θέατρον</span> <span class='ocrx_word' id='word_1_373' title='bbox 1811 3811 1927 3862; x_wconf 73' lang='grc' dir='ltr'>δια-</span> 
     </span>
    </p>
   </div>
   <div class='ocr_carea' id='block_1_56' title="bbox 340 3887 1926 3971">
    <p class='ocr_par' dir='ltr' id='par_1_56' title="bbox 340 3887 1926 3971">
     <span class='ocr_line' id='line_1_56' title="bbox 340 3887 1926 3971; baseline 0.01 -32"><span class='ocrx_word' id='word_1_374' title='bbox 340 3887 586 3959; x_wconf 78' lang='grc' dir='ltr'>νοηθείη,</span> <span class='ocrx_word' id='word_1_375' title='bbox 601 3887 917 3944; x_wconf 78' lang='grc' dir='ltr'>ἁνίστασθαι</span> <span class='ocrx_word' id='word_1_376' title='bbox 934 3891 1168 3963; x_wconf 67' lang='grc' dir='ltr'>ἰκρινεν.</span> <span class='ocrx_word' id='word_1_377' title='bbox 1185 3895 1268 3958; x_wconf 69' lang='grc' dir='ltr'>Ὠ,</span> <span class='ocrx_word' id='word_1_378' title='bbox 1287 3896 1344 3949; x_wconf 81' lang='grc' dir='ltr'>δὲ</span> <span class='ocrx_word' id='word_1_379' title='bbox 1359 3892 1469 3950; x_wconf 85' lang='grc' dir='ltr'>εῐδε</span> <span class='ocrx_word' id='word_1_380' title='bbox 1490 3899 1550 3951; x_wconf 77' lang='grc' dir='ltr'><strong>τὸ</strong></span> <span class='ocrx_word' id='word_1_381' title='bbox 1566 3899 1772 3970; x_wconf 82' lang='grc' dir='ltr'>πλῆθος</span> <span class='ocrx_word' id='word_1_382' title='bbox 1789 3902 1926 3971; x_wconf 78' lang='grc' dir='ltr'>πλῆ-</span> 
     </span>
    </p>
   </div>
   <div class='ocr_carea' id='block_1_57' title="bbox 344 3976 1926 4063">
    <p class='ocr_par' dir='ltr' id='par_1_57' title="bbox 344 3976 1926 4063">
     <span class='ocr_line' id='line_1_57' title="bbox 344 3976 1926 4063; baseline 0.011 -34"><span class='ocrx_word' id='word_1_383' title='bbox 344 3993 435 4048; x_wconf 86' lang='grc' dir='ltr'><strong>ρες</strong></span> <span class='ocrx_word' id='word_1_384' title='bbox 464 3976 526 4032; x_wconf 80' lang='grc' dir='ltr'>ὃν</span> <span class='ocrx_word' id='word_1_385' title='bbox 556 3981 727 4051; x_wconf 73' lang='grc' dir='ltr'>ὁρμῆς</span> <span class='ocrx_word' id='word_1_386' title='bbox 753 3981 847 4034; x_wconf 71' lang='grc' dir='ltr'><strong>καὶ</strong></span> <span class='ocrx_word' id='word_1_387' title='bbox 873 3986 1162 4054; x_wconf 75' lang='grc' dir='ltr'>κινήσεως,</span> <span class='ocrx_word' id='word_1_388' title='bbox 1183 3985 1349 4057; x_wconf 71' lang='grc' dir='ltr'>ἧκουέ</span> <span class='ocrx_word' id='word_1_389' title='bbox 1374 4005 1432 4040; x_wconf 81' lang='grc' dir='ltr'><strong>τε</strong></span> <span class='ocrx_word' id='word_1_390' title='bbox 1457 3992 1555 4041; x_wconf 77' lang='grc' dir='ltr'>καὶ</span> <span class='ocrx_word' id='word_1_391' title='bbox 1589 3993 1807 4045; x_wconf 78' lang='grc' dir='ltr'>πάντων</span> <span class='ocrx_word' id='word_1_392' title='bbox 1835 3993 1926 4063; x_wconf 79' lang='grc' dir='ltr'><strong>βο-</strong></span> 
     </span>
    </p>
   </div>
   <div class='ocr_carea' id='block_1_58' title="bbox 341 4069 1923 4156">
    <p class='ocr_par' dir='ltr' id='par_1_58' title="bbox 341 4069 1923 4156">
     <span class='ocr_line' id='line_1_58' title="bbox 341 4069 1923 4156; baseline 0.011 -36"><span class='ocrx_word' id='word_1_393' title='bbox 341 4069 553 4138; x_wconf 74' lang='grc' dir='ltr'>ώντων,</span> <span class='ocrx_word' id='word_1_394' title='bbox 585 4071 914 4142; x_wconf 79' lang='grc' dir='ltr'>Ἐπίμεινον,</span> <span class='ocrx_word' id='word_1_395' title='bbox 935 4077 1268 4146; x_wconf 73' lang='grc' dir='ltr'>περίδλεπτε</span> <span class='ocrx_word' id='word_1_396' title='bbox 1300 4079 1528 4150; x_wconf 75' lang='grc' dir='ltr'>ἔπαρχε·</span> <span class='ocrx_word' id='word_1_397' title='bbox 1550 4082 1627 4153; x_wconf 80' lang='grc' dir='ltr'><strong>μὴ</strong></span> <span class='ocrx_word' id='word_1_398' title='bbox 1648 4086 1923 4156; x_wconf 76' lang='grc' dir='ltr'>φθονήσῃς</span> 
     </span>
    </p>
   </div>
   <div class='ocr_carea' id='block_1_59' title="bbox 342 4161 1924 4246">
    <p class='ocr_par' dir='ltr' id='par_1_59' title="bbox 342 4161 1924 4246">
     <span class='ocr_line' id='line_1_59' title="bbox 342 4161 1924 4246; baseline 0.011 -35"><span class='ocrx_word' id='word_1_399' title='bbox 342 4161 500 4215; x_wconf 75' lang='grc' dir='ltr'>πόλει</span> <span class='ocrx_word' id='word_1_400' title='bbox 528 4164 769 4234; x_wconf 79' lang='grc' dir='ltr'>τοσαύτη</span> <span class='ocrx_word' id='word_1_401' title='bbox 830 4167 1091 4235; x_wconf 85' lang='grc' dir='ltr'>μεγίστου</span> <span class='ocrx_word' id='word_1_402' title='bbox 1127 4168 1478 4240; x_wconf 79' lang='grc' dir='ltr'>πράγματος,</span> <span class='ocrx_word' id='word_1_403' title='bbox 1522 4173 1615 4225; x_wconf 84' lang='grc' dir='ltr'>τὸν</span> <span class='ocrx_word' id='word_1_404' title='bbox 1660 4173 1796 4226; x_wconf 72' lang='grc' dir='ltr'>Θεὸν</span> <span class='ocrx_word' id='word_1_405' title='bbox 1828 4180 1924 4246; x_wconf 75' lang='grc' dir='ltr'>ση-</span> 
     </span>
    </p>
   </div>
   <div class='ocr_carea' id='block_1_60' title="bbox 345 4254 1923 4333">
    <p class='ocr_par' dir='ltr' id='par_1_60' title="bbox 345 4254 1923 4333">
     <span class='ocr_line' id='line_1_60' title="bbox 345 4254 1923 4333; baseline 0.009 -29"><span class='ocrx_word' id='word_1_406' title='bbox 345 4269 515 4322; x_wconf 75' lang='grc' dir='ltr'>μερον</span> <span class='ocrx_word' id='word_1_407' title='bbox 537 4254 842 4322; x_wconf 63' lang='grc' dir='ltr'>ἐπιγνῶναι</span> <span class='ocrx_word' id='word_1_408' title='bbox 867 4255 956 4308; x_wconf 87' lang='grc' dir='ltr'>τὸν</span> <span class='ocrx_word' id='word_1_409' title='bbox 981 4256 1208 4326; x_wconf 74' lang='grc' dir='ltr'>ἀψευδῆ,</span> <span class='ocrx_word' id='word_1_410' title='bbox 1241 4261 1338 4312; x_wconf 83' lang='grc' dir='ltr'>καὶ</span> <span class='ocrx_word' id='word_1_411' title='bbox 1377 4261 1512 4329; x_wconf 82' lang='grc' dir='ltr'>πρὸς</span> <span class='ocrx_word' id='word_1_412' title='bbox 1535 4266 1593 4316; x_wconf 62' lang='grc' dir='ltr'>τ’.</span> <span class='ocrx_word' id='word_1_413' title='bbox 1623 4261 1740 4333; x_wconf 80' lang='grc' dir='ltr'><strong>φῶς</strong></span> <span class='ocrx_word' id='word_1_414' title='bbox 1763 4265 1923 4317; x_wconf 68' lang='grc' dir='ltr'>εὐθυ-</span> 
     </span>
    </p>
   </div>
   <div class='ocr_carea' id='block_1_61' title="bbox 341 4343 1919 4426">
    <p class='ocr_par' dir='ltr' id='par_1_61' title="bbox 341 4343 1919 4426">
     <span class='ocr_line' id='line_1_61' title="bbox 341 4343 1919 4426; baseline 0.009 -30"><span class='ocrx_word' id='word_1_415' title='bbox 341 4343 584 4414; x_wconf 77' lang='grc' dir='ltr'>πορῆσαι</span> <span class='ocrx_word' id='word_1_416' title='bbox 628 4343 727 4415; x_wconf 81' lang='grc' dir='ltr'>τῆς</span> <span class='ocrx_word' id='word_1_417' title='bbox 778 4345 1054 4417; x_wconf 71' lang='grc' dir='ltr'>ἀληθείαςι</span> <span class='ocrx_word' id='word_1_418' title='bbox 1092 4349 1300 4417; x_wconf 83' lang='grc' dir='ltr'>γίνεται</span> <span class='ocrx_word' id='word_1_419' title='bbox 1335 4355 1430 4405; x_wconf 69' lang='grc' dir='ltr'>καὶ</span> <span class='ocrx_word' id='word_1_420' title='bbox 1477 4353 1640 4418; x_wconf 83' lang='grc' dir='ltr'>αὐτὸς</span> <span class='ocrx_word' id='word_1_421' title='bbox 1667 4355 1785 4420; x_wconf 84' lang='grc' dir='ltr'>ὅλος</span> <span class='ocrx_word' id='word_1_422' title='bbox 1821 4357 1919 4426; x_wconf 83' lang='grc' dir='ltr'>τῆς</span> 
     </span>
    </p>
   </div>
   <div class='ocr_carea' id='block_1_62' title="bbox 339 4419 1999 4520">
    <p class='ocr_par' dir='ltr' id='par_1_62' title="bbox 339 4419 1999 4520">
     <span class='ocr_line' id='line_1_62' title="bbox 339 4419 1999 4520; baseline 0.01 -33"><span class='ocrx_word' id='word_1_423' title='bbox 339 4437 422 4500; x_wconf 79' lang='grc' dir='ltr'><strong>εἰς</strong></span> <span class='ocrx_word' id='word_1_424' title='bbox 467 4435 559 4490; x_wconf 73' lang='grc' dir='ltr'><strong>τὸν</strong></span> <span class='ocrx_word' id='word_1_425' title='bbox 593 4437 849 4510; x_wconf 78' lang='grc' dir='ltr'>μάρτυρα</span> <span class='ocrx_word' id='word_1_426' title='bbox 899 4440 1376 4510; x_wconf 70' lang='grc' dir='ltr'>παραδοξοποιίας,</span> <span class='ocrx_word' id='word_1_427' title='bbox 1432 4445 1528 4498; x_wconf 79' lang='grc' dir='ltr'>καὶ</span> <span class='ocrx_word' id='word_1_428' title='bbox 1581 4445 1660 4516; x_wconf 82' lang='grc' dir='ltr'>τῷ</span> <span class='ocrx_word' id='word_1_429' title='bbox 1719 4419 1916 4520; x_wconf 53' lang='lat' dir='ltr'><strong>«mea</strong></span> <span class='ocrx_word' id='word_1_430' title='bbox 1943 4419 1999 4479; x_wconf 69' lang='grc' dir='ltr'><strong><em>Β</em></strong></span> 
     </span>
    </p>
   </div>
   <div class='ocr_carea' id='block_1_63' title="bbox 341 4531 1920 4611">
    <p class='ocr_par' dir='ltr' id='par_1_63' title="bbox 341 4531 1920 4611">
     <span class='ocr_line' id='line_1_63' title="bbox 341 4531 1920 4611; baseline 0.009 -30"><span class='ocrx_word' id='word_1_431' title='bbox 341 4531 558 4600; x_wconf 72' lang='grc' dir='ltr'>σιωπᾷν</span> <span class='ocrx_word' id='word_1_432' title='bbox 590 4532 982 4603; x_wconf 77' lang='grc' dir='ltr'>παραγγέλλει.</span> <span class='ocrx_word' id='word_1_433' title='bbox 1014 4532 1118 4586; x_wconf 76' lang='grc' dir='ltr'><strong>Τὸν</strong></span> <span class='ocrx_word' id='word_1_434' title='bbox 1144 4533 1202 4588; x_wconf 68' lang='grc' dir='ltr'>δὲ</span> <span class='ocrx_word' id='word_1_435' title='bbox 1232 4535 1389 4603; x_wconf 67' lang='grc' dir='ltr'>αγιον</span> <span class='ocrx_word' id='word_1_436' title='bbox 1418 4536 1548 4606; x_wconf 81' lang='grc' dir='ltr'>παρ’</span> <span class='ocrx_word' id='word_1_437' title='bbox 1571 4537 1735 4593; x_wconf 82' lang='grc' dir='ltr'>αὑτὸν</span> <span class='ocrx_word' id='word_1_438' title='bbox 1762 4541 1920 4611; x_wconf 72' lang='grc' dir='ltr'>ἥκειν</span> 
     </span>
    </p>
   </div>
   <div class='ocr_carea' id='block_1_64' title="bbox 340 4621 1918 4706">
    <p class='ocr_par' dir='ltr' id='par_1_64' title="bbox 340 4621 1918 4706">
     <span class='ocr_line' id='line_1_64' title="bbox 340 4621 1918 4706; baseline 0.008 -32"><span class='ocrx_word' id='word_1_439' title='bbox 340 4621 634 4688; x_wconf 80' lang='grc' dir='ltr'>κελεύσας,</span> <span class='ocrx_word' id='word_1_440' title='bbox 653 4625 777 4678; x_wconf 74' lang='grc' dir='ltr'>επεὶ</span> <span class='ocrx_word' id='word_1_441' title='bbox 795 4624 1083 4694; x_wconf 59' lang='grc' dir='ltr'><strong>⁸ἐγγύτατα.</strong></span> <span class='ocrx_word' id='word_1_442' title='bbox 1111 4623 1201 4696; x_wconf 75' lang='grc' dir='ltr'>ἦν,</span> <span class='ocrx_word' id='word_1_443' title='bbox 1237 4633 1507 4685; x_wconf 82' lang='grc' dir='ltr'>κατενόει.</span> <span class='ocrx_word' id='word_1_444' title='bbox 1525 4630 1646 4684; x_wconf 82' lang='grc' dir='ltr'><strong>Ἐνύ</strong></span> <span class='ocrx_word' id='word_1_445' title='bbox 1657 4649 1784 4686; x_wconf 89' lang='grc' dir='ltr'>πνια</span> <span class='ocrx_word' id='word_1_446' title='bbox 1807 4636 1918 4706; x_wconf 78' lang='grc' dir='ltr'><strong>γὰρ</strong></span> 
     </span>
    </p>
   </div>
   <div class='ocr_carea' id='block_1_65' title="bbox 335 4714 1921 4795">
    <p class='ocr_par' dir='ltr' id='par_1_65' title="bbox 335 4714 1921 4795">
     <span class='ocr_line' id='line_1_65' title="bbox 335 4714 1921 4795; baseline 0.009 -29"><span class='ocrx_word' id='word_1_447' title='bbox 335 4714 481 4777; x_wconf 68' lang='grc' dir='ltr'>τέως</span> <span class='ocrx_word' id='word_1_448' title='bbox 506 4714 684 4768; x_wconf 73' lang='grc' dir='ltr'>ἐδόκει</span> <span class='ocrx_word' id='word_1_449' title='bbox 713 4715 863 4788; x_wconf 85' lang='grc' dir='ltr'><strong>αὑτῷ</strong></span> <span class='ocrx_word' id='word_1_450' title='bbox 894 4718 963 4771; x_wconf 81' lang='grc' dir='ltr'>τὰ</span> <span class='ocrx_word' id='word_1_451' title='bbox 997 4722 1328 4792; x_wconf 65' lang='grc' dir='ltr'>φαινόμενα,</span> <span class='ocrx_word' id='word_1_452' title='bbox 1369 4720 1526 4776; x_wconf 72' lang='grc' dir='ltr'>οὔπω</span> <span class='ocrx_word' id='word_1_453' title='bbox 1581 4725 1776 4795; x_wconf 76' lang='grc' dir='ltr'>πεῖραν</span> <span class='ocrx_word' id='word_1_454' title='bbox 1822 4725 1921 4781; x_wconf 81' lang='grc' dir='ltr'>λα-</span> 
     </span>
    </p>
   </div>
   <div class='ocr_carea' id='block_1_66' title="bbox 335 4805 1922 4890">
    <p class='ocr_par' dir='ltr' id='par_1_66' title="bbox 335 4805 1922 4890">
     <span class='ocr_line' id='line_1_66' title="bbox 335 4805 1922 4890; baseline 0.009 -32"><span class='ocrx_word' id='word_1_455' title='bbox 335 4805 494 4859; x_wconf 66' lang='grc' dir='ltr'>ϐόντι</span> <span class='ocrx_word' id='word_1_456' title='bbox 526 4807 788 4879; x_wconf 78' lang='grc' dir='ltr'>Χριστοῦ.</span> <span class='ocrx_word' id='word_1_457' title='bbox 854 4809 1006 4865; x_wconf 75' lang='grc' dir='ltr'>Ἐπεὶ</span> <span class='ocrx_word' id='word_1_458' title='bbox 1038 4810 1098 4864; x_wconf 63' lang='grc' dir='ltr'>δὲ</span> <span class='ocrx_word' id='word_1_459' title='bbox 1153 4812 1262 4866; x_wconf 83' lang='grc' dir='ltr'><strong>τῶν</strong></span> <span class='ocrx_word' id='word_1_460' title='bbox 1310 4830 1372 4866; x_wconf 89' lang='grc' dir='ltr'><strong>τε</strong></span> <span class='ocrx_word' id='word_1_461' title='bbox 1401 4814 1614 4887; x_wconf 83' lang='grc' dir='ltr'>δημίων</span> <span class='ocrx_word' id='word_1_462' title='bbox 1645 4818 1698 4870; x_wconf 74' lang='lat' dir='ltr'><strong>ei</strong></span> <span class='ocrx_word' id='word_1_463' title='bbox 1748 4835 1922 4890; x_wconf 87' lang='grc' dir='ltr'>παρε-</span> 
     </span>
    </p>
   </div>
   <div class='ocr_carea' id='block_1_67' title="bbox 2033 1872 3619 1941">
    <p class='ocr_par' dir='ltr' id='par_1_67' title="bbox 2033 1872 3619 1941">
     <span class='ocr_line' id='line_1_67' title="bbox 2033 1872 3619 1941; baseline 0.003 -15"><span class='ocrx_word' id='word_1_464' title='bbox 2033 1887 2161 1926; x_wconf 90' lang='lat' dir='ltr'><strong>eum</strong></span> <span class='ocrx_word' id='word_1_465' title='bbox 2192 1872 2405 1935; x_wconf 88' lang='lat' dir='ltr'><strong>videre,</strong></span> <span class='ocrx_word' id='word_1_466' title='bbox 2452 1882 2509 1926; x_wconf 84' lang='lat' dir='ltr'><strong>et</strong></span> <span class='ocrx_word' id='word_1_467' title='bbox 2558 1883 2777 1941; x_wconf 87' lang='lat' dir='ltr'><strong>paratos</strong></span> <span class='ocrx_word' id='word_1_468' title='bbox 2811 1889 2934 1928; x_wconf 91' lang='lat' dir='ltr'><strong>esse</strong></span> <span class='ocrx_word' id='word_1_469' title='bbox 2978 1889 3173 1928; x_wconf 85' lang='lat' dir='ltr'><strong>omnes</strong></span> <span class='ocrx_word' id='word_1_470' title='bbox 3211 1874 3440 1930; x_wconf 87' lang='lat' dir='ltr'><strong>credere</strong></span> <span class='ocrx_word' id='word_1_471' title='bbox 3471 1875 3619 1930; x_wconf 86' lang='lat' dir='ltr'><strong>illius</strong></span> 
     </span>
    </p>
   </div>
   <div class='ocr_carea' id='block_1_68' title="bbox 2035 1959 3616 2031">
    <p class='ocr_par' dir='ltr' id='par_1_68' title="bbox 2035 1959 3616 2031">
     <span class='ocr_line' id='line_1_68' title="bbox 2035 1959 3616 2031; baseline 0.003 -18"><span class='ocrx_word' id='word_1_472' title='bbox 2035 1959 2166 2024; x_wconf 87' lang='lat' dir='ltr'><strong>Deo,</strong></span> <span class='ocrx_word' id='word_1_473' title='bbox 2194 1963 2262 2025; x_wconf 86' lang='lat' dir='ltr'><strong>si,</strong></span> <span class='ocrx_word' id='word_1_474' title='bbox 2296 1962 2490 2031; x_wconf 79' lang='lat' dir='ltr'><strong>quzein</strong></span> <span class='ocrx_word' id='word_1_475' title='bbox 2525 1978 2651 2016; x_wconf 88' lang='lat' dir='ltr'><strong>eum</strong></span> <span class='ocrx_word' id='word_1_476' title='bbox 2683 1963 2825 2016; x_wconf 77' lang='lat' dir='ltr'><strong>facta</strong></span> <span class='ocrx_word' id='word_1_477' title='bbox 2855 1971 3006 2028; x_wconf 88' lang='lat' dir='ltr'><strong>sunt,</strong></span> <span class='ocrx_word' id='word_1_478' title='bbox 3042 1963 3284 2018; x_wconf 90' lang='lat' dir='ltr'><strong>viderint</strong></span> <span class='ocrx_word' id='word_1_479' title='bbox 3318 1966 3616 2018; x_wconf 87' lang='lat' dir='ltr'><strong>miracula:</strong></span> 
     </span>
    </p>
   </div>
   <div class='ocr_carea' id='block_1_69' title="bbox 2035 2051 3615 2122">
    <p class='ocr_par' dir='ltr' id='par_1_69' title="bbox 2035 2051 3615 2122">
     <span class='ocr_line' id='line_1_69' title="bbox 2035 2051 3615 2122; baseline 0.002 -19"><span class='ocrx_word' id='word_1_480' title='bbox 2035 2051 2174 2105; x_wconf 85' lang='lat' dir='ltr'><strong>nihil</strong></span> <span class='ocrx_word' id='word_1_481' title='bbox 2202 2060 2494 2106; x_wconf 83' lang='lat' dir='ltr'><strong>cunctatus</strong></span> <span class='ocrx_word' id='word_1_482' title='bbox 2516 2052 2826 2122; x_wconf 89' lang='lat' dir='ltr'><strong>egreditur,</strong></span> <span class='ocrx_word' id='word_1_483' title='bbox 2854 2053 3068 2108; x_wconf 85' lang='lat' dir='ltr'><strong>habens</strong></span> <span class='ocrx_word' id='word_1_484' title='bbox 3096 2055 3262 2108; x_wconf 87' lang='lat' dir='ltr'><strong>etiam</strong></span> <span class='ocrx_word' id='word_1_485' title='bbox 3306 2055 3466 2109; x_wconf 88' lang='lat' dir='ltr'><strong>simul</strong></span> <span class='ocrx_word' id='word_1_486' title='bbox 3489 2069 3615 2109; x_wconf 89' lang='lat' dir='ltr'><strong>cum</strong></span> 
     </span>
    </p>
   </div>
   <div class='ocr_carea' id='block_1_70' title="bbox 2035 2144 3616 2201">
    <p class='ocr_par' dir='ltr' id='par_1_70' title="bbox 2035 2144 3616 2201">
     <span class='ocr_line' id='line_1_70' title="bbox 2035 2144 3616 2201; baseline 0.003 -4"><span class='ocrx_word' id='word_1_487' title='bbox 2035 2159 2104 2197; x_wconf 87' lang='lat' dir='ltr'><strong>eo</strong></span> <span class='ocrx_word' id='word_1_488' title='bbox 2138 2153 2362 2199; x_wconf 89' lang='lat' dir='ltr'><strong>secutos</strong></span> <span class='ocrx_word' id='word_1_489' title='bbox 2407 2146 2631 2199; x_wconf 84' lang='lat' dir='ltr'><strong>milites.</strong></span> <span class='ocrx_word' id='word_1_490' title='bbox 2662 2144 2798 2200; x_wconf 90' lang='lat' dir='ltr'><strong>Cum</strong></span> <span class='ocrx_word' id='word_1_491' title='bbox 2832 2159 3016 2200; x_wconf 88' lang='lat' dir='ltr'><strong>autem</strong></span> <span class='ocrx_word' id='word_1_492' title='bbox 3060 2161 3187 2201; x_wconf 89' lang='lat' dir='ltr'><strong>eum</strong></span> <span class='ocrx_word' id='word_1_493' title='bbox 3235 2147 3301 2200; x_wconf 88' lang='lat' dir='ltr'><strong>ad</strong></span> <span class='ocrx_word' id='word_1_494' title='bbox 3341 2145 3616 2200; x_wconf 82' lang='lat' dir='ltr'><strong>theatrum</strong></span> 
     </span>
    </p>
   </div>
   <div class='ocr_carea' id='block_1_71' title="bbox 2034 2235 3615 2307">
    <p class='ocr_par' dir='ltr' id='par_1_71' title="bbox 2034 2235 3615 2307">
     <span class='ocr_line' id='line_1_71' title="bbox 2034 2235 3615 2307; baseline 0 -20"><span class='ocrx_word' id='word_1_495' title='bbox 2034 2235 2388 2288; x_wconf 79' lang='lat' dir='ltr'><strong>accedentem</strong></span> <span class='ocrx_word' id='word_1_496' title='bbox 2417 2235 2555 2289; x_wconf 87' lang='lat' dir='ltr'><strong>vidit</strong></span> <span class='ocrx_word' id='word_1_497' title='bbox 2580 2237 2817 2306; x_wconf 86' lang='lat' dir='ltr'><strong>populus</strong></span> <span class='ocrx_word' id='word_1_498' title='bbox 2843 2237 2982 2291; x_wconf 86' lang='lat' dir='ltr'><strong>adeo</strong></span> <span class='ocrx_word' id='word_1_499' title='bbox 3009 2251 3208 2290; x_wconf 85' lang='lat' dir='ltr'><strong>sanum</strong></span> <span class='ocrx_word' id='word_1_500' title='bbox 3236 2245 3293 2291; x_wconf 89' lang='lat' dir='ltr'><strong>et</strong></span> <span class='ocrx_word' id='word_1_501' title='bbox 3319 2237 3615 2307; x_wconf 84' lang='lat' dir='ltr'><strong>integrum,</strong></span> 
     </span>
    </p>
   </div>
   <div class='ocr_carea' id='block_1_72' title="bbox 2034 2329 3616 2399">
    <p class='ocr_par' dir='ltr' id='par_1_72' title="bbox 2034 2329 3616 2399">
     <span class='ocr_line' id='line_1_72' title="bbox 2034 2329 3616 2399; baseline -0.002 -16"><span class='ocrx_word' id='word_1_502' title='bbox 2034 2339 2200 2397; x_wconf 85' lang='lat' dir='ltr'><strong>atque</strong></span> <span class='ocrx_word' id='word_1_503' title='bbox 2227 2330 2273 2382; x_wconf 89' lang='lat' dir='ltr'><strong>si</strong></span> <span class='ocrx_word' id='word_1_504' title='bbox 2315 2329 2456 2382; x_wconf 90' lang='lat' dir='ltr'><strong>nihil</strong></span> <span class='ocrx_word' id='word_1_505' title='bbox 2499 2344 2760 2398; x_wconf 87' lang='lat' dir='ltr'><strong>asperum</strong></span> <span class='ocrx_word' id='word_1_506' title='bbox 2793 2339 2848 2383; x_wconf 86' lang='lat' dir='ltr'><strong>et</strong></span> <span class='ocrx_word' id='word_1_507' title='bbox 2895 2329 3191 2383; x_wconf 87' lang='lat' dir='ltr'><strong>molestum</strong></span> <span class='ocrx_word' id='word_1_508' title='bbox 3227 2339 3374 2384; x_wconf 88' lang='lat' dir='ltr'><strong>esset</strong></span> <span class='ocrx_word' id='word_1_509' title='bbox 3397 2344 3616 2399; x_wconf 82' lang='lat' dir='ltr'><strong>passus,</strong></span> 
     </span>
    </p>
   </div>
   <div class='ocr_carea' id='block_1_73' title="bbox 2033 2420 3620 2491">
    <p class='ocr_par' dir='ltr' id='par_1_73' title="bbox 2033 2420 3620 2491">
     <span class='ocr_line' id='line_1_73' title="bbox 2033 2420 3620 2491; baseline -0.001 -17"><span class='ocrx_word' id='word_1_510' title='bbox 2033 2420 2248 2474; x_wconf 84' lang='lat' dir='ltr'><strong>audivit</strong></span> <span class='ocrx_word' id='word_1_511' title='bbox 2283 2435 2417 2472; x_wconf 70' lang='grc' dir='ltr'>νε·το</span> <span class='ocrx_word' id='word_1_512' title='bbox 2442 2436 2572 2474; x_wconf 82' lang='lat' dir='ltr'><strong>eum</strong></span> <span class='ocrx_word' id='word_1_513' title='bbox 2605 2437 2826 2491; x_wconf 89' lang='lat' dir='ltr'><strong>quoque</strong></span> <span class='ocrx_word' id='word_1_514' title='bbox 2857 2429 3151 2476; x_wconf 83' lang='lat' dir='ltr'><strong>canentem</strong></span> <span class='ocrx_word' id='word_1_515' title='bbox 3198 2437 3213 2474; x_wconf 91' lang='lat'><strong>:</strong></span> <span class='ocrx_word' id='word_1_516' title='bbox 3262 2440 3280 2472; x_wconf 81' lang='grc' dir='ltr'><strong>ι</strong></span> <span class='ocrx_word' id='word_1_517' title='bbox 3320 2420 3377 2475; x_wconf 93' lang='lat' dir='ltr'><strong>Si</strong></span> <span class='ocrx_word' id='word_1_518' title='bbox 3412 2422 3620 2476; x_wconf 80' lang='lat' dir='ltr'><strong>consti-</strong></span> 
     </span>
    </p>
   </div>
   <div class='ocr_carea' id='block_1_74' title="bbox 2037 2513 3611 2576">
    <p class='ocr_par' dir='ltr' id='par_1_74' title="bbox 2037 2513 3611 2576">
     <span class='ocr_line' id='line_1_74' title="bbox 2037 2513 3611 2576; baseline -0.002 -9"><span class='ocrx_word' id='word_1_519' title='bbox 2037 2513 2483 2568; x_wconf 86' lang='lat' dir='ltr'><strong>teriutadversus</strong></span> <span class='ocrx_word' id='word_1_520' title='bbox 2507 2528 2593 2568; x_wconf 88' lang='lat' dir='ltr'><strong>me</strong></span> <span class='ocrx_word' id='word_1_521' title='bbox 2621 2523 2825 2576; x_wconf 86' lang='lat' dir='ltr'><strong>castra,</strong></span> <span class='ocrx_word' id='word_1_522' title='bbox 2843 2529 2952 2567; x_wconf 90' lang='lat' dir='ltr'><strong>non</strong></span> <span class='ocrx_word' id='word_1_523' title='bbox 2971 2513 3188 2568; x_wconf 83' lang='lat' dir='ltr'><strong>timebit</strong></span> <span class='ocrx_word' id='word_1_524' title='bbox 3212 2529 3308 2567; x_wconf 93' lang='lat' dir='ltr'><strong>cor</strong></span> <span class='ocrx_word' id='word_1_525' title='bbox 3333 2529 3515 2568; x_wconf 91' lang='lat' dir='ltr'><strong>meum</strong></span> <span class='ocrx_word' id='word_1_526' title='bbox 3538 2513 3611 2576; x_wconf 76' lang='grc'><strong>⁸,»</strong></span> 
     </span>
    </p>
   </div>
   <div class='ocr_carea' id='block_1_75' title="bbox 2033 2606 3614 2674">
    <p class='ocr_par' dir='ltr' id='par_1_75' title="bbox 2033 2606 3614 2674">
     <span class='ocr_line' id='line_1_75' title="bbox 2033 2606 3614 2674; baseline -0.002 -15"><span class='ocrx_word' id='word_1_527' title='bbox 2033 2607 2351 2660; x_wconf 86' lang='lat' dir='ltr'><strong>simulatum</strong></span> <span class='ocrx_word' id='word_1_528' title='bbox 2409 2615 2467 2660; x_wconf 89' lang='lat' dir='ltr'><strong>et</strong></span> <span class='ocrx_word' id='word_1_529' title='bbox 2523 2607 2805 2660; x_wconf 83' lang='lat' dir='ltr'><strong>scenicum</strong></span> <span class='ocrx_word' id='word_1_530' title='bbox 2876 2606 3172 2674; x_wconf 83' lang='lat' dir='ltr'><strong>quemdam</strong></span> <span class='ocrx_word' id='word_1_531' title='bbox 3245 2620 3369 2660; x_wconf 87' lang='lat' dir='ltr'><strong>esse</strong></span> <span class='ocrx_word' id='word_1_532' title='bbox 3430 2614 3614 2660; x_wconf 83' lang='lat' dir='ltr'><strong>actum</strong></span> 
     </span>
    </p>
   </div>
   <div class='ocr_carea' id='block_1_76' title="bbox 2034 2699 3612 2770">
    <p class='ocr_par' dir='ltr' id='par_1_76' title="bbox 2034 2699 3612 2770">
     <span class='ocr_line' id='line_1_76' title="bbox 2034 2699 3612 2770; baseline -0.001 -16"><span class='ocrx_word' id='word_1_533' title='bbox 2034 2700 2465 2770; x_wconf 83' lang='lat' dir='ltr'><strong>suspicabantur</strong></span> <span class='ocrx_word' id='word_1_534' title='bbox 2482 2715 2568 2763; x_wconf 83' lang='lat' dir='ltr'><strong>ea,</strong></span> <span class='ocrx_word' id='word_1_535' title='bbox 2596 2716 2718 2768; x_wconf 73' lang='lat' dir='ltr'><strong>quae</strong></span> <span class='ocrx_word' id='word_1_536' title='bbox 2739 2699 3089 2754; x_wconf 85' lang='lat' dir='ltr'><strong>videbantur.</strong></span> <span class='ocrx_word' id='word_1_537' title='bbox 3114 2700 3409 2767; x_wconf 85' lang='lat' dir='ltr'><strong>Postquam</strong></span> <span class='ocrx_word' id='word_1_538' title='bbox 3429 2709 3612 2753; x_wconf 54' lang='lat' dir='ltr'><strong>autem</strong></span> 
     </span>
    </p>
   </div>
   <div class='ocr_carea' id='block_1_77' title="bbox 2034 2790 3617 2860">
    <p class='ocr_par' dir='ltr' id='par_1_77' title="bbox 2034 2790 3617 2860">
     <span class='ocr_line' id='line_1_77' title="bbox 2034 2790 3617 2860; baseline -0.002 -13"><span class='ocrx_word' id='word_1_539' title='bbox 2034 2792 2308 2847; x_wconf 84' lang='lat' dir='ltr'><strong>curiosius</strong></span> <span class='ocrx_word' id='word_1_540' title='bbox 2359 2792 2552 2846; x_wconf 88' lang='lat' dir='ltr'><strong>oculos</strong></span> <span class='ocrx_word' id='word_1_541' title='bbox 2609 2790 3010 2859; x_wconf 78' lang='lat' dir='ltr'><strong>conjicicntes,</strong></span> <span class='ocrx_word' id='word_1_542' title='bbox 3067 2797 3414 2860; x_wconf 86' lang='lat' dir='ltr'><strong>agnoverunt</strong></span> <span class='ocrx_word' id='word_1_543' title='bbox 3463 2791 3617 2844; x_wconf 88' lang='lat' dir='ltr'><strong>illum</strong></span> 
     </span>
    </p>
   </div>
   <div class='ocr_carea' id='block_1_78' title="bbox 2033 2880 3618 2950">
    <p class='ocr_par' dir='ltr' id='par_1_78' title="bbox 2033 2880 3618 2950">
     <span class='ocr_line' id='line_1_78' title="bbox 2033 2880 3618 2950; baseline -0.003 -12"><span class='ocrx_word' id='word_1_544' title='bbox 2033 2899 2154 2938; x_wconf 86' lang='lat' dir='ltr'><strong>esse</strong></span> <span class='ocrx_word' id='word_1_545' title='bbox 2201 2883 2440 2945; x_wconf 78' lang='lat' dir='ltr'><strong>Menam,</strong></span> <span class='ocrx_word' id='word_1_546' title='bbox 2491 2881 2672 2936; x_wconf 83' lang='lat' dir='ltr'><strong>oculis</strong></span> <span class='ocrx_word' id='word_1_547' title='bbox 2717 2881 3018 2945; x_wconf 85' lang='lat' dir='ltr'><strong>videntem,</strong></span> <span class='ocrx_word' id='word_1_548' title='bbox 3079 2889 3135 2934; x_wconf 91' lang='lat' dir='ltr'><strong>et</strong></span> <span class='ocrx_word' id='word_1_549' title='bbox 3168 2880 3351 2950; x_wconf 81' lang='lat' dir='ltr'><strong>lingua</strong></span> <span class='ocrx_word' id='word_1_550' title='bbox 3385 2881 3618 2950; x_wconf 86' lang='lat' dir='ltr'><strong>loquen-</strong></span> 
     </span>
    </p>
   </div>
   <div class='ocr_carea' id='block_1_79' title="bbox 2037 2971 3616 3045">
    <p class='ocr_par' dir='ltr' id='par_1_79' title="bbox 2037 2971 3616 3045">
     <span class='ocr_line' id='line_1_79' title="bbox 2037 2971 3616 3045; baseline -0.001 -17"><span class='ocrx_word' id='word_1_551' title='bbox 2037 2983 2168 3040; x_wconf 84' lang='lat' dir='ltr'><strong>tem,</strong></span> <span class='ocrx_word' id='word_1_552' title='bbox 2212 2983 2270 3030; x_wconf 92' lang='lat' dir='ltr'><strong>et</strong></span> <span class='ocrx_word' id='word_1_553' title='bbox 2318 2973 2722 3045; x_wconf 81' lang='lat' dir='ltr'><strong>ingredientem</strong></span> <span class='ocrx_word' id='word_1_554' title='bbox 2760 2972 3019 3042; x_wconf 86' lang='lat' dir='ltr'><strong>pedibus,</strong></span> <span class='ocrx_word' id='word_1_555' title='bbox 3065 2971 3249 3026; x_wconf 89' lang='lat' dir='ltr'><strong>statim</strong></span> <span class='ocrx_word' id='word_1_556' title='bbox 3278 2987 3472 3026; x_wconf 82' lang='lat' dir='ltr'><strong>omnes</strong></span> <span class='ocrx_word' id='word_1_557' title='bbox 3509 2989 3616 3026; x_wconf 71' lang='lat' dir='ltr'><strong>una</strong></span> 
     </span>
    </p>
   </div>
   <div class='ocr_carea' id='block_1_80' title="bbox 2035 3048 3616 3127">
    <p class='ocr_par' dir='ltr' id='par_1_80' title="bbox 2035 3048 3616 3127">
     <span class='ocr_line' id='line_1_80' title="bbox 2035 3048 3616 3127; baseline -0.001 -9"><span class='ocrx_word' id='word_1_558' title='bbox 2035 3081 2166 3119; x_wconf 88' lang='lat' dir='ltr'><strong>voce</strong></span> <span class='ocrx_word' id='word_1_559' title='bbox 2219 3065 2450 3119; x_wconf 83' lang='lat' dir='ltr'><strong>:Fortis</strong></span> <span class='ocrx_word' id='word_1_560' title='bbox 2508 3065 2633 3127; x_wconf 80' lang='lat' dir='ltr'><strong>fuit,</strong></span> <span class='ocrx_word' id='word_1_561' title='bbox 2693 3062 2988 3127; x_wconf 73' lang='lat' dir='ltr'><strong>dixerunt,</strong></span> <span class='ocrx_word' id='word_1_562' title='bbox 3047 3061 3209 3116; x_wconf 83' lang='lat' dir='ltr'><strong>furtis</strong></span> <span class='ocrx_word' id='word_1_563' title='bbox 3274 3048 3379 3116; x_wconf 80' lang='lat' dir='ltr'><strong>fuit</strong></span> <span class='ocrx_word' id='word_1_564' title='bbox 3409 3064 3616 3117; x_wconf 79' lang='lat' dir='ltr'><strong>Christi</strong></span> 
     </span>
    </p>
   </div>
   <div class='ocr_carea' id='block_1_81' title="bbox 2035 3151 3616 3224">
    <p class='ocr_par' dir='ltr' id='par_1_81' title="bbox 2035 3151 3616 3224">
     <span class='ocr_line' id='line_1_81' title="bbox 2035 3151 3616 3224; baseline -0.003 -13"><span class='ocrx_word' id='word_1_565' title='bbox 2035 3157 2232 3222; x_wconf 82' lang='lat' dir='ltr'><strong>virtus,</strong></span> <span class='ocrx_word' id='word_1_566' title='bbox 2257 3159 2425 3212; x_wconf 89' lang='lat' dir='ltr'><strong>etiam</strong></span> <span class='ocrx_word' id='word_1_567' title='bbox 2454 3155 2722 3210; x_wconf 87' lang='lat' dir='ltr'><strong>adversus</strong></span> <span class='ocrx_word' id='word_1_568' title='bbox 2767 3155 2942 3224; x_wconf 84' lang='lat' dir='ltr'><strong>ipsam</strong></span> <span class='ocrx_word' id='word_1_569' title='bbox 2990 3165 3251 3207; x_wconf 87' lang='lat' dir='ltr'><strong>mortem.</strong></span> <span class='ocrx_word' id='word_1_570' title='bbox 3295 3151 3443 3207; x_wconf 79' lang='lat' dir='ltr'><strong>Felix</strong></span> <span class='ocrx_word' id='word_1_571' title='bbox 3477 3154 3616 3208; x_wconf 84' lang='lat' dir='ltr'><strong>civi-</strong></span> 
     </span>
    </p>
   </div>
   <div class='ocr_carea' id='block_1_82' title="bbox 2035 3248 3615 3318">
    <p class='ocr_par' dir='ltr' id='par_1_82' title="bbox 2035 3248 3615 3318">
     <span class='ocr_line' id='line_1_82' title="bbox 2035 3248 3615 3318; baseline 0 -15"><span class='ocrx_word' id='word_1_572' title='bbox 2035 3258 2116 3304; x_wconf 87' lang='lat' dir='ltr'><strong>tas</strong></span> <span class='ocrx_word' id='word_1_573' title='bbox 2143 3248 2539 3313; x_wconf 80' lang='lat' dir='ltr'><strong>Alexandrina,</strong></span> <span class='ocrx_word' id='word_1_574' title='bbox 2571 3264 2694 3318; x_wconf 68' lang='lat' dir='ltr'><strong>quae</strong></span> <span class='ocrx_word' id='word_1_575' title='bbox 2726 3265 2824 3318; x_wconf 91' lang='lat' dir='ltr'><strong>per</strong></span> <span class='ocrx_word' id='word_1_576' title='bbox 2858 3263 3028 3301; x_wconf 81' lang='lat' dir='ltr'><strong>unum</strong></span> <span class='ocrx_word' id='word_1_577' title='bbox 3057 3248 3205 3302; x_wconf 91' lang='lat' dir='ltr'><strong>hunc</strong></span> <span class='ocrx_word' id='word_1_578' title='bbox 3235 3249 3413 3302; x_wconf 88' lang='lat' dir='ltr'><strong>virum</strong></span> <span class='ocrx_word' id='word_1_579' title='bbox 3448 3248 3615 3303; x_wconf 81' lang='lat' dir='ltr'><strong>hodie</strong></span> 
     </span>
    </p>
   </div>
   <div class='ocr_carea' id='block_1_83' title="bbox 2034 3339 3617 3410">
    <p class='ocr_par' dir='ltr' id='par_1_83' title="bbox 2034 3339 3617 3410">
     <span class='ocr_line' id='line_1_83' title="bbox 2034 3339 3617 3410; baseline 0.001 -16"><span class='ocrx_word' id='word_1_580' title='bbox 2034 3350 2239 3394; x_wconf 88' lang='lat' dir='ltr'><strong>tantam</strong></span> <span class='ocrx_word' id='word_1_581' title='bbox 2297 3339 2549 3394; x_wconf 80' lang='lat' dir='ltr'><strong>fraudem</strong></span> <span class='ocrx_word' id='word_1_582' title='bbox 2595 3339 2988 3410; x_wconf 86' lang='lat' dir='ltr'><strong>deprehendit,</strong></span> <span class='ocrx_word' id='word_1_583' title='bbox 3043 3348 3099 3393; x_wconf 88' lang='lat' dir='ltr'><strong>et</strong></span> <span class='ocrx_word' id='word_1_584' title='bbox 3149 3340 3380 3410; x_wconf 88' lang='lat' dir='ltr'><strong>pulchre</strong></span> <span class='ocrx_word' id='word_1_585' title='bbox 3419 3341 3617 3396; x_wconf 74' lang='lat' dir='ltr'><strong>didicit</strong></span> 
     </span>
    </p>
   </div>
   <div class='ocr_carea' id='block_1_84' title="bbox 2032 3432 3617 3488">
    <p class='ocr_par' dir='ltr' id='par_1_84' title="bbox 2032 3432 3617 3488">
     <span class='ocr_line' id='line_1_84' title="bbox 2032 3432 3617 3488; baseline 0 -2"><span class='ocrx_word' id='word_1_586' title='bbox 2032 3435 2342 3488; x_wconf 85' lang='lat' dir='ltr'><strong>veritatem.</strong></span> <span class='ocrx_word' id='word_1_587' title='bbox 2375 3433 2471 3487; x_wconf 88' lang='lat' dir='ltr'><strong>Dei</strong></span> <span class='ocrx_word' id='word_1_588' title='bbox 2499 3432 2675 3487; x_wconf 89' lang='lat' dir='ltr'><strong>solius</strong></span> <span class='ocrx_word' id='word_1_589' title='bbox 2711 3432 2850 3486; x_wconf 86' lang='lat' dir='ltr'><strong>citra</strong></span> <span class='ocrx_word' id='word_1_590' title='bbox 2899 3433 3336 3487; x_wconf 83' lang='lat' dir='ltr'><strong>controversiam</strong></span> <span class='ocrx_word' id='word_1_591' title='bbox 3383 3444 3469 3486; x_wconf 88' lang='lat' dir='ltr'><strong>est</strong></span> <span class='ocrx_word' id='word_1_592' title='bbox 3499 3434 3566 3486; x_wconf 82' lang='lat' dir='ltr'><strong>ha</strong></span> <span class='ocrx_word' id='word_1_593' title='bbox 3588 3451 3617 3486; x_wconf 87' lang='lat' dir='ltr'><strong>c</strong></span> 
     </span>
    </p>
   </div>
   <div class='ocr_carea' id='block_1_85' title="bbox 2031 3523 3608 3596">
    <p class='ocr_par' dir='ltr' id='par_1_85' title="bbox 2031 3523 3608 3596">
     <span class='ocr_line' id='line_1_85' title="bbox 2031 3523 3608 3596; baseline -0.001 -16"><span class='ocrx_word' id='word_1_594' title='bbox 2031 3535 2280 3596; x_wconf 84' lang='lat' dir='ltr'><strong>potestas</strong></span> <span class='ocrx_word' id='word_1_595' title='bbox 2311 3535 2367 3579; x_wconf 91' lang='lat' dir='ltr'><strong>et</strong></span> <span class='ocrx_word' id='word_1_596' title='bbox 2399 3525 2595 3578; x_wconf 89' lang='lat' dir='ltr'><strong>virtus.</strong></span> <span class='ocrx_word' id='word_1_597' title='bbox 2623 3523 2902 3589; x_wconf 86' lang='lat' dir='ltr'><strong>Gloriare,</strong></span> <span class='ocrx_word' id='word_1_598' title='bbox 2933 3538 2968 3579; x_wconf 88' lang='grc' dir='ltr'><strong>ο</strong></span> <span class='ocrx_word' id='word_1_599' title='bbox 3009 3533 3219 3589; x_wconf 87' lang='lat' dir='ltr'><strong>orator,</strong></span> <span class='ocrx_word' id='word_1_600' title='bbox 3251 3525 3460 3578; x_wconf 86' lang='lat' dir='ltr'><strong>athleta</strong></span> <span class='ocrx_word' id='word_1_601' title='bbox 3493 3529 3608 3578; x_wconf 90' lang='lat' dir='ltr'><strong>veri</strong></span> 
     </span>
    </p>
   </div>
   <div class='ocr_carea' id='block_1_86' title="bbox 2030 3617 3613 3686">
    <p class='ocr_par' dir='ltr' id='par_1_86' title="bbox 2030 3617 3613 3686">
     <span class='ocr_line' id='line_1_86' title="bbox 2030 3617 3613 3686; baseline -0.001 -14"><span class='ocrx_word' id='word_1_602' title='bbox 2030 3619 2125 3673; x_wconf 87' lang='lat' dir='ltr'><strong>Dei</strong></span> <span class='ocrx_word' id='word_1_603' title='bbox 2160 3628 2214 3671; x_wconf 84' lang='lat' dir='ltr'><strong>et</strong></span> <span class='ocrx_word' id='word_1_604' title='bbox 2248 3617 2585 3681; x_wconf 86' lang='lat' dir='ltr'><strong>Servatoris,</strong></span> <span class='ocrx_word' id='word_1_605' title='bbox 2619 3617 2881 3686; x_wconf 74' lang='lat' dir='ltr'><strong>gloriare.</strong></span> <span class='ocrx_word' id='word_1_606' title='bbox 2941 3617 3239 3672; x_wconf 71' lang='lat' dir='ltr'><strong>Praelectus</strong></span> <span class='ocrx_word' id='word_1_607' title='bbox 3274 3627 3460 3672; x_wconf 88' lang='lat' dir='ltr'><strong>autem</strong></span> <span class='ocrx_word' id='word_1_608' title='bbox 3510 3617 3613 3671; x_wconf 87' lang='lat' dir='ltr'><strong>ob-</strong></span> 
     </span>
    </p>
   </div>
   <div class='ocr_carea' id='block_1_87' title="bbox 2028 3710 3611 3781">
    <p class='ocr_par' dir='ltr' id='par_1_87' title="bbox 2028 3710 3611 3781">
     <span class='ocr_line' id='line_1_87' title="bbox 2028 3710 3611 3781; baseline -0.001 -15"><span class='ocrx_word' id='word_1_609' title='bbox 2028 3711 2372 3781; x_wconf 79' lang='lat' dir='ltr'><strong>stupefactus</strong></span> <span class='ocrx_word' id='word_1_610' title='bbox 2419 3713 2498 3765; x_wconf 89' lang='lat' dir='ltr'><strong>rei</strong></span> <span class='ocrx_word' id='word_1_611' title='bbox 2553 3713 2795 3765; x_wconf 86' lang='lat' dir='ltr'><strong>novitale</strong></span> <span class='ocrx_word' id='word_1_612' title='bbox 2848 3720 2905 3765; x_wconf 86' lang='lat' dir='ltr'><strong>et</strong></span> <span class='ocrx_word' id='word_1_613' title='bbox 2940 3710 3392 3776; x_wconf 82' lang='lat' dir='ltr'><strong>admirabilitate,</strong></span> <span class='ocrx_word' id='word_1_614' title='bbox 3423 3724 3478 3766; x_wconf 89' lang='lat' dir='ltr'><strong>et</strong></span> <span class='ocrx_word' id='word_1_615' title='bbox 3513 3727 3611 3765; x_wconf 83' lang='lat' dir='ltr'><strong>ve-</strong></span> 
     </span>
    </p>
   </div>
   <div class='ocr_carea' id='block_1_88' title="bbox 2028 3802 3613 3876">
    <p class='ocr_par' dir='ltr' id='par_1_88' title="bbox 2028 3802 3613 3876">
     <span class='ocr_line' id='line_1_88' title="bbox 2028 3802 3613 3876; baseline -0.001 -18"><span class='ocrx_word' id='word_1_616' title='bbox 2028 3805 2191 3868; x_wconf 88' lang='lat' dir='ltr'><strong>ritus,</strong></span> <span class='ocrx_word' id='word_1_617' title='bbox 2225 3820 2293 3858; x_wconf 91' lang='lat' dir='ltr'><strong>ne</strong></span> <span class='ocrx_word' id='word_1_618' title='bbox 2319 3813 2519 3874; x_wconf 57' lang='lat' dir='ltr'><strong>prater</strong></span> <span class='ocrx_word' id='word_1_619' title='bbox 2547 3819 2698 3874; x_wconf 84' lang='lat' dir='ltr'><strong>spem</strong></span> <span class='ocrx_word' id='word_1_620' title='bbox 2725 3803 2931 3873; x_wconf 88' lang='lat' dir='ltr'><strong>aliquid</strong></span> <span class='ocrx_word' id='word_1_621' title='bbox 2969 3803 3096 3858; x_wconf 87' lang='lat' dir='ltr'><strong>novi</strong></span> <span class='ocrx_word' id='word_1_622' title='bbox 3131 3802 3311 3858; x_wconf 82' lang='lat' dir='ltr'><strong>facere</strong></span> <span class='ocrx_word' id='word_1_623' title='bbox 3343 3804 3613 3876; x_wconf 72' lang='lat' dir='ltr'><strong>cogitaret</strong></span> 
     </span>
    </p>
   </div>
   <div class='ocr_carea' id='block_1_89' title="bbox 2030 3893 3616 3964">
    <p class='ocr_par' dir='ltr' id='par_1_89' title="bbox 2030 3893 3616 3964">
     <span class='ocr_line' id='line_1_89' title="bbox 2030 3893 3616 3964; baseline -0.001 -14"><span class='ocrx_word' id='word_1_624' title='bbox 2030 3896 2328 3957; x_wconf 86' lang='lat' dir='ltr'><strong>theatrum,</strong></span> <span class='ocrx_word' id='word_1_625' title='bbox 2379 3895 2571 3950; x_wconf 87' lang='lat' dir='ltr'><strong>statuit</strong></span> <span class='ocrx_word' id='word_1_626' title='bbox 2635 3909 2885 3964; x_wconf 81' lang='lat' dir='ltr'><strong>surgere.</strong></span> <span class='ocrx_word' id='word_1_627' title='bbox 2953 3893 3248 3964; x_wconf 86' lang='lat' dir='ltr'><strong>Postquam</strong></span> <span class='ocrx_word' id='word_1_628' title='bbox 3301 3910 3434 3948; x_wconf 89' lang='lat' dir='ltr'><strong>vero</strong></span> <span class='ocrx_word' id='word_1_629' title='bbox 3477 3895 3616 3949; x_wconf 77' lang='lat' dir='ltr'><strong>Vidit</strong></span> 
     </span>
    </p>
   </div>
   <div class='ocr_carea' id='block_1_90' title="bbox 2027 3986 3611 4058">
    <p class='ocr_par' dir='ltr' id='par_1_90' title="bbox 2027 3986 3611 4058">
     <span class='ocr_line' id='line_1_90' title="bbox 2027 3986 3611 4058; baseline -0.002 -15"><span class='ocrx_word' id='word_1_630' title='bbox 2027 3997 2200 4044; x_wconf 92' lang='lat' dir='ltr'><strong>totum</strong></span> <span class='ocrx_word' id='word_1_631' title='bbox 2222 3988 2486 4058; x_wconf 88' lang='lat' dir='ltr'><strong>populum</strong></span> <span class='ocrx_word' id='word_1_632' title='bbox 2515 3986 2645 4041; x_wconf 79' lang='lat' dir='ltr'><strong>ferri</strong></span> <span class='ocrx_word' id='word_1_633' title='bbox 2663 3986 2899 4054; x_wconf 89' lang='lat' dir='ltr'><strong>quodam</strong></span> <span class='ocrx_word' id='word_1_634' title='bbox 2930 4002 3125 4054; x_wconf 82' lang='lat' dir='ltr'><strong>magno</strong></span> <span class='ocrx_word' id='word_1_635' title='bbox 3148 3997 3298 4041; x_wconf 86' lang='lat' dir='ltr'><strong>motu</strong></span> <span class='ocrx_word' id='word_1_636' title='bbox 3337 3993 3392 4039; x_wconf 89' lang='lat' dir='ltr'><strong>et</strong></span> <span class='ocrx_word' id='word_1_637' title='bbox 3431 3987 3611 4056; x_wconf 86' lang='lat' dir='ltr'><strong>impe-</strong></span> 
     </span>
    </p>
   </div>
   <div class='ocr_carea' id='block_1_91' title="bbox 2027 4075 3612 4141">
    <p class='ocr_par' dir='ltr' id='par_1_91' title="bbox 2027 4075 3612 4141">
     <span class='ocr_line' id='line_1_91' title="bbox 2027 4075 3612 4141; baseline -0.002 -8"><span class='ocrx_word' id='word_1_638' title='bbox 2027 4089 2106 4141; x_wconf 90' lang='lat' dir='ltr'><strong>tu,</strong></span> <span class='ocrx_word' id='word_1_639' title='bbox 2137 4087 2194 4132; x_wconf 90' lang='lat' dir='ltr'><strong>et</strong></span> <span class='ocrx_word' id='word_1_640' title='bbox 2225 4078 2645 4131; x_wconf 88' lang='lat' dir='ltr'><strong>audivitomnes</strong></span> <span class='ocrx_word' id='word_1_641' title='bbox 2668 4077 2970 4129; x_wconf 81' lang='lat' dir='ltr'><strong>clamantes</strong></span> <span class='ocrx_word' id='word_1_642' title='bbox 2993 4093 3007 4129; x_wconf 88' lang='lat'><strong>:</strong></span> <span class='ocrx_word' id='word_1_643' title='bbox 3045 4075 3224 4139; x_wconf 76' lang='lat' dir='ltr'><strong>Mane,</strong></span> <span class='ocrx_word' id='word_1_644' title='bbox 3243 4091 3276 4128; x_wconf 93' lang='grc' dir='ltr'><strong>ο</strong></span> <span class='ocrx_word' id='word_1_645' title='bbox 3303 4076 3612 4130; x_wconf 87' lang='lat' dir='ltr'><strong>venerande</strong></span> 
     </span>
    </p>
   </div>
   <div class='ocr_carea' id='block_1_92' title="bbox 2026 4167 3613 4242">
    <p class='ocr_par' dir='ltr' id='par_1_92' title="bbox 2026 4167 3613 4242">
     <span class='ocr_line' id='line_1_92' title="bbox 2026 4167 3613 4242; baseline -0.003 -17"><span class='ocrx_word' id='word_1_646' title='bbox 2026 4171 2306 4242; x_wconf 60' lang='lat' dir='ltr'><strong>prafecte,</strong></span> <span class='ocrx_word' id='word_1_647' title='bbox 2354 4170 2466 4222; x_wconf 85' lang='lat' dir='ltr'><strong>noli</strong></span> <span class='ocrx_word' id='word_1_648' title='bbox 2515 4168 2762 4222; x_wconf 86' lang='lat' dir='ltr'><strong>invidere</strong></span> <span class='ocrx_word' id='word_1_649' title='bbox 2817 4177 2979 4222; x_wconf 65' lang='lat' dir='ltr'><strong>tanta:</strong></span> <span class='ocrx_word' id='word_1_650' title='bbox 3031 4167 3236 4222; x_wconf 86' lang='lat' dir='ltr'><strong>civitati</strong></span> <span class='ocrx_word' id='word_1_651' title='bbox 3278 4183 3390 4222; x_wconf 87' lang='lat' dir='ltr'><strong>rem</strong></span> <span class='ocrx_word' id='word_1_652' title='bbox 3437 4169 3613 4222; x_wconf 75' lang='lat' dir='ltr'><strong>maxi-</strong></span> 
     </span>
    </p>
   </div>
   <div class='ocr_carea' id='block_1_93' title="bbox 2025 4256 3610 4328">
    <p class='ocr_par' dir='ltr' id='par_1_93' title="bbox 2025 4256 3610 4328">
     <span class='ocr_line' id='line_1_93' title="bbox 2025 4256 3610 4328; baseline 0.001 -16"><span class='ocrx_word' id='word_1_653' title='bbox 2025 4274 2190 4323; x_wconf 85' lang='lat' dir='ltr'><strong>mam,</strong></span> <span class='ocrx_word' id='word_1_654' title='bbox 2218 4272 2416 4328; x_wconf 87' lang='lat' dir='ltr'><strong>nempe</strong></span> <span class='ocrx_word' id='word_1_655' title='bbox 2441 4267 2499 4312; x_wconf 89' lang='lat' dir='ltr'><strong>ut</strong></span> <span class='ocrx_word' id='word_1_656' title='bbox 2535 4272 2724 4312; x_wconf 88' lang='lat' dir='ltr'><strong>verum</strong></span> <span class='ocrx_word' id='word_1_657' title='bbox 2783 4256 2954 4310; x_wconf 84' lang='lat' dir='ltr'><strong>Deum</strong></span> <span class='ocrx_word' id='word_1_658' title='bbox 3006 4265 3267 4326; x_wconf 79' lang='lat' dir='ltr'><strong>agnoscat</strong></span> <span class='ocrx_word' id='word_1_659' title='bbox 3307 4257 3494 4322; x_wconf 88' lang='lat' dir='ltr'><strong>hodie,</strong></span> <span class='ocrx_word' id='word_1_660' title='bbox 3553 4269 3610 4314; x_wconf 90' lang='lat' dir='ltr'><strong>et</strong></span> 
     </span>
    </p>
   </div>
   <div class='ocr_carea' id='block_1_94' title="bbox 2027 4349 3609 4421">
    <p class='ocr_par' dir='ltr' id='par_1_94' title="bbox 2027 4349 3609 4421">
     <span class='ocr_line' id='line_1_94' title="bbox 2027 4349 3609 4421; baseline 0.001 -16"><span class='ocrx_word' id='word_1_661' title='bbox 2027 4361 2178 4407; x_wconf 88' lang='lat' dir='ltr'><strong>recta</strong></span> <span class='ocrx_word' id='word_1_662' title='bbox 2207 4350 2553 4421; x_wconf 77' lang='lat' dir='ltr'><strong>ingrediatur</strong></span> <span class='ocrx_word' id='word_1_663' title='bbox 2582 4349 2649 4404; x_wconf 89' lang='lat' dir='ltr'><strong>ad</strong></span> <span class='ocrx_word' id='word_1_664' title='bbox 2679 4350 2860 4404; x_wconf 90' lang='lat' dir='ltr'><strong>lucem</strong></span> <span class='ocrx_word' id='word_1_665' title='bbox 2896 4351 3146 4404; x_wconf 79' lang='lat' dir='ltr'><strong>veritatis</strong></span> <span class='ocrx_word' id='word_1_666' title='bbox 3171 4365 3186 4402; x_wconf 92' lang='lat'><strong><em>:</em></strong></span> <span class='ocrx_word' id='word_1_667' title='bbox 3239 4351 3355 4420; x_wconf 89' lang='lat' dir='ltr'><strong>ipse</strong></span> <span class='ocrx_word' id='word_1_668' title='bbox 3385 4365 3609 4420; x_wconf 87' lang='lat' dir='ltr'><strong>quoque</strong></span> 
     </span>
    </p>
   </div>
   <div class='ocr_carea' id='block_1_95' title="bbox 2029 4440 3611 4511">
    <p class='ocr_par' dir='ltr' id='par_1_95' title="bbox 2029 4440 3611 4511">
     <span class='ocr_line' id='line_1_95' title="bbox 2029 4440 3611 4511; baseline 0.001 -16"><span class='ocrx_word' id='word_1_669' title='bbox 2029 4451 2171 4497; x_wconf 89' lang='lat' dir='ltr'><strong>totus</strong></span> <span class='ocrx_word' id='word_1_670' title='bbox 2196 4453 2449 4496; x_wconf 82' lang='lat' dir='ltr'><strong>versatur</strong></span> <span class='ocrx_word' id='word_1_671' title='bbox 2475 4443 2532 4495; x_wconf 89' lang='lat' dir='ltr'><strong>in</strong></span> <span class='ocrx_word' id='word_1_672' title='bbox 2561 4440 2985 4510; x_wconf 82' lang='lat' dir='ltr'><strong>contemplanda</strong></span> <span class='ocrx_word' id='word_1_673' title='bbox 3017 4456 3074 4495; x_wconf 90' lang='lat' dir='ltr'><strong>rc</strong></span> <span class='ocrx_word' id='word_1_674' title='bbox 3106 4441 3439 4507; x_wconf 86' lang='lat' dir='ltr'><strong>admirabili,</strong></span> <span class='ocrx_word' id='word_1_675' title='bbox 3487 4457 3611 4511; x_wconf 66' lang='lat' dir='ltr'><strong>qua</strong></span> 
     </span>
    </p>
   </div>
   <div class='ocr_carea' id='block_1_96' title="bbox 2029 4533 3606 4605">
    <p class='ocr_par' dir='ltr' id='par_1_96' title="bbox 2029 4533 3606 4605">
     <span class='ocr_line' id='line_1_96' title="bbox 2029 4533 3606 4605; baseline -0.001 -17"><span class='ocrx_word' id='word_1_676' title='bbox 2029 4534 2308 4591; x_wconf 86' lang='lat' dir='ltr'><strong>acciderat</strong></span> <span class='ocrx_word' id='word_1_677' title='bbox 2355 4535 2604 4605; x_wconf 81' lang='lat' dir='ltr'><strong>martyri,</strong></span> <span class='ocrx_word' id='word_1_678' title='bbox 2637 4541 2694 4588; x_wconf 90' lang='lat' dir='ltr'><strong>et</strong></span> <span class='ocrx_word' id='word_1_679' title='bbox 2721 4534 2931 4604; x_wconf 90' lang='lat' dir='ltr'><strong>populo</strong></span> <span class='ocrx_word' id='word_1_680' title='bbox 2960 4533 3255 4588; x_wconf 86' lang='lat' dir='ltr'><strong>denuntiat</strong></span> <span class='ocrx_word' id='word_1_681' title='bbox 3300 4534 3606 4588; x_wconf 87' lang='lat' dir='ltr'><strong>silentium.</strong></span> 
     </span>
    </p>
   </div>
   <div class='ocr_carea' id='block_1_97' title="bbox 2027 4625 3610 4696">
    <p class='ocr_par' dir='ltr' id='par_1_97' title="bbox 2027 4625 3610 4696">
     <span class='ocr_line' id='line_1_97' title="bbox 2027 4625 3610 4696; baseline 0.001 -16"><span class='ocrx_word' id='word_1_682' title='bbox 2027 4627 2165 4680; x_wconf 85' lang='lat' dir='ltr'><strong>Cum</strong></span> <span class='ocrx_word' id='word_1_683' title='bbox 2196 4635 2381 4681; x_wconf 87' lang='lat' dir='ltr'><strong>autem</strong></span> <span class='ocrx_word' id='word_1_684' title='bbox 2433 4637 2683 4681; x_wconf 87' lang='lat' dir='ltr'><strong>sanctum</strong></span> <span class='ocrx_word' id='word_1_685' title='bbox 2731 4625 2988 4696; x_wconf 79' lang='lat' dir='ltr'><strong>jussisset</strong></span> <span class='ocrx_word' id='word_1_686' title='bbox 3034 4628 3100 4679; x_wconf 87' lang='lat' dir='ltr'><strong>ad</strong></span> <span class='ocrx_word' id='word_1_687' title='bbox 3144 4641 3204 4680; x_wconf 83' lang='lat' dir='ltr'><strong>se</strong></span> <span class='ocrx_word' id='word_1_688' title='bbox 3253 4627 3465 4694; x_wconf 82' lang='lat' dir='ltr'><strong>venire,</strong></span> <span class='ocrx_word' id='word_1_689' title='bbox 3518 4628 3610 4682; x_wconf 78' lang='lat' dir='ltr'><strong>ubi</strong></span> 
     </span>
    </p>
   </div>
   <div class='ocr_carea' id='block_1_98' title="bbox 2028 4717 3609 4789">
    <p class='ocr_par' dir='ltr' id='par_1_98' title="bbox 2028 4717 3609 4789">
     <span class='ocr_line' id='line_1_98' title="bbox 2028 4717 3609 4789; baseline 0.003 -17"><span class='ocrx_word' id='word_1_690' title='bbox 2028 4720 2279 4789; x_wconf 84' lang='lat' dir='ltr'><strong>proxime</strong></span> <span class='ocrx_word' id='word_1_691' title='bbox 2311 4719 2435 4782; x_wconf 82' lang='lat' dir='ltr'><strong>fuit,</strong></span> <span class='ocrx_word' id='word_1_692' title='bbox 2475 4733 2600 4772; x_wconf 88' lang='lat' dir='ltr'><strong>eum</strong></span> <span class='ocrx_word' id='word_1_693' title='bbox 2632 4717 3023 4771; x_wconf 85' lang='lat' dir='ltr'><strong>animadvertit</strong></span> <span class='ocrx_word' id='word_1_694' title='bbox 3063 4727 3119 4771; x_wconf 90' lang='lat' dir='ltr'><strong>et</strong></span> <span class='ocrx_word' id='word_1_695' title='bbox 3156 4719 3433 4788; x_wconf 77' lang='lat' dir='ltr'><strong>cognovit.</strong></span> <span class='ocrx_word' id='word_1_696' title='bbox 3473 4719 3609 4776; x_wconf 80' lang='lat' dir='ltr'><strong>Nam</strong></span> 
     </span>
    </p>
   </div>
   <div class='ocr_carea' id='block_1_99' title="bbox 2030 4807 3609 4879">
    <p class='ocr_par' dir='ltr' id='par_1_99' title="bbox 2030 4807 3609 4879">
     <span class='ocr_line' id='line_1_99' title="bbox 2030 4807 3609 4879; baseline -0.003 -14"><span class='ocrx_word' id='word_1_697' title='bbox 2030 4813 2080 4865; x_wconf 88' lang='lat' dir='ltr'><strong>ei</strong></span> <span class='ocrx_word' id='word_1_698' title='bbox 2111 4809 2330 4879; x_wconf 81' lang='lat' dir='ltr'><strong>quidem</strong></span> <span class='ocrx_word' id='word_1_699' title='bbox 2370 4819 2530 4862; x_wconf 87' lang='lat' dir='ltr'><strong>antea</strong></span> <span class='ocrx_word' id='word_1_700' title='bbox 2582 4807 2910 4860; x_wconf 86' lang='lat' dir='ltr'><strong>videbantur</strong></span> <span class='ocrx_word' id='word_1_701' title='bbox 2947 4808 3160 4860; x_wconf 86' lang='lat' dir='ltr'><strong>somnia</strong></span> <span class='ocrx_word' id='word_1_702' title='bbox 3211 4822 3298 4871; x_wconf 88' lang='lat' dir='ltr'><strong>ea,</strong></span> <span class='ocrx_word' id='word_1_703' title='bbox 3343 4821 3464 4876; x_wconf 82' lang='lat' dir='ltr'><strong>quae</strong></span> <span class='ocrx_word' id='word_1_704' title='bbox 3507 4823 3609 4877; x_wconf 85' lang='lat' dir='ltr'><strong>ap-</strong></span> 
     </span>
    </p>
   </div>
   <div class='ocr_carea' id='block_1_100' title="bbox 339 4898 1930 4979">
    <p class='ocr_par' dir='ltr' id='par_1_100' title="bbox 339 4898 1919 4979">
     <span class='ocr_line' id='line_1_100' title="bbox 339 4898 1919 4979; baseline 0.008 -28"><span class='ocrx_word' id='word_1_705' title='bbox 339 4898 553 4963; x_wconf 82' lang='grc' dir='ltr'>στῶτες</span> <span class='ocrx_word' id='word_1_706' title='bbox 608 4900 704 4953; x_wconf 77' lang='grc' dir='ltr'>καὶ</span> <span class='ocrx_word' id='word_1_707' title='bbox 729 4901 761 4967; x_wconf 79' lang='grc' dir='ltr'><strong>ὴ</strong></span> <span class='ocrx_word' id='word_1_708' title='bbox 793 4901 928 4971; x_wconf 75' lang='grc' dir='ltr'>ἄλλη</span> <span class='ocrx_word' id='word_1_709' title='bbox 987 4903 1140 4956; x_wconf 83' lang='grc' dir='ltr'>πᾶσα</span> <span class='ocrx_word' id='word_1_710' title='bbox 1195 4903 1515 4976; x_wconf 84' lang='grc' dir='ltr'>δορυφορία,</span> <span class='ocrx_word' id='word_1_711' title='bbox 1569 4909 1707 4979; x_wconf 80' lang='grc' dir='ltr'>πρὸς</span> <span class='ocrx_word' id='word_1_712' title='bbox 1740 4909 1798 4963; x_wconf 68' lang='grc' dir='ltr'>δὲ</span> <span class='ocrx_word' id='word_1_713' title='bbox 1823 4911 1919 4964; x_wconf 76' lang='grc' dir='ltr'>καὶ</span> 
     </span>
    </p>
   </div>
   <div class='ocr_carea' id='block_1_101' title="bbox 2032 4898 3609 4979">
    <p class='ocr_par' dir='ltr' id='par_1_101' title="bbox 2032 4899 3609 4974">
     <span class='ocr_line' id='line_1_101' title="bbox 2032 4899 3609 4974; baseline -0.003 -17"><span class='ocrx_word' id='word_1_714' title='bbox 2032 4905 2308 4974; x_wconf 81' lang='lat' dir='ltr'><strong>parebant,</strong></span> <span class='ocrx_word' id='word_1_715' title='bbox 2341 4912 2398 4955; x_wconf 92' lang='lat' dir='ltr'><strong>ut</strong></span> <span class='ocrx_word' id='word_1_716' title='bbox 2425 4901 2517 4971; x_wconf 93' lang='lat' dir='ltr'><strong>qni</strong></span> <span class='ocrx_word' id='word_1_717' title='bbox 2551 4900 2753 4955; x_wconf 87' lang='lat' dir='ltr'><strong>Christi</strong></span> <span class='ocrx_word' id='word_1_718' title='bbox 2815 4904 3055 4954; x_wconf 89' lang='lat' dir='ltr'><strong>nondum</strong></span> <span class='ocrx_word' id='word_1_719' title='bbox 3114 4899 3397 4954; x_wconf 78' lang='lat' dir='ltr'><strong>habuisset</strong></span> <span class='ocrx_word' id='word_1_720' title='bbox 3439 4916 3609 4968; x_wconf 77' lang='lat' dir='ltr'><strong>cxpe-</strong></span> 
     </span>
    </p>
   </div>
   <div class='ocr_carea' id='block_1_102' title="bbox 333 4989 1912 5067">
    <p class='ocr_par' dir='ltr' id='par_1_102' title="bbox 333 4989 1912 5067">
     <span class='ocr_line' id='line_1_102' title="bbox 333 4989 1912 5067; baseline 0.008 -25"><span class='ocrx_word' id='word_1_721' title='bbox 333 4989 505 5054; x_wconf 77' lang='grc' dir='ltr'>αὐτδς</span> <span class='ocrx_word' id='word_1_722' title='bbox 535 4989 773 5063; x_wconf 77' lang='grc' dir='ltr'>ιπαρχος</span> <span class='ocrx_word' id='word_1_723' title='bbox 845 4992 1079 5058; x_wconf 74' lang='grc' dir='ltr'>οἰκείαις</span> <span class='ocrx_word' id='word_1_724' title='bbox 1135 4999 1326 5067; x_wconf 82' lang='grc' dir='ltr'>χερσὶν</span> <span class='ocrx_word' id='word_1_725' title='bbox 1358 4996 1572 5052; x_wconf 66' lang='grc' dir='ltr'>ἕκαστα</span> <span class='ocrx_word' id='word_1_726' title='bbox 1592 4999 1912 5056; x_wconf 77' lang='grc' dir='ltr'>διαδασανί·</span> 
     </span>
    </p>
   </div>
   <div class='ocr_carea' id='block_1_103' title="bbox 336 5085 1920 5161">
    <p class='ocr_par' dir='ltr' id='par_1_103' title="bbox 336 5085 1920 5161">
     <span class='ocr_line' id='line_1_103' title="bbox 336 5085 1920 5161; baseline 0.009 -27"><span class='ocrx_word' id='word_1_727' title='bbox 336 5098 567 5148; x_wconf 74' lang='grc' dir='ltr'>ααιτες,</span> <span class='ocrx_word' id='word_1_728' title='bbox 599 5085 999 5160; x_wconf 67' lang='grc' dir='ltr'>ἀναντίρρητον</span> <span class='ocrx_word' id='word_1_729' title='bbox 1036 5087 1283 5156; x_wconf 67' lang='grc' dir='ltr'>ἔγνωσαν</span> <span class='ocrx_word' id='word_1_730' title='bbox 1308 5090 1408 5161; x_wconf 70' lang='grc' dir='ltr'>τὴν</span> <span class='ocrx_word' id='word_1_731' title='bbox 1437 5092 1622 5146; x_wconf 79' lang='grc' dir='ltr'>πίστιν</span> <span class='ocrx_word' id='word_1_732' title='bbox 1650 5093 1745 5147; x_wconf 87' lang='grc' dir='ltr'><strong>τοῦ</strong></span> <span class='ocrx_word' id='word_1_733' title='bbox 1785 5095 1920 5148; x_wconf 76' lang='grc' dir='ltr'>θαύ-</span> 
     </span>
    </p>
   </div>
   <div class='ocr_carea' id='block_1_104' title="bbox 332 5173 1923 5256">
    <p class='ocr_par' dir='ltr' id='par_1_104' title="bbox 332 5173 1923 5256">
     <span class='ocr_line' id='line_1_104' title="bbox 332 5173 1923 5256; baseline 0.01 -33"><span class='ocrx_word' id='word_1_734' title='bbox 332 5189 540 5243; x_wconf 74' lang='grc' dir='ltr'>ματος,</span> <span class='ocrx_word' id='word_1_735' title='bbox 571 5173 732 5239; x_wconf 77' lang='grc' dir='ltr'>εὐθὺς</span> <span class='ocrx_word' id='word_1_736' title='bbox 765 5177 891 5228; x_wconf 88' lang='grc' dir='ltr'>τότε</span> <span class='ocrx_word' id='word_1_737' title='bbox 939 5178 1244 5247; x_wconf 81' lang='grc' dir='ltr'>περιεστὼς</span> <span class='ocrx_word' id='word_1_738' title='bbox 1265 5179 1411 5236; x_wconf 64' lang='grc' dir='ltr'>ἅπαν</span> <span class='ocrx_word' id='word_1_739' title='bbox 1441 5183 1536 5237; x_wconf 76' lang='grc' dir='ltr'>καὶ</span> <span class='ocrx_word' id='word_1_740' title='bbox 1585 5183 1750 5248; x_wconf 81' lang='grc' dir='ltr'>αὐτὸς</span> <span class='ocrx_word' id='word_1_741' title='bbox 1776 5187 1923 5256; x_wconf 79' lang='grc' dir='ltr'>ἁπη-</span> 
     </span>
    </p>
   </div>
   <div class='ocr_carea' id='block_1_105' title="bbox 330 5263 870 5341">
    <p class='ocr_par' dir='ltr' id='par_1_105' title="bbox 330 5263 870 5341">
     <span class='ocr_line' id='line_1_105' title="bbox 330 5263 870 5341; baseline 0.007 -23"><span class='ocrx_word' id='word_1_742' title='bbox 330 5263 520 5337; x_wconf 73' lang='grc' dir='ltr'>νεώθη</span> <span class='ocrx_word' id='word_1_743' title='bbox 551 5269 580 5319; x_wconf 82' lang='grc' dir='ltr'><strong>ὸ</strong></span> <span class='ocrx_word' id='word_1_744' title='bbox 607 5267 870 5341; x_wconf 74' lang='grc' dir='ltr'>ἔπαρχος.</span> 
     </span>
    </p>
   </div>
   <div class='ocr_carea' id='block_1_106' title="bbox 412 5529 1919 5618">
    <p class='ocr_par' dir='ltr' id='par_1_106' title="bbox 412 5529 1919 5618">
     <span class='ocr_line' id='line_1_106' title="bbox 412 5529 1919 5618; baseline 0.01 -31"><span class='ocrx_word' id='word_1_745' title='bbox 412 5529 518 5587; x_wconf 70' lang='grc' dir='ltr'>ιον.</span> <span class='ocrx_word' id='word_1_746' title='bbox 561 5532 778 5606; x_wconf 67' lang='grc' dir='ltr'>Ἰκσνῆς</span> <span class='ocrx_word' id='word_1_747' title='bbox 805 5536 864 5592; x_wconf 78' lang='grc' dir='ltr'>δὲ</span> <span class='ocrx_word' id='word_1_748' title='bbox 892 5539 1044 5613; x_wconf 82' lang='grc' dir='ltr'>ὥρας</span> <span class='ocrx_word' id='word_1_749' title='bbox 1066 5542 1468 5616; x_wconf 72' lang='grc' dir='ltr'>παρελθούσης,</span> <span class='ocrx_word' id='word_1_750' title='bbox 1523 5545 1586 5600; x_wconf 77' lang='grc' dir='ltr'><strong>τὸ</strong></span> <span class='ocrx_word' id='word_1_751' title='bbox 1633 5546 1770 5600; x_wconf 67' lang='grc' dir='ltr'>πολὺ</span> <span class='ocrx_word' id='word_1_752' title='bbox 1823 5537 1919 5618; x_wconf 75' lang='grc' dir='ltr'>τῆς</span> 
     </span>
    </p>
   </div>
   <div class='ocr_carea' id='block_1_107' title="bbox 403 5714 885 5786">
    <p class='ocr_par' dir='ltr' id='par_1_107' title="bbox 403 5714 885 5786">
     <span class='ocr_line' id='line_1_107' title="bbox 403 5714 885 5786; baseline 0.012 -16"><span class='ocrx_word' id='word_1_753' title='bbox 403 5715 432 5746; x_wconf 81' lang='grc'><strong>⁸</strong></span> <span class='ocrx_word' id='word_1_754' title='bbox 466 5714 610 5773; x_wconf 79' lang='lat' dir='ltr'><strong>Psal.</strong></span> <span class='ocrx_word' id='word_1_755' title='bbox 650 5733 798 5786; x_wconf 71' lang='grc' dir='ltr'>τινι,</span> <span class='ocrx_word' id='word_1_756' title='bbox 831 5719 885 5776; x_wconf 73' lang='lat'><strong>3.</strong></span> 
     </span>
    </p>
   </div>
   <div class='ocr_carea' id='block_1_108' title="bbox 2024 4990 3605 5060">
    <p class='ocr_par' dir='ltr' id='par_1_108' title="bbox 2024 4990 3605 5060">
     <span class='ocr_line' id='line_1_108' title="bbox 2024 4990 3605 5060; baseline -0.003 -12"><span class='ocrx_word' id='word_1_757' title='bbox 2024 4993 2293 5048; x_wconf 88' lang='lat' dir='ltr'><strong>rientiam.</strong></span> <span class='ocrx_word' id='word_1_758' title='bbox 2325 4992 2620 5060; x_wconf 84' lang='lat' dir='ltr'><strong>Postquam</strong></span> <span class='ocrx_word' id='word_1_759' title='bbox 2654 4999 2844 5044; x_wconf 86' lang='lat' dir='ltr'><strong>autem</strong></span> <span class='ocrx_word' id='word_1_760' title='bbox 2871 5004 2925 5044; x_wconf 88' lang='lat' dir='ltr'><strong>et</strong></span> <span class='ocrx_word' id='word_1_761' title='bbox 2958 4992 3051 5059; x_wconf 90' lang='lat' dir='ltr'><strong>qui</strong></span> <span class='ocrx_word' id='word_1_762' title='bbox 3089 4991 3319 5044; x_wconf 85' lang='lat' dir='ltr'><strong>aderant</strong></span> <span class='ocrx_word' id='word_1_763' title='bbox 3356 4990 3605 5053; x_wconf 78' lang='lat' dir='ltr'><strong>lictores,</strong></span> 
     </span>
    </p>
   </div>
   <div class='ocr_carea' id='block_1_109' title="bbox 2023 5081 3607 5153">
    <p class='ocr_par' dir='ltr' id='par_1_109' title="bbox 2023 5081 3607 5153">
     <span class='ocr_line' id='line_1_109' title="bbox 2023 5081 3607 5153; baseline -0.001 -14"><span class='ocrx_word' id='word_1_764' title='bbox 2023 5095 2079 5139; x_wconf 89' lang='lat' dir='ltr'><strong>ct</strong></span> <span class='ocrx_word' id='word_1_765' title='bbox 2119 5085 2300 5140; x_wconf 86' lang='lat' dir='ltr'><strong>omnis</strong></span> <span class='ocrx_word' id='word_1_766' title='bbox 2337 5084 2443 5137; x_wconf 87' lang='lat' dir='ltr'><strong>alia</strong></span> <span class='ocrx_word' id='word_1_767' title='bbox 2473 5081 2766 5136; x_wconf 65' lang='lat' dir='ltr'><strong>satellitum</strong></span> <span class='ocrx_word' id='word_1_768' title='bbox 2812 5089 3052 5148; x_wconf 88' lang='lat' dir='ltr'><strong>caterva,</strong></span> <span class='ocrx_word' id='word_1_769' title='bbox 3103 5083 3238 5151; x_wconf 89' lang='lat' dir='ltr'><strong>quin</strong></span> <span class='ocrx_word' id='word_1_770' title='bbox 3281 5083 3442 5136; x_wconf 86' lang='lat' dir='ltr'><strong>etiam</strong></span> <span class='ocrx_word' id='word_1_771' title='bbox 3491 5085 3607 5153; x_wconf 88' lang='lat' dir='ltr'><strong>ipse</strong></span> 
     </span>
    </p>
   </div>
   <div class='ocr_carea' id='block_1_110' title="bbox 2027 5175 3607 5248">
    <p class='ocr_par' dir='ltr' id='par_1_110' title="bbox 2027 5175 3607 5248">
     <span class='ocr_line' id='line_1_110' title="bbox 2027 5175 3607 5248; baseline -0.002 -16"><span class='ocrx_word' id='word_1_772' title='bbox 2027 5177 2315 5248; x_wconf 68' lang='lat' dir='ltr'><strong>praefectus</strong></span> <span class='ocrx_word' id='word_1_773' title='bbox 2365 5179 2602 5247; x_wconf 86' lang='lat' dir='ltr'><strong>propriis</strong></span> <span class='ocrx_word' id='word_1_774' title='bbox 2645 5175 2899 5230; x_wconf 82' lang='lat' dir='ltr'><strong>manibus</strong></span> <span class='ocrx_word' id='word_1_775' title='bbox 2949 5175 3160 5247; x_wconf 86' lang='lat' dir='ltr'><strong>singula</strong></span> <span class='ocrx_word' id='word_1_776' title='bbox 3205 5177 3607 5242; x_wconf 79' lang='lat' dir='ltr'><strong>examinantes,</strong></span> 
     </span>
    </p>
   </div>
   <div class='ocr_carea' id='block_1_111' title="bbox 2028 5267 3600 5339">
    <p class='ocr_par' dir='ltr' id='par_1_111' title="bbox 2028 5267 3600 5339">
     <span class='ocr_line' id='line_1_111' title="bbox 2028 5267 3600 5339; baseline -0.002 -14"><span class='ocrx_word' id='word_1_777' title='bbox 2028 5271 2120 5325; x_wconf 81' lang='lat' dir='ltr'><strong>cui</strong></span> <span class='ocrx_word' id='word_1_778' title='bbox 2154 5269 2454 5323; x_wconf 78' lang='lat' dir='ltr'><strong>contradici</strong></span> <span class='ocrx_word' id='word_1_779' title='bbox 2503 5282 2610 5322; x_wconf 93' lang='lat' dir='ltr'><strong>non</strong></span> <span class='ocrx_word' id='word_1_780' title='bbox 2665 5276 2865 5336; x_wconf 85' lang='lat' dir='ltr'><strong>potest.</strong></span> <span class='ocrx_word' id='word_1_781' title='bbox 2922 5267 3082 5321; x_wconf 86' lang='lat' dir='ltr'><strong>Iidem</strong></span> <span class='ocrx_word' id='word_1_782' title='bbox 3137 5281 3443 5339; x_wconf 84' lang='lat' dir='ltr'><strong>cognovere</strong></span> <span class='ocrx_word' id='word_1_783' title='bbox 3495 5267 3600 5322; x_wconf 85' lang='lat' dir='ltr'><strong>mi-</strong></span> 
     </span>
    </p>
   </div>
   <div class='ocr_carea' id='block_1_112' title="bbox 2027 5357 3601 5427">
    <p class='ocr_par' dir='ltr' id='par_1_112' title="bbox 2027 5357 3601 5427">
     <span class='ocr_line' id='line_1_112' title="bbox 2027 5357 3601 5427; baseline -0.002 -12"><span class='ocrx_word' id='word_1_784' title='bbox 2027 5361 2220 5426; x_wconf 86' lang='lat' dir='ltr'><strong>raculi,</strong></span> <span class='ocrx_word' id='word_1_785' title='bbox 2252 5369 2382 5414; x_wconf 89' lang='lat' dir='ltr'><strong>tunc</strong></span> <span class='ocrx_word' id='word_1_786' title='bbox 2410 5372 2599 5412; x_wconf 76' lang='lat' dir='ltr'><strong>omnes</strong></span> <span class='ocrx_word' id='word_1_787' title='bbox 2625 5357 3122 5422; x_wconf 86' lang='lat' dir='ltr'><strong>circumsistentes,</strong></span> <span class='ocrx_word' id='word_1_788' title='bbox 3148 5367 3204 5411; x_wconf 89' lang='lat' dir='ltr'><strong>et</strong></span> <span class='ocrx_word' id='word_1_789' title='bbox 3233 5359 3347 5427; x_wconf 84' lang='lat' dir='ltr'><strong>ipse</strong></span> <span class='ocrx_word' id='word_1_790' title='bbox 3381 5373 3601 5427; x_wconf 52' lang='lat' dir='ltr'><strong>quotins</strong></span> 
     </span>
    </p>
   </div>
   <div class='ocr_carea' id='block_1_113' title="bbox 2027 5451 2642 5524">
    <p class='ocr_par' dir='ltr' id='par_1_113' title="bbox 2027 5451 2642 5524">
     <span class='ocr_line' id='line_1_113' title="bbox 2027 5451 2642 5524; baseline -0.008 -17"><span class='ocrx_word' id='word_1_791' title='bbox 2027 5453 2315 5524; x_wconf 69' lang='lat' dir='ltr'><strong>praefectus</strong></span> <span class='ocrx_word' id='word_1_792' title='bbox 2340 5451 2642 5505; x_wconf 87' lang='lat' dir='ltr'><strong>obmutuit.</strong></span> 
     </span>
    </p>
   </div>
   <div class='ocr_carea' id='block_1_114' title="bbox 2105 5537 3605 5610">
    <p class='ocr_par' dir='ltr' id='par_1_114' title="bbox 2105 5537 3605 5610">
     <span class='ocr_line' id='line_1_114' title="bbox 2105 5537 3605 5610; baseline -0.005 -11"><span class='ocrx_word' id='word_1_793' title='bbox 2105 5543 2244 5600; x_wconf 70' lang='lat' dir='ltr'><strong>XIX.</strong></span> <span class='ocrx_word' id='word_1_794' title='bbox 2278 5544 2414 5598; x_wconf 77' lang='lat' dir='ltr'><strong>Cum</strong></span> <span class='ocrx_word' id='word_1_795' title='bbox 2451 5556 2632 5596; x_wconf 85' lang='lat' dir='ltr'><strong>autem</strong></span> <span class='ocrx_word' id='word_1_796' title='bbox 2667 5539 2999 5610; x_wconf 88' lang='lat' dir='ltr'><strong>permultum</strong></span> <span class='ocrx_word' id='word_1_797' title='bbox 3045 5537 3348 5593; x_wconf 84' lang='lat' dir='ltr'><strong>transiisset</strong></span> <span class='ocrx_word' id='word_1_798' title='bbox 3391 5544 3605 5608; x_wconf 84' lang='lat' dir='ltr'><strong>tempe-</strong></span> 
     </span>
    </p>
   </div>
  </div>
