4080 6374
338 285 449 348 393

1229 280 1699 344 MARTYRIUM
1739 279 1804 339 S.
1844 276 2077 339 MENE
2115 276 2210 337 ET
2248 274 2664 340 SOCIORUM.

3500 272 3605 340 334

344 392 634 466 ραδείκτου
688 409 746 447 τε
777 393 918 465 πρὸς
968 393 1253 466 ἀλήθειαν,
1285 394 1551 465 ’μάλιστα
1602 393 1660 446 δὲ
1711 390 1804 445 καὶ
1825 390 1924 460 τῆς

2042 389 2363 443 mimanret
2412 390 2603 460 gratiae
2654 401 2945 458 capacem,
3000 378 3233 444 maxime
3292 401 3425 444 vero
3482 406 3606 445 eum

342 488 592 557 χάριτος,
619 483 731 538 τῶν
752 484 1050 555 ὀφθαλμῶν
1086 486 1255 541 αὐτοῦ
1280 487 1382 558 τῆς
1415 485 1598 557 ψυχῆς
1635 483 1927 554 ἀψαμένης

336 578 554 651 ἤρξατο
572 580 818 633 συνιέναι
870 578 1031 634 τοῦτο
1061 580 1164 651 μὲν
1206 582 1272 635 ἐκ
1317 580 1428 635 τῶν
1457 580 1654 649 λόγων,
1681 578 1841 633 τοῦτο
1868 576 1926 629 δὲ

342 669 444 723 καὶ
469 668 566 723 τοῦ
628 667 909 739 θαύματος
939 668 1035 723 τὸν
1076 669 1254 741 ἀληθῆ
1275 670 1411 724 Θιόν
1435 686 1452 703 ·
1484 672 1580 723 καὶ
1605 668 1782 738 αὐγὰς
1829 669 1929 738 τῆς

342 761 632 824 εὐσεϐείας
654 761 837 832 ἠρέμα
870 761 983 826 πῶς
1013 761 1397 833 ὑποδέχεσθαι.
1429 760 1734 832 Συμϐαλὼν
1759 762 1816 815 δὲ
1835 762 1930 815 καὶ

342 854 417 924 ἢν
443 854 710 924 πρότερον
776 854 921 907 κατὰ
950 853 1044 906 τὸν
1073 855 1356 908 ἀπόπλουν
1385 854 1653 910 ἐθεάσατο
1682 855 1806 924 ὄψιν
1834 854 1929 907 καὶ

346 947 498 1009 ὅπως
526 949 557 999 ό
591 948 785 1016 φανεὶς
836 946 991 1014 Θεὸς,
1050 944 1298 1017 βούλεται
1349 947 1540 1002 τοῦτον
1574 947 1931 1018 συναρίθμιον

346 1035 490 1093 εἶναι
518 1042 633 1103 τοῖς
663 1039 972 1109 ὑπηρέταις
991 1039 1160 1093 αὐτοῦ
1202 1039 1300 1093 καὶ
1346 1042 1461 1103 τοῖς
1513 1039 1712 1109 φίλοις,
1744 1038 1929 1109 ἔχαιρε

353 1136 474 1205 μὲν,
505 1134 583 1198 ὡς
616 1134 709 1189 ἰπὶ
741 1135 968 1206 μεγάλῳ
999 1134 1077 1205 τῷ
1105 1134 1418 1205 πράγματι,
1446 1134 1699 1207 διηπόρει
1728 1133 1786 1187 δὲ
1813 1131 1932 1195 πῶς

348 1229 422 1281 ἂν
447 1230 475 1281 ὁ
501 1227 597 1279 ἐπὶ
647 1227 904 1281 τοσοῦτον
974 1227 1169 1298 χρόνον
1197 1229 1264 1299 τῇ
1298 1226 1480 1298 πλάνῃ
1541 1223 1933 1296 προστετηκὼς

266 1348 288 1371 ο
348 1318 551 1389 ἀθρόον
611 1319 870 1390 ἀξιωθείη
923 1322 1154 1390 τοιούτῳ
1227 1321 1723 1392 προσοικειωθῆναι
1788 1317 1931 1390 Θεῷ.

362 1409 454 1476 Ὠς
494 1408 592 1467 οὖν
643 1412 787 1466 οὕτω
835 1412 1010 1466 ταῦτα
1067 1413 1162 1466 καὶ
1197 1414 1321 1468 καθ’
1364 1413 1560 1467 ἑαυτὸν
1582 1414 1867 1484 ἔστρεφεν,
1901 1414 1933 1484 ἡ

350 1504 474 1558 θεία
496 1507 657 1576 χάρις
684 1504 766 1558 ἔτι
795 1505 997 1575 μᾶλλον
1051 1505 1217 1559 αὐτὸν
1247 1504 1628 1577 ἐκκαλουμένη
1660 1505 1799 1575 πρὸς
1836 1505 1936 1577 τὴν

350 1600 676 1668 ἐπίγνωσιν,
707 1600 1068 1673 λαμπρότερα
1095 1601 1344 1672 σύμϐολα
1368 1603 1644 1672 προτείνει
1673 1603 1773 1673 τῆς
1806 1603 1935 1673 ἀλη-

346 1689 523 1753 θείας.
566 1691 678 1744 Καὶ
703 1692 807 1763 ὁρᾷ
836 1694 1042 1755 ἐκεῖνος
1086 1694 1185 1747 σὺν
1212 1692 1419 1762 ὀλίγοις
1446 1694 1593 1746 τισὶν
1614 1692 1815 1763 ἄνδρας
1841 1694 1933 1746 δύο

346 1781 715 1852 περιστάντας
740 1781 831 1836 τὸν
862 1783 1042 1851 ἅγιον,
1092 1783 1347 1854 ἀστραπῇ
1368 1782 1466 1854 τὴν
1501 1782 1716 1853 μορφὴν
1755 1783 1931 1837 ἐοικό-

347 1888 473 1937 τας,
536 1872 823 1942 πτέρυγάς
873 1888 934 1927 τε
967 1875 1407 1946 περικειμένους,
1466 1875 1561 1928 καὶ
1588 1874 1788 1945 πολλὴν
1817 1876 1933 1938 τοῖς

348 1965 522 2034 ὁρῶσι
546 1967 650 2036 τὴν
673 1968 1015 2039 κατάπληξιν
1032 1967 1419 2038 ἐμποιοῦντας,
1442 1968 1535 2022 καὶ
1561 1967 1930 2039 ὁπλοφοροῦν-

348 2075 449 2121 ea;
476 2059 602 2129 μὲν,
642 2059 740 2129 γὼς
770 2061 908 2131 πρὸς
929 2063 1167 2132 ἄμυναν,
1191 2063 1441 2133 στεφάνῳ
1484 2062 1542 2115 δὲ
1569 2062 1670 2133 τὴν
1693 2062 1934 2134 κεφαλὴν

350 2151 520 2203 αὐτοῦ
542 2152 908 2218 ταινιοῦντας.
956 2154 1111 2207 Ἐπεὶ
1134 2154 1233 2210 οῦν
1257 2154 1354 2208 καὶ
1384 2154 1597 2226 ἑτέροις
1629 2153 1692 2208 τὸ
1740 2153 1934 2210 θεαθὲν

349 2242 703 2311 ξκοινώσατο,
738 2246 835 2298 καὶ
870 2246 1068 2310 αὐτοὺς
1096 2247 1319 2318 εὕρισκε
1354 2248 1454 2319 τὴν
1499 2249 1623 2318 ἴσην
1654 2246 1778 2319 δψιν
1808 2248 1936 2301 θεα-

354 2339 652 2407 σαμένους,
715 2338 870 2393 οὐδὲν
926 2341 1068 2411 ἔχων
1124 2340 1499 2407 ὲπιδοιάζειν,
1554 2341 1685 2409 ἔστη
1740 2341 1936 2412 ἀθρόον

351 2431 716 2501 ἀναπηδήσας
737 2430 831 2485 τοῦ
864 2431 1080 2501 θρόνου,
1143 2434 1239 2487 καὶ
1267 2434 1404 2503 πρὸς
1430 2434 1492 2487 τὸ
1525 2432 1732 2503 πλῆθος
1776 2433 1935 2504 ἐϐόη-

356 2540 470 2590 σεν,
505 2524 721 2589 Ὄντως
768 2523 1026 2597 ἀληθινοῦ
1117 2526 1253 2580 Θεοῦ
1305 2526 1588 2598 ὑπηρέτης
1644 2523 1822 2592 οὗτος,
1867 2530 1935 2598 τῇ

353 2619 498 2688 χειρὶ
542 2617 728 2684 δείξας
772 2618 867 2673 τὸν
935 2619 1091 2687 ἅγιον
1123 2634 1141 2652 ·
1191 2620 1293 2675 καὶ
1316 2619 1492 2689 μέγας
1552 2620 1635 2683 τίς
1684 2620 1834 2673 ἐστιν
1869 2619 1931 2684 ὃς

356 2712 504 2780 ἡμᾶς
533 2711 719 2765 σέϐειν
746 2711 1225 2768 ὲκδιδάσκειΘεόν.
1267 2712 1413 2783 Ἐγὼ
1443 2714 1553 2784 γάρ
1583 2713 1778 2767 τοῦτον
1808 2716 1937 2784 όμο-

357 2801 502 2871 λογῶ
562 2804 699 2858 Θεὺν
754 2804 954 2876 ἀληθῆ,
1005 2805 1099 2860 τὸν
1146 2805 1291 2861 οὕτω
1322 2805 1421 2877 μὲν
1454 2805 1780 2876 παραδόξως
1810 2804 1939 2867 τοὺς

362 2894 524 2957 ἰδίους
558 2895 870 2964 ἀγωνιστὰς
930 2896 1370 2962 ἀναπλάττοντα,
1428 2893 1725 2964 οὐρανόθεν
1752 2893 1828 2960 δὲ,
1863 2893 1939 2957 ὡς

358 2987 548 3055 δρᾶτε,
579 2988 682 3051 τὰς
718 2990 878 3051 νίκας
922 2987 1279 3060 βραϐεύοντα,
1313 2988 1407 3041 καὶ
1455 2988 1617 3059 νοερᾷ
1650 2986 1940 3057 συμμαχίᾳ

2028 481 2194 537 etiam
2250 482 2424 551 gratia
2472 482 2595 552 ejus
2642 482 2839 536 animae
2862 482 3053 538 oculos
3099 481 3387 555 attigisset,
3440 484 3610 554 coepit

2029 572 2379 644 intelligere,
2456 583 2513 629 et
2586 574 2783 645 partim
2884 574 3110 645 quidem
3219 591 3286 631 ex
3370 577 3606 643 verbis,

2031 665 2227 734 partim
2259 675 2442 721 autem
2486 667 2650 722 etiam
2706 683 2772 724 ex
2837 667 3128 735 miraculo,
3188 684 3380 724 verum
3435 669 3611 724 Deum

2030 764 2087 808 et
2118 755 2468 825 splendorem
2523 757 2743 826 pietatis
2774 758 3037 828 paulatim
3104 758 3417 814 admittere.
3466 756 3613 813 Con-

2025 846 2238 917 jeetans
2292 863 2423 903 vero
2488 863 2608 904 eam
2659 864 2879 920 quoque
2930 864 3093 920 quam
3152 850 3305 920 prius
3351 850 3406 905 in
3457 850 3613 906 navi-

2014 938 2212 1008 gando
2240 950 2526 1010 aspexerat
2553 941 2842 1006 visionem,
2871 951 2927 998 et
2950 943 3414 1012 quemadmodum
3443 946 3608 1009 Deus.

2032 1030 2129 1098 qui
2168 1038 2517 1099 apparuerat,
2551 1033 2668 1086 vult
2693 1046 2819 1086 eum
2868 1030 3257 1086 connumerari
3310 1048 3435 1087 eum
3496 1036 3613 1089 suis

2033 1120 2309 1176 ministris
2335 1130 2391 1176 et
2420 1122 2636 1184 amicis,
2664 1121 2952 1177 laetabatur
2984 1122 3207 1192 quidem
3243 1132 3502 1193 tanquam
3543 1124 3614 1180 de

2038 1227 2100 1267 re
2132 1228 2368 1284 magna:
2407 1214 2699 1269 dubitabat
2744 1224 2960 1282 autem,
3011 1215 3473 1285 quemadmodum
3518 1220 3614 1287 qui

2036 1313 2190 1359 tanto
2229 1315 2478 1375 tempore
2521 1306 2699 1360 errori
2754 1306 3095 1372 adhaeserat,
3145 1317 3372 1378 repente
3415 1308 3616 1379 dignus

2032 1397 2201 1452 fuerit
2235 1398 2474 1464 habitus,
2510 1398 2603 1469 qui
2632 1400 2720 1453 tali
2757 1400 2867 1454 Deo
2909 1400 3063 1454 ﬁeret
3108 1399 3416 1455 familiaris.
3473 1402 3615 1456 Cum

2032 1504 2166 1560 ergo
2201 1489 2317 1546 haec
2346 1492 2491 1561 apud
2525 1506 2584 1546 se
2615 1502 2883 1559 versaret,
2917 1492 3102 1546 divina
3133 1494 3308 1563 gratia
3353 1509 3479 1548 eum
3519 1494 3618 1548 ad-

2036 1581 2147 1636 huc
2175 1583 2346 1653 magis
2394 1598 2598 1638 vocans
2653 1584 2719 1637 ad
2779 1584 3155 1655 agnitionem,
3203 1586 3253 1639 ei
3312 1585 3617 1642 illustriora

2040 1672 2251 1742 praebet
2280 1673 2434 1744 signa
2492 1675 2744 1729 veritatis
2771 1693 2784 1730 :
2812 1686 2869 1731 et
2901 1676 3052 1730 videt
3080 1677 3168 1732 ille
3200 1693 3324 1732 eum
3382 1680 3615 1750 quibus-

2036 1765 2161 1820 dam
2207 1768 2417 1835 paucis,
2459 1768 2600 1823 duos
2636 1769 2783 1824 viros
2822 1778 3075 1825 sanctum
3120 1773 3615 1838 circumsistentes.

2035 1856 2235 1926 fulguri
2268 1860 2443 1913 forma
2483 1860 2710 1925 similes,
2765 1862 3051 1931 alatosque
3094 1871 3149 1917 et
3204 1862 3272 1918 iis
3327 1864 3422 1933 qui
3463 1866 3616 1922 vide-

2034 1950 2191 2016 bant,
2217 1967 2472 2022 magnum
2499 1953 2793 2010 afferentes
2821 1965 3117 2022 terrorem,
3172 1966 3233 2011 ut
3278 1959 3372 2028 qui
3426 1973 3616 2015 essent

2036 2043 2212 2110 parati
2247 2044 2313 2097 ad
2344 2059 2471 2099 eum
2504 2043 2914 2100 defendendum
2946 2063 2960 2101 :
2992 2058 3159 2119 caput
3190 2058 3374 2104 autem
3411 2066 3616 2106 corona

2038 2134 2393 2191 redimibant.
2423 2137 2719 2207 Postquam
2750 2154 2883 2194 vero
2911 2139 3033 2194 aliis
3061 2156 3280 2211 quoque
3308 2145 3619 2198 communi-

2038 2229 2183 2283 cavit
2210 2228 2286 2296 id,
2320 2230 2466 2299 quod
2497 2232 2780 2298 cernebat,
2824 2242 2879 2287 et
2936 2233 3149 2287 invenit
3195 2250 3292 2290 eos
3335 2238 3614 2300 eamdem,

2038 2336 2199 2390 quam
2230 2321 2346 2391 ipse
2374 2334 2682 2392 aSpexeraI,
2711 2324 2913 2381 vidisse
2954 2314 3245 2384 visionem.
3289 2330 3432 2385 Cum
3476 2331 3615 2387 nihil

2037 2422 2183 2468 esset
2208 2413 2354 2483 quod
2385 2415 2688 2480 dubitaret,
2725 2417 2974 2472 constitit
2995 2429 3243 2490 repente,
3277 2434 3404 2475 cum
3427 2438 3457 2478 e
3489 2423 3619 2480 sedo

2039 2505 2356 2571 exsiliisset,
2390 2516 2446 2562 et
2479 2508 2738 2563 clamavit
2758 2508 2825 2564 ad
2853 2510 3121 2580 populum
3149 2528 3163 2565 :
3192 2512 3290 2567 Est
3315 2512 3407 2570 hic
3430 2529 3621 2570 revera

2040 2600 2154 2655 veri
2190 2599 2287 2655 Dei
2336 2600 2575 2657 famulus
2615 2600 2802 2672 (manu
2843 2612 3095 2658 sanctum
3146 2605 3509 2676 ostendens):
3563 2618 3623 2661 et

2041 2708 2270 2762 magnus
2294 2701 2378 2748 est
2402 2693 2469 2757 is,
2501 2708 2664 2763 quem
2686 2708 2787 2748 nos
2807 2694 2966 2749 docet
2986 2696 3165 2751 colere
3194 2696 3367 2752 Deum
3401 2713 3616 2755 verum:

2041 2788 2132 2856 qui
2211 2786 2348 2841 adeo
2420 2787 2643 2857 quidem
2716 2787 3115 2845 admirabiliter
3157 2801 3213 2846 et
3254 2800 3447 2847 contra
3497 2792 3624 2871 opi-

2042 2880 2261 2934 nionem
2292 2879 2542 2949 proprios
2565 2879 2821 2951 refringit
2851 2878 3095 2947 athletas,
3128 2900 3140 2937 :
3179 2898 3210 2938 e
3236 2886 3389 2939 cmlis
3433 2896 3615 2941 autem

2041 2971 2144 3036 eis,
2178 2980 2235 3024 ut
2264 2970 2483 3034 videtis,
2523 2969 2716 3026 tribuit
2761 2971 3039 3026 victorias.
3093 2972 3162 3028 Et
3214 2970 3615 3046 intelligentem

359 3052 576 3145 τούτοις
659 3052 971 3153 ἀμύνοντα..
1021 3052 1349 3136 Ἐλάνθανον
1406 3081 1462 3135 δὲ
1679 3052 1938 3150 πονηροῖς

2042 3062 2124 3117 eis
2172 3077 2332 3131 Opem
2380 3061 2584 3125 ferens,
2632 3076 2731 3118 eos
2797 3062 3065 3119 defendit.
3115 3063 3439 3134 Imprudens
3492 3052 3621 3122 vero

360 3172 581 3242 δαίμοσι
608 3173 983 3243 προσκνέκων,
1012 3174 1111 3227 καὶ
1141 3173 1288 3244 ὑμᾶς
1312 3172 1625 3228 ἀναπείθων
1678 3168 1942 3242 βουλομέ-

364 3282 488 3329 νους
520 3265 601 3336 τῷ
637 3266 865 3337 Χριστῷ
885 3266 1071 3329 καλῶς
1093 3265 1403 3322 πείθεσθαι.

430 3443 565 3499 KA'.
630 3442 817 3499 Ταῦτα
866 3443 1065 3512 λέγων,
1131 3440 1351 3511 ἕτοιμος
1390 3441 1501 3511 μὲν
1537 3436 1606 3512 ἦν
1635 3440 1816 3512 όρμᾷν
1846 3440 1939 3494 καὶ

362 3538 472 3591 τῶν
507 3534 607 3590 τοῦ
661 3536 943 3607 μάρτυρος
990 3533 1169 3588 ποδῶν
1218 3532 1491 3587 ἅπτεσθαι
1524 3547 1540 3563 ·
1607 3530 1860 3603 ἐπείχετο
1886 3529 1943 3583 δὲ

364 3631 455 3683 ἐπὶ
520 3628 658 3682 πολὺ
725 3631 794 3699 τῇ
851 3626 1191 3697 καταπλήξει
1241 3625 1354 3679 τῶν
1406 3622 1656 3693 ἀγγέλων
1703 3623 1799 3675 καὶ
1857 3620 1936 3692 τῷ

365 3723 626 3792 θεάματι.
672 3721 952 3792 Δίφνίδιον
977 3716 1073 3775 οῦν
1133 3719 1362 3790 ἀφανεῖς
1389 3716 1491 3790 μὲν
1518 3716 1569 3770 οἱ
1598 3714 1818 3784 ἄγγελοι
1845 3729 1861 3745 ο
1915 3716 1943 3768 ὁ

363 3811 440 3877 δὲ,
468 3811 864 3882 προσδραμὼν,
892 3813 990 3865 καὶ
1044 3810 1153 3865 τῶν
1182 3810 1276 3863 τοῦ
1300 3810 1460 3878 ἀγίου
1496 3807 1674 3862 ποδῶν
1699 3802 1942 3877 λαϐόμε-

365 3922 474 3971 νος,
500 3905 673 3972 ῑφίλει
706 3922 767 3958 τε
796 3904 991 3974 ἡδέως,
1013 3903 1132 3971 καὶ,
1164 3902 1355 3970 Εῦξαι,
1388 3902 1529 3973 πρὸς
1548 3899 1712 3954 αὐτὸν
1733 3896 1941 3969 ἔλεγεν,

364 3998 627 4071 ἀληθινοῦ
673 3997 812 4050 Θεοῦ
865 3996 1136 4067 ὑπηρέτα,
1196 3996 1295 4049 καὶ
1346 3995 1488 4066 πρὸς
1537 3995 1638 4066 τῆς
1679 3994 1944 4067 ἀληθείας

366 4094 561 4163 αὐτῆς,
594 4091 666 4161 ἢν
697 4088 1012 4161 κηρύττεις,
1039 4085 1192 4156 εὖξαι
1212 4086 1400 4141 δοῦλον
1429 4087 1575 4156 κάμὲ
1601 4087 1695 4141 τὸν
1725 4087 1945 4153 ἀνάξιον

366 4186 456 4240 καὶ
485 4182 778 4237 δουλεῦσαι
827 4181 907 4251 τῷ
956 4180 1033 4252 σῷ
1076 4179 1217 4251 Θεῷ.
1264 4179 1381 4233 Νῦν
1436 4178 1688 4250 ᾐσθόμην
1724 4179 1788 4232 ιιι
1835 4180 1945 4235 τῶν

368 4279 499 4349 περὶ
564 4275 628 4330 σὲ
656 4275 971 4345 θεαμάτων,
1003 4273 1139 4336 οἵοις
1166 4270 1406 4343 χρῶνται
1449 4273 1565 4334 τοῖς
1625 4270 1947 4341 δορυφόροις

366 4372 413 4423 οἱ
441 4369 686 4440 γνησίως
714 4367 940 4439 Χριστῷ
972 4367 1425 4437 προσερχόμενον
1460 4364 1557 4419 καὶ
1580 4362 1706 4418 ὅθεν
1733 4363 1940 4430 αὐτοῖς,

2044 3169 2194 3209 eram
2245 3155 2403 3210 malis
2456 3154 2676 3210 deditus
2714 3155 3079 3222 daemonibus,
3128 3167 3184 3214 et
3239 3158 3488 3215 volebam
3532 3152 3621 3215 id.-

2046 3246 2225 3316 ipsum
2259 3246 2417 3302 vobis
2463 3246 2818 3318 persuadere,
2862 3249 2957 3321 qui
3001 3258 3150 3307 recte
3199 3250 3420 3308 Christo
3476 3255 3624 3309 \olc-

2048 3337 2194 3393 batis
2224 3354 2444 3408 parere.
3594 3402 3599 3405 ,

2116 3428 2260 3485 XXI.
2292 3431 2418 3487 Haec
2451 3430 2659 3501 dicens,
2697 3442 2920 3504 paratus
2952 3432 3183 3506 quidem,
3205 3448 3321 3492 erat
3369 3453 3618 3506 currere.

2045 3529 2101 3577 et
2131 3538 2388 3593 prensare
2442 3526 2612 3595 pedes
2648 3526 2943 3597 martyris:
2982 3527 3076 3583 diu
3111 3540 3297 3585 autem
3328 3526 3452 3586 eius
3488 3535 3626 3607 reti-

2047 3615 2169 3669 nuit
2220 3623 2398 3671 terror
2431 3626 2486 3671 et
2528 3618 2904 3688 spectaculum
2942 3620 3282 3690 angelorum.
3330 3622 3508 3695 Atque
3534 3642 3625 3681 rc-

2045 3718 2209 3779 pente
2240 3708 2460 3778 quidem
2492 3719 2836 3765 evanuerunt
2865 3712 3067 3782 angeli.
3108 3712 3205 3768 Ille
3254 3729 3387 3769 vero
3431 3732 3626 3770 accur-

2046 3815 2195 3866 rens,
2227 3809 2283 3855 et
2306 3802 2478 3857 sancti
2512 3802 2682 3872 pedes
2710 3803 3148 3873 apprehendens,
3202 3808 3447 3863 suaviter
3487 3789 3623 3865 deo.-

2047 3894 2365 3949 seulabatur
2398 3905 2452 3950 cl.
2476 3896 2527 3949 ei
2568 3895 2819 3951 dicebat:
2852 3896 2980 3963 Ora,
3013 3913 3144 3953 vere
3182 3899 3275 3954 Dei
3302 3915 3482 3968 serve,
3504 3917 3624 3968 ora,

2049 3998 2253 4052 quaeso,
2281 3998 2378 4053 per
2418 3982 2613 4053 ipsam,
2641 4000 2803 4056 quam
2839 3986 3125 4056 praedicas,
3158 3988 3483 4044 veritatem:
3506 4007 3624 4059 ora,

2049 4074 2110 4130 ιιι
2147 4090 2248 4145 ego
2276 4091 2497 4146 quoque
2528 4075 2782 4147 indignus
2836 4076 2961 4132 fiam
2994 4093 3210 4143 servus.
3260 4090 3318 4136 et
3366 4083 3478 4155 Deo
3507 4069 3513 4075 ’
3527 4093 3627 4146 tuo

2046 4165 2299 4219 serviam.
2328 4164 2486 4222 Nunc
2516 4167 2665 4222 sensi
2710 4183 2775 4223 ex
2806 4168 2896 4236 iis,
2954 4184 3078 4240 quae
3117 4170 3174 4224 in
3206 4179 3259 4226 te
3286 4170 3433 4229 facta
3468 4184 3624 4242 sunt,

2047 4257 2362 4328 spetaculis,
2416 4259 2746 4328 quibusnam
2826 4269 3052 4316 utantur
3106 4262 3472 4331 satellitibus,
3529 4269 3625 4336 qui

2049 4365 2307 4420 germane
2331 4350 2400 4405 ad
2429 4349 2708 4406 Christum
2742 4352 3033 4419 accedunt,
3063 4365 3119 4409 et
3152 4355 3426 4411 undenam
3463 4358 3629 4413 eiset

366 4426 466 4516 Ital:
507 4426 621 4515 0%!“
838 4426 1109 4530 καμάτων
1143 4426 1482 4529 αἶάμοιϐαὶ,
1542 4457 1638 4512 καὶ
1667 4455 1743 4520 ὡς
1772 4426 1938 4522 ξένοις

2051 4442 2242 4512 quales
2275 4443 2387 4498 sint
2412 4442 2667 4498 laborum
2701 4446 3199 4512 remunerationes,
3229 4457 3283 4502 et
3327 4448 3475 4519 quod
3499 4460 3631 4504 sunt

365 4555 479 4609 τισὶ
524 4554 623 4608 καὶ
649 4551 905 4625 φοϐεροῖς
932 4551 1243 4622 ὑπηρέταις
1270 4550 1728 4620 δορυφοροῦνται.
1758 4549 1947 4603 Καθά-

368 4660 472 4715 περ
506 4644 604 4696 καὶ
652 4644 739 4707 σὺ,
771 4641 821 4695 οἳ
862 4642 964 4696 καὶ
996 4641 1073 4704 ὡς
1093 4642 1312 4709 ἐναγεῖς
1356 4640 1505 4710 ἡμᾶς
1542 4638 1640 4692 καὶ
1682 4638 1945 4709 βεϐήλους

372 4737 534 4805 μέχρι
585 4735 731 4795 τινὸς
748 4732 1066 4787 ἀπωθοῦντα
1100 4734 1165 4805 τῇ
1186 4730 1308 4802 ὕψει
1334 4733 1431 4785 καὶ
1459 4729 1823 4801 ἀπετείχιζον,
1848 4728 1946 4799 ὀψὲ

370 4829 544 4901 δήπου
581 4824 1186 4897 φιλανθρωπευθέντες,
1230 4824 1639 4895 παρεχώρησαν
1669 4824 1804 4894 ἡμῖν
1845 4825 1948 4893 τῆς

372 4918 685 4988 ἁγιωσύνης
711 4920 807 4973 καὶ⁵
852 4917 1246 4988 καθαρότητος.
1303 4916 1418 4970 Καὶ
1460 4914 1699 4979 δέδοικα,
1746 4915 1948 4985 μήπως

371 5009 660 5080 ἀπώσηται
722 5025 790 5080 με
841 5009 1211 5079 προσελθόντα
1252 5007 1511 5078 Χριστὸς,
1540 5005 1818 5073 ἀξιοῦντα,
1853 5005 1949 5058 καὶ

377 5105 516 5174 μέγα
548 5101 715 5156 τοῦτο
762 5101 858 5156 καὶ
885 5103 1026 5172 ὑπὲρ
1051 5101 1211 5172 ἡμῶν
1245 5100 1569 5171 ἡγούμενον,
1621 5099 1734 5161 τοῖς
1785 5097 1949 5167 ἰσχά-

374 5213 488 5260 τοις
515 5197 632 5250 τῶν
685 5195 891 5249 δούλων
951 5194 1117 5248 αὐτοῦ
1179 5190 1600 5247 συντάττεσθαι.
1639 5188 1786 5259 Πλὴν
1812 5187 1948 5242 ἀλλὰ

376 5292 469 5345 καὶ
516 5290 695 5353 οὕτως
756 5288 1040 5360 ἀγαπητὸν
1066 5289 1308 5358 ἥγημαι,
1335 5282 1583 5339 τοιούτου
1614 5300 1683 5353 με
1716 5281 1950 5351 τυχόντα

373 5382 529 5448 Θεοῦ,
593 5383 689 5435 καὶ
729 5381 886 5444 δίκας
951 5379 1352 5452 εἰσπραχθῆναι
1409 5378 1510 5449 τῆς
1570 5370 1950 5446 προλαϐούσης

375 5474 439 5525 π)
449 5476 584 5543 άνης
616 5473 714 5525 καὶ
738 5470 1063 5542 παρανοίας.

447 5567 571 5622 KB’.
600 5565 713 5621 Kal.
742 5567 771 5619 ό
796 5564 975 5634 ἂγιος,
1002 5565 1228 5637 Θάρσει,
1280 5564 1408 5635 ἔφη,
1467 5559 1824 5634 λαμπρότατε
1853 5556 1950 5611 ἔπι

376 5672 532 5728 αρχε,
579 5658 676 5712 καὶ
733 5658 902 5729 μηδὲν
965 5661 1094 5726 περὶ
1125 5657 1225 5728 τὴν
1267 5656 1362 5712 τοῦ
1408 5655 1547 5710 Θεοῦ
1601 5652 1950 5719 ἀνεξικακίαν

377 5749 713 5823 ἑπιδοιάσῃς.
757 5748 901 5818 Ἐγὼ
945 5751 1052 5820 γὰρ
1083 5751 1171 5802 ἐπ’
1220 5748 1462 5819 ἐμαυτοῦ
1514 5745 1794 5819 its-9103‘;
1852 5742 1947 5797 τεῦ

702 5845 977 5907 Ρλτιιοι.
1012 5844 1127 5907 Gn.
1163 5844 1380 5908 CXVI.

1102 6100 1121 6137 λ

2053 4525 2383 4603 quibusdam
2428 4534 2623 4589 alienis
2664 4544 2720 4591 et
2767 4535 3110 4592 terribilibus
3144 4538 3328 4609 stipati
3372 4540 3631 4596 satelliti-

2053 4623 2182 4689 bus,
2214 4633 2276 4679 ut
2310 4639 2364 4678 tu
2396 4641 2638 4696 quoque.
2669 4626 2774 4693 Qui
2800 4642 2900 4683 nos
2943 4626 3111 4684 etiam
3163 4637 3421 4701 tanquam
3455 4633 3630 4688 scele-

2055 4725 2202 4770 ratos
2240 4724 2296 4771 et
2345 4720 2632 4787 profanos,
2664 4718 2783 4773 visu
2813 4720 3135 4790 aliquandiu
3188 4723 3535 4792 repellebant
3576 4733 3631 4791 et

2054 4808 2403 4863 amovebaut.
2436 4807 2678 4864 Tandem
2705 4820 2889 4864 autem
2919 4811 3001 4866 usi
3025 4812 3384 4875 humanitate,
3415 4824 3507 4867 tua
3530 4807 3633 4869 no-~

2056 4900 2145 4954 bis
2175 4908 2462 4955 cesserunt
2493 4901 2788 4956 sanctitate
2816 4910 2870 4957 et
2904 4903 3181 4973 puritate:
3215 4913 3269 4958 et
3302 4919 3522 4973 vereor,
3563 4921 3633 4961 ne

2056 5007 2142 5046 me
2182 4992 2535 5049 accedentem
2577 4992 2833 5049 Christus
2881 4995 3167 5064 repulerit,
3224 5006 3530 5064 rogantem,
3576 5008 3635 5051 et

2055 5083 2160 5138 hoc
2187 5098 2465 5154 maguum,
2496 5092 2553 5140 et
2580 5084 2728 5155 quod
2757 5093 2944 5140 nostra
2977 5085 3171 5141 merita
3232 5096 3480 5156 superat,
3530 5104 3632 5160 po-

2056 5178 2379 5243 stulantem,
2403 5185 2463 5233 ut
2484 5177 2696 5234 referar
2723 5180 2778 5233 in
2807 5194 3099 5234 numerum
3129 5178 3472 5233 inﬁrmorum
3498 5195 3632 5237 suo-

2059 5287 2181 5325 rum
2211 5272 2565 5329 famulorum.
2589 5272 3077 5329 Verumenimvero
3110 5273 3191 5329 sic
3242 5288 3461 5355 quoque
3490 5290 3631 5346 prae-

2058 5364 2205 5420 clare
2243 5381 2458 5421 mecum
2494 5367 2577 5436 agi
2606 5366 2881 5427 existimo,
2915 5365 2961 5420 si
2994 5364 3179 5419 talem
3209 5365 3383 5420 Deum
3404 5380 3633 5421 assecu-

2063 5465 2172 5521 tus,
2202 5457 2347 5511 luam
2381 5471 2573 5526 poenas
2601 5457 2817 5529 pristini
2855 5455 3061 5511 erroris
3093 5464 3148 5510 et
3178 5458 3451 5514 amentia}.
3595 5464 3602 5471 ’

2130 5547 2311 5604 XX".
2352 5548 2586 5603 Sanctus
2614 5555 2798 5602 autem
2827 5565 2840 5602 :
2876 5547 3028 5601 Bono
3058 5546 3244 5602 animo
3271 5549 3633 5620 esto,inquit,

2060 5643 2368 5701 clarissime
2397 5640 2671 5712 praefecte,
2718 5655 2897 5717 neque
2942 5636 3343 5711 quidquam’de
3392 5632 3637 5696 clemen-L

2062 5738 2133 5792 tia
2187 5735 2284 5791 Dei
2313 5734 2674 5793 dubitaveris.
2702 5733 2817 5806 Ego
2843 5734 2990 5790 enim
3025 5734 3120 5802 qui
3166 5750 3234 5789 ex
3276 5734 3485 5807 meipso
3537 5732 3636 5797 Dei
