  <div class='ocr_page' id='page_1' title='image "/cluster/home/n/w/nwhite01/storage/ocr_20150623/116/hvd.32044073502221/203.png"; bbox 0 0 4094 6384; ppageno 0'>
   <div class='ocr_carea' id='block_1_1' title="bbox 452 250 562 316">
    <p class='ocr_par' dir='ltr' id='par_1_1' title="bbox 452 250 562 316">
     <span class='ocr_line' id='line_1_1' title="bbox 452 250 562 316; baseline 0 0"><span class='ocrx_word' id='word_1_1' title='bbox 452 250 562 316; x_wconf 67' lang='lat'><strong>3915</strong></span> 
     </span>
    </p>
   </div>
   <div class='ocr_carea' id='block_1_2' title="bbox 1671 231 2439 300">
    <p class='ocr_par' dir='ltr' id='par_1_2' title="bbox 1671 231 2439 300">
     <span class='ocr_line' id='line_1_2' title="bbox 1671 231 2439 300; baseline 0 0"><span class='ocrx_word' id='word_1_2' title='bbox 1671 238 1960 300; x_wconf 72' lang='lat' dir='ltr'><strong>MENSIS</strong></span> <span class='ocrx_word' id='word_1_3' title='bbox 2001 231 2439 300; x_wconf 73' lang='lat' dir='ltr'><strong>DECEMBEB.</strong></span> 
     </span>
    </p>
   </div>
   <div class='ocr_carea' id='block_1_3' title="bbox 3587 238 3692 303">
    <p class='ocr_par' dir='ltr' id='par_1_3' title="bbox 3587 238 3692 303">
     <span class='ocr_line' id='line_1_3' title="bbox 3587 238 3692 303; baseline -0.029 0"><span class='ocrx_word' id='word_1_4' title='bbox 3587 238 3692 303; x_wconf 83' lang='lat'><strong>396</strong></span> 
     </span>
    </p>
   </div>
   <div class='ocr_carea' id='block_1_4' title="bbox 449 348 2022 434">
    <p class='ocr_par' dir='ltr' id='par_1_4' title="bbox 449 348 2019 434">
     <span class='ocr_line' id='line_1_4' title="bbox 449 348 2019 434; baseline -0.012 -14"><span class='ocrx_word' id='word_1_5' title='bbox 449 363 564 421; x_wconf 72' lang='lat' dir='ltr'><strong>Icci</strong></span> <span class='ocrx_word' id='word_1_6' title='bbox 589 358 920 434; x_wconf 74' lang='lat' dir='ltr'><strong>periculum.</strong></span> <span class='ocrx_word' id='word_1_7' title='bbox 945 366 1002 413; x_wconf 89' lang='lat' dir='ltr'><strong>et</strong></span> <span class='ocrx_word' id='word_1_8' title='bbox 1027 355 1143 411; x_wconf 90' lang='lat' dir='ltr'><strong>scio</strong></span> <span class='ocrx_word' id='word_1_9' title='bbox 1169 369 1294 410; x_wconf 86' lang='lat' dir='ltr'><strong>eum</strong></span> <span class='ocrx_word' id='word_1_10' title='bbox 1324 367 1445 408; x_wconf 86' lang='lat' dir='ltr'><strong>esse</strong></span> <span class='ocrx_word' id='word_1_11' title='bbox 1477 350 1777 422; x_wconf 77' lang='lat' dir='ltr'><strong>benignum</strong></span> <span class='ocrx_word' id='word_1_12' title='bbox 1803 357 1860 404; x_wconf 88' lang='lat' dir='ltr'><strong>et</strong></span> <span class='ocrx_word' id='word_1_13' title='bbox 1912 348 2019 403; x_wconf 88' lang='lat' dir='ltr'><strong>mi-</strong></span> 
     </span>
    </p>
   </div>
   <div class='ocr_carea' id='block_1_5' title="bbox 2124 348 3696 434">
    <p class='ocr_par' dir='ltr' id='par_1_5' title="bbox 2124 348 3696 422">
     <span class='ocr_line' id='line_1_5' title="bbox 2124 348 3696 422; baseline -0.001 -17"><span class='ocrx_word' id='word_1_14' title='bbox 2124 349 2284 416; x_wconf 80' lang='grc' dir='ltr'><strong>Θεοῦ,</strong></span> <span class='ocrx_word' id='word_1_15' title='bbox 2328 348 2426 406; x_wconf 79' lang='grc' dir='ltr'><strong>καὶ</strong></span> <span class='ocrx_word' id='word_1_16' title='bbox 2493 348 2654 417; x_wconf 77' lang='grc' dir='ltr'><strong>είθὼς</strong></span> <span class='ocrx_word' id='word_1_17' title='bbox 2685 349 2851 406; x_wconf 75' lang='grc' dir='ltr'><strong>αὑτὸν</strong></span> <span class='ocrx_word' id='word_1_18' title='bbox 2891 349 3273 422; x_wconf 80' lang='grc' dir='ltr'><strong>φιλάνθρωπόν</strong></span> <span class='ocrx_word' id='word_1_19' title='bbox 3298 366 3359 406; x_wconf 83' lang='grc' dir='ltr'><strong>τι</strong></span> <span class='ocrx_word' id='word_1_20' title='bbox 3393 350 3489 405; x_wconf 78' lang='grc' dir='ltr'><strong>καὶ</strong></span> <span class='ocrx_word' id='word_1_21' title='bbox 3540 350 3696 422; x_wconf 72' lang='grc' dir='ltr'><strong>ἐλεη-</strong></span> 
     </span>
    </p>
   </div>
   <div class='ocr_carea' id='block_1_6' title="bbox 455 438 2023 516">
    <p class='ocr_par' dir='ltr' id='par_1_6' title="bbox 455 438 2023 516">
     <span class='ocr_line' id='line_1_6' title="bbox 455 438 2023 516; baseline -0.012 -5"><span class='ocrx_word' id='word_1_22' title='bbox 455 451 819 512; x_wconf 76' lang='lat' dir='ltr'><strong>serieordem.</strong></span> <span class='ocrx_word' id='word_1_23' title='bbox 849 458 904 504; x_wconf 90' lang='lat' dir='ltr'><strong>et</strong></span> <span class='ocrx_word' id='word_1_24' title='bbox 935 446 1031 516; x_wconf 86' lang='lat' dir='ltr'><strong>qui</strong></span> <span class='ocrx_word' id='word_1_25' title='bbox 1057 443 1129 500; x_wconf 87' lang='lat' dir='ltr'><strong>ob</strong></span> <span class='ocrx_word' id='word_1_26' title='bbox 1155 443 1288 499; x_wconf 84' lang='lat' dir='ltr'><strong>vitia</strong></span> <span class='ocrx_word' id='word_1_27' title='bbox 1324 441 1610 498; x_wconf 82' lang='lat' dir='ltr'><strong>hominum</strong></span> <span class='ocrx_word' id='word_1_28' title='bbox 1637 449 1890 494; x_wconf 87' lang='lat' dir='ltr'><strong>movetur</strong></span> <span class='ocrx_word' id='word_1_29' title='bbox 1917 438 2023 493; x_wconf 89' lang='lat' dir='ltr'><strong>mi-</strong></span> 
     </span>
    </p>
   </div>
   <div class='ocr_carea' id='block_1_7' title="bbox 455 530 2025 605">
    <p class='ocr_par' dir='ltr' id='par_1_7' title="bbox 455 530 2025 605">
     <span class='ocr_line' id='line_1_7' title="bbox 455 530 2025 605; baseline -0.009 -7"><span class='ocrx_word' id='word_1_30' title='bbox 455 540 780 602; x_wconf 78' lang='lat' dir='ltr'><strong>sericordia,</strong></span> <span class='ocrx_word' id='word_1_31' title='bbox 803 536 1020 592; x_wconf 87' lang='lat' dir='ltr'><strong>confido</strong></span> <span class='ocrx_word' id='word_1_32' title='bbox 1049 534 1194 605; x_wconf 91' lang='lat' dir='ltr'><strong>quod</strong></span> <span class='ocrx_word' id='word_1_33' title='bbox 1230 543 1281 589; x_wconf 90' lang='lat' dir='ltr'><strong>te</strong></span> <span class='ocrx_word' id='word_1_34' title='bbox 1305 548 1412 588; x_wconf 89' lang='lat' dir='ltr'><strong>non</strong></span> <span class='ocrx_word' id='word_1_35' title='bbox 1445 531 1623 589; x_wconf 89' lang='lat' dir='ltr'><strong>solum</strong></span> <span class='ocrx_word' id='word_1_36' title='bbox 1655 545 1766 586; x_wconf 88' lang='lat' dir='ltr'><strong>non</strong></span> <span class='ocrx_word' id='word_1_37' title='bbox 1795 530 2025 600; x_wconf 70' lang='lat' dir='ltr'><strong>repellet</strong></span> 
     </span>
    </p>
   </div>
   <div class='ocr_carea' id='block_1_8' title="bbox 455 623 2023 694">
    <p class='ocr_par' dir='ltr' id='par_1_8' title="bbox 455 623 2023 694">
     <span class='ocr_line' id='line_1_8' title="bbox 455 623 2023 694; baseline -0.008 -7"><span class='ocrx_word' id='word_1_38' title='bbox 455 630 832 694; x_wconf 72' lang='lat' dir='ltr'><strong>accedentem,</strong></span> <span class='ocrx_word' id='word_1_39' title='bbox 859 626 952 682; x_wconf 90' lang='lat' dir='ltr'><strong>scd</strong></span> <span class='ocrx_word' id='word_1_40' title='bbox 995 625 1100 680; x_wconf 89' lang='lat' dir='ltr'><strong>hac</strong></span> <span class='ocrx_word' id='word_1_41' title='bbox 1151 626 1318 681; x_wconf 88' lang='lat' dir='ltr'><strong>etiam</strong></span> <span class='ocrx_word' id='word_1_42' title='bbox 1368 634 1459 680; x_wconf 88' lang='lat' dir='ltr'><strong>tua</strong></span> <span class='ocrx_word' id='word_1_43' title='bbox 1505 623 1718 679; x_wconf 88' lang='lat' dir='ltr'><strong>sincera</strong></span> <span class='ocrx_word' id='word_1_44' title='bbox 1768 632 2023 691; x_wconf 83' lang='lat' dir='ltr'><strong>suscepta</strong></span> 
     </span>
    </p>
   </div>
   <div class='ocr_carea' id='block_1_9' title="bbox 456 713 2023 794">
    <p class='ocr_par' dir='ltr' id='par_1_9' title="bbox 456 713 2023 794">
     <span class='ocr_line' id='line_1_9' title="bbox 456 713 2023 794; baseline -0.006 -16"><span class='ocrx_word' id='word_1_45' title='bbox 456 723 598 788; x_wconf 80' lang='lat' dir='ltr'><strong>ﬁde,</strong></span> <span class='ocrx_word' id='word_1_46' title='bbox 641 718 866 790; x_wconf 89' lang='lat' dir='ltr'><strong>scripsit</strong></span> <span class='ocrx_word' id='word_1_47' title='bbox 906 719 1020 791; x_wconf 90' lang='lat' dir='ltr'><strong>jam</strong></span> <span class='ocrx_word' id='word_1_48' title='bbox 1067 732 1270 794; x_wconf 81' lang='lat' dir='ltr'><strong>nomen</strong></span> <span class='ocrx_word' id='word_1_49' title='bbox 1332 727 1484 772; x_wconf 92' lang='lat' dir='ltr'><strong>tuum</strong></span> <span class='ocrx_word' id='word_1_50' title='bbox 1553 717 1609 771; x_wconf 91' lang='lat' dir='ltr'><strong>in</strong></span> <span class='ocrx_word' id='word_1_51' title='bbox 1673 714 1813 770; x_wconf 87' lang='lat' dir='ltr'><strong>libro</strong></span> <span class='ocrx_word' id='word_1_52' title='bbox 1879 713 2023 777; x_wconf 64' lang='lat' dir='ltr'><strong>vitae.</strong></span> 
     </span>
    </p>
   </div>
   <div class='ocr_carea' id='block_1_10' title="bbox 439 807 2024 884">
    <p class='ocr_par' dir='ltr' id='par_1_10' title="bbox 439 807 2024 884">
     <span class='ocr_line' id='line_1_10' title="bbox 439 807 2024 884; baseline -0.008 -14"><span class='ocrx_word' id='word_1_53' title='bbox 439 825 515 870; x_wconf 70' lang='lat' dir='ltr'><strong>et</strong></span> <span class='ocrx_word' id='word_1_54' title='bbox 542 820 808 884; x_wconf 89' lang='lat' dir='ltr'><strong>quantum</strong></span> <span class='ocrx_word' id='word_1_55' title='bbox 839 824 942 880; x_wconf 77' lang='lat' dir='ltr'><strong>ego</strong></span> <span class='ocrx_word' id='word_1_56' title='bbox 993 825 1215 880; x_wconf 80' lang='lat' dir='ltr'><strong>possunt</strong></span> <span class='ocrx_word' id='word_1_57' title='bbox 1260 809 1422 873; x_wconf 90' lang='lat' dir='ltr'><strong>scire,</strong></span> <span class='ocrx_word' id='word_1_58' title='bbox 1468 807 1659 864; x_wconf 91' lang='lat' dir='ltr'><strong>statuit</strong></span> <span class='ocrx_word' id='word_1_59' title='bbox 1700 813 1762 860; x_wconf 93' lang='lat' dir='ltr'><strong>ut</strong></span> <span class='ocrx_word' id='word_1_60' title='bbox 1818 813 1876 859; x_wconf 91' lang='lat' dir='ltr'><strong>tu</strong></span> <span class='ocrx_word' id='word_1_61' title='bbox 1927 819 2024 873; x_wconf 84' lang='lat' dir='ltr'><strong>per</strong></span> 
     </span>
    </p>
   </div>
   <div class='ocr_carea' id='block_1_11' title="bbox 457 897 2020 977">
    <p class='ocr_par' dir='ltr' id='par_1_11' title="bbox 457 897 2020 977">
     <span class='ocr_line' id='line_1_11' title="bbox 457 897 2020 977; baseline -0.008 -15"><span class='ocrx_word' id='word_1_62' title='bbox 457 905 802 977; x_wconf 83' lang='lat' dir='ltr'><strong>martyrium,</strong></span> <span class='ocrx_word' id='word_1_63' title='bbox 836 902 1082 957; x_wconf 88' lang='lat' dir='ltr'><strong>divinum</strong></span> <span class='ocrx_word' id='word_1_64' title='bbox 1113 901 1235 971; x_wconf 85' lang='lat' dir='ltr'><strong>ejus</strong></span> <span class='ocrx_word' id='word_1_65' title='bbox 1263 914 1461 956; x_wconf 85' lang='lat' dir='ltr'><strong>nomen</strong></span> <span class='ocrx_word' id='word_1_66' title='bbox 1492 897 2020 967; x_wconf 76' lang='lat' dir='ltr'><strong>mecumgloriliccs.</strong></span> 
     </span>
    </p>
   </div>
   <div class='ocr_carea' id='block_1_12' title="bbox 455 987 2024 1060">
    <p class='ocr_par' dir='ltr' id='par_1_12' title="bbox 455 987 2024 1060">
     <span class='ocr_line' id='line_1_12' title="bbox 455 987 2024 1060; baseline -0.007 -7"><span class='ocrx_word' id='word_1_67' title='bbox 455 999 592 1054; x_wconf 89' lang='lat' dir='ltr'><strong>Cum</strong></span> <span class='ocrx_word' id='word_1_68' title='bbox 618 996 700 1052; x_wconf 88' lang='lat' dir='ltr'><strong>sic</strong></span> <span class='ocrx_word' id='word_1_69' title='bbox 723 995 975 1058; x_wconf 82' lang='lat' dir='ltr'><strong>dixisset,</strong></span> <span class='ocrx_word' id='word_1_70' title='bbox 1009 1004 1064 1048; x_wconf 89' lang='lat' dir='ltr'><strong>et</strong></span> <span class='ocrx_word' id='word_1_71' title='bbox 1096 992 1459 1046; x_wconf 69' lang='lat' dir='ltr'><strong>intellexisset</strong></span> <span class='ocrx_word' id='word_1_72' title='bbox 1490 989 1752 1060; x_wconf 86' lang='lat' dir='ltr'><strong>populum</strong></span> <span class='ocrx_word' id='word_1_73' title='bbox 1787 997 1904 1042; x_wconf 91' lang='lat' dir='ltr'><strong>toto</strong></span> <span class='ocrx_word' id='word_1_74' title='bbox 1934 987 2024 1042; x_wconf 88' lang='lat' dir='ltr'><strong>die</strong></span> 
     </span>
    </p>
   </div>
   <div class='ocr_carea' id='block_1_13' title="bbox 457 1082 2021 1156">
    <p class='ocr_par' dir='ltr' id='par_1_13' title="bbox 457 1082 2021 1156">
     <span class='ocr_line' id='line_1_13' title="bbox 457 1082 2021 1156; baseline -0.01 -12"><span class='ocrx_word' id='word_1_75' title='bbox 457 1102 678 1144; x_wconf 87' lang='lat' dir='ltr'><strong>manere</strong></span> <span class='ocrx_word' id='word_1_76' title='bbox 705 1085 978 1156; x_wconf 86' lang='lat' dir='ltr'><strong>jejunum,</strong></span> <span class='ocrx_word' id='word_1_77' title='bbox 1023 1091 1079 1138; x_wconf 90' lang='lat' dir='ltr'><strong>et</strong></span> <span class='ocrx_word' id='word_1_78' title='bbox 1136 1082 1364 1138; x_wconf 86' lang='lat' dir='ltr'><strong>vidisset</strong></span> <span class='ocrx_word' id='word_1_79' title='bbox 1403 1096 1531 1136; x_wconf 91' lang='lat' dir='ltr'><strong>eum</strong></span> <span class='ocrx_word' id='word_1_80' title='bbox 1583 1090 1730 1135; x_wconf 88' lang='lat' dir='ltr'><strong>stare</strong></span> <span class='ocrx_word' id='word_1_81' title='bbox 1777 1088 2021 1134; x_wconf 88' lang='lat' dir='ltr'><strong>erectum</strong></span> 
     </span>
    </p>
   </div>
   <div class='ocr_carea' id='block_1_14' title="bbox 455 1171 2024 1254">
    <p class='ocr_par' dir='ltr' id='par_1_14' title="bbox 455 1171 2024 1254">
     <span class='ocr_line' id='line_1_14' title="bbox 455 1171 2024 1254; baseline -0.009 -17"><span class='ocrx_word' id='word_1_82' title='bbox 455 1199 569 1254; x_wconf 78' lang='lat' dir='ltr'><strong>pra:</strong></span> <span class='ocrx_word' id='word_1_83' title='bbox 598 1179 964 1236; x_wconf 77' lang='lat' dir='ltr'><strong>admiratione</strong></span> <span class='ocrx_word' id='word_1_84' title='bbox 990 1191 1204 1239; x_wconf 87' lang='lat' dir='ltr'><strong>eorum,</strong></span> <span class='ocrx_word' id='word_1_85' title='bbox 1227 1190 1348 1246; x_wconf 71' lang='lat' dir='ltr'><strong>qua:</strong></span> <span class='ocrx_word' id='word_1_86' title='bbox 1371 1172 1760 1236; x_wconf 85' lang='lat' dir='ltr'><strong>cernebantur,</strong></span> <span class='ocrx_word' id='word_1_87' title='bbox 1795 1179 1850 1225; x_wconf 90' lang='lat' dir='ltr'><strong>et</strong></span> <span class='ocrx_word' id='word_1_88' title='bbox 1884 1171 2024 1225; x_wconf 89' lang='lat' dir='ltr'><strong>velle</strong></span> 
     </span>
    </p>
   </div>
   <div class='ocr_carea' id='block_1_15' title="bbox 449 1266 2023 1339">
    <p class='ocr_par' dir='ltr' id='par_1_15' title="bbox 449 1266 2023 1339">
     <span class='ocr_line' id='line_1_15' title="bbox 449 1266 2023 1339; baseline -0.01 -10"><span class='ocrx_word' id='word_1_89' title='bbox 449 1274 637 1330; x_wconf 84' lang='lat' dir='ltr'><strong>adhuc</strong></span> <span class='ocrx_word' id='word_1_90' title='bbox 696 1285 943 1335; x_wconf 80' lang='lat' dir='ltr'><strong>manere,</strong></span> <span class='ocrx_word' id='word_1_91' title='bbox 988 1278 1045 1322; x_wconf 92' lang='lat' dir='ltr'><strong>et</strong></span> <span class='ocrx_word' id='word_1_92' title='bbox 1091 1269 1211 1339; x_wconf 84' lang='lat' dir='ltr'><strong>ejus</strong></span> <span class='ocrx_word' id='word_1_93' title='bbox 1249 1266 1458 1320; x_wconf 81' lang='lat' dir='ltr'><strong>vultum</strong></span> <span class='ocrx_word' id='word_1_94' title='bbox 1505 1278 1754 1326; x_wconf 89' lang='lat' dir='ltr'><strong>cernere,</strong></span> <span class='ocrx_word' id='word_1_95' title='bbox 1800 1271 1858 1317; x_wconf 92' lang='lat' dir='ltr'><strong>et</strong></span> <span class='ocrx_word' id='word_1_96' title='bbox 1906 1277 2023 1316; x_wconf 79' lang='lat' dir='ltr'><strong>ser-</strong></span> 
     </span>
    </p>
   </div>
   <div class='ocr_carea' id='block_1_16' title="bbox 451 1352 2021 1428">
    <p class='ocr_par' dir='ltr' id='par_1_16' title="bbox 451 1352 2021 1428">
     <span class='ocr_line' id='line_1_16' title="bbox 451 1352 2021 1428; baseline -0.009 -10"><span class='ocrx_word' id='word_1_97' title='bbox 451 1378 650 1418; x_wconf 83' lang='lat' dir='ltr'><strong>mones</strong></span> <span class='ocrx_word' id='word_1_98' title='bbox 702 1360 923 1423; x_wconf 88' lang='lat' dir='ltr'><strong>audire,</strong></span> <span class='ocrx_word' id='word_1_99' title='bbox 965 1357 1244 1428; x_wconf 82' lang='lat' dir='ltr'><strong>pollicitus</strong></span> <span class='ocrx_word' id='word_1_100' title='bbox 1292 1372 1419 1411; x_wconf 89' lang='lat' dir='ltr'><strong>eum</strong></span> <span class='ocrx_word' id='word_1_101' title='bbox 1483 1369 1644 1410; x_wconf 89' lang='lat' dir='ltr'><strong>mane</strong></span> <span class='ocrx_word' id='word_1_102' title='bbox 1696 1352 2021 1416; x_wconf 79' lang='lat' dir='ltr'><strong>aﬂ&#39;uturum,</strong></span> 
     </span>
    </p>
   </div>
   <div class='ocr_carea' id='block_1_17' title="bbox 454 1444 2026 1516">
    <p class='ocr_par' dir='ltr' id='par_1_17' title="bbox 454 1444 2026 1516">
     <span class='ocr_line' id='line_1_17' title="bbox 454 1444 2026 1516; baseline -0.007 -7"><span class='ocrx_word' id='word_1_103' title='bbox 454 1455 642 1509; x_wconf 83' lang='lat' dir='ltr'><strong>statim</strong></span> <span class='ocrx_word' id='word_1_104' title='bbox 671 1453 832 1516; x_wconf 89' lang='lat' dir='ltr'><strong>abiit,</strong></span> <span class='ocrx_word' id='word_1_105' title='bbox 862 1459 920 1506; x_wconf 90' lang='lat' dir='ltr'><strong>et</strong></span> <span class='ocrx_word' id='word_1_106' title='bbox 959 1449 1166 1504; x_wconf 88' lang='lat' dir='ltr'><strong>dimisit</strong></span> <span class='ocrx_word' id='word_1_107' title='bbox 1222 1450 1518 1502; x_wconf 86' lang='lat' dir='ltr'><strong>theatrum.</strong></span> <span class='ocrx_word' id='word_1_108' title='bbox 1574 1445 1680 1501; x_wconf 88' lang='lat' dir='ltr'><strong>Sed</strong></span> <span class='ocrx_word' id='word_1_109' title='bbox 1727 1444 2026 1515; x_wconf 81' lang='lat' dir='ltr'><strong>praefectus</strong></span> 
     </span>
    </p>
   </div>
   <div class='ocr_carea' id='block_1_18' title="bbox 453 1534 2023 1614">
    <p class='ocr_par' dir='ltr' id='par_1_18' title="bbox 453 1534 2023 1614">
     <span class='ocr_line' id='line_1_18' title="bbox 453 1534 2023 1614; baseline -0.007 -14"><span class='ocrx_word' id='word_1_110' title='bbox 453 1561 523 1600; x_wconf 89' lang='lat' dir='ltr'><strong>ne</strong></span> <span class='ocrx_word' id='word_1_111' title='bbox 553 1544 632 1600; x_wconf 89' lang='lat' dir='ltr'><strong>sic</strong></span> <span class='ocrx_word' id='word_1_112' title='bbox 663 1543 886 1614; x_wconf 90' lang='lat' dir='ltr'><strong>quidem</strong></span> <span class='ocrx_word' id='word_1_113' title='bbox 921 1539 1182 1597; x_wconf 83' lang='lat' dir='ltr'><strong>sustinuit</strong></span> <span class='ocrx_word' id='word_1_114' title='bbox 1235 1538 1519 1593; x_wconf 87' lang='lat' dir='ltr'><strong>discedere</strong></span> <span class='ocrx_word' id='word_1_115' title='bbox 1547 1552 1578 1592; x_wconf 90' lang='lat' dir='ltr'><strong>a</strong></span> <span class='ocrx_word' id='word_1_116' title='bbox 1624 1547 1884 1608; x_wconf 76' lang='lat' dir='ltr'><strong>martyre,</strong></span> <span class='ocrx_word' id='word_1_117' title='bbox 1925 1534 2023 1591; x_wconf 89' lang='lat' dir='ltr'><strong>sed</strong></span> 
     </span>
    </p>
   </div>
   <div class='ocr_carea' id='block_1_19' title="bbox 455 1636 2021 1694">
    <p class='ocr_par' dir='ltr' id='par_1_19' title="bbox 455 1636 2021 1694">
     <span class='ocr_line' id='line_1_19' title="bbox 455 1636 2021 1694; baseline -0.01 -1"><span class='ocrx_word' id='word_1_118' title='bbox 455 1652 580 1694; x_wconf 88' lang='lat' dir='ltr'><strong>cum</strong></span> <span class='ocrx_word' id='word_1_119' title='bbox 613 1651 680 1692; x_wconf 73' lang='lat'><strong>80</strong></span> <span class='ocrx_word' id='word_1_120' title='bbox 712 1641 943 1690; x_wconf 86' lang='lat' dir='ltr'><strong>vocante</strong></span> <span class='ocrx_word' id='word_1_121' title='bbox 975 1639 1087 1686; x_wconf 87' lang='lat' dir='ltr'><strong>tota</strong></span> <span class='ocrx_word' id='word_1_122' title='bbox 1120 1639 1282 1684; x_wconf 78' lang='grc' dir='ltr'><strong>ηοοῐο</strong></span> <span class='ocrx_word' id='word_1_123' title='bbox 1328 1637 1413 1683; x_wconf 75' lang='grc' dir='ltr'><strong>εει</strong></span> <span class='ocrx_word' id='word_1_124' title='bbox 1465 1636 1739 1694; x_wconf 86' lang='lat' dir='ltr'><strong>versatus,</strong></span> <span class='ocrx_word' id='word_1_125' title='bbox 1789 1640 2021 1680; x_wconf 86' lang='lat' dir='ltr'><strong>accura-</strong></span> 
     </span>
    </p>
   </div>
   <div class='ocr_carea' id='block_1_20' title="bbox 2125 443 3692 516">
    <p class='ocr_par' dir='ltr' id='par_1_20' title="bbox 2125 443 3692 516">
     <span class='ocr_line' id='line_1_20' title="bbox 2125 443 3692 516; baseline -0.001 -18"><span class='ocrx_word' id='word_1_126' title='bbox 2125 461 2286 516; x_wconf 85' lang='grc' dir='ltr'><strong>μονα,</strong></span> <span class='ocrx_word' id='word_1_127' title='bbox 2333 444 2430 498; x_wconf 77' lang='grc' dir='ltr'><strong>καὶ</strong></span> <span class='ocrx_word' id='word_1_128' title='bbox 2459 446 2828 515; x_wconf 72' lang='grc' dir='ltr'><strong>μετανοοῦντα</strong></span> <span class='ocrx_word' id='word_1_129' title='bbox 2859 444 2955 499; x_wconf 74' lang='grc' dir='ltr'><strong>ἐπὶ</strong></span> <span class='ocrx_word' id='word_1_130' title='bbox 2989 444 3211 503; x_wconf 75' lang='grc' dir='ltr'><strong>κακίαις</strong></span> <span class='ocrx_word' id='word_1_131' title='bbox 3241 443 3569 514; x_wconf 76' lang='grc' dir='ltr'><strong>ἀνθρώπων,</strong></span> <span class='ocrx_word' id='word_1_132' title='bbox 3597 460 3692 496; x_wconf 82' lang='grc' dir='ltr'><strong>τι·-</strong></span> 
     </span>
    </p>
   </div>
   <div class='ocr_carea' id='block_1_21' title="bbox 2123 532 3694 608">
    <p class='ocr_par' dir='ltr' id='par_1_21' title="bbox 2123 532 3694 608">
     <span class='ocr_line' id='line_1_21' title="bbox 2123 532 3694 608; baseline -0.001 -18"><span class='ocrx_word' id='word_1_133' title='bbox 2123 536 2399 608; x_wconf 76' lang='grc' dir='ltr'><strong>θάρρηκα,</strong></span> <span class='ocrx_word' id='word_1_134' title='bbox 2455 535 2539 590; x_wconf 84' lang='grc' dir='ltr'><strong>ὅτι</strong></span> <span class='ocrx_word' id='word_1_135' title='bbox 2593 535 2654 590; x_wconf 88' lang='grc' dir='ltr'><strong>σέ</strong></span> <span class='ocrx_word' id='word_1_136' title='bbox 2699 537 2762 591; x_wconf 82' lang='grc' dir='ltr'><strong>οὒ</strong></span> <span class='ocrx_word' id='word_1_137' title='bbox 2789 537 2952 607; x_wconf 84' lang='grc' dir='ltr'><strong>μόνον</strong></span> <span class='ocrx_word' id='word_1_138' title='bbox 3003 536 3105 590; x_wconf 81' lang='grc' dir='ltr'><strong>οὐκ</strong></span> <span class='ocrx_word' id='word_1_139' title='bbox 3151 532 3434 589; x_wconf 76' lang='grc' dir='ltr'><strong>ἀπώσεται</strong></span> <span class='ocrx_word' id='word_1_140' title='bbox 3457 533 3694 605; x_wconf 78' lang='grc' dir='ltr'><strong>προσελ-</strong></span> 
     </span>
    </p>
   </div>
   <div class='ocr_carea' id='block_1_22' title="bbox 2121 623 3693 698">
    <p class='ocr_par' dir='ltr' id='par_1_22' title="bbox 2121 623 3693 698">
     <span class='ocr_line' id='line_1_22' title="bbox 2121 623 3693 698; baseline -0.002 -17"><span class='ocrx_word' id='word_1_141' title='bbox 2121 625 2302 691; x_wconf 84' lang='grc' dir='ltr'><strong>θὸντα,</strong></span> <span class='ocrx_word' id='word_1_142' title='bbox 2331 626 2471 681; x_wconf 78' lang='grc' dir='ltr'><strong>ἀλλὰ</strong></span> <span class='ocrx_word' id='word_1_143' title='bbox 2529 628 2624 680; x_wconf 79' lang='grc' dir='ltr'><strong>καὶ</strong></span> <span class='ocrx_word' id='word_1_144' title='bbox 2670 629 2772 698; x_wconf 75' lang='grc' dir='ltr'><strong>τὴν</strong></span> <span class='ocrx_word' id='word_1_145' title='bbox 2815 627 3086 696; x_wconf 76' lang='grc' dir='ltr'><strong>εἰλικρινῆ</strong></span> <span class='ocrx_word' id='word_1_146' title='bbox 3115 641 3212 679; x_wconf 92' lang='grc' dir='ltr'><strong>σου</strong></span> <span class='ocrx_word' id='word_1_147' title='bbox 3245 624 3433 679; x_wconf 82' lang='grc' dir='ltr'><strong>πίστιν</strong></span> <span class='ocrx_word' id='word_1_148' title='bbox 3481 623 3693 696; x_wconf 82' lang='grc' dir='ltr'><strong>ταύτην</strong></span> 
     </span>
    </p>
   </div>
   <div class='ocr_carea' id='block_1_23' title="bbox 2122 715 3697 789">
    <p class='ocr_par' dir='ltr' id='par_1_23' title="bbox 2122 715 3697 789">
     <span class='ocr_line' id='line_1_23' title="bbox 2122 715 3697 789; baseline -0.005 -16"><span class='ocrx_word' id='word_1_149' title='bbox 2122 716 2522 788; x_wconf 79' lang='grc' dir='ltr'><strong>ἀποδεξάμενος</strong></span> <span class='ocrx_word' id='word_1_150' title='bbox 2537 718 2857 788; x_wconf 73' lang='grc' dir='ltr'><strong>γεγράφηκι</strong></span> <span class='ocrx_word' id='word_1_151' title='bbox 2908 734 3003 771; x_wconf 90' lang='grc' dir='ltr'><strong>σου</strong></span> <span class='ocrx_word' id='word_1_152' title='bbox 3023 717 3125 789; x_wconf 73' lang='grc' dir='ltr'><strong>ήδη</strong></span> <span class='ocrx_word' id='word_1_153' title='bbox 3156 717 3217 770; x_wconf 83' lang='grc' dir='ltr'><strong>τὸ</strong></span> <span class='ocrx_word' id='word_1_154' title='bbox 3239 717 3415 783; x_wconf 76' lang='grc' dir='ltr'><strong>όνομα</strong></span> <span class='ocrx_word' id='word_1_155' title='bbox 3444 716 3504 769; x_wconf 82' lang='grc' dir='ltr'><strong>ἐν</strong></span> <span class='ocrx_word' id='word_1_156' title='bbox 3527 715 3697 786; x_wconf 77' lang='grc' dir='ltr'><strong>βίϐλῳ</strong></span> 
     </span>
    </p>
   </div>
   <div class='ocr_carea' id='block_1_24' title="bbox 2123 804 3696 877">
    <p class='ocr_par' dir='ltr' id='par_1_24' title="bbox 2123 804 3696 877">
     <span class='ocr_line' id='line_1_24' title="bbox 2123 804 3696 877; baseline -0.002 -16"><span class='ocrx_word' id='word_1_157' title='bbox 2123 805 2294 876; x_wconf 75' lang='grc' dir='ltr'><strong>ζωῆς,</strong></span> <span class='ocrx_word' id='word_1_158' title='bbox 2347 808 2443 860; x_wconf 77' lang='grc' dir='ltr'><strong>καὶ</strong></span> <span class='ocrx_word' id='word_1_159' title='bbox 2499 807 2583 861; x_wconf 82' lang='grc' dir='ltr'><strong>ὅτι</strong></span> <span class='ocrx_word' id='word_1_160' title='bbox 2640 806 2870 877; x_wconf 71' lang='grc' dir='ltr'><strong>κέκρικέ</strong></span> <span class='ocrx_word' id='word_1_161' title='bbox 2895 822 2979 870; x_wconf 84' lang='grc' dir='ltr'><strong>σε,</strong></span> <span class='ocrx_word' id='word_1_162' title='bbox 3007 805 3082 869; x_wconf 83' lang='grc' dir='ltr'><strong>ὡς</strong></span> <span class='ocrx_word' id='word_1_163' title='bbox 3115 805 3216 876; x_wconf 78' lang='grc' dir='ltr'><strong>ἐμὲ</strong></span> <span class='ocrx_word' id='word_1_164' title='bbox 3260 804 3579 874; x_wconf 71' lang='grc' dir='ltr'><strong>γινώσκειν,</strong></span> <span class='ocrx_word' id='word_1_165' title='bbox 3604 804 3696 858; x_wconf 73' lang='grc' dir='ltr'><strong>διὰ</strong></span> 
     </span>
    </p>
   </div>
   <div class='ocr_carea' id='block_1_25' title="bbox 2126 894 3691 968">
    <p class='ocr_par' dir='ltr' id='par_1_25' title="bbox 2126 894 3691 968">
     <span class='ocr_line' id='line_1_25' title="bbox 2126 894 3691 968; baseline -0.001 -19"><span class='ocrx_word' id='word_1_166' title='bbox 2126 899 2435 968; x_wconf 77' lang='grc' dir='ltr'><strong>μαρτυρίου</strong></span> <span class='ocrx_word' id='word_1_167' title='bbox 2474 898 2535 950; x_wconf 82' lang='grc' dir='ltr'><strong>τὺ</strong></span> <span class='ocrx_word' id='word_1_168' title='bbox 2565 897 2709 951; x_wconf 84' lang='grc' dir='ltr'><strong>θεῖον</strong></span> <span class='ocrx_word' id='word_1_169' title='bbox 2736 895 2904 950; x_wconf 81' lang='grc' dir='ltr'><strong>αὑτοῦ</strong></span> <span class='ocrx_word' id='word_1_170' title='bbox 2934 895 3158 961; x_wconf 76' lang='grc' dir='ltr'><strong>δοξάσαι</strong></span> <span class='ocrx_word' id='word_1_171' title='bbox 3217 895 3318 950; x_wconf 75' lang='grc' dir='ltr'><strong>σῦν</strong></span> <span class='ocrx_word' id='word_1_172' title='bbox 3345 896 3472 966; x_wconf 65' lang='grc' dir='ltr'><strong>ἐμοὶ</strong></span> <span class='ocrx_word' id='word_1_173' title='bbox 3497 894 3691 966; x_wconf 73' lang='grc' dir='ltr'><strong>ὄνομα.</strong></span> 
     </span>
    </p>
   </div>
   <div class='ocr_carea' id='block_1_26' title="bbox 2123 987 3697 1060">
    <p class='ocr_par' dir='ltr' id='par_1_26' title="bbox 2123 987 3697 1060">
     <span class='ocr_line' id='line_1_26' title="bbox 2123 987 3697 1060; baseline -0.002 -17"><span class='ocrx_word' id='word_1_174' title='bbox 2123 989 2311 1052; x_wconf 71' lang='grc' dir='ltr'><strong>Οὕτως</strong></span> <span class='ocrx_word' id='word_1_175' title='bbox 2371 987 2560 1050; x_wconf 86' lang='grc' dir='ltr'><strong>είπὼν,</strong></span> <span class='ocrx_word' id='word_1_176' title='bbox 2627 991 2719 1043; x_wconf 76' lang='grc' dir='ltr'><strong>καὶ</strong></span> <span class='ocrx_word' id='word_1_177' title='bbox 2753 988 3108 1060; x_wconf 78' lang='grc' dir='ltr'><strong>διημερεύειν</strong></span> <span class='ocrx_word' id='word_1_178' title='bbox 3161 988 3254 1043; x_wconf 76' lang='grc' dir='ltr'><strong>τὸν</strong></span> <span class='ocrx_word' id='word_1_179' title='bbox 3304 989 3476 1058; x_wconf 86' lang='grc' dir='ltr'><strong>δῆμον</strong></span> <span class='ocrx_word' id='word_1_180' title='bbox 3506 987 3697 1059; x_wconf 86' lang='grc' dir='ltr'><strong>μαθὼν</strong></span> 
     </span>
    </p>
   </div>
   <div class='ocr_carea' id='block_1_27' title="bbox 2123 1079 3698 1153">
    <p class='ocr_par' dir='ltr' id='par_1_27' title="bbox 2123 1079 3698 1153">
     <span class='ocr_line' id='line_1_27' title="bbox 2123 1079 3698 1153; baseline -0.003 -15"><span class='ocrx_word' id='word_1_181' title='bbox 2123 1082 2329 1148; x_wconf 75' lang='grc' dir='ltr'><strong>ἄσιτον,</strong></span> <span class='ocrx_word' id='word_1_182' title='bbox 2363 1082 2636 1153; x_wconf 83' lang='grc' dir='ltr'><strong>μετέωρόν</strong></span> <span class='ocrx_word' id='word_1_183' title='bbox 2661 1098 2720 1134; x_wconf 83' lang='grc' dir='ltr'><strong>τε</strong></span> <span class='ocrx_word' id='word_1_184' title='bbox 2760 1081 2904 1147; x_wconf 86' lang='grc' dir='ltr'><strong>ίδὼν,</strong></span> <span class='ocrx_word' id='word_1_185' title='bbox 2942 1079 3037 1134; x_wconf 77' lang='grc' dir='ltr'><strong>ὑπ’</strong></span> <span class='ocrx_word' id='word_1_186' title='bbox 3081 1079 3399 1152; x_wconf 79' lang='grc' dir='ltr'><strong>ἐκπλήξεως</strong></span> <span class='ocrx_word' id='word_1_187' title='bbox 3421 1083 3528 1133; x_wconf 81' lang='grc' dir='ltr'><strong>τῶν</strong></span> <span class='ocrx_word' id='word_1_188' title='bbox 3557 1082 3698 1152; x_wconf 78' lang='grc' dir='ltr'><strong>ὀρω-</strong></span> 
     </span>
    </p>
   </div>
   <div class='ocr_carea' id='block_1_28' title="bbox 2127 1167 3693 1240">
    <p class='ocr_par' dir='ltr' id='par_1_28' title="bbox 2127 1167 3693 1240">
     <span class='ocr_line' id='line_1_28' title="bbox 2127 1167 3693 1240; baseline -0.001 -18"><span class='ocrx_word' id='word_1_189' title='bbox 2127 1171 2305 1240; x_wconf 85' lang='grc' dir='ltr'><strong>μένων</strong></span> <span class='ocrx_word' id='word_1_190' title='bbox 2358 1170 2668 1239; x_wconf 79' lang='grc' dir='ltr'><strong>ἱστάμενον,</strong></span> <span class='ocrx_word' id='word_1_191' title='bbox 2725 1167 2806 1221; x_wconf 81' lang='grc' dir='ltr'><strong>ἐτι</strong></span> <span class='ocrx_word' id='word_1_192' title='bbox 2841 1185 2902 1222; x_wconf 89' lang='grc' dir='ltr'><strong>τε</strong></span> <span class='ocrx_word' id='word_1_193' title='bbox 2954 1171 3287 1240; x_wconf 80' lang='grc' dir='ltr'><strong>προσμένειν</strong></span> <span class='ocrx_word' id='word_1_194' title='bbox 3349 1169 3693 1240; x_wconf 84' lang='grc' dir='ltr'><strong>βουλόμενον,</strong></span> 
     </span>
    </p>
   </div>
   <div class='ocr_carea' id='block_1_29' title="bbox 2123 1262 3696 1335">
    <p class='ocr_par' dir='ltr' id='par_1_29' title="bbox 2123 1262 3696 1335">
     <span class='ocr_line' id='line_1_29' title="bbox 2123 1262 3696 1335; baseline 0 -19"><span class='ocrx_word' id='word_1_195' title='bbox 2123 1263 2220 1317; x_wconf 78' lang='grc' dir='ltr'><strong>καὶ</strong></span> <span class='ocrx_word' id='word_1_196' title='bbox 2257 1263 2380 1333; x_wconf 75' lang='grc' dir='ltr'><strong>όψιν</strong></span> <span class='ocrx_word' id='word_1_197' title='bbox 2439 1262 2610 1316; x_wconf 79' lang='grc' dir='ltr'><strong>αὑτοῦ</strong></span> <span class='ocrx_word' id='word_1_198' title='bbox 2645 1263 2802 1335; x_wconf 83' lang='grc' dir='ltr'><strong>όρᾷν,</strong></span> <span class='ocrx_word' id='word_1_199' title='bbox 2849 1265 2944 1317; x_wconf 82' lang='grc' dir='ltr'><strong>καὶ</strong></span> <span class='ocrx_word' id='word_1_200' title='bbox 2991 1263 3168 1332; x_wconf 89' lang='grc' dir='ltr'><strong>λόγων</strong></span> <span class='ocrx_word' id='word_1_201' title='bbox 3224 1262 3468 1328; x_wconf 78' lang='grc' dir='ltr'><strong>ἀκούειν,</strong></span> <span class='ocrx_word' id='word_1_202' title='bbox 3531 1264 3696 1327; x_wconf 75' lang='grc' dir='ltr'><strong>αὐτὸς</strong></span> 
     </span>
    </p>
   </div>
   <div class='ocr_carea' id='block_1_30' title="bbox 2124 1356 3691 1428">
    <p class='ocr_par' dir='ltr' id='par_1_30' title="bbox 2124 1356 3691 1428">
     <span class='ocr_line' id='line_1_30' title="bbox 2124 1356 3691 1428; baseline 0 -18"><span class='ocrx_word' id='word_1_203' title='bbox 2124 1356 2494 1426; x_wconf 84' lang='grc' dir='ltr'><strong>ὑποσχόμενος</strong></span> <span class='ocrx_word' id='word_1_204' title='bbox 2519 1357 2888 1428; x_wconf 81' lang='grc' dir='ltr'><strong>πρωῖαίτερον</strong></span> <span class='ocrx_word' id='word_1_205' title='bbox 2941 1360 3228 1427; x_wconf 86' lang='grc' dir='ltr'><strong>παρεῖναι,</strong></span> <span class='ocrx_word' id='word_1_206' title='bbox 3286 1357 3450 1421; x_wconf 76' lang='grc' dir='ltr'><strong>εὐθὺς</strong></span> <span class='ocrx_word' id='word_1_207' title='bbox 3503 1356 3691 1428; x_wconf 72' lang='grc' dir='ltr'><strong>ἀπῄει.</strong></span> 
     </span>
    </p>
   </div>
   <div class='ocr_carea' id='block_1_31' title="bbox 2122 1446 3694 1519">
    <p class='ocr_par' dir='ltr' id='par_1_31' title="bbox 2122 1446 3694 1519">
     <span class='ocr_line' id='line_1_31' title="bbox 2122 1446 3694 1519; baseline 0 -19"><span class='ocrx_word' id='word_1_208' title='bbox 2122 1448 2219 1500; x_wconf 75' lang='grc' dir='ltr'><strong>καὶ</strong></span> <span class='ocrx_word' id='word_1_209' title='bbox 2247 1446 2312 1500; x_wconf 77' lang='grc' dir='ltr'><strong>τὸ</strong></span> <span class='ocrx_word' id='word_1_210' title='bbox 2347 1447 2578 1517; x_wconf 83' lang='grc' dir='ltr'><strong>θέατρον</strong></span> <span class='ocrx_word' id='word_1_211' title='bbox 2607 1447 2822 1503; x_wconf 81' lang='grc' dir='ltr'><strong>ἔλυσεν.</strong></span> <span class='ocrx_word' id='word_1_212' title='bbox 2871 1447 3015 1500; x_wconf 82' lang='grc' dir='ltr'><strong>Ἀλλ’</strong></span> <span class='ocrx_word' id='word_1_213' title='bbox 3036 1451 3064 1501; x_wconf 82' lang='grc' dir='ltr'>ὁ</span> <span class='ocrx_word' id='word_1_214' title='bbox 3099 1448 3340 1519; x_wconf 78' lang='grc' dir='ltr'><strong>ἔπαρχος</strong></span> <span class='ocrx_word' id='word_1_215' title='bbox 3366 1448 3488 1502; x_wconf 79' lang='grc' dir='ltr'><strong>οὖδέ</strong></span> <span class='ocrx_word' id='word_1_216' title='bbox 3520 1447 3694 1510; x_wconf 67' lang='grc' dir='ltr'><strong>οὓτως</strong></span> 
     </span>
    </p>
   </div>
   <div class='ocr_carea' id='block_1_32' title="bbox 2120 1539 3696 1611">
    <p class='ocr_par' dir='ltr' id='par_1_32' title="bbox 2120 1539 3696 1611">
     <span class='ocr_line' id='line_1_32' title="bbox 2120 1539 3696 1611; baseline 0.001 -20"><span class='ocrx_word' id='word_1_217' title='bbox 2120 1540 2386 1611; x_wconf 66' lang='grc' dir='ltr'><strong>ἠνέσχετο</strong></span> <span class='ocrx_word' id='word_1_218' title='bbox 2434 1539 2530 1593; x_wconf 78' lang='grc' dir='ltr'><strong>τοῦ</strong></span> <span class='ocrx_word' id='word_1_219' title='bbox 2594 1541 2876 1611; x_wconf 74' lang='grc' dir='ltr'><strong>μάρτυρος</strong></span> <span class='ocrx_word' id='word_1_220' title='bbox 2923 1539 3270 1606; x_wconf 75' lang='grc' dir='ltr'><strong>ἀποστῆναι,</strong></span> <span class='ocrx_word' id='word_1_221' title='bbox 3313 1539 3448 1594; x_wconf 77' lang='grc' dir='ltr'><strong>ἀλλὰ</strong></span> <span class='ocrx_word' id='word_1_222' title='bbox 3499 1541 3696 1609; x_wconf 82' lang='grc' dir='ltr'><strong>σχολά-</strong></span> 
     </span>
    </p>
   </div>
   <div class='ocr_carea' id='block_1_33' title="bbox 2123 1630 3698 1703">
    <p class='ocr_par' dir='ltr' id='par_1_33' title="bbox 2123 1630 3698 1703">
     <span class='ocr_line' id='line_1_33' title="bbox 2123 1630 3698 1703; baseline 0.001 -19"><span class='ocrx_word' id='word_1_223' title='bbox 2123 1647 2276 1684; x_wconf 86' lang='grc' dir='ltr'><strong>σαντι</strong></span> <span class='ocrx_word' id='word_1_224' title='bbox 2304 1630 2504 1702; x_wconf 81' lang='grc' dir='ltr'><strong>μᾶλλον</strong></span> <span class='ocrx_word' id='word_1_225' title='bbox 2563 1631 2696 1702; x_wconf 80' lang='grc' dir='ltr'><strong>παρ’</strong></span> <span class='ocrx_word' id='word_1_226' title='bbox 2751 1631 2881 1700; x_wconf 72' lang='grc' dir='ltr'><strong>ὅλην</strong></span> <span class='ocrx_word' id='word_1_227' title='bbox 2904 1630 3004 1703; x_wconf 81' lang='grc' dir='ltr'><strong>τὴν</strong></span> <span class='ocrx_word' id='word_1_228' title='bbox 3037 1631 3216 1685; x_wconf 80' lang='grc' dir='ltr'><strong>νύκτα</strong></span> <span class='ocrx_word' id='word_1_229' title='bbox 3249 1631 3445 1700; x_wconf 85' lang='grc' dir='ltr'><strong>συνῆν,</strong></span> <span class='ocrx_word' id='word_1_230' title='bbox 3475 1631 3698 1703; x_wconf 75' lang='grc' dir='ltr'><strong>ἀκριϐέ-</strong></span> 
     </span>
    </p>
   </div>
   <div class='ocr_carea' id='block_1_34' title="bbox 455 1707 2022 1800">
    <p class='ocr_par' dir='ltr' id='par_1_34' title="bbox 455 1719 2016 1800">
     <span class='ocr_line' id='line_1_34' title="bbox 455 1719 2016 1800; baseline -0.01 -14"><span class='ocrx_word' id='word_1_231' title='bbox 455 1731 569 1787; x_wconf 84' lang='lat' dir='ltr'><strong>tius</strong></span> <span class='ocrx_word' id='word_1_232' title='bbox 595 1744 695 1800; x_wconf 86' lang='lat' dir='ltr'><strong>per</strong></span> <span class='ocrx_word' id='word_1_233' title='bbox 723 1725 1056 1782; x_wconf 78' lang='lat' dir='ltr'><strong>catecliesim</strong></span> <span class='ocrx_word' id='word_1_234' title='bbox 1094 1723 1163 1776; x_wconf 88' lang='lat' dir='ltr'><strong>ab</strong></span> <span class='ocrx_word' id='word_1_235' title='bbox 1198 1736 1264 1775; x_wconf 92' lang='lat' dir='ltr'><strong>eo</strong></span> <span class='ocrx_word' id='word_1_236' title='bbox 1296 1720 1588 1776; x_wconf 89' lang='lat' dir='ltr'><strong>institutus</strong></span> <span class='ocrx_word' id='word_1_237' title='bbox 1616 1721 1672 1774; x_wconf 91' lang='lat' dir='ltr'><strong>in</strong></span> <span class='ocrx_word' id='word_1_238' title='bbox 1719 1719 1888 1773; x_wconf 88' lang='lat' dir='ltr'><strong>verbo</strong></span> <span class='ocrx_word' id='word_1_239' title='bbox 1918 1731 2016 1772; x_wconf 89' lang='lat' dir='ltr'><strong>ve-</strong></span> 
     </span>
    </p>
   </div>
   <div class='ocr_carea' id='block_1_35' title="bbox 2124 1707 3700 1800">
    <p class='ocr_par' dir='ltr' id='par_1_35' title="bbox 2124 1721 3700 1795">
     <span class='ocr_line' id='line_1_35' title="bbox 2124 1721 3700 1795; baseline 0.001 -21"><span class='ocrx_word' id='word_1_240' title='bbox 2124 1737 2318 1793; x_wconf 84' lang='grc' dir='ltr'><strong>στερον</strong></span> <span class='ocrx_word' id='word_1_241' title='bbox 2370 1721 2462 1776; x_wconf 75' lang='grc' dir='ltr'><strong>τὸν</strong></span> <span class='ocrx_word' id='word_1_242' title='bbox 2490 1721 2590 1792; x_wconf 84' lang='grc' dir='ltr'><strong>τῆς</strong></span> <span class='ocrx_word' id='word_1_243' title='bbox 2618 1721 2877 1788; x_wconf 82' lang='grc' dir='ltr'><strong>ἀληθείας</strong></span> <span class='ocrx_word' id='word_1_244' title='bbox 2908 1722 3063 1788; x_wconf 73' lang='grc' dir='ltr'><strong>λόγον</strong></span> <span class='ocrx_word' id='word_1_245' title='bbox 3088 1722 3182 1776; x_wconf 77' lang='grc' dir='ltr'><strong>ὑπ’</strong></span> <span class='ocrx_word' id='word_1_246' title='bbox 3230 1722 3396 1778; x_wconf 70' lang='grc' dir='ltr'><strong>αὑτοῦ</strong></span> <span class='ocrx_word' id='word_1_247' title='bbox 3430 1723 3700 1795; x_wconf 79' lang='grc' dir='ltr'><strong>κατηχού-</strong></span> 
     </span>
    </p>
   </div>
   <div class='ocr_carea' id='block_1_36' title="bbox 456 1808 2022 1879">
    <p class='ocr_par' dir='ltr' id='par_1_36' title="bbox 456 1808 2022 1879">
     <span class='ocr_line' id='line_1_36' title="bbox 456 1808 2022 1879; baseline -0.01 -2"><span class='ocrx_word' id='word_1_248' title='bbox 456 1820 659 1877; x_wconf 86' lang='lat' dir='ltr'><strong>ritatis.</strong></span> <span class='ocrx_word' id='word_1_249' title='bbox 685 1818 822 1875; x_wconf 86' lang='lat' dir='ltr'><strong>Cum</strong></span> <span class='ocrx_word' id='word_1_250' title='bbox 854 1828 1036 1871; x_wconf 79' lang='lat' dir='ltr'><strong>autem</strong></span> <span class='ocrx_word' id='word_1_251' title='bbox 1066 1822 1213 1870; x_wconf 87' lang='lat' dir='ltr'><strong>esset</strong></span> <span class='ocrx_word' id='word_1_252' title='bbox 1236 1827 1417 1879; x_wconf 88' lang='lat' dir='ltr'><strong>mane,</strong></span> <span class='ocrx_word' id='word_1_253' title='bbox 1448 1822 1504 1867; x_wconf 92' lang='lat' dir='ltr'><strong>et</strong></span> <span class='ocrx_word' id='word_1_254' title='bbox 1537 1821 1684 1867; x_wconf 88' lang='lat' dir='ltr'><strong>tanta</strong></span> <span class='ocrx_word' id='word_1_255' title='bbox 1713 1808 2022 1879; x_wconf 84' lang='lat' dir='ltr'><strong>frequentia</strong></span> 
     </span>
    </p>
   </div>
   <div class='ocr_carea' id='block_1_37' title="bbox 453 1905 2024 1984">
    <p class='ocr_par' dir='ltr' id='par_1_37' title="bbox 453 1905 2024 1984">
     <span class='ocr_line' id='line_1_37' title="bbox 453 1905 2024 1984; baseline -0.008 -17"><span class='ocrx_word' id='word_1_256' title='bbox 453 1919 820 1984; x_wconf 75' lang='lat' dir='ltr'><strong>congregatus</strong></span> <span class='ocrx_word' id='word_1_257' title='bbox 853 1916 998 1962; x_wconf 81' lang='lat' dir='ltr'><strong>esset</strong></span> <span class='ocrx_word' id='word_1_258' title='bbox 1029 1905 1295 1977; x_wconf 86' lang='lat' dir='ltr'><strong>populus,</strong></span> <span class='ocrx_word' id='word_1_259' title='bbox 1353 1912 1413 1958; x_wconf 89' lang='lat' dir='ltr'><strong>ut</strong></span> <span class='ocrx_word' id='word_1_260' title='bbox 1460 1919 1563 1958; x_wconf 90' lang='lat' dir='ltr'><strong>nec</strong></span> <span class='ocrx_word' id='word_1_261' title='bbox 1616 1917 1743 1958; x_wconf 91' lang='lat' dir='ltr'><strong>eum</strong></span> <span class='ocrx_word' id='word_1_262' title='bbox 1799 1907 2024 1970; x_wconf 86' lang='lat' dir='ltr'><strong>caperet</strong></span> 
     </span>
    </p>
   </div>
   <div class='ocr_carea' id='block_1_38' title="bbox 453 1991 2024 2071">
    <p class='ocr_par' dir='ltr' id='par_1_38' title="bbox 453 1991 2024 2071">
     <span class='ocr_line' id='line_1_38' title="bbox 453 1991 2024 2071; baseline -0.007 -16"><span class='ocrx_word' id='word_1_263' title='bbox 453 2001 677 2071; x_wconf 85' lang='lat' dir='ltr'><strong>quidem</strong></span> <span class='ocrx_word' id='word_1_264' title='bbox 712 2000 866 2052; x_wconf 81' lang='lat' dir='ltr'><strong>locus</strong></span> <span class='ocrx_word' id='word_1_265' title='bbox 931 1996 1152 2058; x_wconf 84' lang='lat' dir='ltr'><strong>theatri,</strong></span> <span class='ocrx_word' id='word_1_266' title='bbox 1219 2009 1328 2047; x_wconf 83' lang='lat' dir='ltr'><strong>una</strong></span> <span class='ocrx_word' id='word_1_267' title='bbox 1389 2008 1521 2048; x_wconf 90' lang='lat' dir='ltr'><strong>vero</strong></span> <span class='ocrx_word' id='word_1_268' title='bbox 1582 2007 1707 2047; x_wconf 90' lang='lat' dir='ltr'><strong>cum</strong></span> <span class='ocrx_word' id='word_1_269' title='bbox 1763 1991 2024 2062; x_wconf 73' lang='lat' dir='ltr'><strong>praefecto</strong></span> 
     </span>
    </p>
   </div>
   <div class='ocr_carea' id='block_1_39' title="bbox 454 2081 2024 2150">
    <p class='ocr_par' dir='ltr' id='par_1_39' title="bbox 454 2081 2024 2150">
     <span class='ocr_line' id='line_1_39' title="bbox 454 2081 2024 2150; baseline -0.008 -5"><span class='ocrx_word' id='word_1_270' title='bbox 454 2104 784 2145; x_wconf 81' lang='lat' dir='ltr'><strong>ascensurus</strong></span> <span class='ocrx_word' id='word_1_271' title='bbox 845 2096 992 2141; x_wconf 88' lang='lat' dir='ltr'><strong>esset</strong></span> <span class='ocrx_word' id='word_1_272' title='bbox 1042 2095 1266 2139; x_wconf 86' lang='lat' dir='ltr'><strong>sanctus</strong></span> <span class='ocrx_word' id='word_1_273' title='bbox 1308 2085 1360 2137; x_wconf 89' lang='lat' dir='ltr'><strong>in</strong></span> <span class='ocrx_word' id='word_1_274' title='bbox 1413 2081 1757 2146; x_wconf 88' lang='lat' dir='ltr'><strong>concionem,</strong></span> <span class='ocrx_word' id='word_1_275' title='bbox 1828 2095 2024 2150; x_wconf 80' lang='lat' dir='ltr'><strong>magna</strong></span> 
     </span>
    </p>
   </div>
   <div class='ocr_carea' id='block_1_40' title="bbox 453 2173 2021 2249">
    <p class='ocr_par' dir='ltr' id='par_1_40' title="bbox 453 2173 2021 2249">
     <span class='ocr_line' id='line_1_40' title="bbox 453 2173 2021 2249; baseline -0.009 -12"><span class='ocrx_word' id='word_1_276' title='bbox 453 2180 752 2237; x_wconf 86' lang='lat' dir='ltr'><strong>multitudo</strong></span> <span class='ocrx_word' id='word_1_277' title='bbox 799 2178 1082 2249; x_wconf 74' lang='lat' dir='ltr'><strong>gentilium</strong></span> <span class='ocrx_word' id='word_1_278' title='bbox 1113 2185 1304 2230; x_wconf 88' lang='lat' dir='ltr'><strong>sancto</strong></span> <span class='ocrx_word' id='word_1_279' title='bbox 1354 2173 1539 2228; x_wconf 84' lang='lat' dir='ltr'><strong>dedita</strong></span> <span class='ocrx_word' id='word_1_280' title='bbox 1592 2186 1760 2241; x_wconf 83' lang='lat' dir='ltr'><strong>Opera</strong></span> <span class='ocrx_word' id='word_1_281' title='bbox 1818 2185 2021 2224; x_wconf 86' lang='lat' dir='ltr'><strong>occur-</strong></span> 
     </span>
    </p>
   </div>
   <div class='ocr_carea' id='block_1_41' title="bbox 455 2265 2020 2343">
    <p class='ocr_par' dir='ltr' id='par_1_41' title="bbox 455 2265 2020 2343">
     <span class='ocr_line' id='line_1_41' title="bbox 455 2265 2020 2343; baseline -0.008 -12"><span class='ocrx_word' id='word_1_282' title='bbox 455 2291 605 2343; x_wconf 89' lang='lat' dir='ltr'><strong>rens,</strong></span> <span class='ocrx_word' id='word_1_283' title='bbox 640 2284 897 2342; x_wconf 84' lang='lat' dir='ltr'><strong>tanquam</strong></span> <span class='ocrx_word' id='word_1_284' title='bbox 933 2285 1043 2325; x_wconf 87' lang='lat' dir='ltr'><strong>uno</strong></span> <span class='ocrx_word' id='word_1_285' title='bbox 1073 2285 1207 2325; x_wconf 88' lang='lat' dir='ltr'><strong>ore:</strong></span> <span class='ocrx_word' id='word_1_286' title='bbox 1245 2266 1447 2323; x_wconf 91' lang='lat' dir='ltr'><strong>Omnes</strong></span> <span class='ocrx_word' id='word_1_287' title='bbox 1482 2281 1604 2330; x_wconf 90' lang='lat' dir='ltr'><strong>nos,</strong></span> <span class='ocrx_word' id='word_1_288' title='bbox 1631 2265 1874 2331; x_wconf 85' lang='lat' dir='ltr'><strong>dicebat,</strong></span> <span class='ocrx_word' id='word_1_289' title='bbox 1905 2279 2020 2318; x_wconf 89' lang='lat' dir='ltr'><strong>cre-</strong></span> 
     </span>
    </p>
   </div>
   <div class='ocr_carea' id='block_1_42' title="bbox 452 2357 2025 2433">
    <p class='ocr_par' dir='ltr' id='par_1_42' title="bbox 452 2357 2025 2433">
     <span class='ocr_line' id='line_1_42' title="bbox 452 2357 2025 2433; baseline -0.009 -9"><span class='ocrx_word' id='word_1_290' title='bbox 452 2368 635 2424; x_wconf 87' lang='lat' dir='ltr'><strong>dimus</strong></span> <span class='ocrx_word' id='word_1_291' title='bbox 663 2365 795 2428; x_wconf 85' lang='lat' dir='ltr'><strong>Deo,</strong></span> <span class='ocrx_word' id='word_1_292' title='bbox 841 2364 1001 2433; x_wconf 85' lang='lat' dir='ltr'><strong>quia</strong></span> <span class='ocrx_word' id='word_1_293' title='bbox 1059 2369 1110 2416; x_wconf 88' lang='lat' dir='ltr'><strong>te</strong></span> <span class='ocrx_word' id='word_1_294' title='bbox 1159 2361 1512 2430; x_wconf 69' lang='lat' dir='ltr'><strong>praedicatur,</strong></span> <span class='ocrx_word' id='word_1_295' title='bbox 1565 2367 1622 2412; x_wconf 91' lang='lat' dir='ltr'><strong>et</strong></span> <span class='ocrx_word' id='word_1_296' title='bbox 1675 2359 1788 2429; x_wconf 87' lang='lat' dir='ltr'><strong>jam</strong></span> <span class='ocrx_word' id='word_1_297' title='bbox 1839 2357 2025 2411; x_wconf 82' lang='lat' dir='ltr'><strong>omnia</strong></span> 
     </span>
    </p>
   </div>
   <div class='ocr_carea' id='block_1_43' title="bbox 452 2447 2022 2526">
    <p class='ocr_par' dir='ltr' id='par_1_43' title="bbox 452 2447 2022 2526">
     <span class='ocr_line' id='line_1_43' title="bbox 452 2447 2022 2526; baseline -0.007 -16"><span class='ocrx_word' id='word_1_298' title='bbox 452 2462 808 2526; x_wconf 77' lang='lat' dir='ltr'><strong>negamus,et</strong></span> <span class='ocrx_word' id='word_1_299' title='bbox 833 2452 884 2506; x_wconf 91' lang='lat' dir='ltr'><strong>ei</strong></span> <span class='ocrx_word' id='word_1_300' title='bbox 917 2451 1018 2506; x_wconf 88' lang='lat' dir='ltr'><strong>soli</strong></span> <span class='ocrx_word' id='word_1_301' title='bbox 1041 2450 1274 2503; x_wconf 80' lang='lat' dir='ltr'><strong>militare</strong></span> <span class='ocrx_word' id='word_1_302' title='bbox 1303 2457 1358 2504; x_wconf 92' lang='lat' dir='ltr'><strong>et</strong></span> <span class='ocrx_word' id='word_1_303' title='bbox 1383 2450 1590 2504; x_wconf 80' lang='lat' dir='ltr'><strong>servire</strong></span> <span class='ocrx_word' id='word_1_304' title='bbox 1618 2447 2022 2503; x_wconf 84' lang='lat' dir='ltr'><strong>constituimus.</strong></span> 
     </span>
    </p>
   </div>
   <div class='ocr_carea' id='block_1_44' title="bbox 451 2535 2024 2609">
    <p class='ocr_par' dir='ltr' id='par_1_44' title="bbox 451 2535 2024 2609">
     <span class='ocr_line' id='line_1_44' title="bbox 451 2535 2024 2609; baseline -0.007 -10"><span class='ocrx_word' id='word_1_305' title='bbox 451 2544 590 2601; x_wconf 88' lang='lat' dir='ltr'><strong>Cum</strong></span> <span class='ocrx_word' id='word_1_306' title='bbox 625 2543 738 2597; x_wconf 89' lang='lat' dir='ltr'><strong>Deo</strong></span> <span class='ocrx_word' id='word_1_307' title='bbox 763 2550 946 2594; x_wconf 87' lang='lat' dir='ltr'><strong>autem</strong></span> <span class='ocrx_word' id='word_1_308' title='bbox 978 2540 1180 2609; x_wconf 82' lang='lat' dir='ltr'><strong>gratias</strong></span> <span class='ocrx_word' id='word_1_309' title='bbox 1210 2537 1409 2608; x_wconf 80' lang='lat' dir='ltr'><strong>egisset</strong></span> <span class='ocrx_word' id='word_1_310' title='bbox 1433 2547 1678 2602; x_wconf 90' lang='lat' dir='ltr'><strong>sanctus,</strong></span> <span class='ocrx_word' id='word_1_311' title='bbox 1709 2547 1764 2591; x_wconf 89' lang='lat' dir='ltr'><strong>et</strong></span> <span class='ocrx_word' id='word_1_312' title='bbox 1803 2535 2024 2590; x_wconf 84' lang='lat' dir='ltr'><strong>laudas-</strong></span> 
     </span>
    </p>
   </div>
   <div class='ocr_carea' id='block_1_45' title="bbox 455 2628 2021 2700">
    <p class='ocr_par' dir='ltr' id='par_1_45' title="bbox 455 2628 2021 2700">
     <span class='ocr_line' id='line_1_45' title="bbox 455 2628 2021 2700; baseline -0.009 -8"><span class='ocrx_word' id='word_1_313' title='bbox 455 2645 540 2692; x_wconf 83' lang='lat' dir='ltr'><strong>set</strong></span> <span class='ocrx_word' id='word_1_314' title='bbox 572 2633 981 2690; x_wconf 86' lang='lat' dir='ltr'><strong>multitudinem</strong></span> <span class='ocrx_word' id='word_1_315' title='bbox 1024 2639 1251 2700; x_wconf 80' lang='lat' dir='ltr'><strong>prapter</strong></span> <span class='ocrx_word' id='word_1_316' title='bbox 1298 2630 1533 2684; x_wconf 90' lang='lat' dir='ltr'><strong>celerem</strong></span> <span class='ocrx_word' id='word_1_317' title='bbox 1581 2628 2021 2690; x_wconf 85' lang='lat' dir='ltr'><strong>conversionem,</strong></span> 
     </span>
    </p>
   </div>
   <div class='ocr_carea' id='block_1_46' title="bbox 455 2719 2025 2794">
    <p class='ocr_par' dir='ltr' id='par_1_46' title="bbox 455 2719 2025 2794">
     <span class='ocr_line' id='line_1_46' title="bbox 455 2719 2025 2794; baseline -0.007 -10"><span class='ocrx_word' id='word_1_318' title='bbox 455 2737 512 2784; x_wconf 88' lang='lat' dir='ltr'><strong>et</strong></span> <span class='ocrx_word' id='word_1_319' title='bbox 561 2728 812 2792; x_wconf 79' lang='lat' dir='ltr'><strong>dixisset,</strong></span> <span class='ocrx_word' id='word_1_320' title='bbox 850 2722 996 2794; x_wconf 91' lang='lat' dir='ltr'><strong>quod</strong></span> <span class='ocrx_word' id='word_1_321' title='bbox 1025 2737 1128 2776; x_wconf 88' lang='lat' dir='ltr'><strong>nec</strong></span> <span class='ocrx_word' id='word_1_322' title='bbox 1157 2721 1410 2791; x_wconf 91' lang='lat' dir='ltr'><strong>protinus</strong></span> <span class='ocrx_word' id='word_1_323' title='bbox 1454 2720 1676 2790; x_wconf 89' lang='lat' dir='ltr'><strong>quidem</strong></span> <span class='ocrx_word' id='word_1_324' title='bbox 1723 2719 2025 2773; x_wconf 82' lang='lat' dir='ltr'><strong>credidisse</strong></span> 
     </span>
    </p>
   </div>
   <div class='ocr_carea' id='block_1_47' title="bbox 455 2811 2026 2883">
    <p class='ocr_par' dir='ltr' id='par_1_47' title="bbox 455 2811 2026 2883">
     <span class='ocr_line' id='line_1_47' title="bbox 455 2811 2026 2883; baseline -0.008 -7"><span class='ocrx_word' id='word_1_325' title='bbox 455 2836 580 2876; x_wconf 71' lang='lat' dir='ltr'><strong>cum</strong></span> <span class='ocrx_word' id='word_1_326' title='bbox 619 2817 952 2881; x_wconf 85' lang='lat' dir='ltr'><strong>audiverim,</strong></span> <span class='ocrx_word' id='word_1_327' title='bbox 987 2827 1167 2883; x_wconf 90' lang='lat' dir='ltr'><strong>neque</strong></span> <span class='ocrx_word' id='word_1_328' title='bbox 1203 2826 1323 2868; x_wconf 89' lang='lat' dir='ltr'><strong>esse</strong></span> <span class='ocrx_word' id='word_1_329' title='bbox 1373 2822 1661 2868; x_wconf 88' lang='lat' dir='ltr'><strong>cunctatos</strong></span> <span class='ocrx_word' id='word_1_330' title='bbox 1702 2812 1887 2865; x_wconf 89' lang='lat' dir='ltr'><strong>animo</strong></span> <span class='ocrx_word' id='word_1_331' title='bbox 1930 2811 2026 2864; x_wconf 88' lang='lat' dir='ltr'><strong>du-</strong></span> 
     </span>
    </p>
   </div>
   <div class='ocr_carea' id='block_1_48' title="bbox 457 2903 2025 2978">
    <p class='ocr_par' dir='ltr' id='par_1_48' title="bbox 457 2903 2025 2978">
     <span class='ocr_line' id='line_1_48' title="bbox 457 2903 2025 2978; baseline -0.005 -14"><span class='ocrx_word' id='word_1_332' title='bbox 457 2911 720 2976; x_wconf 88' lang='lat' dir='ltr'><strong>bitantes,</strong></span> <span class='ocrx_word' id='word_1_333' title='bbox 755 2907 899 2978; x_wconf 87' lang='lat' dir='ltr'><strong>apud</strong></span> <span class='ocrx_word' id='word_1_334' title='bbox 932 2907 1105 2960; x_wconf 90' lang='lat' dir='ltr'><strong>Deum</strong></span> <span class='ocrx_word' id='word_1_335' title='bbox 1135 2913 1286 2959; x_wconf 89' lang='lat' dir='ltr'><strong>caret</strong></span> <span class='ocrx_word' id='word_1_336' title='bbox 1315 2903 1571 2958; x_wconf 88' lang='lat' dir='ltr'><strong>mercede</strong></span> <span class='ocrx_word' id='word_1_337' title='bbox 1599 2921 1612 2957; x_wconf 92' lang='lat'>:</span> <span class='ocrx_word' id='word_1_338' title='bbox 1648 2904 1865 2973; x_wconf 90' lang='lat' dir='ltr'><strong>etquod</strong></span> <span class='ocrx_word' id='word_1_339' title='bbox 1900 2919 2025 2956; x_wconf 83' lang='lat' dir='ltr'><strong>mox</strong></span> 
     </span>
    </p>
   </div>
   <div class='ocr_carea' id='block_1_49' title="bbox 456 2993 2097 3096">
    <p class='ocr_par' dir='ltr' id='par_1_49' title="bbox 456 2993 2097 3096">
     <span class='ocr_line' id='line_1_49' title="bbox 456 2993 2097 3096; baseline -0.005 -41"><span class='ocrx_word' id='word_1_340' title='bbox 456 3001 744 3070; x_wconf 81' lang='lat' dir='ltr'><strong>baptizati,</strong></span> <span class='ocrx_word' id='word_1_341' title='bbox 781 2998 955 3052; x_wconf 90' lang='lat' dir='ltr'><strong>futuri</strong></span> <span class='ocrx_word' id='word_1_342' title='bbox 985 2997 1095 3052; x_wconf 90' lang='lat' dir='ltr'><strong>sint</strong></span> <span class='ocrx_word' id='word_1_343' title='bbox 1123 2995 1422 3066; x_wconf 83' lang='lat' dir='ltr'><strong>participes</strong></span> <span class='ocrx_word' id='word_1_344' title='bbox 1453 2995 1725 3050; x_wconf 92' lang='lat' dir='ltr'><strong>donorum</strong></span> <span class='ocrx_word' id='word_1_345' title='bbox 1788 2993 2019 3056; x_wconf 84' lang='lat' dir='ltr'><strong>Christi,</strong></span> <span class='ocrx_word' id='word_1_346' title='bbox 2051 3036 2097 3096; x_wconf 65' lang='grc' dir='ltr'><strong>ϐ</strong></span> 
     </span>
    </p>
   </div>
   <div class='ocr_carea' id='block_1_50' title="bbox 455 3087 1856 3161">
    <p class='ocr_par' dir='ltr' id='par_1_50' title="bbox 455 3087 1856 3161">
     <span class='ocr_line' id='line_1_50' title="bbox 455 3087 1856 3161; baseline -0.006 -11"><span class='ocrx_word' id='word_1_347' title='bbox 455 3111 581 3150; x_wconf 88' lang='lat' dir='ltr'><strong>cum</strong></span> <span class='ocrx_word' id='word_1_348' title='bbox 613 3108 721 3148; x_wconf 86' lang='lat' dir='ltr'><strong>una</strong></span> <span class='ocrx_word' id='word_1_349' title='bbox 745 3107 870 3146; x_wconf 89' lang='lat' dir='ltr'><strong>cum</strong></span> <span class='ocrx_word' id='word_1_350' title='bbox 907 3089 1168 3161; x_wconf 83' lang='lat' dir='ltr'><strong>praefecto</strong></span> <span class='ocrx_word' id='word_1_351' title='bbox 1195 3087 1552 3155; x_wconf 87' lang='lat' dir='ltr'><strong>ascendisset,</strong></span> <span class='ocrx_word' id='word_1_352' title='bbox 1583 3087 1856 3141; x_wconf 88' lang='lat' dir='ltr'><strong>constitit.</strong></span> 
     </span>
    </p>
   </div>
   <div class='ocr_carea' id='block_1_51' title="bbox 525 3265 2018 3342">
    <p class='ocr_par' dir='ltr' id='par_1_51' title="bbox 525 3265 2018 3342">
     <span class='ocr_line' id='line_1_51' title="bbox 525 3265 2018 3342; baseline -0.007 -11"><span class='ocrx_word' id='word_1_353' title='bbox 525 3273 714 3331; x_wconf 77' lang='lat' dir='ltr'><strong>XXIII.</strong></span> <span class='ocrx_word' id='word_1_354' title='bbox 761 3273 1054 3342; x_wconf 85' lang='lat' dir='ltr'><strong>Postquam</strong></span> <span class='ocrx_word' id='word_1_355' title='bbox 1100 3277 1280 3324; x_wconf 88' lang='lat' dir='ltr'><strong>autem</strong></span> <span class='ocrx_word' id='word_1_356' title='bbox 1325 3268 1547 3323; x_wconf 87' lang='lat' dir='ltr'><strong>intuens</strong></span> <span class='ocrx_word' id='word_1_357' title='bbox 1590 3267 1656 3320; x_wconf 89' lang='lat' dir='ltr'><strong>ad</strong></span> <span class='ocrx_word' id='word_1_358' title='bbox 1708 3265 1968 3337; x_wconf 85' lang='lat' dir='ltr'><strong>pOpulum</strong></span> <span class='ocrx_word' id='word_1_359' title='bbox 2004 3282 2018 3320; x_wconf 87' lang='lat'><strong>:</strong></span> 
     </span>
    </p>
   </div>
   <div class='ocr_carea' id='block_1_52' title="bbox 455 3355 2019 3428">
    <p class='ocr_par' dir='ltr' id='par_1_52' title="bbox 455 3355 2019 3428">
     <span class='ocr_line' id='line_1_52' title="bbox 455 3355 2019 3428; baseline -0.009 -7"><span class='ocrx_word' id='word_1_360' title='bbox 455 3369 620 3427; x_wconf 85' lang='lat' dir='ltr'><strong>Dens,</strong></span> <span class='ocrx_word' id='word_1_361' title='bbox 649 3365 809 3428; x_wconf 78' lang='lat' dir='ltr'><strong>dixit,</strong></span> <span class='ocrx_word' id='word_1_362' title='bbox 841 3377 940 3415; x_wconf 88' lang='lat' dir='ltr'><strong>vos</strong></span> <span class='ocrx_word' id='word_1_363' title='bbox 1009 3375 1110 3415; x_wconf 90' lang='lat' dir='ltr'><strong>suo</strong></span> <span class='ocrx_word' id='word_1_364' title='bbox 1153 3359 1400 3428; x_wconf 84' lang='lat' dir='ltr'><strong>perficiat</strong></span> <span class='ocrx_word' id='word_1_365' title='bbox 1446 3356 1750 3428; x_wconf 75' lang='lat' dir='ltr'><strong>signaculo,</strong></span> <span class='ocrx_word' id='word_1_366' title='bbox 1795 3366 1851 3410; x_wconf 93' lang='lat' dir='ltr'><strong>et</strong></span> <span class='ocrx_word' id='word_1_367' title='bbox 1896 3355 2019 3408; x_wconf 84' lang='lat' dir='ltr'><strong>red-</strong></span> 
     </span>
    </p>
   </div>
   <div class='ocr_carea' id='block_1_53' title="bbox 451 3447 2022 3519">
    <p class='ocr_par' dir='ltr' id='par_1_53' title="bbox 451 3447 2022 3519">
     <span class='ocr_line' id='line_1_53' title="bbox 451 3447 2022 3519; baseline -0.008 -8"><span class='ocrx_word' id='word_1_368' title='bbox 451 3455 670 3510; x_wconf 87' lang='lat' dir='ltr'><strong>datsibi</strong></span> <span class='ocrx_word' id='word_1_369' title='bbox 703 3453 772 3507; x_wconf 91' lang='lat' dir='ltr'><strong>ad</strong></span> <span class='ocrx_word' id='word_1_370' title='bbox 797 3465 963 3506; x_wconf 90' lang='lat' dir='ltr'><strong>omne</strong></span> <span class='ocrx_word' id='word_1_371' title='bbox 991 3463 1131 3519; x_wconf 83' lang='lat' dir='ltr'><strong>Opus</strong></span> <span class='ocrx_word' id='word_1_372' title='bbox 1162 3447 1346 3511; x_wconf 89' lang='lat' dir='ltr'><strong>utiles,</strong></span> <span class='ocrx_word' id='word_1_373' title='bbox 1373 3447 1541 3516; x_wconf 84' lang='lat' dir='ltr'><strong>jussit</strong></span> <span class='ocrx_word' id='word_1_374' title='bbox 1572 3458 2022 3514; x_wconf 86' lang='lat' dir='ltr'><strong>unumquemque</strong></span> 
     </span>
    </p>
   </div>
   <div class='ocr_carea' id='block_1_54' title="bbox 452 3535 2023 3617">
    <p class='ocr_par' dir='ltr' id='par_1_54' title="bbox 452 3535 2023 3617">
     <span class='ocr_line' id='line_1_54' title="bbox 452 3535 2023 3617; baseline -0.008 -16"><span class='ocrx_word' id='word_1_375' title='bbox 452 3561 647 3617; x_wconf 76' lang='lat' dir='ltr'><strong>rogare</strong></span> <span class='ocrx_word' id='word_1_376' title='bbox 676 3553 732 3599; x_wconf 88' lang='lat' dir='ltr'><strong>et</strong></span> <span class='ocrx_word' id='word_1_377' title='bbox 771 3543 986 3598; x_wconf 91' lang='lat' dir='ltr'><strong>discere</strong></span> <span class='ocrx_word' id='word_1_378' title='bbox 1015 3540 1083 3595; x_wconf 90' lang='lat' dir='ltr'><strong>de</strong></span> <span class='ocrx_word' id='word_1_379' title='bbox 1128 3539 1262 3604; x_wconf 89' lang='lat' dir='ltr'><strong>Deo,</strong></span> <span class='ocrx_word' id='word_1_380' title='bbox 1298 3537 1444 3606; x_wconf 82' lang='lat' dir='ltr'><strong>quod</strong></span> <span class='ocrx_word' id='word_1_381' title='bbox 1497 3536 1687 3591; x_wconf 84' lang='lat' dir='ltr'><strong>vellet.</strong></span> <span class='ocrx_word' id='word_1_382' title='bbox 1723 3535 2023 3591; x_wconf 69' lang='lat' dir='ltr'><strong>Praefectus</strong></span> 
     </span>
    </p>
   </div>
   <div class='ocr_carea' id='block_1_55' title="bbox 451 3627 2022 3703">
    <p class='ocr_par' dir='ltr' id='par_1_55' title="bbox 451 3627 2022 3703">
     <span class='ocr_line' id='line_1_55' title="bbox 451 3627 2022 3703; baseline -0.008 -9"><span class='ocrx_word' id='word_1_383' title='bbox 451 3654 582 3694; x_wconf 87' lang='lat' dir='ltr'><strong>vero</strong></span> <span class='ocrx_word' id='word_1_384' title='bbox 609 3651 733 3691; x_wconf 90' lang='lat' dir='ltr'><strong>cum</strong></span> <span class='ocrx_word' id='word_1_385' title='bbox 770 3643 883 3688; x_wconf 89' lang='lat' dir='ltr'><strong>toto</strong></span> <span class='ocrx_word' id='word_1_386' title='bbox 924 3631 1124 3703; x_wconf 92' lang='lat' dir='ltr'><strong>populo</strong></span> <span class='ocrx_word' id='word_1_387' title='bbox 1156 3647 1171 3686; x_wconf 86' lang='lat'><strong>:</strong></span> <span class='ocrx_word' id='word_1_388' title='bbox 1225 3628 1301 3683; x_wconf 89' lang='lat' dir='ltr'><strong>De</strong></span> <span class='ocrx_word' id='word_1_389' title='bbox 1337 3639 1450 3693; x_wconf 90' lang='lat' dir='ltr'><strong>tuo,</strong></span> <span class='ocrx_word' id='word_1_390' title='bbox 1491 3628 1692 3698; x_wconf 83' lang='lat' dir='ltr'><strong>inquit,</strong></span> <span class='ocrx_word' id='word_1_391' title='bbox 1734 3627 1846 3682; x_wconf 89' lang='lat' dir='ltr'><strong>Deo</strong></span> <span class='ocrx_word' id='word_1_392' title='bbox 1871 3627 2022 3682; x_wconf 85' lang='lat' dir='ltr'><strong>nulla</strong></span> 
     </span>
    </p>
   </div>
   <div class='ocr_carea' id='block_1_56' title="bbox 449 3718 2020 3789">
    <p class='ocr_par' dir='ltr' id='par_1_56' title="bbox 449 3718 2020 3789">
     <span class='ocr_line' id='line_1_56' title="bbox 449 3718 2020 3789; baseline -0.007 -5"><span class='ocrx_word' id='word_1_393' title='bbox 449 3740 534 3785; x_wconf 87' lang='lat' dir='ltr'><strong>est</strong></span> <span class='ocrx_word' id='word_1_394' title='bbox 578 3729 737 3782; x_wconf 87' lang='lat' dir='ltr'><strong>nobis</strong></span> <span class='ocrx_word' id='word_1_395' title='bbox 766 3725 1061 3787; x_wconf 87' lang='lat' dir='ltr'><strong>dubitatio,</strong></span> <span class='ocrx_word' id='word_1_396' title='bbox 1104 3736 1139 3776; x_wconf 90' lang='grc' dir='ltr'><strong>ο</strong></span> <span class='ocrx_word' id='word_1_397' title='bbox 1176 3719 1546 3776; x_wconf 86' lang='lat' dir='ltr'><strong>sanctissime.</strong></span> <span class='ocrx_word' id='word_1_398' title='bbox 1596 3718 1793 3774; x_wconf 89' lang='lat' dir='ltr'><strong>Omnia</strong></span> <span class='ocrx_word' id='word_1_399' title='bbox 1826 3727 2020 3789; x_wconf 87' lang='lat' dir='ltr'><strong>aperte</strong></span> 
     </span>
    </p>
   </div>
   <div class='ocr_carea' id='block_1_57' title="bbox 449 3810 2019 3891">
    <p class='ocr_par' dir='ltr' id='par_1_57' title="bbox 449 3810 2019 3891">
     <span class='ocr_line' id='line_1_57' title="bbox 449 3810 2019 3891; baseline -0.006 -17"><span class='ocrx_word' id='word_1_400' title='bbox 449 3819 827 3891; x_wconf 77' lang='lat' dir='ltr'><strong>cognovimus,</strong></span> <span class='ocrx_word' id='word_1_401' title='bbox 877 3825 934 3871; x_wconf 92' lang='lat' dir='ltr'><strong>et</strong></span> <span class='ocrx_word' id='word_1_402' title='bbox 989 3812 1271 3879; x_wconf 88' lang='lat' dir='ltr'><strong>omnibus,</strong></span> <span class='ocrx_word' id='word_1_403' title='bbox 1335 3827 1458 3882; x_wconf 69' lang='lat' dir='ltr'><strong>quae</strong></span> <span class='ocrx_word' id='word_1_404' title='bbox 1502 3827 1534 3866; x_wconf 86' lang='lat' dir='ltr'><strong>a</strong></span> <span class='ocrx_word' id='word_1_405' title='bbox 1581 3820 1632 3865; x_wconf 91' lang='lat' dir='ltr'><strong>te</strong></span> <span class='ocrx_word' id='word_1_406' title='bbox 1678 3810 1825 3865; x_wconf 90' lang='lat' dir='ltr'><strong>dicta</strong></span> <span class='ocrx_word' id='word_1_407' title='bbox 1870 3818 2019 3876; x_wconf 90' lang='lat' dir='ltr'><strong>sunt,</strong></span> 
     </span>
    </p>
   </div>
   <div class='ocr_carea' id='block_1_58' title="bbox 449 3901 2023 3971">
    <p class='ocr_par' dir='ltr' id='par_1_58' title="bbox 449 3901 2023 3971">
     <span class='ocr_line' id='line_1_58' title="bbox 449 3901 2023 3971; baseline -0.008 -5"><span class='ocrx_word' id='word_1_408' title='bbox 449 3910 805 3966; x_wconf 86' lang='lat' dir='ltr'><strong>credidimus.</strong></span> <span class='ocrx_word' id='word_1_409' title='bbox 842 3905 1024 3962; x_wconf 88' lang='lat' dir='ltr'><strong>Unum</strong></span> <span class='ocrx_word' id='word_1_410' title='bbox 1068 3903 1244 3958; x_wconf 86' lang='lat' dir='ltr'><strong>solum</strong></span> <span class='ocrx_word' id='word_1_411' title='bbox 1296 3903 1557 3971; x_wconf 89' lang='lat' dir='ltr'><strong>petimus,</strong></span> <span class='ocrx_word' id='word_1_412' title='bbox 1613 3909 1671 3956; x_wconf 92' lang='lat' dir='ltr'><strong>ut</strong></span> <span class='ocrx_word' id='word_1_413' title='bbox 1719 3901 1832 3955; x_wconf 84' lang='lat' dir='ltr'><strong>Deo</strong></span> <span class='ocrx_word' id='word_1_414' title='bbox 1889 3916 2023 3955; x_wconf 90' lang='lat' dir='ltr'><strong>con-</strong></span> 
     </span>
    </p>
   </div>
   <div class='ocr_carea' id='block_1_59' title="bbox 445 3993 2020 4078">
    <p class='ocr_par' dir='ltr' id='par_1_59' title="bbox 445 3993 2020 4078">
     <span class='ocr_line' id='line_1_59' title="bbox 445 3993 2020 4078; baseline -0.006 -21"><span class='ocrx_word' id='word_1_415' title='bbox 445 4007 764 4078; x_wconf 81' lang='lat' dir='ltr'><strong>jungamur,</strong></span> <span class='ocrx_word' id='word_1_416' title='bbox 792 4011 849 4055; x_wconf 90' lang='lat' dir='ltr'><strong>et</strong></span> <span class='ocrx_word' id='word_1_417' title='bbox 878 3997 1174 4053; x_wconf 87' lang='lat' dir='ltr'><strong>familiares</strong></span> <span class='ocrx_word' id='word_1_418' title='bbox 1205 3994 1501 4050; x_wconf 83' lang='lat' dir='ltr'><strong>reddamur</strong></span> <span class='ocrx_word' id='word_1_419' title='bbox 1530 4007 1630 4064; x_wconf 86' lang='lat' dir='ltr'><strong>per</strong></span> <span class='ocrx_word' id='word_1_420' title='bbox 1659 3993 2020 4063; x_wconf 86' lang='lat' dir='ltr'><strong>baptismum.</strong></span> 
     </span>
    </p>
   </div>
   <div class='ocr_carea' id='block_1_60' title="bbox 449 4084 2025 4162">
    <p class='ocr_par' dir='ltr' id='par_1_60' title="bbox 449 4084 2025 4162">
     <span class='ocr_line' id='line_1_60' title="bbox 449 4084 2025 4162; baseline -0.009 -11"><span class='ocrx_word' id='word_1_421' title='bbox 449 4095 589 4151; x_wconf 74' lang='lat' dir='ltr'><strong>Cum</strong></span> <span class='ocrx_word' id='word_1_422' title='bbox 623 4093 809 4162; x_wconf 87' lang='lat' dir='ltr'><strong>itaque</strong></span> <span class='ocrx_word' id='word_1_423' title='bbox 871 4088 1222 4144; x_wconf 89' lang='lat' dir='ltr'><strong>consensisse</strong></span> <span class='ocrx_word' id='word_1_424' title='bbox 1277 4084 1599 4156; x_wconf 67' lang='lat' dir='ltr'><strong>praefectum</strong></span> <span class='ocrx_word' id='word_1_425' title='bbox 1647 4084 1878 4139; x_wconf 83' lang='lat' dir='ltr'><strong>vidisset</strong></span> <span class='ocrx_word' id='word_1_426' title='bbox 1923 4099 2025 4154; x_wconf 90' lang='lat' dir='ltr'><strong>po-</strong></span> 
     </span>
    </p>
   </div>
   <div class='ocr_carea' id='block_1_61' title="bbox 450 4180 2023 4260">
    <p class='ocr_par' dir='ltr' id='par_1_61' title="bbox 450 4180 2023 4260">
     <span class='ocr_line' id='line_1_61' title="bbox 450 4180 2023 4260; baseline -0.008 -16"><span class='ocrx_word' id='word_1_427' title='bbox 450 4189 655 4260; x_wconf 88' lang='lat' dir='ltr'><strong>pulus:</strong></span> <span class='ocrx_word' id='word_1_428' title='bbox 690 4188 926 4250; x_wconf 78' lang='lat' dir='ltr'><strong>ltevera,</strong></span> <span class='ocrx_word' id='word_1_429' title='bbox 967 4185 1250 4248; x_wconf 81' lang='lat' dir='ltr'><strong>dixerunt,</strong></span> <span class='ocrx_word' id='word_1_430' title='bbox 1283 4196 1393 4236; x_wconf 93' lang='lat' dir='ltr'><strong>non</strong></span> <span class='ocrx_word' id='word_1_431' title='bbox 1443 4191 1528 4235; x_wconf 89' lang='lat' dir='ltr'><strong>est</strong></span> <span class='ocrx_word' id='word_1_432' title='bbox 1573 4180 1719 4234; x_wconf 91' lang='lat' dir='ltr'><strong>Deus</strong></span> <span class='ocrx_word' id='word_1_433' title='bbox 1765 4187 2023 4248; x_wconf 85' lang='lat' dir='ltr'><strong>acceptor</strong></span> 
     </span>
    </p>
   </div>
   <div class='ocr_carea' id='block_1_62' title="bbox 449 4274 2025 4353">
    <p class='ocr_par' dir='ltr' id='par_1_62' title="bbox 449 4274 2025 4353">
     <span class='ocr_line' id='line_1_62' title="bbox 449 4274 2025 4353; baseline -0.006 -18"><span class='ocrx_word' id='word_1_434' title='bbox 449 4295 834 4353; x_wconf 86' lang='lat' dir='ltr'><strong>personarum,</strong></span> <span class='ocrx_word' id='word_1_435' title='bbox 879 4275 1070 4346; x_wconf 89' lang='lat' dir='ltr'><strong>utqui</strong></span> <span class='ocrx_word' id='word_1_436' title='bbox 1101 4283 1329 4345; x_wconf 82' lang='lat' dir='ltr'><strong>propter</strong></span> <span class='ocrx_word' id='word_1_437' title='bbox 1362 4274 1799 4328; x_wconf 88' lang='lat' dir='ltr'><strong>moderationem</strong></span> <span class='ocrx_word' id='word_1_438' title='bbox 1830 4279 1887 4326; x_wconf 90' lang='lat' dir='ltr'><strong>et</strong></span> <span class='ocrx_word' id='word_1_439' title='bbox 1928 4286 2025 4326; x_wconf 82' lang='lat' dir='ltr'><strong>cu-</strong></span> 
     </span>
    </p>
   </div>
   <div class='ocr_carea' id='block_1_63' title="bbox 2129 1810 3698 1886">
    <p class='ocr_par' dir='ltr' id='par_1_63' title="bbox 2129 1810 3698 1886">
     <span class='ocr_line' id='line_1_63' title="bbox 2129 1810 3698 1886; baseline 0.002 -20"><span class='ocrx_word' id='word_1_440' title='bbox 2129 1831 2310 1884; x_wconf 86' lang='grc' dir='ltr'><strong>μενος.</strong></span> <span class='ocrx_word' id='word_1_441' title='bbox 2351 1814 2506 1867; x_wconf 80' lang='grc' dir='ltr'><strong>Ἐπεὶ</strong></span> <span class='ocrx_word' id='word_1_442' title='bbox 2540 1813 2597 1867; x_wconf 78' lang='grc' dir='ltr'>δὲ</span> <span class='ocrx_word' id='word_1_443' title='bbox 2627 1813 2822 1884; x_wconf 77' lang='grc' dir='ltr'><strong>ὃρθρος</strong></span> <span class='ocrx_word' id='word_1_444' title='bbox 2849 1831 2907 1868; x_wconf 85' lang='grc' dir='ltr'><strong>τε</strong></span> <span class='ocrx_word' id='word_1_445' title='bbox 2953 1810 3043 1885; x_wconf 83' lang='grc' dir='ltr'><strong>ἦν,</strong></span> <span class='ocrx_word' id='word_1_446' title='bbox 3108 1815 3202 1870; x_wconf 75' lang='grc' dir='ltr'><strong>καὶ</strong></span> <span class='ocrx_word' id='word_1_447' title='bbox 3255 1817 3318 1886; x_wconf 74' lang='grc' dir='ltr'><strong>η’</strong></span> <span class='ocrx_word' id='word_1_448' title='bbox 3346 1816 3500 1878; x_wconf 82' lang='grc' dir='ltr'><strong>πόλις</strong></span> <span class='ocrx_word' id='word_1_449' title='bbox 3555 1816 3698 1870; x_wconf 79' lang='grc' dir='ltr'><strong>οὕτω</strong></span> 
     </span>
    </p>
   </div>
   <div class='ocr_carea' id='block_1_64' title="bbox 2127 1905 3696 1979">
    <p class='ocr_par' dir='ltr' id='par_1_64' title="bbox 2127 1905 3696 1979">
     <span class='ocr_line' id='line_1_64' title="bbox 2127 1905 3696 1979; baseline 0.002 -21"><span class='ocrx_word' id='word_1_450' title='bbox 2127 1905 2484 1977; x_wconf 82' lang='grc' dir='ltr'><strong>συνήθροιστο</strong></span> <span class='ocrx_word' id='word_1_451' title='bbox 2519 1906 2892 1978; x_wconf 80' lang='grc' dir='ltr'><strong>πολυπληθὴς,</strong></span> <span class='ocrx_word' id='word_1_452' title='bbox 2925 1906 3003 1970; x_wconf 83' lang='grc' dir='ltr'><strong>ὼς</strong></span> <span class='ocrx_word' id='word_1_453' title='bbox 3047 1907 3182 1978; x_wconf 78' lang='grc' dir='ltr'><strong>μηδὲ</strong></span> <span class='ocrx_word' id='word_1_454' title='bbox 3210 1908 3304 1961; x_wconf 81' lang='grc' dir='ltr'><strong>τὸν</strong></span> <span class='ocrx_word' id='word_1_455' title='bbox 3331 1907 3431 1961; x_wconf 80' lang='grc' dir='ltr'><strong>τοῦ</strong></span> <span class='ocrx_word' id='word_1_456' title='bbox 3460 1908 3696 1979; x_wconf 78' lang='grc' dir='ltr'><strong>θεάτρου</strong></span> 
     </span>
    </p>
   </div>
   <div class='ocr_carea' id='block_1_65' title="bbox 2124 1998 3698 2071">
    <p class='ocr_par' dir='ltr' id='par_1_65' title="bbox 2124 1998 3698 2071">
     <span class='ocr_line' id='line_1_65' title="bbox 2124 1998 3698 2071; baseline 0.003 -21"><span class='ocrx_word' id='word_1_457' title='bbox 2124 2000 2290 2050; x_wconf 81' lang='grc' dir='ltr'><strong>τόπον</strong></span> <span class='ocrx_word' id='word_1_458' title='bbox 2348 1998 2568 2068; x_wconf 83' lang='grc' dir='ltr'><strong>χωρεῖν,</strong></span> <span class='ocrx_word' id='word_1_459' title='bbox 2631 1998 2824 2067; x_wconf 79' lang='grc' dir='ltr'><strong>ἔμελλε</strong></span> <span class='ocrx_word' id='word_1_460' title='bbox 2886 1998 2945 2052; x_wconf 63' lang='grc' dir='ltr'><strong>δι</strong></span> <span class='ocrx_word' id='word_1_461' title='bbox 2999 2001 3306 2053; x_wconf 76' lang='grc' dir='ltr'><strong>συνανιὲναι</strong></span> <span class='ocrx_word' id='word_1_462' title='bbox 3346 2000 3698 2071; x_wconf 54' lang='lat' dir='ltr'><strong>coenam»</strong></span> 
     </span>
    </p>
   </div>
   <div class='ocr_carea' id='block_1_66' title="bbox 2128 2090 3697 2160">
    <p class='ocr_par' dir='ltr' id='par_1_66' title="bbox 2128 2090 3697 2160">
     <span class='ocr_line' id='line_1_66' title="bbox 2128 2090 3697 2160; baseline 0.001 -18"><span class='ocrx_word' id='word_1_463' title='bbox 2128 2090 2264 2160; x_wconf 77' lang='grc' dir='ltr'><strong>πρὸς</strong></span> <span class='ocrx_word' id='word_1_464' title='bbox 2318 2091 2417 2154; x_wconf 72' lang='grc' dir='ltr'><strong>τὰς</strong></span> <span class='ocrx_word' id='word_1_465' title='bbox 2467 2090 2818 2160; x_wconf 81' lang='grc' dir='ltr'><strong>δημηγορίας</strong></span> <span class='ocrx_word' id='word_1_466' title='bbox 2849 2090 2877 2142; x_wconf 84' lang='grc' dir='ltr'>ὁ</span> <span class='ocrx_word' id='word_1_467' title='bbox 2933 2091 3112 2158; x_wconf 74' lang='grc' dir='ltr'><strong>ἅγιος,</strong></span> <span class='ocrx_word' id='word_1_468' title='bbox 3144 2090 3347 2158; x_wconf 79' lang='grc' dir='ltr'><strong>πλῆθος</strong></span> <span class='ocrx_word' id='word_1_469' title='bbox 3392 2091 3525 2144; x_wconf 78' lang='grc' dir='ltr'><strong>πολὺ</strong></span> <span class='ocrx_word' id='word_1_470' title='bbox 3586 2092 3697 2144; x_wconf 81' lang='grc' dir='ltr'><strong>τῶν</strong></span> 
     </span>
    </p>
   </div>
   <div class='ocr_carea' id='block_1_67' title="bbox 2136 2182 3698 2255">
    <p class='ocr_par' dir='ltr' id='par_1_67' title="bbox 2136 2182 3698 2255">
     <span class='ocr_line' id='line_1_67' title="bbox 2136 2182 3698 2255; baseline -0.001 -18"><span class='ocrx_word' id='word_1_471' title='bbox 2136 2182 2411 2248; x_wconf 79' lang='grc' dir='ltr'><strong>Ἐλλήνων</strong></span> <span class='ocrx_word' id='word_1_472' title='bbox 2435 2185 2498 2235; x_wconf 80' lang='grc' dir='ltr'><strong>ἐκ</strong></span> <span class='ocrx_word' id='word_1_473' title='bbox 2529 2183 2764 2254; x_wconf 81' lang='grc' dir='ltr'><strong>μελέτης</strong></span> <span class='ocrx_word' id='word_1_474' title='bbox 2831 2184 3267 2253; x_wconf 76' lang='grc' dir='ltr'><strong>συναντήσαντες</strong></span> <span class='ocrx_word' id='word_1_475' title='bbox 3297 2182 3377 2255; x_wconf 77' lang='grc' dir='ltr'><strong>τῷ</strong></span> <span class='ocrx_word' id='word_1_476' title='bbox 3403 2185 3564 2253; x_wconf 80' lang='grc' dir='ltr'><strong>ἁγίῳ,</strong></span> <span class='ocrx_word' id='word_1_477' title='bbox 3599 2200 3698 2236; x_wconf 74' lang='grc' dir='ltr'><strong>κα-</strong></span> 
     </span>
    </p>
   </div>
   <div class='ocr_carea' id='block_1_68' title="bbox 2127 2276 3697 2347">
    <p class='ocr_par' dir='ltr' id='par_1_68' title="bbox 2127 2276 3697 2347">
     <span class='ocr_line' id='line_1_68' title="bbox 2127 2276 3697 2347; baseline -0.001 -18"><span class='ocrx_word' id='word_1_478' title='bbox 2127 2276 2307 2346; x_wconf 80' lang='grc' dir='ltr'><strong>θάπερ</strong></span> <span class='ocrx_word' id='word_1_479' title='bbox 2335 2278 2392 2342; x_wconf 80' lang='grc' dir='ltr'><strong>ἐξ</strong></span> <span class='ocrx_word' id='word_1_480' title='bbox 2443 2277 2562 2339; x_wconf 79' lang='grc' dir='ltr'><strong>ἐνὸς</strong></span> <span class='ocrx_word' id='word_1_481' title='bbox 2613 2276 2912 2346; x_wconf 75' lang='grc' dir='ltr'><strong>στόματος,</strong></span> <span class='ocrx_word' id='word_1_482' title='bbox 2976 2277 3180 2340; x_wconf 83' lang='grc' dir='ltr'><strong>Πάντες</strong></span> <span class='ocrx_word' id='word_1_483' title='bbox 3247 2279 3428 2347; x_wconf 79' lang='grc' dir='ltr'><strong>ἡμεῖς,</strong></span> <span class='ocrx_word' id='word_1_484' title='bbox 3488 2278 3697 2342; x_wconf 75' lang='grc' dir='ltr'><strong>ἔλεγον,</strong></span> 
     </span>
    </p>
   </div>
   <div class='ocr_carea' id='block_1_69' title="bbox 2127 2368 3698 2440">
    <p class='ocr_par' dir='ltr' id='par_1_69' title="bbox 2127 2368 3698 2440">
     <span class='ocr_line' id='line_1_69' title="bbox 2127 2368 3698 2440; baseline 0 -20"><span class='ocrx_word' id='word_1_485' title='bbox 2127 2368 2456 2438; x_wconf 79' lang='grc' dir='ltr'><strong>πιστεύομεν</strong></span> <span class='ocrx_word' id='word_1_486' title='bbox 2485 2368 2562 2438; x_wconf 79' lang='grc' dir='ltr'><strong>τῷ</strong></span> <span class='ocrx_word' id='word_1_487' title='bbox 2587 2369 2692 2422; x_wconf 75' lang='grc' dir='ltr'><strong>ὑπὸ</strong></span> <span class='ocrx_word' id='word_1_488' title='bbox 2751 2368 2846 2421; x_wconf 81' lang='grc' dir='ltr'><strong>σοῦ</strong></span> <span class='ocrx_word' id='word_1_489' title='bbox 2873 2371 3263 2440; x_wconf 78' lang='grc' dir='ltr'><strong>κηρυττομένῳ</strong></span> <span class='ocrx_word' id='word_1_490' title='bbox 3292 2369 3435 2440; x_wconf 79' lang='grc' dir='ltr'><strong>Θεῷ,</strong></span> <span class='ocrx_word' id='word_1_491' title='bbox 3468 2373 3564 2422; x_wconf 75' lang='grc' dir='ltr'><strong>καὶ</strong></span> <span class='ocrx_word' id='word_1_492' title='bbox 3593 2370 3698 2439; x_wconf 73' lang='grc' dir='ltr'><strong>ήδη</strong></span> 
     </span>
    </p>
   </div>
   <div class='ocr_carea' id='block_1_70' title="bbox 2128 2460 3698 2534">
    <p class='ocr_par' dir='ltr' id='par_1_70' title="bbox 2128 2460 3698 2534">
     <span class='ocr_line' id='line_1_70' title="bbox 2128 2460 3698 2534; baseline 0 -22"><span class='ocrx_word' id='word_1_493' title='bbox 2128 2461 2305 2514; x_wconf 78' lang='grc' dir='ltr'><strong>πάντα</strong></span> <span class='ocrx_word' id='word_1_494' title='bbox 2361 2460 2698 2532; x_wconf 79' lang='grc' dir='ltr'><strong>ἀρνούμεθα,</strong></span> <span class='ocrx_word' id='word_1_495' title='bbox 2760 2461 2856 2514; x_wconf 80' lang='grc' dir='ltr'><strong>καὶ</strong></span> <span class='ocrx_word' id='word_1_496' title='bbox 2897 2461 3049 2530; x_wconf 84' lang='grc' dir='ltr'><strong>αὐτῷ</strong></span> <span class='ocrx_word' id='word_1_497' title='bbox 3100 2462 3250 2533; x_wconf 83' lang='grc' dir='ltr'><strong>μόνῳ</strong></span> <span class='ocrx_word' id='word_1_498' title='bbox 3303 2461 3698 2534; x_wconf 80' lang='grc' dir='ltr'><strong>στρατεύεσθαι</strong></span> 
     </span>
    </p>
   </div>
   <div class='ocr_carea' id='block_1_71' title="bbox 2129 2550 3700 2624">
    <p class='ocr_par' dir='ltr' id='par_1_71' title="bbox 2129 2550 3700 2624">
     <span class='ocr_line' id='line_1_71' title="bbox 2129 2550 3700 2624; baseline 0.001 -20"><span class='ocrx_word' id='word_1_499' title='bbox 2129 2550 2220 2604; x_wconf 78' lang='grc' dir='ltr'><strong>καὶ</strong></span> <span class='ocrx_word' id='word_1_500' title='bbox 2243 2551 2537 2620; x_wconf 79' lang='grc' dir='ltr'><strong>ὑπηρετεῖν</strong></span> <span class='ocrx_word' id='word_1_501' title='bbox 2586 2551 2974 2623; x_wconf 79' lang='grc' dir='ltr'><strong>προῃρήμεθα.</strong></span> <span class='ocrx_word' id='word_1_502' title='bbox 3026 2555 3444 2624; x_wconf 80' lang='grc' dir='ltr'><strong>Εὐχαριστήσας</strong></span> <span class='ocrx_word' id='word_1_503' title='bbox 3506 2553 3564 2606; x_wconf 76' lang='grc' dir='ltr'><strong>δέ</strong></span> <span class='ocrx_word' id='word_1_504' title='bbox 3621 2551 3700 2621; x_wconf 81' lang='grc' dir='ltr'><strong>τῷ</strong></span> 
     </span>
    </p>
   </div>
   <div class='ocr_carea' id='block_1_72' title="bbox 2127 2643 3700 2718">
    <p class='ocr_par' dir='ltr' id='par_1_72' title="bbox 2127 2643 3700 2718">
     <span class='ocr_line' id='line_1_72' title="bbox 2127 2643 3700 2718; baseline 0.001 -21"><span class='ocrx_word' id='word_1_505' title='bbox 2127 2643 2244 2713; x_wconf 83' lang='grc' dir='ltr'><strong>Θεῷ</strong></span> <span class='ocrx_word' id='word_1_506' title='bbox 2272 2646 2299 2697; x_wconf 86' lang='grc' dir='ltr'><strong>ὁ</strong></span> <span class='ocrx_word' id='word_1_507' title='bbox 2325 2644 2499 2711; x_wconf 78' lang='grc' dir='ltr'><strong>ἅγιος,</strong></span> <span class='ocrx_word' id='word_1_508' title='bbox 2553 2646 2648 2698; x_wconf 75' lang='grc' dir='ltr'><strong>καὶ</strong></span> <span class='ocrx_word' id='word_1_509' title='bbox 2679 2645 2740 2698; x_wconf 80' lang='grc' dir='ltr'><strong>τὸ</strong></span> <span class='ocrx_word' id='word_1_510' title='bbox 2774 2644 2980 2715; x_wconf 84' lang='grc' dir='ltr'><strong>πλῆθος</strong></span> <span class='ocrx_word' id='word_1_511' title='bbox 3035 2648 3134 2717; x_wconf 82' lang='grc' dir='ltr'><strong>τῆς</strong></span> <span class='ocrx_word' id='word_1_512' title='bbox 3161 2647 3384 2718; x_wconf 85' lang='grc' dir='ltr'><strong>ταχείας</strong></span> <span class='ocrx_word' id='word_1_513' title='bbox 3403 2648 3700 2708; x_wconf 72' lang='grc' dir='ltr'><strong>ἐπαινέσας</strong></span> 
     </span>
    </p>
   </div>
   <div class='ocr_carea' id='block_1_73' title="bbox 2127 2734 3683 2808">
    <p class='ocr_par' dir='ltr' id='par_1_73' title="bbox 2127 2734 3683 2808">
     <span class='ocr_line' id='line_1_73' title="bbox 2127 2734 3683 2808; baseline 0.002 -20"><span class='ocrx_word' id='word_1_514' title='bbox 2127 2735 2482 2808; x_wconf 71' lang='grc' dir='ltr'><strong>ἐπιστροφῆς,</strong></span> <span class='ocrx_word' id='word_1_515' title='bbox 2506 2734 2602 2789; x_wconf 72' lang='grc' dir='ltr'><strong>καὶ</strong></span> <span class='ocrx_word' id='word_1_516' title='bbox 2631 2735 2800 2789; x_wconf 80' lang='grc' dir='ltr'><strong>εἰπὼν</strong></span> <span class='ocrx_word' id='word_1_517' title='bbox 2835 2736 2909 2800; x_wconf 85' lang='grc' dir='ltr'><strong>ὡς</strong></span> <span class='ocrx_word' id='word_1_518' title='bbox 2941 2737 3075 2793; x_wconf 76' lang='grc' dir='ltr'><strong>οὐδὲ</strong></span> <span class='ocrx_word' id='word_1_519' title='bbox 3108 2741 3166 2790; x_wconf 82' lang='grc' dir='ltr'><strong>τὸ</strong></span> <span class='ocrx_word' id='word_1_520' title='bbox 3189 2740 3352 2803; x_wconf 72' lang='grc' dir='ltr'><strong>εὐθὺς</strong></span> <span class='ocrx_word' id='word_1_521' title='bbox 3395 2742 3683 2794; x_wconf 74' lang='grc' dir='ltr'><strong>πιστεῦσαι</strong></span> 
     </span>
    </p>
   </div>
   <div class='ocr_carea' id='block_1_74' title="bbox 2127 2827 3698 2900">
    <p class='ocr_par' dir='ltr' id='par_1_74' title="bbox 2127 2827 3698 2900">
     <span class='ocr_line' id='line_1_74' title="bbox 2127 2827 3698 2900; baseline 0.002 -20"><span class='ocrx_word' id='word_1_522' title='bbox 2127 2827 2468 2892; x_wconf 84' lang='grc' dir='ltr'><strong>ἀκούσαντας</strong></span> <span class='ocrx_word' id='word_1_523' title='bbox 2505 2828 2706 2899; x_wconf 77' lang='grc' dir='ltr'><strong>καὶμὴ</strong></span> <span class='ocrx_word' id='word_1_524' title='bbox 2750 2830 2988 2899; x_wconf 79' lang='grc' dir='ltr'><strong>μελῆσαι</strong></span> <span class='ocrx_word' id='word_1_525' title='bbox 3017 2833 3131 2894; x_wconf 85' lang='grc' dir='ltr'><strong>τοῖς</strong></span> <span class='ocrx_word' id='word_1_526' title='bbox 3185 2829 3466 2900; x_wconf 79' lang='grc' dir='ltr'><strong>λογισμοῖς</strong></span> <span class='ocrx_word' id='word_1_527' title='bbox 3527 2833 3698 2900; x_wconf 82' lang='grc' dir='ltr'><strong>ἀμφι-</strong></span> 
     </span>
    </p>
   </div>
   <div class='ocr_carea' id='block_1_75' title="bbox 2128 2917 3699 2990">
    <p class='ocr_par' dir='ltr' id='par_1_75' title="bbox 2128 2917 3699 2990">
     <span class='ocr_line' id='line_1_75' title="bbox 2128 2917 3699 2990; baseline 0.003 -22"><span class='ocrx_word' id='word_1_528' title='bbox 2128 2917 2420 2981; x_wconf 73' lang='grc' dir='ltr'><strong>ϐάλλοντας</strong></span> <span class='ocrx_word' id='word_1_529' title='bbox 2487 2917 2724 2988; x_wconf 84' lang='grc' dir='ltr'><strong>ἄμισθον</strong></span> <span class='ocrx_word' id='word_1_530' title='bbox 2768 2922 2919 2989; x_wconf 80' lang='grc' dir='ltr'><strong>παρᾶ</strong></span> <span class='ocrx_word' id='word_1_531' title='bbox 2969 2919 3045 2990; x_wconf 81' lang='grc' dir='ltr'><strong>τῷ</strong></span> <span class='ocrx_word' id='word_1_532' title='bbox 3086 2920 3229 2988; x_wconf 75' lang='grc' dir='ltr'><strong>Θεῷ,</strong></span> <span class='ocrx_word' id='word_1_533' title='bbox 3270 2923 3371 2974; x_wconf 74' lang='grc' dir='ltr'><strong>’καὶ</strong></span> <span class='ocrx_word' id='word_1_534' title='bbox 3421 2923 3504 2976; x_wconf 81' lang='grc' dir='ltr'><strong>ὃτι</strong></span> <span class='ocrx_word' id='word_1_535' title='bbox 3534 2923 3699 2974; x_wconf 84' lang='grc' dir='ltr'><strong>Ὅσον</strong></span> 
     </span>
    </p>
   </div>
   <div class='ocr_carea' id='block_1_76' title="bbox 2128 3006 3700 3084">
    <p class='ocr_par' dir='ltr' id='par_1_76' title="bbox 2128 3006 3700 3084">
     <span class='ocr_line' id='line_1_76' title="bbox 2128 3006 3700 3084; baseline 0.003 -23"><span class='ocrx_word' id='word_1_536' title='bbox 2128 3006 2278 3061; x_wconf 75' lang='grc' dir='ltr'><strong>οὔπω</strong></span> <span class='ocrx_word' id='word_1_537' title='bbox 2335 3009 2756 3078; x_wconf 71' lang='grc' dir='ltr'><strong>βαπτισθέντες,</strong></span> <span class='ocrx_word' id='word_1_538' title='bbox 2813 3011 3031 3082; x_wconf 80' lang='grc' dir='ltr'><strong>μέτοχοι</strong></span> <span class='ocrx_word' id='word_1_539' title='bbox 3093 3013 3390 3084; x_wconf 76' lang='grc' dir='ltr'><strong>γενήσεσθε</strong></span> <span class='ocrx_word' id='word_1_540' title='bbox 3449 3016 3542 3067; x_wconf 76' lang='grc' dir='ltr'><strong>καὶ</strong></span> <span class='ocrx_word' id='word_1_541' title='bbox 3591 3015 3700 3066; x_wconf 77' lang='grc' dir='ltr'><strong>τῶν</strong></span> 
     </span>
    </p>
   </div>
   <div class='ocr_carea' id='block_1_77' title="bbox 2125 3098 3699 3176">
    <p class='ocr_par' dir='ltr' id='par_1_77' title="bbox 2125 3098 3699 3176">
     <span class='ocr_line' id='line_1_77' title="bbox 2125 3098 3699 3176; baseline 0.001 -22"><span class='ocrx_word' id='word_1_542' title='bbox 2125 3100 2345 3170; x_wconf 82' lang='grc' dir='ltr'><strong>δωρεῶν</strong></span> <span class='ocrx_word' id='word_1_543' title='bbox 2413 3098 2507 3153; x_wconf 74' lang='grc' dir='ltr'><strong>τοῦ</strong></span> <span class='ocrx_word' id='word_1_544' title='bbox 2567 3102 2853 3170; x_wconf 78' lang='grc' dir='ltr'><strong>Χριστοῦ,</strong></span> <span class='ocrx_word' id='word_1_545' title='bbox 2903 3103 3248 3159; x_wconf 81' lang='grc' dir='ltr'><strong>συνανελθὼν</strong></span> <span class='ocrx_word' id='word_1_546' title='bbox 3305 3104 3382 3176; x_wconf 80' lang='grc' dir='ltr'><strong>τῷ</strong></span> <span class='ocrx_word' id='word_1_547' title='bbox 3445 3106 3699 3176; x_wconf 75' lang='grc' dir='ltr'><strong>Ἐπὰρχῳ</strong></span> 
     </span>
    </p>
   </div>
   <div class='ocr_carea' id='block_1_78' title="bbox 2125 3192 2282 3261">
    <p class='ocr_par' dir='ltr' id='par_1_78' title="bbox 2125 3192 2282 3261">
     <span class='ocr_line' id='line_1_78' title="bbox 2125 3192 2282 3261; baseline 0 -17"><span class='ocrx_word' id='word_1_548' title='bbox 2125 3192 2282 3261; x_wconf 77' lang='grc' dir='ltr'><strong>ἔστη.</strong></span> 
     </span>
    </p>
   </div>
   <div class='ocr_carea' id='block_1_79' title="bbox 2196 3283 3691 3359">
    <p class='ocr_par' dir='ltr' id='par_1_79' title="bbox 2196 3283 3691 3359">
     <span class='ocr_line' id='line_1_79' title="bbox 2196 3283 3691 3359; baseline 0.007 -23"><span class='ocrx_word' id='word_1_549' title='bbox 2196 3285 2322 3338; x_wconf 81' lang='lat' dir='ltr'><strong>Kl&quot;.</strong></span> <span class='ocrx_word' id='word_1_550' title='bbox 2400 3283 2553 3338; x_wconf 78' lang='grc' dir='ltr'><strong>Ἐπεὶ</strong></span> <span class='ocrx_word' id='word_1_551' title='bbox 2576 3286 2632 3339; x_wconf 83' lang='grc' dir='ltr'><strong>δὲ</strong></span> <span class='ocrx_word' id='word_1_552' title='bbox 2661 3287 2797 3358; x_wconf 80' lang='grc' dir='ltr'><strong>πρὸς</strong></span> <span class='ocrx_word' id='word_1_553' title='bbox 2842 3288 2904 3340; x_wconf 75' lang='grc' dir='ltr'><strong>τὸ</strong></span> <span class='ocrx_word' id='word_1_554' title='bbox 2961 3288 3166 3359; x_wconf 83' lang='grc' dir='ltr'><strong>πλῆθος</strong></span> <span class='ocrx_word' id='word_1_555' title='bbox 3199 3288 3430 3356; x_wconf 77' lang='grc' dir='ltr'><strong>ἀπιδὼν,</strong></span> <span class='ocrx_word' id='word_1_556' title='bbox 3473 3291 3533 3344; x_wconf 84' lang='lat'><strong>&#39;0</strong></span> <span class='ocrx_word' id='word_1_557' title='bbox 3558 3292 3691 3354; x_wconf 71' lang='grc' dir='ltr'><strong>Θεὸς</strong></span> 
     </span>
    </p>
   </div>
   <div class='ocr_carea' id='block_1_80' title="bbox 2125 3373 3696 3454">
    <p class='ocr_par' dir='ltr' id='par_1_80' title="bbox 2125 3373 3696 3454">
     <span class='ocr_line' id='line_1_80' title="bbox 2125 3373 3696 3454; baseline 0.007 -27"><span class='ocrx_word' id='word_1_558' title='bbox 2125 3377 2303 3448; x_wconf 69' lang='grc' dir='ltr'><strong>ἡμῶν,</strong></span> <span class='ocrx_word' id='word_1_559' title='bbox 2334 3373 2479 3442; x_wconf 80' lang='grc' dir='ltr'><strong>εἷπε,</strong></span> <span class='ocrx_word' id='word_1_560' title='bbox 2531 3379 2872 3450; x_wconf 77' lang='grc' dir='ltr'><strong>καταρτήσαι</strong></span> <span class='ocrx_word' id='word_1_561' title='bbox 2903 3378 3090 3452; x_wconf 81' lang='grc' dir='ltr'><strong>[ὑμᾶς]</strong></span> <span class='ocrx_word' id='word_1_562' title='bbox 3117 3381 3371 3453; x_wconf 40' lang='grc' dir='ltr'><strong>αὑτοῦέτῇ</strong></span> <span class='ocrx_word' id='word_1_563' title='bbox 3413 3386 3696 3454; x_wconf 68' lang='grc' dir='ltr'><strong>σφραγῖδι,</strong></span> 
     </span>
    </p>
   </div>
   <div class='ocr_carea' id='block_1_81' title="bbox 2125 3469 3700 3543">
    <p class='ocr_par' dir='ltr' id='par_1_81' title="bbox 2125 3469 3700 3543">
     <span class='ocr_line' id='line_1_81' title="bbox 2125 3469 3700 3543; baseline 0.008 -24"><span class='ocrx_word' id='word_1_564' title='bbox 2125 3469 2222 3521; x_wconf 69' lang='grc' dir='ltr'><strong>καὶ</strong></span> <span class='ocrx_word' id='word_1_565' title='bbox 2244 3469 2581 3540; x_wconf 72' lang='grc' dir='ltr'><strong>εύχρήστους</strong></span> <span class='ocrx_word' id='word_1_566' title='bbox 2611 3471 2746 3540; x_wconf 84' lang='grc' dir='ltr'><strong>πρὸς</strong></span> <span class='ocrx_word' id='word_1_567' title='bbox 2771 3473 2880 3524; x_wconf 83' lang='grc' dir='ltr'><strong>πᾶν</strong></span> <span class='ocrx_word' id='word_1_568' title='bbox 2905 3472 3068 3543; x_wconf 77' lang='grc' dir='ltr'><strong>ἔργον</strong></span> <span class='ocrx_word' id='word_1_569' title='bbox 3084 3472 3262 3542; x_wconf 79' lang='grc' dir='ltr'><strong>ἐαυτῴ</strong></span> <span class='ocrx_word' id='word_1_570' title='bbox 3279 3474 3580 3540; x_wconf 78' lang='grc' dir='ltr'><strong>ἀποδείξαι,</strong></span> <span class='ocrx_word' id='word_1_571' title='bbox 3598 3478 3700 3531; x_wconf 82' lang='grc' dir='ltr'><strong>αὑ-</strong></span> 
     </span>
    </p>
   </div>
   <div class='ocr_carea' id='block_1_82' title="bbox 2123 3558 3696 3638">
    <p class='ocr_par' dir='ltr' id='par_1_82' title="bbox 2123 3558 3696 3638">
     <span class='ocr_line' id='line_1_82' title="bbox 2123 3558 3696 3638; baseline 0.008 -28"><span class='ocrx_word' id='word_1_572' title='bbox 2123 3558 2252 3612; x_wconf 89' lang='grc' dir='ltr'><strong>τίκα</strong></span> <span class='ocrx_word' id='word_1_573' title='bbox 2277 3561 2662 3628; x_wconf 81' lang='grc' dir='ltr'><strong>πυνθάνεσθαι,</strong></span> <span class='ocrx_word' id='word_1_574' title='bbox 2696 3565 2789 3614; x_wconf 77' lang='grc' dir='ltr'><strong>καὶ</strong></span> <span class='ocrx_word' id='word_1_575' title='bbox 2813 3564 3110 3633; x_wconf 82' lang='grc' dir='ltr'><strong>μανθάνειν</strong></span> <span class='ocrx_word' id='word_1_576' title='bbox 3140 3564 3371 3620; x_wconf 71' lang='grc' dir='ltr'><strong>ἕκαστον</strong></span> <span class='ocrx_word' id='word_1_577' title='bbox 3403 3571 3532 3638; x_wconf 69' lang='grc' dir='ltr'><strong>περὶ</strong></span> <span class='ocrx_word' id='word_1_578' title='bbox 3557 3569 3696 3623; x_wconf 69' lang='grc' dir='ltr'><strong>θεοῦ</strong></span> 
     </span>
    </p>
   </div>
   <div class='ocr_carea' id='block_1_83' title="bbox 2123 3651 3698 3728">
    <p class='ocr_par' dir='ltr' id='par_1_83' title="bbox 2123 3651 3698 3728">
     <span class='ocr_line' id='line_1_83' title="bbox 2123 3651 3698 3728; baseline 0.006 -22"><span class='ocrx_word' id='word_1_579' title='bbox 2123 3652 2151 3706; x_wconf 84' lang='grc' dir='ltr'><strong>ὃ</strong></span> <span class='ocrx_word' id='word_1_580' title='bbox 2173 3651 2422 3722; x_wconf 80' lang='grc' dir='ltr'><strong>βούλεται</strong></span> <span class='ocrx_word' id='word_1_581' title='bbox 2450 3655 2845 3725; x_wconf 56' lang='grc' dir='ltr'><strong>προετρέψατο.</strong></span> <span class='ocrx_word' id='word_1_582' title='bbox 2888 3656 2946 3709; x_wconf 89' lang='lat'><strong>&#39;0</strong></span> <span class='ocrx_word' id='word_1_583' title='bbox 2977 3653 3071 3710; x_wconf 82' lang='grc' dir='ltr'><strong>οὖν</strong></span> <span class='ocrx_word' id='word_1_584' title='bbox 3100 3657 3340 3728; x_wconf 74' lang='grc' dir='ltr'><strong>ἔπαρχος</strong></span> <span class='ocrx_word' id='word_1_585' title='bbox 3399 3659 3500 3714; x_wconf 74' lang='grc' dir='ltr'><strong>σὺν</strong></span> <span class='ocrx_word' id='word_1_586' title='bbox 3530 3678 3610 3714; x_wconf 85' lang='grc' dir='ltr'><strong>πα</strong></span> <span class='ocrx_word' id='word_1_587' title='bbox 3643 3663 3698 3714; x_wconf 78' lang='grc' dir='ltr'><strong>τὶ</strong></span> 
     </span>
    </p>
   </div>
   <div class='ocr_carea' id='block_1_84' title="bbox 2123 3743 3698 3826">
    <p class='ocr_par' dir='ltr' id='par_1_84' title="bbox 2123 3743 3698 3826">
     <span class='ocr_line' id='line_1_84' title="bbox 2123 3743 3698 3826; baseline 0.006 -30"><span class='ocrx_word' id='word_1_588' title='bbox 2123 3743 2204 3813; x_wconf 83' lang='grc' dir='ltr'><strong>τῷ</strong></span> <span class='ocrx_word' id='word_1_589' title='bbox 2262 3743 2486 3816; x_wconf 75' lang='grc' dir='ltr'><strong>πλήθει,</strong></span> <span class='ocrx_word' id='word_1_590' title='bbox 2550 3746 2716 3799; x_wconf 80' lang='grc' dir='ltr'><strong>Οὐδὲν</strong></span> <span class='ocrx_word' id='word_1_591' title='bbox 2782 3749 2934 3818; x_wconf 79' lang='grc' dir='ltr'><strong>ἡμῖν,</strong></span> <span class='ocrx_word' id='word_1_592' title='bbox 2987 3745 3162 3813; x_wconf 74' lang='grc' dir='ltr'><strong>εἶπεν,</strong></span> <span class='ocrx_word' id='word_1_593' title='bbox 3226 3753 3527 3823; x_wconf 74' lang='grc' dir='ltr'><strong>ἀμφίϐολον</strong></span> <span class='ocrx_word' id='word_1_594' title='bbox 3568 3755 3698 3826; x_wconf 81' lang='grc' dir='ltr'><strong>περὶ</strong></span> 
     </span>
    </p>
   </div>
   <div class='ocr_carea' id='block_1_85' title="bbox 2122 3831 3693 3911">
    <p class='ocr_par' dir='ltr' id='par_1_85' title="bbox 2122 3831 3693 3911">
     <span class='ocr_line' id='line_1_85' title="bbox 2122 3831 3693 3911; baseline 0.007 -27"><span class='ocrx_word' id='word_1_595' title='bbox 2122 3831 2214 3885; x_wconf 80' lang='grc' dir='ltr'><strong>τοῦ</strong></span> <span class='ocrx_word' id='word_1_596' title='bbox 2248 3831 2342 3885; x_wconf 82' lang='grc' dir='ltr'><strong>σοῦ</strong></span> <span class='ocrx_word' id='word_1_597' title='bbox 2377 3833 2538 3900; x_wconf 83' lang='grc' dir='ltr'><strong>Θεοῦ,</strong></span> <span class='ocrx_word' id='word_1_598' title='bbox 2577 3835 2870 3904; x_wconf 81' lang='grc' dir='ltr'><strong>ἁγιώτατε.</strong></span> <span class='ocrx_word' id='word_1_599' title='bbox 2941 3839 3128 3892; x_wconf 77' lang='grc' dir='ltr'><strong>Πάντα</strong></span> <span class='ocrx_word' id='word_1_600' title='bbox 3180 3841 3370 3910; x_wconf 82' lang='grc' dir='ltr'><strong>σαφῶς</strong></span> <span class='ocrx_word' id='word_1_601' title='bbox 3420 3841 3693 3911; x_wconf 71' lang='grc' dir='ltr'><strong>ἔγνωμεν,</strong></span> 
     </span>
    </p>
   </div>
   <div class='ocr_carea' id='block_1_86' title="bbox 2123 3925 3691 4005">
    <p class='ocr_par' dir='ltr' id='par_1_86' title="bbox 2123 3925 3691 4005">
     <span class='ocr_line' id='line_1_86' title="bbox 2123 3925 3691 4005; baseline 0.01 -29"><span class='ocrx_word' id='word_1_602' title='bbox 2123 3925 2218 3977; x_wconf 75' lang='grc' dir='ltr'><strong>καὶ</strong></span> <span class='ocrx_word' id='word_1_603' title='bbox 2256 3927 2416 3978; x_wconf 81' lang='grc' dir='ltr'><strong>παντὶ</strong></span> <span class='ocrx_word' id='word_1_604' title='bbox 2466 3925 2544 3996; x_wconf 82' lang='grc' dir='ltr'><strong>τῷ</strong></span> <span class='ocrx_word' id='word_1_605' title='bbox 2579 3929 2731 3999; x_wconf 72' lang='grc' dir='ltr'><strong>παρὰ</strong></span> <span class='ocrx_word' id='word_1_606' title='bbox 2779 3929 2876 3982; x_wconf 81' lang='grc' dir='ltr'><strong>σοῦ</strong></span> <span class='ocrx_word' id='word_1_607' title='bbox 2935 3931 3156 4001; x_wconf 78' lang='grc' dir='ltr'><strong>ῥηθέντι</strong></span> <span class='ocrx_word' id='word_1_608' title='bbox 3210 3936 3691 4005; x_wconf 83' lang='grc' dir='ltr'><strong>πεπιστεύκαμεν.</strong></span> 
     </span>
    </p>
   </div>
   <div class='ocr_carea' id='block_1_87' title="bbox 2128 4017 3696 4098">
    <p class='ocr_par' dir='ltr' id='par_1_87' title="bbox 2128 4017 3696 4098">
     <span class='ocr_line' id='line_1_87' title="bbox 2128 4017 3696 4098; baseline 0.008 -28"><span class='ocrx_word' id='word_1_609' title='bbox 2128 4018 2224 4071; x_wconf 84' lang='grc' dir='ltr'><strong>Ἐν</strong></span> <span class='ocrx_word' id='word_1_610' title='bbox 2261 4019 2420 4088; x_wconf 86' lang='grc' dir='ltr'><strong>μόνον</strong></span> <span class='ocrx_word' id='word_1_611' title='bbox 2443 4017 2738 4090; x_wconf 75' lang='grc' dir='ltr'><strong>ζητοῦμεν,</strong></span> <span class='ocrx_word' id='word_1_612' title='bbox 2770 4022 3118 4093; x_wconf 71' lang='grc' dir='ltr'><strong>οἰκειωθῆναι</strong></span> <span class='ocrx_word' id='word_1_613' title='bbox 3147 4023 3266 4095; x_wconf 86' lang='grc' dir='ltr'><strong>Θεῴ</strong></span> <span class='ocrx_word' id='word_1_614' title='bbox 3311 4026 3400 4079; x_wconf 73' lang='grc' dir='ltr'><strong>διὰ</strong></span> <span class='ocrx_word' id='word_1_615' title='bbox 3431 4027 3524 4080; x_wconf 76' lang='grc' dir='ltr'><strong>τοῦ</strong></span> <span class='ocrx_word' id='word_1_616' title='bbox 3550 4030 3696 4098; x_wconf 77' lang='grc' dir='ltr'><strong>βατ-</strong></span> 
     </span>
    </p>
   </div>
   <div class='ocr_carea' id='block_1_88' title="bbox 2122 4110 3696 4191">
    <p class='ocr_par' dir='ltr' id='par_1_88' title="bbox 2122 4110 3696 4191">
     <span class='ocr_line' id='line_1_88' title="bbox 2122 4110 3696 4191; baseline 0.008 -29"><span class='ocrx_word' id='word_1_617' title='bbox 2122 4110 2404 4182; x_wconf 87' lang='grc' dir='ltr'><strong>τίσματος.</strong></span> <span class='ocrx_word' id='word_1_618' title='bbox 2465 4112 2919 4185; x_wconf 81' lang='grc' dir='ltr'><strong>Συμφωνήσαντα</strong></span> <span class='ocrx_word' id='word_1_619' title='bbox 2974 4115 3154 4170; x_wconf 82' lang='grc' dir='ltr'><strong>τοίνυν</strong></span> <span class='ocrx_word' id='word_1_620' title='bbox 3223 4117 3315 4171; x_wconf 83' lang='grc' dir='ltr'><strong>τὸν</strong></span> <span class='ocrx_word' id='word_1_621' title='bbox 3364 4118 3609 4191; x_wconf 75' lang='grc' dir='ltr'><strong>ἔπαρχον</strong></span> <span class='ocrx_word' id='word_1_622' title='bbox 3666 4125 3696 4174; x_wconf 88' lang='grc' dir='ltr'><strong>ό</strong></span> 
     </span>
    </p>
   </div>
   <div class='ocr_carea' id='block_1_89' title="bbox 2122 4201 3694 4283">
    <p class='ocr_par' dir='ltr' id='par_1_89' title="bbox 2122 4201 3694 4283">
     <span class='ocr_line' id='line_1_89' title="bbox 2122 4201 3694 4283; baseline 0.008 -29"><span class='ocrx_word' id='word_1_623' title='bbox 2122 4201 2295 4272; x_wconf 83' lang='grc' dir='ltr'><strong>δῆμος</strong></span> <span class='ocrx_word' id='word_1_624' title='bbox 2331 4203 2480 4265; x_wconf 84' lang='grc' dir='ltr'><strong>ἰδὼν,</strong></span> <span class='ocrx_word' id='word_1_625' title='bbox 2523 4205 2613 4264; x_wconf 83' lang='grc' dir='ltr'><strong>Ὠς</strong></span> <span class='ocrx_word' id='word_1_626' title='bbox 2658 4205 2903 4274; x_wconf 80' lang='grc' dir='ltr'><strong>ἀληθῶς,</strong></span> <span class='ocrx_word' id='word_1_627' title='bbox 2944 4202 3122 4273; x_wconf 78' lang='grc' dir='ltr'><strong>εἷπον,</strong></span> <span class='ocrx_word' id='word_1_628' title='bbox 3182 4209 3694 4283; x_wconf 77' lang='grc' dir='ltr'><strong>ἁπροσωπόληπτος</strong></span> 
     </span>
    </p>
   </div>
   <div class='ocr_carea' id='block_1_90' title="bbox 2124 4293 3693 4376">
    <p class='ocr_par' dir='ltr' id='par_1_90' title="bbox 2124 4293 3693 4376">
     <span class='ocr_line' id='line_1_90' title="bbox 2124 4293 3693 4376; baseline 0.006 -28"><span class='ocrx_word' id='word_1_629' title='bbox 2124 4293 2326 4360; x_wconf 80' lang='grc' dir='ltr'><strong>ὁθεὸς,</strong></span> <span class='ocrx_word' id='word_1_630' title='bbox 2387 4296 2744 4369; x_wconf 73' lang='grc' dir='ltr'><strong>σωφροσύνης</strong></span> <span class='ocrx_word' id='word_1_631' title='bbox 2800 4298 2965 4355; x_wconf 69' lang='grc' dir='ltr'><strong>ἕνεκα</strong></span> <span class='ocrx_word' id='word_1_632' title='bbox 3008 4302 3103 4357; x_wconf 76' lang='grc' dir='ltr'><strong>καὶ</strong></span> <span class='ocrx_word' id='word_1_633' title='bbox 3149 4306 3488 4373; x_wconf 84' lang='grc' dir='ltr'><strong>προστασίας</strong></span> <span class='ocrx_word' id='word_1_634' title='bbox 3520 4308 3693 4376; x_wconf 64' lang='lat' dir='ltr'><strong>navi;-</strong></span> 
     </span>
    </p>
   </div>
   <div class='ocr_carea' id='block_1_91' title="bbox 449 4364 2022 4467">
    <p class='ocr_par' dir='ltr' id='par_1_91' title="bbox 449 4364 2022 4442">
     <span class='ocr_line' id='line_1_91' title="bbox 449 4364 2022 4442; baseline -0.006 -14"><span class='ocrx_word' id='word_1_635' title='bbox 449 4387 568 4428; x_wconf 89' lang='lat' dir='ltr'><strong>ram</strong></span> <span class='ocrx_word' id='word_1_636' title='bbox 611 4386 775 4442; x_wconf 88' lang='lat' dir='ltr'><strong>quam</strong></span> <span class='ocrx_word' id='word_1_637' title='bbox 820 4369 987 4442; x_wconf 80' lang='lat' dir='ltr'><strong>gessit</strong></span> <span class='ocrx_word' id='word_1_638' title='bbox 1019 4381 1352 4438; x_wconf 81' lang='lat' dir='ltr'><strong>pauperum,</strong></span> <span class='ocrx_word' id='word_1_639' title='bbox 1406 4365 1709 4420; x_wconf 85' lang='lat' dir='ltr'><strong>reddiderit</strong></span> <span class='ocrx_word' id='word_1_640' title='bbox 1763 4364 2022 4435; x_wconf 71' lang='lat' dir='ltr'><strong>praefecto</strong></span> 
     </span>
    </p>
   </div>
   <div class='ocr_carea' id='block_1_92' title="bbox 2124 4364 3695 4467">
    <p class='ocr_par' dir='ltr' id='par_1_92' title="bbox 2126 4385 3695 4467">
     <span class='ocr_line' id='line_1_92' title="bbox 2126 4385 3695 4467; baseline 0.008 -31"><span class='ocrx_word' id='word_1_641' title='bbox 2126 4400 2254 4450; x_wconf 87' lang='grc' dir='ltr'><strong>των,</strong></span> <span class='ocrx_word' id='word_1_642' title='bbox 2292 4385 2390 4456; x_wconf 72' lang='grc' dir='ltr'><strong>τὴν</strong></span> <span class='ocrx_word' id='word_1_643' title='bbox 2424 4387 2590 4440; x_wconf 80' lang='grc' dir='ltr'><strong>αὑτοῦ</strong></span> <span class='ocrx_word' id='word_1_644' title='bbox 2620 4390 2920 4458; x_wconf 77' lang='grc' dir='ltr'><strong>ἐπίγνωσιν</strong></span> <span class='ocrx_word' id='word_1_645' title='bbox 2971 4393 3247 4456; x_wconf 72' lang='grc' dir='ltr'><strong>ἀντιδοὺς,</strong></span> <span class='ocrx_word' id='word_1_646' title='bbox 3285 4396 3382 4447; x_wconf 70' lang='grc' dir='ltr'><strong>καὶ⁵</strong></span> <span class='ocrx_word' id='word_1_647' title='bbox 3408 4395 3695 4467; x_wconf 72' lang='grc' dir='ltr'><strong>θεοσεϐείᾳ</strong></span> 
     </span>
    </p>
   </div>
   <div class='ocr_carea' id='block_1_93' title="bbox 451 4457 2020 4532">
    <p class='ocr_par' dir='ltr' id='par_1_93' title="bbox 451 4457 2020 4532">
     <span class='ocr_line' id='line_1_93' title="bbox 451 4457 2020 4532; baseline -0.004 -14"><span class='ocrx_word' id='word_1_648' title='bbox 451 4463 536 4518; x_wconf 87' lang='lat' dir='ltr'><strong>sui</strong></span> <span class='ocrx_word' id='word_1_649' title='bbox 567 4462 960 4532; x_wconf 77' lang='lat' dir='ltr'><strong>cognitionem,</strong></span> <span class='ocrx_word' id='word_1_650' title='bbox 1007 4467 1065 4515; x_wconf 91' lang='lat' dir='ltr'><strong>et</strong></span> <span class='ocrx_word' id='word_1_651' title='bbox 1091 4473 1222 4513; x_wconf 89' lang='lat' dir='ltr'><strong>vero</strong></span> <span class='ocrx_word' id='word_1_652' title='bbox 1255 4457 1349 4512; x_wconf 88' lang='lat' dir='ltr'><strong>Dei</strong></span> <span class='ocrx_word' id='word_1_653' title='bbox 1381 4458 1532 4513; x_wconf 90' lang='lat' dir='ltr'><strong>cultu</strong></span> <span class='ocrx_word' id='word_1_654' title='bbox 1562 4473 1689 4514; x_wconf 92' lang='lat' dir='ltr'><strong>eum</strong></span> <span class='ocrx_word' id='word_1_655' title='bbox 1717 4457 1790 4512; x_wconf 90' lang='lat' dir='ltr'><strong>sit</strong></span> <span class='ocrx_word' id='word_1_656' title='bbox 1832 4472 2020 4513; x_wconf 90' lang='lat' dir='ltr'><strong>remu-</strong></span> 
     </span>
    </p>
   </div>
   <div class='ocr_carea' id='block_1_94' title="bbox 450 4550 2020 4624">
    <p class='ocr_par' dir='ltr' id='par_1_94' title="bbox 450 4550 2020 4624">
     <span class='ocr_line' id='line_1_94' title="bbox 450 4550 2020 4624; baseline -0.003 -13"><span class='ocrx_word' id='word_1_657' title='bbox 450 4567 697 4611; x_wconf 86' lang='lat' dir='ltr'><strong>neratus.</strong></span> <span class='ocrx_word' id='word_1_658' title='bbox 726 4555 1022 4624; x_wconf 86' lang='lat' dir='ltr'><strong>Postquam</strong></span> <span class='ocrx_word' id='word_1_659' title='bbox 1057 4563 1239 4607; x_wconf 89' lang='lat' dir='ltr'><strong>autem</strong></span> <span class='ocrx_word' id='word_1_660' title='bbox 1287 4566 1354 4605; x_wconf 80' lang='lat' dir='ltr'><strong>ex</strong></span> <span class='ocrx_word' id='word_1_661' title='bbox 1391 4551 1477 4616; x_wconf 90' lang='lat' dir='ltr'><strong>iis,</strong></span> <span class='ocrx_word' id='word_1_662' title='bbox 1507 4565 1628 4620; x_wconf 73' lang='lat' dir='ltr'><strong>qua:</strong></span> <span class='ocrx_word' id='word_1_663' title='bbox 1659 4550 2020 4605; x_wconf 83' lang='lat' dir='ltr'><strong>circumcirca</strong></span> 
     </span>
    </p>
   </div>
   <div class='ocr_carea' id='block_1_95' title="bbox 447 4641 2020 4715">
    <p class='ocr_par' dir='ltr' id='par_1_95' title="bbox 447 4641 2020 4715">
     <span class='ocr_line' id='line_1_95' title="bbox 447 4641 2020 4715; baseline -0.004 -10"><span class='ocrx_word' id='word_1_664' title='bbox 447 4659 630 4715; x_wconf 88' lang='lat' dir='ltr'><strong>erant,</strong></span> <span class='ocrx_word' id='word_1_665' title='bbox 664 4647 983 4704; x_wconf 83' lang='lat' dir='ltr'><strong>civitatibus</strong></span> <span class='ocrx_word' id='word_1_666' title='bbox 1012 4643 1289 4700; x_wconf 66' lang='lat' dir='ltr'><strong>affuerunt</strong></span> <span class='ocrx_word' id='word_1_667' title='bbox 1319 4641 1562 4713; x_wconf 89' lang='lat' dir='ltr'><strong>episcopi</strong></span> <span class='ocrx_word' id='word_1_668' title='bbox 1593 4645 1816 4713; x_wconf 90' lang='lat' dir='ltr'><strong>quidam</strong></span> <span class='ocrx_word' id='word_1_669' title='bbox 1855 4643 1926 4712; x_wconf 90' lang='lat' dir='ltr'><strong>pii</strong></span> <span class='ocrx_word' id='word_1_670' title='bbox 1964 4651 2020 4698; x_wconf 91' lang='lat' dir='ltr'><strong>et</strong></span> 
     </span>
    </p>
   </div>
   <div class='ocr_carea' id='block_1_96' title="bbox 447 4734 2016 4815">
    <p class='ocr_par' dir='ltr' id='par_1_96' title="bbox 447 4734 2016 4815">
     <span class='ocr_line' id='line_1_96' title="bbox 447 4734 2016 4815; baseline -0.007 -17"><span class='ocrx_word' id='word_1_671' title='bbox 447 4742 712 4815; x_wconf 76' lang='lat' dir='ltr'><strong>religiosi,</strong></span> <span class='ocrx_word' id='word_1_672' title='bbox 747 4741 842 4812; x_wconf 91' lang='lat' dir='ltr'><strong>qui</strong></span> <span class='ocrx_word' id='word_1_673' title='bbox 871 4747 1029 4795; x_wconf 91' lang='lat' dir='ltr'><strong>erant</strong></span> <span class='ocrx_word' id='word_1_674' title='bbox 1059 4752 1251 4792; x_wconf 89' lang='lat' dir='ltr'><strong>omnes</strong></span> <span class='ocrx_word' id='word_1_675' title='bbox 1281 4736 1579 4791; x_wconf 88' lang='lat' dir='ltr'><strong>tredecim:</strong></span> <span class='ocrx_word' id='word_1_676' title='bbox 1612 4736 1707 4805; x_wconf 90' lang='lat' dir='ltr'><strong>qui</strong></span> <span class='ocrx_word' id='word_1_677' title='bbox 1750 4734 1844 4788; x_wconf 89' lang='lat' dir='ltr'><strong>alii</strong></span> <span class='ocrx_word' id='word_1_678' title='bbox 1891 4735 2016 4804; x_wconf 90' lang='lat' dir='ltr'><strong>qui-</strong></span> 
     </span>
    </p>
   </div>
   <div class='ocr_carea' id='block_1_97' title="bbox 446 4827 2017 4899">
    <p class='ocr_par' dir='ltr' id='par_1_97' title="bbox 446 4827 2017 4899">
     <span class='ocr_line' id='line_1_97' title="bbox 446 4827 2017 4899; baseline -0.006 -7"><span class='ocrx_word' id='word_1_679' title='bbox 446 4837 572 4892; x_wconf 88' lang='lat' dir='ltr'><strong>dem</strong></span> <span class='ocrx_word' id='word_1_680' title='bbox 602 4835 781 4891; x_wconf 90' lang='lat' dir='ltr'><strong>solum</strong></span> <span class='ocrx_word' id='word_1_681' title='bbox 812 4840 870 4887; x_wconf 90' lang='lat' dir='ltr'><strong>ut</strong></span> <span class='ocrx_word' id='word_1_682' title='bbox 917 4831 1169 4886; x_wconf 89' lang='lat' dir='ltr'><strong>viderent</strong></span> <span class='ocrx_word' id='word_1_683' title='bbox 1216 4827 1521 4884; x_wconf 88' lang='lat' dir='ltr'><strong>certamina</strong></span> <span class='ocrx_word' id='word_1_684' title='bbox 1568 4827 1864 4899; x_wconf 78' lang='lat' dir='ltr'><strong>martyris:</strong></span> <span class='ocrx_word' id='word_1_685' title='bbox 1923 4827 2017 4882; x_wconf 88' lang='lat' dir='ltr'><strong>alii</strong></span> 
     </span>
    </p>
   </div>
   <div class='ocr_carea' id='block_1_98' title="bbox 447 4919 2019 4985">
    <p class='ocr_par' dir='ltr' id='par_1_98' title="bbox 447 4919 2019 4985">
     <span class='ocr_line' id='line_1_98' title="bbox 447 4919 2019 4985; baseline -0.008 0"><span class='ocrx_word' id='word_1_686' title='bbox 447 4937 632 4985; x_wconf 80' lang='lat' dir='ltr'><strong>autem</strong></span> <span class='ocrx_word' id='word_1_687' title='bbox 689 4925 814 4982; x_wconf 91' lang='lat' dir='ltr'><strong>ideo</strong></span> <span class='ocrx_word' id='word_1_688' title='bbox 839 4940 870 4980; x_wconf 90' lang='lat' dir='ltr'><strong>e</strong></span> <span class='ocrx_word' id='word_1_689' title='bbox 903 4924 1124 4978; x_wconf 90' lang='lat' dir='ltr'><strong>deserto</strong></span> <span class='ocrx_word' id='word_1_690' title='bbox 1155 4919 1577 4985; x_wconf 85' lang='lat' dir='ltr'><strong>descenderant,</strong></span> <span class='ocrx_word' id='word_1_691' title='bbox 1625 4929 1686 4974; x_wconf 92' lang='lat' dir='ltr'><strong>ut</strong></span> <span class='ocrx_word' id='word_1_692' title='bbox 1726 4919 2019 4973; x_wconf 87' lang='lat' dir='ltr'><strong>visitarent</strong></span> 
     </span>
    </p>
   </div>
   <div class='ocr_carea' id='block_1_99' title="bbox 458 5011 2018 5090">
    <p class='ocr_par' dir='ltr' id='par_1_99' title="bbox 458 5011 2018 5090">
     <span class='ocr_line' id='line_1_99' title="bbox 458 5011 2018 5090; baseline -0.008 -14"><span class='ocrx_word' id='word_1_693' title='bbox 458 5020 668 5084; x_wconf 82' lang='lat' dir='ltr'><strong>fideles,</strong></span> <span class='ocrx_word' id='word_1_694' title='bbox 705 5019 800 5090; x_wconf 90' lang='lat' dir='ltr'><strong>qui</strong></span> <span class='ocrx_word' id='word_1_695' title='bbox 876 5025 1035 5072; x_wconf 88' lang='lat' dir='ltr'><strong>erant</strong></span> <span class='ocrx_word' id='word_1_696' title='bbox 1079 5014 1134 5068; x_wconf 90' lang='lat' dir='ltr'><strong>in</strong></span> <span class='ocrx_word' id='word_1_697' title='bbox 1195 5013 1441 5077; x_wconf 87' lang='lat' dir='ltr'><strong>civitate,</strong></span> <span class='ocrx_word' id='word_1_698' title='bbox 1488 5021 1545 5067; x_wconf 89' lang='lat' dir='ltr'><strong>et</strong></span> <span class='ocrx_word' id='word_1_699' title='bbox 1585 5011 1752 5065; x_wconf 87' lang='lat' dir='ltr'><strong>allata</strong></span> <span class='ocrx_word' id='word_1_700' title='bbox 1798 5025 2018 5081; x_wconf 90' lang='lat' dir='ltr'><strong>quoque</strong></span> 
     </span>
    </p>
   </div>
   <div class='ocr_carea' id='block_1_100' title="bbox 445 5105 2018 5183">
    <p class='ocr_par' dir='ltr' id='par_1_100' title="bbox 445 5105 2018 5183">
     <span class='ocr_line' id='line_1_100' title="bbox 445 5105 2018 5183; baseline -0.008 -12"><span class='ocrx_word' id='word_1_701' title='bbox 445 5122 596 5170; x_wconf 89' lang='lat' dir='ltr'><strong>esset</strong></span> <span class='ocrx_word' id='word_1_702' title='bbox 623 5129 786 5183; x_wconf 89' lang='lat' dir='ltr'><strong>aqua,</strong></span> <span class='ocrx_word' id='word_1_703' title='bbox 819 5125 946 5166; x_wconf 89' lang='lat' dir='ltr'><strong>cum</strong></span> <span class='ocrx_word' id='word_1_704' title='bbox 980 5107 1331 5181; x_wconf 87' lang='lat' dir='ltr'><strong>itajussisset</strong></span> <span class='ocrx_word' id='word_1_705' title='bbox 1358 5114 1604 5171; x_wconf 89' lang='lat' dir='ltr'><strong>sanctus,</strong></span> <span class='ocrx_word' id='word_1_706' title='bbox 1638 5105 1754 5175; x_wconf 91' lang='lat' dir='ltr'><strong>ipse</strong></span> <span class='ocrx_word' id='word_1_707' title='bbox 1795 5114 2018 5159; x_wconf 85' lang='lat' dir='ltr'><strong>sanctus</strong></span> 
     </span>
    </p>
   </div>
   <div class='ocr_carea' id='block_1_101' title="bbox 446 5195 2016 5266">
    <p class='ocr_par' dir='ltr' id='par_1_101' title="bbox 446 5195 2016 5266">
     <span class='ocr_line' id='line_1_101' title="bbox 446 5195 2016 5266; baseline -0.008 -4"><span class='ocrx_word' id='word_1_708' title='bbox 446 5222 571 5262; x_wconf 90' lang='lat' dir='ltr'><strong>cum</strong></span> <span class='ocrx_word' id='word_1_709' title='bbox 621 5204 808 5260; x_wconf 90' lang='lat' dir='ltr'><strong>eloco</strong></span> <span class='ocrx_word' id='word_1_710' title='bbox 859 5202 1077 5257; x_wconf 82' lang='lat' dir='ltr'><strong>excelso</strong></span> <span class='ocrx_word' id='word_1_711' title='bbox 1145 5197 1546 5260; x_wconf 90' lang='lat' dir='ltr'><strong>descendisset,</strong></span> <span class='ocrx_word' id='word_1_712' title='bbox 1595 5206 1650 5250; x_wconf 93' lang='lat' dir='ltr'><strong>et</strong></span> <span class='ocrx_word' id='word_1_713' title='bbox 1702 5195 2016 5266; x_wconf 57' lang='lat' dir='ltr'><strong>praefectum</strong></span> 
     </span>
    </p>
   </div>
   <div class='ocr_carea' id='block_1_102' title="bbox 445 5287 2018 5368">
    <p class='ocr_par' dir='ltr' id='par_1_102' title="bbox 445 5287 2018 5368">
     <span class='ocr_line' id='line_1_102' title="bbox 445 5287 2018 5368; baseline -0.005 -18"><span class='ocrx_word' id='word_1_714' title='bbox 445 5298 667 5368; x_wconf 87' lang='lat' dir='ltr'><strong>quidem</strong></span> <span class='ocrx_word' id='word_1_715' title='bbox 710 5294 976 5350; x_wconf 88' lang='lat' dir='ltr'><strong>inclinare</strong></span> <span class='ocrx_word' id='word_1_716' title='bbox 1009 5299 1174 5363; x_wconf 90' lang='lat' dir='ltr'><strong>caput</strong></span> <span class='ocrx_word' id='word_1_717' title='bbox 1217 5289 1315 5345; x_wconf 88' lang='lat' dir='ltr'><strong>Dei</strong></span> <span class='ocrx_word' id='word_1_718' title='bbox 1348 5288 1747 5344; x_wconf 87' lang='lat' dir='ltr'><strong>amantissimis</strong></span> <span class='ocrx_word' id='word_1_719' title='bbox 1795 5287 2018 5342; x_wconf 81' lang='lat' dir='ltr'><strong>fecisset</strong></span> 
     </span>
    </p>
   </div>
   <div class='ocr_carea' id='block_1_103' title="bbox 441 5379 2016 5460">
    <p class='ocr_par' dir='ltr' id='par_1_103' title="bbox 441 5379 2016 5460">
     <span class='ocr_line' id='line_1_103' title="bbox 441 5379 2016 5460; baseline -0.007 -17"><span class='ocrx_word' id='word_1_720' title='bbox 441 5388 742 5460; x_wconf 84' lang='lat' dir='ltr'><strong>episcopis,</strong></span> <span class='ocrx_word' id='word_1_721' title='bbox 793 5385 916 5440; x_wconf 88' lang='lat' dir='ltr'><strong>illos</strong></span> <span class='ocrx_word' id='word_1_722' title='bbox 940 5400 1070 5440; x_wconf 87' lang='lat' dir='ltr'><strong>vero</strong></span> <span class='ocrx_word' id='word_1_723' title='bbox 1119 5383 1238 5455; x_wconf 88' lang='lat' dir='ltr'><strong>ejus</strong></span> <span class='ocrx_word' id='word_1_724' title='bbox 1270 5381 1434 5452; x_wconf 83' lang='lat' dir='ltr'><strong>capiti</strong></span> <span class='ocrx_word' id='word_1_725' title='bbox 1470 5394 1667 5450; x_wconf 89' lang='lat' dir='ltr'><strong>aquam</strong></span> <span class='ocrx_word' id='word_1_726' title='bbox 1704 5379 2016 5445; x_wconf 84' lang='lat' dir='ltr'><strong>infundere,</strong></span> 
     </span>
    </p>
   </div>
   <div class='ocr_carea' id='block_1_104' title="bbox 445 5473 2018 5548">
    <p class='ocr_par' dir='ltr' id='par_1_104' title="bbox 445 5473 2018 5548">
     <span class='ocr_line' id='line_1_104' title="bbox 445 5473 2018 5548; baseline -0.006 -11"><span class='ocrx_word' id='word_1_727' title='bbox 445 5492 505 5538; x_wconf 84' lang='lat' dir='ltr'><strong>et</strong></span> <span class='ocrx_word' id='word_1_728' title='bbox 537 5482 756 5536; x_wconf 83' lang='lat' dir='ltr'><strong>dicere:</strong></span> <span class='ocrx_word' id='word_1_729' title='bbox 797 5479 1039 5548; x_wconf 86' lang='lat' dir='ltr'><strong>Suscipit</strong></span> <span class='ocrx_word' id='word_1_730' title='bbox 1085 5477 1364 5532; x_wconf 86' lang='lat' dir='ltr'><strong>lavacrum</strong></span> <span class='ocrx_word' id='word_1_731' title='bbox 1408 5473 1841 5545; x_wconf 79' lang='lat' dir='ltr'><strong>regenerationis</strong></span> <span class='ocrx_word' id='word_1_732' title='bbox 1887 5473 2018 5528; x_wconf 73' lang='grc' dir='ltr'><strong>Πιτ-</strong></span> 
     </span>
    </p>
   </div>
   <div class='ocr_carea' id='block_1_105' title="bbox 443 5567 2020 5643">
    <p class='ocr_par' dir='ltr' id='par_1_105' title="bbox 443 5567 2020 5643">
     <span class='ocr_line' id='line_1_105' title="bbox 443 5567 2020 5643; baseline -0.003 -16"><span class='ocrx_word' id='word_1_733' title='bbox 443 5586 703 5643; x_wconf 82' lang='lat' dir='ltr'><strong>mogencs</strong></span> <span class='ocrx_word' id='word_1_734' title='bbox 730 5573 785 5627; x_wconf 89' lang='lat' dir='ltr'><strong>in</strong></span> <span class='ocrx_word' id='word_1_735' title='bbox 819 5573 1042 5628; x_wconf 88' lang='lat' dir='ltr'><strong>nomine</strong></span> <span class='ocrx_word' id='word_1_736' title='bbox 1070 5571 1250 5626; x_wconf 88' lang='lat' dir='ltr'><strong>Patris</strong></span> <span class='ocrx_word' id='word_1_737' title='bbox 1292 5579 1347 5625; x_wconf 91' lang='lat' dir='ltr'><strong>et</strong></span> <span class='ocrx_word' id='word_1_738' title='bbox 1365 5568 1492 5624; x_wconf 89' lang='lat' dir='ltr'><strong>Filii</strong></span> <span class='ocrx_word' id='word_1_739' title='bbox 1535 5579 1590 5624; x_wconf 92' lang='lat' dir='ltr'><strong>et</strong></span> <span class='ocrx_word' id='word_1_740' title='bbox 1616 5567 1853 5638; x_wconf 88' lang='lat' dir='ltr'><strong>Spiritus</strong></span> <span class='ocrx_word' id='word_1_741' title='bbox 1893 5584 2020 5623; x_wconf 83' lang='lat' dir='ltr'><strong>san-</strong></span> 
     </span>
    </p>
   </div>
   <div class='ocr_carea' id='block_1_106' title="bbox 443 5661 2016 5735">
    <p class='ocr_par' dir='ltr' id='par_1_106' title="bbox 443 5661 2016 5735">
     <span class='ocr_line' id='line_1_106' title="bbox 443 5661 2016 5735; baseline -0.003 -13"><span class='ocrx_word' id='word_1_742' title='bbox 443 5665 539 5733; x_wconf 89' lang='lat' dir='ltr'><strong>cti,</strong></span> <span class='ocrx_word' id='word_1_743' title='bbox 573 5666 652 5723; x_wconf 87' lang='lat' dir='ltr'><strong>sic</strong></span> <span class='ocrx_word' id='word_1_744' title='bbox 681 5681 808 5728; x_wconf 84' lang='lat' dir='ltr'><strong>eum</strong></span> <span class='ocrx_word' id='word_1_745' title='bbox 837 5665 970 5721; x_wconf 80' lang='lat' dir='ltr'><strong>fecit</strong></span> <span class='ocrx_word' id='word_1_746' title='bbox 1013 5661 1281 5735; x_wconf 82' lang='lat' dir='ltr'><strong>baptizari</strong></span> <span class='ocrx_word' id='word_1_747' title='bbox 1317 5677 1502 5719; x_wconf 88' lang='lat' dir='ltr'><strong>coram</strong></span> <span class='ocrx_word' id='word_1_748' title='bbox 1535 5669 1650 5719; x_wconf 88' lang='lat' dir='ltr'><strong>toto</strong></span> <span class='ocrx_word' id='word_1_749' title='bbox 1672 5662 1900 5733; x_wconf 86' lang='lat' dir='ltr'><strong>populo.</strong></span> <span class='ocrx_word' id='word_1_750' title='bbox 1938 5661 2016 5718; x_wconf 85' lang='lat' dir='ltr'><strong>Eo</strong></span> 
     </span>
    </p>
   </div>
   <div class='ocr_carea' id='block_1_107' title="bbox 2123 4474 3693 4557">
    <p class='ocr_par' dir='ltr' id='par_1_107' title="bbox 2123 4474 3693 4557">
     <span class='ocr_line' id='line_1_107' title="bbox 2123 4474 3693 4557; baseline 0.008 -30"><span class='ocrx_word' id='word_1_751' title='bbox 2123 4474 2214 4528; x_wconf 86' lang='grc' dir='ltr'><strong>τδν</strong></span> <span class='ocrx_word' id='word_1_752' title='bbox 2269 4477 2547 4548; x_wconf 83' lang='grc' dir='ltr'><strong>Ἐπαρχον</strong></span> <span class='ocrx_word' id='word_1_753' title='bbox 2625 4480 3027 4551; x_wconf 74' lang='grc' dir='ltr'><strong>ἀμειψάμενος.</strong></span> <span class='ocrx_word' id='word_1_754' title='bbox 3121 4484 3273 4537; x_wconf 77' lang='grc' dir='ltr'><strong>Ἐπεὶ</strong></span> <span class='ocrx_word' id='word_1_755' title='bbox 3320 4486 3379 4538; x_wconf 79' lang='grc' dir='ltr'><strong>δέ</strong></span> <span class='ocrx_word' id='word_1_756' title='bbox 3434 4489 3693 4557; x_wconf 75' lang='grc' dir='ltr'><strong>παρῆσαν</strong></span> 
     </span>
    </p>
   </div>
   <div class='ocr_carea' id='block_1_108' title="bbox 2121 4566 3692 4642">
    <p class='ocr_par' dir='ltr' id='par_1_108' title="bbox 2121 4566 3692 4642">
     <span class='ocr_line' id='line_1_108' title="bbox 2121 4566 3692 4642; baseline 0.009 -25"><span class='ocrx_word' id='word_1_757' title='bbox 2121 4566 2301 4618; x_wconf 80' lang='grc' dir='ltr'><strong>ἐκεῖσε</strong></span> <span class='ocrx_word' id='word_1_758' title='bbox 2359 4569 2453 4620; x_wconf 73' lang='grc' dir='ltr'><strong>καὶ</strong></span> <span class='ocrx_word' id='word_1_759' title='bbox 2508 4567 2618 4622; x_wconf 84' lang='grc' dir='ltr'><strong>τῶν</strong></span> <span class='ocrx_word' id='word_1_760' title='bbox 2681 4571 2843 4641; x_wconf 78' lang='grc' dir='ltr'><strong>πέριξ</strong></span> <span class='ocrx_word' id='word_1_761' title='bbox 2893 4571 3100 4627; x_wconf 82' lang='grc' dir='ltr'><strong>πόλεων</strong></span> <span class='ocrx_word' id='word_1_762' title='bbox 3177 4575 3497 4630; x_wconf 84' lang='grc' dir='ltr'><strong>Ἐπίσκοποί</strong></span> <span class='ocrx_word' id='word_1_763' title='bbox 3547 4595 3692 4642; x_wconf 78' lang='grc' dir='ltr'><strong>τινες</strong></span> 
     </span>
    </p>
   </div>
   <div class='ocr_carea' id='block_1_109' title="bbox 2122 4657 3693 4740">
    <p class='ocr_par' dir='ltr' id='par_1_109' title="bbox 2122 4657 3693 4740">
     <span class='ocr_line' id='line_1_109' title="bbox 2122 4657 3693 4740; baseline 0.01 -32"><span class='ocrx_word' id='word_1_764' title='bbox 2122 4657 2370 4722; x_wconf 78' lang='grc' dir='ltr'><strong>εὐλαϐεῖς</strong></span> <span class='ocrx_word' id='word_1_765' title='bbox 2430 4659 2524 4712; x_wconf 83' lang='grc' dir='ltr'><strong>καὶ</strong></span> <span class='ocrx_word' id='word_1_766' title='bbox 2569 4660 2858 4730; x_wconf 69' lang='grc' dir='ltr'><strong>θεοφιλεῖς,</strong></span> <span class='ocrx_word' id='word_1_767' title='bbox 2891 4665 2942 4717; x_wconf 71' lang='grc' dir='ltr'><strong>οἱ</strong></span> <span class='ocrx_word' id='word_1_768' title='bbox 2995 4667 3196 4730; x_wconf 77' lang='grc' dir='ltr'><strong>πάντες</strong></span> <span class='ocrx_word' id='word_1_769' title='bbox 3219 4671 3598 4740; x_wconf 77' lang='grc' dir='ltr'><strong>τρισκαίδεκα,</strong></span> <span class='ocrx_word' id='word_1_770' title='bbox 3644 4674 3693 4724; x_wconf 79' lang='lat' dir='ltr'><strong>oi</strong></span> 
     </span>
    </p>
   </div>
   <div class='ocr_carea' id='block_1_110' title="bbox 2129 4749 3692 4834">
    <p class='ocr_par' dir='ltr' id='par_1_110' title="bbox 2129 4749 3692 4834">
     <span class='ocr_line' id='line_1_110' title="bbox 2129 4749 3692 4834; baseline 0.01 -34"><span class='ocrx_word' id='word_1_771' title='bbox 2129 4749 2229 4819; x_wconf 80' lang='grc' dir='ltr'><strong>μὲν</strong></span> <span class='ocrx_word' id='word_1_772' title='bbox 2273 4751 2415 4804; x_wconf 80' lang='grc' dir='ltr'><strong>κατὰ</strong></span> <span class='ocrx_word' id='word_1_773' title='bbox 2447 4753 2575 4806; x_wconf 80' lang='grc' dir='ltr'><strong>θέαν</strong></span> <span class='ocrx_word' id='word_1_774' title='bbox 2623 4755 2794 4825; x_wconf 86' lang='grc' dir='ltr'><strong>μόνην</strong></span> <span class='ocrx_word' id='word_1_775' title='bbox 2852 4757 2959 4810; x_wconf 84' lang='grc' dir='ltr'><strong>τῶν</strong></span> <span class='ocrx_word' id='word_1_776' title='bbox 3005 4757 3231 4828; x_wconf 79' lang='grc' dir='ltr'><strong>ἀγώνων</strong></span> <span class='ocrx_word' id='word_1_777' title='bbox 3267 4761 3358 4813; x_wconf 84' lang='grc' dir='ltr'><strong>τοῦ</strong></span> <span class='ocrx_word' id='word_1_778' title='bbox 3391 4761 3692 4834; x_wconf 79' lang='grc' dir='ltr'><strong>μάρτυρος,</strong></span> 
     </span>
    </p>
   </div>
   <div class='ocr_carea' id='block_1_111' title="bbox 2121 4842 3692 4922">
    <p class='ocr_par' dir='ltr' id='par_1_111' title="bbox 2121 4842 3692 4922">
     <span class='ocr_line' id='line_1_111' title="bbox 2121 4842 3692 4922; baseline 0.01 -28"><span class='ocrx_word' id='word_1_779' title='bbox 2121 4842 2251 4896; x_wconf 72' lang='grc' dir='ltr'><strong>οἶδὲ</strong></span> <span class='ocrx_word' id='word_1_780' title='bbox 2312 4845 2406 4896; x_wconf 74' lang='grc' dir='ltr'><strong>καὶ</strong></span> <span class='ocrx_word' id='word_1_781' title='bbox 2433 4844 2522 4900; x_wconf 78' lang='grc' dir='ltr'><strong>διὰ</strong></span> <span class='ocrx_word' id='word_1_782' title='bbox 2562 4846 2724 4900; x_wconf 79' lang='grc' dir='ltr'><strong>τοῦτο</strong></span> <span class='ocrx_word' id='word_1_783' title='bbox 2780 4848 2878 4918; x_wconf 81' lang='grc' dir='ltr'><strong>τῆς</strong></span> <span class='ocrx_word' id='word_1_784' title='bbox 2922 4850 3130 4921; x_wconf 81' lang='grc' dir='ltr'><strong>ἐρήμου</strong></span> <span class='ocrx_word' id='word_1_785' title='bbox 3178 4853 3552 4922; x_wconf 78' lang='grc' dir='ltr'><strong>κατελθόντες,</strong></span> <span class='ocrx_word' id='word_1_786' title='bbox 3607 4857 3692 4909; x_wconf 85' lang='grc' dir='ltr'><strong>ῑνα</strong></span> 
     </span>
    </p>
   </div>
   <div class='ocr_carea' id='block_1_112' title="bbox 2121 4935 3692 5018">
    <p class='ocr_par' dir='ltr' id='par_1_112' title="bbox 2121 4935 3692 5018">
     <span class='ocr_line' id='line_1_112' title="bbox 2121 4935 3692 5018; baseline 0.009 -32"><span class='ocrx_word' id='word_1_787' title='bbox 2121 4936 2247 4996; x_wconf 72' lang='grc' dir='ltr'><strong>τοὺς</strong></span> <span class='ocrx_word' id='word_1_788' title='bbox 2283 4935 2342 4987; x_wconf 87' lang='grc' dir='ltr'><strong>ἐν</strong></span> <span class='ocrx_word' id='word_1_789' title='bbox 2365 4939 2428 5007; x_wconf 76' lang='grc' dir='ltr'><strong>τῇ</strong></span> <span class='ocrx_word' id='word_1_790' title='bbox 2467 4937 2619 4990; x_wconf 75' lang='grc' dir='ltr'><strong>πόλει</strong></span> <span class='ocrx_word' id='word_1_791' title='bbox 2672 4941 2900 5002; x_wconf 71' lang='grc' dir='ltr'><strong>πιστοὺς</strong></span> <span class='ocrx_word' id='word_1_792' title='bbox 2940 4942 3376 5013; x_wconf 75' lang='grc' dir='ltr'><strong>ἐπισκέψωνται,</strong></span> <span class='ocrx_word' id='word_1_793' title='bbox 3406 4948 3606 5018; x_wconf 72' lang='grc' dir='ltr'><strong>ἠνέχθη</strong></span> <span class='ocrx_word' id='word_1_794' title='bbox 3633 4948 3692 5000; x_wconf 73' lang='grc' dir='ltr'><strong>δέ</strong></span> 
     </span>
    </p>
   </div>
   <div class='ocr_carea' id='block_1_113' title="bbox 2123 5025 3693 5106">
    <p class='ocr_par' dir='ltr' id='par_1_113' title="bbox 2123 5025 3693 5106">
     <span class='ocr_line' id='line_1_113' title="bbox 2123 5025 3693 5106; baseline 0.008 -27"><span class='ocrx_word' id='word_1_795' title='bbox 2123 5026 2218 5079; x_wconf 74' lang='grc' dir='ltr'><strong>καὶ</strong></span> <span class='ocrx_word' id='word_1_796' title='bbox 2256 5025 2419 5099; x_wconf 81' lang='grc' dir='ltr'><strong>ὕδωρ,</strong></span> <span class='ocrx_word' id='word_1_797' title='bbox 2451 5029 2594 5084; x_wconf 77' lang='grc' dir='ltr'><strong>οὕτω</strong></span> <span class='ocrx_word' id='word_1_798' title='bbox 2642 5033 2936 5086; x_wconf 78' lang='grc' dir='ltr'><strong>κελευσθὲν</strong></span> <span class='ocrx_word' id='word_1_799' title='bbox 2986 5036 3091 5088; x_wconf 82' lang='grc' dir='ltr'><strong>ὑπὸ</strong></span> <span class='ocrx_word' id='word_1_800' title='bbox 3118 5037 3210 5090; x_wconf 83' lang='grc' dir='ltr'><strong>τοῦ</strong></span> <span class='ocrx_word' id='word_1_801' title='bbox 3245 5039 3424 5106; x_wconf 85' lang='grc' dir='ltr'><strong>ἁγίου,</strong></span> <span class='ocrx_word' id='word_1_802' title='bbox 3475 5040 3639 5102; x_wconf 74' lang='grc' dir='ltr'><strong>αὐτὸς</strong></span> <span class='ocrx_word' id='word_1_803' title='bbox 3665 5042 3693 5092; x_wconf 84' lang='grc' dir='ltr'><strong>ό</strong></span> 
     </span>
    </p>
   </div>
   <div class='ocr_carea' id='block_1_114' title="bbox 2121 5117 3694 5198">
    <p class='ocr_par' dir='ltr' id='par_1_114' title="bbox 2121 5117 3694 5198">
     <span class='ocr_line' id='line_1_114' title="bbox 2121 5117 3694 5198; baseline 0.01 -28"><span class='ocrx_word' id='word_1_804' title='bbox 2121 5117 2276 5186; x_wconf 77' lang='grc' dir='ltr'><strong>ἅγιος</strong></span> <span class='ocrx_word' id='word_1_805' title='bbox 2301 5121 2394 5173; x_wconf 76' lang='grc' dir='ltr'><strong>τοῦ</strong></span> <span class='ocrx_word' id='word_1_806' title='bbox 2461 5119 2756 5191; x_wconf 61' lang='grc' dir='ltr'><strong>ὖψωματος</strong></span> <span class='ocrx_word' id='word_1_807' title='bbox 2787 5125 3020 5190; x_wconf 69' lang='grc' dir='ltr'><strong>ἀποϐὰς,</strong></span> <span class='ocrx_word' id='word_1_808' title='bbox 3043 5127 3136 5180; x_wconf 76' lang='grc' dir='ltr'><strong>καὶ</strong></span> <span class='ocrx_word' id='word_1_809' title='bbox 3159 5127 3251 5181; x_wconf 66' lang='grc' dir='ltr'><strong>τον</strong></span> <span class='ocrx_word' id='word_1_810' title='bbox 3282 5130 3565 5198; x_wconf 83' lang='grc' dir='ltr'><strong>Ἐπαρχον</strong></span> <span class='ocrx_word' id='word_1_811' title='bbox 3591 5129 3694 5198; x_wconf 70' lang='grc' dir='ltr'><strong>μὲν</strong></span> 
     </span>
    </p>
   </div>
   <div class='ocr_carea' id='block_1_115' title="bbox 2122 5209 3694 5288">
    <p class='ocr_par' dir='ltr' id='par_1_115' title="bbox 2122 5209 3694 5288">
     <span class='ocr_line' id='line_1_115' title="bbox 2122 5209 3694 5288; baseline 0.006 -27"><span class='ocrx_word' id='word_1_812' title='bbox 2122 5209 2408 5265; x_wconf 83' lang='grc' dir='ltr'><strong>ὑποκλῖναι</strong></span> <span class='ocrx_word' id='word_1_813' title='bbox 2431 5213 2529 5282; x_wconf 85' lang='grc' dir='ltr'><strong>τὴν</strong></span> <span class='ocrx_word' id='word_1_814' title='bbox 2561 5215 2806 5286; x_wconf 74' lang='grc' dir='ltr'><strong>κεφαλὴν</strong></span> <span class='ocrx_word' id='word_1_815' title='bbox 2833 5220 2944 5281; x_wconf 82' lang='grc' dir='ltr'><strong>τοῖς</strong></span> <span class='ocrx_word' id='word_1_816' title='bbox 2971 5217 3340 5288; x_wconf 73' lang='grc' dir='ltr'><strong>θεοφιλτάτοις</strong></span> <span class='ocrx_word' id='word_1_817' title='bbox 3373 5219 3694 5282; x_wconf 82' lang='grc' dir='ltr'><strong>ἐπισκόποις</strong></span> 
     </span>
    </p>
   </div>
   <div class='ocr_carea' id='block_1_116' title="bbox 2120 5301 3691 5380">
    <p class='ocr_par' dir='ltr' id='par_1_116' title="bbox 2120 5301 3691 5380">
     <span class='ocr_line' id='line_1_116' title="bbox 2120 5301 3691 5380; baseline 0.007 -28"><span class='ocrx_word' id='word_1_818' title='bbox 2120 5301 2460 5373; x_wconf 84' lang='grc' dir='ltr'><strong>πεποιηκὼς,</strong></span> <span class='ocrx_word' id='word_1_819' title='bbox 2491 5307 2733 5376; x_wconf 84' lang='grc' dir='ltr'><strong>ὲπιχέειν</strong></span> <span class='ocrx_word' id='word_1_820' title='bbox 2759 5308 2816 5362; x_wconf 76' lang='grc' dir='ltr'><strong>δὲ</strong></span> <span class='ocrx_word' id='word_1_821' title='bbox 2848 5309 2998 5380; x_wconf 81' lang='grc' dir='ltr'><strong>αὐτῷ</strong></span> <span class='ocrx_word' id='word_1_822' title='bbox 3046 5311 3140 5362; x_wconf 82' lang='grc' dir='ltr'><strong>ἐπὶ</strong></span> <span class='ocrx_word' id='word_1_823' title='bbox 3172 5310 3414 5380; x_wconf 51' lang='grc' dir='ltr'><strong>κεςαλῆς</strong></span> <span class='ocrx_word' id='word_1_824' title='bbox 3447 5311 3691 5374; x_wconf 83' lang='grc' dir='ltr'><strong>ἐκείνους</strong></span> 
     </span>
    </p>
   </div>
   <div class='ocr_carea' id='block_1_117' title="bbox 2119 5392 3694 5473">
    <p class='ocr_par' dir='ltr' id='par_1_117' title="bbox 2119 5392 3694 5473">
     <span class='ocr_line' id='line_1_117' title="bbox 2119 5392 3694 5473; baseline 0.007 -27"><span class='ocrx_word' id='word_1_825' title='bbox 2119 5392 2178 5446; x_wconf 74' lang='grc' dir='ltr'><strong>τὸ</strong></span> <span class='ocrx_word' id='word_1_826' title='bbox 2203 5393 2368 5463; x_wconf 77' lang='grc' dir='ltr'><strong>ὕδωρ,</strong></span> <span class='ocrx_word' id='word_1_827' title='bbox 2403 5396 2497 5449; x_wconf 84' lang='grc' dir='ltr'><strong>καὶ</strong></span> <span class='ocrx_word' id='word_1_828' title='bbox 2523 5395 2724 5466; x_wconf 81' lang='grc' dir='ltr'><strong>λέγειν,</strong></span> <span class='ocrx_word' id='word_1_829' title='bbox 2756 5399 2982 5469; x_wconf 81' lang='grc' dir='ltr'><strong>Δέχεται</strong></span> <span class='ocrx_word' id='word_1_830' title='bbox 3034 5401 3096 5454; x_wconf 83' lang='grc' dir='ltr'><strong>τὺ</strong></span> <span class='ocrx_word' id='word_1_831' title='bbox 3129 5401 3356 5472; x_wconf 80' lang='grc' dir='ltr'><strong>λουτρὸν</strong></span> <span class='ocrx_word' id='word_1_832' title='bbox 3396 5403 3496 5473; x_wconf 81' lang='grc' dir='ltr'><strong>τῆς</strong></span> <span class='ocrx_word' id='word_1_833' title='bbox 3561 5402 3694 5457; x_wconf 78' lang='grc' dir='ltr'><strong>ἀνα-</strong></span> 
     </span>
    </p>
   </div>
   <div class='ocr_carea' id='block_1_118' title="bbox 2119 5484 3692 5563">
    <p class='ocr_par' dir='ltr' id='par_1_118' title="bbox 2119 5484 3692 5563">
     <span class='ocr_line' id='line_1_118' title="bbox 2119 5484 3692 5563; baseline 0.008 -30"><span class='ocrx_word' id='word_1_834' title='bbox 2119 5485 2425 5553; x_wconf 80' lang='grc' dir='ltr'><strong>γεννήσεως</strong></span> <span class='ocrx_word' id='word_1_835' title='bbox 2467 5484 2801 5558; x_wconf 82' lang='grc' dir='ltr'><strong>Ἑρμογένης</strong></span> <span class='ocrx_word' id='word_1_836' title='bbox 2858 5491 2940 5554; x_wconf 83' lang='grc' dir='ltr'><strong>είς</strong></span> <span class='ocrx_word' id='word_1_837' title='bbox 2990 5490 3054 5544; x_wconf 73' lang='grc' dir='ltr'><strong>τὸ</strong></span> <span class='ocrx_word' id='word_1_838' title='bbox 3109 5491 3284 5560; x_wconf 68' lang='grc' dir='ltr'><strong>ὄνομα</strong></span> <span class='ocrx_word' id='word_1_839' title='bbox 3313 5490 3406 5544; x_wconf 82' lang='grc' dir='ltr'><strong>τοῦ</strong></span> <span class='ocrx_word' id='word_1_840' title='bbox 3453 5491 3692 5563; x_wconf 68' lang='grc' dir='ltr'><strong>Πατρός,</strong></span> 
     </span>
    </p>
   </div>
   <div class='ocr_carea' id='block_1_119' title="bbox 2122 5573 3694 5653">
    <p class='ocr_par' dir='ltr' id='par_1_119' title="bbox 2122 5573 3694 5653">
     <span class='ocr_line' id='line_1_119' title="bbox 2122 5573 3694 5653; baseline 0.006 -26"><span class='ocrx_word' id='word_1_841' title='bbox 2122 5573 2337 5627; x_wconf 75' lang='grc' dir='ltr'><strong>καὶτοῦ</strong></span> <span class='ocrx_word' id='word_1_842' title='bbox 2381 5573 2536 5641; x_wconf 82' lang='grc' dir='ltr'><strong>Υἱοῦ,</strong></span> <span class='ocrx_word' id='word_1_843' title='bbox 2593 5579 2689 5632; x_wconf 75' lang='grc' dir='ltr'><strong>καὶ</strong></span> <span class='ocrx_word' id='word_1_844' title='bbox 2744 5580 2840 5632; x_wconf 81' lang='grc' dir='ltr'><strong>τοῦ</strong></span> <span class='ocrx_word' id='word_1_845' title='bbox 2891 5581 3050 5649; x_wconf 81' lang='grc' dir='ltr'><strong>ἁγίου</strong></span> <span class='ocrx_word' id='word_1_846' title='bbox 3113 5581 3453 5653; x_wconf 85' lang='grc' dir='ltr'><strong>Πνεύματος,</strong></span> <span class='ocrx_word' id='word_1_847' title='bbox 3521 5583 3694 5648; x_wconf 79' lang='grc' dir='ltr'><strong>οὕτως</strong></span> 
     </span>
    </p>
   </div>
   <div class='ocr_carea' id='block_1_120' title="bbox 2121 5663 3695 5746">
    <p class='ocr_par' dir='ltr' id='par_1_120' title="bbox 2121 5663 3695 5746">
     <span class='ocr_line' id='line_1_120' title="bbox 2121 5663 3695 5746; baseline 0.008 -30"><span class='ocrx_word' id='word_1_848' title='bbox 2121 5663 2352 5722; x_wconf 83' lang='grc' dir='ltr'><strong>ἐνώπιον</strong></span> <span class='ocrx_word' id='word_1_849' title='bbox 2407 5666 2570 5723; x_wconf 73' lang='grc' dir='ltr'><strong>αὐτὸν</strong></span> <span class='ocrx_word' id='word_1_850' title='bbox 2621 5669 2823 5734; x_wconf 77' lang='grc' dir='ltr'><strong>παντὸς</strong></span> <span class='ocrx_word' id='word_1_851' title='bbox 2873 5672 2964 5727; x_wconf 72' lang='grc' dir='ltr'><strong>τοῦ</strong></span> <span class='ocrx_word' id='word_1_852' title='bbox 3023 5673 3263 5744; x_wconf 81' lang='grc' dir='ltr'><strong>πλήθους</strong></span> <span class='ocrx_word' id='word_1_853' title='bbox 3324 5664 3695 5746; x_wconf 75' lang='grc' dir='ltr'><strong>βαπτισθῆναι</strong></span> 
     </span>
    </p>
   </div>
  </div>
