4080 6374
340 361 449 422 397

1238 368 1714 432 MARTYRIUM
1759 371 1822 433 S.
1869 372 2100 434 MENIE
2140 375 2238 436 ET
2277 376 2690 444 SOCIORUM.

3487 400 3592 463 398

337 475 665 549 πεποίηκεν.
709 475 1103 551 Ἐπευωήμησι
1155 476 1212 534 δὲ
1266 481 1358 536 τὸν
1421 483 1656 552 Χριστὸν
1687 487 1714 540 ὁ
1742 484 1898 555 δῆμος

2022 499 2205 542 autem
2249 491 2473 547 nomine
2507 495 2747 564 populus
2770 495 3053 554 Christum
3091 503 3281 564 multis
3330 508 3594 572 laudibus

334 573 414 634 τις
465 571 624 625 τοῦτο
646 571 837 626 πολλά.

407 659 539 720 KA'.
587 659 680 724 ’ος
711 661 805 716 οῦν
825 663 860 734 ἦ
893 680 953 717 τε
985 663 1342 738 ἀναγέννησις
1383 667 1479 722 τοῦ
1513 668 1758 740 ἐπάρχου
1791 671 1915 742 ἐορ-

331 752 522 816 τάζειν
547 754 850 825 ἠνάγκαζε,
899 757 997 813 καὶ
1024 758 1161 828 πρὸς
1219 761 1477 815 τοσοῦτον
1523 762 1724 835 πλῆθος
1752 764 1916 834 ἐξαρο

332 849 493 902 κέσαι
520 848 728 920 ἄπορον
748 846 837 920 ἦν,
867 851 986 904 τότε
1041 852 1140 922 μὲν
1169 854 1196 907 ό
1229 853 1389 922 ἅγιος
1434 855 1646 911 διαλύει
1673 856 1737 911 τὸ
1787 858 1914 912 θέα-

329 956 495 1010 τρον·
523 936 643 995 εἶτα
673 941 812 1013 πρὸς
841 943 972 1008 τοὺς
1029 945 1368 1012 ἐπισκόπους
1417 949 1802 1021 ἐπιστραφεὶς,
1835 953 1909 1005 Οὐ

325 1030 543 1085 δίκαιόν
575 1035 744 1099 ἐστιν,
774 1034 900 1105 ἔφη,
933 1035 1181 1091 τοιούτου
1215 1039 1316 1110 τὴν
1356 1041 1687 1112 Ἐκκλησίαν
1719 1044 1913 1114 ἀνδρὸς

333 1123 714 1195 στερηθῆναι,
769 1128 1128 1199 πολυμαθοῦς
1176 1148 1238 1185 τε
1300 1134 1397 1187 καὶ
1453 1134 1754 1204 σώφρονος,
1815 1139 1912 1191 καὶ

329 1214 432 1286 τὴν
462 1216 707 1270 διάνοιαν
741 1219 974 1289 ὑψηλοῦ.
1007 1221 1193 1295 Ταύτῃ
1221 1241 1305 1278 τοι
1338 1225 1432 1280 καὶ
1464 1227 1552 1281 διὰ
1579 1228 1680 1300 τὴν
1709 1231 1912 1302 πολλὴν

325 1308 454 1377 περὶ
482 1309 575 1360 τὸν
605 1308 762 1378 ἅγιον
809 1311 966 1378 αίδὼ,
1007 1315 1177 1386 μηδὲν
1229 1315 1323 1372 τὸν
1370 1317 1716 1393 Ἑρμογένην
1748 1323 1904 1376 ἀντι·-

326 1398 723 1470 φθεγγόμενον,
757 1401 1014 1470 λαϐόντες
1042 1408 1266 1472 ἐκείνοι,
1295 1408 1375 1480 τῷ
1422 1411 1612 1483 κλήρῳ
1644 1416 1908 1485 συναριθ-

327 1490 544 1557 μοῦσιν.
594 1488 727 1545 Εἶτα
809 1496 948 1568 πρὸς
1009 1497 1165 1565 τάξιν
1217 1503 1346 1565 τοὺς
1413 1503 1912 1575 ἐκκλησιαστικοὺς

325 1581 536 1645 πάντας
577 1582 825 1652 βαθμοὺς
860 1587 1218 1657 μετελθόντα,
1267 1593 1570 1649 ἐπίσκοπον
1619 1598 1782 1653 αὐτὸν
1811 1601 1910 1670 τῆς

323 1672 532 1738 πόλεως
567 1675 918 1733 καθιστῶσιν.
955 1682 1052 1744 Ὃς
1079 1685 1174 1738 καὶ
1225 1686 1365 1754 μετὰ
1411 1687 1512 1756 τὴν
1549 1692 1907 1762 χειροτονίαν,

326 1765 566 1836 ἑϐδόμης
595 1768 899 1840 ὶπιστάσης
925 1773 1166 1843 ἡμέρας,
1192 1779 1520 1846 συναγαγὼν
1545 1781 1671 1836 ὅσον
1698 1787 1906 1854 προσῆν

324 1857 474 1927 αὺτῷ
504 1859 751 1929 χρυσίον,
785 1863 879 1915 καὶ
902 1863 999 1933 τὴν
1033 1865 1201 1936 ἄλλην
1227 1869 1410 1922 πᾶσαν
1441 1873 1780 1941 περιουσίαν,
1813 1877 1908 1931 κα)⁸

323 1950 535 2020 χαίρειν
582 1951 754 2005 εἰπὼν
808 1957 993 2026 τρυφῇ
1026 1956 1122 2010 xui.
1179 1958 1416 2034 βλακείᾳ
1443 1967 1680 2032 καὶτοῖς
1724 1968 1907 2034 ἄλλοις

320 2037 406 2105 οἷς
439 2043 698 2114 χαίρουσι
754 2048 1107 2118 φιλοκόσμων
1161 2052 1353 2123 ψυχαὶ,
1388 2057 1546 2127 χερσὶ
1600 2059 1780 2116 πάντα
1809 2080 1906 2116 πε-

322 2134 500 2204 νήτων
522 2135 720 2188 ἐδίδου.
771 2133 906 2193 Εἶτα
959 2141 1055 2194 καὶ
1108 2145 1175 2197 τά
1201 2143 1337 2197 ἄλλα
1366 2147 1545 2202 πάντα
1574 2150 1666 2204 διὰ
1700 2156 1905 2225 μικρᾶς

320 2225 552 2297 θέμενος
581 2228 684 2298 τῆς
734 2233 1042 2300 φροντίδος,
1094 2237 1192 2290 σὺν
1228 2239 1396 2291 παντὶ
1418 2240 1496 2312 τῷ
1530 2244 1730 2314 πλήθει
1763 2250 1904 2318 πρὸς

316 2319 411 2374 τὸν
441 2321 587 2374 κατὰ
637 2322 746 2374 τῶν
808 2323 1085 2396 δαιμόνων
1148 2329 1490 2394 ιξωπλίσατο
1526 2337 1780 2408 πόλεμον,
1815 2334 1903 2394 οἷα

321 2413 684 2481 μνησικακῶν
709 2416 896 2481 αὐτοῖς
928 2417 1021 2471 τοῦ
1057 2422 1329 2494 προτέρου
1355 2423 1474 2494 βίου
1513 2429 1608 2481 καὶ
1635 2430 1734 2501 τῆς
1763 2432 1904 2486 πλά-

316 2519 418 2572 νης
479 2507 760 2574 κραταιῶς
819 2509 1186 2580 ἀμυνόμενος,
1255 2516 1350 2568 καὶ
1406 2520 1464 2570 ὲν
1521 2519 1688 2592 ὀλίγῳ
1744 2523 1814 2577 τά
1840 2543 1900 2579 τε

316 2594 678 2666 ἀφιδρύματα
709 2603 804 2652 καὶ
849 2602 978 2666 τοὺς
1019 2602 1242 2674 βωμοὺς
1271 2607 1456 2662 αὐτῶν
1486 2615 1899 2685 καταστρέψας,

315 2686 415 2739 καὶ
449 2691 560 2742 πᾶν
600 2691 822 2745 εἴδωλον
857 2695 1124 2762 καθελὼν,
1149 2699 1428 2770 πανταχοῦ
1455 2703 1549 2756 τόν
1580 2721 1638 2756 τε
1665 2708 1900 2777 σταυρὸν

315 2780 583 2846 ἐπήξατο,
609 2785 702 2835 καὶ
733 2783 1100 2858 θυσιαστήρια
1151 2793 1545 2862 συνεστήσατο,
1577 2797 1759 2850 καὶτὸ
1802 2800 1896 2853 τοῦ

313 2871 557 2940 Χριστοῦ
601 2879 1034 2945 προσκυνεῖσθαι
1067 2884 1482 2952 παρεσκεύασεν
1517 2885 1710 2957 ὄνομα.
1759 2891 1900 2956 Τοὺς

316 2965 418 3033 μὲν
447 2966 539 3020 οῦν
568 2967 761 3037 ὄχλους
794 2971 933 3038 μετὰ
957 2972 1115 3026 τοῦτο
1152 2977 1596 3044 προσπίπτοντας
1617 2982 1710 3032 καὶ
1741 2980 1885 3051 βαπς

311 3058 573 3129 τισθῆναι
620 3061 909 3132 δεομένους
961 3065 1260 3132 ἐϐάπτιζεν
1321 3069 1557 3140 ἑκάστης
1586 3073 1894 3141 τοσούτους,

2017 581 2103 627 est
2135 586 2480 641 prosecutus.

2085 666 2300 766 XXIV:
2335 670 2605 737 Quoniam
2673 691 2804 734 vero
2849 690 2906 737 et
2955 687 3199 754 praefecti
3248 704 3593 766 regeneratio

2014 757 2245 826 cogehat
2276 757 2475 816 festum
2523 764 2824 836 celebrare,
2875 788 2981 830 nec
3023 777 3186 836 facile
3239 757 3456 854 poterat
3500 757 3589 850 sa-

2015 848 2208 904 tisiieri
2263 859 2432 906 tantae
2492 856 2855 927 multitudini,
2901 871 3035 921 tunc
3084 848 3307 940 quidem

2013 939 2243 995 dimittit
2272 942 2568 999 theatrum.
2601 947 2808 1006 Deinde
2838 953 3004 1010 etiam
3029 939 3325 1022 conversus
3348 971 3416 1026 ad
3471 939 3589 1045 cpi:-

2013 1047 2252 1102 sc0pos:
2289 1037 2408 1092 Non
2433 1040 2641 1111 justum
2670 1051 2775 1110 est,
2838 1045 3037 1117 inquit,
3079 1065 3137 1106 ut
3167 1053 3411 1116 Ecclesia
3437 1037 3589 1124 tanto

2012 1125 2134 1180 viro
2174 1127 2443 1196 privetur,
2472 1133 2564 1201 qui
2598 1145 2680 1189 est
2713 1147 2820 1190 tam
2855 1141 3162 1212 studiosus,
3197 1159 3253 1204 et
3284 1155 3592 1222 modestus.

2012 1225 2068 1273 et
2094 1226 2204 1272 tam
2243 1221 2464 1277 sublimi
2496 1223 2738 1296 ingenio.
2772 1229 2850 1284 Ea
2891 1233 2958 1288 de
2993 1250 3157 1294 causa
3191 1254 3417 1312 propter
3444 1221 3590 1305 mul;

2013 1320 2121 1366 tam
2177 1313 2231 1368 in
2281 1326 2534 1373 sanctum
2589 1325 2982 1391 reverentiam,
3045 1345 3169 1387 cum
3245 1341 3594 1410 accepissent

2011 1402 2412 1476 Hermogenem
2442 1411 2577 1466 nihil
2614 1418 3110 1489 contradicentem,
3158 1426 3234 1482 illi
3269 1402 3396 1486 eunt
3450 1437 3593 1494 refe-

2011 1505 2142 1552 runt
2169 1499 2224 1554 in
2256 1500 2387 1556 cieri
2421 1519 2738 1564 numerum.
2771 1509 2979 1569 Deinde
3012 1530 3138 1572 cum
3193 1536 3294 1590 per
3336 1526 3590 1585 ordinem

2009 1592 2412 1652 ecclesiasticos
2477 1614 2671 1656 omnes
2731 1605 2934 1676 gradus
3014 1612 3404 1685 transivisset,
3459 1637 3586 1677 eum

2009 1685 2357 1741 constituunt
2400 1689 2718 1762 episcopum
2778 1697 3041 1755 civitatis.
3093 1703 3197 1770 Qui
3245 1708 3412 1764 etiam
3458 1729 3586 1769 cum

2011 1783 2134 1842 post
2189 1777 2515 1836 electionem
2577 1783 2666 1840 die
2710 1789 2948 1857 septimo
3003 1796 3274 1866 coegisset
3317 1803 3587 1875 quidquid

2010 1866 2252 1922 habebat
2281 1872 2402 1927 auri
2437 1883 2493 1929 et
2524 1876 2758 1932 aliarum
2791 1881 3139 1955 facultatum,
3177 1902 3232 1946 et
3265 1866 3446 1952 valere
3463 1866 3586 1968 ius-

2008 1958 2172 2014 sisset
2205 1960 2435 2018 delicias
2470 1976 2524 2020 et
2551 1967 2816 2036 lautitias,
2845 1983 2903 2028 et
2933 1977 3038 2032 alia
3069 1982 3269 2049 quibus
3297 1958 3582 2045 delectan-

2014 2057 2104 2104 tur
2133 2067 2322 2107 eorum
2353 2056 2568 2124 animae,
2600 2063 2694 2130 qui
2741 2067 2946 2122 mundo
2975 2068 3344 2142 delectantur,
3397 2082 3590 2139 omnia.

2005 2139 2158 2197 dedit
2192 2143 2248 2198 in
2283 2162 2477 2203 manus
2506 2167 2832 2222 pauperum.
2869 2158 3079 2216 Deinde
3101 2176 3227 2217 cum
3273 2139 3441 2222 etiam
3476 2173 3590 2232 alia

2005 2235 2190 2288 omnia
2241 2239 2665 2310 parvifccisset,
2717 2263 2842 2302 cum
2908 2253 3165 2309 universa
3224 2259 3584 2320 multitudine

2003 2336 2063 2376 se
2100 2327 2332 2380 armavit
2373 2329 2440 2383 ad
2487 2329 2694 2388 bellum
2732 2339 3034 2406 gerendum
3066 2352 3255 2399 contra
3283 2347 3582 2418 daemones,

2006 2423 2064 2468 ut
2123 2416 2388 2473 adversus
2446 2435 2586 2491 quos
2657 2437 2876 2493 gereret
2962 2432 3281 2492 inimicitias
3357 2453 3586 2512 propter

2002 2505 2241 2575 priorem
2291 2509 2502 2578 vitam,
2557 2523 2614 2568 et
2661 2531 2854 2572 eorum
2915 2537 3162 2580 errorem
3222 2530 3584 2591 vehementer

2000 2612 2430 2670 persequeretur
2461 2621 2476 2658 :
2521 2616 2577 2660 et
2609 2623 2733 2663 cum
2763 2611 2918 2667 brevi
2963 2631 3154 2672 eorum
3183 2619 3306 2676 fana
3347 2632 3404 2678 et
3453 2642 3583 2684 aras

2001 2694 2320 2761 evertisset,
2345 2707 2401 2752 et
2428 2699 2722 2756 simulacra
2765 2704 3078 2774 deiecisset,
3117 2712 3324 2783 ubique
3349 2731 3574 2775 crucem

2001 2783 2119 2839 fixit
2145 2795 2202 2840 et
2230 2786 2285 2841 in
2313 2786 2520 2844 Christi
2547 2794 2771 2850 nomine
2803 2803 3112 2855 construxit
3143 2805 3365 2860 altaria.
3397 2813 3578 2880 Atque

2003 2877 2192 2932 turbas
2219 2879 2440 2948 quidem
2475 2892 2665 2952 postea
2707 2887 2775 2941 ad
2828 2891 2949 2960 ejus
2987 2893 3157 2960 pedes
3199 2877 3576 2970 procidentes.

1999 2980 2055 3024 et
2088 2984 2344 3041 rogantes
2380 2973 2669 3045 baptizari,
2695 2978 3028 3049 baptizabat,
3065 2994 3174 3041 tam
3206 2991 3410 3050 multos
3441 3010 3582 3064 quo-

2002 3063 2160 3129 tidie,
2198 3073 2388 3120 utnec
2428 3067 2588 3125 facile
2635 3083 2822 3141 posset
2878 3090 3071 3132 eorum
3119 3095 3381 3138 numerus
3425 3063 3575 3140 com-

310 3152 392 3211 ὡς
419 3154 554 3225 μηδὲ
584 3156 803 3226 ἀριθμῷ
821 3159 1021 3228 ῥαδίως
1051 3161 1250 3228 αὐτοὺς
1296 3164 1722 3222 ὑποϐάλλεσθαι.
1757 3170 1895 3234 Τοὺς

2003 3155 2294 3225 prehendi.
2343 3159 2720 3218 Dacmoniacos
2785 3176 2993 3232 autem,
3048 3181 3144 3226 aut
3191 3173 3285 3243 qui
3335 3175 3406 3228 ab
3454 3178 3581 3233 aliis

308 3245 371 3298 δὲ
397 3246 796 3317 δαιμονῶντας,
844 3251 876 3320 ἢ
909 3252 1014 3304 ὑπὸ
1063 3254 1254 3310 παθῶν
1281 3259 1484 3331 ἑτέρων
1511 3260 1894 3330 πιεζομένους,

309 3337 608 3408 ἐπικλήσει
655 3341 791 3412 μόνῃ
843 3342 1076 3415 Χριστοῦ
1123 3350 1468 3419 παραχρῆμα
1517 3352 1611 3404 καὶ
1649 3352 1743 3405 τοῦ
1780 3353 1898 3407 δαί-

319 3447 482 3498 μονος
510 3432 728 3484 καὶτοῦ
777 3436 983 3499 πάθους
1014 3437 1352 3508 ἀπήλαττεν.
1402 3441 1686 3496 Ἐδίδασκέ
1721 3461 1780 3496 τε
1811 3443 1898 3497 ἀεὶ

313 3519 538 3583 ἁγνείας
581 3521 805 3590 ἔχεσθαι
857 3527 953 3579 καὶ
1018 3526 1356 3597 θεοσεϐείας,
1385 3535 1898 3606 ταπεινοφροσύνης

312 3626 377 3662 τε
434 3613 530 3664 καὶ⁸
581 3613 804 3686 ἀγάπης
848 3619 1158 3692 πραότητος
1207 3621 1304 3675 καὶ
1358 3625 1772 3698 ἁκτημοσύνης,
1801 3629 1898 3680 καὶ

308 3700 410 3769 τῆς
444 3702 614 3774 ἄλλης
635 3705 838 3775 ἀρετῆς
886 3710 1089 3779 ὁμοίως
1117 3711 1312 3765 ἑαυτὸν
1344 3716 1456 3778 τοῖς
1483 3715 1893 3788 διδασκομένοις

311 3791 624 3864 ὑπόδειγμα
657 3800 960 3868 προτιθείς.

384 3882 516 3938 KE’.
555 3887 711 3939 Ἐπεὶ
739 3889 833 3943 οὖν
875 3892 936 3944 σὺ
995 3892 1188 3946 πολλαὶ
1235 3896 1458 3967 διῆλθον
1517 3900 1741 3970 ἡμέραι,
1798 3903 1894 3956 καὶ

312 3976 500 4047 πάσης
541 3979 644 4044 τῆς
670 3981 879 4046 πόλεως
902 3985 983 4047 εἰς
1015 3985 1074 4039 ἒν
1104 3988 1361 4059 φρόνημα
1387 3977 1763 4064 συνελθούσης,
1793 3994 1891 4063 μία

314 4067 520 4133 πάντες
568 4073 822 4140 ἐγένοντο
877 4079 1080 4147 ποίμνη
1131 4080 1394 4153 Χριστοῦ,
1435 4082 1576 4152 ἀνὴρ
1607 4101 1689 4147 τις
1723 4085 1892 4138 δεισι-

309 4159 546 4230 δαίμων,
574 4165 683 4218 τῶν
712 4167 808 4220 τοῦ
858 4171 1138 4241 συνεδρίου
1191 4168 1270 4238 εἷς
1306 4173 1641 4241 Ῥοιστίκιος
1696 4177 1889 4247 ὄνομα,

311 4251 595 4325 βασκήνας
633 4262 700 4328 τῇ
729 4277 788 4312 τε
821 4263 975 4316 πόλει
1026 4265 1120 4318 καὶ
1162 4267 1295 4338 ἡμῖν
1344 4270 1458 4330 τοῖς
1517 4269 1887 4340 Χριστιανοῖς,

311 4347 410 4396 καὶ
451 4349 571 4417 ἄμα
600 4348 699 4420 τὴν
730 4351 791 4402 ἐν
846 4355 958 4417 τοῖς
1015 4354 1219 4426 βωμοῖς
1256 4357 1428 4429 μέθην
1452 4359 1543 4412 καὶ
1569 4361 1668 4429 τὴν
1721 4359 1890 4431 ἄλλην

309 4436 605 4505 ἀσέλγειαν
658 4443 790 4513 περὶ
829 4443 1076 4510 πλείονος
1105 4449 1254 4515 ἄγων
1286 4449 1387 4519 τῆς
1439 4451 1589 4521 παρὰ
1620 4451 1887 4523 Χριστια-

2001 3247 2396 3315 premebantur
2419 3251 2863 3320 :egritudinibus,
2914 3258 3030 3312 sola
3079 3258 3290 3317 Christi
3349 3263 3574 3322 invoca-

2002 3339 2170 3404 tione,
2203 3352 2430 3410 repcnte
2459 3343 2782 3401 liberabata
2829 3347 3096 3418 dazmone,
3126 3361 3184 3407 et
3233 3356 3303 3410 ab
3348 3359 3579 3429 aegritu-

2000 3431 2166 3495 dine;
2221 3444 2277 3488 et
2317 3435 2550 3492 docebat
2583 3453 2800 3508 semper
2828 3442 3091 3512 amplecti
3147 3446 3482 3515 castitatem,
3517 3463 3580 3506 et

1999 3523 2153 3593 pium
2189 3526 2285 3581 Dei
2339 3527 2570 3593 cultum,
2623 3531 3099 3604 humilitatemqne
3125 3548 3181 3590 et
3224 3539 3574 3607 charitatem,

2001 3617 2617 3690 mansuetudinemque,
2646 3630 2702 3676 et
2740 3621 2819 3675 nil
2845 3624 3166 3692 possidendi
3204 3628 3490 3697 virtutem,
3518 3643 3577 3688 et

1999 3716 2224 3762 cmteras
2253 3709 2510 3766 similiter
2541 3712 2792 3778 virtutes,
2825 3714 3065 3785 seipsum
3115 3734 3433 3790 proponens
3482 3741 3576 3779 ex-

1997 3799 2206 3866 emplar
2238 3799 2326 3861 iis,
2363 3802 2457 3871 qui
2487 3802 2852 3861 docebantur.
3383 3807 3388 3811 ’

2067 3891 2235 3948 XXV.
2266 3893 2402 3949 Cum
2438 3906 2620 3951 autem
2648 3913 2758 3952 non
2801 3901 2957 3955 multi
2991 3899 3109 3957 dies
3152 3905 3570 3970 prteteriissent.

1995 3993 2052 4037 et
2103 3990 2215 4038 tota
2256 3985 2479 4040 civitate
2525 3986 2582 4040 in
2628 4003 2791 4042 unam
2832 3991 3196 4047 conveniente
3244 3997 3572 4052 sententiam

1996 4071 2177 4127 effecti
2213 4084 2341 4128 sunt
2371 4090 2563 4132 omnes
2599 4093 2740 4132 unus
2791 4095 2922 4147 grex
2960 4081 3184 4148 Christi,
3237 4085 3322 4138 vir
3349 4087 3571 4156 quidam

1996 4162 2216 4220 deditus
2249 4165 2400 4222 falsae
2430 4169 2680 4238 religioni
2721 4171 3053 4240 daemonum,
3091 4191 3233 4230 unus
3259 4193 3325 4230 ex
3350 4189 3571 4246 senatu,

1996 4256 2221 4310 nomine
2248 4258 2551 4327 Rusticius,
2582 4262 2792 4316 civitati
2822 4263 3071 4322 invidens
3099 4275 3155 4322 et
3197 4269 3359 4324 nobis
3386 4271 3575 4328 Chris-

1997 4349 2195 4415 tianis;
2230 4361 2285 4406 et
2317 4355 2481 4408 simul
2515 4355 2865 4424 ebrietatem,
2909 4376 3019 4430 qua
3070 4362 3150 4417 uti
3199 4365 3449 4421 solebant
3501 4368 3571 4422 ad

1991 4458 2136 4507 aras,
2161 4453 2217 4500 et
2266 4448 2536 4518 reliquam
2585 4451 3061 4520 intemperantiam
3109 4456 3286 4525 pluris
3335 4458 3570 4522 faciens.

310 4531 425 4590 νοις
453 4533 786 4601 ἐγκρατείας
816 4536 913 4589 καὶ
943 4541 1326 4609 κοσμιότητος,
1357 4541 1433 4603 ὡς
1460 4538 1574 4613 εἶχε
1599 4542 1773 4613 θυμοῦ
1799 4543 1894 4597 καὶ

2001 4549 2160 4603 quam
2211 4552 2354 4600 eam,
2411 4555 2534 4608 qua:
2573 4549 2662 4596 est
2694 4543 2840 4612 apud
2874 4545 3242 4614 Christianos,
3284 4550 3572 4608 abstinen‘

307 4617 509 4688 ὀργῆς,
560 4623 698 4690 πρὸς
751 4622 840 4676 τὸν
905 4623 1134 4693 βασιλέα
1165 4628 1225 4679 τὸ
1249 4628 1412 4698 τάχος
1433 4630 1781 4701 ἀναδραμὼν,
1831 4633 1891 4685 ἐν

305 4709 511 4780 βραχεῖ
561 4714 741 4768 πάντα
769 4715 1098 4788 διαγορεύει,
1155 4721 1464 4793 Ἥθέτηται,
1520 4723 1888 4792 λέγων,πᾶσα

303 4800 501 4866 Busta,
539 4805 928 4874 περιύϐρισται
949 4810 1017 4862 τά
1046 4811 1219 4879 σεμνὰ
1248 4813 1356 4865 τῶν
1381 4813 1540 4880 θεῶν,
1585 4815 1892 4886 κατέστρα-

302 4896 446 4946 τῑται
471 4895 543 4947 τὰ
577 4898 808 4968 τεμένη,
827 4898 1014 4970 βωμὸς
1063 4901 1210 4966 am;
1243 4904 1353 4956 τῶν
1380 4904 1518 4958 θεῶν
1548 4907 1889 4978 καταϐέϐλη-

300 5001 425 5053 ται,
457 4988 556 5039 καὶ
587 4989 776 5053 ἁπλῶς
827 4994 928 5063 τήν
958 5011 1018 5046 τε
1042 4994 1152 5048 τῶν
1205 4995 1343 5048 θεῶν
1391 4997 1736 5067 καθαίρεσιν,
1773 4996 1892 5052 εἶτα

301 5074 408 5125 καὶ
442 5075 546 5145 τὴν
571 5076 668 5128 τοῦ
691 5078 933 5148 ἐπάρχου
969 5083 1278 5150 μετάθεσιν
1309 5085 1624 5152 καταλέγει,
1679 5087 1774 5138 καὶ
1817 5085 1892 5150 ὡς

300 5165 691 5235 συνυπαχθεὶς
732 5172 760 5223 ό
803 5169 1043 5242 ἔπαρχος
1077 5171 1416 5246 Ἑρμογένης
1463 5176 1648 5249 εὐνοίᾳ
1681 5177 1893 5248 παλαιᾷ

295 5257 408 5307 καί
451 5258 641 5328 κέρδει
672 5260 934 5334 πολιτικῷ
967 5262 1045 5334 τῷ
1104 5265 1264 5337 δεινῷ
1295 5267 1394 5339 τὴν
1425 5268 1672 5336 γλῶτταν
1705 5271 1888 5340 Μηνᾷ,

297 5348 504 5419 σχεδὸν
536 5351 724 5406 πᾶσαν
773 5352 872 5425 τὴν
915 5355 1116 5427 ἀρχὴν,
1167 5358 1305 5429 πρὸς
1345 5361 1437 5412 τὸν
1469 5361 1890 5432 ἐσταυρωμένον

293 5441 711 5496 συναποκλτιιαι
765 5445 1105 5514 παρέπεισε·
1168 5447 1266 5499 καὶ
1307 5447 1409 5518 ἤδη
1499 5454 1890 5520 προσκυνεῖται

290 5531 415 5598 μιν
454 5532 631 5597 ἀδεῶς
660 5536 942 5607 πανταχοῦ
979 5537 1007 5590 ό
1038 5539 1295 5608 Χριστός.
1357 5540 1592 5610 Ἀπῆλθε
1622 5542 1678 5594 δὲ
1715 5543 1891 5597 όπίσω

286 5621 480 5675 αὐτοῦ
543 5625 696 5678 πᾶσα
728 5629 1186 5701 ἠἋλεξάνδρεια.
1220 5629 1407 5683 Ταῦτα
1425 5629 1634 5698 εἰπὼν,
1665 5632 1753 5685 ῐνα
1797 5636 1890 5686 καὶ

286 5713 478 5766 πλέον
547 5716 714 5772 αὐτὸν
773 5717 1055 5794 ὲξοργίσῃ,
1115 5722 1210 5774 καὶ
1260 5721 1400 5792 πρὸς
1457 5723 1556 5795 τὴν
1614 5726 1758 5778 κατὰ
1787 5725 1889 5778 τῶν

281 5811 655 5882 Χριστιανῶν
689 5812 961 5886 τιμωρίαν
1013 5816 1247 5888 ἐκμήνῃ,
1295 5817 1648 5888 προστίθησιν
1679 5819 1775 5886 ὡς,
1829 5821 1888 5874 l‘lt

1997 4620 2222 4680 tiam’et
2265 4626 2730 4696 moderationem,
2783 4631 2858 4687 ita
2911 4642 2973 4688 ut
3010 4645 3131 4691 erat
3179 4636 3258 4692 ira
3303 4643 3569 4710 percitus,

1995 4735 2190 4789 magna
2222 4723 2503 4780 celeritate
2531 4741 2764 4781 currens
2804 4727 2870 4782 ad
2921 4728 3333 4799 imperatorem,
3377 4736 3571 4804 paucis

1993 4819 2183 4864 narrat
2210 4814 2432 4869 omnia:
2477 4816 2752 4872 Abolitum
2781 4827 2888 4882 est,
2926 4818 3140 4888 dicens,
3177 4837 3339 4877 omne
3394 4825 3570 4879 sacri-

1994 4900 2217 4970 ﬁcium;
2264 4907 2594 4962 contumelia
2647 4917 2732 4963 est
2779 4910 2976 4966 an‘ecta
3038 4911 3267 4967 deorum
3316 4914 3569 4983 magnifi-

1993 4993 2194 5058 centia,
2253 5010 2442 5052 eversa
2498 5009 2626 5053 sunt
2673 5001 2917 5070 templa;
2974 5002 3156 5057 diruta
3205 5011 3337 5058 sunt
3381 5006 3565 5062 omnia

1993 5082 2226 5140 deorum
2256 5086 2468 5154 altaria,
2501 5099 2556 5145 et
2585 5090 2654 5145 ad
2685 5108 2980 5159 summam,
3012 5094 3181 5149 refert
3214 5095 3443 5151 deorum
3469 5098 3566 5152 de-

1992 5171 2274 5242 letionem,
2307 5185 2362 5232 et
2386 5178 2627 5248 praefecti
2655 5183 3042 5250 mutationem;
3075 5195 3128 5239 et
3156 5185 3305 5254 quod
3338 5187 3567 5255 prwfeco

1997 5271 2085 5317 tus
2144 5263 2562 5337 Hermogenes,
2636 5281 2821 5327 vetere
2881 5273 3265 5330 benevolentia
3310 5284 3365 5330 et
3408 5277 3566 5331 lucro

1993 5358 2141 5413 civili
2171 5359 2434 5416 inductus
2482 5366 2548 5418 ab
2582 5366 2879 5436 eloquente
2935 5367 3114 5433 Mena,
3149 5369 3406 5424 universo
3447 5369 3564 5424 fere

1992 5454 2265 5521 persuasit
2308 5453 2565 5524 imperio,
2599 5465 2657 5511 ut
2682 5457 2984 5514 declinaret
3005 5460 3074 5515 ad
3101 5460 3440 5517 Cruciﬁxum
3462 5478 3478 5527 ;
3504 5471 3562 5518 et

1989 5545 2099 5615 jam
2149 5547 2374 5616 quidem
2442 5550 2643 5618 ubique
2705 5564 2900 5607 secure
2954 5553 3221 5608 adoratur
3270 5555 3563 5611 Christus:

1992 5651 2117 5689 eum
2146 5646 2327 5692 autent
2361 5653 2550 5694 secuta
2581 5649 2666 5695 cst
2711 5651 2820 5699 tota
2867 5645 3216 5702 Alexandria.
3266 5647 3394 5704 llaec
3441 5663 3566 5704 cum

1994 5729 2243 5794 dixisset,
2286 5738 2344 5784 ut
2377 5746 2501 5785 eum
2537 5734 2712 5803 magis
2743 5747 3070 5806 provocaret
3103 5738 3172 5794 ad
3201 5739 3566 5808 iracundiam,

1995 5833 2046 5879 ct
2073 5823 2138 5879 ad
2168 5839 2358 5894 pennas
2413 5825 2479 5882 de
2507 5827 2824 5887 christiani:
2871 5833 3167 5889 sumendas
3201 5833 3414 5913 acrius
3446 5834 3570 5888 irri-
