4094 6384
446 329 558 395 {Eii

1672 326 1957 390 MENSIS
1992 325 2431 387 DECEMBER.

3605 313 3712 380 4οθ

449 452 615 508 taret,
673 440 863 513 adjicit
887 456 901 492 :
930 437 1043 493 Nisi
1072 438 1177 493 hoc
1206 436 1301 494 tibi
1340 414 1547 508 magna:
1576 436 1745 493 fuerit
1772 451 1939 502 curae,
1961 443 2018 490 et

2141 436 2202 507 ιὴ
2247 435 2335 488 διὰ
2365 432 2567 504 πολλῆς
2598 431 2757 487 τοῦτο
2812 429 2966 503 θείης
2996 427 3278 501 φροντίδος
3307 445 3367 483 τε
3413 427 3509 483 καὶ
3548 428 3714 498 μελέ-

448 542 480 590 a
529 545 582 588 te
630 531 851 602 quidem
906 536 1227 583 evertuntur
1291 542 1378 581 res
1423 525 1907 591 Christianorum,
1963 525 2019 581 in

448 623 744 695 pristinum
802 632 936 674 vero
989 624 1193 672 statum
1246 616 1611 673 restituantur
1651 631 1739 672 res
1766 615 2021 682 deorum,

453 716 569 772 scio
626 715 767 780 fore,
808 718 870 767 ut
923 718 1077 766 tuum
1121 709 1346 780 quidem
1398 708 1689 780 imperium
1751 707 2022 764 citissime

2125 546 2247 599 της,
2301 528 2399 582 καὶ
2460 527 2754 598 ἀνατραπῇ
2811 524 2910 595 μὲν
2961 523 3058 578 ἐπὶ
3089 521 3183 577 σοῦ
3230 520 3298 575 τά
3341 521 3711 588 Χριστιανῶν,

2123 621 2333 692 ἀναστῇ
2362 620 2419 673 δὲ
2470 618 2541 672 τὰ
2563 618 2673 672 τῶν
2716 617 2877 684 θεῶν,
2910 611 3032 670 οῖδα
3059 614 3137 679 ὥς
3182 612 3705 683 καταστραφήσεται

2128 711 2229 783 μὲν
2273 713 2307 782 ἡ
2344 710 2412 781 σὴ
2474 708 2725 780 βασιλεία
2772 708 2928 778 τάχει
2953 705 3155 777 πολλῷ,
3193 704 3630 777 βεϐαιωθησεται
3658 704 3715 758 δὲ

449 813 772 865 evertatur:
802 800 1189 859 'con'iirmetur
1221 808 1404 856 autem
1453 814 1683 870 regnum
1738 800 1880 870 ejus,
1929 799 2026 871 qui

2141 804 2160 874 ί]
2192 801 2287 857 τοῦ
2319 803 2612 873 λεγομένου
2637 792 2896 872 Χριστοῦ.

450 898 662 954 dicitur’
686 895 959 951 Christus.

519 988 710 1044 XXVI.
753 986 869 1041 Iloc
921 999 1047 1039 cum
1124 981 1424 1038 audivisset
1485 980 1857 1047 Maximinus,
1910 980 2027 1036 fore

451 1081 699 1154 quidem,
738 1085 799 1134 ut
830 1092 990 1133 suum
1023 1080 1309 1130 corrueret
1336 1072 1651 1144 imperium,
1695 1072 1898 1130 Christi
1929 1088 2027 1127 au-

454 1182 565 1226 tem
609 1184 838 1239 regnum
871 1168 1226 1239 erigeretur:
1268 1164 1492 1220 laudato
1538 1164 1764 1235 quidem
1816 1173 1873 1220 et
1921 1163 2023 1218 ho—

452 1267 649 1317 norato
684 1258 933 1315 Rusticio
981 1266 1205 1330 propter
1236 1255 1357 1326 ejus
1397 1253 1451 1308 in
1484 1252 1664 1326 ipsum
1696 1263 1752 1309 et
1801 1252 1857 1308 in
1887 1252 2025 1309 deos

456 1352 921 1415 benevolentiam,
966 1347 1229 1406 e'il‘eratus
1274 1349 1539 1404 adversus
1597 1345 1921 1417 praefectum
1972 1354 2033 1400 et

455 1448 765 1503 universam
793 1445 1089 1509 (-ivita‘tem,
1115 1450 1171 1499 et
1200 1443 1372 1514 magis
1400 1457 1562 1513 quam
1589 1442 1869 1512 expediret
1889 1440 2032 1496 indi-

454 1547 670 1608 gnatus,
704 1536 896 1591 statuit
924 1535 1012 1590 ille
1032 1535 1157 1605 ipse
1188 1534 1450 1590 continuo
1483 1529 1760 1604 proficisci
1791 1534 2031 1588 Alexan—

457 1627 865 1696 driam'magno
895 1623 1079 1679 studio
1115 1626 1172 1679 et
1223 1625 1512 1694 apparatu,
1564 1639 1689 1679 cum
1738 1622 2030 1679 bellicoso-

457 1721 578 1775 rum
607 1718 889 1773 hominum
916 1717 1112 1773 ‘decem
1143 1716 1314 1771 millia
1348 1715 1416 1770 ad
1446 1714 1552 1771 hoc
1571 1714 1824 1786 jussisset
1848 1716 2026 1788 sequi,

2194 982 2342 1051 KQ".
2399 981 2572 1036 Tui-ro
2619 979 2929 1050 Μαξιμῖνος
3006 978 3273 1048 ἀκούσας,
3335 980 3415 1044 ὡς
3464 983 3715 1036 πεσεῖται

2128 1075 2225 1147 μὲν
2253 1077 2285 1147 ἡ
2313 1072 2502 1140 αὑτοῦ,
2567 1073 2935 1144 ἀναστήσεται
2971 1071 3029 1126 δὲ
3073 1074 3107 1143 ἡ
3158 1070 3397 1143 Χριστοῦ
3430 1070 3705 1142 βασιλεία,

2127 1167 2219 1222 τὸν
2251 1167 2350 1238 μὲν
2394 1165 2731 1221 Ῥουστίκιον
2784 1164 2884 1235 τῆς
2910 1182 2969 1219 τε
3024 1165 3106 1228 είς
3141 1164 3305 1218 αὑτὸν
3339 1165 3576 1231 εὐνοίας,
3609 1166 3706 1218 καὶ

2133 1260 2231 1332 τῆς
2278 1259 2359 1323 είς
2407 1258 2532 1320 τοὺς
2603 1257 2764 1322 θεοὺς
2823 1256 3229 1325 ἀποδεξάμενος
3282 1256 3378 1309 καὶ
3425 1258 3717 1325 τιμήσας,

2130 1349 2401 1420 ἀγριάνας
2423 1348 2479 1403 δὲ
2510 1348 2716 1421 σφόδρα
2744 1348 2888 1402 κατά
2923 1365 2983 1401 τε
3008 1347 3103 1400 τοῦ
3132 1347 3374 1418 ἐπάρχου
3408 1348 3502 1401 καὶ
3528 1347 3712 1416 πάσης

2131 1442 2231 1511 τῆς
2256 1441 2483 1509 πόλεως,
2511 1439 2719 1494 καὶτοῦ
2745 1439 2922 1511 θυμοῦ
2954 1437 3160 1509 μᾶλλον
3201 1442 3492 1508 γενίμενος
3524 1438 3557 1509 ἦ
3619 1438 3713 1492 τοῦ

2132 1533 2528 1605 συμφέροντος,
2554 1531 2770 1604 ἔκρινεν
2801 1531 2964 1595 εὐθὺς
2986 1529 3151 1594 αὐτὸς
3186 1532 3392 1594 ἐκεῖνος
3421 1530 3716 1600 ἐπιστῆναι

2131 1631 2199 1697 τῇ
2251 1626 2603 1697 Ἀλεξάνδρου
2633 1667 2649 1695 ,
2709 1628 3040 1696 παρασκευῇ
3101 1623 3269 1695 πολλῇ
3327 1625 3420 1677 καὶ
3486 1625 3716 1694 σπουδῇ,

2130 1720 2261 1774 δέκα
2291 1718 2559 1790 ’χιλίαδας
2600 1717 2812 1790 ἀνδρῶν
2840 1715 3098 1788 μαχίμων
3126 1716 3208 1780 είς
3235 1714 3392 1769 τοῦτο
3445 1713 3716 1775 κελεύσας

458 1812 691 1869 dicens:
730 1808 830 1864 Vel
894 1807 1012 1863 sola
1076 1808 1467 1878 imperatorum
1505 1784 1814 1861 reverentia
1844 1784 2030 1864 motus

2141 1810 2285 1882 αύτῷ
2321 1810 2676 1874 συνέπεσθαι,
2742 1806 2912 1861 είπὼν
2938 1808 3021 1861 ὅτι
3069 1805 3388 1876 Αίδούμενοι
3421 1806 3602 1877 μόνον,
3639 1804 3723 1875 ὡς

455 1904 692 1976 pupulus
721 1917 816 1958 eos
842 1901 974 1957 deos
1012 1901 1218 1956 honore
1248 1899 1470 1966 ailiciet,
1510 1916 1651 1971 quos
1685 1900 1762 1956 illi
1800 1911 2032 1957 censent

457 1996 741 2060 colendos,
777 2003 833 2050 et
860 2008 918 2049 se
947 1993 1014 2049 ab
1050 1993 1155 2047 alia
1189 1992 1454 2062 reprimet
1484 1990 1860 2063 improbitate.
1891 1994 2030 2049 Nam

456 2088 563 2143 nisi
594 2087 667 2142 ita
699 2094 866 2151 esset,
920 2093 981 2140 ut
1029 2084 1146 2156 ipse
1190 2098 1375 2140 rerum
1423 2091 1599 2140 status
1626 2083 1838 2156 arguit,
1891 2086 2031 2141 citra

458 2180 629 2234 ullum
658 2179 914 2233 ruborem
945 2176 1085 2231 mala
1128 2176 1343 2242 ﬁerent,
1377 2182 1434 2230 et
1474 2191 1579 2230 nec
1609 2175 1859 2232 studeret
1904 2176 2031 2247 qui-

459 2270 584 2325 dem
614 2271 786 2325 latere
820 2270 1041 2339 aliquis.
1102 2267 1359 2323 Attamen
1392 2282 1516 2323 cum
1564 2265 1792 2323 deorum
1846 2266 2033 2338 provi-

460 2363 566 2418 den‘
597 2363 644 2416 ia
678 2361 837 2416 fuero
864 2358 1230 2423 Alexandriae,
1257 2369 1314 2415 et
1363 2360 1467 2415 hos
1500 2359 1649 2431 ipsos
1676 2360 1931 2424 ulciscar.
1981 2371 2037 2417 et

460 2468 639 2509 meam
657 2452 920 2524 corrigam
965 2451 1380 2523 ignorationem,
1413 2453 1604 2522 procul
1639 2451 1936 2508 amandans
1951 2470 2039 2508 er-

462 2560 644 2600 rorem
666 2543 719 2598 in
748 2543 1105 2599 Cruciiixum.
1129 2543 1295 2611 Dixit,
1321 2559 1500 2614 neque
1523 2544 1755 2598 multum
1775 2544 2041 2614 temporis

461 2636 716 2709 permisit
749 2635 1113 2700 intercedere,
1167 2637 1262 2692 sed
1307 2637 1475 2693 rebus
1515 2638 1773 2694 omnibus
1800 2637 2037 2709 publicis

460 2713 815 2799 posthabitis,
854 2742 1045 2801 magna
1103 2728 1385 2784 celeritate
1424 2728 1578 2783 venit
1606 2729 2034 2786 Alexandriam:

460 2832 520 2877 et
551 2824 732 2876 statim
755 2820 1148 2892 jubetsanctos
1173 2819 1590 2892 comprehendi,
1621 2828 1677 2876 et
1710 2836 1891 2889 mane,
1923 2828 2036 2876 tota

460 2912 684 2969 vidente
715 2913 959 2979 civitate,
992 2921 1048 2968 et
1082 2928 1247 2967 manu
1295 2911 1588 2968 assistente
1636 2912 1883 2978 militari,
1934 2926 2036 2967 se-

463 3009 600 3062 dens
628 3023 726 3078 pro
756 3006 1037 3071 tribunali,
1067 3021 1163 3061 eos
1188 3004 1356 3076 jussit
1388 3005 1568 3061 nudos
1591 3003 1893 3060 introduci.

2136 1901 2301 1966 ἔοικε,
2333 1901 2458 1966 τοὺς
2495 1901 2734 1971 βασιλεῖς
2759 1900 2807 1954 οί
2839 1898 3047 1963 πολλοὶ,
3077 1899 3314 1968 τιμῶσιν
3343 1896 3439 1961 οὒς
3497 1897 3716 1951 δοκοῦσι

2139 1993 2321 2049 σέϐειν
2382 1992 2561 2058 θεοὺς,
2604 1994 2697 2047 καὶ
2724 1992 2824 2063 τῆς
2860 1992 3026 2061 ἄλλης
3067 1991 3297 2053 ἑαυτοὺς
3332 1990 3536 2055 κακίας
3584 1990 3719 2043 ἁνα-

2138 2085 2495 2158 χαιτίζουσιν.
2529 2084 2702 2149 Ἐπεὶ,
2732 2086 2779 2138 εἰ
2812 2084 2889 2155 μὴ
2922 2083 3079 2137 τοῦτο
3106 2078 3195 2154 ἦν,
3223 2081 3298 2145 ὡς
3328 2084 3362 2154 ἡ
3391 2081 3500 2137 τῶν
3530 2098 3715 2153 πραγ-

2143 2179 2327 2248 μάτων
2376 2178 2584 2246 ἐλέγχει
2622 2175 2984 2246 παράστασις,
3048 2173 3582 2245 ἀπηρυθριασμένως
3638 2174 3708 2226 ἂν

2130 2269 2430 2340 ἐπράττετο
2461 2267 2528 2321 τὰ
2560 2266 2730 2333 κακά,
2788 2267 2885 2321 καὶ
2931 2266 3042 2321 οὐδ’
3097 2267 3163 2321 ἂν
3220 2265 3448 2320 ἐσπευδέ
3512 2284 3595 2329 τις
3621 2264 3717 2318 τοῦ

2132 2358 2338 2414 λαθεῖν.
2402 2356 2609 2428 Ὀμως
2663 2356 2888 2430 προνοίᾳ
2950 2358 3058 2412 τῶν
3109 2356 3246 2412 θεῶν
3275 2356 3384 2427 ἐγὼ
3437 2358 3580 2412 κατά
3629 2358 3719 2428 τὴν

2146 2449 2494 2522 Ἀλεξάνδρου
2546 2448 2837 2520 γενόμενος
2873 2450 3052 2504 αὐτῶν
3094 2466 3156 2502 τε
3208 2450 3452 2522 τιμωρὸς
3500 2450 3716 2522 ἔσομαι,

2137 2545 2230 2598 καὶ
2287 2545 2387 2609 τὴν
2433 2541 2675 2615 ἐμαυτοῦ
2744 2540 3205 2614 έπανορθώσομαι
3276 2542 3504 2610 ἄγνοιαν
3534 2580 3550 2608 ,
3613 2542 3719 2612 τὴν

2141 2635 2269 2705 περὶ
2289 2635 2379 2689 τὸν
2408 2634 2825 2706 ἐσταυρωμένον
2852 2635 2914 2687 π)
2928 2634 3080 2706 ἀνην,
3131 2633 3377 2688 ἐκποδὼν
3412 2634 3723 2704 ποιησάμε-

2143 2741 2253 2789 νος.
2294 2722 2451 2790 Eius,
2503 2725 2600 2779 καὶ
2635 2724 2697 2778 ού
2728 2725 2864 2779 πολὺ
2914 2724 2974 2778 τὸ
3012 2727 3071 2778 ὲν
3130 2725 3282 2795 μέσῳ
3320 2725 3537 2796 παρῆκε
3569 2722 3724 2792 γενέε-

2145 2826 2291 2890 σθαι,
2326 2822 2462 2878 ἀλλὰ
2488 2823 2556 2876 τά
2614 2821 2871 2878 πολιτικά
2928 2825 3107 2879 πάντα
3151 2823 3415 2894 δευτέρας
3481 2821 3723 2888 ἀξιώσας

2144 2914 2447 2985 φροντίδος,
2499 2913 2655 2985 τάχει
2692 2914 2872 2986 πολλῷ
2901 2915 2998 2985 τὴν
3045 2914 3400 2984 Ἀλεξάνδρου
3434 2913 3722 2982 καταλαμ-

2147 3006 2321 3060 ϐάνει.
2345 3006 2453 3060 Καὶ
2476 3006 2675 3060 αὐτίκα
2707 3007 3079 3077 συλληφθῆναι
3114 3005 3326 3059 κελεύει
3356 3007 3483 3070 τοὶς
3511 3006 3723 3073 ἁγίους,

461 3102 558 3154 καὶ
586 3101 700 3169 ἅμα
747 3100 916 3171 πρωῒ,
968 3100 1067 3173 τῆς
1097 3117 1155 3153 τε
1183 3098 1390 3163 πόλεως
1455 3099 1675 3170 ἀπάσης
1720 3094 1958 3170 ὁρώσης,
2023 3098 2257 3172 καὶτῆς
2313 3100 2710 3172 στρατιωτικῆς
2774 3099 3190 3172 παρισταμένης
3242 3098 3449 3170 χειρὸς,
3494 3095 3722 3152 καθίσας

463 3194 555 3246 ἐπὶ
581 3192 674 3266 τοῦ
705 3192 969 3263 βήματος,
1025 3191 1265 3262 γυμνοὺς
1314 3189 1515 3255 αὐτοὺς
1573 3190 1871 3245 ἐπέταττεν
1920 3193 2265 3263 εἰσαχθῆναι.
2871 3251 2877 3256 ,
2982 3252 2983 3255 η

530 3284 747 3340 XXVII.
780 3286 1075 3354 Postquam
1107 3292 1292 3338 autem
1325 3297 1424 3339 eos
1449 3282 1625 3338 solum
1671 3282 1808 3339 vidit
1859 3283 2035 3340 intro-

2210 3288 2336 3342 KZ'.
2407 3285 2517 3340 Kal
2549 3285 2624 3350 ὡς
2685 3285 2847 3357 μόνον
2902 3278 3042 3339 εἶδεν
3099 3284 3516 3354 εἰσαγομένους.
3575 3284 3722 3353 μέγα

463 3377 680 3441 ductas,
713 3391 907 3445 magna
939 3391 1073 3430 voce
1105 3375 1420 3430 exclamans
1446 3393 1459 3429 :
1485 3373 1530 3431 0
1556 3374 1654 3438 dii,
1675 3375 1877 3445 inquit,
1909 3374 2040 3445 quid

466 3468 574 3523 hoc
608 3466 853 3520 futurum
887 3475 993 3529 est,
1028 3465 1174 3535 quod
1205 3464 1331 3531 iste,
1387 3464 1544 3537 cujus
1591 3472 1796 3520 tantam
1849 3480 2041 3519 curam

465 3558 632 3629 gessi,
664 3567 719 3612 et
752 3557 804 3613 ei
836 3556 1041 3627 primos
1079 3554 1450 3627 magistratus,
1496 3571 1632 3627 quos
1660 3554 1796 3611 nulli
1830 3555 1924 3610 alii
1971 3571 2040 3610 ex

466 3651 556 3715 iis,
592 3649 684 3719 qui
710 3649 866 3704 nobis
895 3656 1111 3718 parent,
1143 3646 1422 3714 mandavi,
1464 3662 1564 3703 sua
1609 3656 1806 3718 sponte
1856 3647 2040 3702 omnia

465 3739 799 3811 despexerit,
845 3749 900 3794 et
927 3738 994 3793 ad
1030 3748 1138 3794 tam
1173 3736 1461 3794 obscuram
1491 3746 1548 3794 et
1575 3737 1843 3810 abjectam
1872 3735 2043 3793 fortu-

467 3848 592 3888 nam
645 3829 1027 3902 transfugerit,
1087 3839 1143 3886 et
1190 3844 1404 3885 comam
1457 3827 1624 3886 etiam
1671 3829 1872 3899 capitis
1933 3826 2041 3883 sibi

465 3922 774 3986 ademerit,
835 3929 892 3976 et
945 3919 1119 3975 nihilo
1174 3920 1374 3975 melius
1424 3917 1498 3975 sit
1555 3918 1806 3985 allectus,
1877 3934 2040 3990 quam

465 4012 619 4069 mimi
648 4021 704 4067 et
734 4026 960 4077 scurraz,
988 4009 1083 4083 qui
1112 4010 1166 4065 in
1194 4026 1358 4067 scena
1391 4010 1564 4066 risum
1613 4010 1861 4067 movent?
1907 4010 2043 4067 Pro-

466 4105 593 4173 pius
620 4120 752 4159 vero
798 4103 1063 4159 accedens
1107 4102 1173 4158 ad
1222 4102 1666 4175 Hermogenem:
1728 4102 1828 4160 Dic
1880 4100 2040 4170 mihi,

466 4196 666 4266 inquit,
695 4209 729 4250 ο
776 4193 985 4259 infelix,
1022 4209 1258 4267 quanam
1306 4192 1375 4249 de
1407 4209 1572 4250 causa
1627 4192 1725 4250 tibi
1782 4194 2038 4252 commisi

469 4289 639 4342 totius
679 4296 840 4341 terra:
889 4296 945 4341 et
996 4284 1165 4340 maris
1222 4283 1540 4358 imperium,
1573 4295 1629 4342 et
1684 4285 1931 4354 decrevi,
1982 4295 2041 4343 ut

466 4377 673 4445 absque
707 4388 1025 4431 successore
1061 4390 1280 4444 gereres
1338 4375 1763 4451 magistratum:
1820 4392 1930 4432 non
1982 4385 2043 4431 ut

469 4464 580 4520 diis
609 4466 831 4537 quidem
859 4465 1105 4521 futurum
1130 4467 1479 4532 benevolum,
1503 4476 1559 4524 et
1586 4468 1737 4523 nullo
1763 4468 1926 4524 modo
1948 4484 2042 4525 eos

467 4558 887 4627 ahnegaturum,
912 4564 969 4612 et
993 4557 1316 4612 benevolum
1345 4573 1564 4630 quoque
1587 4559 1748 4615 nobis
1769 4560 2038 4626 futurum,

467 4659 523 4703 et
553 4649 701 4703 hunc
735 4647 957 4703 doctum
992 4655 1046 4703 et
1072 4647 1377 4718 sapientem
1400 4649 1602 4717 virum,
1648 4649 1744 4720 qui
1778 4666 2042 4721 prospero

466 4738 706 4793 furtunae
737 4736 920 4791 amatu
952 4744 1156 4806 prater
1180 4751 1396 4806 acquum
1433 4737 1675 4804 inﬂatus,
1709 4746 1766 4792 et
1804 4738 1933 4793 hinc
1966 4739 2045 4793 la-

466 4844 600 4902 psus
628 4837 712 4885 est
744 4828 800 4884 in
824 4842 1093 4893 errorem,
1124 4837 1242 4883 arte
1269 4836 1325 4883 et
1358 4831 1705 4899 experientia
1731 4841 1788 4886 et
1833 4833 2037 4888 verbo-

467 4939 591 4977 rum
619 4922 978 4993 persuasione
1001 4921 1068 4976 ad
1093 4921 1329 4992 patriam
1360 4922 1656 4979 reduceres
1689 4924 2049 4996 religionem?

468 5014 740 5079 Quidnam
774 5028 906 5083 ergo
938 5022 990 5068 te
1053 5013 1247 5080 movit,
1304 5024 1401 5069 aut
1457 5014 1717 5085 quidnam
1764 5018 2045 5086 spectasti,

468 5115 529 5160 ut
558 5106 770 5161 sineres
801 5120 928 5160 eum
966 5104 1176 5161 diutius
1202 5107 1411 5161 versari
1446 5105 1502 5160 in
1544 5107 1809 5173 vanitate,
1847 5117 1903 5163 et
1934 5125 2047 5165 non

469 5195 650 5250 solum
710 5212 839 5252 eum
903 5194 973 5253 ab
1026 5211 1212 5252 errore
1259 5196 1595 5263 reduceres,
1643 5198 1740 5254 sed
1796 5199 2043 5271 ejusdem

466 5285 623 5342 malae
667 5287 948 5358 Opinionis
983 5287 1034 5343 ei
1087 5287 1247 5343 lieres
1280 5288 1484 5356 socius,
1537 5297 1593 5344 et
1634 5290 1731 5345 tibi
1772 5299 2041 5361 praeterea

469 5390 660 5453 caput,
695 5395 728 5435 ο
765 5378 985 5445 stolide,
1015 5379 1295 5446 tonderes,
1322 5387 1378 5435 et
1402 5380 1737 5450 reputarer‘is
1757 5396 1877 5437 esse
1904 5397 2047 5437 unus

466 5472 632 5528 exiis
668 5472 761 5542 qui
796 5470 1007 5527 suntin
1069 5471 1305 5538 theatro,
1362 5472 1770 5529 histrionibus?
1815 5474 1949 5530 Cum
1974 5489 2040 5530 eo

467 5565 565 5620 irae
594 5574 647 5619 et
673 5565 1024 5623 accerhitatis
1052 5559 1409 5637 processisset
1463 5567 1784 5637 imperator,
1819 5568 2045 5625 iracun-

466 5656 645 5726 deque
695 5666 752 5711 et
814 5657 1018 5714 furiose
1076 5672 1175 5714 eos
1240 5666 1386 5715 esset
1461 5654 1737 5727 intuitus,
1806 5660 2044 5734 benigne

468 5747 614 5808 lteus
647 5748 855 5816 aspexit
879 5757 1145 5818 martyres
1171 5766 1186 5806 :
1216 5760 1270 5806 et
1289 5759 1511 5820 repente
1540 5753 1621 5807 eis
1646 5766 1912 5821 apparent
1949 5771 2046 5810 an-

2147 3377 2502 3449 ἀνακραγὼν,
2531 3373 2687 3450 'Ap‘,
2720 3372 2764 3433 ὦ
2795 3377 2929 3447 θεοὶ,
2982 3378 3107 3449 ἔφη.
3135 3379 3188 3431 τί
3224 3378 3406 3448 μέλλει
3456 3377 3613 3431 τοῦτο
3642 3373 3725 3430 εἷ-

2144 3485 2251 3533 ναι,
2283 3469 2344 3522 τὸ
2380 3468 2511 3541 παρ’
2540 3468 2672 3541 ἐμοῦ
2730 3469 2828 3540 μὲν
2856 3469 2947 3525 τὸν
2994 3468 3290 3522 ἀπατεῶνα
3315 3467 3529 3530 τοῦτον,
3575 3485 3721 3538 προ-

2147 3558 2293 3622 νοίας
2324 3558 2595 3630 τοσαύτης
2649 3556 2970 3629 ἀξιωθῆναι,
3002 3560 3101 3613 καὶ
3132 3558 3232 3621 τὰς
3287 3556 3511 3626 πρώτας
3542 3557 3721 3628 ἀρχὰς

2141 3647 2217 3712 ὡς
2247 3648 2345 3702 οὐκ
2377 3648 2523 3721 ἄλλῳ
2550 3649 2659 3703 τινὶ
2719 3648 2831 3703 τῶν
2879 3649 2972 3719 ύςρ*
2999 3650 3146 3722 ἡμᾶς
3203 3648 3596 3720 πιστευθῆναι·
3626 3649 3726 3701 αύ-

2144 3736 2410 3809 θαιρέτως
2436 3739 2495 3793 δὲ
2525 3740 2743 3795 πάντων
2762 3741 3038 3813 ὑπεριδεῖν
3070 3741 3166 3797 καὶ
3190 3742 3560 3812 αὐτομολῆσαι
3588 3741 3726 3811 πρὸς

2143 3829 2402 3901 τοιαύτην
2424 3831 2594 3903 τύχης
2626 3834 2916 3903 ἀφάνειαν,
2970 3833 3066 3887 καὶ
3107 3833 3245 3907 πρὸς
3276 3834 3359 3888 ἔτι
3413 3834 3516 3906 τῆς
3553 3851 3724 3903 κεφα-

2143 3920 2243 3993 λῆς
2297 3921 2397 3993 τὴν
2462 3925 2643 3994 κόμην
2707 3924 3005 3997 περιελεῖν,
3064 3926 3159 3979 καὶ
3218 3925 3325 3981 τῶν
3358 3927 3416 3979 ὲν
3448 3926 3514 3997 τῇ
3545 3927 3721 3996 σκηνῇ

2142 4015 2525 4083 γελωτοποιῶν
2556 4016 2867 4072 διακεῖσθαι
2927 4019 3091 4089 μηδὲν
3115 4019 3360 4089 ἄμεινον.
3388 4019 3497 4074 Καὶ
3548 4032 3719 4089 προσ-

2146 4100 2290 4176 σχὼν
2319 4107 2399 4161 ἔτι
2431 4106 2509 4181 τῷ
2545 4108 2774 4179 ἡγεμόνι
2797 4127 2813 4141 ο
2844 4109 2985 4179 Λέγε
3023 4126 3115 4181 μοι
3174 4109 3261 4175 σὺ,
3300 4109 3554 4180 δύστηνε,
3590 4111 3721 4178 ἔφη,

2142 4198 2286 4262 τίνος
2341 4200 2501 4271 χάριν
2552 4198 2736 4271 πάσης
2770 4216 2851 4253 σοι
2875 4203 2979 4271 γῆς
3009 4201 3102 4255 καὶ
3143 4199 3420 4268 θαλάσσης
3447 4200 3548 4271 τὴν
3570 4200 3725 4267 ἐξου-

2146 4288 2266 4342 σίαν
2296 4286 2593 4360 ἐπέτρεψα,
2639 4295 2734 4343 καὶ
2794 4289 2893 4360 τὴν
2923 4290 3098 4362 ἀρχὴν
3142 4290 3422 4360 ἀδιάδοχον
3454 4291 3722 4345 ἐθέσπισα

2144 4378 2288 4450 ἔχειν
2313 4393 2327 4408 °
2381 4380 2478 4450 οὐχ
2525 4379 2601 4443 ὡς
2633 4379 2821 4434 εύνουν
2873 4380 2973 4450 μὲν
3000 4385 3111 4447 τοῖς
3144 4380 3310 4449 θεοῖς,
3342 4381 3439 4437 καὶ
3469 4380 3595 4455 μηδ’
3622 4382 3720 4450 ἂν,

2145 4472 2199 4525 εί
2242 4488 2294 4524 τι
2328 4471 2421 4524 καὶ
2448 4471 2684 4537 γένοιτο,
2728 4471 2955 4545 ἔξαρνον
2995 4473 3181 4529 αὐτῶν
3215 4476 3275 4527 τδ
3307 4475 3577 4545 παράπαν
3604 4476 3722 4526 ἐσό-

2149 4578 2349 4633 μενονς
2393 4560 2579 4616 εὔνουν
2610 4562 2790 4617 δὲκαὶ
2822 4567 2993 4636 ημῖν;
3032 4569 3131 4621 καὶ
3172 4566 3249 4629 ὡς
3295 4566 3362 4621 ἀν
3396 4567 3490 4619 τὶν
3536 4567 3722 4636 λόγιον

2149 4654 2360 4708 τουτονὶ
2388 4653 2483 4707 καὶ
2547 4653 2709 4724 σοφὸν
2741 4656 2932 4725 ἄνδρα,
2953 4657 3129 4728 τύχης
3168 4655 3442 4726 πνεύματι
3478 4656 3628 4725 παρά
3662 4655 3724 4710 τὸ

2144 4746 2289 4809 εἰκὸς
2316 4746 2648 4819 φυσηθέντα.
2694 4748 3007 4805 Κάντεῦθεν
3040 4752 3120 4814 είς
3171 4750 3383 4821 πλάνην
3419 4749 3733 4822 ὼλισθηκὸσ

2144 4854 2234 4903 τα,
2280 4838 2471 4911 τέχνῃ,
2530 4840 2627 4891 καὶ
2678 4840 2868 4912 πείρᾳ,
2909 4840 3005 4894 καὶ
3052 4844 3121 4912 τῇ
3153 4841 3333 4895 πειθοῖ
3364 4841 3474 4896 τῶν
3524 4841 3725 4910 λόγων,

2146 4928 2284 4997 πρὸς
2321 4929 2422 4999 τὴν
2450 4928 2681 4998 πάτριον
2728 4929 3027 5000 θρησκείαν
3070 4930 3468 5001 ὲπαναγάγηςς
3509 4931 3575 4982 Τί
3623 4929 3719 4984 οὖν

2147 5015 2359 5083 παθὼν,
2381 5017 2413 5088 ἢ
2439 5017 2798 5089 θεασάμενος,
2826 5019 3141 5091 ἐγχρονίσαι
3165 5019 3266 5092 μὲν
3291 5020 3457 5075 aii-rw
3480 5019 3722 5083 συνεῖδες

2146 5111 2213 5181 τῇ
2272 5108 2619 5179 ματαιότητι,
2684 5112 2778 5164 καὶ
2831 5112 2907 5182 μὴ
2968 5111 3130 5181 μόνον
3172 5110 3590 5181 ἀνακτήσασθαι
3619 5110 3723 5177 τῆς

2146 5202 2385 5273 ἀπάτης,
2409 5200 2546 5258 ἀλλὰ
2563 5203 2656 5257 καὶ
2686 5203 2847 5267 αὐτὸς
2879 5203 3003 5274 ίσης
3023 5204 3357 5274 κοινωνῆσαι
3397 5201 3723 5267 κακοδοξίας

2146 5293 2242 5347 καὶ
2269 5295 2404 5366 πρὸς
2440 5296 2518 5349 ἔτι
2546 5294 2643 5365 τὴν
2677 5294 2943 5368 κειραῖὴν,
2992 5296 3185 5367 ἀνόητε
3207 5333 3223 5359 ,
3278 5276 3722 5367 τερικείρασθαι.

2148 5384 2248 5439 καὶ
2271 5386 2379 5439 τῶν
2400 5387 2457 5439 ὲν
2481 5385 2731 5457 θεάτροις
2754 5380 2833 5449 εἷς
2858 5381 2996 5439 εἶναι
3022 5384 3335 5455 λογισθῆναι
3366 5384 3677 5455 ὑποκριτῶν
3703 5398 3718 5413 ’

2149 5478 2230 5541 είς
2261 5476 2419 5531 τοῦτο
2460 5477 2637 5548 θυμοῦ
2684 5481 2779 5532 καὶ
2839 5476 3145 5549 βαρύτητος
3209 5475 3585 5547 ἐξενεχθέντος
3622 5474 3721 5529 τοῦ

2158 5567 2442 5641 βασιλέως,
2467 5572 2561 5624 καὶ
2581 5570 2801 5641 ὀργίλον
2846 5587 2898 5622 τι
2932 5572 3023 5622 καί
3080 5569 3321 5645 μανικὸν
3361 5565 3725 5637 περσλέψαν-

2153 5679 2246 5724 τος
2280 5701 2297 5727 ,
2345 5659 2573 5729 εὐμενὲς
2620 5665 2734 5725 τοῖς
2789 5661 3061 5733 μάρτυσιν
3113 5660 3141 5714 ὁ
3181 5660 3312 5722 Θεὸς
3355 5659 3573 5725 ἐπεῖδε,
3628 5661 3725 5713 καὶ

2155 5755 2408 5821 Ἄγγελοι
2440 5754 3020 5822 αὐτοῖςὲπ;φαίντινται
3059 5752 3426 5822 παραχρῆμα,
3482 5750 3722 5817 θάρσους
