  <div class='ocr_page' id='page_1' title='image "/cluster/home/n/w/nwhite01/storage/ocr_20150623/116/hvd.32044073502221/206.png"; bbox 0 0 4094 6384; ppageno 0'>
   <div class='ocr_carea' id='block_1_1' title="bbox 326 370 433 435">
    <p class='ocr_par' dir='ltr' id='par_1_1' title="bbox 326 370 433 435">
     <span class='ocr_line' id='line_1_1' title="bbox 326 370 433 435; baseline 0.019 -2"><span class='ocrx_word' id='word_1_1' title='bbox 326 370 433 435; x_wconf 66' lang='grc'><strong>401</strong></span> 
     </span>
    </p>
   </div>
   <div class='ocr_carea' id='block_1_2' title="bbox 1233 371 2676 441">
    <p class='ocr_par' dir='ltr' id='par_1_2' title="bbox 1233 371 2676 441">
     <span class='ocr_line' id='line_1_2' title="bbox 1233 371 2676 441; baseline 0.006 -9"><span class='ocrx_word' id='word_1_2' title='bbox 1233 371 1707 434; x_wconf 81' lang='lat' dir='ltr'><strong>MARTYRIUM</strong></span> <span class='ocrx_word' id='word_1_3' title='bbox 1748 374 1811 435; x_wconf 88' lang='lat' dir='ltr'><strong>S.</strong></span> <span class='ocrx_word' id='word_1_4' title='bbox 1854 374 2087 435; x_wconf 61' lang='grc' dir='ltr'><strong>ΜΕΝέΕ</strong></span> <span class='ocrx_word' id='word_1_5' title='bbox 2129 376 2223 436; x_wconf 86' lang='grc' dir='ltr'><strong>ΕΤ</strong></span> <span class='ocrx_word' id='word_1_6' title='bbox 2265 375 2676 441; x_wconf 78' lang='lat' dir='ltr'><strong>SOCIORUM.</strong></span> 
     </span>
    </p>
   </div>
   <div class='ocr_carea' id='block_1_3' title="bbox 3493 370 3603 438">
    <p class='ocr_par' dir='ltr' id='par_1_3' title="bbox 3493 370 3603 438">
     <span class='ocr_line' id='line_1_3' title="bbox 3493 370 3603 438; baseline -0.018 0"><span class='ocrx_word' id='word_1_7' title='bbox 3493 370 3603 438; x_wconf 56' lang='lat'><strong>“2</strong></span> 
     </span>
    </p>
   </div>
   <div class='ocr_carea' id='block_1_4' title="bbox 322 470 1912 569">
    <p class='ocr_par' dir='ltr' id='par_1_4' title="bbox 322 470 1912 563">
     <span class='ocr_line' id='line_1_4' title="bbox 322 470 1912 563; baseline 0.003 -20"><span class='ocrx_word' id='word_1_8' title='bbox 322 505 387 543; x_wconf 72' lang='grc' dir='ltr'><strong>τε</strong></span> <span class='ocrx_word' id='word_1_9' title='bbox 418 488 516 542; x_wconf 77' lang='grc' dir='ltr'><strong>καὶ</strong></span> <span class='ocrx_word' id='word_1_10' title='bbox 556 470 846 563; x_wconf 83' lang='grc' dir='ltr'><strong>δυνάμεως</strong></span> <span class='ocrx_word' id='word_1_11' title='bbox 896 489 1285 559; x_wconf 83' lang='grc' dir='ltr'><strong>ὲμπιπλῶντες</strong></span> <span class='ocrx_word' id='word_1_12' title='bbox 1315 491 1409 545; x_wconf 78' lang='grc' dir='ltr'><strong>καὶ</strong></span> <span class='ocrx_word' id='word_1_13' title='bbox 1441 491 1579 563; x_wconf 83' lang='grc' dir='ltr'><strong>πρὸς</strong></span> <span class='ocrx_word' id='word_1_14' title='bbox 1606 493 1735 557; x_wconf 74' lang='grc' dir='ltr'><strong>τοὺς</strong></span> <span class='ocrx_word' id='word_1_15' title='bbox 1770 492 1912 563; x_wconf 77' lang='grc' dir='ltr'><strong>ἀγῶ·</strong></span> 
     </span>
    </p>
   </div>
   <div class='ocr_carea' id='block_1_5' title="bbox 2014 470 3606 569">
    <p class='ocr_par' dir='ltr' id='par_1_5' title="bbox 2027 495 3606 569">
     <span class='ocr_line' id='line_1_5' title="bbox 2027 495 3606 569; baseline 0.002 -20"><span class='ocrx_word' id='word_1_16' title='bbox 2027 495 2158 565; x_wconf 83' lang='lat' dir='ltr'><strong>geli,</strong></span> <span class='ocrx_word' id='word_1_17' title='bbox 2196 512 2293 552; x_wconf 91' lang='lat' dir='ltr'><strong>eos</strong></span> <span class='ocrx_word' id='word_1_18' title='bbox 2327 496 2557 553; x_wconf 80' lang='lat' dir='ltr'><strong>audacia</strong></span> <span class='ocrx_word' id='word_1_19' title='bbox 2584 495 2863 567; x_wconf 89' lang='lat' dir='ltr'><strong>replentes</strong></span> <span class='ocrx_word' id='word_1_20' title='bbox 2886 505 2944 553; x_wconf 91' lang='lat' dir='ltr'><strong>et</strong></span> <span class='ocrx_word' id='word_1_21' title='bbox 2972 496 3205 564; x_wconf 82' lang='lat' dir='ltr'><strong>viribus,</strong></span> <span class='ocrx_word' id='word_1_22' title='bbox 3236 506 3293 557; x_wconf 87' lang='lat' dir='ltr'><strong>et</strong></span> <span class='ocrx_word' id='word_1_23' title='bbox 3336 505 3606 569; x_wconf 76' lang='lat' dir='ltr'><strong>augentes</strong></span> 
     </span>
    </p>
   </div>
   <div class='ocr_carea' id='block_1_6' title="bbox 321 580 1918 660">
    <p class='ocr_par' dir='ltr' id='par_1_6' title="bbox 321 580 1918 660">
     <span class='ocr_line' id='line_1_6' title="bbox 321 580 1918 660; baseline 0.004 -27"><span class='ocrx_word' id='word_1_24' title='bbox 321 598 425 643; x_wconf 80' lang='grc' dir='ltr'><strong>νας</strong></span> <span class='ocrx_word' id='word_1_25' title='bbox 456 580 790 646; x_wconf 73' lang='grc' dir='ltr'><strong>ἀλείφοντεςο</strong></span> <span class='ocrx_word' id='word_1_26' title='bbox 819 582 895 653; x_wconf 80' lang='grc' dir='ltr'><strong>μὴ</strong></span> <span class='ocrx_word' id='word_1_27' title='bbox 925 580 1229 654; x_wconf 74' lang='grc' dir='ltr'><strong>φοϐηθῆναι</strong></span> <span class='ocrx_word' id='word_1_28' title='bbox 1254 601 1313 637; x_wconf 88' lang='grc' dir='ltr'><strong>τε</strong></span> <span class='ocrx_word' id='word_1_29' title='bbox 1342 584 1783 656; x_wconf 83' lang='grc' dir='ltr'><strong>ὕπαγορεύοντες</strong></span> <span class='ocrx_word' id='word_1_30' title='bbox 1817 588 1918 660; x_wconf 81' lang='grc' dir='ltr'><strong>τὴν</strong></span> 
     </span>
    </p>
   </div>
   <div class='ocr_carea' id='block_1_7' title="bbox 321 672 1919 751">
    <p class='ocr_par' dir='ltr' id='par_1_7' title="bbox 321 672 1919 751">
     <span class='ocr_line' id='line_1_7' title="bbox 321 672 1919 751; baseline 0.004 -23"><span class='ocrx_word' id='word_1_31' title='bbox 321 673 427 728; x_wconf 79' lang='grc' dir='ltr'><strong>τοῦ</strong></span> <span class='ocrx_word' id='word_1_32' title='bbox 457 672 729 744; x_wconf 78' lang='grc' dir='ltr'><strong>βασιλέως</strong></span> <span class='ocrx_word' id='word_1_33' title='bbox 785 672 983 746; x_wconf 76' lang='grc' dir='ltr'><strong>ὀργὴν,</strong></span> <span class='ocrx_word' id='word_1_34' title='bbox 1021 673 1100 741; x_wconf 82' lang='grc' dir='ltr'><strong>ὡς</strong></span> <span class='ocrx_word' id='word_1_35' title='bbox 1135 674 1235 748; x_wconf 76' lang='grc' dir='ltr'><strong>τῆς</strong></span> <span class='ocrx_word' id='word_1_36' title='bbox 1261 676 1418 749; x_wconf 81' lang='grc' dir='ltr'>νίκης</span> <span class='ocrx_word' id='word_1_37' title='bbox 1448 678 1570 751; x_wconf 85' lang='grc' dir='ltr'><strong>μετ’</strong></span> <span class='ocrx_word' id='word_1_38' title='bbox 1593 679 1773 733; x_wconf 81' lang='grc' dir='ltr'><strong>αὐτῶν</strong></span> <span class='ocrx_word' id='word_1_39' title='bbox 1798 681 1919 735; x_wconf 78' lang='grc' dir='ltr'><strong>ἐσο-</strong></span> 
     </span>
    </p>
   </div>
   <div class='ocr_carea' id='block_1_8' title="bbox 327 766 1385 839">
    <p class='ocr_par' dir='ltr' id='par_1_8' title="bbox 327 766 1385 839">
     <span class='ocr_line' id='line_1_8' title="bbox 327 766 1385 839; baseline 0.01 -21"><span class='ocrx_word' id='word_1_40' title='bbox 327 766 533 839; x_wconf 80' lang='grc' dir='ltr'><strong>μένης.</strong></span> <span class='ocrx_word' id='word_1_41' title='bbox 1382 828 1385 829; x_wconf 65' lang='lat'><strong>,</strong></span> 
     </span>
    </p>
   </div>
   <div class='ocr_carea' id='block_1_9' title="bbox 402 857 1917 934">
    <p class='ocr_par' dir='ltr' id='par_1_9' title="bbox 402 857 1917 934">
     <span class='ocr_line' id='line_1_9' title="bbox 402 857 1917 934; baseline 0.005 -23"><span class='ocrx_word' id='word_1_42' title='bbox 402 857 539 913; x_wconf 82' lang='lat' dir='ltr'><strong>KH&#39;.</strong></span> <span class='ocrx_word' id='word_1_43' title='bbox 571 858 684 912; x_wconf 76' lang='lat' dir='ltr'><strong>Kal.</strong></span> <span class='ocrx_word' id='word_1_44' title='bbox 728 859 758 912; x_wconf 88' lang='grc' dir='ltr'><strong>δ</strong></span> <span class='ocrx_word' id='word_1_45' title='bbox 822 859 1161 931; x_wconf 80' lang='grc' dir='ltr'><strong>Ἑρμογένης</strong></span> <span class='ocrx_word' id='word_1_46' title='bbox 1205 861 1369 925; x_wconf 83' lang='grc' dir='ltr'><strong>εὐθὺς</strong></span> <span class='ocrx_word' id='word_1_47' title='bbox 1412 862 1748 934; x_wconf 85' lang='grc' dir='ltr'><strong>ἀπεκρίνατο</strong></span> <span class='ocrx_word' id='word_1_48' title='bbox 1786 881 1800 897; x_wconf 76' lang='grc'><strong><em>⁸</em></strong></span> <span class='ocrx_word' id='word_1_49' title='bbox 1856 866 1917 920; x_wconf 83' lang='lat' dir='ltr'><strong>El</strong></span> 
     </span>
    </p>
   </div>
   <div class='ocr_carea' id='block_1_10' title="bbox 324 949 1911 1024">
    <p class='ocr_par' dir='ltr' id='par_1_10' title="bbox 324 949 1911 1024">
     <span class='ocr_line' id='line_1_10' title="bbox 324 949 1911 1024; baseline 0.005 -24"><span class='ocrx_word' id='word_1_50' title='bbox 324 949 500 1022; x_wconf 69' lang='grc' dir='ltr'><strong>ᾷνέχῃ</strong></span> <span class='ocrx_word' id='word_1_51' title='bbox 538 967 645 1020; x_wconf 87' lang='grc' dir='ltr'><strong>μου</strong></span> <span class='ocrx_word' id='word_1_52' title='bbox 674 950 923 1020; x_wconf 83' lang='grc' dir='ltr'><strong>εὐμενῶς</strong></span> <span class='ocrx_word' id='word_1_53' title='bbox 954 949 1211 1015; x_wconf 80' lang='grc' dir='ltr'><strong>ἀκοῦσαι,</strong></span> <span class='ocrx_word' id='word_1_54' title='bbox 1277 953 1561 1021; x_wconf 58' lang='grc' dir='ltr'><strong>σορώτατε</strong></span> <span class='ocrx_word' id='word_1_55' title='bbox 1619 953 1911 1024; x_wconf 74' lang='grc' dir='ltr'><strong>βασιλέων,</strong></span> 
     </span>
    </p>
   </div>
   <div class='ocr_carea' id='block_1_11' title="bbox 324 1039 1917 1116">
    <p class='ocr_par' dir='ltr' id='par_1_11' title="bbox 324 1039 1917 1116">
     <span class='ocr_line' id='line_1_11' title="bbox 324 1039 1917 1116; baseline 0.004 -24"><span class='ocrx_word' id='word_1_56' title='bbox 324 1041 453 1093; x_wconf 81' lang='grc' dir='ltr'><strong>ὅτου</strong></span> <span class='ocrx_word' id='word_1_57' title='bbox 511 1040 675 1112; x_wconf 83' lang='grc' dir='ltr'><strong>χάριν</strong></span> <span class='ocrx_word' id='word_1_58' title='bbox 705 1041 801 1094; x_wconf 72' lang='grc' dir='ltr'><strong>καὶ</strong></span> <span class='ocrx_word' id='word_1_59' title='bbox 830 1041 882 1094; x_wconf 89' lang='grc' dir='ltr'><strong>τί</strong></span> <span class='ocrx_word' id='word_1_60' title='bbox 908 1039 1267 1112; x_wconf 82' lang='grc' dir='ltr'><strong>θεασάμενος,</strong></span> <span class='ocrx_word' id='word_1_61' title='bbox 1302 1042 1401 1106; x_wconf 83' lang='grc' dir='ltr'><strong>τάς</strong></span> <span class='ocrx_word' id='word_1_62' title='bbox 1434 1060 1493 1097; x_wconf 88' lang='grc' dir='ltr'><strong>τε</strong></span> <span class='ocrx_word' id='word_1_63' title='bbox 1513 1042 1740 1114; x_wconf 83' lang='grc' dir='ltr'><strong>πρώτας</strong></span> <span class='ocrx_word' id='word_1_64' title='bbox 1764 1044 1917 1116; x_wconf 73' lang='grc' dir='ltr'><strong>παρὰ</strong></span> 
     </span>
    </p>
   </div>
   <div class='ocr_carea' id='block_1_12' title="bbox 324 1133 1911 1208">
    <p class='ocr_par' dir='ltr' id='par_1_12' title="bbox 324 1133 1911 1208">
     <span class='ocr_line' id='line_1_12' title="bbox 324 1133 1911 1208; baseline 0 -22"><span class='ocrx_word' id='word_1_65' title='bbox 324 1136 415 1186; x_wconf 72' lang='grc' dir='ltr'><strong>σοὶ</strong></span> <span class='ocrx_word' id='word_1_66' title='bbox 446 1133 814 1203; x_wconf 77' lang='grc' dir='ltr'><strong>νομιζομένας</strong></span> <span class='ocrx_word' id='word_1_67' title='bbox 862 1133 1210 1204; x_wconf 72' lang='grc' dir='ltr'><strong>εὐδαιμονίας</strong></span> <span class='ocrx_word' id='word_1_68' title='bbox 1252 1134 1461 1206; x_wconf 84' lang='grc' dir='ltr'><strong>χαίρων</strong></span> <span class='ocrx_word' id='word_1_69' title='bbox 1487 1134 1911 1208; x_wconf 73' lang='grc' dir='ltr'><strong>ἀπερριψάμην,</strong></span> 
     </span>
    </p>
   </div>
   <div class='ocr_carea' id='block_1_13' title="bbox 328 1224 1912 1298">
    <p class='ocr_par' dir='ltr' id='par_1_13' title="bbox 328 1224 1912 1298">
     <span class='ocr_line' id='line_1_13' title="bbox 328 1224 1912 1298; baseline 0.002 -21"><span class='ocrx_word' id='word_1_70' title='bbox 328 1226 427 1278; x_wconf 69' lang='grc' dir='ltr'><strong>καὶ</strong></span> <span class='ocrx_word' id='word_1_71' title='bbox 484 1224 781 1298; x_wconf 49' lang='grc' dir='ltr'><strong>προθύμως</strong></span> <span class='ocrx_word' id='word_1_72' title='bbox 828 1225 910 1289; x_wconf 86' lang='grc' dir='ltr'><strong>εἰς</strong></span> <span class='ocrx_word' id='word_1_73' title='bbox 936 1227 1092 1280; x_wconf 72' lang='grc' dir='ltr'><strong>τοῦτο</strong></span> <span class='ocrx_word' id='word_1_74' title='bbox 1150 1226 1322 1297; x_wconf 82' lang='grc' dir='ltr'><strong>τύχης</strong></span> <span class='ocrx_word' id='word_1_75' title='bbox 1377 1227 1651 1298; x_wconf 79' lang='grc' dir='ltr'><strong>κατῆλθον</strong></span> <span class='ocrx_word' id='word_1_76' title='bbox 1703 1229 1778 1292; x_wconf 82' lang='grc' dir='ltr'><strong>ὡς</strong></span> <span class='ocrx_word' id='word_1_77' title='bbox 1815 1228 1912 1283; x_wconf 75' lang='grc' dir='ltr'><strong>καὶ</strong></span> 
     </span>
    </p>
   </div>
   <div class='ocr_carea' id='block_1_14' title="bbox 331 1312 1913 1390">
    <p class='ocr_par' dir='ltr' id='par_1_14' title="bbox 331 1312 1913 1390">
     <span class='ocr_line' id='line_1_14' title="bbox 331 1312 1913 1390; baseline 0.004 -22"><span class='ocrx_word' id='word_1_78' title='bbox 331 1316 520 1385; x_wconf 67' lang='grc' dir='ltr'><strong>μωρδς</strong></span> <span class='ocrx_word' id='word_1_79' title='bbox 579 1312 789 1369; x_wconf 75' lang='grc' dir='ltr'><strong>ἐθέλειν</strong></span> <span class='ocrx_word' id='word_1_80' title='bbox 836 1316 1058 1385; x_wconf 79' lang='grc' dir='ltr'><strong>δοκεῖν,</strong></span> <span class='ocrx_word' id='word_1_81' title='bbox 1124 1321 1220 1373; x_wconf 57' lang='grc' dir='ltr'><strong>καὶ⁵</strong></span> <span class='ocrx_word' id='word_1_82' title='bbox 1268 1319 1479 1390; x_wconf 77' lang='grc' dir='ltr'><strong>πένης.</strong></span> <span class='ocrx_word' id='word_1_83' title='bbox 1530 1319 1625 1374; x_wconf 68' lang='grc' dir='ltr'><strong>καὶ</strong></span> <span class='ocrx_word' id='word_1_84' title='bbox 1681 1323 1913 1389; x_wconf 81' lang='grc' dir='ltr'><strong>γελοῖος,</strong></span> 
     </span>
    </p>
   </div>
   <div class='ocr_carea' id='block_1_15' title="bbox 329 1408 1917 1481">
    <p class='ocr_par' dir='ltr' id='par_1_15' title="bbox 329 1408 1917 1481">
     <span class='ocr_line' id='line_1_15' title="bbox 329 1408 1917 1481; baseline 0.003 -20"><span class='ocrx_word' id='word_1_85' title='bbox 329 1408 430 1461; x_wconf 66' lang='grc' dir='ltr'><strong>καὶ</strong></span> <span class='ocrx_word' id='word_1_86' title='bbox 488 1408 708 1477; x_wconf 78' lang='grc' dir='ltr'><strong>ἄτιμος,</strong></span> <span class='ocrx_word' id='word_1_87' title='bbox 764 1409 862 1462; x_wconf 79' lang='grc' dir='ltr'><strong>καὶ</strong></span> <span class='ocrx_word' id='word_1_88' title='bbox 921 1408 1164 1481; x_wconf 83' lang='grc' dir='ltr'><strong>Χριστοῦ</strong></span> <span class='ocrx_word' id='word_1_89' title='bbox 1235 1409 1495 1478; x_wconf 67' lang='grc' dir='ltr'><strong>λέγεσθαι</strong></span> <span class='ocrx_word' id='word_1_90' title='bbox 1564 1411 1771 1481; x_wconf 79' lang='grc' dir='ltr'><strong>μᾶλλον</strong></span> <span class='ocrx_word' id='word_1_91' title='bbox 1821 1414 1917 1465; x_wconf 74' lang='grc' dir='ltr'><strong>καὶ</strong></span> 
     </span>
    </p>
   </div>
   <div class='ocr_carea' id='block_1_16' title="bbox 317 1498 1916 1572">
    <p class='ocr_par' dir='ltr' id='par_1_16' title="bbox 317 1498 1916 1572">
     <span class='ocr_line' id='line_1_16' title="bbox 317 1498 1916 1572; baseline 0.005 -23"><span class='ocrx_word' id='word_1_92' title='bbox 317 1498 512 1567; x_wconf 73' lang='grc' dir='ltr'><strong>ἡδέως</strong></span> <span class='ocrx_word' id='word_1_93' title='bbox 568 1499 660 1552; x_wconf 84' lang='grc' dir='ltr'><strong>διὰ</strong></span> <span class='ocrx_word' id='word_1_94' title='bbox 727 1499 890 1553; x_wconf 83' lang='grc' dir='ltr'><strong>τοῦτο</strong></span> <span class='ocrx_word' id='word_1_95' title='bbox 952 1503 1047 1555; x_wconf 73' lang='grc' dir='ltr'><strong>καὶ</strong></span> <span class='ocrx_word' id='word_1_96' title='bbox 1108 1501 1319 1572; x_wconf 81' lang='grc' dir='ltr'><strong>πλάνην</strong></span> <span class='ocrx_word' id='word_1_97' title='bbox 1382 1501 1740 1571; x_wconf 74' lang='grc' dir='ltr'><strong>ἐγιιαλεῖσθαι</strong></span> <span class='ocrx_word' id='word_1_98' title='bbox 1820 1505 1916 1558; x_wconf 76' lang='grc' dir='ltr'><strong>καὶ</strong></span> 
     </span>
    </p>
   </div>
   <div class='ocr_carea' id='block_1_17' title="bbox 326 1588 1916 1664">
    <p class='ocr_par' dir='ltr' id='par_1_17' title="bbox 326 1588 1916 1664">
     <span class='ocr_line' id='line_1_17' title="bbox 326 1588 1916 1664; baseline 0.002 -20"><span class='ocrx_word' id='word_1_99' title='bbox 326 1590 576 1655; x_wconf 77' lang='grc' dir='ltr'><strong>ἄγνοιαν,</strong></span> <span class='ocrx_word' id='word_1_100' title='bbox 610 1591 705 1643; x_wconf 78' lang='grc' dir='ltr'><strong>καὶ</strong></span> <span class='ocrx_word' id='word_1_101' title='bbox 735 1590 955 1662; x_wconf 74' lang='grc' dir='ltr'><strong>ἕτοιμος</strong></span> <span class='ocrx_word' id='word_1_102' title='bbox 996 1588 1141 1646; x_wconf 81' lang='grc' dir='ltr'><strong>εἶναι</strong></span> <span class='ocrx_word' id='word_1_103' title='bbox 1189 1592 1284 1646; x_wconf 79' lang='grc' dir='ltr'><strong>καὶ</strong></span> <span class='ocrx_word' id='word_1_104' title='bbox 1336 1592 1549 1660; x_wconf 79' lang='grc' dir='ltr'><strong>ξίφους,</strong></span> <span class='ocrx_word' id='word_1_105' title='bbox 1599 1595 1695 1647; x_wconf 76' lang='grc' dir='ltr'><strong>καὶ</strong></span> <span class='ocrx_word' id='word_1_106' title='bbox 1744 1593 1916 1664; x_wconf 72' lang='grc' dir='ltr'><strong>πυρὸς</strong></span> 
     </span>
    </p>
   </div>
   <div class='ocr_carea' id='block_1_18' title="bbox 272 1680 1916 1755">
    <p class='ocr_par' dir='ltr' id='par_1_18' title="bbox 272 1680 1916 1755">
     <span class='ocr_line' id='line_1_18' title="bbox 272 1680 1916 1755; baseline 0.004 -21"><span class='ocrx_word' id='word_1_107' title='bbox 272 1746 275 1749; x_wconf 96' lang='lat'><em>_</em></span> <span class='ocrx_word' id='word_1_108' title='bbox 328 1683 427 1734; x_wconf 78' lang='grc' dir='ltr'><strong>καὶ</strong></span> <span class='ocrx_word' id='word_1_109' title='bbox 457 1680 665 1751; x_wconf 85' lang='grc' dir='ltr'><strong>θηρίων</strong></span> <span class='ocrx_word' id='word_1_110' title='bbox 707 1686 1078 1753; x_wconf 72' lang='grc' dir='ltr'><strong>καταφρονεῖν</strong></span> <span class='ocrx_word' id='word_1_111' title='bbox 1104 1682 1192 1738; x_wconf 80' lang='grc' dir='ltr'><strong>διά</strong></span> <span class='ocrx_word' id='word_1_112' title='bbox 1236 1682 1329 1737; x_wconf 75' lang='grc' dir='ltr'><strong>τὸν</strong></span> <span class='ocrx_word' id='word_1_113' title='bbox 1377 1684 1643 1755; x_wconf 83' lang='grc' dir='ltr'><strong>Χριστὸν,</strong></span> <span class='ocrx_word' id='word_1_114' title='bbox 1699 1686 1797 1739; x_wconf 76' lang='grc' dir='ltr'><strong>καὶ</strong></span> <span class='ocrx_word' id='word_1_115' title='bbox 1835 1686 1916 1741; x_wconf 88' lang='grc' dir='ltr'><strong>δι-</strong></span> 
     </span>
    </p>
   </div>
   <div class='ocr_carea' id='block_1_19' title="bbox 322 1769 1911 1845">
    <p class='ocr_par' dir='ltr' id='par_1_19' title="bbox 322 1769 1911 1845">
     <span class='ocr_line' id='line_1_19' title="bbox 322 1769 1911 1845; baseline 0.004 -25"><span class='ocrx_word' id='word_1_116' title='bbox 322 1770 439 1839; x_wconf 62' lang='grc' dir='ltr'><strong>ψᾷν</strong></span> <span class='ocrx_word' id='word_1_117' title='bbox 471 1769 676 1839; x_wconf 79' lang='grc' dir='ltr'><strong>μᾶλλον</strong></span> <span class='ocrx_word' id='word_1_118' title='bbox 695 1770 789 1823; x_wconf 79' lang='grc' dir='ltr'><strong>τὸν</strong></span> <span class='ocrx_word' id='word_1_119' title='bbox 816 1770 962 1842; x_wconf 80' lang='grc' dir='ltr'><strong>ὑπὲρ</strong></span> <span class='ocrx_word' id='word_1_120' title='bbox 987 1772 1200 1825; x_wconf 72' lang='grc' dir='ltr'><strong>έκείνου</strong></span> <span class='ocrx_word' id='word_1_121' title='bbox 1235 1771 1491 1839; x_wconf 88' lang='grc' dir='ltr'><strong>θάνατον,</strong></span> <span class='ocrx_word' id='word_1_122' title='bbox 1544 1773 1577 1843; x_wconf 80' lang='grc' dir='ltr'>ἢ</span> <span class='ocrx_word' id='word_1_123' title='bbox 1611 1776 1711 1845; x_wconf 72' lang='grc' dir='ltr'><strong>τὴν</strong></span> <span class='ocrx_word' id='word_1_124' title='bbox 1741 1774 1911 1840; x_wconf 73' lang='grc' dir='ltr'><strong>ζωήνσ</strong></span> 
     </span>
    </p>
   </div>
   <div class='ocr_carea' id='block_1_20' title="bbox 2022 589 3596 662">
    <p class='ocr_par' dir='ltr' id='par_1_20' title="bbox 2022 589 3596 662">
     <span class='ocr_line' id='line_1_20' title="bbox 2022 589 3596 662; baseline 0.003 -20"><span class='ocrx_word' id='word_1_125' title='bbox 2022 589 2090 644; x_wconf 88' lang='lat' dir='ltr'><strong>ad</strong></span> <span class='ocrx_word' id='word_1_126' title='bbox 2128 591 2429 645; x_wconf 72' lang='lat' dir='ltr'><strong>certamina</strong></span> <span class='ocrx_word' id='word_1_127' title='bbox 2458 608 2473 657; x_wconf 91' lang='lat'><strong>;</strong></span> <span class='ocrx_word' id='word_1_128' title='bbox 2500 590 2787 662; x_wconf 90' lang='lat' dir='ltr'><strong>jubentes,</strong></span> <span class='ocrx_word' id='word_1_129' title='bbox 2820 607 2889 646; x_wconf 90' lang='lat' dir='ltr'><strong>ne</strong></span> <span class='ocrx_word' id='word_1_130' title='bbox 2937 592 3196 649; x_wconf 88' lang='lat' dir='ltr'><strong>timerent</strong></span> <span class='ocrx_word' id='word_1_131' title='bbox 3244 590 3385 647; x_wconf 85' lang='lat' dir='ltr'><strong>iram</strong></span> <span class='ocrx_word' id='word_1_132' title='bbox 3427 592 3596 661; x_wconf 81' lang='lat' dir='ltr'><strong>impe-</strong></span> 
     </span>
    </p>
   </div>
   <div class='ocr_carea' id='block_1_21' title="bbox 2023 678 3600 754">
    <p class='ocr_par' dir='ltr' id='par_1_21' title="bbox 2023 678 3600 754">
     <span class='ocr_line' id='line_1_21' title="bbox 2023 678 3600 754; baseline 0.001 -22"><span class='ocrx_word' id='word_1_133' title='bbox 2023 679 2242 745; x_wconf 91' lang='lat' dir='ltr'><strong>ratoris,</strong></span> <span class='ocrx_word' id='word_1_134' title='bbox 2290 689 2477 751; x_wconf 86' lang='lat' dir='ltr'><strong>utpote</strong></span> <span class='ocrx_word' id='word_1_135' title='bbox 2534 678 2682 754; x_wconf 88' lang='lat' dir='ltr'><strong>quod</strong></span> <span class='ocrx_word' id='word_1_136' title='bbox 2714 680 2949 739; x_wconf 79' lang='lat' dir='ltr'><strong>victoria</strong></span> <span class='ocrx_word' id='word_1_137' title='bbox 2981 683 3052 740; x_wconf 89' lang='lat' dir='ltr'><strong>sit</strong></span> <span class='ocrx_word' id='word_1_138' title='bbox 3094 697 3224 741; x_wconf 86' lang='lat' dir='ltr'><strong>cum</strong></span> <span class='ocrx_word' id='word_1_139' title='bbox 3265 683 3347 741; x_wconf 89' lang='lat' dir='ltr'><strong>eis</strong></span> <span class='ocrx_word' id='word_1_140' title='bbox 3393 680 3600 738; x_wconf 80' lang='lat' dir='ltr'><strong>futura.</strong></span> 
     </span>
    </p>
   </div>
   <div class='ocr_carea' id='block_1_22' title="bbox 2090 852 3600 929">
    <p class='ocr_par' dir='ltr' id='par_1_22' title="bbox 2090 852 3600 929">
     <span class='ocr_line' id='line_1_22' title="bbox 2090 852 3600 929; baseline 0 -18"><span class='ocrx_word' id='word_1_141' title='bbox 2090 852 2327 911; x_wconf 77' lang='lat' dir='ltr'><strong>XXVIII.</strong></span> <span class='ocrx_word' id='word_1_142' title='bbox 2371 856 2743 929; x_wconf 78' lang='lat' dir='ltr'><strong>Hermogenes</strong></span> <span class='ocrx_word' id='word_1_143' title='bbox 2801 869 2988 915; x_wconf 89' lang='lat' dir='ltr'><strong>autem</strong></span> <span class='ocrx_word' id='word_1_144' title='bbox 3025 860 3215 916; x_wconf 81' lang='lat' dir='ltr'><strong>statim</strong></span> <span class='ocrx_word' id='word_1_145' title='bbox 3270 857 3600 928; x_wconf 73' lang='lat' dir='ltr'><strong>respondit:</strong></span> 
     </span>
    </p>
   </div>
   <div class='ocr_carea' id='block_1_23' title="bbox 2020 948 3600 1021">
    <p class='ocr_par' dir='ltr' id='par_1_23' title="bbox 2020 948 3600 1021">
     <span class='ocr_line' id='line_1_23' title="bbox 2020 948 3600 1021; baseline -0.001 -17"><span class='ocrx_word' id='word_1_146' title='bbox 2020 948 2076 1005; x_wconf 89' lang='lat' dir='ltr'><strong>Si</strong></span> <span class='ocrx_word' id='word_1_147' title='bbox 2121 948 2396 1004; x_wconf 80' lang='lat' dir='ltr'><strong>sustineas</strong></span> <span class='ocrx_word' id='word_1_148' title='bbox 2440 964 2525 1003; x_wconf 89' lang='lat' dir='ltr'><strong>me</strong></span> <span class='ocrx_word' id='word_1_149' title='bbox 2573 950 2846 1021; x_wconf 85' lang='lat' dir='ltr'><strong>patienter</strong></span> <span class='ocrx_word' id='word_1_150' title='bbox 2891 950 3108 1014; x_wconf 88' lang='lat' dir='ltr'><strong>audire,</strong></span> <span class='ocrx_word' id='word_1_151' title='bbox 3160 950 3461 1021; x_wconf 85' lang='lat' dir='ltr'><strong>imperator</strong></span> <span class='ocrx_word' id='word_1_152' title='bbox 3507 962 3600 1002; x_wconf 87' lang='lat' dir='ltr'><strong>sa-</strong></span> 
     </span>
    </p>
   </div>
   <div class='ocr_carea' id='block_1_24' title="bbox 2018 1040 3599 1112">
    <p class='ocr_par' dir='ltr' id='par_1_24' title="bbox 2018 1040 3599 1112">
     <span class='ocr_line' id='line_1_24' title="bbox 2018 1040 3599 1112; baseline -0.001 -18"><span class='ocrx_word' id='word_1_153' title='bbox 2018 1040 2379 1111; x_wconf 85' lang='lat' dir='ltr'><strong>pientissime,</strong></span> <span class='ocrx_word' id='word_1_154' title='bbox 2436 1057 2672 1111; x_wconf 87' lang='lat' dir='ltr'><strong>quanam</strong></span> <span class='ocrx_word' id='word_1_155' title='bbox 2706 1042 2775 1098; x_wconf 92' lang='lat' dir='ltr'><strong>de</strong></span> <span class='ocrx_word' id='word_1_156' title='bbox 2821 1058 2990 1099; x_wconf 86' lang='lat' dir='ltr'><strong>causa</strong></span> <span class='ocrx_word' id='word_1_157' title='bbox 3037 1052 3094 1097; x_wconf 92' lang='lat' dir='ltr'><strong>et</strong></span> <span class='ocrx_word' id='word_1_158' title='bbox 3140 1040 3275 1112; x_wconf 87' lang='lat' dir='ltr'><strong>quid</strong></span> <span class='ocrx_word' id='word_1_159' title='bbox 3320 1048 3599 1111; x_wconf 68' lang='lat' dir='ltr'><strong>Spectatus,</strong></span> 
     </span>
    </p>
   </div>
   <div class='ocr_carea' id='block_1_25' title="bbox 2018 1130 3601 1205">
    <p class='ocr_par' dir='ltr' id='par_1_25' title="bbox 2018 1130 3601 1205">
     <span class='ocr_line' id='line_1_25' title="bbox 2018 1130 3601 1205; baseline 0 -18"><span class='ocrx_word' id='word_1_160' title='bbox 2018 1132 2224 1203; x_wconf 87' lang='lat' dir='ltr'><strong>primas</strong></span> <span class='ocrx_word' id='word_1_161' title='bbox 2257 1148 2379 1203; x_wconf 66' lang='lat' dir='ltr'><strong>quae</strong></span> <span class='ocrx_word' id='word_1_162' title='bbox 2407 1134 2553 1203; x_wconf 90' lang='lat' dir='ltr'><strong>apud</strong></span> <span class='ocrx_word' id='word_1_163' title='bbox 2595 1142 2647 1188; x_wconf 92' lang='lat' dir='ltr'><strong>te</strong></span> <span class='ocrx_word' id='word_1_164' title='bbox 2706 1144 3035 1205; x_wconf 87' lang='lat' dir='ltr'><strong>reputanlur</strong></span> <span class='ocrx_word' id='word_1_165' title='bbox 3077 1131 3376 1188; x_wconf 80' lang='lat' dir='ltr'><strong>felicitates</strong></span> <span class='ocrx_word' id='word_1_166' title='bbox 3418 1130 3601 1187; x_wconf 90' lang='lat' dir='ltr'><strong>libens</strong></span> 
     </span>
    </p>
   </div>
   <div class='ocr_carea' id='block_1_26' title="bbox 2018 1220 3600 1296">
    <p class='ocr_par' dir='ltr' id='par_1_26' title="bbox 2018 1220 3600 1296">
     <span class='ocr_line' id='line_1_26' title="bbox 2018 1220 3600 1296; baseline -0.001 -18"><span class='ocrx_word' id='word_1_167' title='bbox 2018 1224 2341 1295; x_wconf 85' lang='lat' dir='ltr'><strong>abjecerim,</strong></span> <span class='ocrx_word' id='word_1_168' title='bbox 2370 1234 2741 1296; x_wconf 86' lang='lat' dir='ltr'><strong>promptoque</strong></span> <span class='ocrx_word' id='word_1_169' title='bbox 2768 1232 2825 1280; x_wconf 89' lang='lat' dir='ltr'><strong>et</strong></span> <span class='ocrx_word' id='word_1_170' title='bbox 2868 1224 3042 1281; x_wconf 89' lang='lat' dir='ltr'><strong>alacri</strong></span> <span class='ocrx_word' id='word_1_171' title='bbox 3097 1223 3285 1277; x_wconf 89' lang='lat' dir='ltr'><strong>animo</strong></span> <span class='ocrx_word' id='word_1_172' title='bbox 3337 1220 3406 1276; x_wconf 90' lang='lat' dir='ltr'><strong>ad</strong></span> <span class='ocrx_word' id='word_1_173' title='bbox 3455 1222 3600 1279; x_wconf 88' lang='lat' dir='ltr'><strong>hanc</strong></span> 
     </span>
    </p>
   </div>
   <div class='ocr_carea' id='block_1_27' title="bbox 2020 1312 3603 1383">
    <p class='ocr_par' dir='ltr' id='par_1_27' title="bbox 2020 1312 3603 1383">
     <span class='ocr_line' id='line_1_27' title="bbox 2020 1312 3603 1383; baseline -0.003 -13"><span class='ocrx_word' id='word_1_174' title='bbox 2020 1314 2303 1371; x_wconf 80' lang='lat' dir='ltr'><strong>fortunam</strong></span> <span class='ocrx_word' id='word_1_175' title='bbox 2337 1315 2747 1383; x_wconf 84' lang='lat' dir='ltr'><strong>descenderim,</strong></span> <span class='ocrx_word' id='word_1_176' title='bbox 2782 1324 2842 1371; x_wconf 95' lang='lat' dir='ltr'><strong>ut</strong></span> <span class='ocrx_word' id='word_1_177' title='bbox 2875 1316 3037 1371; x_wconf 79' lang='lat' dir='ltr'><strong>velim</strong></span> <span class='ocrx_word' id='word_1_178' title='bbox 3073 1312 3250 1371; x_wconf 89' lang='lat' dir='ltr'><strong>videri</strong></span> <span class='ocrx_word' id='word_1_179' title='bbox 3286 1312 3515 1377; x_wconf 87' lang='lat' dir='ltr'><strong>stultus,</strong></span> <span class='ocrx_word' id='word_1_180' title='bbox 3545 1320 3603 1366; x_wconf 90' lang='lat' dir='ltr'><strong>et</strong></span> 
     </span>
    </p>
   </div>
   <div class='ocr_carea' id='block_1_28' title="bbox 2024 1403 3606 1478">
    <p class='ocr_par' dir='ltr' id='par_1_28' title="bbox 2024 1403 3606 1478">
     <span class='ocr_line' id='line_1_28' title="bbox 2024 1403 3606 1478; baseline -0.003 -18"><span class='ocrx_word' id='word_1_181' title='bbox 2024 1423 2233 1477; x_wconf 88' lang='lat' dir='ltr'><strong>pauper</strong></span> <span class='ocrx_word' id='word_1_182' title='bbox 2257 1416 2315 1462; x_wconf 92' lang='lat' dir='ltr'><strong>et</strong></span> <span class='ocrx_word' id='word_1_183' title='bbox 2358 1407 2652 1472; x_wconf 90' lang='lat' dir='ltr'><strong>ridiculus,</strong></span> <span class='ocrx_word' id='word_1_184' title='bbox 2713 1418 2769 1463; x_wconf 91' lang='lat' dir='ltr'><strong>et</strong></span> <span class='ocrx_word' id='word_1_185' title='bbox 2823 1407 3114 1478; x_wconf 83' lang='lat' dir='ltr'><strong>inglorius,</strong></span> <span class='ocrx_word' id='word_1_186' title='bbox 3167 1414 3224 1462; x_wconf 92' lang='lat' dir='ltr'><strong>et</strong></span> <span class='ocrx_word' id='word_1_187' title='bbox 3259 1405 3369 1460; x_wconf 89' lang='lat' dir='ltr'><strong>dici</strong></span> <span class='ocrx_word' id='word_1_188' title='bbox 3422 1403 3606 1474; x_wconf 84' lang='lat' dir='ltr'><strong>potius</strong></span> 
     </span>
    </p>
   </div>
   <div class='ocr_carea' id='block_1_29' title="bbox 2016 1488 3605 1565">
    <p class='ocr_par' dir='ltr' id='par_1_29' title="bbox 2016 1488 3605 1565">
     <span class='ocr_line' id='line_1_29' title="bbox 2016 1488 3605 1565; baseline -0.006 -11"><span class='ocrx_word' id='word_1_189' title='bbox 2016 1498 2246 1565; x_wconf 87' lang='lat' dir='ltr'><strong>Christi,</strong></span> <span class='ocrx_word' id='word_1_190' title='bbox 2279 1507 2338 1553; x_wconf 92' lang='lat' dir='ltr'><strong>et</strong></span> <span class='ocrx_word' id='word_1_191' title='bbox 2375 1498 2502 1553; x_wconf 90' lang='lat' dir='ltr'><strong>ideo</strong></span> <span class='ocrx_word' id='word_1_192' title='bbox 2534 1496 2793 1552; x_wconf 85' lang='lat' dir='ltr'><strong>lubenter</strong></span> <span class='ocrx_word' id='word_1_193' title='bbox 2821 1495 3072 1553; x_wconf 88' lang='lat' dir='ltr'><strong>accusari</strong></span> <span class='ocrx_word' id='word_1_194' title='bbox 3100 1494 3312 1550; x_wconf 88' lang='lat' dir='ltr'><strong>erroris</strong></span> <span class='ocrx_word' id='word_1_195' title='bbox 3353 1488 3605 1561; x_wconf 84' lang='lat' dir='ltr'><strong>et.igno-</strong></span> 
     </span>
    </p>
   </div>
   <div class='ocr_carea' id='block_1_30' title="bbox 2018 1586 3606 1660">
    <p class='ocr_par' dir='ltr' id='par_1_30' title="bbox 2018 1586 3606 1660">
     <span class='ocr_line' id='line_1_30' title="bbox 2018 1586 3606 1660; baseline -0.003 -16"><span class='ocrx_word' id='word_1_196' title='bbox 2018 1589 2272 1652; x_wconf 86' lang='lat' dir='ltr'><strong>rationis,</strong></span> <span class='ocrx_word' id='word_1_197' title='bbox 2312 1598 2371 1645; x_wconf 91' lang='lat' dir='ltr'><strong>et</strong></span> <span class='ocrx_word' id='word_1_198' title='bbox 2409 1597 2633 1660; x_wconf 87' lang='lat' dir='ltr'><strong>paratus</strong></span> <span class='ocrx_word' id='word_1_199' title='bbox 2680 1604 2803 1645; x_wconf 89' lang='lat' dir='ltr'><strong>esse</strong></span> <span class='ocrx_word' id='word_1_200' title='bbox 2849 1597 2907 1644; x_wconf 88' lang='lat' dir='ltr'><strong>et</strong></span> <span class='ocrx_word' id='word_1_201' title='bbox 2941 1602 3164 1651; x_wconf 89' lang='lat' dir='ltr'><strong>ensem,</strong></span> <span class='ocrx_word' id='word_1_202' title='bbox 3210 1597 3269 1657; x_wconf 81' lang='lat' dir='ltr'><strong>et</strong></span> <span class='ocrx_word' id='word_1_203' title='bbox 3310 1586 3606 1657; x_wconf 77' lang='lat' dir='ltr'><strong>ignem,.ot</strong></span> 
     </span>
    </p>
   </div>
   <div class='ocr_carea' id='block_1_31' title="bbox 2018 1666 3602 1751">
    <p class='ocr_par' dir='ltr' id='par_1_31' title="bbox 2018 1666 3602 1751">
     <span class='ocr_line' id='line_1_31' title="bbox 2018 1666 3602 1751; baseline -0.004 -16"><span class='ocrx_word' id='word_1_204' title='bbox 2018 1680 2227 1736; x_wconf 85' lang='lat' dir='ltr'><strong>bestias</strong></span> <span class='ocrx_word' id='word_1_205' title='bbox 2279 1692 2508 1751; x_wconf 82' lang='lat' dir='ltr'><strong>prepter</strong></span> <span class='ocrx_word' id='word_1_206' title='bbox 2561 1678 2845 1737; x_wconf 84' lang='lat' dir='ltr'><strong>Christum</strong></span> <span class='ocrx_word' id='word_1_207' title='bbox 2901 1678 3209 1749; x_wconf 87' lang='lat' dir='ltr'><strong>despicere,</strong></span> <span class='ocrx_word' id='word_1_208' title='bbox 3260 1666 3458 1747; x_wconf 60' lang='grc' dir='ltr'><strong>τινὰ)</strong></span> <span class='ocrx_word' id='word_1_209' title='bbox 3505 1674 3602 1729; x_wconf 88' lang='lat' dir='ltr'><strong>illo</strong></span> 
     </span>
    </p>
   </div>
   <div class='ocr_carea' id='block_1_32' title="bbox 2019 1765 3604 1844">
    <p class='ocr_par' dir='ltr' id='par_1_32' title="bbox 2019 1765 3604 1844">
     <span class='ocr_line' id='line_1_32' title="bbox 2019 1765 3604 1844; baseline -0.004 -16"><span class='ocrx_word' id='word_1_210' title='bbox 2019 1772 2202 1841; x_wconf 85' lang='lat' dir='ltr'><strong>potius</strong></span> <span class='ocrx_word' id='word_1_211' title='bbox 2238 1784 2472 1829; x_wconf 83' lang='lat' dir='ltr'><strong>mortem</strong></span> <span class='ocrx_word' id='word_1_212' title='bbox 2500 1773 2656 1829; x_wconf 81' lang='lat' dir='ltr'><strong>sitire</strong></span> <span class='ocrx_word' id='word_1_213' title='bbox 2682 1788 2847 1844; x_wconf 89' lang='lat' dir='ltr'><strong>quam</strong></span> <span class='ocrx_word' id='word_1_214' title='bbox 2880 1771 3071 1836; x_wconf 84' lang='lat' dir='ltr'><strong>vitam,</strong></span> <span class='ocrx_word' id='word_1_215' title='bbox 3102 1779 3235 1825; x_wconf 75' lang='lat' dir='ltr'><strong>toto.</strong></span> <span class='ocrx_word' id='word_1_216' title='bbox 3271 1784 3395 1825; x_wconf 82' lang='lat' dir='ltr'><strong>meo</strong></span> <span class='ocrx_word' id='word_1_217' title='bbox 3446 1765 3604 1823; x_wconf 83' lang='lat' dir='ltr'><strong>testi-</strong></span> 
     </span>
    </p>
   </div>
   <div class='ocr_carea' id='block_1_33' title="bbox 324 1857 1912 1937">
    <p class='ocr_par' dir='ltr' id='par_1_33' title="bbox 324 1862 1912 1937">
     <span class='ocr_line' id='line_1_33' title="bbox 324 1862 1912 1937; baseline 0.004 -22"><span class='ocrx_word' id='word_1_218' title='bbox 324 1863 426 1916; x_wconf 76' lang='grc' dir='ltr'><strong>τοῦ</strong></span> <span class='ocrx_word' id='word_1_219' title='bbox 478 1862 759 1935; x_wconf 76' lang='grc' dir='ltr'><strong>συνεδρίου</strong></span> <span class='ocrx_word' id='word_1_220' title='bbox 812 1880 905 1934; x_wconf 89' lang='grc' dir='ltr'><strong>μοι</strong></span> <span class='ocrx_word' id='word_1_221' title='bbox 945 1864 1360 1936; x_wconf 74' lang='grc' dir='ltr'><strong>μαρτυροῦντος</strong></span> <span class='ocrx_word' id='word_1_222' title='bbox 1408 1866 1635 1933; x_wconf 78' lang='grc' dir='ltr'><strong>παντὸς,</strong></span> <span class='ocrx_word' id='word_1_223' title='bbox 1687 1868 1760 1921; x_wconf 78' lang='grc' dir='ltr'><strong>τὰ</strong></span> <span class='ocrx_word' id='word_1_224' title='bbox 1815 1867 1912 1937; x_wconf 89' lang='grc' dir='ltr'><strong>μά-</strong></span> 
     </span>
    </p>
   </div>
   <div class='ocr_carea' id='block_1_34' title="bbox 2014 1857 3605 1937">
    <p class='ocr_par' dir='ltr' id='par_1_34' title="bbox 2028 1857 3605 1931">
     <span class='ocr_line' id='line_1_34' title="bbox 2028 1857 3605 1931; baseline -0.005 -9"><span class='ocrx_word' id='word_1_225' title='bbox 2028 1866 2277 1922; x_wconf 89' lang='lat' dir='ltr'><strong>monium</strong></span> <span class='ocrx_word' id='word_1_226' title='bbox 2307 1867 2519 1922; x_wconf 80' lang='lat' dir='ltr'><strong>ferente</strong></span> <span class='ocrx_word' id='word_1_227' title='bbox 2554 1865 2813 1931; x_wconf 78' lang='lat' dir='ltr'><strong>concilio,</strong></span> <span class='ocrx_word' id='word_1_228' title='bbox 2845 1864 3082 1920; x_wconf 81' lang='lat' dir='ltr'><strong>maxime</strong></span> <span class='ocrx_word' id='word_1_229' title='bbox 3104 1878 3237 1919; x_wconf 78' lang='lat' dir='ltr'><strong>vero</strong></span> <span class='ocrx_word' id='word_1_230' title='bbox 3270 1862 3448 1931; x_wconf 84' lang='lat' dir='ltr'><strong>reipsa</strong></span> <span class='ocrx_word' id='word_1_231' title='bbox 3471 1857 3605 1915; x_wconf 81' lang='lat' dir='ltr'><strong>sub-</strong></span> 
     </span>
    </p>
   </div>
   <div class='ocr_carea' id='block_1_35' title="bbox 328 1955 1916 2029">
    <p class='ocr_par' dir='ltr' id='par_1_35' title="bbox 328 1955 1916 2029">
     <span class='ocr_line' id='line_1_35' title="bbox 328 1955 1916 2029; baseline 0.004 -21"><span class='ocrx_word' id='word_1_232' title='bbox 328 1955 488 2009; x_wconf 87' lang='grc' dir='ltr'><strong>λιστα</strong></span> <span class='ocrx_word' id='word_1_233' title='bbox 528 1955 588 2009; x_wconf 82' lang='grc' dir='ltr'><strong>δὲ</strong></span> <span class='ocrx_word' id='word_1_234' title='bbox 648 1957 741 2009; x_wconf 75' lang='grc' dir='ltr'><strong>καὶ</strong></span> <span class='ocrx_word' id='word_1_235' title='bbox 788 1956 886 2010; x_wconf 79' lang='grc' dir='ltr'><strong>τοῦ</strong></span> <span class='ocrx_word' id='word_1_236' title='bbox 929 1958 1256 2027; x_wconf 82' lang='grc' dir='ltr'><strong>πράγματος</strong></span> <span class='ocrx_word' id='word_1_237' title='bbox 1296 1959 1588 2028; x_wconf 76' lang='grc' dir='ltr'><strong>ἱσταμένου</strong></span> <span class='ocrx_word' id='word_1_238' title='bbox 1624 1959 1747 2011; x_wconf 75' lang='grc' dir='ltr'><strong>κατ’</strong></span> <span class='ocrx_word' id='word_1_239' title='bbox 1790 1958 1916 2029; x_wconf 74' lang='grc' dir='ltr'><strong>ὄψιν</strong></span> 
     </span>
    </p>
   </div>
   <div class='ocr_carea' id='block_1_36' title="bbox 327 2047 1916 2123">
    <p class='ocr_par' dir='ltr' id='par_1_36' title="bbox 327 2047 1916 2123">
     <span class='ocr_line' id='line_1_36' title="bbox 327 2047 1916 2123; baseline 0.002 -22"><span class='ocrx_word' id='word_1_240' title='bbox 327 2047 504 2101; x_wconf 76' lang='grc' dir='ltr'><strong>πολλὰ</strong></span> <span class='ocrx_word' id='word_1_241' title='bbox 530 2048 631 2118; x_wconf 78' lang='grc' dir='ltr'><strong>τῆς</strong></span> <span class='ocrx_word' id='word_1_242' title='bbox 661 2047 928 2119; x_wconf 78' lang='grc' dir='ltr'><strong>ἀληθείας</strong></span> <span class='ocrx_word' id='word_1_243' title='bbox 978 2049 1299 2119; x_wconf 70' lang='grc' dir='ltr'><strong>φροντίσας.</strong></span> <span class='ocrx_word' id='word_1_244' title='bbox 1351 2052 1448 2104; x_wconf 74' lang='grc' dir='ltr'><strong>καὶ</strong></span> <span class='ocrx_word' id='word_1_245' title='bbox 1485 2050 1581 2103; x_wconf 79' lang='grc' dir='ltr'><strong>τοῦ</strong></span> <span class='ocrx_word' id='word_1_246' title='bbox 1649 2050 1815 2123; x_wconf 72' lang='grc' dir='ltr'><strong>μηδὲν</strong></span> <span class='ocrx_word' id='word_1_247' title='bbox 1861 2067 1916 2104; x_wconf 87' lang='grc' dir='ltr'><strong>τι</strong></span> 
     </span>
    </p>
   </div>
   <div class='ocr_carea' id='block_1_37' title="bbox 324 2144 1914 2217">
    <p class='ocr_par' dir='ltr' id='par_1_37' title="bbox 324 2144 1914 2217">
     <span class='ocr_line' id='line_1_37' title="bbox 324 2144 1914 2217; baseline 0.001 -19"><span class='ocrx_word' id='word_1_248' title='bbox 324 2144 439 2198; x_wconf 87' lang='grc' dir='ltr'><strong>τῶν</strong></span> <span class='ocrx_word' id='word_1_249' title='bbox 469 2144 705 2214; x_wconf 75' lang='grc' dir='ltr'><strong>καιρίων</strong></span> <span class='ocrx_word' id='word_1_250' title='bbox 749 2144 1109 2215; x_wconf 82' lang='grc' dir='ltr'><strong>παραλιπεῖν,</strong></span> <span class='ocrx_word' id='word_1_251' title='bbox 1138 2145 1277 2212; x_wconf 80' lang='grc' dir='ltr'><strong>λέξω</strong></span> <span class='ocrx_word' id='word_1_252' title='bbox 1305 2146 1443 2217; x_wconf 79' lang='grc' dir='ltr'><strong>ὅπερ</strong></span> <span class='ocrx_word' id='word_1_253' title='bbox 1499 2146 1664 2209; x_wconf 74' lang='grc' dir='ltr'><strong>αὐτὸς</strong></span> <span class='ocrx_word' id='word_1_254' title='bbox 1708 2145 1914 2215; x_wconf 70' lang='grc' dir='ltr'><strong>ἐπεζή-</strong></span> 
     </span>
    </p>
   </div>
   <div class='ocr_carea' id='block_1_38' title="bbox 325 2237 1916 2308">
    <p class='ocr_par' dir='ltr' id='par_1_38' title="bbox 325 2237 1916 2308">
     <span class='ocr_line' id='line_1_38' title="bbox 325 2237 1916 2308; baseline 0.001 -19"><span class='ocrx_word' id='word_1_255' title='bbox 325 2252 523 2305; x_wconf 83' lang='grc' dir='ltr'><strong>τησας.</strong></span> <span class='ocrx_word' id='word_1_256' title='bbox 565 2237 674 2290; x_wconf 77' lang='grc' dir='ltr'><strong>Καὶ</strong></span> <span class='ocrx_word' id='word_1_257' title='bbox 699 2238 729 2291; x_wconf 82' lang='grc' dir='ltr'><strong>ὁ</strong></span> <span class='ocrx_word' id='word_1_258' title='bbox 756 2237 1032 2306; x_wconf 70' lang='grc' dir='ltr'><strong>βασιλεὺς,</strong></span> <span class='ocrx_word' id='word_1_259' title='bbox 1067 2237 1278 2291; x_wconf 80' lang='grc' dir='ltr'><strong>Τούτου</strong></span> <span class='ocrx_word' id='word_1_260' title='bbox 1309 2239 1553 2301; x_wconf 86' lang='grc' dir='ltr'><strong>πάντως,</strong></span> <span class='ocrx_word' id='word_1_261' title='bbox 1586 2238 1715 2308; x_wconf 76' lang='grc' dir='ltr'><strong>ἔφη,</strong></span> <span class='ocrx_word' id='word_1_262' title='bbox 1759 2237 1916 2307; x_wconf 79' lang='grc' dir='ltr'><strong>κάγὼ</strong></span> 
     </span>
    </p>
   </div>
   <div class='ocr_carea' id='block_1_39' title="bbox 326 2326 1918 2402">
    <p class='ocr_par' dir='ltr' id='par_1_39' title="bbox 326 2326 1918 2402">
     <span class='ocr_line' id='line_1_39' title="bbox 326 2326 1918 2402; baseline 0.001 -20"><span class='ocrx_word' id='word_1_263' title='bbox 326 2327 426 2382; x_wconf 74' lang='grc' dir='ltr'><strong>καὶ</strong></span> <span class='ocrx_word' id='word_1_264' title='bbox 457 2326 573 2381; x_wconf 73' lang='grc' dir='ltr'><strong>οὐδ’</strong></span> <span class='ocrx_word' id='word_1_265' title='bbox 598 2328 716 2389; x_wconf 71' lang='grc' dir='ltr'><strong>ἑνὸς</strong></span> <span class='ocrx_word' id='word_1_266' title='bbox 766 2329 958 2399; x_wconf 71' lang='grc' dir='ltr'><strong>ἐτέρου</strong></span> <span class='ocrx_word' id='word_1_267' title='bbox 1009 2329 1241 2398; x_wconf 67' lang='grc' dir='ltr'><strong>ἐφίεμαι</strong></span> <span class='ocrx_word' id='word_1_268' title='bbox 1274 2347 1289 2363; x_wconf 78' lang='grc' dir='ltr'><strong><em>ο</em></strong></span> <span class='ocrx_word' id='word_1_269' title='bbox 1324 2330 1378 2382; x_wconf 80' lang='grc' dir='ltr'><strong>ετ</strong></span> <span class='ocrx_word' id='word_1_270' title='bbox 1411 2348 1476 2399; x_wconf 86' lang='grc' dir='ltr'><strong>γε</strong></span> <span class='ocrx_word' id='word_1_271' title='bbox 1521 2330 1598 2399; x_wconf 71' lang='grc' dir='ltr'><strong>μὴ</strong></span> <span class='ocrx_word' id='word_1_272' title='bbox 1634 2330 1737 2399; x_wconf 86' lang='grc' dir='ltr'><strong>τῆς</strong></span> <span class='ocrx_word' id='word_1_273' title='bbox 1783 2331 1918 2402; x_wconf 80' lang='grc' dir='ltr'><strong>άλη-</strong></span> 
     </span>
    </p>
   </div>
   <div class='ocr_carea' id='block_1_40' title="bbox 323 2418 1917 2491">
    <p class='ocr_par' dir='ltr' id='par_1_40' title="bbox 323 2418 1917 2491">
     <span class='ocr_line' id='line_1_40' title="bbox 323 2418 1917 2491; baseline 0.003 -20"><span class='ocrx_word' id='word_1_274' title='bbox 323 2419 484 2484; x_wconf 83' lang='grc' dir='ltr'><strong>θείας</strong></span> <span class='ocrx_word' id='word_1_275' title='bbox 515 2420 577 2473; x_wconf 79' lang='grc' dir='ltr'><strong>τὸ</strong></span> <span class='ocrx_word' id='word_1_276' title='bbox 597 2419 795 2488; x_wconf 70' lang='grc' dir='ltr'><strong>ψεῦδος</strong></span> <span class='ocrx_word' id='word_1_277' title='bbox 826 2418 990 2482; x_wconf 78' lang='grc' dir='ltr'><strong>αὐτὸς</strong></span> <span class='ocrx_word' id='word_1_278' title='bbox 1038 2419 1196 2487; x_wconf 86' lang='grc' dir='ltr'><strong>άγεις</strong></span> <span class='ocrx_word' id='word_1_279' title='bbox 1243 2419 1560 2491; x_wconf 77' lang='grc' dir='ltr'><strong>ἔμπροσθεν</strong></span> <span class='ocrx_word' id='word_1_280' title='bbox 1609 2421 1769 2475; x_wconf 90' lang='grc' dir='ltr'><strong>τοῦτο</strong></span> <span class='ocrx_word' id='word_1_281' title='bbox 1824 2422 1917 2476; x_wconf 74' lang='grc' dir='ltr'><strong>διὰ</strong></span> 
     </span>
    </p>
   </div>
   <div class='ocr_carea' id='block_1_41' title="bbox 325 2508 1913 2581">
    <p class='ocr_par' dir='ltr' id='par_1_41' title="bbox 325 2508 1913 2581">
     <span class='ocr_line' id='line_1_41' title="bbox 325 2508 1913 2581; baseline 0.005 -25"><span class='ocrx_word' id='word_1_282' title='bbox 325 2509 426 2579; x_wconf 75' lang='grc' dir='ltr'><strong>τὴν</strong></span> <span class='ocrx_word' id='word_1_283' title='bbox 453 2509 705 2579; x_wconf 83' lang='grc' dir='ltr'><strong>ἀνάγκην</strong></span> <span class='ocrx_word' id='word_1_284' title='bbox 735 2508 894 2561; x_wconf 80' lang='grc' dir='ltr'><strong>πλέον</strong></span> <span class='ocrx_word' id='word_1_285' title='bbox 916 2510 1114 2578; x_wconf 82' lang='grc' dir='ltr'><strong>τιμῶν.</strong></span> <span class='ocrx_word' id='word_1_286' title='bbox 1142 2510 1252 2563; x_wconf 77' lang='grc' dir='ltr'><strong>Καὶ</strong></span> <span class='ocrx_word' id='word_1_287' title='bbox 1280 2513 1308 2563; x_wconf 83' lang='grc' dir='ltr'>ὁ</span> <span class='ocrx_word' id='word_1_288' title='bbox 1343 2510 1706 2581; x_wconf 79' lang='grc' dir='ltr'><strong>Ἑρμογένης,</strong></span> <span class='ocrx_word' id='word_1_289' title='bbox 1739 2511 1913 2581; x_wconf 77' lang='grc' dir='ltr'><strong>Ἐμοὶ,</strong></span> 
     </span>
    </p>
   </div>
   <div class='ocr_carea' id='block_1_42' title="bbox 327 2600 1913 2674">
    <p class='ocr_par' dir='ltr' id='par_1_42' title="bbox 327 2600 1913 2674">
     <span class='ocr_line' id='line_1_42' title="bbox 327 2600 1913 2674; baseline 0.003 -21"><span class='ocrx_word' id='word_1_290' title='bbox 327 2600 590 2668; x_wconf 71' lang='grc' dir='ltr'><strong>κράτιστε</strong></span> <span class='ocrx_word' id='word_1_291' title='bbox 618 2600 903 2670; x_wconf 78' lang='grc' dir='ltr'><strong>βασιλέων,</strong></span> <span class='ocrx_word' id='word_1_292' title='bbox 936 2600 1062 2668; x_wconf 70' lang='grc' dir='ltr'><strong>ἔφη,</strong></span> <span class='ocrx_word' id='word_1_293' title='bbox 1096 2602 1630 2674; x_wconf 78' lang='grc' dir='ltr'><strong>καταθρασυνομὲνῳ</strong></span> <span class='ocrx_word' id='word_1_294' title='bbox 1650 2602 1913 2674; x_wconf 82' lang='grc' dir='ltr'><strong>Χριστοῦ,</strong></span> 
     </span>
    </p>
   </div>
   <div class='ocr_carea' id='block_1_43' title="bbox 332 2690 1912 2765">
    <p class='ocr_par' dir='ltr' id='par_1_43' title="bbox 332 2690 1912 2765">
     <span class='ocr_line' id='line_1_43' title="bbox 332 2690 1912 2765; baseline 0.001 -21"><span class='ocrx_word' id='word_1_295' title='bbox 332 2694 427 2744; x_wconf 81' lang='grc' dir='ltr'><strong>καὶ</strong></span> <span class='ocrx_word' id='word_1_296' title='bbox 461 2690 795 2761; x_wconf 77' lang='grc' dir='ltr'><strong>θεραπεύειν</strong></span> <span class='ocrx_word' id='word_1_297' title='bbox 846 2692 945 2762; x_wconf 74' lang='grc' dir='ltr'><strong>μὲν</strong></span> <span class='ocrx_word' id='word_1_298' title='bbox 1000 2692 1127 2757; x_wconf 79' lang='grc' dir='ltr'><strong>τούς</strong></span> <span class='ocrx_word' id='word_1_299' title='bbox 1174 2710 1307 2747; x_wconf 85' lang='grc' dir='ltr'><strong>ποτε</strong></span> <span class='ocrx_word' id='word_1_300' title='bbox 1348 2692 1517 2757; x_wconf 17' lang='grc' dir='ltr'><strong>,θεοὺς</strong></span> <span class='ocrx_word' id='word_1_301' title='bbox 1576 2693 1912 2765; x_wconf 79' lang='grc' dir='ltr'><strong>βουλομένῳ,</strong></span> 
     </span>
    </p>
   </div>
   <div class='ocr_carea' id='block_1_44' title="bbox 324 2780 1914 2856">
    <p class='ocr_par' dir='ltr' id='par_1_44' title="bbox 324 2780 1914 2856">
     <span class='ocr_line' id='line_1_44' title="bbox 324 2780 1914 2856; baseline 0.003 -23"><span class='ocrx_word' id='word_1_302' title='bbox 324 2781 739 2850; x_wconf 76' lang='grc' dir='ltr'><strong>θεραπεύεινδὲ</strong></span> <span class='ocrx_word' id='word_1_303' title='bbox 770 2783 945 2836; x_wconf 80' lang='grc' dir='ltr'><strong>καὶτὸ</strong></span> <span class='ocrx_word' id='word_1_304' title='bbox 977 2781 1069 2836; x_wconf 77' lang='grc' dir='ltr'><strong>σὸν</strong></span> <span class='ocrx_word' id='word_1_305' title='bbox 1099 2784 1328 2852; x_wconf 78' lang='grc' dir='ltr'><strong>κράτος,</strong></span> <span class='ocrx_word' id='word_1_306' title='bbox 1359 2784 1565 2856; x_wconf 77' lang='grc' dir='ltr'><strong>σπουδὴ</strong></span> <span class='ocrx_word' id='word_1_307' title='bbox 1597 2780 1687 2855; x_wconf 77' lang='grc' dir='ltr'><strong>ἦν,</strong></span> <span class='ocrx_word' id='word_1_308' title='bbox 1717 2784 1793 2848; x_wconf 84' lang='grc' dir='ltr'><strong>ὡς</strong></span> <span class='ocrx_word' id='word_1_309' title='bbox 1818 2785 1914 2838; x_wconf 73' lang='grc' dir='ltr'><strong>καὶ</strong></span> 
     </span>
    </p>
   </div>
   <div class='ocr_carea' id='block_1_45' title="bbox 328 2870 1914 2948">
    <p class='ocr_par' dir='ltr' id='par_1_45' title="bbox 328 2870 1914 2948">
     <span class='ocr_line' id='line_1_45' title="bbox 328 2870 1914 2948; baseline 0.002 -20"><span class='ocrx_word' id='word_1_310' title='bbox 328 2874 495 2938; x_wconf 77' lang='grc' dir='ltr'><strong>αὐτὸς</strong></span> <span class='ocrx_word' id='word_1_311' title='bbox 553 2870 712 2928; x_wconf 68' lang='grc' dir='ltr'><strong>οἶσθα</strong></span> <span class='ocrx_word' id='word_1_312' title='bbox 764 2875 903 2945; x_wconf 75' lang='grc' dir='ltr'><strong>μετὰ</strong></span> <span class='ocrx_word' id='word_1_313' title='bbox 958 2875 1232 2947; x_wconf 81' lang='grc' dir='ltr'><strong>τοσαύτης</strong></span> <span class='ocrx_word' id='word_1_314' title='bbox 1283 2877 1576 2947; x_wconf 67' lang='grc' dir='ltr'><strong>ἐπιστῆναι</strong></span> <span class='ocrx_word' id='word_1_315' title='bbox 1631 2880 1698 2948; x_wconf 80' lang='grc' dir='ltr'><strong>τῇ</strong></span> <span class='ocrx_word' id='word_1_316' title='bbox 1760 2877 1914 2931; x_wconf 74' lang='grc' dir='ltr'><strong>πόλει</strong></span> 
     </span>
    </p>
   </div>
   <div class='ocr_carea' id='block_1_46' title="bbox 326 2971 1915 3045">
    <p class='ocr_par' dir='ltr' id='par_1_46' title="bbox 326 2971 1915 3045">
     <span class='ocr_line' id='line_1_46' title="bbox 326 2971 1915 3045; baseline 0.003 -22"><span class='ocrx_word' id='word_1_317' title='bbox 326 2971 641 3038; x_wconf 76' lang='grc' dir='ltr'><strong>φαντασίας</strong></span> <span class='ocrx_word' id='word_1_318' title='bbox 677 2972 773 3024; x_wconf 79' lang='grc' dir='ltr'><strong>καὶ</strong></span> <span class='ocrx_word' id='word_1_319' title='bbox 805 2971 1225 3041; x_wconf 83' lang='grc' dir='ltr'><strong>καταπλήξεως.</strong></span> <span class='ocrx_word' id='word_1_320' title='bbox 1255 2972 1352 3027; x_wconf 73' lang='grc' dir='ltr'><strong>καὶ</strong></span> <span class='ocrx_word' id='word_1_321' title='bbox 1399 2971 1545 3027; x_wconf 78' lang='grc' dir='ltr'><strong>οὕτω</strong></span> <span class='ocrx_word' id='word_1_322' title='bbox 1594 2971 1688 3027; x_wconf 77' lang='grc' dir='ltr'><strong>τὸν</strong></span> <span class='ocrx_word' id='word_1_323' title='bbox 1738 2972 1915 3045; x_wconf 81' lang='grc' dir='ltr'><strong>ἄνδρα</strong></span> 
     </span>
    </p>
   </div>
   <div class='ocr_carea' id='block_1_47' title="bbox 328 3062 1913 3138">
    <p class='ocr_par' dir='ltr' id='par_1_47' title="bbox 328 3062 1913 3138">
     <span class='ocr_line' id='line_1_47' title="bbox 328 3062 1913 3138; baseline 0.004 -24"><span class='ocrx_word' id='word_1_324' title='bbox 328 3062 491 3116; x_wconf 67' lang='grc' dir='ltr'><strong>τοῦτο</strong></span> <span class='ocrx_word' id='word_1_325' title='bbox 524 3064 624 3131; x_wconf 84' lang='grc' dir='ltr'><strong>μὲν</strong></span> <span class='ocrx_word' id='word_1_326' title='bbox 657 3062 896 3136; x_wconf 83' lang='grc' dir='ltr'><strong>θωπείᾳ,</strong></span> <span class='ocrx_word' id='word_1_327' title='bbox 951 3064 1114 3119; x_wconf 86' lang='grc' dir='ltr'><strong>τοῦτο</strong></span> <span class='ocrx_word' id='word_1_328' title='bbox 1167 3066 1229 3118; x_wconf 61' lang='grc' dir='ltr'><strong>δὲ</strong></span> <span class='ocrx_word' id='word_1_329' title='bbox 1280 3066 1374 3119; x_wconf 74' lang='grc' dir='ltr'><strong>καὶ</strong></span> <span class='ocrx_word' id='word_1_330' title='bbox 1408 3066 1561 3135; x_wconf 72' lang='grc' dir='ltr'><strong>φόϐῳ</strong></span> <span class='ocrx_word' id='word_1_331' title='bbox 1614 3065 1753 3135; x_wconf 60' lang='grc' dir='ltr'><strong>πρὸς</strong></span> <span class='ocrx_word' id='word_1_332' title='bbox 1815 3067 1913 3138; x_wconf 82' lang='grc' dir='ltr'><strong>τὴν</strong></span> 
     </span>
    </p>
   </div>
   <div class='ocr_carea' id='block_1_48' title="bbox 328 3155 1912 3228">
    <p class='ocr_par' dir='ltr' id='par_1_48' title="bbox 328 3155 1912 3228">
     <span class='ocr_line' id='line_1_48' title="bbox 328 3155 1912 3228; baseline 0.003 -22"><span class='ocrx_word' id='word_1_333' title='bbox 328 3155 537 3223; x_wconf 74' lang='grc' dir='ltr'><strong>κριτοῦ</strong></span> <span class='ocrx_word' id='word_1_334' title='bbox 552 3172 645 3208; x_wconf 67' lang='grc' dir='ltr'><strong>ταν</strong></span> <span class='ocrx_word' id='word_1_335' title='bbox 663 3155 870 3227; x_wconf 87' lang='grc' dir='ltr'><strong>ταύτην</strong></span> <span class='ocrx_word' id='word_1_336' title='bbox 898 3156 1157 3228; x_wconf 79' lang='grc' dir='ltr'><strong>πατρῴαν</strong></span> <span class='ocrx_word' id='word_1_337' title='bbox 1173 3156 1499 3211; x_wconf 73' lang='grc' dir='ltr'><strong>δυσσέϐειαν</strong></span> <span class='ocrx_word' id='word_1_338' title='bbox 1521 3159 1912 3227; x_wconf 78' lang='grc' dir='ltr'><strong>ἐπαναγαγεῖν,</strong></span> 
     </span>
    </p>
   </div>
   <div class='ocr_carea' id='block_1_49' title="bbox 330 3247 1914 3321">
    <p class='ocr_par' dir='ltr' id='par_1_49' title="bbox 330 3247 1914 3321">
     <span class='ocr_line' id='line_1_49' title="bbox 330 3247 1914 3321; baseline 0.004 -24"><span class='ocrx_word' id='word_1_339' title='bbox 330 3247 455 3316; x_wconf 80' lang='grc' dir='ltr'><strong>μεθ’</strong></span> <span class='ocrx_word' id='word_1_340' title='bbox 484 3248 621 3318; x_wconf 77' lang='grc' dir='ltr'><strong>ὅσης</strong></span> <span class='ocrx_word' id='word_1_341' title='bbox 652 3248 818 3318; x_wconf 82' lang='grc' dir='ltr'><strong>φαίην</strong></span> <span class='ocrx_word' id='word_1_342' title='bbox 848 3250 936 3313; x_wconf 79' lang='grc' dir='ltr'><strong>ἂν,</strong></span> <span class='ocrx_word' id='word_1_343' title='bbox 966 3251 1087 3304; x_wconf 74' lang='grc' dir='ltr'><strong>οὐδὲ</strong></span> <span class='ocrx_word' id='word_1_344' title='bbox 1132 3251 1298 3315; x_wconf 82' lang='grc' dir='ltr'><strong>αὐτὸς</strong></span> <span class='ocrx_word' id='word_1_345' title='bbox 1343 3251 1579 3319; x_wconf 74' lang='grc' dir='ltr'><strong>έπῆλθες</strong></span> <span class='ocrx_word' id='word_1_346' title='bbox 1602 3250 1729 3304; x_wconf 73' lang='grc' dir='ltr'><strong>καθ’</strong></span> <span class='ocrx_word' id='word_1_347' title='bbox 1753 3251 1914 3321; x_wconf 75' lang='grc' dir='ltr'><strong>ἡμῶν</strong></span> 
     </span>
    </p>
   </div>
   <div class='ocr_carea' id='block_1_50' title="bbox 324 3339 1915 3412">
    <p class='ocr_par' dir='ltr' id='par_1_50' title="bbox 324 3339 1915 3412">
     <span class='ocr_line' id='line_1_50' title="bbox 324 3339 1915 3412; baseline 0.003 -24"><span class='ocrx_word' id='word_1_348' title='bbox 324 3340 594 3407; x_wconf 70' lang='grc' dir='ltr'><strong>σήμερον,</strong></span> <span class='ocrx_word' id='word_1_349' title='bbox 623 3339 722 3391; x_wconf 83' lang='grc' dir='ltr'><strong>καὶ</strong></span> <span class='ocrx_word' id='word_1_350' title='bbox 754 3339 831 3404; x_wconf 82' lang='grc' dir='ltr'><strong>ὡς</strong></span> <span class='ocrx_word' id='word_1_351' title='bbox 851 3341 950 3393; x_wconf 71' lang='grc' dir='ltr'><strong>οὐκ</strong></span> <span class='ocrx_word' id='word_1_352' title='bbox 974 3340 1041 3394; x_wconf 86' lang='grc' dir='ltr'><strong>ἂν</strong></span> <span class='ocrx_word' id='word_1_353' title='bbox 1062 3341 1184 3395; x_wconf 75' lang='grc' dir='ltr'><strong>οὐδὲ</strong></span> <span class='ocrx_word' id='word_1_354' title='bbox 1214 3341 1279 3394; x_wconf 76' lang='grc' dir='ltr'><strong>σὺ</strong></span> <span class='ocrx_word' id='word_1_355' title='bbox 1312 3340 1504 3412; x_wconf 82' lang='grc' dir='ltr'><strong>παρὼν</strong></span> <span class='ocrx_word' id='word_1_356' title='bbox 1563 3341 1661 3395; x_wconf 88' lang='grc' dir='ltr'><strong>τοῦ</strong></span> <span class='ocrx_word' id='word_1_357' title='bbox 1717 3342 1915 3406; x_wconf 66' lang='grc' dir='ltr'><strong>ἀνδρδς</strong></span> 
     </span>
    </p>
   </div>
   <div class='ocr_carea' id='block_1_51' title="bbox 333 3431 1915 3504">
    <p class='ocr_par' dir='ltr' id='par_1_51' title="bbox 333 3431 1915 3504">
     <span class='ocr_line' id='line_1_51' title="bbox 333 3431 1915 3504; baseline 0.004 -23"><span class='ocrx_word' id='word_1_358' title='bbox 333 3431 611 3498; x_wconf 77' lang='grc' dir='ltr'><strong>κρατῆσαι</strong></span> <span class='ocrx_word' id='word_1_359' title='bbox 643 3431 985 3502; x_wconf 80' lang='grc' dir='ltr'><strong>ἁπήλπισας.</strong></span> <span class='ocrx_word' id='word_1_360' title='bbox 1024 3433 1392 3503; x_wconf 82' lang='grc' dir='ltr'><strong>Συνομολογεῖ</strong></span> <span class='ocrx_word' id='word_1_361' title='bbox 1425 3434 1483 3487; x_wconf 77' lang='grc' dir='ltr'><strong>δέ</strong></span> <span class='ocrx_word' id='word_1_362' title='bbox 1520 3452 1614 3504; x_wconf 84' lang='grc' dir='ltr'><strong>μοι</strong></span> <span class='ocrx_word' id='word_1_363' title='bbox 1660 3436 1754 3488; x_wconf 76' lang='grc' dir='ltr'><strong>καὶ</strong></span> <span class='ocrx_word' id='word_1_364' title='bbox 1802 3435 1915 3496; x_wconf 79' lang='grc' dir='ltr'><strong>πᾶς</strong></span> 
     </span>
    </p>
   </div>
   <div class='ocr_carea' id='block_1_52' title="bbox 327 3515 1915 3597">
    <p class='ocr_par' dir='ltr' id='par_1_52' title="bbox 327 3515 1915 3597">
     <span class='ocr_line' id='line_1_52' title="bbox 327 3515 1915 3597; baseline 0.006 -24"><span class='ocrx_word' id='word_1_365' title='bbox 327 3515 539 3585; x_wconf 75' lang='grc' dir='ltr'><strong>οὗτοςό</strong></span> <span class='ocrx_word' id='word_1_366' title='bbox 573 3524 770 3591; x_wconf 81' lang='grc' dir='ltr'><strong>δῆμος,</strong></span> <span class='ocrx_word' id='word_1_367' title='bbox 828 3526 978 3589; x_wconf 82' lang='grc' dir='ltr'><strong>ὅπως</strong></span> <span class='ocrx_word' id='word_1_368' title='bbox 1029 3526 1277 3590; x_wconf 77' lang='grc' dir='ltr'><strong>ποικίλος</strong></span> <span class='ocrx_word' id='word_1_369' title='bbox 1326 3522 1396 3597; x_wconf 76' lang='grc' dir='ltr'><strong>ἦν</strong></span> <span class='ocrx_word' id='word_1_370' title='bbox 1437 3527 1602 3592; x_wconf 81' lang='grc' dir='ltr'><strong>αὐτὸς</strong></span> <span class='ocrx_word' id='word_1_371' title='bbox 1655 3530 1721 3582; x_wconf 74' lang='grc' dir='ltr'><strong>ἐκ</strong></span> <span class='ocrx_word' id='word_1_372' title='bbox 1763 3526 1915 3597; x_wconf 84' lang='grc' dir='ltr'><strong>πρώ-</strong></span> 
     </span>
    </p>
   </div>
   <div class='ocr_carea' id='block_1_53' title="bbox 326 3614 1909 3690">
    <p class='ocr_par' dir='ltr' id='par_1_53' title="bbox 326 3614 1909 3690">
     <span class='ocr_line' id='line_1_53' title="bbox 326 3614 1909 3690; baseline 0.005 -25"><span class='ocrx_word' id='word_1_373' title='bbox 326 3630 428 3683; x_wconf 84' lang='grc' dir='ltr'><strong>της</strong></span> <span class='ocrx_word' id='word_1_374' title='bbox 462 3614 733 3668; x_wconf 79' lang='grc' dir='ltr'><strong>θωπεύων</strong></span> <span class='ocrx_word' id='word_1_375' title='bbox 766 3617 1010 3671; x_wconf 82' lang='grc' dir='ltr'><strong>ἀπειλῶν</strong></span> <span class='ocrx_word' id='word_1_376' title='bbox 1074 3618 1353 3687; x_wconf 80' lang='grc' dir='ltr'><strong>ὲκφοόῶν,</strong></span> <span class='ocrx_word' id='word_1_377' title='bbox 1381 3619 1560 3673; x_wconf 84' lang='grc' dir='ltr'><strong>πάντα</strong></span> <span class='ocrx_word' id='word_1_378' title='bbox 1599 3621 1909 3690; x_wconf 65' lang='grc' dir='ltr'><strong>γινίμενος,</strong></span> 
     </span>
    </p>
   </div>
   <div class='ocr_carea' id='block_1_54' title="bbox 328 3706 1915 3783">
    <p class='ocr_par' dir='ltr' id='par_1_54' title="bbox 328 3706 1915 3783">
     <span class='ocr_line' id='line_1_54' title="bbox 328 3706 1915 3783; baseline 0.006 -24"><span class='ocrx_word' id='word_1_379' title='bbox 328 3706 404 3769; x_wconf 77' lang='grc' dir='ltr'><strong>ὡς</strong></span> <span class='ocrx_word' id='word_1_380' title='bbox 437 3708 507 3760; x_wconf 81' lang='grc' dir='ltr'><strong>ἂν</strong></span> <span class='ocrx_word' id='word_1_381' title='bbox 539 3708 640 3776; x_wconf 75' lang='grc' dir='ltr'><strong>τῆς</strong></span> <span class='ocrx_word' id='word_1_382' title='bbox 696 3708 981 3773; x_wconf 77' lang='grc' dir='ltr'><strong>εύσεδείας</strong></span> <span class='ocrx_word' id='word_1_383' title='bbox 1031 3712 1365 3780; x_wconf 78' lang='grc' dir='ltr'><strong>μεταστήσω</strong></span> <span class='ocrx_word' id='word_1_384' title='bbox 1408 3712 1502 3765; x_wconf 78' lang='grc' dir='ltr'><strong>τὸν</strong></span> <span class='ocrx_word' id='word_1_385' title='bbox 1543 3711 1738 3783; x_wconf 74' lang='grc' dir='ltr'><strong>ἄνδρα.</strong></span> <span class='ocrx_word' id='word_1_386' title='bbox 1801 3713 1915 3768; x_wconf 74' lang='grc' dir='ltr'><strong>Καὶ</strong></span> 
     </span>
    </p>
   </div>
   <div class='ocr_carea' id='block_1_55' title="bbox 328 3799 1913 3875">
    <p class='ocr_par' dir='ltr' id='par_1_55' title="bbox 328 3799 1913 3875">
     <span class='ocr_line' id='line_1_55' title="bbox 328 3799 1913 3875; baseline 0.006 -26"><span class='ocrx_word' id='word_1_387' title='bbox 328 3800 438 3868; x_wconf 69' lang='grc' dir='ltr'><strong>γὰρ</strong></span> <span class='ocrx_word' id='word_1_388' title='bbox 467 3799 700 3868; x_wconf 69' lang='grc' dir='ltr'><strong>ἠγνόουν</strong></span> <span class='ocrx_word' id='word_1_389' title='bbox 730 3801 759 3853; x_wconf 82' lang='grc' dir='ltr'><strong>ὁ</strong></span> <span class='ocrx_word' id='word_1_390' title='bbox 785 3801 1014 3871; x_wconf 88' lang='grc' dir='ltr'><strong>μάταιος</strong></span> <span class='ocrx_word' id='word_1_391' title='bbox 1042 3802 1140 3871; x_wconf 80' lang='grc' dir='ltr'><strong>οἴῳ</strong></span> <span class='ocrx_word' id='word_1_392' title='bbox 1172 3802 1237 3873; x_wconf 83' lang='grc' dir='ltr'><strong>δὴ</strong></span> <span class='ocrx_word' id='word_1_393' title='bbox 1265 3802 1440 3874; x_wconf 83' lang='grc' dir='ltr'><strong>τούτῳ</strong></span> <span class='ocrx_word' id='word_1_394' title='bbox 1478 3804 1629 3874; x_wconf 79' lang='grc' dir='ltr'><strong>ἀνδρὶ</strong></span> <span class='ocrx_word' id='word_1_395' title='bbox 1660 3804 1913 3875; x_wconf 81' lang='grc' dir='ltr'><strong>περιέτυ-</strong></span> 
     </span>
    </p>
   </div>
   <div class='ocr_carea' id='block_1_56' title="bbox 328 3892 1914 3968">
    <p class='ocr_par' dir='ltr' id='par_1_56' title="bbox 328 3892 1914 3968">
     <span class='ocr_line' id='line_1_56' title="bbox 328 3892 1914 3968; baseline 0.006 -27"><span class='ocrx_word' id='word_1_396' title='bbox 328 3907 445 3959; x_wconf 76' lang='grc' dir='ltr'><strong>χον,</strong></span> <span class='ocrx_word' id='word_1_397' title='bbox 473 3892 890 3963; x_wconf 81' lang='grc' dir='ltr'><strong>άκαταπλήκτῳ</strong></span> <span class='ocrx_word' id='word_1_398' title='bbox 938 3910 999 3947; x_wconf 86' lang='grc' dir='ltr'><strong>τε</strong></span> <span class='ocrx_word' id='word_1_399' title='bbox 1043 3896 1138 3947; x_wconf 78' lang='grc' dir='ltr'><strong>καὶ</strong></span> <span class='ocrx_word' id='word_1_400' title='bbox 1192 3895 1430 3966; x_wconf 80' lang='grc' dir='ltr'><strong>στερρῷ,</strong></span> <span class='ocrx_word' id='word_1_401' title='bbox 1477 3896 1576 3949; x_wconf 63' lang='grc' dir='ltr'><strong>καὶ⁵</strong></span> <span class='ocrx_word' id='word_1_402' title='bbox 1626 3897 1914 3968; x_wconf 80' lang='grc' dir='ltr'><strong>πεπαρρη-</strong></span> 
     </span>
    </p>
   </div>
   <div class='ocr_carea' id='block_1_57' title="bbox 329 3982 1912 4057">
    <p class='ocr_par' dir='ltr' id='par_1_57' title="bbox 329 3982 1912 4057">
     <span class='ocr_line' id='line_1_57' title="bbox 329 3982 1912 4057; baseline 0.007 -26"><span class='ocrx_word' id='word_1_403' title='bbox 329 3982 638 4051; x_wconf 82' lang='grc' dir='ltr'><strong>σιασμένην</strong></span> <span class='ocrx_word' id='word_1_404' title='bbox 663 3983 844 4052; x_wconf 78' lang='grc' dir='ltr'><strong>ἔχοντι</strong></span> <span class='ocrx_word' id='word_1_405' title='bbox 872 3985 973 4053; x_wconf 84' lang='grc' dir='ltr'><strong>τὴν</strong></span> <span class='ocrx_word' id='word_1_406' title='bbox 1021 3986 1279 4054; x_wconf 75' lang='grc' dir='ltr'><strong>γλῶσσαν</strong></span> <span class='ocrx_word' id='word_1_407' title='bbox 1308 3988 1407 4057; x_wconf 71' lang='grc' dir='ltr'><strong>μὲν</strong></span> <span class='ocrx_word' id='word_1_408' title='bbox 1443 3987 1582 4056; x_wconf 81' lang='grc' dir='ltr'><strong>πρὸς</strong></span> <span class='ocrx_word' id='word_1_409' title='bbox 1621 3988 1725 4052; x_wconf 84' lang='grc' dir='ltr'><strong>τὰς</strong></span> <span class='ocrx_word' id='word_1_410' title='bbox 1775 3990 1912 4042; x_wconf 84' lang='grc' dir='ltr'><strong>ἁπο-</strong></span> 
     </span>
    </p>
   </div>
   <div class='ocr_carea' id='block_1_58' title="bbox 329 4072 1914 4148">
    <p class='ocr_par' dir='ltr' id='par_1_58' title="bbox 329 4072 1914 4148">
     <span class='ocr_line' id='line_1_58' title="bbox 329 4072 1914 4148; baseline 0.006 -24"><span class='ocrx_word' id='word_1_411' title='bbox 329 4072 565 4143; x_wconf 80' lang='grc' dir='ltr'><strong>κρίσεις,</strong></span> <span class='ocrx_word' id='word_1_412' title='bbox 589 4075 692 4144; x_wconf 72' lang='grc' dir='ltr'><strong>τὴν</strong></span> <span class='ocrx_word' id='word_1_413' title='bbox 721 4074 901 4147; x_wconf 78' lang='grc' dir='ltr'><strong>ψυχὴν</strong></span> <span class='ocrx_word' id='word_1_414' title='bbox 929 4076 989 4130; x_wconf 75' lang='grc' dir='ltr'><strong>δὲ</strong></span> <span class='ocrx_word' id='word_1_415' title='bbox 1015 4079 1154 4148; x_wconf 80' lang='grc' dir='ltr'><strong>πρὸς</strong></span> <span class='ocrx_word' id='word_1_416' title='bbox 1192 4080 1295 4141; x_wconf 77' lang='grc' dir='ltr'><strong>τὰς</strong></span> <span class='ocrx_word' id='word_1_417' title='bbox 1330 4079 1635 4148; x_wconf 78' lang='grc' dir='ltr'><strong>ἐπαγωγὰς</strong></span> <span class='ocrx_word' id='word_1_418' title='bbox 1680 4079 1790 4133; x_wconf 87' lang='grc' dir='ltr'><strong>τῶν</strong></span> <span class='ocrx_word' id='word_1_419' title='bbox 1821 4096 1914 4133; x_wconf 83' lang='grc' dir='ltr'><strong>κο-</strong></span> 
     </span>
    </p>
   </div>
   <div class='ocr_carea' id='block_1_59' title="bbox 328 4164 1911 4243">
    <p class='ocr_par' dir='ltr' id='par_1_59' title="bbox 328 4164 1911 4243">
     <span class='ocr_line' id='line_1_59' title="bbox 328 4164 1911 4243; baseline 0.005 -27"><span class='ocrx_word' id='word_1_420' title='bbox 328 4164 577 4231; x_wconf 80' lang='grc' dir='ltr'><strong>λάσεων,</strong></span> <span class='ocrx_word' id='word_1_421' title='bbox 638 4170 735 4221; x_wconf 70' lang='grc' dir='ltr'><strong>καὶ</strong></span> <span class='ocrx_word' id='word_1_422' title='bbox 793 4169 976 4224; x_wconf 75' lang='grc' dir='ltr'><strong>πάντα</strong></span> <span class='ocrx_word' id='word_1_423' title='bbox 1031 4171 1234 4224; x_wconf 72' lang='grc' dir='ltr'><strong>παθεῖν</strong></span> <span class='ocrx_word' id='word_1_424' title='bbox 1295 4170 1539 4241; x_wconf 67' lang='grc' dir='ltr'><strong>ἑτοίμῳ,</strong></span> <span class='ocrx_word' id='word_1_425' title='bbox 1589 4171 1623 4240; x_wconf 79' lang='grc' dir='ltr'>ἦ</span> <span class='ocrx_word' id='word_1_426' title='bbox 1674 4171 1911 4243; x_wconf 81' lang='grc' dir='ltr'><strong>Χριστὸν</strong></span> 
     </span>
    </p>
   </div>
   <div class='ocr_carea' id='block_1_60' title="bbox 327 4257 1911 4334">
    <p class='ocr_par' dir='ltr' id='par_1_60' title="bbox 327 4257 1911 4334">
     <span class='ocr_line' id='line_1_60' title="bbox 327 4257 1911 4334; baseline 0.006 -25"><span class='ocrx_word' id='word_1_427' title='bbox 327 4257 723 4327; x_wconf 67' lang='grc' dir='ltr'><strong>ἑξομέσασθαι.</strong></span> <span class='ocrx_word' id='word_1_428' title='bbox 754 4261 1049 4333; x_wconf 75' lang='grc' dir='ltr'><strong>[1).ὴν,ῖνα</strong></span> <span class='ocrx_word' id='word_1_429' title='bbox 1107 4261 1281 4317; x_wconf 82' lang='grc' dir='ltr'><strong>τᾶλλα</strong></span> <span class='ocrx_word' id='word_1_430' title='bbox 1331 4263 1496 4328; x_wconf 79' lang='grc' dir='ltr'><strong>ἐάσω,</strong></span> <span class='ocrx_word' id='word_1_431' title='bbox 1546 4262 1911 4334; x_wconf 79' lang='grc' dir='ltr'><strong>ἀναδυόμενον</strong></span> 
     </span>
    </p>
   </div>
   <div class='ocr_carea' id='block_1_61' title="bbox 326 4349 1911 4424">
    <p class='ocr_par' dir='ltr' id='par_1_61' title="bbox 326 4349 1911 4424">
     <span class='ocr_line' id='line_1_61' title="bbox 326 4349 1911 4424; baseline 0.006 -23"><span class='ocrx_word' id='word_1_432' title='bbox 326 4350 491 4403; x_wconf 68' lang='grc' dir='ltr'><strong>αὐτὸν</strong></span> <span class='ocrx_word' id='word_1_433' title='bbox 523 4349 584 4403; x_wconf 76' lang='grc' dir='ltr'><strong>τὸ</strong></span> <span class='ocrx_word' id='word_1_434' title='bbox 620 4351 788 4415; x_wconf 76' lang='grc' dir='ltr'><strong>σέϐας</strong></span> <span class='ocrx_word' id='word_1_435' title='bbox 816 4352 963 4417; x_wconf 85' lang='grc' dir='ltr'><strong>ἰδὼν,</strong></span> <span class='ocrx_word' id='word_1_436' title='bbox 999 4354 1095 4407; x_wconf 74' lang='grc' dir='ltr'><strong>καὶ</strong></span> <span class='ocrx_word' id='word_1_437' title='bbox 1137 4356 1276 4422; x_wconf 83' lang='grc' dir='ltr'><strong>μήτε</strong></span> <span class='ocrx_word' id='word_1_438' title='bbox 1300 4353 1396 4407; x_wconf 87' lang='grc' dir='ltr'><strong>τοῦ</strong></span> <span class='ocrx_word' id='word_1_439' title='bbox 1428 4354 1665 4424; x_wconf 83' lang='grc' dir='ltr'><strong>κράτους</strong></span> <span class='ocrx_word' id='word_1_440' title='bbox 1689 4355 1911 4423; x_wconf 76' lang='grc' dir='ltr'><strong>καὶτῆς</strong></span> 
     </span>
    </p>
   </div>
   <div class='ocr_carea' id='block_1_62' title="bbox 326 4441 1912 4517">
    <p class='ocr_par' dir='ltr' id='par_1_62' title="bbox 326 4441 1912 4517">
     <span class='ocr_line' id='line_1_62' title="bbox 326 4441 1912 4517; baseline 0.004 -24"><span class='ocrx_word' id='word_1_441' title='bbox 326 4441 575 4507; x_wconf 73' lang='grc' dir='ltr'><strong>έξουσίας</strong></span> <span class='ocrx_word' id='word_1_442' title='bbox 602 4445 1099 4515; x_wconf 73' lang='grc' dir='ltr'><strong>ἐπιστρεφόμενον.</strong></span> <span class='ocrx_word' id='word_1_443' title='bbox 1136 4446 1276 4516; x_wconf 79' lang='grc' dir='ltr'><strong>μήτε</strong></span> <span class='ocrx_word' id='word_1_444' title='bbox 1306 4444 1418 4499; x_wconf 84' lang='grc' dir='ltr'><strong>τῶν</strong></span> <span class='ocrx_word' id='word_1_445' title='bbox 1447 4446 1700 4516; x_wconf 87' lang='grc' dir='ltr'><strong>βασάνων</strong></span> <span class='ocrx_word' id='word_1_446' title='bbox 1733 4447 1768 4517; x_wconf 81' lang='grc' dir='ltr'><strong>ἢ</strong></span> <span class='ocrx_word' id='word_1_447' title='bbox 1799 4446 1912 4500; x_wconf 89' lang='grc' dir='ltr'><strong>τῶν</strong></span> 
     </span>
    </p>
   </div>
   <div class='ocr_carea' id='block_1_63' title="bbox 2014 1956 3603 2031">
    <p class='ocr_par' dir='ltr' id='par_1_63' title="bbox 2014 1956 3603 2031">
     <span class='ocr_line' id='line_1_63' title="bbox 2014 1956 3603 2031; baseline -0.008 -16"><span class='ocrx_word' id='word_1_448' title='bbox 2014 1960 2160 2031; x_wconf 87' lang='lat' dir='ltr'><strong>jecta</strong></span> <span class='ocrx_word' id='word_1_449' title='bbox 2182 1958 2380 2025; x_wconf 77' lang='lat' dir='ltr'><strong>oculis,</strong></span> <span class='ocrx_word' id='word_1_450' title='bbox 2434 1972 2688 2029; x_wconf 83' lang='lat' dir='ltr'><strong>magnam</strong></span> <span class='ocrx_word' id='word_1_451' title='bbox 2740 1956 2996 2013; x_wconf 80' lang='lat' dir='ltr'><strong>veritatis</strong></span> <span class='ocrx_word' id='word_1_452' title='bbox 3040 1970 3234 2011; x_wconf 86' lang='lat' dir='ltr'><strong>curam</strong></span> <span class='ocrx_word' id='word_1_453' title='bbox 3274 1967 3497 2024; x_wconf 85' lang='lat' dir='ltr'><strong>gerens,</strong></span> <span class='ocrx_word' id='word_1_454' title='bbox 3544 1956 3603 2004; x_wconf 90' lang='lat' dir='ltr'><strong>et</strong></span> 
     </span>
    </p>
   </div>
   <div class='ocr_carea' id='block_1_64' title="bbox 2016 2041 3603 2122">
    <p class='ocr_par' dir='ltr' id='par_1_64' title="bbox 2016 2041 3603 2122">
     <span class='ocr_line' id='line_1_64' title="bbox 2016 2041 3603 2122; baseline -0.007 -14"><span class='ocrx_word' id='word_1_455' title='bbox 2016 2068 2087 2108; x_wconf 89' lang='lat' dir='ltr'><strong>ne</strong></span> <span class='ocrx_word' id='word_1_456' title='bbox 2112 2052 2269 2122; x_wconf 85' lang='lat' dir='ltr'><strong>quid,</strong></span> <span class='ocrx_word' id='word_1_457' title='bbox 2303 2050 2453 2122; x_wconf 92' lang='lat' dir='ltr'><strong>quod</strong></span> <span class='ocrx_word' id='word_1_458' title='bbox 2478 2051 2550 2107; x_wconf 89' lang='lat' dir='ltr'><strong>sit</strong></span> <span class='ocrx_word' id='word_1_459' title='bbox 2575 2058 2976 2121; x_wconf 88' lang='lat' dir='ltr'><strong>opportunum.</strong></span> <span class='ocrx_word' id='word_1_460' title='bbox 3007 2045 3451 2119; x_wconf 65' lang='lat' dir='ltr'><strong>praetermittam,</strong></span> <span class='ocrx_word' id='word_1_461' title='bbox 3511 2041 3603 2098; x_wconf 88' lang='lat' dir='ltr'><strong>di-</strong></span> 
     </span>
    </p>
   </div>
   <div class='ocr_carea' id='block_1_65' title="bbox 2014 2136 3599 2215">
    <p class='ocr_par' dir='ltr' id='par_1_65' title="bbox 2014 2136 3599 2215">
     <span class='ocr_line' id='line_1_65' title="bbox 2014 2136 3599 2215; baseline -0.006 -16"><span class='ocrx_word' id='word_1_462' title='bbox 2014 2159 2137 2200; x_wconf 87' lang='lat' dir='ltr'><strong>cam</strong></span> <span class='ocrx_word' id='word_1_463' title='bbox 2186 2144 2241 2199; x_wconf 88' lang='lat' dir='ltr'><strong>id</strong></span> <span class='ocrx_word' id='word_1_464' title='bbox 2286 2143 2436 2215; x_wconf 89' lang='lat' dir='ltr'><strong>quod</strong></span> <span class='ocrx_word' id='word_1_465' title='bbox 2466 2142 2794 2215; x_wconf 66' lang='lat' dir='ltr'><strong>quaesivisti.</strong></span> <span class='ocrx_word' id='word_1_466' title='bbox 2850 2141 3156 2211; x_wconf 84' lang='lat' dir='ltr'><strong>Imperator</strong></span> <span class='ocrx_word' id='word_1_467' title='bbox 3189 2146 3378 2194; x_wconf 85' lang='lat' dir='ltr'><strong>autem</strong></span> <span class='ocrx_word' id='word_1_468' title='bbox 3410 2153 3427 2192; x_wconf 90' lang='lat'><strong>:</strong></span> <span class='ocrx_word' id='word_1_469' title='bbox 3459 2136 3599 2206; x_wconf 76' lang='lat' dir='ltr'><strong>Ego.</strong></span> 
     </span>
    </p>
   </div>
   <div class='ocr_carea' id='block_1_66' title="bbox 2018 2228 3600 2305">
    <p class='ocr_par' dir='ltr' id='par_1_66' title="bbox 2018 2228 3600 2305">
     <span class='ocr_line' id='line_1_66' title="bbox 2018 2228 3600 2305; baseline -0.006 -15"><span class='ocrx_word' id='word_1_470' title='bbox 2018 2235 2220 2305; x_wconf 84' lang='lat' dir='ltr'><strong>inquit,</strong></span> <span class='ocrx_word' id='word_1_471' title='bbox 2273 2235 2379 2290; x_wconf 85' lang='lat' dir='ltr'><strong>hoc</strong></span> <span class='ocrx_word' id='word_1_472' title='bbox 2418 2235 2668 2301; x_wconf 90' lang='lat' dir='ltr'><strong>omnino,</strong></span> <span class='ocrx_word' id='word_1_473' title='bbox 2697 2244 2753 2289; x_wconf 88' lang='lat' dir='ltr'><strong>et</strong></span> <span class='ocrx_word' id='word_1_474' title='bbox 2776 2231 2918 2289; x_wconf 86' lang='lat' dir='ltr'><strong>nihil</strong></span> <span class='ocrx_word' id='word_1_475' title='bbox 2962 2231 3112 2286; x_wconf 83' lang='lat' dir='ltr'><strong>aliud</strong></span> <span class='ocrx_word' id='word_1_476' title='bbox 3147 2231 3335 2300; x_wconf 89' lang='lat' dir='ltr'><strong>cupio,</strong></span> <span class='ocrx_word' id='word_1_477' title='bbox 3388 2228 3436 2284; x_wconf 87' lang='lat' dir='ltr'><strong>si</strong></span> <span class='ocrx_word' id='word_1_478' title='bbox 3487 2242 3600 2283; x_wconf 80' lang='lat' dir='ltr'><strong>non</strong></span> 
     </span>
    </p>
   </div>
   <div class='ocr_carea' id='block_1_67' title="bbox 2017 2321 3600 2398">
    <p class='ocr_par' dir='ltr' id='par_1_67' title="bbox 2017 2321 3600 2398">
     <span class='ocr_line' id='line_1_67' title="bbox 2017 2321 3600 2398; baseline -0.006 -16"><span class='ocrx_word' id='word_1_479' title='bbox 2017 2328 2136 2398; x_wconf 86' lang='lat' dir='ltr'><strong>ipse</strong></span> <span class='ocrx_word' id='word_1_480' title='bbox 2171 2326 2372 2382; x_wconf 81' lang='lat' dir='ltr'><strong>falsum</strong></span> <span class='ocrx_word' id='word_1_481' title='bbox 2401 2326 2630 2398; x_wconf 65' lang='lat' dir='ltr'><strong>praefers</strong></span> <span class='ocrx_word' id='word_1_482' title='bbox 2658 2326 2904 2390; x_wconf 85' lang='lat' dir='ltr'><strong>veritati,</strong></span> <span class='ocrx_word' id='word_1_483' title='bbox 2939 2325 3048 2379; x_wconf 73' lang='lat' dir='ltr'><strong>hoc</strong></span> <span class='ocrx_word' id='word_1_484' title='bbox 3079 2324 3136 2378; x_wconf 89' lang='lat' dir='ltr'><strong>in</strong></span> <span class='ocrx_word' id='word_1_485' title='bbox 3161 2321 3357 2394; x_wconf 81' lang='lat' dir='ltr'><strong>majori</strong></span> <span class='ocrx_word' id='word_1_486' title='bbox 3382 2321 3600 2376; x_wconf 84' lang='lat' dir='ltr'><strong>honore</strong></span> 
     </span>
    </p>
   </div>
   <div class='ocr_carea' id='block_1_68' title="bbox 2017 2416 3600 2489">
    <p class='ocr_par' dir='ltr' id='par_1_68' title="bbox 2017 2416 3600 2489">
     <span class='ocr_line' id='line_1_68' title="bbox 2017 2416 3600 2489; baseline -0.005 -15"><span class='ocrx_word' id='word_1_487' title='bbox 2017 2418 2230 2475; x_wconf 86' lang='lat' dir='ltr'><strong>habens</strong></span> <span class='ocrx_word' id='word_1_488' title='bbox 2261 2430 2488 2489; x_wconf 90' lang='lat' dir='ltr'><strong>propter</strong></span> <span class='ocrx_word' id='word_1_489' title='bbox 2517 2418 2928 2474; x_wconf 87' lang='lat' dir='ltr'><strong>necessitatem.</strong></span> <span class='ocrx_word' id='word_1_490' title='bbox 2957 2416 3334 2485; x_wconf 76' lang='lat' dir='ltr'><strong>Hermogenes</strong></span> <span class='ocrx_word' id='word_1_491' title='bbox 3367 2420 3553 2469; x_wconf 88' lang='lat' dir='ltr'><strong>autem</strong></span> <span class='ocrx_word' id='word_1_492' title='bbox 3581 2426 3600 2465; x_wconf 87' lang='lat'><strong>:</strong></span> 
     </span>
    </p>
   </div>
   <div class='ocr_carea' id='block_1_69' title="bbox 2016 2505 3599 2582">
    <p class='ocr_par' dir='ltr' id='par_1_69' title="bbox 2016 2505 3599 2582">
     <span class='ocr_line' id='line_1_69' title="bbox 2016 2505 3599 2582; baseline -0.006 -14"><span class='ocrx_word' id='word_1_493' title='bbox 2016 2512 2171 2577; x_wconf 73' lang='lat' dir='ltr'><strong>Mihi,</strong></span> <span class='ocrx_word' id='word_1_494' title='bbox 2198 2526 2232 2565; x_wconf 94' lang='lat' dir='ltr'><strong>o</strong></span> <span class='ocrx_word' id='word_1_495' title='bbox 2257 2512 2466 2582; x_wconf 75' lang='lat' dir='ltr'><strong>optime</strong></span> <span class='ocrx_word' id='word_1_496' title='bbox 2510 2511 2831 2581; x_wconf 87' lang='lat' dir='ltr'><strong>imperator,</strong></span> <span class='ocrx_word' id='word_1_497' title='bbox 2867 2526 2955 2566; x_wconf 89' lang='lat' dir='ltr'><strong>me</strong></span> <span class='ocrx_word' id='word_1_498' title='bbox 3001 2509 3268 2564; x_wconf 83' lang='lat' dir='ltr'><strong>adversus</strong></span> <span class='ocrx_word' id='word_1_499' title='bbox 3315 2505 3599 2563; x_wconf 83' lang='lat' dir='ltr'><strong>Christum</strong></span> 
     </span>
    </p>
   </div>
   <div class='ocr_carea' id='block_1_70' title="bbox 2016 2599 3601 2674">
    <p class='ocr_par' dir='ltr' id='par_1_70' title="bbox 2016 2599 3601 2674">
     <span class='ocr_line' id='line_1_70' title="bbox 2016 2599 3601 2674; baseline -0.004 -15"><span class='ocrx_word' id='word_1_500' title='bbox 2016 2605 2281 2659; x_wconf 87' lang='lat' dir='ltr'><strong>audacter</strong></span> <span class='ocrx_word' id='word_1_501' title='bbox 2304 2613 2359 2660; x_wconf 91' lang='lat' dir='ltr'><strong>et</strong></span> <span class='ocrx_word' id='word_1_502' title='bbox 2401 2605 2707 2659; x_wconf 88' lang='lat' dir='ltr'><strong>insolenter</strong></span> <span class='ocrx_word' id='word_1_503' title='bbox 2735 2604 2973 2674; x_wconf 91' lang='lat' dir='ltr'><strong>gerenti,</strong></span> <span class='ocrx_word' id='word_1_504' title='bbox 3032 2611 3089 2657; x_wconf 92' lang='lat' dir='ltr'><strong>et</strong></span> <span class='ocrx_word' id='word_1_505' title='bbox 3118 2600 3321 2657; x_wconf 89' lang='lat' dir='ltr'><strong>volenti</strong></span> <span class='ocrx_word' id='word_1_506' title='bbox 3370 2599 3601 2669; x_wconf 83' lang='lat' dir='ltr'><strong>quidem</strong></span> 
     </span>
    </p>
   </div>
   <div class='ocr_carea' id='block_1_71' title="bbox 2016 2694 3605 2768">
    <p class='ocr_par' dir='ltr' id='par_1_71' title="bbox 2016 2694 3605 2768">
     <span class='ocr_line' id='line_1_71' title="bbox 2016 2694 3605 2768; baseline -0.005 -16"><span class='ocrx_word' id='word_1_507' title='bbox 2016 2712 2157 2768; x_wconf 89' lang='lat' dir='ltr'><strong>quos</strong></span> <span class='ocrx_word' id='word_1_508' title='bbox 2176 2697 2307 2751; x_wconf 81' lang='lat' dir='ltr'><strong>olim</strong></span> <span class='ocrx_word' id='word_1_509' title='bbox 2326 2696 2606 2751; x_wconf 90' lang='lat' dir='ltr'><strong>eolueram</strong></span> <span class='ocrx_word' id='word_1_510' title='bbox 2637 2696 2772 2751; x_wconf 89' lang='lat' dir='ltr'><strong>deos</strong></span> <span class='ocrx_word' id='word_1_511' title='bbox 2796 2696 3001 2760; x_wconf 89' lang='lat' dir='ltr'><strong>colere,</strong></span> <span class='ocrx_word' id='word_1_512' title='bbox 3017 2704 3167 2749; x_wconf 90' lang='lat' dir='ltr'><strong>tuam</strong></span> <span class='ocrx_word' id='word_1_513' title='bbox 3197 2701 3395 2749; x_wconf 82' lang='lat' dir='ltr'><strong>autem.</strong></span> <span class='ocrx_word' id='word_1_514' title='bbox 3408 2694 3605 2747; x_wconf 80' lang='lat' dir='ltr'><strong>obser-</strong></span> 
     </span>
    </p>
   </div>
   <div class='ocr_carea' id='block_1_72' title="bbox 2015 2784 3603 2859">
    <p class='ocr_par' dir='ltr' id='par_1_72' title="bbox 2015 2784 3603 2859">
     <span class='ocr_line' id='line_1_72' title="bbox 2015 2784 3603 2859; baseline -0.003 -15"><span class='ocrx_word' id='word_1_515' title='bbox 2015 2802 2152 2844; x_wconf 78' lang='lat' dir='ltr'><strong>vare</strong></span> <span class='ocrx_word' id='word_1_516' title='bbox 2182 2789 2481 2859; x_wconf 85' lang='lat' dir='ltr'><strong>potentiam</strong></span> <span class='ocrx_word' id='word_1_517' title='bbox 2508 2788 2694 2845; x_wconf 86' lang='lat' dir='ltr'><strong>studio</strong></span> <span class='ocrx_word' id='word_1_518' title='bbox 2719 2789 2842 2852; x_wconf 84' lang='lat' dir='ltr'><strong>ftiit,</strong></span> <span class='ocrx_word' id='word_1_519' title='bbox 2862 2800 2920 2844; x_wconf 90' lang='lat' dir='ltr'><strong>ut</strong></span> <span class='ocrx_word' id='word_1_520' title='bbox 2946 2789 3067 2859; x_wconf 89' lang='lat' dir='ltr'><strong>ipse</strong></span> <span class='ocrx_word' id='word_1_521' title='bbox 3083 2802 3304 2858; x_wconf 87' lang='lat' dir='ltr'><strong>quoque</strong></span> <span class='ocrx_word' id='word_1_522' title='bbox 3322 2784 3451 2852; x_wconf 78' lang='lat' dir='ltr'><strong>scis,</strong></span> <span class='ocrx_word' id='word_1_523' title='bbox 3474 2801 3603 2839; x_wconf 92' lang='lat' dir='ltr'><strong>cum</strong></span> 
     </span>
    </p>
   </div>
   <div class='ocr_carea' id='block_1_73' title="bbox 2018 2880 3591 2952">
    <p class='ocr_par' dir='ltr' id='par_1_73' title="bbox 2018 2880 3591 2952">
     <span class='ocr_line' id='line_1_73' title="bbox 2018 2880 3591 2952; baseline -0.004 -14"><span class='ocrx_word' id='word_1_524' title='bbox 2018 2891 2167 2938; x_wconf 84' lang='lat' dir='ltr'><strong>tanta</strong></span> <span class='ocrx_word' id='word_1_525' title='bbox 2195 2881 2261 2935; x_wconf 89' lang='lat' dir='ltr'><strong>ad</strong></span> <span class='ocrx_word' id='word_1_526' title='bbox 2286 2880 2567 2936; x_wconf 85' lang='lat' dir='ltr'><strong>civitatem</strong></span> <span class='ocrx_word' id='word_1_527' title='bbox 2596 2881 2790 2937; x_wconf 88' lang='lat' dir='ltr'><strong>venire</strong></span> <span class='ocrx_word' id='word_1_528' title='bbox 2829 2896 3029 2952; x_wconf 87' lang='lat' dir='ltr'><strong>pompa</strong></span> <span class='ocrx_word' id='word_1_529' title='bbox 3074 2888 3131 2936; x_wconf 87' lang='lat' dir='ltr'><strong>et</strong></span> <span class='ocrx_word' id='word_1_530' title='bbox 3181 2888 3474 2950; x_wconf 88' lang='lat' dir='ltr'><strong>apparatu,</strong></span> <span class='ocrx_word' id='word_1_531' title='bbox 3531 2887 3591 2931; x_wconf 84' lang='lat' dir='ltr'><strong>et</strong></span> 
     </span>
    </p>
   </div>
   <div class='ocr_carea' id='block_1_74' title="bbox 2015 2971 3601 3043">
    <p class='ocr_par' dir='ltr' id='par_1_74' title="bbox 2015 2971 3601 3043">
     <span class='ocr_line' id='line_1_74' title="bbox 2015 2971 3601 3043; baseline -0.003 -15"><span class='ocrx_word' id='word_1_532' title='bbox 2015 2973 2196 3028; x_wconf 86' lang='lat' dir='ltr'><strong>virum</strong></span> <span class='ocrx_word' id='word_1_533' title='bbox 2223 2972 2446 3043; x_wconf 87' lang='lat' dir='ltr'><strong>quidem</strong></span> <span class='ocrx_word' id='word_1_534' title='bbox 2478 2972 2678 3043; x_wconf 86' lang='lat' dir='ltr'><strong>partim</strong></span> <span class='ocrx_word' id='word_1_535' title='bbox 2706 2973 3019 3037; x_wconf 85' lang='lat' dir='ltr'><strong>blanditiis,</strong></span> <span class='ocrx_word' id='word_1_536' title='bbox 3048 2971 3249 3043; x_wconf 86' lang='lat' dir='ltr'><strong>partim</strong></span> <span class='ocrx_word' id='word_1_537' title='bbox 3282 2986 3417 3026; x_wconf 87' lang='lat' dir='ltr'><strong>vero</strong></span> <span class='ocrx_word' id='word_1_538' title='bbox 3447 2979 3601 3025; x_wconf 89' lang='lat' dir='ltr'><strong>metu</strong></span> 
     </span>
    </p>
   </div>
   <div class='ocr_carea' id='block_1_75' title="bbox 2017 3061 3602 3136">
    <p class='ocr_par' dir='ltr' id='par_1_75' title="bbox 2017 3061 3602 3136">
     <span class='ocr_line' id='line_1_75' title="bbox 2017 3061 3602 3136; baseline -0.002 -17"><span class='ocrx_word' id='word_1_539' title='bbox 2017 3065 2084 3119; x_wconf 88' lang='lat' dir='ltr'><strong>ad</strong></span> <span class='ocrx_word' id='word_1_540' title='bbox 2122 3065 2265 3120; x_wconf 89' lang='lat' dir='ltr'><strong>banc</strong></span> <span class='ocrx_word' id='word_1_541' title='bbox 2292 3079 2416 3136; x_wconf 76' lang='lat' dir='ltr'><strong>qua:</strong></span> <span class='ocrx_word' id='word_1_542' title='bbox 2455 3063 2699 3135; x_wconf 75' lang='lat' dir='ltr'><strong>vigebat,</strong></span> <span class='ocrx_word' id='word_1_543' title='bbox 2748 3065 2983 3133; x_wconf 87' lang='lat' dir='ltr'><strong>patriam</strong></span> <span class='ocrx_word' id='word_1_544' title='bbox 3019 3062 3292 3118; x_wconf 84' lang='lat' dir='ltr'><strong>reducere</strong></span> <span class='ocrx_word' id='word_1_545' title='bbox 3340 3061 3602 3131; x_wconf 84' lang='lat' dir='ltr'><strong>impieta-</strong></span> 
     </span>
    </p>
   </div>
   <div class='ocr_carea' id='block_1_76' title="bbox 2020 3153 3601 3227">
    <p class='ocr_par' dir='ltr' id='par_1_76' title="bbox 2020 3153 3601 3227">
     <span class='ocr_line' id='line_1_76' title="bbox 2020 3153 3601 3227; baseline -0.001 -19"><span class='ocrx_word' id='word_1_546' title='bbox 2020 3165 2148 3221; x_wconf 89' lang='lat' dir='ltr'><strong>tem,</strong></span> <span class='ocrx_word' id='word_1_547' title='bbox 2179 3163 2240 3210; x_wconf 89' lang='lat' dir='ltr'><strong>ut</strong></span> <span class='ocrx_word' id='word_1_548' title='bbox 2268 3165 2322 3211; x_wconf 91' lang='lat' dir='ltr'><strong>te</strong></span> <span class='ocrx_word' id='word_1_549' title='bbox 2350 3171 2421 3211; x_wconf 88' lang='lat' dir='ltr'><strong>ne</strong></span> <span class='ocrx_word' id='word_1_550' title='bbox 2448 3170 2576 3211; x_wconf 92' lang='lat' dir='ltr'><strong>cum</strong></span> <span class='ocrx_word' id='word_1_551' title='bbox 2606 3156 2816 3227; x_wconf 86' lang='lat' dir='ltr'><strong>majore</strong></span> <span class='ocrx_word' id='word_1_552' title='bbox 2839 3155 3067 3226; x_wconf 82' lang='lat' dir='ltr'><strong>quidem</strong></span> <span class='ocrx_word' id='word_1_553' title='bbox 3099 3153 3335 3209; x_wconf 78' lang='lat' dir='ltr'><strong>dixerim</strong></span> <span class='ocrx_word' id='word_1_554' title='bbox 3372 3154 3441 3208; x_wconf 89' lang='lat' dir='ltr'><strong>ad</strong></span> <span class='ocrx_word' id='word_1_555' title='bbox 3498 3168 3601 3207; x_wconf 83' lang='lat' dir='ltr'><strong>nos</strong></span> 
     </span>
    </p>
   </div>
   <div class='ocr_carea' id='block_1_77' title="bbox 2016 3244 3604 3320">
    <p class='ocr_par' dir='ltr' id='par_1_77' title="bbox 2016 3244 3604 3320">
     <span class='ocr_line' id='line_1_77' title="bbox 2016 3244 3604 3320; baseline -0.003 -18"><span class='ocrx_word' id='word_1_556' title='bbox 2016 3248 2339 3313; x_wconf 84' lang='lat' dir='ltr'><strong>accessisse,</strong></span> <span class='ocrx_word' id='word_1_557' title='bbox 2387 3255 2563 3304; x_wconf 81' lang='lat' dir='ltr'><strong>etne</strong></span> <span class='ocrx_word' id='word_1_558' title='bbox 2607 3258 2666 3304; x_wconf 91' lang='lat' dir='ltr'><strong>tu</strong></span> <span class='ocrx_word' id='word_1_559' title='bbox 2716 3249 2967 3320; x_wconf 87' lang='lat' dir='ltr'><strong>quidem,</strong></span> <span class='ocrx_word' id='word_1_560' title='bbox 2997 3248 3043 3303; x_wconf 89' lang='lat' dir='ltr'><strong>si</strong></span> <span class='ocrx_word' id='word_1_561' title='bbox 3077 3247 3352 3312; x_wconf 79' lang='lat' dir='ltr'><strong>ail‘uisses,</strong></span> <span class='ocrx_word' id='word_1_562' title='bbox 3406 3244 3604 3314; x_wconf 82' lang='lat' dir='ltr'><strong>despe-</strong></span> 
     </span>
    </p>
   </div>
   <div class='ocr_carea' id='block_1_78' title="bbox 2014 3338 3604 3410">
    <p class='ocr_par' dir='ltr' id='par_1_78' title="bbox 2014 3338 3604 3410">
     <span class='ocr_line' id='line_1_78' title="bbox 2014 3338 3604 3410; baseline -0.001 -16"><span class='ocrx_word' id='word_1_563' title='bbox 2014 3356 2197 3396; x_wconf 76' lang='lat' dir='ltr'><strong>rasses</strong></span> <span class='ocrx_word' id='word_1_564' title='bbox 2252 3341 2435 3395; x_wconf 92' lang='lat' dir='ltr'><strong>virum</strong></span> <span class='ocrx_word' id='word_1_565' title='bbox 2485 3356 2647 3410; x_wconf 85' lang='lat' dir='ltr'><strong>posse</strong></span> <span class='ocrx_word' id='word_1_566' title='bbox 2711 3341 2958 3396; x_wconf 88' lang='lat' dir='ltr'><strong>vincere.</strong></span> <span class='ocrx_word' id='word_1_567' title='bbox 3009 3340 3144 3395; x_wconf 75' lang='lat' dir='ltr'><strong>Mihi</strong></span> <span class='ocrx_word' id='word_1_568' title='bbox 3198 3347 3385 3395; x_wconf 84' lang='lat' dir='ltr'><strong>autem</strong></span> <span class='ocrx_word' id='word_1_569' title='bbox 3460 3338 3604 3394; x_wconf 79' lang='lat' dir='ltr'><strong>feret</strong></span> 
     </span>
    </p>
   </div>
   <div class='ocr_carea' id='block_1_79' title="bbox 2016 3434 3602 3506">
    <p class='ocr_par' dir='ltr' id='par_1_79' title="bbox 2016 3434 3602 3506">
     <span class='ocr_line' id='line_1_79' title="bbox 2016 3434 3602 3506; baseline -0.001 -20"><span class='ocrx_word' id='word_1_570' title='bbox 2016 3434 2397 3489; x_wconf 87' lang='lat' dir='ltr'><strong>testimonium</strong></span> <span class='ocrx_word' id='word_1_571' title='bbox 2442 3435 2739 3491; x_wconf 84' lang='lat' dir='ltr'><strong>universus</strong></span> <span class='ocrx_word' id='word_1_572' title='bbox 2785 3434 2879 3491; x_wconf 87' lang='lat' dir='ltr'><strong>hic</strong></span> <span class='ocrx_word' id='word_1_573' title='bbox 2929 3434 3190 3506; x_wconf 87' lang='lat' dir='ltr'><strong>populus,</strong></span> <span class='ocrx_word' id='word_1_574' title='bbox 3230 3446 3396 3504; x_wconf 86' lang='lat' dir='ltr'><strong>quam</strong></span> <span class='ocrx_word' id='word_1_575' title='bbox 3444 3444 3602 3485; x_wconf 86' lang='lat' dir='ltr'><strong>eram</strong></span> 
     </span>
    </p>
   </div>
   <div class='ocr_carea' id='block_1_80' title="bbox 2013 3523 3595 3593">
    <p class='ocr_par' dir='ltr' id='par_1_80' title="bbox 2013 3523 3595 3593">
     <span class='ocr_line' id='line_1_80' title="bbox 2013 3523 3595 3593; baseline -0.002 -13"><span class='ocrx_word' id='word_1_576' title='bbox 2013 3527 2083 3581; x_wconf 89' lang='lat' dir='ltr'><strong>ab</strong></span> <span class='ocrx_word' id='word_1_577' title='bbox 2118 3526 2279 3581; x_wconf 90' lang='lat' dir='ltr'><strong>initio</strong></span> <span class='ocrx_word' id='word_1_578' title='bbox 2304 3523 2510 3593; x_wconf 82' lang='lat' dir='ltr'><strong>varius,</strong></span> <span class='ocrx_word' id='word_1_579' title='bbox 2558 3527 2872 3592; x_wconf 86' lang='lat' dir='ltr'><strong>blandiens,</strong></span> <span class='ocrx_word' id='word_1_580' title='bbox 2925 3529 3167 3591; x_wconf 90' lang='lat' dir='ltr'><strong>minans,</strong></span> <span class='ocrx_word' id='word_1_581' title='bbox 3222 3536 3441 3582; x_wconf 87' lang='lat' dir='ltr'><strong>terrens</strong></span> <span class='ocrx_word' id='word_1_582' title='bbox 3472 3562 3488 3587; x_wconf 92' lang='lat'><strong>,</strong></span> <span class='ocrx_word' id='word_1_583' title='bbox 3534 3524 3595 3577; x_wconf 77' lang='lat' dir='ltr'><strong>in</strong></span> 
     </span>
    </p>
   </div>
   <div class='ocr_carea' id='block_1_81' title="bbox 2012 3616 3599 3689">
    <p class='ocr_par' dir='ltr' id='par_1_81' title="bbox 2012 3616 3599 3689">
     <span class='ocr_line' id='line_1_81' title="bbox 2012 3616 3599 3689; baseline -0.001 -18"><span class='ocrx_word' id='word_1_584' title='bbox 2012 3631 2208 3672; x_wconf 86' lang='lat' dir='ltr'><strong>omnes</strong></span> <span class='ocrx_word' id='word_1_585' title='bbox 2232 3617 2472 3689; x_wconf 89' lang='lat' dir='ltr'><strong>denique</strong></span> <span class='ocrx_word' id='word_1_586' title='bbox 2501 3619 2717 3688; x_wconf 89' lang='lat' dir='ltr'><strong>species</strong></span> <span class='ocrx_word' id='word_1_587' title='bbox 2749 3634 2837 3675; x_wconf 90' lang='lat' dir='ltr'><strong>me</strong></span> <span class='ocrx_word' id='word_1_588' title='bbox 2869 3619 3289 3682; x_wconf 76' lang='lat' dir='ltr'><strong>transierimus,</strong></span> <span class='ocrx_word' id='word_1_589' title='bbox 3322 3626 3383 3672; x_wconf 92' lang='lat' dir='ltr'><strong>ut</strong></span> <span class='ocrx_word' id='word_1_590' title='bbox 3416 3616 3599 3672; x_wconf 82' lang='lat' dir='ltr'><strong>virum</strong></span> 
     </span>
    </p>
   </div>
   <div class='ocr_carea' id='block_1_82' title="bbox 2013 3706 3599 3779">
    <p class='ocr_par' dir='ltr' id='par_1_82' title="bbox 2013 3706 3599 3779">
     <span class='ocr_line' id='line_1_82' title="bbox 2013 3706 3599 3779; baseline 0 -19"><span class='ocrx_word' id='word_1_591' title='bbox 2013 3706 2349 3763; x_wconf 85' lang='lat' dir='ltr'><strong>abducerem</strong></span> <span class='ocrx_word' id='word_1_592' title='bbox 2377 3723 2408 3761; x_wconf 88' lang='lat' dir='ltr'><strong>a</strong></span> <span class='ocrx_word' id='word_1_593' title='bbox 2440 3707 2662 3777; x_wconf 83' lang='lat' dir='ltr'><strong>pietate.</strong></span> <span class='ocrx_word' id='word_1_594' title='bbox 2688 3709 2804 3779; x_wconf 84' lang='lat' dir='ltr'><strong>Ego</strong></span> <span class='ocrx_word' id='word_1_595' title='bbox 2841 3709 2990 3764; x_wconf 90' lang='lat' dir='ltr'><strong>enim</strong></span> <span class='ocrx_word' id='word_1_596' title='bbox 3016 3709 3223 3764; x_wconf 89' lang='lat' dir='ltr'><strong>stultus</strong></span> <span class='ocrx_word' id='word_1_597' title='bbox 3252 3707 3599 3779; x_wconf 77' lang='lat' dir='ltr'><strong>ignorabam,</strong></span> 
     </span>
    </p>
   </div>
   <div class='ocr_carea' id='block_1_83' title="bbox 2013 3800 3597 3871">
    <p class='ocr_par' dir='ltr' id='par_1_83' title="bbox 2013 3800 3597 3871">
     <span class='ocr_line' id='line_1_83' title="bbox 2013 3800 3597 3871; baseline -0.003 -16"><span class='ocrx_word' id='word_1_598' title='bbox 2013 3800 2071 3855; x_wconf 92' lang='lat' dir='ltr'><strong>iu</strong></span> <span class='ocrx_word' id='word_1_599' title='bbox 2102 3803 2320 3870; x_wconf 90' lang='lat' dir='ltr'><strong>qualem</strong></span> <span class='ocrx_word' id='word_1_600' title='bbox 2351 3803 2535 3856; x_wconf 87' lang='lat' dir='ltr'><strong>virum</strong></span> <span class='ocrx_word' id='word_1_601' title='bbox 2567 3802 2909 3868; x_wconf 87' lang='lat' dir='ltr'><strong>incidissem,</strong></span> <span class='ocrx_word' id='word_1_602' title='bbox 2940 3818 3106 3871; x_wconf 87' lang='lat' dir='ltr'><strong>quam</strong></span> <span class='ocrx_word' id='word_1_603' title='bbox 3161 3801 3486 3857; x_wconf 87' lang='lat' dir='ltr'><strong>interritum</strong></span> <span class='ocrx_word' id='word_1_604' title='bbox 3536 3805 3597 3852; x_wconf 91' lang='lat' dir='ltr'><strong>et</strong></span> 
     </span>
    </p>
   </div>
   <div class='ocr_carea' id='block_1_84' title="bbox 2013 3892 3599 3964">
    <p class='ocr_par' dir='ltr' id='par_1_84' title="bbox 2013 3892 3599 3964">
     <span class='ocr_line' id='line_1_84' title="bbox 2013 3892 3599 3964; baseline 0 -18"><span class='ocrx_word' id='word_1_605' title='bbox 2013 3893 2309 3959; x_wconf 87' lang='lat' dir='ltr'><strong>valentem,</strong></span> <span class='ocrx_word' id='word_1_606' title='bbox 2343 3903 2400 3948; x_wconf 89' lang='lat' dir='ltr'><strong>et</strong></span> <span class='ocrx_word' id='word_1_607' title='bbox 2425 3892 2521 3963; x_wconf 89' lang='lat' dir='ltr'><strong>qui</strong></span> <span class='ocrx_word' id='word_1_608' title='bbox 2547 3893 2780 3947; x_wconf 88' lang='lat' dir='ltr'><strong>liberam</strong></span> <span class='ocrx_word' id='word_1_609' title='bbox 2806 3893 3033 3964; x_wconf 87' lang='lat' dir='ltr'><strong>quidem</strong></span> <span class='ocrx_word' id='word_1_610' title='bbox 3072 3894 3315 3948; x_wconf 82' lang='lat' dir='ltr'><strong>habebat</strong></span> <span class='ocrx_word' id='word_1_611' title='bbox 3355 3893 3599 3963; x_wconf 76' lang='lat' dir='ltr'><strong>linguam</strong></span> 
     </span>
    </p>
   </div>
   <div class='ocr_carea' id='block_1_85' title="bbox 2009 3984 3599 4054">
    <p class='ocr_par' dir='ltr' id='par_1_85' title="bbox 2009 3984 3599 4054">
     <span class='ocr_line' id='line_1_85' title="bbox 2009 3984 3599 4054; baseline -0.001 -14"><span class='ocrx_word' id='word_1_612' title='bbox 2009 3985 2080 4040; x_wconf 90' lang='lat' dir='ltr'><strong>ad</strong></span> <span class='ocrx_word' id='word_1_613' title='bbox 2122 4000 2409 4054; x_wconf 88' lang='lat' dir='ltr'><strong>responsa,</strong></span> <span class='ocrx_word' id='word_1_614' title='bbox 2469 3986 2717 4039; x_wconf 89' lang='lat' dir='ltr'><strong>animum</strong></span> <span class='ocrx_word' id='word_1_615' title='bbox 2746 4001 2880 4040; x_wconf 90' lang='lat' dir='ltr'><strong>vero</strong></span> <span class='ocrx_word' id='word_1_616' title='bbox 2935 3985 3003 4039; x_wconf 89' lang='lat' dir='ltr'><strong>ad</strong></span> <span class='ocrx_word' id='word_1_617' title='bbox 3038 3985 3268 4040; x_wconf 80' lang='lat' dir='ltr'><strong>ferenda</strong></span> <span class='ocrx_word' id='word_1_618' title='bbox 3329 3984 3599 4040; x_wconf 80' lang='lat' dir='ltr'><strong>intentata</strong></span> 
     </span>
    </p>
   </div>
   <div class='ocr_carea' id='block_1_86' title="bbox 2011 4074 3596 4145">
    <p class='ocr_par' dir='ltr' id='par_1_86' title="bbox 2011 4074 3596 4145">
     <span class='ocr_line' id='line_1_86' title="bbox 2011 4074 3596 4145; baseline -0.002 -15"><span class='ocrx_word' id='word_1_619' title='bbox 2011 4075 2303 4145; x_wconf 88' lang='lat' dir='ltr'><strong>supplicia,</strong></span> <span class='ocrx_word' id='word_1_620' title='bbox 2338 4086 2396 4130; x_wconf 88' lang='lat' dir='ltr'><strong>et</strong></span> <span class='ocrx_word' id='word_1_621' title='bbox 2427 4076 2617 4129; x_wconf 87' lang='lat' dir='ltr'><strong>omnia</strong></span> <span class='ocrx_word' id='word_1_622' title='bbox 2647 4074 2889 4144; x_wconf 87' lang='lat' dir='ltr'><strong>denique</strong></span> <span class='ocrx_word' id='word_1_623' title='bbox 2921 4074 3284 4145; x_wconf 89' lang='lat' dir='ltr'><strong>perpetienda</strong></span> <span class='ocrx_word' id='word_1_624' title='bbox 3316 4081 3596 4145; x_wconf 88' lang='lat' dir='ltr'><strong>paratum,</strong></span> 
     </span>
    </p>
   </div>
   <div class='ocr_carea' id='block_1_87' title="bbox 2013 4152 3599 4238">
    <p class='ocr_par' dir='ltr' id='par_1_87' title="bbox 2013 4152 3599 4238">
     <span class='ocr_line' id='line_1_87' title="bbox 2013 4152 3599 4238; baseline 0 -17"><span class='ocrx_word' id='word_1_625' title='bbox 2013 4167 2200 4238; x_wconf 81' lang='lat' dir='ltr'><strong>potius</strong></span> <span class='ocrx_word' id='word_1_626' title='bbox 2232 4182 2397 4237; x_wconf 84' lang='lat' dir='ltr'><strong>quam</strong></span> <span class='ocrx_word' id='word_1_627' title='bbox 2426 4167 2493 4221; x_wconf 90' lang='lat' dir='ltr'><strong>ad</strong></span> <span class='ocrx_word' id='word_1_628' title='bbox 2541 4152 2825 4223; x_wconf 81' lang='lat' dir='ltr'><strong>Christum</strong></span> <span class='ocrx_word' id='word_1_629' title='bbox 2885 4165 3296 4236; x_wconf 80' lang='lat' dir='ltr'><strong>abnegandum.</strong></span> <span class='ocrx_word' id='word_1_630' title='bbox 3359 4165 3469 4222; x_wconf 83' lang='lat' dir='ltr'><strong>Sed</strong></span> <span class='ocrx_word' id='word_1_631' title='bbox 3535 4174 3599 4221; x_wconf 78' lang='lat' dir='ltr'><strong>ut</strong></span> 
     </span>
    </p>
   </div>
   <div class='ocr_carea' id='block_1_88' title="bbox 2014 4258 3601 4322">
    <p class='ocr_par' dir='ltr' id='par_1_88' title="bbox 2014 4258 3601 4322">
     <span class='ocr_line' id='line_1_88' title="bbox 2014 4258 3601 4322; baseline 0.001 -9"><span class='ocrx_word' id='word_1_632' title='bbox 2014 4259 2119 4313; x_wconf 85' lang='lat' dir='ltr'><strong>alia</strong></span> <span class='ocrx_word' id='word_1_633' title='bbox 2148 4260 2423 4322; x_wconf 86' lang='lat' dir='ltr'><strong>omittam,</strong></span> <span class='ocrx_word' id='word_1_634' title='bbox 2463 4273 2591 4314; x_wconf 87' lang='lat' dir='ltr'><strong>eum</strong></span> <span class='ocrx_word' id='word_1_635' title='bbox 2646 4258 2909 4315; x_wconf 78' lang='lat' dir='ltr'><strong>vidissem</strong></span> <span class='ocrx_word' id='word_1_636' title='bbox 2962 4274 3091 4315; x_wconf 87' lang='lat' dir='ltr'><strong>eum</strong></span> <span class='ocrx_word' id='word_1_637' title='bbox 3148 4274 3409 4315; x_wconf 84' lang='lat' dir='ltr'><strong>recusare</strong></span> <span class='ocrx_word' id='word_1_638' title='bbox 3460 4259 3601 4314; x_wconf 85' lang='lat' dir='ltr'><strong>deos</strong></span> 
     </span>
    </p>
   </div>
   <div class='ocr_carea' id='block_1_89' title="bbox 2011 4351 3599 4422">
    <p class='ocr_par' dir='ltr' id='par_1_89' title="bbox 2011 4351 3599 4422">
     <span class='ocr_line' id='line_1_89' title="bbox 2011 4351 3599 4422; baseline 0.001 -16"><span class='ocrx_word' id='word_1_639' title='bbox 2011 4351 2214 4412; x_wconf 87' lang='lat' dir='ltr'><strong>colere,</strong></span> <span class='ocrx_word' id='word_1_640' title='bbox 2242 4358 2299 4406; x_wconf 90' lang='lat' dir='ltr'><strong>et</strong></span> <span class='ocrx_word' id='word_1_641' title='bbox 2325 4366 2506 4421; x_wconf 85' lang='lat' dir='ltr'><strong>neque</strong></span> <span class='ocrx_word' id='word_1_642' title='bbox 2539 4360 2871 4422; x_wconf 76' lang='lat' dir='ltr'><strong>potestatem</strong></span> <span class='ocrx_word' id='word_1_643' title='bbox 2904 4366 3126 4418; x_wconf 87' lang='lat' dir='ltr'><strong>curare,</strong></span> <span class='ocrx_word' id='word_1_644' title='bbox 3159 4367 3343 4422; x_wconf 88' lang='lat' dir='ltr'><strong>neque</strong></span> <span class='ocrx_word' id='word_1_645' title='bbox 3378 4353 3599 4422; x_wconf 77' lang='lat' dir='ltr'><strong>suppli-</strong></span> 
     </span>
    </p>
   </div>
   <div class='ocr_carea' id='block_1_90' title="bbox 2012 4444 3595 4501">
    <p class='ocr_par' dir='ltr' id='par_1_90' title="bbox 2012 4444 3595 4501">
     <span class='ocr_line' id='line_1_90' title="bbox 2012 4444 3595 4501; baseline -0.001 0"><span class='ocrx_word' id='word_1_646' title='bbox 2012 4445 2226 4501; x_wconf 90' lang='lat' dir='ltr'><strong>ciorum</strong></span> <span class='ocrx_word' id='word_1_647' title='bbox 2260 4454 2358 4499; x_wconf 91' lang='lat' dir='ltr'><strong>aut</strong></span> <span class='ocrx_word' id='word_1_648' title='bbox 2395 4454 2801 4501; x_wconf 85' lang='lat' dir='ltr'><strong>tormentorum</strong></span> <span class='ocrx_word' id='word_1_649' title='bbox 2834 4444 3004 4499; x_wconf 87' lang='lat' dir='ltr'><strong>ullam</strong></span> <span class='ocrx_word' id='word_1_650' title='bbox 3039 4444 3244 4500; x_wconf 91' lang='lat' dir='ltr'><strong>ducere</strong></span> <span class='ocrx_word' id='word_1_651' title='bbox 3276 4444 3549 4500; x_wconf 79' lang='lat' dir='ltr'><strong>rationem</strong></span> <span class='ocrx_word' id='word_1_652' title='bbox 3578 4463 3595 4500; x_wconf 91' lang='lat'><strong>:</strong></span> 
     </span>
    </p>
   </div>
   <div class='ocr_carea' id='block_1_91' title="bbox 326 4536 1912 4613">
    <p class='ocr_par' dir='ltr' id='par_1_91' title="bbox 326 4536 1909 4608">
     <span class='ocr_line' id='line_1_91' title="bbox 326 4536 1909 4608; baseline 0.005 -23"><span class='ocrx_word' id='word_1_653' title='bbox 326 4536 711 4605; x_wconf 79' lang='grc' dir='ltr'><strong>προκειμένων</strong></span> <span class='ocrx_word' id='word_1_654' title='bbox 749 4537 998 4607; x_wconf 82' lang='grc' dir='ltr'><strong>ὁργάνων</strong></span> <span class='ocrx_word' id='word_1_655' title='bbox 1039 4538 1199 4606; x_wconf 77' lang='grc' dir='ltr'><strong>λόγον</strong></span> <span class='ocrx_word' id='word_1_656' title='bbox 1232 4539 1589 4608; x_wconf 79' lang='grc' dir='ltr'><strong>ποιούμενον,</strong></span> <span class='ocrx_word' id='word_1_657' title='bbox 1617 4539 1734 4593; x_wconf 83' lang='grc' dir='ltr'><strong>ἀλλ’</strong></span> <span class='ocrx_word' id='word_1_658' title='bbox 1764 4538 1909 4593; x_wconf 79' lang='grc' dir='ltr'><strong>οὕτω</strong></span> 
     </span>
    </p>
   </div>
   <div class='ocr_carea' id='block_1_92' title="bbox 2014 4536 3595 4613">
    <p class='ocr_par' dir='ltr' id='par_1_92' title="bbox 2015 4538 3595 4611">
     <span class='ocr_line' id='line_1_92' title="bbox 2015 4538 3595 4611; baseline -0.002 -15"><span class='ocrx_word' id='word_1_659' title='bbox 2015 4541 2110 4596; x_wconf 85' lang='lat' dir='ltr'><strong>sed</strong></span> <span class='ocrx_word' id='word_1_660' title='bbox 2150 4548 2258 4595; x_wconf 90' lang='lat' dir='ltr'><strong>tam</strong></span> <span class='ocrx_word' id='word_1_661' title='bbox 2308 4541 2675 4611; x_wconf 84' lang='lat' dir='ltr'><strong>probabiliter</strong></span> <span class='ocrx_word' id='word_1_662' title='bbox 2717 4539 2967 4611; x_wconf 88' lang='lat' dir='ltr'><strong>quidem,</strong></span> <span class='ocrx_word' id='word_1_663' title='bbox 3033 4550 3091 4596; x_wconf 91' lang='lat' dir='ltr'><strong>et</strong></span> <span class='ocrx_word' id='word_1_664' title='bbox 3137 4538 3595 4609; x_wconf 45' lang='lat' dir='ltr'><strong>ad‘perauaden-</strong></span> 
     </span>
    </p>
   </div>
   <div class='ocr_carea' id='block_1_93' title="bbox 329 4625 1909 4702">
    <p class='ocr_par' dir='ltr' id='par_1_93' title="bbox 329 4625 1909 4702">
     <span class='ocr_line' id='line_1_93' title="bbox 329 4625 1909 4702; baseline 0.006 -25"><span class='ocrx_word' id='word_1_665' title='bbox 329 4625 428 4696; x_wconf 78' lang='grc' dir='ltr'><strong>μὲν</strong></span> <span class='ocrx_word' id='word_1_666' title='bbox 448 4628 697 4690; x_wconf 77' lang='grc' dir='ltr'><strong>πιθανῶς</strong></span> <span class='ocrx_word' id='word_1_667' title='bbox 734 4628 1108 4698; x_wconf 77' lang='grc' dir='ltr'><strong>ἀντιλέγοντα,</strong></span> <span class='ocrx_word' id='word_1_668' title='bbox 1136 4630 1213 4694; x_wconf 84' lang='grc' dir='ltr'><strong>ὡς</strong></span> <span class='ocrx_word' id='word_1_669' title='bbox 1245 4630 1515 4700; x_wconf 76' lang='grc' dir='ltr'><strong>ἡττᾶσθαι</strong></span> <span class='ocrx_word' id='word_1_670' title='bbox 1542 4632 1640 4700; x_wconf 81' lang='grc' dir='ltr'><strong>μὲν</strong></span> <span class='ocrx_word' id='word_1_671' title='bbox 1666 4632 1771 4702; x_wconf 69' lang='grc' dir='ltr'><strong>ἐμὲ</strong></span> <span class='ocrx_word' id='word_1_672' title='bbox 1809 4634 1909 4702; x_wconf 84' lang='grc' dir='ltr'><strong>τῆς</strong></span> 
     </span>
    </p>
   </div>
   <div class='ocr_carea' id='block_1_94' title="bbox 327 4719 1909 4792">
    <p class='ocr_par' dir='ltr' id='par_1_94' title="bbox 327 4719 1909 4792">
     <span class='ocr_line' id='line_1_94' title="bbox 327 4719 1909 4792; baseline 0.004 -22"><span class='ocrx_word' id='word_1_673' title='bbox 327 4720 494 4772; x_wconf 70' lang='grc' dir='ltr'><strong>αὐτοῦ</strong></span> <span class='ocrx_word' id='word_1_674' title='bbox 522 4719 790 4786; x_wconf 84' lang='grc' dir='ltr'><strong>διανοίας,</strong></span> <span class='ocrx_word' id='word_1_675' title='bbox 818 4722 1145 4792; x_wconf 72' lang='grc' dir='ltr'><strong>ἐλέγχεσθαι</strong></span> <span class='ocrx_word' id='word_1_676' title='bbox 1183 4723 1240 4777; x_wconf 72' lang='grc' dir='ltr'><strong>δὲ</strong></span> <span class='ocrx_word' id='word_1_677' title='bbox 1285 4723 1412 4788; x_wconf 77' lang='grc' dir='ltr'><strong>τοὺς</strong></span> <span class='ocrx_word' id='word_1_678' title='bbox 1474 4723 1631 4786; x_wconf 77' lang='grc' dir='ltr'><strong>θεοὺς</strong></span> <span class='ocrx_word' id='word_1_679' title='bbox 1676 4726 1770 4778; x_wconf 74' lang='grc' dir='ltr'><strong>κα).</strong></span> <span class='ocrx_word' id='word_1_680' title='bbox 1815 4723 1909 4777; x_wconf 79' lang='grc' dir='ltr'><strong>τὸν</strong></span> 
     </span>
    </p>
   </div>
   <div class='ocr_carea' id='block_1_95' title="bbox 324 4810 1909 4887">
    <p class='ocr_par' dir='ltr' id='par_1_95' title="bbox 324 4810 1909 4887">
     <span class='ocr_line' id='line_1_95' title="bbox 324 4810 1909 4887; baseline 0.003 -24"><span class='ocrx_word' id='word_1_681' title='bbox 324 4810 492 4879; x_wconf 74' lang='grc' dir='ltr'><strong>δῆμον</strong></span> <span class='ocrx_word' id='word_1_682' title='bbox 522 4811 745 4877; x_wconf 67' lang='grc' dir='ltr'><strong>ᾶπαντα</strong></span> <span class='ocrx_word' id='word_1_683' title='bbox 776 4811 1164 4884; x_wconf 84' lang='grc' dir='ltr'><strong>συναγορεύειν</strong></span> <span class='ocrx_word' id='word_1_684' title='bbox 1220 4815 1369 4886; x_wconf 80' lang='grc' dir='ltr'><strong>αὐτῷ</strong></span> <span class='ocrx_word' id='word_1_685' title='bbox 1405 4817 1500 4868; x_wconf 79' lang='grc' dir='ltr'><strong>καὶ</strong></span> <span class='ocrx_word' id='word_1_686' title='bbox 1530 4817 1597 4869; x_wconf 77' lang='grc' dir='ltr'><strong>τὰ</strong></span> <span class='ocrx_word' id='word_1_687' title='bbox 1632 4816 1725 4870; x_wconf 85' lang='grc' dir='ltr'><strong>ῐσα</strong></span> <span class='ocrx_word' id='word_1_688' title='bbox 1777 4815 1909 4887; x_wconf 80' lang='grc' dir='ltr'><strong>περὶ</strong></span> 
     </span>
    </p>
   </div>
   <div class='ocr_carea' id='block_1_96' title="bbox 327 4889 1908 4978">
    <p class='ocr_par' dir='ltr' id='par_1_96' title="bbox 327 4889 1908 4978">
     <span class='ocr_line' id='line_1_96' title="bbox 327 4889 1908 4978; baseline 0.006 -25"><span class='ocrx_word' id='word_1_689' title='bbox 327 4889 386 4953; x_wconf 66' lang='grc' dir='ltr'><strong>τὸ</strong></span> <span class='ocrx_word' id='word_1_690' title='bbox 419 4903 588 4967; x_wconf 77' lang='grc' dir='ltr'><strong>σέϐας</strong></span> <span class='ocrx_word' id='word_1_691' title='bbox 633 4906 871 4974; x_wconf 80' lang='grc' dir='ltr'><strong>φρονεῖν,</strong></span> <span class='ocrx_word' id='word_1_692' title='bbox 936 4906 1256 4978; x_wconf 73' lang='grc' dir='ltr'><strong>ἐσκεψάμην</strong></span> <span class='ocrx_word' id='word_1_693' title='bbox 1305 4908 1363 4961; x_wconf 81' lang='grc' dir='ltr'><strong>ὲν</strong></span> <span class='ocrx_word' id='word_1_694' title='bbox 1434 4906 1599 4978; x_wconf 69' lang='grc' dir='ltr'><strong>ὀλίγῳ</strong></span> <span class='ocrx_word' id='word_1_695' title='bbox 1649 4908 1908 4975; x_wconf 73' lang='grc' dir='ltr'><strong>τοιαύτας</strong></span> 
     </span>
    </p>
   </div>
   <div class='ocr_carea' id='block_1_97' title="bbox 327 4990 1905 5068">
    <p class='ocr_par' dir='ltr' id='par_1_97' title="bbox 327 4990 1905 5068">
     <span class='ocr_line' id='line_1_97' title="bbox 327 4990 1905 5068; baseline 0.005 -25"><span class='ocrx_word' id='word_1_696' title='bbox 327 4992 471 5063; x_wconf 71' lang='grc' dir='ltr'><strong>αὐτῷ</strong></span> <span class='ocrx_word' id='word_1_697' title='bbox 505 4992 781 5064; x_wconf 72' lang='grc' dir='ltr'><strong>βασάνους</strong></span> <span class='ocrx_word' id='word_1_698' title='bbox 829 4996 1181 5067; x_wconf 72' lang='grc' dir='ltr'><strong>ὲπενεγκεῖνς</strong></span> <span class='ocrx_word' id='word_1_699' title='bbox 1238 4990 1315 5062; x_wconf 83' lang='grc' dir='ltr'><strong>ὼς</strong></span> <span class='ocrx_word' id='word_1_700' title='bbox 1351 4995 1441 5060; x_wconf 81' lang='grc' dir='ltr'><strong>ἂν,</strong></span> <span class='ocrx_word' id='word_1_701' title='bbox 1479 4997 1655 5068; x_wconf 78' lang='grc' dir='ltr'><strong>εἰμὲν</strong></span> <span class='ocrx_word' id='word_1_702' title='bbox 1706 4994 1817 5062; x_wconf 75' lang='grc' dir='ltr'><strong>οἶός</strong></span> <span class='ocrx_word' id='word_1_703' title='bbox 1844 5014 1905 5051; x_wconf 84' lang='grc' dir='ltr'><strong>τε</strong></span> 
     </span>
    </p>
   </div>
   <div class='ocr_carea' id='block_1_98' title="bbox 325 5082 1905 5158">
    <p class='ocr_par' dir='ltr' id='par_1_98' title="bbox 325 5082 1905 5158">
     <span class='ocr_line' id='line_1_98' title="bbox 325 5082 1905 5158; baseline 0.008 -23"><span class='ocrx_word' id='word_1_704' title='bbox 325 5082 598 5153; x_wconf 80' lang='grc' dir='ltr'><strong>γένωμαι,</strong></span> <span class='ocrx_word' id='word_1_705' title='bbox 627 5084 811 5138; x_wconf 82' lang='grc' dir='ltr'><strong>τέλεον</strong></span> <span class='ocrx_word' id='word_1_706' title='bbox 842 5086 1063 5157; x_wconf 81' lang='grc' dir='ltr'><strong>ήττήσω</strong></span> <span class='ocrx_word' id='word_1_707' title='bbox 1092 5088 1184 5141; x_wconf 74' lang='grc' dir='ltr'><strong>τὸν</strong></span> <span class='ocrx_word' id='word_1_708' title='bbox 1219 5089 1390 5158; x_wconf 76' lang='grc' dir='ltr'><strong>ἄνδρα</strong></span> <span class='ocrx_word' id='word_1_709' title='bbox 1417 5093 1433 5120; x_wconf 83' lang='grc'><strong><em>⁸</em></strong></span> <span class='ocrx_word' id='word_1_710' title='bbox 1471 5090 1521 5143; x_wconf 85' lang='grc' dir='ltr'><strong>εί</strong></span> <span class='ocrx_word' id='word_1_711' title='bbox 1546 5090 1591 5143; x_wconf 77' lang='grc' dir='ltr'><strong>δ’</strong></span> <span class='ocrx_word' id='word_1_712' title='bbox 1624 5091 1740 5157; x_wconf 85' lang='grc' dir='ltr'><strong>οῦν,</strong></span> <span class='ocrx_word' id='word_1_713' title='bbox 1767 5092 1905 5147; x_wconf 80' lang='grc' dir='ltr'><strong>ἀλλὰ</strong></span> 
     </span>
    </p>
   </div>
   <div class='ocr_carea' id='block_1_99' title="bbox 322 5175 1907 5254">
    <p class='ocr_par' dir='ltr' id='par_1_99' title="bbox 322 5175 1907 5254">
     <span class='ocr_line' id='line_1_99' title="bbox 322 5175 1907 5254; baseline 0.006 -29"><span class='ocrx_word' id='word_1_714' title='bbox 322 5175 419 5245; x_wconf 75' lang='grc' dir='ltr'><strong>τῆς</strong></span> <span class='ocrx_word' id='word_1_715' title='bbox 446 5175 761 5248; x_wconf 84' lang='grc' dir='ltr'><strong>προθυμίας</strong></span> <span class='ocrx_word' id='word_1_716' title='bbox 793 5177 929 5240; x_wconf 74' lang='grc' dir='ltr'><strong>τέως</strong></span> <span class='ocrx_word' id='word_1_717' title='bbox 957 5179 1194 5249; x_wconf 79' lang='grc' dir='ltr'><strong>ὲπίσχω,</strong></span> <span class='ocrx_word' id='word_1_718' title='bbox 1232 5182 1325 5232; x_wconf 77' lang='grc' dir='ltr'><strong>καὶ</strong></span> <span class='ocrx_word' id='word_1_719' title='bbox 1360 5180 1681 5251; x_wconf 70' lang='grc' dir='ltr'><strong>συμποδίσω</strong></span> <span class='ocrx_word' id='word_1_720' title='bbox 1728 5184 1907 5254; x_wconf 69' lang='grc' dir='ltr'><strong>τούτῳ</strong></span> 
     </span>
    </p>
   </div>
   <div class='ocr_carea' id='block_1_100' title="bbox 322 5265 1907 5346">
    <p class='ocr_par' dir='ltr' id='par_1_100' title="bbox 322 5265 1907 5346">
     <span class='ocr_line' id='line_1_100' title="bbox 322 5265 1907 5346; baseline 0.005 -26"><span class='ocrx_word' id='word_1_721' title='bbox 322 5265 415 5320; x_wconf 75' lang='grc' dir='ltr'><strong>τοῦ</strong></span> <span class='ocrx_word' id='word_1_722' title='bbox 441 5267 601 5336; x_wconf 86' lang='grc' dir='ltr'><strong>λόγου</strong></span> <span class='ocrx_word' id='word_1_723' title='bbox 635 5268 733 5340; x_wconf 80' lang='grc' dir='ltr'><strong>τὴν</strong></span> <span class='ocrx_word' id='word_1_724' title='bbox 769 5268 1021 5341; x_wconf 85' lang='grc' dir='ltr'><strong>δύναμιν.</strong></span> <span class='ocrx_word' id='word_1_725' title='bbox 1057 5272 1277 5339; x_wconf 67' lang='grc' dir='ltr'><strong>Ἐὃδξεν</strong></span> <span class='ocrx_word' id='word_1_726' title='bbox 1307 5270 1403 5329; x_wconf 80' lang='grc' dir='ltr'><strong>οῦν</strong></span> <span class='ocrx_word' id='word_1_727' title='bbox 1446 5292 1536 5346; x_wconf 86' lang='grc' dir='ltr'><strong>μοι</strong></span> <span class='ocrx_word' id='word_1_728' title='bbox 1565 5274 1635 5329; x_wconf 86' lang='grc' dir='ltr'><strong>τά</strong></span> <span class='ocrx_word' id='word_1_729' title='bbox 1663 5292 1724 5327; x_wconf 88' lang='grc' dir='ltr'><strong>τε</strong></span> <span class='ocrx_word' id='word_1_730' title='bbox 1777 5276 1907 5328; x_wconf 63' lang='lat'><strong>1:3&quot;).-</strong></span> 
     </span>
    </p>
   </div>
   <div class='ocr_carea' id='block_1_101' title="bbox 326 5357 1906 5437">
    <p class='ocr_par' dir='ltr' id='par_1_101' title="bbox 326 5357 1906 5437">
     <span class='ocr_line' id='line_1_101' title="bbox 326 5357 1906 5437; baseline 0.005 -29"><span class='ocrx_word' id='word_1_731' title='bbox 326 5373 471 5425; x_wconf 86' lang='grc' dir='ltr'><strong>ματα</strong></span> <span class='ocrx_word' id='word_1_732' title='bbox 496 5357 605 5412; x_wconf 80' lang='grc' dir='ltr'><strong>τῶν</strong></span> <span class='ocrx_word' id='word_1_733' title='bbox 641 5357 821 5411; x_wconf 78' lang='grc' dir='ltr'><strong>ποδῶν</strong></span> <span class='ocrx_word' id='word_1_734' title='bbox 847 5358 1014 5413; x_wconf 80' lang='grc' dir='ltr'><strong>αὑτοῦ</strong></span> <span class='ocrx_word' id='word_1_735' title='bbox 1051 5362 1354 5432; x_wconf 84' lang='grc' dir='ltr'><strong>μαχαίραις</strong></span> <span class='ocrx_word' id='word_1_736' title='bbox 1376 5366 1679 5435; x_wconf 84' lang='grc' dir='ltr'><strong>ἀποτεμεῖν</strong></span> <span class='ocrx_word' id='word_1_737' title='bbox 1709 5366 1906 5437; x_wconf 77' lang='grc' dir='ltr'><strong>μέχρις</strong></span> 
     </span>
    </p>
   </div>
   <div class='ocr_carea' id='block_1_102' title="bbox 322 5448 1909 5528">
    <p class='ocr_par' dir='ltr' id='par_1_102' title="bbox 322 5448 1909 5528">
     <span class='ocr_line' id='line_1_102' title="bbox 322 5448 1909 5528; baseline 0.004 -25"><span class='ocrx_word' id='word_1_738' title='bbox 322 5448 528 5505; x_wconf 73' lang='grc' dir='ltr'><strong>ὀστέων</strong></span> <span class='ocrx_word' id='word_1_739' title='bbox 568 5449 773 5517; x_wconf 75' lang='grc' dir='ltr'><strong>αὐτῶν,</strong></span> <span class='ocrx_word' id='word_1_740' title='bbox 810 5451 1064 5521; x_wconf 77' lang='grc' dir='ltr'><strong>ἐκτεμεῖν</strong></span> <span class='ocrx_word' id='word_1_741' title='bbox 1095 5453 1151 5507; x_wconf 81' lang='grc' dir='ltr'><strong>δὲ</strong></span> <span class='ocrx_word' id='word_1_742' title='bbox 1183 5455 1277 5508; x_wconf 73' lang='grc' dir='ltr'><strong>καὶ</strong></span> <span class='ocrx_word' id='word_1_743' title='bbox 1328 5456 1428 5523; x_wconf 81' lang='grc' dir='ltr'><strong>τὴν</strong></span> <span class='ocrx_word' id='word_1_744' title='bbox 1481 5458 1686 5528; x_wconf 73' lang='grc' dir='ltr'><strong>ῥήτορα</strong></span> <span class='ocrx_word' id='word_1_745' title='bbox 1734 5458 1909 5526; x_wconf 81' lang='grc' dir='ltr'><strong>γλῶσ-</strong></span> 
     </span>
    </p>
   </div>
   <div class='ocr_carea' id='block_1_103' title="bbox 325 5537 1907 5619">
    <p class='ocr_par' dir='ltr' id='par_1_103' title="bbox 325 5537 1907 5619">
     <span class='ocr_line' id='line_1_103' title="bbox 325 5537 1907 5619; baseline 0.009 -31"><span class='ocrx_word' id='word_1_746' title='bbox 325 5555 423 5590; x_wconf 89' lang='grc' dir='ltr'><strong>σαν</strong></span> <span class='ocrx_word' id='word_1_747' title='bbox 461 5540 554 5610; x_wconf 72' lang='grc' dir='ltr'><strong>ὑφ’</strong></span> <span class='ocrx_word' id='word_1_748' title='bbox 604 5537 674 5614; x_wconf 77' lang='grc' dir='ltr'><strong>ἧς</strong></span> <span class='ocrx_word' id='word_1_749' title='bbox 699 5543 769 5597; x_wconf 71' lang='grc' dir='ltr'><strong>τὰ</strong></span> <span class='ocrx_word' id='word_1_750' title='bbox 824 5542 1006 5597; x_wconf 76' lang='grc' dir='ltr'><strong>πάντα</strong></span> <span class='ocrx_word' id='word_1_751' title='bbox 1062 5546 1497 5617; x_wconf 77' lang='grc' dir='ltr'><strong>κατηγωνίζετο,</strong></span> <span class='ocrx_word' id='word_1_752' title='bbox 1530 5549 1628 5602; x_wconf 77' lang='grc' dir='ltr'><strong>καὶ</strong></span> <span class='ocrx_word' id='word_1_753' title='bbox 1663 5550 1807 5619; x_wconf 75' lang='grc' dir='ltr'><strong>πρὸς</strong></span> <span class='ocrx_word' id='word_1_754' title='bbox 1825 5549 1907 5603; x_wconf 79' lang='grc' dir='ltr'><strong>ἔτι</strong></span> 
     </span>
    </p>
   </div>
   <div class='ocr_carea' id='block_1_104' title="bbox 322 5632 1909 5720">
    <p class='ocr_par' dir='ltr' id='par_1_104' title="bbox 322 5632 1909 5720">
     <span class='ocr_line' id='line_1_104' title="bbox 322 5632 1909 5720; baseline 0.008 -38"><span class='ocrx_word' id='word_1_755' title='bbox 322 5632 486 5687; x_wconf 74' lang='grc' dir='ltr'><strong>αὐτοῦ</strong></span> <span class='ocrx_word' id='word_1_756' title='bbox 516 5634 614 5688; x_wconf 75' lang='grc' dir='ltr'><strong>καὶ</strong></span> <span class='ocrx_word' id='word_1_757' title='bbox 642 5635 774 5700; x_wconf 78' lang='grc' dir='ltr'><strong>τοὺς</strong></span> <span class='ocrx_word' id='word_1_758' title='bbox 802 5635 1120 5709; x_wconf 74' lang='grc' dir='ltr'><strong>ὀφθαλμοὺς</strong></span> <span class='ocrx_word' id='word_1_759' title='bbox 1147 5638 1405 5711; x_wconf 67' lang='grc' dir='ltr'><strong>ἐκκόψαι,</strong></span> <span class='ocrx_word' id='word_1_760' title='bbox 1449 5639 1526 5705; x_wconf 82' lang='grc' dir='ltr'><strong>ὡς</strong></span> <span class='ocrx_word' id='word_1_761' title='bbox 1577 5641 1645 5696; x_wconf 83' lang='grc' dir='ltr'><strong>ἂν</strong></span> <span class='ocrx_word' id='word_1_762' title='bbox 1691 5658 1793 5697; x_wconf 85' lang='grc' dir='ltr'><strong>κατ</strong></span> <span class='ocrx_word' id='word_1_763' title='bbox 1809 5645 1909 5720; x_wconf 73' lang='grc' dir='ltr'><strong>αρ-</strong></span> 
     </span>
    </p>
   </div>
   <div class='ocr_carea' id='block_1_105' title="bbox 325 5723 1904 5811">
    <p class='ocr_par' dir='ltr' id='par_1_105' title="bbox 325 5723 1904 5811">
     <span class='ocr_line' id='line_1_105' title="bbox 325 5723 1904 5811; baseline 0.008 -35"><span class='ocrx_word' id='word_1_764' title='bbox 325 5723 654 5797; x_wconf 68' lang='grc' dir='ltr'><strong>ρᾳθυμήσας</strong></span> <span class='ocrx_word' id='word_1_765' title='bbox 688 5729 787 5800; x_wconf 82' lang='grc' dir='ltr'><strong>μὲν</strong></span> <span class='ocrx_word' id='word_1_766' title='bbox 815 5730 913 5784; x_wconf 77' lang='grc' dir='ltr'><strong>ἐπὶ</strong></span> <span class='ocrx_word' id='word_1_767' title='bbox 949 5730 1027 5802; x_wconf 85' lang='grc' dir='ltr'><strong>τῷ</strong></span> <span class='ocrx_word' id='word_1_768' title='bbox 1076 5732 1255 5804; x_wconf 78' lang='grc' dir='ltr'><strong>σκότῳ</strong></span> <span class='ocrx_word' id='word_1_769' title='bbox 1302 5733 1414 5787; x_wconf 82' lang='grc' dir='ltr'><strong>τῶν</strong></span> <span class='ocrx_word' id='word_1_770' title='bbox 1472 5733 1792 5809; x_wconf 64' lang='grc' dir='ltr'><strong>ὀφθαλμῶν,</strong></span> <span class='ocrx_word' id='word_1_771' title='bbox 1836 5730 1904 5811; x_wconf 78' lang='grc' dir='ltr'><strong>τῇ</strong></span> 
     </span>
    </p>
   </div>
   <div class='ocr_carea' id='block_1_106' title="bbox 320 5814 1906 5900">
    <p class='ocr_par' dir='ltr' id='par_1_106' title="bbox 320 5814 1906 5900">
     <span class='ocr_line' id='line_1_106' title="bbox 320 5814 1906 5900; baseline 0.013 -32"><span class='ocrx_word' id='word_1_772' title='bbox 320 5814 484 5891; x_wconf 72' lang='grc' dir='ltr'><strong>ὀδύνῃ</strong></span> <span class='ocrx_word' id='word_1_773' title='bbox 512 5820 569 5874; x_wconf 80' lang='grc' dir='ltr'><strong>δὲ</strong></span> <span class='ocrx_word' id='word_1_774' title='bbox 597 5820 707 5879; x_wconf 88' lang='grc' dir='ltr'><strong>τῶν</strong></span> <span class='ocrx_word' id='word_1_775' title='bbox 748 5822 927 5881; x_wconf 80' lang='grc' dir='ltr'><strong>ποδῶν</strong></span> <span class='ocrx_word' id='word_1_776' title='bbox 953 5822 1194 5891; x_wconf 72' lang='grc' dir='ltr'><strong>ὀκλάσας</strong></span> <span class='ocrx_word' id='word_1_777' title='bbox 1239 5825 1614 5900; x_wconf 63' lang='grc' dir='ltr'><strong>ὀινηρᾶτερος</strong></span> <span class='ocrx_word' id='word_1_778' title='bbox 1652 5829 1754 5895; x_wconf 82' lang='grc' dir='ltr'><strong>μὲν</strong></span> <span class='ocrx_word' id='word_1_779' title='bbox 1802 5847 1906 5889; x_wconf 78' lang='grc' dir='ltr'><strong>πα-</strong></span> 
     </span>
    </p>
   </div>
   <div class='ocr_carea' id='block_1_107' title="bbox 2013 4626 3600 4699">
    <p class='ocr_par' dir='ltr' id='par_1_107' title="bbox 2013 4626 3600 4699">
     <span class='ocr_line' id='line_1_107' title="bbox 2013 4626 3600 4699; baseline 0.001 -18"><span class='ocrx_word' id='word_1_780' title='bbox 2013 4626 2147 4682; x_wconf 91' lang='lat' dir='ltr'><strong>dum</strong></span> <span class='ocrx_word' id='word_1_781' title='bbox 2186 4636 2313 4697; x_wconf 85' lang='lat' dir='ltr'><strong>apte</strong></span> <span class='ocrx_word' id='word_1_782' title='bbox 2357 4628 2767 4694; x_wconf 87' lang='lat' dir='ltr'><strong>contradicere,</strong></span> <span class='ocrx_word' id='word_1_783' title='bbox 2824 4635 2884 4683; x_wconf 92' lang='lat' dir='ltr'><strong>ut</strong></span> <span class='ocrx_word' id='word_1_784' title='bbox 2917 4643 3020 4699; x_wconf 88' lang='lat' dir='ltr'><strong>ego</strong></span> <span class='ocrx_word' id='word_1_785' title='bbox 3075 4627 3300 4699; x_wconf 85' lang='lat' dir='ltr'><strong>quidem</strong></span> <span class='ocrx_word' id='word_1_786' title='bbox 3355 4628 3428 4683; x_wconf 90' lang='lat' dir='ltr'><strong>ab</strong></span> <span class='ocrx_word' id='word_1_787' title='bbox 3477 4629 3600 4699; x_wconf 89' lang='lat' dir='ltr'><strong>ejus</strong></span> 
     </span>
    </p>
   </div>
   <div class='ocr_carea' id='block_1_108' title="bbox 2013 4720 3601 4793">
    <p class='ocr_par' dir='ltr' id='par_1_108' title="bbox 2013 4720 3601 4793">
     <span class='ocr_line' id='line_1_108' title="bbox 2013 4720 3601 4793; baseline -0.001 -19"><span class='ocrx_word' id='word_1_788' title='bbox 2013 4720 2234 4791; x_wconf 81' lang='lat' dir='ltr'><strong>ingenio</strong></span> <span class='ocrx_word' id='word_1_789' title='bbox 2268 4720 2548 4786; x_wconf 89' lang='lat' dir='ltr'><strong>vincerer,</strong></span> <span class='ocrx_word' id='word_1_790' title='bbox 2578 4721 2656 4776; x_wconf 92' lang='lat' dir='ltr'><strong>dii</strong></span> <span class='ocrx_word' id='word_1_791' title='bbox 2681 4733 2871 4777; x_wconf 89' lang='lat' dir='ltr'><strong>autem</strong></span> <span class='ocrx_word' id='word_1_792' title='bbox 2899 4729 3285 4793; x_wconf 73' lang='lat' dir='ltr'><strong>arguerentur,</strong></span> <span class='ocrx_word' id='word_1_793' title='bbox 3316 4731 3373 4776; x_wconf 84' lang='lat' dir='ltr'><strong>et</strong></span> <span class='ocrx_word' id='word_1_794' title='bbox 3394 4721 3447 4776; x_wconf 91' lang='lat' dir='ltr'><strong>ei</strong></span> <span class='ocrx_word' id='word_1_795' title='bbox 3471 4720 3601 4774; x_wconf 85' lang='lat' dir='ltr'><strong>uni-</strong></span> 
     </span>
    </p>
   </div>
   <div class='ocr_carea' id='block_1_109' title="bbox 2011 4813 3594 4887">
    <p class='ocr_par' dir='ltr' id='par_1_109' title="bbox 2011 4813 3594 4887">
     <span class='ocr_line' id='line_1_109' title="bbox 2011 4813 3594 4887; baseline -0.001 -18"><span class='ocrx_word' id='word_1_796' title='bbox 2011 4829 2208 4875; x_wconf 89' lang='lat' dir='ltr'><strong>versus</strong></span> <span class='ocrx_word' id='word_1_797' title='bbox 2238 4813 2640 4884; x_wconf 78' lang='lat' dir='ltr'><strong>suiiragaretur</strong></span> <span class='ocrx_word' id='word_1_798' title='bbox 2661 4815 2925 4887; x_wconf 88' lang='lat' dir='ltr'><strong>populus,</strong></span> <span class='ocrx_word' id='word_1_799' title='bbox 2952 4824 3010 4871; x_wconf 89' lang='lat' dir='ltr'><strong>et</strong></span> <span class='ocrx_word' id='word_1_800' title='bbox 3042 4814 3261 4882; x_wconf 89' lang='lat' dir='ltr'><strong>eadem,</strong></span> <span class='ocrx_word' id='word_1_801' title='bbox 3297 4831 3422 4885; x_wconf 84' lang='lat' dir='ltr'><strong>quae</strong></span> <span class='ocrx_word' id='word_1_802' title='bbox 3453 4814 3594 4885; x_wconf 77' lang='lat' dir='ltr'><strong>ipse,</strong></span> 
     </span>
    </p>
   </div>
   <div class='ocr_carea' id='block_1_110' title="bbox 2010 4906 3600 4980">
    <p class='ocr_par' dir='ltr' id='par_1_110' title="bbox 2010 4906 3600 4980">
     <span class='ocr_line' id='line_1_110' title="bbox 2010 4906 3600 4980; baseline 0 -19"><span class='ocrx_word' id='word_1_803' title='bbox 2010 4907 2241 4962; x_wconf 88' lang='lat' dir='ltr'><strong>sentiret</strong></span> <span class='ocrx_word' id='word_1_804' title='bbox 2270 4907 2347 4962; x_wconf 65' lang='lat' dir='ltr'><strong>‘de</strong></span> <span class='ocrx_word' id='word_1_805' title='bbox 2377 4907 2669 4980; x_wconf 88' lang='lat' dir='ltr'><strong>religione,</strong></span> <span class='ocrx_word' id='word_1_806' title='bbox 2698 4906 2935 4978; x_wconf 78' lang='lat' dir='ltr'><strong>cogitavi</strong></span> <span class='ocrx_word' id='word_1_807' title='bbox 2972 4921 3103 4962; x_wconf 90' lang='lat' dir='ltr'><strong>eum</strong></span> <span class='ocrx_word' id='word_1_808' title='bbox 3153 4908 3318 4978; x_wconf 89' lang='lat' dir='ltr'><strong>paulo</strong></span> <span class='ocrx_word' id='word_1_809' title='bbox 3352 4916 3480 4977; x_wconf 88' lang='lat' dir='ltr'><strong>post</strong></span> <span class='ocrx_word' id='word_1_810' title='bbox 3514 4915 3600 4961; x_wconf 73' lang='lat' dir='ltr'><strong>ta—</strong></span> 
     </span>
    </p>
   </div>
   <div class='ocr_carea' id='block_1_111' title="bbox 2010 4998 3594 5071">
    <p class='ocr_par' dir='ltr' id='par_1_111' title="bbox 2010 4998 3594 5071">
     <span class='ocr_line' id='line_1_111' title="bbox 2010 4998 3594 5071; baseline -0.002 -18"><span class='ocrx_word' id='word_1_811' title='bbox 2010 4998 2158 5056; x_wconf 88' lang='lat' dir='ltr'><strong>libus</strong></span> <span class='ocrx_word' id='word_1_812' title='bbox 2203 5000 2455 5056; x_wconf 89' lang='lat' dir='ltr'><strong>eruciare</strong></span> <span class='ocrx_word' id='word_1_813' title='bbox 2509 5000 2803 5071; x_wconf 86' lang='lat' dir='ltr'><strong>suppliciis</strong></span> <span class='ocrx_word' id='word_1_814' title='bbox 2849 5008 2930 5063; x_wconf 89' lang='lat' dir='ltr'><strong>ut,</strong></span> <span class='ocrx_word' id='word_1_815' title='bbox 2981 4999 3029 5055; x_wconf 89' lang='lat' dir='ltr'><strong>si</strong></span> <span class='ocrx_word' id='word_1_816' title='bbox 3063 5013 3281 5069; x_wconf 88' lang='lat' dir='ltr'><strong>possem</strong></span> <span class='ocrx_word' id='word_1_817' title='bbox 3340 4998 3594 5070; x_wconf 82' lang='lat' dir='ltr'><strong>quidem,</strong></span> 
     </span>
    </p>
   </div>
   <div class='ocr_carea' id='block_1_112' title="bbox 2009 5091 3596 5162">
    <p class='ocr_par' dir='ltr' id='par_1_112' title="bbox 2009 5091 3596 5162">
     <span class='ocr_line' id='line_1_112' title="bbox 2009 5091 3596 5162; baseline -0.002 -13"><span class='ocrx_word' id='word_1_818' title='bbox 2009 5107 2140 5149; x_wconf 86' lang='lat' dir='ltr'><strong>eum</strong></span> <span class='ocrx_word' id='word_1_819' title='bbox 2186 5092 2433 5162; x_wconf 80' lang='lat' dir='ltr'><strong>perfecte</strong></span> <span class='ocrx_word' id='word_1_820' title='bbox 2485 5091 2805 5159; x_wconf 85' lang='lat' dir='ltr'><strong>vincerem;</strong></span> <span class='ocrx_word' id='word_1_821' title='bbox 2835 5091 2922 5148; x_wconf 91' lang='lat' dir='ltr'><strong>sin</strong></span> <span class='ocrx_word' id='word_1_822' title='bbox 2949 5091 3158 5158; x_wconf 91' lang='lat' dir='ltr'><strong>minus,</strong></span> <span class='ocrx_word' id='word_1_823' title='bbox 3211 5091 3333 5162; x_wconf 87' lang='lat' dir='ltr'><strong>ejus</strong></span> <span class='ocrx_word' id='word_1_824' title='bbox 3367 5091 3596 5162; x_wconf 85' lang='lat' dir='ltr'><strong>quidem</strong></span> 
     </span>
    </p>
   </div>
   <div class='ocr_carea' id='block_1_113' title="bbox 2013 5183 3589 5256">
    <p class='ocr_par' dir='ltr' id='par_1_113' title="bbox 2013 5183 3589 5256">
     <span class='ocr_line' id='line_1_113' title="bbox 2013 5183 3589 5256; baseline -0.001 -16"><span class='ocrx_word' id='word_1_825' title='bbox 2013 5194 2161 5241; x_wconf 89' lang='lat' dir='ltr'><strong>certe</strong></span> <span class='ocrx_word' id='word_1_826' title='bbox 2202 5184 2587 5255; x_wconf 72' lang='lat' dir='ltr'><strong>reprimerem.</strong></span> <span class='ocrx_word' id='word_1_827' title='bbox 2607 5194 2928 5256; x_wconf 88' lang='lat' dir='ltr'><strong>promptum</strong></span> <span class='ocrx_word' id='word_1_828' title='bbox 2958 5194 3014 5240; x_wconf 93' lang='lat' dir='ltr'><strong>et</strong></span> <span class='ocrx_word' id='word_1_829' title='bbox 3037 5183 3281 5240; x_wconf 87' lang='lat' dir='ltr'><strong>alacrem</strong></span> <span class='ocrx_word' id='word_1_830' title='bbox 3312 5183 3589 5251; x_wconf 90' lang='lat' dir='ltr'><strong>animum,</strong></span> 
     </span>
    </p>
   </div>
   <div class='ocr_carea' id='block_1_114' title="bbox 2009 5273 3594 5349">
    <p class='ocr_par' dir='ltr' id='par_1_114' title="bbox 2009 5273 3594 5349">
     <span class='ocr_line' id='line_1_114' title="bbox 2009 5273 3594 5349; baseline 0.005 -22"><span class='ocrx_word' id='word_1_831' title='bbox 2009 5282 2067 5328; x_wconf 93' lang='lat' dir='ltr'><strong>et</strong></span> <span class='ocrx_word' id='word_1_832' title='bbox 2105 5274 2325 5330; x_wconf 88' lang='lat' dir='ltr'><strong>dicendi</strong></span> <span class='ocrx_word' id='word_1_833' title='bbox 2359 5275 2672 5332; x_wconf 76' lang='lat' dir='ltr'><strong>facultatem</strong></span> <span class='ocrx_word' id='word_1_834' title='bbox 2705 5274 3053 5347; x_wconf 89' lang='lat' dir='ltr'><strong>impedirem.</strong></span> <span class='ocrx_word' id='word_1_835' title='bbox 3100 5273 3289 5331; x_wconf 81' lang='lat' dir='ltr'><strong>Visum</strong></span> <span class='ocrx_word' id='word_1_836' title='bbox 3329 5284 3416 5329; x_wconf 90' lang='lat' dir='ltr'><strong>est</strong></span> <span class='ocrx_word' id='word_1_837' title='bbox 3461 5292 3594 5349; x_wconf 81' lang='lat' dir='ltr'><strong>ergo</strong></span> 
     </span>
    </p>
   </div>
   <div class='ocr_carea' id='block_1_115' title="bbox 2011 5365 3595 5440">
    <p class='ocr_par' dir='ltr' id='par_1_115' title="bbox 2011 5365 3595 5440">
     <span class='ocr_line' id='line_1_115' title="bbox 2011 5365 3595 5440; baseline 0.006 -20"><span class='ocrx_word' id='word_1_838' title='bbox 2011 5367 2169 5432; x_wconf 86' lang='lat' dir='ltr'><strong>mihi,</strong></span> <span class='ocrx_word' id='word_1_839' title='bbox 2200 5367 2420 5438; x_wconf 80' lang='lat' dir='ltr'><strong>plantas</strong></span> <span class='ocrx_word' id='word_1_840' title='bbox 2450 5367 2655 5440; x_wconf 85' lang='lat' dir='ltr'><strong>pedum</strong></span> <span class='ocrx_word' id='word_1_841' title='bbox 2682 5367 2803 5438; x_wconf 87' lang='lat' dir='ltr'><strong>ejus</strong></span> <span class='ocrx_word' id='word_1_842' title='bbox 2832 5365 3030 5438; x_wconf 84' lang='lat' dir='ltr'><strong>gladiis</strong></span> <span class='ocrx_word' id='word_1_843' title='bbox 3069 5365 3370 5424; x_wconf 80' lang='lat' dir='ltr'><strong>excindere</strong></span> <span class='ocrx_word' id='word_1_844' title='bbox 3417 5384 3595 5440; x_wconf 82' lang='lat' dir='ltr'><strong>usque</strong></span> 
     </span>
    </p>
   </div>
   <div class='ocr_carea' id='block_1_116' title="bbox 2009 5457 3593 5532">
    <p class='ocr_par' dir='ltr' id='par_1_116' title="bbox 2009 5457 3593 5532">
     <span class='ocr_line' id='line_1_116' title="bbox 2009 5457 3593 5532; baseline 0.003 -18"><span class='ocrx_word' id='word_1_845' title='bbox 2009 5459 2077 5514; x_wconf 89' lang='lat' dir='ltr'><strong>ad</strong></span> <span class='ocrx_word' id='word_1_846' title='bbox 2110 5474 2255 5523; x_wconf 89' lang='lat' dir='ltr'><strong>ossa,</strong></span> <span class='ocrx_word' id='word_1_847' title='bbox 2283 5458 2421 5529; x_wconf 81' lang='lat' dir='ltr'><strong>quin</strong></span> <span class='ocrx_word' id='word_1_848' title='bbox 2473 5457 2641 5514; x_wconf 88' lang='lat' dir='ltr'><strong>etiam</strong></span> <span class='ocrx_word' id='word_1_849' title='bbox 2674 5459 2796 5531; x_wconf 84' lang='lat' dir='ltr'><strong>ejus</strong></span> <span class='ocrx_word' id='word_1_850' title='bbox 2843 5473 3066 5532; x_wconf 84' lang='lat' dir='ltr'><strong>quoque</strong></span> <span class='ocrx_word' id='word_1_851' title='bbox 3113 5459 3360 5532; x_wconf 81' lang='lat' dir='ltr'><strong>linguam</strong></span> <span class='ocrx_word' id='word_1_852' title='bbox 3394 5464 3593 5520; x_wconf 70' lang='lat' dir='ltr'><strong>excin-</strong></span> 
     </span>
    </p>
   </div>
   <div class='ocr_carea' id='block_1_117' title="bbox 2009 5550 3589 5625">
    <p class='ocr_par' dir='ltr' id='par_1_117' title="bbox 2009 5550 3589 5625">
     <span class='ocr_line' id='line_1_117' title="bbox 2009 5550 3589 5625; baseline 0.003 -18"><span class='ocrx_word' id='word_1_853' title='bbox 2009 5550 2141 5607; x_wconf 89' lang='lat' dir='ltr'><strong>dere</strong></span> <span class='ocrx_word' id='word_1_854' title='bbox 2202 5551 2598 5621; x_wconf 87' lang='lat' dir='ltr'><strong>eloquentem,</strong></span> <span class='ocrx_word' id='word_1_855' title='bbox 2649 5566 2680 5608; x_wconf 90' lang='lat' dir='ltr'><strong>a</strong></span> <span class='ocrx_word' id='word_1_856' title='bbox 2722 5566 2832 5621; x_wconf 89' lang='lat' dir='ltr'><strong>qua</strong></span> <span class='ocrx_word' id='word_1_857' title='bbox 2894 5551 3082 5609; x_wconf 87' lang='lat' dir='ltr'><strong>omnia</strong></span> <span class='ocrx_word' id='word_1_858' title='bbox 3140 5554 3589 5625; x_wconf 88' lang='lat' dir='ltr'><strong>superabantur;</strong></span> 
     </span>
    </p>
   </div>
   <div class='ocr_carea' id='block_1_118' title="bbox 2011 5642 3592 5715">
    <p class='ocr_par' dir='ltr' id='par_1_118' title="bbox 2011 5642 3592 5715">
     <span class='ocr_line' id='line_1_118' title="bbox 2011 5642 3592 5715; baseline 0.004 -17"><span class='ocrx_word' id='word_1_859' title='bbox 2011 5652 2277 5715; x_wconf 60' lang='lat' dir='ltr'><strong>praetcrea</strong></span> <span class='ocrx_word' id='word_1_860' title='bbox 2328 5656 2462 5699; x_wconf 83' lang='lat' dir='ltr'><strong>vero</strong></span> <span class='ocrx_word' id='word_1_861' title='bbox 2508 5642 2629 5715; x_wconf 91' lang='lat' dir='ltr'><strong>ejus</strong></span> <span class='ocrx_word' id='word_1_862' title='bbox 2675 5657 2900 5713; x_wconf 85' lang='lat' dir='ltr'><strong>quoque</strong></span> <span class='ocrx_word' id='word_1_863' title='bbox 2946 5642 3143 5699; x_wconf 89' lang='lat' dir='ltr'><strong>oculos</strong></span> <span class='ocrx_word' id='word_1_864' title='bbox 3195 5644 3467 5709; x_wconf 78' lang='lat' dir='ltr'><strong>eﬂ‘odere.</strong></span> <span class='ocrx_word' id='word_1_865' title='bbox 3530 5659 3592 5707; x_wconf 93' lang='lat' dir='ltr'><strong>ut</strong></span> 
     </span>
    </p>
   </div>
   <div class='ocr_carea' id='block_1_119' title="bbox 2012 5735 3587 5809">
    <p class='ocr_par' dir='ltr' id='par_1_119' title="bbox 2012 5735 3587 5809">
     <span class='ocr_line' id='line_1_119' title="bbox 2012 5735 3587 5809; baseline 0.005 -20"><span class='ocrx_word' id='word_1_866' title='bbox 2012 5745 2236 5809; x_wconf 81' lang='lat' dir='ltr'><strong>propter</strong></span> <span class='ocrx_word' id='word_1_867' title='bbox 2282 5736 2569 5791; x_wconf 90' lang='lat' dir='ltr'><strong>oculorum</strong></span> <span class='ocrx_word' id='word_1_868' title='bbox 2617 5735 2843 5809; x_wconf 84' lang='lat' dir='ltr'><strong>quidem</strong></span> <span class='ocrx_word' id='word_1_869' title='bbox 2901 5736 3165 5793; x_wconf 86' lang='lat' dir='ltr'><strong>tenebras</strong></span> <span class='ocrx_word' id='word_1_870' title='bbox 3192 5738 3307 5794; x_wconf 80' lang='grc' dir='ltr'><strong>οιῖο</strong></span> <span class='ocrx_word' id='word_1_871' title='bbox 3344 5739 3587 5808; x_wconf 75' lang='lat' dir='ltr'><strong>deditus,</strong></span> 
     </span>
    </p>
   </div>
   <div class='ocr_carea' id='block_1_120' title="bbox 2011 5820 3585 5905">
    <p class='ocr_par' dir='ltr' id='par_1_120' title="bbox 2011 5820 3585 5905">
     <span class='ocr_line' id='line_1_120' title="bbox 2011 5820 3585 5905; baseline 0.002 -22"><span class='ocrx_word' id='word_1_872' title='bbox 2011 5820 2218 5884; x_wconf 71' lang='lat' dir='ltr'><strong>fractus</strong></span> <span class='ocrx_word' id='word_1_873' title='bbox 2249 5836 2436 5885; x_wconf 86' lang='lat' dir='ltr'><strong>autem</strong></span> <span class='ocrx_word' id='word_1_874' title='bbox 2467 5825 2736 5900; x_wconf 79' lang='lat' dir='ltr'><strong>dolorum</strong></span> <span class='ocrx_word' id='word_1_875' title='bbox 2786 5828 3062 5901; x_wconf 88' lang='lat' dir='ltr'><strong>cruciatu,</strong></span> <span class='ocrx_word' id='word_1_876' title='bbox 3108 5828 3319 5889; x_wconf 84' lang='lat' dir='ltr'><strong>tardior</strong></span> <span class='ocrx_word' id='word_1_877' title='bbox 3360 5832 3585 5905; x_wconf 79' lang='lat' dir='ltr'><strong>quidem</strong></span> 
     </span>
    </p>
   </div>
   <div class='ocr_carea' id='block_1_121' title="bbox 3343 6029 3381 6054">
    <p class='ocr_par' dir='ltr' id='par_1_121' title="bbox 3343 6029 3381 6054">
     <span class='ocr_line' id='line_1_121' title="bbox 3343 6029 3381 6054; baseline 0 0"><span class='ocrx_word' id='word_1_878' title='bbox 3343 6029 3381 6054; x_wconf 63' lang='grc'><strong>6</strong></span> 
     </span>
    </p>
   </div>
  </div>
