4094 6384
478 349 587 410 403
1708 341 1992 402 MENSIS
2029 343 2069 402 D

2171 338 2463 404 .EMBER.
3623 328 3732 394 401

481 467 638 519 ﬁeret
683 459 749 515 ad
786 454 1257 529 respondendum,
1291 453 1620 510 imbecillior
1658 471 1789 510 vero
1825 455 1894 510 ad
1932 471 2053 510 con-

2171 459 2336 529 ραστῇ
2379 457 2517 526 ergo;
2555 453 2655 518 τὰς
2685 449 3035 524 ἀποκρίσεις,
3069 446 3468 518 ἀσθενέστερος
3497 445 3555 499 δέ
3583 446 3725 515 πρὸς

480 551 838 611 tendendum.
873 547 1052 618 Atque
1087 547 1314 604 lictores
1365 547 1589 618 quidem
1639 562 1764 602 cum
1818 547 2052 618 primum

2171 548 2256 619 τὴν
2289 548 2567 603 ἔνστασιν.
2603 547 2666 599 Οί
2721 544 2820 616 μέν
2858 539 2954 595 οὖν
3003 540 3189 611 δήμιοι
3239 538 3361 608 ἅμα
3397 553 3455 590 τε
3494 535 3733 606 προστάη

461 641 760 722 jubentem
819 640 1202 707 audivissent,
1254 641 1505 697 fecerunt
1559 641 1900 696 universum.
1960 641 2054 695 Ille

454 740 660 794 'autem
715 736 883 792 homo
946 733 1212 789 continuo
1259 747 1381 788 esse
1430 732 1749 796 convictus,
1812 741 1868 787 et
1919 730 2056 784 nihil

477 829 717 898 amplius
774 827 979 892 ferens,
1016 839 1179 895 quam
1237 823 1550 880 communis
1603 823 1780 894 possit
1837 832 2054 883 natura.

477 921 683 976 missus
732 918 788 974 in
841 932 1143 982 carcerem,
1202 923 1323 971 erat
1380 915 1545 986 plane
1610 925 1883 969 mortuus.
1936 913 2056 970 Viri

480 1025 663 1069 tamen
701 1011 964 1066 misertus
998 1009 1212 1080 (verum
1239 1006 1388 1062 enim
1435 1006 1657 1076 lateor),
1690 1016 1752 1061 ut
1803 1006 1951 1061 docti
2005 1015 2060 1061 et

478 1104 588 1160 mei
626 1103 786 1170 civis,
818 1109 872 1156 et
903 1115 1045 1170 aegre
1076 1099 1280 1161 ferens,
1311 1097 1458 1168 quod
1491 1099 1575 1151 vir
1614 1097 1872 1168 periisset
1905 1106 2056 1151 tanta

459 1188 750 1264 'sapientia
801 1192 1072 1263 praeditus
1123 1198 1178 1246 et
1237 1189 1574 1260 eloquentia,
1630 1206 1848 1246 summo
1897 1204 2058 1243 mane

479 1285 663 1341 afferri
712 1283 851 1356 iussi
895 1298 1094 1354 corpus
1127 1285 1246 1354 ejus
1280 1283 1554 1350 exanime,
1585 1283 1796 1354 ,volens
1845 1282 2056 1348 videre,

482 1395 722 1450 quonam
755 1380 876 1449 ejus
907 1377 1164 1432 rediisset
1194 1366 1542 1432 constantia.

548 1511 747 1567 XXIX.
803 1512 1102 1581 Postquam
1153 1517 1338 1564 autem
1379 1523 1506 1564 eum
1560 1507 1674 1563 vidi
1728 1505 2060 1562 accersitum

478 1614 630 1662 recte
655 1605 891 1675 ingredi,
921 1613 978 1658 et
1008 1619 1147 1673 pure
1199 1602 1403 1657 intueri
1434 1619 1449 1667 ;
1490 1598 1692 1656 deinde
1738 1601 1905 1655 etiam
1930 1613 2058 1654 eum

482 1698 667 1754 audivi
722 1709 914 1767 aperte
971 1696 1359 1761 disserentem,
1401 1694 1630 1749 videbar
1680 1693 1816 1747 mihi
1871 1691 2062 1747 videre

2159 638 2346 703 ξαντος
2386 639 2649 709 ἤκουσαν,
2689 636 2782 690 καλ⁴
2811 635 2872 688 τὸ
2925 633 3035 687 πᾶν
3076 631 3333 703 ἔδρασαν.
3390 629 3449 681 Ὀ
3473 625 3530 680 δέ
3567 626 3731 692 εὐθὺς

2159 729 2435 800 ἐλεγχθεὶς
2461 723 2549 782 οἷα
2587 728 2898 799 ἄνθρωπος,
2954 725 3054 781 καὶ
3099 724 3268 796 μηδὲν
3311 740 3367 776 τι
3414 720 3578 775 πλέον
3632 720 3733 790 τῆς

2163 821 2352 888 κοινῆς
2387 821 2570 890 φέρων
2607 819 2847 887 φύσεως,
2896 815 3410 886 παραπεμπόμενος
3437 815 3502 882 τῇ
3538 811 3731 882 εἱρκτῇ

2159 913 2482 984 αὐτόχρημα
2511 911 2706 982 νεκρὸς
2729 905 2819 982 ἦν.
2856 909 3070 976 Ὅμως,
3106 906 3433 978 ὁμολογήσω
3455 902 3576 971 ’γάρ
3633 902 3733 955 τά·

2158 1004 2338 1073 ληθὲς,
2379 1003 2470 1057 τὸν
2494 1003 2662 1072 ἄνδρα
2685 1019 2744 1055 τε
2771 1001 2846 1064 ῶς
2881 995 3046 1070 σοφὸν
3076 998 3172 1052 καὶ
3193 994 3626 1068 συμπατριὼτην
3653 993 3736 1048 ol-

2159 1097 2410 1166 κτεὲρων,
2434 1095 2612 1164 ἀλγῶν
2639 1093 2694 1149 δέ
2716 1094 2810 1146 καὶ
2838 1094 2936 1163 τὴν
2964 1091 3165 1161 ψυχὴν,
3199 1090 3282 1142 ὅτι
3312 1088 3502 1150 κακῶς
3541 1083 3734 1140 ἀπώλ-

2159 1186 2287 1240 λυτο
2309 1185 2553 1256 γλώττης
2581 1185 2723 1240 οὕτω
2742 1184 2837 1238 καὶ
2864 1184 3053 1252 σοφίας
3093 1181 3232 1252 ἔχων
3256 1179 3418 1250 ἀνὴρ,
3451 1194 3736 1250 μετεπεμ-

2162 1281 2346 1349 πόμην
2393 1280 2598 1334 ἄπνουν
2654 1275 2717 1330 τὸ
2762 1275 2920 1346 σῶμα
2970 1276 3089 1342 ἅμα
3131 1271 3278 1343 πρωὶ
3310 1309 3326 1336 ,
3393 1271 3735 1338 κατανοῆσαι

2161 1371 2349 1435 θέλων,
2375 1371 2452 1435 είς
2470 1369 2521 1422 τί
2543 1369 2619 1440 τῷ
2637 1367 2865 1437 τοιούτῳ
2895 1366 3160 1436 περιέστη
3181 1362 3249 1416 τὰ
3280 1361 3382 1433 τῆς
3413 1361 3734 1421 ἐνστάσεως.

2232 1505 2365 1562 KO’.
2416 1503 2507 1568 Ὠς
2536 1504 2593 1558 δέ
2628 1501 3112 1575 μεταπεμφθέντα,
3155 1497 3445 1569 βαδίζοντά
3471 1513 3532 1550 τε
3563 1494 3738 1564 ὑγιῶς

2163 1595 2324 1664 εἶδον,
2354 1599 2449 1652 καὶ
2479 1594 2736 1664 καθαρῶς
2764 1593 3056 1663 βλέποντα,
3087 1587 3212 1644 εἶτα
3261 1589 3360 1643 καὶ
3405 1585 3738 1659 προσδιαλε-

2163 1692 2396 1764 γομένου
2450 1688 2626 1760 τορῶς
2683 1688 2934 1758 ἥκουσα,
2981 1684 3176 1753 φάσμα
3219 1680 3442 1752 βλέπειν
3488 1679 3736 1740 ἐδόκουν,

483 1800 765 1860 spectrum
793 1799 849 1845 et
874 1790 1036 1844 inane
1061 1789 1376 1853 somnium;
1411 1795 1466 1841 et
1489 1786 1674 1841 statim
1711 1785 1883 1841 clausi
1924 1799 2059 1840 ocu-

2171 1787 2261 1839 καὶ
2285 1781 2468 1838 καινὸν
2490 1781 2723 1850 ὀνειρον,
2749 1776 2845 1830 καὶ
2868 1775 2994 1838 τοὺς
3016 1773 3328 1843 ὀφθαλμοὺς
3351 1769 3514 1833 εὐθὺς
3536 1769 3736 1839 ἐμυσα,

483 1884 588 1947 los,
613 1883 844 1938 deorum
884 1880 1092 1935 inimici
1127 1879 1214 1933 vel
1264 1879 1439 1948 ipsum
1469 1878 1828 1943 simulacrum
1859 1877 2064 1931 abhor-

484 1991 640 2035 rens.
681 1975 816 2030 Cum
858 1980 1038 2028 autem
1087 1971 1156 2026 de
1189 1971 1318 2025 sede
1353 1969 1784 2032 descendissem,
1812 1977 1870 2025 et
1891 1967 2062 2022 visio-

482 2084 610 2124 nem
651 2067 816 2122 simul
845 2081 971 2121 cum
1021 2065 1146 2120 aliis
1178 2063 1397 2119 curiose
1433 2061 1777 2131 indagassem
1815 2077 1829 2115 :
1868 2070 1925 2115 et
1952 2076 2061 2115 non

484 2161 617 2215 solis
646 2160 881 2214 credens
913 2157 1109 2222 oculis,
1141 2157 1235 2211 sed
1267 2156 1433 2211 etiam
1457 2154 1716 2209 manibus
1740 2155 2064 2208 examinans

485 2265 542 2308 et
591 2262 965 2314 contrectans,
1018 2249 1172 2305 illum
1216 2249 1395 2318 ipsum
1456 2246 1622 2301 didici
1667 2261 1789 2300 esse
1824 2242 2062 2310 Menam,

485 2348 746 2415 protinus
776 2345 958 2398 victus
988 2357 1108 2396 sum
1137 2357 1168 2396 a
1202 2341 1454 2404 veritate,
1486 2353 1594 2392 non
1631 2338 1826 2391 falsum
1871 2345 2063 2390 testem

485 2437 700 2490 habens
749 2433 1167 2489 conscientiam.
1211 2429 1701 2486 Verumenimvero
1753 2427 1910 2482 adest
1950 2427 2066 2496 ipse

487 2541 730 2597 quoque,
770 2541 804 2580 ο
828 2526 1152 2594 imperator,
1178 2532 1232 2577 et
1256 2523 1401 2576 dicat
1425 2521 1645 2590 quidem
1676 2521 1914 2590 populus
1940 2533 2068 2573 cru.

489 2621 687 2682 ciatus,
712 2618 930 2672 curiose
965 2626 1146 2671 autem
1189 2616 1305 2686 ipse
1339 2629 1560 2684 quoque
1612 2612 1850 2681 inquire,
1885 2620 1945 2666 ut
1973 2625 2068 2666 vo-

488 2711 684 2775 lueris,
743 2725 866 2763 cum
919 2707 1248 2762 miraculum
1293 2707 1366 2760 sit
1393 2705 1491 2758 tibi
1544 2714 1672 2760 ante
1704 2702 1918 2759 oculos.
1970 2702 2069 2757 Dic

487 2816 626 2856 vero
647 2801 782 2854 mihi
821 2815 919 2870 per
948 2807 1075 2854 tuos
1114 2798 1270 2864 deos,
1299 2812 1333 2851 ο
1389 2797 1714 2867 imperator,
1746 2795 1791 2850 si
1834 2793 1959 2864 quis
1989 2793 2070 2847 vi-

490 2894 662 2948 disset
683 2893 987 2956 Christum,
1013 2891 1156 2947 sicut
1183 2905 1282 2961 ego
1307 2889 1424 2960 ipse
1451 2888 1586 2953 vidi,
1632 2896 1857 2957 repente
1893 2895 2068 2942 totum

492 2986 773 3042 hominem
817 2986 1206 3040 reformantem
1265 2992 1322 3037 et
1367 2983 1808 3046 animantem,et
1851 2995 1916 3034 ex
1962 2978 2068 3032 hoc

490 3079 718 3148 quidem
781 3091 938 3132 suam
987 3083 1314 3145 petestatem
1365 3072 1801 3136 conﬁrmantem,
1870 3084 2067 3139 nempe

493 3147 639 3240 quod
677 3169 795 3223 haec
822 3167 1044 3237 quidem
1074 3181 1185 3220 non
1215 3173 1343 3220 sunt
1368 3164 1617 3226 alterius,
1648 3177 1810 3231 quam
1849 3161 1966 3224 Dei,
2015 3169 2071 3215 et
2099 3147 2140 3204 (ἶ

492 3260 640 3331 (1ηοά
669 3260 784 3330 ipse
809 3261 900 3323 sit,
935 3260 1030 3331 qui
1060 3260 1302 3330 primum
1335 3257 1541 3312 creavit
1563 3255 1838 3310 hominem
1871 3273 1884 3308 :
1911 3253 2071 3324 pulli--

493 3361 651 3408 cetur
688 3363 868 3406 autem
904 3352 969 3406 iis
999 3351 1093 3420 qui
1132 3351 1286 3405 illum
1319 3349 1494 3404 secuti
1545 3346 1772 3410 fuerint,
1812 3345 1866 3399 in
1915 3344 2070 3400 caelis

493 3445 719 3516 quidem
751 3460 982 3514 regnum
1007 3453 1299 3506 aaternum,
1325 3441 1417 3496 hic
1448 3454 1580 3495 vero
1635 3449 1850 3496 tantum
1882 3453 2066 3508 posse,

491 3544 760 3606 quantum
797 3535 913 3604 ipsc
939 3535 1109 3590 solus.
1138 3533 1193 3589 Si
1225 3533 1370 3602 quis,
1410 3549 1533 3587 cum
1563 3531 1681 3586 haec
1707 3537 1762 3586 et
1787 3530 2074 3585 didicisset

493 3637 552 3680 et
577 3624 828 3687 vidisset,
853 3623 1163 3692 despiceret
1191 3621 1414 3692 quidem
1452 3621 1577 3676 talis
1607 3621 1702 3675 Dei
1731 3635 1853 3674 esse
1877 3629 1932 3674 et
1959 3619 2068 3676 dici

495 3719 708 3773 amicus
742 3733 757 3771 :
793 3716 1103 3784 despiceret
1157 3724 1342 3770 autem
1394 3729 1554 3783 posse
1584 3713 1768 3767 omnia
1799 3728 1961 3783 agere
2017 3720 2075 3768 et

496 3819 736 3872 mutare,
790 3825 913 3879 quae
957 3807 1109 3862 solus
1145 3807 1262 3877 ipse
1312 3807 1504 3861 Deus:
1547 3814 1604 3860 et
1641 3820 1815 3860 caecos
1850 3805 2071 3876 quidem

493 3903 680 3958 facere
743 3901 952 3963 videre,
977 3899 1205 3956 claudos
1253 3908 1437 3954 autem
1494 3898 1716 3960 saltare,
1747 3907 1804 3954 et
1855 3906 2074 3953 montes

495 4009 741 4057 movere,
773 4002 829 4049 et
854 4001 1102 4049 mortuos
1123 3991 1388 4047 suscitare
1426 4009 1441 4045 :
1482 3997 1616 4045 etut
1646 3989 1812 4043 simul
1868 3988 2070 4055 dicam,

494 4100 615 4143 rem
646 4099 868 4140 omnem
899 4083 1124 4138 movere
1166 4089 1407 4137 creatam
1457 4081 1576 4136 solo
1605 4080 1776 4135 verbo
1804 4088 1862 4135 et
1890 4090 2025 4135 nutu
2055 4096 2070 4144 ;

494 4175 696 4236 deinde
721 4177 890 4231 etiam
909 4175 1106 4246 pignus
1128 4172 1355 4240 habere,
1385 4166 1530 4244 quod
1563 4171 1842 4228 laetabitur
1879 4180 1938 4226 et
1988 4187 2072 4226 re-

496 4267 687 4338 gna-bit
719 4269 772 4322 in
801 4279 1092 4323 aeternum.
1147 4266 1249 4332 Qui
1286 4282 1413 4322 eum
1461 4265 1803 4336 reliquisset,
1842 4265 2074 4320 etclau-

484 4361 658 4414 sisset
712 4359 905 4414 oculos
945 4358 1013 4412 ad
1070 4366 1275 4412 tantam
1319 4340 1764 4418 beatitudinem:
1818 4356 2073 4427 elegisset

2166 1875 2261 1930 τοῦ
2295 1872 2402 1928 τῶν
2435 1871 2574 1926 θεῶν
2617 1867 2815 1940 ἐχθροῦ
2860 1864 3314 1936 τερατευόμενον,
3359 1861 3457 1915 καὶ
3503 1859 3636 1913 αὐτὸ
3677 1858 3742 1911 τὸ

2161 1967 2383 2021 εἴδωλον
2410 1963 2837 2036 μυσαττόμενος.
2885 1960 2974 2024 Ὠς
3024 1959 3080 2012 δέ
3133 1957 3196 2011 τὸ
3239 1957 3432 2026 θρόνου
3486 1968 3741 2022 καταπη-

2162 2060 2336 2128 δήσας
2385 2057 2483 2127 τὴν
2532 2055 2656 2125 ὄψιν
2703 2053 2840 2124 μετὰ
2881 2052 2991 2105 τῶν
3041 2048 3216 2104 ἄλλων
3263 2045 3740 2118 περιειργαζόμην

2165 2150 2348 2220 κάγὼ,
2381 2150 2473 2203 καὶ
2497 2148 2572 2218 μὴ
2603 2148 2785 2218 μόνοις
2816 2147 2927 2208 τοῖς
2953 2142 3252 2213 ὀφθαλμοῖς
3282 2138 3575 2198 πιστεύων,
3605 2133 3746 2188 ἀλλὰ

2165 2245 2260 2297 καὶ
2289 2243 2446 2312 χερσὶ
2499 2239 2804 2312 βασανίζων
2827 2239 2920 2292 καὶ
2945 2234 3320 2305 διαψηλαφῶν,
3349 2231 3512 2284 αύτδν
3535 2229 3744 2282 ἐκεῖνον

2166 2330 2310 2388 εἶναι
2343 2335 2436 2386 τὸν
2467 2334 2664 2405 Μηνᾶν
2694 2327 3139 2400 κατεμάνθανον,
3163 2323 3408 2396 ἡττήθην
3453 2319 3551 2388 τῆς
3610 2318 3745 2385 άληο

2167 2427 2321 2489 θείας
2355 2425 2538 2489 εὐθὺς,
2565 2423 2768 2493 ἀψευδῆ
2799 2421 3056 2492 μάρτυροι
3081 2417 3180 2487 τὴν
3231 2412 3540 2482 συνείδησιν
3579 2408 3742 2480 ἔχων.

2169 2523 2317 2590 Πλὴν
2349 2520 2485 2574 ἀλλὰ
2512 2520 2746 2587 πάρεστι
2792 2513 2888 2568 καὶ
2922 2512 3106 2578 αὐτὸς,
3139 2503 3182 2562 ὦ
3215 2505 3458 2579 βασιλεῦ,
3503 2503 3601 2557 καὶ
3650 2501 3747 2554 λεο

2167 2619 2313 2686 γέτω
2347 2614 2446 2687 μὲν
2483 2616 2512 2666 ὁ
2561 2611 2731 2680 δῆμος
2781 2607 2880 2670 τὰς
2933 2603 3204 2675 τιμωρίας
3237 2615 3252 2629 θ
3289 2594 3744 2666 πολυπραγμόνει

2168 2708 2226 2762 δὲ
2257 2707 2353 2761 καὶ
2387 2705 2547 2765 αὐτὸς
2577 2703 2724 2761 ὅπως
2749 2699 2814 2752 ἂν
2835 2696 3024 2765 ἐθέλῃς
3053 2693 3114 2746 τὸ
3139 2692 3322 2761 θαῦμα
3345 2689 3451 2760 πρὸ
3487 2688 3598 2742 τῶν
3638 2687 3745 2755 ὀμ-

2175 2801 2362 2870 μάτων
2390 2816 2472 2852 σοι
2523 2797 2605 2850 ὅν.
2641 2793 2778 2846 Είπέ
2819 2790 2876 2843 δέ
2915 2806 3028 2860 μοι,
3064 2786 3202 2856 πρὸς
3233 2785 3343 2838 τῶν
3373 2782 3481 2836 σῶν
3502 2781 3666 2840 θεῶν,
3700 2772 3746 2832 ὦ

2174 2890 2416 2965 βασιλεῦ,
2450 2891 2501 2943 si
2531 2905 2612 2952 τις
2646 2884 2906 2955 ἑωρακὼς
2952 2881 3043 2934 τδν
3084 2876 3342 2950 Χριστὸν,
3364 2878 3553 2943 ὥσπερ
3581 2872 3746 2935 αὐτὸς

2172 2964 2283 3054 ἐγὼ
2318 2983 2608 3052 ἑωράκειν,
2641 2977 2904 3045 ἐξαίφνης
2935 2970 3329 3027 άναπλάσαντα
3356 2968 3479 3022 ὅλον
3531 2964 3747 3034 ἄνθρω-

2176 3093 2278 3132 πον
2311 3075 2402 3129 καὶ
2433 3069 2786 3142 ψυχώσαντα,
2835 3068 2930 3121 καὶ
2964 3061 3158 3118 πιστού
3170 3077 3332 3131 μενον
3376 3059 3476 3129 μὲν
3527 3059 3592 3110 ἐκ
3621 3055 3748 3108 τού-

2173 3185 2268 3220 του
2297 3168 2397 3239 τὴν
2420 3161 2616 3218 ἐαυτοῦ
2657 3159 2908 3228 δύναμιν,
2943 3155 3020 3220 ὡς
3057 3154 3161 3207 οὐκ
3204 3151 3369 3206 ἄλλου
3397 3148 3542 3207 τινὸς
3571 3145 3748 3199 ταῦτα

2173 3262 2257 3316 ὅτι
2289 3236 2366 3330 μή
2404 3255 2564 3321 Θεοῦ,
2588 3255 2680 3307 καὶ
2703 3254 2788 3306 ὅτι
2811 3247 2976 3310 αὑτός
3006 3248 3157 3300 ἐστιν
3183 3246 3211 3298 ό
3241 3241 3338 3296 καλ⁸
3377 3241 3476 3309 τὴν
3521 3236 3748 3306 πρώτην

2171 3351 2592 3426 δημιουργήσας
2620 3348 2712 3402 τὸν
2741 3345 3050 3416 ἄνθρωπον,
3084 3335 3522 3426 ὑπισχνούμενον
3561 3333 3618 3426 δέ
3651 3330 3750 3385 καὶ

2171 3424 2287 3508 τοῖς
2313 3444 2510 3513 ἐκείνῳ
2547 3437 2986 3506 ἀκολουθήσασιν
3031 3433 3090 3485 ἐν
3138 3429 3392 3499 οὐρανοῖς
3441 3424 3544 3498 μὲν
3593 3424 3750 3496 βασι-

2173 3539 2326 3594 λείαν
2356 3537 2550 3597 ἀΐδιον,
2579 3528 2814 3587 ἐνταῦθα
2841 3527 2899 3582 δὲ
2919 3523 3162 3579 τοσαῦτα
3192 3519 3478 3582 δύνασθαι,
3533 3518 3636 3571 ὅσα
3683 3531 3750 3584 γε

2178 3630 2344 3702 μόνος
2373 3627 2539 3691 αὑτός
2567 3641 2583 3656 ·
2615 3623 2668 3678 εῐ
2693 3639 2799 3686 τις,
2837 3618 3011 3674 ταῦτα
3045 3613 3234 3688 μαθὼν
3267 3614 3362 3667 καὶ
3394 3611 3550 3676 ἰδὼν,
3579 3608 3753 3676 παρίο

2173 3699 2256 3776 δοι
2289 3722 2388 3792 μὲν
2421 3721 2482 3773 es
2510 3718 2668 3789 φίλος
2700 3709 2845 3768 εἶναι
2874 3711 2973 3767 καὶ
3021 3708 3282 3779 λέγεσθαι
3316 3703 3559 3759 τοιούτου
3587 3699 3748 3766 Θεοῦ,

2174 3813 2395 3885 παρίδοι
2423 3811 2482 3865 δὲ
2515 3808 2696 3863 καὶτὸ
2719 3803 2991 3860 δύνασθαι
3025 3800 3186 3868 ἄγειν
3221 3799 3399 3852 πάντα
3441 3793 3538 3849 καὶ
3583 3808 3752 3885 μετα·

2175 3883 2392 3960 ϐάλλειν
2417 3896 2506 3957 οἶα
2543 3901 2702 3972 μόνος
2733 3897 2897 3958 αὑτός
2922 3911 2986 3963 γε
3029 3892 3188 3957 Θεὸς,
3234 3890 3330 3943 καὶ
3356 3885 3593 3956 τυφλοὺς
3622 3883 3749 3954 μὲν,

2176 3997 2397 4069 βλέπειν
2429 3995 2626 4057 ποιεῖν,
2661 3989 2870 4061 χωλοὺς
2901 3986 2961 4039 δέ
2997 3983 3279 4047 ἅλλεσθαι,
3317 3980 3419 4051 ὅρη
3458 3994 3519 4031 τε
3549 3977 3746 4037 κινεῖν,

2175 4068 2270 4143 καὶ
2299 4087 2528 4158 νεκροὺς
2571 4081 2818 4152 άνιστᾷν,
2866 4079 2962 4132 καὶ
2992 4074 3178 4136 ἁπλῶς
3200 4074 3302 4144 τὴν
3333 4072 3511 4124 κτίσιν
3569 4068 3751 4135 πᾶσαν

2179 4181 2496 4255 μεταποιεῖν
2529 4179 2675 4248 μόνῳ
2707 4175 2852 4245 λόγῳ
2897 4171 2994 4224 καὶ
3032 4169 3265 4239 νεύματι
3305 4182 3320 4198 ο
3367 4160 3487 4218 εἶτα
3511 4162 3640 4255 ,ικαὶ
3691 4159 3752 4255 te

2173 4249 2388 4344 ἀαίρειν
2423 4269 2520 4324 καὶ
2565 4264 2876 4338 βασιλεύειν
2909 4259 3146 4322 αἱωνίως
3202 4256 3466 4326 ἐχέγγυον
3505 4252 3674 4344 ἔχειν,
3719 4249 3750 4302 ὁ

2175 4343 2365 4419 τοῦτον
2399 4357 2740 4422 καταλιπὼν,
2775 4354 2870 4410 καὶ
2907 4353 3046 4425 πρὸς
3074 4349 3330 4416 τοιαύτην
3369 4343 3754 4416 μακαριότητα

497 4459 682 4505 autem
709 4459 923 4504 vestros
945 4449 1080 4504 deos
1112 4448 1317 4515 colere,
1341 4457 1397 4502 et
1425 4462 1546 4502 esse
1591 4447 1784 4502 consul
1814 4448 2069 4516 et.impe—

2181 4455 2358 4525 μύσας
2387 4455 2515 4514 τοὺς
2536 4447 2875 4520 ὀφθαλμοὺς,
2911 4443 3169 4513 ἐλόμενος
3191 4440 3250 4494 δέ
3285 4440 3410 4501 τοὺς
3449 4434 3752 4542 ὑμετέρους

498 4550 672 4605 rator,
702 4539 954 4610 quisnam
984 4540 1038 4595 is.
1057 4539 1154 4594 tibi
1183 4538 1505 4595 videretur?
1529 4536 1648 4592 Non
1673 4553 1804 4594 vere
1846 4539 2072 4604 stultus,

496 4648 608 4686 non
641 4641 833 4686 emota!
864 4631 1161 4697 mentis,et
1193 4629 1284 4700 qui
1319 4629 1481 4700 longe
1510 4629 1688 4695 abest,
1724 4638 1784 4685 ut
1811 4629 2078 4700 intelligat

495 4724 644 4795 quod
676 4725 748 4780 sit
780 4723 1145 4781 conducibile.

565 4860 737 4918 XXX.
762 4861 1055 4932 PrOpterea
1077 4860 1267 4933 igitur,
1295 4876 1328 4916 ο
1346 4861 1665 4929 impera-tor,
1685 4871 2072 4929 egoerrorem,

496 4962 547 5008 et
585 4952 798 5008 fabulas
821 4960 1049 5016 vestras,
1073 4961 1128 5007 et
1153 4951 1288 5007 deos
1308 4951 1683 5012 abominatus,
1715 4958 1773 5005 et
1802 4951 2077 5020 abnegata

497 5046 602 5102 hac
625 5046 797 5111 omni,
837 5061 958 5114 qua:
980 5045 1219 5111 videtur,
1245 5045 1539 5108 felicitate,
1571 5042 1637 5097 ad
1673 5045 1851 5098 solum
1906 5045 2076 5099 Deum

499 5135 731 5198 accessi,
758 5146 813 5191 et
835 5135 1021 5200 malui,
1059 5144 1120 5190 ut
1144 5136 1259 5205 ipse
1284 5135 1488 5200 dixisti,
1521 5150 1641 5190 esse
1661 5135 1872 5198 infelix,
1897 5134 2080 5204 potius

500 5227 677 5282 videri
726 5228 948 5294 Stultus,
989 5243 1152 5298 quam
1213 5242 1335 5282 esse
1359 5227 1591 5296 eligens.
1648 5227 1828 5297 Atque
1887 5236 2078 5280 nostra

501 5322 721 5391 quidem
745 5339 811 5377 ex
845 5323 1052 5392 iisquae
1083 5322 1330 5384 autliisti,
1347 5323 1456 5394 jam
1478 5321 1743 5376 didicisti.
1767 5323 1872 5377 Res
1897 5330 2078 5375 autem

500 5413 707 5469 Christi
736 5413 781 5468 si
814 5417 949 5470 velis
999 5415 1344 5484 experientia
1394 5415 1631 5480 discere,
1665 5429 1732 5470 ne
1777 5413 2074 5468 cuncteris.

501 5506 760 5576 Excogita
791 5507 900 5561 cito
929 5509 981 5561 in
1006 5522 1107 5563 nos
1133 5524 1391 5580 magnum
1416 5507 1638 5578 aliquod
1669 5515 1726 5563 et
1757 5523 1920 5579 grave
1946 5521 2076 5578 sup-

501 5597 743 5664 plicium,
767 5607 822 5653 et
853 5599 898 5654 si
923 5599 1022 5653 tibi
1049 5600 1186 5656 forte
1214 5600 1368 5655 d'eest
1393 5599 1598 5670 aliquid
1622 5600 1688 5654 ad
1714 5599 2073 5670 excogitanda

501 5687 793 5757 supplicia,
820 5705 923 5760 ego
946 5691 1041 5760 qui
1088 5707 1291 5763 magna.
1324 5692 1378 5746 in
1411 5691 1497 5746 his
1547 5691 1943 5747 exercitatione
2003 5689 2070 5744 ad

497 5793 770 5835 summam
825 5785 1068 5853 processi
1101 5787 1522 5866 experientiam,
1558 5802 1621 5842 ea
1678 5801 1897 5858 quoque
1951 5798 2071 5856 quae

2181 4523 2362 4599 σέδειν
2392 4543 2548 4606 θεοὺς
2580 4541 2676 4594 καὶ
2718 4539 2926 4601 ὕπατος
2955 4531 3097 4589 εῖναι
3137 4532 3231 4588 καὶ
3275 4529 3552 4602 βασιλεὺς,
3605 4523 3660 4579 τί
3685 4523 3756 4578 ἄν

2181 4655 2267 4692 σοι
2296 4635 2475 4701 ἔδοξεν
2499 4629 2654 4696 οὗτος
2679 4649 2696 4697 ;
2721 4631 2822 4700 οὐχ
2844 4628 2924 4693 ῶς
2969 4625 3188 4696 άληθῶς
3253 4621 3476 4694 μωρός;
3526 4619 3629 4671 οὐκ
3663 4613 3757 4668 lx-

2179 4747 2373 4802 φρων;
2407 4727 2472 4782 οὑ
2511 4723 2713 4780 πολλοῦ
2745 4723 2882 4777 δέων
2912 4723 2972 4775 τὸ
3014 4719 3261 4774 συνοῖσον
3295 4715 3560 4786 φρονεῖ-ος

2247 4864 2327 4920 Δ’.
2356 4862 2455 4918 Διὰ
2481 4861 2656 4916 ταῦτα
2677 4857 2857 4913 τοίνυν
2880 4853 3018 4926 ἐγὼ,
3063 4851 3313 4926 βασιλεῦ,
3380 4849 3482 4921 τὴν
3539 4843 3757 4916 πλάνην

2181 4953 2279 5007 καὶ
2308 4952 2437 5016 τοὺς
2467 4949 2674 5023 μύθους
2703 4949 2830 5012 τοὺς
2874 4945 3177 5018 ὑμετέρους
3211 4940 3311 4998 καὶ
3355 4939 3515 5003 θεοὺς
3562 4935 3757 5009 βδελυ-

2187 5044 2441 5116 ξάμενος,
2477 5043 2568 5097 καὶ
2596 5043 2778 5096 πᾶσαν
2802 5042 2904 5111 τὴν
2937 5036 3277 5110 φαινομένην
3314 5031 3521 5102 ταύτην
3569 5027 3759 5082 εὐδαιο

2187 5135 2874 5207 μονίαν-ἐξαρνησάμενος,
2925 5131 3072 5201 μόνῳ
3130 5145 3192 5182 τε
3249 5123 3630 5199 προσέδραμον
3675 5116 3760 5187 τῷ

2177 5227 2424 5300 Χριστῷ.
2449 5229 2544 5282 καὶ
2576 5225 3046 5296 κακοδαιμνονεῖν,
3101 5219 3177 5284 ὡς
3208 5218 3370 5280 αὐτὸς
3403 5211 3589 5278 εϊπας,
3622 5211 3764 5300 ind.-

2181 5299 2354 5393 πησα,
2378 5299 2443 5373 τὸ
2469 5320 2646 5374 δοκεῖν
2672 5318 2766 5372 τοῦ
2817 5311 2957 5371 εἶναι
2999 5313 3182 5386 μωρὸς
3233 5307 3623 5382 προελόμενος.
3673 5299 3761 5354 Τά

2185 5417 2282 5488 μὲν
2313 5413 2405 5468 οὖν
2432 5413 2678 5485 ἡμέτερα
2711 5411 2770 5478 ἐξ
2797 5409 2977 5465 αὐτῶν
3007 5405 3166 5478 ήμῶν
3213 5403 3315 5475 ήδη
3358 5397 3600 5457 ἀκούσας
3663 5409 3759 5488 μευ

2185 5484 2437 5579 μάθηκας
2473 5484 2487 5533 έ
2523 5503 2593 5558 τὰ
2626 5504 2682 5558 δέ
2706 5502 2799 5557 τοῦ
2837 5499 3110 5573 Χριστοῦ,
3141 5494 3197 5550 εί
3231 5511 3298 5565 γε
3346 5490 3528 5563 βούλει
3583 5484 3758 5579 πείρᾳ

2185 5578 2396 5670 μαθεῖν,
2434 5597 2508 5668 μὴ
2561 5596 2740 5663 μέλλε.
2786 5593 3026 5648 Ἐπινόει
3081 5589 3141 5644 δέ
3185 5585 3387 5655 πολλήν
3431 5598 3556 5637 τινα
3616 5578 3758 5647 ταχυ

2181 5691 2278 5746 καὶ
2301 5687 2480 5758 δεινὴν
2511 5687 2636 5745 καθ’
2664 5687 2821 5757 ήμῶν
2861 5685 3095 5756 βάσανον
3120 5697 3133 5711 ’
3169 5680 3261 5734 καὶ
3284 5678 3336 5732 εί
3381 5676 3435 5729 τί
3482 5691 3566 5727 σοι
3590 5671 3760 5727 ἐνδέει

2183 5782 2318 5856 πρδς
2353 5785 2412 5835 τδ
2440 5783 2676 5835 ἐπινοεῖν
2714 5779 3078 5849 κολαστήρια,
3118 5775 3253 5844 ἐγὼ,
3288 5771 3354 5842 τῇ
3410 5766 3538 5837 περὶ
3580 5761 3760 5818 ταῦτα
