4094 6384
355 395 464 460 405

1244 403 1710 467 MARTYRIUM
1753 407 1812 466 S.
1855 407 2089 466 ΜΕΝιΕ
2127 409 2221 468 ΕΤ
2258 411 2664 479 SOCIORUM.

3505 415 3632 476 4062

357 505 527 575 πολλῇ
587 506 871 577 γυμνασίᾳ
927 506 1065 578 πρὸς
1119 509 1430 582 ἀκροτάτην
1478 516 1674 586 πεῖραν
1722 515 1894 570 ἐλθὼν

2043 529 2271 582 restant.
2306 522 2577 578 revocabo
2608 523 2662 578 in
2685 525 3026 580 memoriam.
3061 523 3253 594 Objice
3281 525 3492 591 bestils,
3518 529 3616 584 (1ο-

355 597 668 668 ύπομνήσω
690 598 760 651 τά
814 600 909 652 καὶ
957 597 1284 669 λειπόμενα.
1338 603 1644 660 ’Υπόὸαλλε
1697 606 1931 678 θηρίοις,

353 689 490 743 ὤθει
536 689 680 743 κατὰ
726 690 999 762 κρημνοῦ,
1058 692 1295 746 κατάδυε
1345 697 1413 766 τῇ
1468 695 1732 769 θαλάττῃ,
1761 700 1829 766 τῇ
1863 701 1935 769 γῇ

356 782 685 853 κατόρυττε,
738 785 908 854 τέμνε
965 785 1129 855 ξίφει,
1196 789 1319 842 καῖε
1360 791 1516 860 πυρὶ,
1565 791 1784 860 ἑκάστῳ
1827 793 1937 848 τῶν

358 874 543 945 μελῶν
581 877 897 948 πρόσφορον
947 881 1153 933 ἐπινόει
1202 883 1295 934 καὶ
1328 882 1569 938 κόλασιν.
1628 885 1787 940 Οὕτω
1825 887 1936 959 γὰρ

357 966 516 1036 κάγὼ
541 969 649 1038 πρὸ
674 969 876 1039 μικροῦ
906 971 1240 1042 τυφλώττων
1269 975 1548 1044 πεποίηκα
1575 978 1652 1050 τῷ
1677 980 1796 1049 ὲμῷ
1822 998 1936 1050 φωο

356 1060 520 1128 στῆρι
550 1059 650 1113 καὶ
689 1062 826 1132 πρὸς
875 1063 974 1135 τὴν
1016 1065 1282 1137 ἀλήθειαν
1332 1071 1819 1142 χειραγωγήσαντί
1863 1092 1933 1143 με

351 1151 543 1220 Μηνᾷ.
587 1152 646 1204 '0
679 1154 779 1221 μὲν
810 1151 904 1208 οὖν
937 1154 1128 1225 δῆμος.
1161 1157 1306 1212 οὕτω
1337 1160 1436 1213 σὺν
1465 1161 1627 1235 τέχνῃ
1663 1165 1758 1216 καὶ
1790 1168 1934 1236 παρ-

353 1241 522 1312 ρησίᾳ
541 1243 634 1296 τοῦ
652 1245 1015 1316 Ἑρμογένους
1033 1249 1304 1315 εἰπόντος,
1322 1253 1420 1320 τῆς
1435 1270 1494 1305 τε
1523 1254 1745 1324 ἀνδρίας
1768 1256 1930 1310 αὑτὸν

351 1337 452 1389 καὶ
482 1337 581 1403 τῆς
613 1337 752 1407 πρὸς
787 1339 846 1390 τὸ
894 1339 1080 1406 λέγειν
1126 1341 1410 1411 δυνάμεως
1452 1345 1881 1417 κατεπλάγησαν
1911 1363 1928 1380 ο

351 1429 382 1482 ό
413 1429 468 1481 δὲ
505 1428 779 1498 βασιλεὺς.
816 1432 940 1483 ἐπεὶ
971 1433 1109 1504 μήτε
1135 1437 1420 1488 ἀντειπεῖν
1468 1433 1581 1506 εἷχε
1609 1440 1723 1499 τοῖς
1771 1440 1928 1511 εἰρη-

357 1525 539 1584 μένοις
574 1521 622 1581 (ὃ
660 1539 715 1572 τε
749 1521 858 1590 γάρ
889 1523 1062 1591 δῆμος
1098 1526 1424 1597 ἐμαρτύρει,
1478 1535 1572 1584 καὶ
1628 1533 1688 1585 τὸ
1737 1533 1928 1606 θαῦμα

351 1609 498 1661 κατὰ
530 1611 824 1679 πρόσωπον
848 1615 1081 1685 ἵστατο),
1117 1617 1236 1688 ἅμα
1279 1637 1338 1672 τε
1375 1622 1700 1691 διανοηθεὶς,
1729 1625 1824 1690 ὡς,
1877 1629 1927 1681 εἰ

351 1702 596 1770 χωρήσω
633 1702 766 1771 προς
795 1707 892 1769 τὴν
917 1704 1097 1776 πάλην
1127 1709 1237 1762 τῶν
1268 1709 1461 1776 λόγων,
1494 1713 1926 1785 αἰσχυνθήσεται

354 1792 459 1859 μὲν
494 1793 679 1854 αὐτὸς.
713 1795 1134 1866 ἐλεγχθήσονται
1180 1800 1239 1854 δὲ
1288 1804 1384 1855 καὶ
1434 1805 1485 1857 οἱ
1535 1807 1726 1859 τούτου
1776 1810 1923 1876 Osci,

351 1886 558 1954 ἀπορία
590 1890 684 1939 καὶ
713 1887 858 1958 λύπῃ
891 1891 1236 1960 περισχεθεὶς
1268 1895 1559 1950 ἐκέλευσεν
1586 1899 1786 1952 αὐτίκα
1826 1902 1924 1965 τάς

345 1991 408 2028 τι
429 1981 634 2044 χεῖρας
667 1977 758 2030 τοῦ
788 1980 943 2046 άγίου
991 1985 1087 2035 καὶ
1134 1985 1260 2048 τοὺς
1309 1988 1497 2050 πόδας,
1551 1991 1652 2054 τὰς
1713 1993 1812 2062 μὲν
1861 1997 1926 2049 ὲκ

343 2071 458 2120 τῶν
491 2069 679 2139 ὤμων,
709 2075 836 2134 τοὺς
864 2074 920 2126 δὲ
947 2075 1056 2126 τῶν
1087 2079 1332 2145 γονάτων
1359 2080 1503 2150 ξίφει
1547 2085 1924 2156 ἀποτεμόντας

346 2163 443 2214 καὶ
470 2163 536 2214 τά
568 2164 716 2215 ἔνδον
768 2167 948 2220 πάντα
993 2167 1317 2240 διαρρυῆναι
1365 2180 1920 2245 παρασκευάσαντας,

343 2253 406 2306 to
439 2257 812 2325 περιλειφθὲν,
867 2259 949 2312 ἔτι
989 2262 1252 2330 ἐμπνέον,
1300 2267 1584 2322 ἀκοντίσαι
1638 2274 1780 2327 κατά
1827 2275 1920 2327 τοῦ

340 2347 443 2415 τὴν
476 2348 630 2400 πόλιν
669 2353 1079 2422 παραρρέοντος
1126 2358 1396 2428 ποταμοῦ.
1445 2364 1506 2415 Ol
1535 2363 1637 2433 μὲν
1687 2365 1782 2420 οῦν
1828 2369 1921 2440 δή·

343 2455 460 2505 μιοι
492 2440 683 2506 γυμνὰ
711 2442 778 2493 τὰ
810 2442 939 2510 ξίφη
971 2443 1251 2514 φέροντες,
1303 2448 1400 2500 καὶ
1449 2450 1661 2521 ἀπηνὲς
1701 2452 1923 2523 βλέπον-

334 2543 432 2590 τες
465 2530 690 2599 ςοῦεροί
721 2548 866 2594 τινες
896 2532 1047 2596 ὄντες
1081 2537 1176 2589 καλ.
1216 2537 1378 2606 μόνον
1426 2539 1576 2606 ἰδεῖν,
1620 2545 1711 2596 τὸν
1761 2545 1918 2612 ἅγιον

337 2623 700 2691 περισχόντες
727 2625 1022 2688 εὐθὺς,νῦν
1055 2629 1153 2696 μὶν
1188 2629 1352 2682 αὐτοῦ
1380 2631 1480 2693 τὰς
1507 2636 1698 2703 χεῖρας
1723 2636 1916 2706 ὠμῶς,
1949 2679 1972 2700 ,

334 2707 496 2776 αὖθις
526 2714 582 2766 δὲ
617 2716 712 2769 καὶ
745 2717 872 2776 τοὺς
921 2718 1088 2782 πόδας
1139 2720 1384 2790 ἀνηλεῶς
1435 2723 1688 2794 ἔτεμνον.
1749 2727 1809 2782 ’0
1859 2728 1917 2783 δὲ

335 2805 548 2872 ἔκαμνε
583 2806 683 2875 μὲν
710 2807 1034 2878 ἐπαλλήλοις
1083 2815 1202 2874 ταῖς
1229 2812 1492 2882 ἀλγηδόσι
1556 2815 1908 2887 βαλλόμενος,

337 2900 691 2969 ἐνεκαρτέρει
741 2902 798 2955 δὲ
848 2903 1040 2969 οὕτως,
1105 2904 1296 2976 ὥσπερ
1352 2908 1451 2961 οὐκ
1477 2909 1641 2972 αὐτὸς
1687 2911 1914 2983 πάςχων

332 2987 455 3039 ἀλλ’
489 2990 696 3058 ἑτέρων
735 2991 940 3061 μᾶλλον
969 2992 1336 3063 αἰκιζομένων
1370 2997 1446 3050 ῶν
1482 2999 1708 3071 θεατής.

404 3081 534 3134 Afx’.
579 3080 666 3144 Ὧς
692 3083 750 3136 δὲ
798 3085 892 3136 καὶ
925 3087 994 3140 τὰ
1043 3087 1210 3140 αὐτοῦ
1270 3089 1409 3157 μέλη
1457 3091 1534 3158 τῷ
1579 3093 1716 3164 πυρὶ
1764 3096 1912 3168 ἑώρα

2040 614 2200 668 turba
2233 629 2263 668 e
2293 616 2614 685 prazcipitio,
2641 616 2777 672 mari
2804 616 3000 684 obrue,
3029 627 3173 675 terra
3206 617 3411 686 infode,
3432 621 3638 691 gladio-

2039 704 2250 769 scinde,
2277 706 2386 776 igni
2406 707 2691 771 combure,
2719 708 3015 780 unicuique
3037 711 3285 766 membro
3301 715 3638 783 appositum;

2037 796 2286 867 excogita
2320 797 2672 867 supplicium.
2721 798 2816 854 Sic
2857 800 3008 855 enim
3066 815 3166 872 ego
3195 817 3414 870 quoque
3447 803 3638 872 paulo-

2036 896 2160 942 ante
2193 890 2510 954 excutiens,
2546 889 2650 944 feci
2686 906 2811 946 meo
2833 891 3120 954 luminari,
3147 899 3204 945 et
3250 893 3346 962 qui
3381 908 3468 948 me
3513 895 3610 950 de-

2035 979 2191 1034 duxit
2215 980 2280 1034 ad
2313 983 2625 1046 veritatem,
2646 981 2837 1037 Menas.
2873 982 3055 1052 Atque
3079 983 3316 1052 populus
3359 984 3634 1054 quidem..

2034 1085 2158 1125 cum
2195 1080 2302 1125 tam
2334 1071 2628 1128 artificiose
2658 1083 2713 1129 et
2759 1073 2931 1130 libere
2958 1074 3186 1130 dixisset
3212 1074 3633 1146 Hermogenes,

2031 1162 2338 1217 admiratus
2382 1173 2466 1218 est
2514 1165 2634 1235 ejus
2666 1165 2834 1220 animi
2868 1166 3150 1232 virtutem,
3174 1177 3231 1222 et
3282 1166 3501 1222 dicendi
3524 1168 3606 1222 fa-

2033 1255 2318 1310 cultatem.
2350 1255 2650 1325 Imperator
2674 1267 2857 1312 autem
2891 1275 3016 1314 eum
3045 1275 3146 1314 nec
3177 1258 3444 1315 adversus
3471 1275 3617 1330 qure-

2031 1344 2175 1400 dicta
2202 1347 2435 1410 fuerant,
2463 1359 2648 1417 posset
2678 1349 2884 1418 aliquid
2907 1351 3092 1406 dicere
3124 1351 3270 1420 (nam
3295 1360 3346 1406 et
3371 1351 3633 1421 populus.

2032 1438 2451 1503 testiﬁcabatur,
2471 1435 2599 1495 etin
2623 1450 2918 1511 conspectu
2947 1443 3066 1512 ejus
3087 1451 3206 1497 erat
3234 1442 3608 1508 miraculum),

2027 1540 2085 1587 et
2115 1531 2279 1586 simul
2310 1534 2556 1605 cogitans
2582 1535 2728 1604 quod
2758 1534 2802 1589 si
2839 1534 2906 1588 ad
2959 1535 3175 1590 dicendi
3228 1535 3444 1590 veniret
3473 1551 3610 1591 con-

2029 1625 2358 1691 tentionem,
2417 1626 2533 1695 ipse
2586 1626 2809 1696 quidem
2851 1627 3061 1697 pudore
3091 1626 3421 1692 afﬁceretur,
3490 1629 3609 1697 ejus

2026 1731 2160 1770 vero
2189 1717 2265 1771 dii
2294 1716 2698 1781 refellerentur,
2731 1718 2897 1772 animi
2946 1718 3149 1773 dubius
3193 1729 3250 1774 et
3305 1718 3494 1773 dolore
3527 1717 3609 1771 af-

2028 1803 2223 1871 fectus,
2249 1807 2418 1878 jussit
2453 1808 2626 1863 sancti
2669 1824 2865 1863 manus
2905 1816 2962 1864 et
3009 1809 3196 1879 pedes,
3231 1809 3352 1864 illas
3383 1808 3606 1880 quidem

2027 1915 2094 1954 ex
2121 1900 2388 1967 humeris,
2421 1902 2522 1956 hos
2551 1909 2733 1957 autem
2757 1918 2824 1958 ex
2853 1903 3086 1973 genibus
3105 1918 3234 1956 ense
3267 1910 3602 1972 amputatos,

2029 1991 2149 2061 ipso
2182 1991 2423 2058 vidente,
2443 1993 2550 2063 jaci
2573 1994 2627 2048 in
2661 1993 2839 2048 focum
2873 1993 3034 2061 ignis.
3069 1993 3278 2048 Deinde
3317 2008 3442 2048 cum
3469 2009 3605 2048 ven.

2026 2090 2164 2136 trem
2191 2091 2354 2138 conto
2373 2083 2794 2154 percussissent,
2812 2093 2868 2139 et
2884 2083 3066 2138 omnia
3085 2083 3400 2139 effecissent
3433 2083 3607 2138 liuere

2029 2172 2320 2240 intestina,
2357 2175 2410 2228 id
2442 2175 2590 2244 quod
2617 2176 2860 2230 restabat
2879 2175 3059 2230 adhuc
3075 2177 3290 2245 spirans
3303 2176 3490 2245 jacere
3509 2189 3608 2230 eos

2016 2263 2182 2333 jussit
2207 2265 2262 2318 in
2292 2264 2538 2332 ﬂuvium,
2568 2268 2660 2337 qui
2681 2267 3003 2337 praeterﬂuit
3028 2267 3328 2322 civitatem.
3355 2267 3609 2320 Lietores

2022 2372 2153 2426 ergo
2171 2356 2349 2412 nudos
2368 2372 2528 2414 enses
2571 2358 2837 2424 ferentes,
2878 2367 2935 2414 et
2953 2357 3254 2414 crudeliter
3302 2358 3604 2422 intuentes.

2020 2465 2144 2505 cum
2179 2461 2364 2507 essent
2417 2453 2504 2506 vel
2557 2453 2675 2507 solo
2729 2462 2954 2522 aspectu
3010 2451 3311 2516 terribiles,
3351 2459 3603 2506 sanctum

2019 2542 2204 2597 statim
2239 2544 2732 2606 circumsistentes,
2783 2542 3026 2612 primum
3052 2542 3279 2612 quidem
3300 2541 3604 2596 crudeliter

2021 2649 2238 2701 manus,
2268 2635 2464 2691 deinde
2495 2651 2688 2691 rursus
2706 2651 2925 2704 quoque
2953 2633 3121 2704 pedes
3150 2632 3462 2688 immaniter
3482 2649 3603 2687 am-

2018 2737 2371 2796 putaverunt.
2409 2727 2502 2783 Ille
2528 2737 2711 2782 autem
2745 2728 3028 2782 laborabat
3054 2727 3276 2796 quidem
3338 2725 3604 2795 frequen-

2020 2821 2169 2876 tibus
2195 2821 2480 2876 confectus
2500 2821 2784 2876 doloribus
2810 2820 2981 2875 :adeo
3011 2835 3144 2874 vero
3163 2835 3220 2874 se
3245 2819 3440 2874 fortem
3466 2833 3602 2888 pras-

2015 2913 2199 2979 bebat,
2230 2929 2294 2968 ac
2325 2915 2368 2968 si
2402 2929 2511 2968 non
2565 2913 2682 2984 ipse
2727 2921 3033 2984 pateretur,
3096 2916 3193 2968 sed
3218 2913 3363 2968 alios
3411 2912 3613 2983 potius.

2016 3006 2235 3060 videret
2274 3006 2502 3062 affectos
2527 3006 2836 3076 suppliciis.

2088 3098 2282 3153 XXXI.
2320 3101 2613 3168 Postquam
2641 3109 2826 3154 autem
2862 3098 3001 3153 vidit
3029 3113 3127 3154 sua
3189 3096 3436 3153 membra
3476 3097 3613 3169 igne

330 3174 852 3240 κατατεφρούμενα,
893 3177 1084 3247 διάρας
1103 3179 1300 3249 μικρόν
1322 3197 1372 3233 τι
1395 3181 1494 3252 τὴν
1517 3184 1780 3256 κεφαλὴν,
1813 3193 1911 3242 καὶ

2018 3190 2234 3246 redacta
2261 3191 2317 3246 in
2339 3191 2608 3256 cinerem,
2648 3200 2815 3261 caput
2869 3205 3063 3260 parum
3095 3190 3375 3250 attollens,
3435 3198 3491 3245 et
3529 3189 3596 3243 ad

327 3264 471 3332 πρὸς
490 3264 587 3333 τὴν
613 3265 848 3335 ἐσχάραν
867 3269 1270 3339 ἐμϐλέψας,⁹Ως
1297 3274 1589 3344 μακάριος,
1609 3271 1783 3341 εἶπεν,
1805 3279 1915 3349 ἐγὼ

325 3356 415 3407 ὅτι
449 3373 552 3420 μου
577 3357 674 3418 τὰς
698 3363 885 3428 χεῖρας
921 3360 1376 3426 διαπετασθείσας
1408 3366 1538 3419 ποτὲ
1573 3367 1716 3432 θεοῖς
1762 3371 1918 3426 ἀλλο-

325 3449 510 3514 τρίοις
543 3451 638 3502 καὶ
675 3452 800 3514 τοὺς
843 3453 1011 3517 πόδας
1031 3455 1090 3506 ὲν
1119 3457 1300 3530 πλάνῃ
1346 3464 1854 3532 περιπατήσαντος,
1886 3467 1915 3520 ό

327 3542 578 3610 Χριστὸς
607 3547 686 3606 εἰς
714 3544 909 3598 ουσίαν
925 3549 1383 3621 όλοκαρπούμενα
1409 3554 1650 3624 σήμερον
1673 3556 1909 3626 δέχεται.

335 3634 548 3686 Αὐτίκα
575 3636 755 3688 τοίνυν
782 3641 830 3690 οί
857 3641 1192 3708 στρατιῶται
1225 3644 1368 3712 μετά
1419 3645 1519 3714 τὴν
1547 3647 1654 3702 τῶν
1707 3648 1912 3719 χειρῶν

325 3741 386 3776 τε
426 3728 521 3778 καὶ
552 3728 732 3779 ποδῶν
761 3730 1001 3800 ἐκτομὴν
1042 3735 1180 3802 πρὸς
1209 3735 1310 3806 τὴν
1352 3739 1598 3807 γαστέρα
1642 3741 1910 3808 ἐχώρουν,

328 3817 426 3870 καὶ
453 3818 634 3887 κοντῷ
670 3820 768 3889 μὲν
798 3821 972 3891 αὐτὴν
1003 3824 1232 3893 έτυψαν,
1264 3827 1330 3881 τά
1364 3828 1573 3897 ἔγκατα
1608 3832 1663 3884 δὲ
1711 3835 1906 3905 specu.

326 3910 502 3971 Αὐτὸς
557 3909 635 3972 δὲ,
689 3913 959 3968 ἐκλείπων
1020 3915 1119 3986 μὲν
1181 3913 1248 3988 ἦν
1286 3921 1386 3990 ἠδη
1425 3925 1521 3975 καὶ
1573 3923 1805 3993 ἀδρανὲς
1855 3944 1910 3980 τι

326 4000 659 4068 περισὼξων
712 4003 775 4056 τὸ
835 4007 1076 4077 πνεῦμα,
1128 4010 1274 4064 οὕτω
1323 4013 1379 4065 δὲ
1433 4011 1582 4084 εἶχεν
1633 4016 1908 4086 εὐψύχως,

324 4091 520 4162 ῶσπερ
550 4094 674 4164 ἄρτι
709 4096 820 4149 τῶν
850 4097 1081 4165 ἀγώνων
1129 4103 1454 4172 ἀρχόμενος.
1517 4108 1639 4160 Ἔτι
1673 4105 1768 4163 οὖν
1813 4111 1911 4182 ἐμ-

324 4184 564 4238 πνέοντα
589 4186 782 4239 τοῦτον
811 4192 857 4242 οί
895 4193 1227 4260 στρατιῶται
1257 4195 1738 4272 ).α6ὖντες,ὥσπερ
1767 4197 1910 4271 ἦσαν

325 4280 823 4347 προστεταγμένοι,
864 4281 941 4351 τῷ
979 4285 1212 4355 ποταμῷ
1246 4289 1691 4347 κατεπόντωσαν.
1750 4293 1908 4350 Ἐπεὶ

322 4368 378 4420 δὲ
413 4368 725 4437 Μαξιμῖνος
779 4374 882 4442 τὴν
910 4377 1039 4442 περὶ
1085 4378 1180 4430 τὸν
1246 4380 1503 4449 μάρτυρα
1569 4384 1908 4456 Ἑρμογένην

323 4461 587 4528 φροντίδα
629 4463 727 4531 ὀψέ
761 4481 863 4518 που
899 4467 1002 4518 οιαὶ
1048 4467 1203 4536 μόλις
1243 4470 1688 4542 ἀπεσκευάσατο,
1741 4478 1905 4541 εὐθὺς

321 4552 420 4618 τῆς
455 4555 585 4622 περὶ
615 4555 709 4606 τὸν
745 4557 1020 4626 μακάριον
1051 4559 1244 4628 Μηνᾶν
1302 4563 1487 4631 εἴχετο
1533 4565 1898 4638 διασκέψεως.

320 4641 523 4705 Δείσας
557 4642 616 4694 δὲ
668 4644 742 4713 μή
774 4661 907 4697 ποτε
944 4646 1083 4715 πρὸς
1125 4647 1322 4715 λόγους
1367 4651 1517 4722 αὑτῷ
1576 4656 1898 4726 γενόμενος,

321 4736 445 4786 ἐπεὶ
473 4735 743 4804 κρείττων
780 4738 815 4809 ἢ
854 4740 996 4792 κατὰ
1022 4740 1313 4811 ἄνθρωπον
1341 4745 1629 4814 ἐνομίζετο
1677 4753 1792 4814 τοῖς
1841 4769 1900 4804 τε

319 4825 568 4896 θαύμασι
597 4830 692 4882 καὶ
723 4833 790 4900 τῇ
824 4832 956 4903 περὶ
983 4833 1043 4886 τὸ
1089 4833 1272 4902 λέγειν
1324 4836 1468 4906 ίσχύῖ
1499 4878 1514 4902 ,
1573 4839 1736 4906 αὐτὸς
1798 4843 1900 4911 μὲν

318 4923 603 4992 ἡττηθεὶς.
637 4924 903 4994 αἰσχύνην
938 4925 1102 5000 δφλῃ,
1153 4931 1546 5002 προσαπολέσῃ
1581 4933 1640 4986 δὲ
1667 4936 1760 4988 καὶ
1801 4935 1899 4999 οὓς

318 5011 470 5083 εἶχεν
502 5015 584 5068 ἔτι
623 5019 689 5083 τῇ
725 5018 905 5090 πλάνῃ
931 5023 1389 5091 κατισχομένους,
1434 5028 1550 5088 τοῖς
1583 5027 1678 5080 τοῦ
1735 5028 1896 5096 ἁγίου

315 5105 600 5175 θαύμασιν
643 5107 990 5178 ὑπαχθέντας
1047 5113 1186 5183 πρὸς
1237 5113 1337 5183 τὴν
1385 5115 1668 5185 ἀλήθειαν,
1718 5120 1900 5173 πάντα

313 5196 730 5267 παραδραμὼν,
766 5198 983 5254 κελεύει
1011 5201 1244 5271 ζοφώδει
1272 5203 1382 5257 τινὶ
1423 5205 1520 5258 καὶ
1555 5207 1898 5281 παραϐύστῳ

311 5286 790 5353 κιτακλεὶσαντας
835 5291 1052 5364 φυλακῇ
1097 5296 1292 5366 πρῶτα
1331 5297 1432 5366 μὲν
1478 5298 1664 5365 αὐτὸν,
1721 5301 1892 5372 ἐκδή-

310 5395 522 5443 σαντας
553 5383 666 5436 τῶν
691 5384 915 5455 χειρῶν,
945 5386 1243 5460 ἐξαρτῆσαι
1274 5389 1372 5444 τοῦ
1401 5391 1630 5459 στέγους
1666 5408 1682 5423 ·
1707 5393 1901 5448 ἔπειτα

310 5473 414 5525 καὶ
443 5472 598 5527 λίθον
629 5475 796 5531 αὑτοῦ
824 5478 936 5533 τῶν
956 5479 1134 5534 ποδῶν
1167 5483 1512 5554 ἑκκρεμάσαι
1534 5483 1678 5538 οὕτω
1701 5485 1897 5557 βαρὺν,

305 5559 458 5646 dies:
496 5566 591 5617 καὶ
625 5566 817 5641 ἁμάξῃ
843 5569 1072 5625 τιθέντα
1117 5571 1195 5644 μὴ
1219 5574 1456 5644 φορητὸν
1491 5569 1633 5629 εἶναι
1660 5575 1894 5646 ῥᾳδίως·

307 5643 438 5700 εἶτα
477 5651 813 5709 καταλιπεῐν
846 5657 1035 5726 αὐτὸν,
1066 5643 1209 5715 ὥστε
1236 5643 1669 5717 διασπασθέντα
1704 5643 1896 5735 βιαίως

307 5739 631 5798 ἀποθανεῖν.

380 5837 507 5891 AB’.
574 5840 752 5909 Εὐθὺς
801 5843 896 5899 οῦν
941 5845 992 5900 οί
1062 5847 1197 5920 πρὸς
1269 5847 1442 5904 ταῦτα
1492 5849 1898 5924 διενεργοῦντις

2015 3283 2199 3337 focum
2240 3283 2560 3354 aspiciens:
2612 3281 2785 3348 Quam
2821 3281 2950 3337 felix
3019 3296 3163 3346 sum,
3223 3279 3611 3350 inquit,quod.

2014 3389 2212 3430 manus
2239 3391 2409 3442 meas,
2445 3391 2583 3445 quas
2615 3373 2912 3444 aliquando
2945 3374 3166 3430 extendi
3198 3373 3264 3428 ad
3296 3373 3431 3428 deos
3464 3373 3598 3427 alie-

2013 3481 2134 3530 nos,
2177 3475 2231 3522 et
2280 3469 2449 3537 pedes
2498 3467 2592 3537 qui
2625 3467 3053 3522 ambulaverunt
3079 3466 3132 3520 in
3188 3481 3403 3528 errore,
3441 3465 3602 3519 Deus.

2014 3559 2180 3615 hodie
2215 3559 2417 3628 accipit
2445 3569 2505 3614 ut
2533 3559 2716 3614 oblata
2748 3559 2798 3614 ei
2833 3559 2888 3612 in
2912 3557 3266 3612 sacrificium.
3328 3556 3600 3612 Protinus

2013 3660 2195 3707 autem
2237 3651 2465 3712 milites,
2511 3658 2802 3719 postquam
2851 3649 3084 3704 abcissae
3147 3647 3601 3704 Iueruntmanus

2010 3750 2068 3797 et
2115 3741 2304 3807 pedes,
2367 3741 2436 3795 ad
2467 3750 2717 3796 ventrem
2775 3757 2834 3796 se
2887 3741 3284 3807 contulerunt;
3324 3749 3380 3795 et
3428 3748 3595 3795 conto

2011 3833 2233 3904 quidem
2269 3849 2396 3887 eum
2450 3833 2839 3897 verberarunt,
2890 3833 3170 3887 fluxerunt
3230 3841 3413 3886 autem
3455 3831 3596 3886 inte—

2007 3924 2171 3978 stina.
2205 3923 2326 3994 Ipse
2357 3939 2488 3978 vero
2515 3925 2625 3994 jam
2664 3923 2888 3994 quidem
2934 3923 3250 3986 deficiebat,
3301 3931 3360 3976 et
3402 3922 3593 3977 imbe-

2009 4016 2195 4071 cillum
2228 4015 2411 4071 adhuc
2436 4017 2803 4071 conservabat
2830 4015 3085 4084 spiritum
3116 4033 3131 4070 :
3164 4025 3274 4070 tam
3308 4029 3590 4086 generoso

2006 4114 2191 4160 autem
2219 4115 2344 4161 erat
2375 4115 2431 4160 et
2461 4105 2586 4160 forti
2619 4105 2823 4169 animo,
2847 4120 3010 4175 quam
3035 4104 3082 4160 si
3116 4105 3280 4159 modo
3333 4103 3596 4173 cepisset

2009 4199 2321 4254 decertare.
2350 4197 2489 4254 Cum
2542 4214 2670 4253 eum
2712 4213 2844 4268 ergo
2875 4196 3061 4252 adhuc
3099 4196 3404 4267 spirantem
3434 4210 3602 4251 acce-

2013 4292 2226 4362 pissent
2280 4290 2506 4354 milites,
2544 4290 2690 4345 sicut
2737 4289 2876 4360 jussi
2909 4289 3148 4354 fuerant,
3192 4289 3245 4344 in
3287 4287 3460 4344 ﬂuvio
3491 4287 3593 4343 dc-

2008 4391 2340 4438 merserunt.
2374 4381 2670 4452 Postquam
2712 4392 2894 4436 autem
2946 4380 3279 4436 Maximinus
3333 4379 3403 4436 de
3438 4379 3588 4434 mar-

2011 4483 2128 4545 tyre
2167 4473 2512 4544 Hermogene
2561 4473 2653 4527 vix
2690 4472 2912 4528 tandem
2965 4471 3224 4542 deposuit
3257 4470 3611 4527 sollicitudit

2011 4581 2160 4630 nem,
2218 4564 2474 4635 protinus
2508 4564 2577 4620 de
2629 4563 2790 4619 beato
2820 4563 2975 4619 Mena
3022 4564 3193 4635 coepit
3258 4563 3589 4620 deliberare.

2006 4657 2146 4713 Cum
2171 4673 2302 4712 vero
2335 4658 2573 4722 timeret,
2607 4673 2698 4720 ne,
2732 4656 2777 4711 si
2796 4671 2922 4712 cum
2955 4671 3025 4711 eo
3050 4656 3404 4713 disseruisset
3430 4657 3601 4727 (quo-—

2009 4751 2157 4805 niam
2195 4762 2251 4807 et
2277 4750 2562 4805 miraculis
2584 4759 2641 4805 et
2667 4750 2890 4805 dicendi
2923 4749 3182 4805 facultate
3231 4749 3590 4805 existimaba-

2013 4851 2102 4898 tur
2126 4859 2248 4900 esse
2275 4858 2440 4914 supra
2467 4844 2796 4911 hominem),
2836 4844 2952 4914 ipse
3009 4845 3234 4913 quidem
3283 4844 3465 4899 victus
3495 4843 3592 4898 de~
3681 4889 3690 4899 .

2009 4936 2388 5002 decoraretur,
2437 4947 2493 4992 et
2540 4953 2637 4994 eos
2677 4938 2841 4991 etiam
2885 4935 3165 5006 perderet,
3205 4949 3346 5004 quos
3408 4934 3601 4988 adhuc

2011 5028 2249 5083 habebat
2271 5044 2458 5083 errore
2479 5029 2807 5098 implicatos,
2831 5028 3008 5083 sancti
3034 5026 3312 5081 miraculis
3336 5025 3599 5080 inductos

2009 5120 2078 5175 ad
2109 5119 2395 5176 veritatem
2425 5137 2439 5174 :
2471 5121 2734 5175 omnibus
2767 5118 3351 5190 praetermissis,jubet
3380 5127 3591 5172 utcum

2011 5214 2067 5268 iu
2121 5214 2360 5270 obscuro
2404 5225 2461 5270 et
2517 5215 2865 5270 tenebricoso
2933 5227 3161 5268 carcere
3205 5209 3582 5266 inclusissent.

2008 5307 2247 5376 primum
2277 5307 2502 5377 quidem
2529 5308 2775 5362 vinctura
2820 5304 3127 5358 manibusa
3162 5309 3310 5356 tecto
3351 5315 3592 5370 suspen-

2007 5400 2225 5463 derent.
2260 5400 2459 5455 deinde
2490 5401 2656 5454 etiam
2692 5398 2759 5452 ab
2782 5398 2902 5466 ejus
2927 5396 3157 5465 pedibus
3200 5393 3437 5464 lapidem
3488 5409 3588 5463 ap-

2008 5491 2316 5561 penderent
2339 5493 2478 5546 adeo
2508 5505 2750 5561 gravem,
2782 5497 2842 5542 ut
2871 5487 3123 5544 vehicqu
3159 5487 3469 5556 impositus,
3497 5485 3594 5544 vix

2009 5591 2193 5654 posset
2223 5583 2391 5648 ferri;
2424 5582 2626 5638 deinde
2655 5598 2780 5638 eum
2805 5581 3202 5652 relinquerent,
3239 5585 3302 5633 ut
3338 5577 3592 5634 divulsus

2008 5674 2279 5729 violenter
2301 5683 2633 5730 moreretur.

2080 5855 2278 5916 XXXII
2337 5857 2594 5916 Protinus
2627 5873 2758 5932 ergo
2786 5857 2823 5917 ii
2848 5871 3084 5932 quorum
3119 5864 3205 5914 est
3234 5855 3341 5912 hoc
3364 5867 3584 5920 munus,
