4094 6384
478 359 588 425 407

1709 359 1998 423 MENSIS
2038 356 2471 429 DECEMBER.

3616 359 3726 425 408

470 470 728 523 fecerunt
754 463 901 533 quod
940 462 1020 517 eis
1047 462 1227 517 fuerat
1258 458 1611 535 impetratum
1646 482 1658 519 :
1692 472 1746 520 et
1766 466 1848 521 sic
1870 466 2049 537 ipsum

2156 469 2298 523 κατά
2323 469 2386 522 τὺ
2434 471 2865 542 ἐπιτεταγμένον
2906 467 3148 536 ἔποίούν,
3200 466 3300 527 καλ⁸
3345 464 3522 532 οὕτως
3563 470 3730 527 αὐτὸν

472 557 760 614 dimittunt
785 573 1135 627 suspensum,
1159 559 1366 615 nullum
1395 560 1621 616 omnino
1646 561 1892 617 sinentes
1925 577 2051 617 eum

475 649 665 704 videre
698 648 766 703 ad
819 650 1277 708 consolationem.
1335 651 1572 708 Sanctus
1620 664 1804 709 autem
1838 668 1963 708 cum
1997 661 2054 708 et

462 740 642 811 capiti
667 740 938 811 impositis
977 742 1228 810 vinculis,
1260 752 1316 801 et
1344 744 1602 803 deorsum
1641 745 1893 801 trahente
1917 760 2054 816 pon-

475 835 608 890 dere
643 835 841 905 lapidis
864 836 1278 901 extenderetur,
1311 846 1366 895 et
1405 838 1457 894 ei
1498 837 1896 909 propemodum
1933 838 2051 893 dis-

475 924 1144 999 solverenturcompages,
1169 926 1325 982 nervi
1346 942 1477 982 vcro
1503 928 1966 992 convellerentur,
1993 936 2052 982 et

474 1031 671 1072 carnes
694 1017 1155 1084 dilacerarentur,
1184 1027 1241 1073 et
1276 1027 1335 1074 ut
1362 1019 1531 1079 semel
1562 1020 1767 1087 dicam,
1790 1020 1970 1074 omnis
1997 1020 2048 1074 ei

476 1108 581 1162 alia
611 1109 852 1178 graviter
893 1109 1324 1179 abrumperetur
1363 1110 1752 1174 commissura,
1786 1110 2049 1180 quamdiu

475 1203 699 1273 quidem
742 1203 890 1258 vires
935 1205 1184 1274 corporis
1235 1203 1575 1260 suffecerunt
1607 1203 1675 1259 ad
1728 1204 1893 1260 animi
1919 1220 2053 1260 con-

476 1296 761 1359 stantiam,
817 1298 1059 1366 graviter
1117 1297 1341 1369 quidem
1382 1298 1717 1369 patiebatur,
1782 1297 2051 1368 psallebat

472 1396 659 1443 autem
695 1389 914 1445 assidue
940 1407 955 1444 :
993 1409 1011 1442 ι
1034 1390 1172 1447 Vide
1194 1390 1560 1446 humilitatem
1582 1407 1785 1456 meam,
1809 1400 1863 1446 et
1892 1390 2051 1447 labo—

474 1498 591 1537 rem
627 1483 887 1551 mcum‘;
929 1502 949 1536 ι
1012 1494 1069 1541 et
1123 1484 1258 1543 illud
1295 1503 1310 1540 :
1368 1503 1387 1538 ι
1421 1485 1540 1540 Non
1577 1494 1709 1541 sunt
1762 1485 2048 1556 condigna:

475 1576 758 1644 passiones
784 1574 949 1646 hujus
997 1578 1264 1646 temporis
1296 1579 1365 1632 ad
1419 1578 1660 1633 futuram
1691 1578 1919 1649 gloriam
1945 1578 1990 1633 ν.
2024 1596 2045 1631 ι

473 1668 769 1736 Postquam
829 1676 1012 1727 autem
1080 1670 1242 1739 plane
1299 1671 1352 1727 ei
1408 1670 1753 1741 consumptis
1807 1669 2044 1735 viribus,

475 1774 628 1814 suam
654 1759 1095 1830 coniunctionem
1137 1763 1363 1823 omnino
1404 1763 1625 1834 negavit
1667 1772 1888 1829 natura,
1918 1777 2043 1818 cum

476 1851 705 1907 dixisset
736 1870 750 1906 :
782 1853 1000 1909 Gratias
1029 1870 1130 1926 ago
1160 1856 1279 1921 tlbi,
1315 1857 1569 1923 Domine,
1606 1857 1752 1927 quod
1783 1866 1876 1912 tua
1903 1855 2048 1912 bona

470 1944 816 2014 perceperim
859 1964 874 2000 :
911 1954 1168 2015 tanquam
1192 1947 1433 2016 pondere
1450 1948 1707 2018 supplicii
1738 1956 1970 2018 repente
1999 1949 2052 2004 ei

473 2051 609 2093 .voce
632 2051 899 2108 repressa,
936 2037 991 2094 in
1022 2053 1276 2111 soporem
1308 2040 1606 2108 resolutus,
1647 2041 1838 2096 tacuit.

552 2214 792 2275 XXXIII.
830 2217 1126 2287 Postquam
1177 2232 1312 2273 vero
1348 2217 1573 2288 utrique
1639 2217 1861 2273 athleta:
1898 2226 2051 2274 tanta

478 2308 786 2365 constantia
817 2316 873 2362 et
898 2307 1225 2367 fortitudine
1274 2309 1438 2365 desiit
1470 2319 1748 2366 certamen
1776 2310 2049 2383 martyrii,

476 2407 706 2467 repente
763 2398 1042 2454 aﬂuerunt
1097 2412 1344 2457 amantes
1363 2412 1418 2457 ct
1458 2403 1590 2459 socii
1629 2405 1808 2475 angeli
1842 2404 1909 2459 ad
1954 2419 2052 2462 cos

478 2489 904 2547 defendendos:
957 2499 1013 2547 et
1062 2494 1304 2563 primum
1341 2494 1566 2564 quidem
1627 2510 1753 2550 cum
1793 2497 2052 2563 martyris

478 2580 841 2652 Hermogenis
872 2598 1075 2655 corpus
1098 2601 1128 2641 e
1153 2584 1309 2640 ﬂuvii
1352 2586 1632 2657 profundo
1670 2588 2050 2656 sustulissent,

477 2681 533 2748 et
573 2681 798 2743 repente
828 2690 956 2730 eum
1014 2684 1191 2731 totum
1244 2677 1521 2748 integrum
1570 2679 1961 2747 restituisseut,
1993 2691 2052 2736 et
2094 2666 2113 2684 ⁸

478 2764 680 2820 deinde
709 2766 876 2822 etiam
907 2767 1262 2835 animassent,
1293 2778 1349 2825 et
1380 2768 1656 2827 dixissent
1680 2787 1740 2827 se
1770 2772 2050 2843 prolicisci

477 2860 543 2913 ad
581 2856 796 2919 Menam
831 2860 1117 2925 athletam,
1165 2870 1223 2917 et
1263 2862 1442 2934 ipsum
1485 2863 1694 2920 hortati
1748 2875 1954 2932 essent,
1991 2873 2052 2920 ut

476 2961 929 3020 consequeretur,
996 2951 1088 3008 ubi
1119 2968 1312 3023 parum
1362 2956 1639 3027 progressi
1693 2956 2052 3013 veneruntad

477 3041 808 3108 custodiam,
842 3044 989 3099 intro
1013 3046 1197 3107 statim
1228 3038 1615 3117 perrexerunt,
1645 3049 1876 3115 viribus,
1926 3064 2050 3120 quae

477 3134 580 3188 sub
601 3145 883 3206 aspectum
914 3153 1024 3193 non
1052 3140 1276 3203 cadunt,
1319 3140 1605 3197 dissolutis
1634 3142 1716 3197 cis
1769 3142 2046 3199 claustris.
2081 3138 2125 3198 ο

476 3226 853 3303 Hermogenes
895 3246 1028 3291 vero
1060 3232 1300 3302 scipsum
1336 3232 1561 3303 quidem
1607 3243 1790 3290 mente
1820 3236 2052 3306 agitans,

478 3330 531 3373 et
563 3330 737 3375 totum
765 3331 947 3378 actum
980 3325 1143 3380 tacite
1164 3326 1550 3391 considerans,
1578 3325 2010 3398 obstupescebat
2035 3346 2049 3396 ;

478 3412 700 3467 beatum
735 3422 918 3469 autem
953 3416 1165 3472 Menam
1206 3417 1371 3473 etiam
1402 3435 1728 3492 suspensum
1754 3422 2050 3492 aspiciens,

478 3515 534 3559 et
562 3507 676 3577 jam
704 3522 811 3563 non
849 3508 1148 3575 spirantem
1173 3511 1429 3581 amplius,
1460 3522 1517 3569 et
1551 3522 1891 3569 tormentum
1935 3529 2057 3569 cer-

479 3615 618 3658 nens
657 3601 1026 3670 intolerabile,
1077 3602 1296 3660 tristitia
1374 3605 1737 3666 adiciebatur.
1798 3606 1870 3663 Ut
1924 3624 2054 3665 vero

474 3700 628 3759 esset
673 3703 919 3751 attentus
953 3703 1010 3750 et
1056 3696 1290 3764 videret,
1357 3698 1569 3757 hortati
1614 3703 1815 3773 angeli.
1870 3704 2055 3758 statim

481 3802 607 3841 cum
641 3788 876 3858 quodam
919 3790 1133 3846 honore
1163 3800 1220 3847 et
1255 3794 1565 3849 reverentia
1582 3794 1650 3851 ad
1684 3805 1935 3851 sanctum
1964 3812 2058 3852 ac-

478 3880 713 3936 cedunt.
738 3880 1017 3938 Relaxatis
1044 3890 1229 3938 autem
1290 3885 1581 3956 utriusque
1612 3886 1869 3951 vinculis,
1905 3903 2052 3955 cum,

479 3989 642 4045 quam
671 3975 1030 4041 sustinuerat,
1059 3977 1433 4032 membromm
1479 3980 1800 4051 juncturam
1835 3996 2056 4051 compe-

477 4068 691 4137 gissent
711 4077 767 4125 et
787 4080 1096 4135 sanassent,
1127 4080 1183 4127 et
1208 4087 1335 4127 eum
1370 4087 1568 4142 magno
1592 4073 1792 4142 gaudio
1812 4082 1867 4128 et
1887 4075 2054 4130 alacri

477 4159 645 4215 animi
703 4160 887 4217 studio
919 4160 1302 4232 replevissent,
1343 4164 1530 4219 statim
1566 4164 1793 4235 quidem
1837 4167 2058 4223 solvunt

480 4253 847 4323 Hermogenis
892 4271 1186 4312 maturem
1233 4265 1462 4327 propter
1516 4274 1775 4328 magnum
1819 4259 2055 4317 Menam.

477 4343 615 4399 Cum
662 4353 845 4401 autem
899 4362 1079 4418 usque
1103 4346 1175 4403 ad
1229 4349 1563 4405 matutinum
1594 4366 1718 4406 cum
1750 4351 1833 4407 eis
1871 4362 2058 4409 essent

482 4435 702 4501 versati,
728 4445 786 4492 et
815 4438 883 4492 ad
922 4439 1172 4507 pericula
1199 4440 1488 4498 subeunda
1523 4458 1620 4499 eos
1670 4444 1842 4515 magis
1870 4445 2053 4507 acuis-
2085 4473 2130 4531 ο

482 4537 625 4594 sent,
640 4530 1002 4601 ctjussissent
1023 4547 1121 4588 eos
1139 4532 1401 4589 festinare
1414 4534 1484 4589 ad
1508 4550 1632 4591 mox
1656 4539 1739 4592 eis
1755 4536 2054 4593 mittendas

480 4638 734 4683 coronas,
763 4622 1059 4693 etfpolliciti
1074 4632 1259 4681 essent
1274 4641 1334 4682 se
1349 4626 1513 4683 simul
1532 4627 1841 4695 adfuturos,
1859 4637 1917 4686 et
1943 4645 2062 4685 cer.

483 4713 684 4769 lamina
710 4729 821 4769 una
844 4729 966 4770 esse
997 4715 1246 4774 adituros
1295 4733 1470 4788 usque
1492 4718 1560 4775 ad
1587 4729 1805 4791 tempus
1823 4736 2057 4778 corona-

478 4822 604 4865 rum
635 4816 692 4864 et
730 4808 975 4866 victoriae
1006 4810 1473 4868 renuntiationem
1504 4852 1519 4879 ,
1557 4822 1614 4868 et
1653 4813 1857 4871 deinde
1887 4816 2057 4871 etiam

478 4898 561 4955 cis
587 4916 777 4970 pacem
808 4901 1109 4971 dedissent,
1145 4913 1203 4959 et
1232 4904 1473 4960 faustum
1518 4906 1765 4964 victoriae
1795 4911 2055 4967 nuntium

479 4991 563 5049 eis
584 4993 1009 5063 signiﬁcassent,
1043 4996 1227 5051 statim
1256 4998 1323 5052 ab
1346 4998 1433 5054 eis
1461 5011 1834 5059 recesserunt.

554 5084 792 5144 XXXIV.
847 5089 1147 5159 Imperator
1215 5099 1401 5146 autem
1458 5108 1586 5149 cum
1632 5109 1850 5150 summo
1897 5112 2058 5154 mane

476 5180 735 5251 jussisset
756 5182 965 5249 aperiri
999 5182 1299 5249 theatrum,
1319 5193 1372 5241 et
1405 5185 1473 5240 ad
1516 5203 1648 5243 eum
1671 5203 1891 5244 omnem
1926 5205 2061 5245 con-

481 5270 991 5343 venire'pOpulum,
1023 5274 1169 5330 sedit
1199 5290 1301 5345 pro
1337 5276 1620 5337 tribunali.
1665 5276 1937 5345 Quoniam
1960 5295 2060 5335 au-

486 5374 593 5420 tem
622 5357 917 5435 acceperat
945 5375 1113 5422 totam
1152 5367 1432 5426 civitatem
1475 5369 1780 5426 credidisse
1814 5370 2055 5439 Christo,

483 5455 840 5512 deliberando
884 5474 1017 5515 vero
1055 5468 1115 5515 et
1184 5461 1552 5517 consultando
1607 5469 1882 5518 statuerat
1935 5477 2058 5520 esse

472 5547 706 5615 quidem
738 5549 934 5609 inutile
976 5566 1097 5607 eam
1128 5551 1441 5622 relinquere
1474 5553 1823 5623 impunitam,
1867 5571 2060 5613 rursus

485 5650 667 5695 autem
700 5638 1169 5699 inconsideratum
1201 5654 1307 5699 eta
1367 5645 1579 5702 ratione
1622 5647 1867 5703 alienum
1923 5665 2052 5705 con-

555 5817 574 5847 ⁸
603 5816 744 5872 Psal.
781 5836 926 5889 sxw,
952 5820 1033 5878 18.
1112 5822 1131 5853 ’
1164 5821 1326 5913 Item.
1372 5838 1485 5891 ι’ίιι,
1525 5822 1606 5880 l8.

2154 560 2381 628 ἀφιᾶσιν
2409 561 2805 633 ἐξηρτημένον,
2837 562 3049 633 μηδένα
3074 561 3188 617 τῶν
3218 560 3441 616 πάντων
3464 561 3730 626 ἐάσαντες

2153 652 2288 724 ὁρᾷν
2320 654 2400 717 είς
2429 654 2787 725 παραψυχήν.
2826 653 2887 708 ’0
2918 653 2976 707 δὲ
3008 655 3305 725 μακάριος,
3341 655 3456 718 τοῖς
3496 670 3557 707 τε
3599 656 3728 727 eve.

2155 763 2344 819 χουσιν
2409 746 2551 820 ὑπὲρ
2596 746 2840 817 κεφαλὴν
2887 746 3112 816 δεσμοῖς
3161 744 3242 817 τῷ
3295 762 3356 800 τε
3407 745 3728 800 καθέλκοντι

2155 837 2311 907 ἄχθει
2336 836 2437 908 τῆς
2460 836 2639 903 λίθου,
2675 838 2883 908 σφόδρα
2930 837 3414 904 κατατεινόμενος,
3461 837 3559 890 καὶ
3607 838 3729 893 κατ’

2154 932 2336 1001 ὀλίγον
2359 932 2733 1004 διαλυομένων
2763 932 2865 1004 μὲν
2888 931 3043 1004 ,αύτῷ
3075 932 3186 986 τῶν
3237 931 3539 1003 ἁρμονιιῖιν,
3588 934 3730 987 ἀπο·-

2154 1026 2461 1098 σπωμένων
2512 1026 2570 1080 δὲ
2628 1024 2737 1080 τῶν
2782 1023 3014 1096 νεύρων,
3064 1023 3636 1094 διασπαρασσομένων
3668 1039 3729 1078 τε

2152 1115 2264 1169 τῶν
2296 1116 2538 1187 σαρκῶν,
2587 1115 2684 1170 καὶ
2715 1115 2905 1179 ἁπλῶς
2962 1116 3149 1186 πάσης
3209 1115 3380 1185 ἄλλης
3432 1114 3728 1184 συναφείας

2154 1211 2413 1283 χαλεπῶς
2444 1209 2971 1283 ἀπορρηγνυμένης,
2996 1209 3104 1273 ἕως
3151 1208 3249 1281 μὲν
3282 1210 3316 1280 ή
3354 1208 3450 1262 τοῦ
3472 1207 3728 1280 σώματος

2158 1303 2311 1373 ἰσχὺς
2341 1302 2567 1374 ἐξήρκει
2593 1302 2731 1373 πρὸς
2758 1302 2858 1374 τὴν
2889 1302 3145 1356 ἔνστασιν
3165 1301 3265 1372 τῆς
3290 1301 3491 1372 ψυχῆς,
3513 1300 3724 1371 ἔπασχε

2156 1397 2255 1467 μὲν
2276 1394 2489 1461 δεινῶς,
2518 1393 2717 1464 ἔψαλλε
2745 1394 2802 1448 δὲ
2826 1393 3099 1465 συνεχῶς,
3135 1393 3196 1447 τὸ
3226 1411 3245 1446 ι
3280 1393 3389 1447 Ἴδε
3410 1392 3507 1461 τὴν
3538 1392 3730 1448 ταπεί-

2155 1490 2322 1544 νωσιν
2353 1507 2456 1561 μου
2482 1487 2578 1542 καὶ
2608 1488 2700 1542 τὸν
2729 1486 2901 1541 κόπον
2939 1504 3069 1558 μου,
3102 1506 3122 1540 ι
3165 1486 3344 1542 καὶτὸ
3394 1504 3414 1539 ε
3448 1487 3563 1539 υύκ
3599 1485 3729 1551 ἀξια

2153 1582 2224 1636 τὰ
2247 1582 2552 1652 παθήματα
2579 1579 2674 1634 τοῦ
2706 1579 2800 1634 νῦν
2839 1579 3036 1651 καιροῦ
3086 1578 3226 1650 πρὸς
3273 1577 3375 1646 τὴν
3425 1576 3727 1647 μέλλουσαν

2154 1673 2314 1740 δόξαν
2345 1690 2359 1704 ⁸
2392 1692 2413 1726 ι
2456 1671 2580 1726 ἐπεὶ
2608 1671 2666 1726 δὲ
2705 1673 2788 1736 είς
2829 1671 2985 1734 τέλος
3036 1668 3520 1739 καταναλωθείσης
3574 1667 3727 1737 αὐτῷ

2153 1769 2254 1838 τῆς
2293 1765 2499 1837 ἰσχύος,
2530 1765 2625 1818 τὸν
2682 1762 2983 1834 σύνδεσμον
3035 1761 3242 1833 ἑαυτῆς
3279 1761 3439 1827 ὅλως,
3470 1760 3505 1831 η
3564 1759 3729 1828 φύσις

2154 1860 2455 1931 ἠρνήσατο,
2492 1855 2686 1922 εἰπὼν,
2734 1853 3060 1926 Εύχαριστῶ
3082 1870 3187 1917 σοι,
3214 1851 3412 1924 Κύριε,
3454 1851 3538 1906 ὅτι
3590 1850 3729 1904 ἀπέ-

2154 1952 2332 2025 λαυσά
2364 1968 2462 2005 σου
2490 1949 2600 2005 τῶν
2624 1947 2870 2017 ἀγαθῶν,
2920 1946 3018 2001 καὶ
3047 1943 3241 2015 ῶσπερ
3300 1943 3380 2014 τῷ
3428 1942 3589 2015 βάρει
3620 1941 3730 2012 πῆς

2155 2045 2427 2119 τιμωρίας
2455 2042 2763 2114 έπισχεθεὶς
2807 2041 2962 2111 ἄφνω
2997 2038 3101 2112 τὴν
3149 2035 3360 2109 φωνὴν,
3425 2037 3507 2100 εἰς
3557 2033 3727 2092 ὕπνον

2155 2137 2506 2209 κατενεχθεὶς
2528 2135 2768 2193 ἐσιώπα.

2227 2227 2353 2284 AI".
2397 2228 2487 2290 Ὠς
2518 2222 2612 2281 οὖν
2664 2228 2745 2291 είς
2796 2225 2956 2281 τοῦτο
2989 2224 3290 2294 καρτερίας
3334 2222 3581 2294 ἑκατέρῳ
3617 2220 3729 2276 τῶν

2154 2321 2413 2392 ἀθλητῶν
2441 2321 2471 2373 ὀ
2505 2318 2847 2391 μαρτυρικδς
2873 2317 3023 2386 ἀγὼν
3052 2318 3265 2388 ἔληξεν,
3290 2315 3452 2379 εὐθὺς
3477 2314 3730 2386 παρῆσαν

2151 2413 2235 2484 εἰς
2264 2410 2554 2481 ἀντίληψιν
2579 2410 2629 2464 oi
2660 2407 2989 2480 προσφιλεῖς
3019 2409 3116 2462 καὶ
3149 2405 3434 2477 σύμμαχοι
3480 2401 3728 2489 ἄγγελοι.

2156 2504 2271 2559 Καὶ
2325 2502 2520 2575 πρῶτα
2578 2499 2701 2572 μέν,
2744 2488 2829 2553 τδλ
2870 2498 2966 2553 τοῦ
3024 2498 3308 2569 μάρτυρος
3365 2488 3731 2565 Ἑρμογένους

2156 2598 2318 2667 σῶμα
2343 2596 2440 2650 τοῦ
2473 2595 2674 2666 βάθους
2704 2593 2800 2649 τοῦ
2828 2591 3081 2665 ποταμοῦ
3130 2590 3475 2659 ἀνελόμενοι,
3530 2584 3731 2657 ἀθρόον

2152 2708 2214 2746 τε
2238 2690 2425 2761 ἄρτιον
2452 2690 2573 2742 ὅλον
2598 2686 2763 2742 αὐτὸν
2802 2684 3387 2753 ἀποκαταστήσαντες,
3418 2674 3538 2735 εἶτα
3555 2677 3612 2731 δὲ
3635 2678 3734 2730 καὶ

2154 2781 2540 2854 ψυχῶσαντες,
2575 2779 2673 2834 καὶ
2705 2779 2807 2849 τὴν
2838 2779 2932 2832 ἐπὶ
2964 2777 3055 2831 τὸν
3084 2774 3327 2846 ἀθλητὴν
3351 2772 3550 2842 Μηνᾶν
3580 2768 3735 2823 αὐτοὶ

2158 2876 2371 2949 μέλλειν
2390 2873 2611 2928 ἀπιέναι
2626 2870 3015 2941 φθεγξάμενοι,
3036 2864 3473 2939 προτρεψάμενοι
3492 2878 3552 2916 τε
3571 2860 3733 2916 συνέ-

2155 2967 2356 3021 πεσθαι
2391 2967 2485 3020 καὶ
2518 2965 2706 3029 αὐτὸν,
2736 2963 2918 3027 ὀλίγον
2954 2959 3302 3024 ὁδεύσαντες,
3338 2957 3464 3010 ἐπεὶ
3498 2956 3635 3028 πρὸς
3661 2955 3732 3025 τῇ

2158 3059 2378 3132 φυλακῇ
2413 3054 2578 3130 ἦσαν,
2608 3056 2758 3110 ἔνδον
2790 3056 3036 3126 ἐχώρουν
3063 3052 3252 3120 εὐθὺς,
3285 3049 3506 3120 ἀοράτῳ
3553 3047 3734 3104 σθένει

2157 3152 2267 3207 τῶν
2295 3151 2566 3222 κλείθρων
2585 3148 2948 3203 διαλυθέντων
2990 3147 3203 3209 αὐτοῖς.
3251 3142 3310 3197 '0
3355 3141 3487 3212 γοῦν
3529 3140 3735 3209 Ἑρμο-

2155 3245 2345 3316 γαένης,
2390 3244 2588 3297 ἑαυτὸν
2638 3242 2738 3313 μὲν
2797 3238 3108 3302 κατανοῶν,
3138 3235 3235 3290 καὶ
3288 3233 3351 3288 τὸ
3390 3233 3513 3287 ὅλον
3544 3232 3735 3302 ἡρέμα

2147 3336 2517 3408 ,περισκοπῶν
2562 3331 2656 3387 τοῦ
2701 3331 3009 3404 δράματος,
3067 3328 3438 3397 ἐξεπλήσσετο
3479 3340 3495 3356 ο
3550 3324 3646 3377 τὸν
3669 3322 3732 3377 δὶ

2158 3432 2433 3504 μακάριον
2480 3428 2696 3500 Μηνᾶν,
2716 3428 2813 3481 καὶ
2879 3423 3232 3496 κρεμάμενον
3317 3419 3557 3491 βλέπων,
3638 3417 3735 3470 καὶ

2157 3527 2365 3593 ἀπνουν
2403 3525 2507 3597 ήδη
2539 3520 2983 3595 γενόμενον,,τὴν
3018 3517 3252 3589 βάσανόν
3283 3531 3344 3569 τε
3374 3512 3626 3583 καθορῶν
3658 3511 3735 3576 ὡς

2156 3618 2504 3684 ἀνύποιστον,
2533 3613 2950 3684 έσκυθρὼπαζε.
2980 3613 3193 3683 Νήφειν
3220 3610 3277 3663 δὲ
3303 3607 3466 3662 αὐτὸν
3489 3605 3585 3659 καὶ
3599 3604 3735 3674 ὁρᾷν

2156 3711 2204 3762 οἱ
2233 3708 2462 3778 ἄγγελοι
2492 3704 2966 3778 προτρεψάμενοι,
3016 3701 3158 3773 μετά
3183 3716 3329 3762 τινος
3355 3696 3520 3758 εὐθὺς
3547 3694 3735 3755 αἰδοῦς

2157 3798 2254 3854 καὶ
2282 3797 2450 3869 τιμῆς
2472 3795 2730 3867 προσίασι
2746 3793 2825 3864 τῷ
2846 3793 3012 3862 ἁγίῳ.
3046 3787 3358 3858 Ἑκατέρων
3388 3801 3447 3838 τε
3492 3781 3603 3836 τῶν
3649 3780 3736 3833 δε-

2160 3892 2313 3963 σμῶν
2341 3890 2578 3953 ἀνέντες,
2607 3887 2701 3941 καὶ
2730 3886 2797 3957 ἢν
2830 3884 3038 3954 ὑπέστη
3073 3879 3361 3952 διάρρηξιν
3389 3875 3500 3931 τῶν
3555 3871 3736 3944 μελῶν

2161 3982 2546 4056 συμπήξαντές
2568 3998 2629 4035 τε
2649 3979 2745 4036 καὶ
2764 3977 3107 4048 ύγιάναντες,
3128 3978 3222 4028 καὶ
3238 3972 3413 4045 χαρᾶς
3438 3969 3620 4035 πάσης
3642 3965 3737 4020 καὶ

2157 4077 2488 4153 προθυμίας,
2535 4073 2953 4144 πληρώσαντες,
2998 4070 3185 4124 λύουσι
3232 4069 3333 4138 μὲν
3381 4062 3582 4121 αὐτίκα

2170 4150 2538 4244 Ἑρμογένους
2566 4166 2663 4220 ἐπὶ
2683 4164 2764 4235 τῷ
2790 4163 3014 4235 μεγάλῳ
3040 4161 3205 4232 Μηνᾷ
3231 4158 3410 4228 λύπην
3437 4172 3453 4188 ⁸
3485 4153 3649 4227 μέχρι
3674 4150 3737 4207 δὲ

2159 4264 2361 4340 δρθρου
2385 4264 2569 4326 αὐτοῖς
2605 4261 2995 4331 ὁμιλήσαντες,
3044 4256 3141 4310 καὶ
3182 4254 3323 4323 πρὸς
3375 4253 3504 4313 τοὺς
3551 4244 3735 4301 κινδύ-

2161 4377 2286 4422 νους
2311 4357 2475 4412 πλέον
2524 4353 2934 4427 στομώσαντες,
2993 4348 3252 4403 σπεύδειν
3273 4363 3332 4400 τε
3369 4345 3570 4405 αὐτοὺς
3613 4342 3739 4394 ἔπιεν

2160 4445 2463 4519 τρέψαντες
2513 4443 2609 4498 ἐπὶ
2664 4443 2794 4505 τοὺς
2845 4440 2970 4494 ὅσον
3027 4436 3182 4492 οὔπω
3236 4430 3737 4506 πεμφθησομένους

2163 4537 2490 4607 στεφάνους,
2536 4533 2904 4607 ὑποσχόμενοί
2926 4548 2987 4587 τε
3014 4532 3259 4585 συνεῖναι
3302 4528 3399 4582 καὶ
3424 4526 3535 4582 τῶν
3584 4520 3738 4591 ἀγώ-

2161 4646 2267 4687 νων
2296 4627 2481 4691 αὐτοῖς
2512 4622 2955 4692 συνεφάπτεσθαι
2990 4621 3158 4693 μέχρι
3194 4615 3410 4673 καὶτοῦ
3455 4614 3565 4668 τῶν
3614 4627 3737 4664 στε-

2161 4720 2349 4790 φάνων
2372 4714 2568 4787 καιροῦ
2598 4716 2691 4767 καὶ
2717 4712 2816 4782 τῆς
2845 4711 3224 4784 ἀναρρήσεως.
3277 4700 3410 4760 Εἶτα
3438 4703 3534 4756 καὶ
3580 4700 3736 4771 eiei;-

2162 4831 2262 4884 νην
2283 4811 2485 4872 δόντες,
2513 4808 2608 4861 κοιλ⁵
2627 4806 2787 4877 νίκην
2816 4805 3003 4871 αὐτοῖς
3024 4801 3254 4873 εύαγγελ
3271 4800 3542 4870 ισάμενοι,
3574 4792 3738 4857 εὐθὺς

2163 4901 2342 4956 αὐτῶν
2376 4897 2800 4968 ἀπηλλάγησαν.

2233 5085 2353 5143 AA'.
2385 5085 2445 5139 Ὀ
2473 5084 2533 5139 δὲ
2578 5082 2854 5155 βασιλεὺς,
2909 5080 3174 5144 κελεύσας
3235 5079 3353 5150 ἅμα
3398 5074 3547 5149 πρωῒ
3587 5071 3648 5127 τό
3675 5088 3739 5126 τε

2149 5181 2379 5252 θέατρον
2407 5175 2779 5249 παραστῆναι,
2815 5174 2908 5228 καὶ
2940 5173 3118 5228 πάντα
3142 5171 3234 5226 τὸν
3258 5170 3433 5241 δῆμον
3466 5169 3547 5232 εἰς
3581 5166 3743 5221 τοῦτο

2159 5274 2439 5343 παρεῖναι,
2518 5267 2774 5323 ἐκάθισεν
2800 5266 2892 5320 ἰπὶ
2916 5264 3011 5325 τοῦ
3046 5264 3317 5335 βήματος.
3363 5259 3518 5316 Ἐπεὶ
3548 5259 3609 5313 δὲ
3633 5276 3742 5328 ματ

2162 5368 2273 5423 θὼν
2306 5361 2376 5438 ἦν
2412 5364 2488 5429 ὡς
2513 5364 2665 5418 πᾶσα
2697 5363 2732 5432 ή
2763 5361 2917 5425 πόλις
2973 5359 3319 5422 πεπίστευκε
3375 5354 3454 5427 τῷ
3494 5351 3746 5425 Χριστῷ,

2162 5460 2307 5529 ἔγνω
2339 5459 2396 5533 δὲ
2434 5458 2787 5529 σκηψάμενος
2819 5454 3145 5525 ἀσύμφορον
3166 5452 3268 5523 μὲν
3289 5446 3432 5505 εἶναι
3454 5445 3743 5517 ἀτιμώρη-

2161 5573 2256 5610 τον
2295 5554 2503 5625 ταύτην
2537 5551 2886 5617 καταλιπεῖν,
2935 5548 3220 5617 ἀλόγιστον
3248 5543 3306 5597 δὲ
3366 5541 3532 5597 πάλιν
3569 5556 3743 5607 τιμωο

2166 5651 2285 5721 ρίκν
2322 5649 2538 5704 πάντων
2567 5643 3074 5717 καταψηφίσασθαι,
3111 5638 3627 5712 προσποιησάμενος
3652 5633 3742 5687 τοῦ
