4102 6376
302 355 415 419 409

1191 338 1662 402 MARTYRlUM
1704 337 1767 396 S.
1806 333 2041 395 ΜΕΝίΕ
2081 335 2174 396 ET
2218 334 2639 395 SOCIORUM.

3456 325 3561 395 ιιθ

290 470 436 524 ιὸλου
469 464 714 533 ἄγνοιαν,
779 456 916 527 ἔφη’
953 455 1082 510 ’Ότι
1138 445 1336 522 phum
1394 448 1666 520 παρόντες
1707 446 1888 514 ὑμεῖς,

2013 445 2253 502 lemnare
2295 460 2508 511 omnes,
2539 453 2601 499 ut
2639 443 2962 513 puniantur,
2989 439 3256 497 simulans
3295 453 3356 494 se
3389 447 3563 493 totum

304 562 435 623 τοὺς
465 558 564 627 μὲν
623 552 780 615 θεοὺς
828 549 1044 611 θυσίαις
1105 546 1201 600 καὶ
1241 547 1360 604 ταῖς
1391 542 1581 605 ἄλλαις
1613 538 1887 600 σπονδαῖς,

306 652 461 722 ἡμᾶς
507 648 566 702 δὲ
606 645 733 708 τοὺς
782 640 1023 714 βασιλεῖς
1053 638 1196 692 αίδοῖ
1249 636 1342 690 καὶ
1372 634 1524 705 φόϐῳ
1549 632 1736 701 καῖτῇ
1764 630 1892 699 περὶ

304 721 513 799 agema
561 738 776 807 ὑπακοῇ
831 731 1160 804 θεραπεύειν
1213 727 1517 797 ἐγνώκατε,
1569 726 1634 777 ὲκ
1679 721 1891 777 πολλῶν

308 832 436 889 οἶδα
504 830 692 902 μαθών
714 846 726 859 ·
760 829 843 881 ὅτι
872 826 931 879 δὲ
962 823 1045 894 μὴ
1072 821 1236 883 εὐθὺς
1268 818 1555 873 ἁντείπετε
1602 814 1740 886 πρὸς
1765 814 1892 878 τοὺς

307 922 628 993 ἀλιτηρίους
656 918 901 979 ἐκείνους
921 916 991 969 τὰ
1020 914 1117 967 τοῦ
1149 909 1573 981 ἐσταυρωμένον
1614 906 1893 961 διδάσκειν

308 1003 719 1086 τολμήσαντας,
781 1010 876 1063 καὶ
922 1006 990 1061 ἵν’
1019 1007 1159 1060 εἴπω
1220 1020 1300 1068 τι,
1332 1002 1426 1055 καὶ
1481 999 1655 1061 λίθοις
1692 996 1893 1058 αὐτοὺς

314 1108 426 1176 πρὸ
451 1105 610 1176 ἡμῶν
647 1100 1034 1165 κατελεύσατε,
1082 1097 1183 1150 οὐκ
1208 1094 1365 1152 ἐκτὸς
1388 1091 1560 1164 ὀργῆς
1588 1089 1744 1160 παρὰ
1777 1089 1894 1151 τοῖς

314 1196 459 1260 θεοῖς
524 1194 739 1249 κεῖσθαι
766 1191 925 1245 τοῦτο
949 1188 1262 1259 λογίζομαι.
1309 1184 1450 1253 Ἐγὼ
1477 1183 1660 1236 τοίνυν
1692 1177 1893 1242 αὐτούς

313 1305 376 1340 τε
407 1286 537 1349 τοὺς
575 1284 735 1348 θεοὺς
789 1282 1080 1337 διεκδικεῖν
1135 1272 1734 1348 προθυμούμενοςμιαλ⁸
1788 1288 1895 1341 μη·

315 1379 448 1433 δένα
476 1377 633 1447 ὑμῶν
681 1375 1014 1443 θεοπέμπτῳ
1078 1372 1404 1442 περιπεσεῖν
1441 1365 1704 1437 συμφορᾷ
1727 1378 1897 1432 προσ-

314 1474 503 1527 τάσσω
533 1470 634 1539 τήν
661 1485 722 1522 τε
770 1466 933 1520 πόλιν
983 1464 1077 1517 καὶ
1136 1462 1345 1523 πάντας
1376 1459 1524 1529 ὑμᾶς
1554 1458 1665 1511 τῶν
1701 1457 1768 1509 ἐκ
1795 1473 1898 1508 πα-

315 1562 469 1618 λιιοῦ
493 1559 777 1629 ἑκατέροις
805 1559 1123 1626 άπονενεμη
1134 1554 1315 1623 μένων
1338 1549 1672 1620 στερηθῆναι
1694 1546 1894 1616 τιμῶν,

316 1658 393 1720 ὡς
420 1655 488 1709 ἂν
540 1652 716 1723 γνῶτε
747 1652 812 1703 ὲκ
841 1666 903 1703 τε
957 1648 1053 1716 τῆς
1086 1648 1167 1709 εἰς
1227 1645 1370 1715 ὑμᾶς
1399 1642 1607 1712 ταύτης
1635 1638 1899 1713 ἐπιτιμή-

316 1762 479 1810 σεως,
531 1742 627 1796 καὶ
647 1743 713 1794 ὲκ
741 1738 851 1792 τῶν
899 1739 979 1800 είς
1004 1736 1130 1799 τοὺς
1157 1734 1421 1803 ἀνοήτους
1454 1731 1705 1808 ἐκείνους
1738 1727 1899 1791 κολά-

318 1805 478 1897 σεων,
535 1834 619 1887 ὄτι
665 1830 802 1884 ἐπὰν
834 1829 862 1882 ό
913 1826 1153 1891 δικάζων
1219 1822 1297 1894 μὴ
1344 1805 1895 1891 προκατειλημμένος

274 1988 285 2000 ,
322 1929 418 1981 καὶ
444 1926 609 1988 αὐτος
637 1922 737 1990 ὣν,
767 1919 1076 1991 προδιδόναι
1124 1917 1226 1981 τὰς
1253 1916 1471 1987 ψήφους
1508 1912 1605 1967 καὶ
1632 1924 1899 1981 συντερα-

320 2016 581 2073 τεύεσθαι
631 2016 744 2077 τοῖς
779 2011 1102 2082 ὑποκριταῖς
1147 2007 1359 2064 τούτοις
1385 2004 1672 2076 βούληται,
1716 2002 1779 2054 οὐ
1806 2000 1899 2054 δύ-

316 2108 481 2161 ναταί
552 2121 684 2160 ποτε
714 2102 927 2177 βοηθεῖν
957 2102 986 2154 ὁ
1018 2098 1438 2170 ἐσταυρωμένος
1468 2098 1502 2169 ἢ
1554 2095 1741 2149 κακῶν
1776 2092 1902 2164 ῥύε-

318 2199 467 2265 σθαι,
507 2199 673 2270 μόνον
700 2197 758 2251 δὲ
809 2195 966 2250 τοῦτο
1025 2194 1276 2255 δύναται,
1304 2191 1553 2245 θανάτων
1585 2188 1778 2260 βιαίων
1804 2185 1900 2240 καλ⁸

316 2291 609 2363 δυστυχίας
626 2290 859 2360 ἐσχάτης
873 2289 984 2350 τοῖς
1002 2285 1338 2357 πειθομένοις
1352 2282 1595 2353 γίνεσθαι
1614 2279 1895 2350 πρόξενος.

320 2385 511 2444 ﬂia-ct;
545 2382 675 2452 ύμῖν
716 2380 825 2432 τῶν
851 2378 1002 2449 ἐμῶν
1046 2378 1220 2449 λόγων
1249 2377 1300 2429 οἱ
1334 2372 1651 2435 ἀπατεῶνες
1703 2373 1903 2424 ἐκεῖνοι

316 2479 411 2531 καὶ
440 2477 661 2545 γόητες,
710 2472 1046 2544 Ἑρμογένης
1067 2489 1129 2526 τε
1157 2471 1250 2524 καὶ
1275 2469 1488 2539 Μηνᾶς,
1515 2467 1776 2535 ἑκάτερος
1805 2463 1905 2517 αύ-

322 2571 433 2626 τῶν
470 2569 579 2639 πρὸ
593 2568 702 2622 τῶν
716 2566 965 2638 βασάνων
989 2563 1182 2626 ἄλλους
1211 2560 1436 2630 ἀνιστᾷν
1457 2556 1904 2628 ὑπισχνούμενοι,

326 2663 419 2717 ὑπ’
450 2663 582 2734 ἐμοῦ
607 2661 783 2731 athe;
813 2658 1003 2730 ἐχρῆν,
1034 2658 1092 2709 ὲν
1111 2655 1295 2723 ὀλίγῳ,
1326 2652 1549 2724 χαλεπῷ
1573 2650 1789 2720 θανάτῳ
1810 2645 1905 2700 τοῦ

320 2762 422 2829 ζῇν
458 2755 807 2817 ἐκπεσόντες,
845 2753 941 2806 καὶ
966 2750 1101 2821 μηδὲ
1126 2750 1336 2812 ἑαυτοῖς
1361 2746 1574 2815 βοηθεῖν
1597 2744 1904 2813 δυνάμενοι.

321 2851 433 2919 Ποῦ
446 2850 501 2903 δὲ
514 2847 606 2903 καί
620 2851 768 2901 ἐστιν
790 2843 923 2915 ἡτοῦ
944 2843 1146 2897 πλάνου
1168 2841 1376 2894 ἐκείνου
1389 2838 1626 2909 Χριστοῦ
1640 2835 1864 2905 δύναμις
1886 2850 1901 2899 ;

395 2942 520 2996 AE’.
563 2940 653 3003 Ὠς
682 2928 886 2995 οὖννείς
930 2934 1096 2989 τοῦτο
1122 2931 1471 3004 βλασφημίας
1528 2924 1662 2999 ἧκεν
1688 2930 1715 2980 ό
1744 2927 1901 2998 βασι-ν
1973 2996 1979 3002 .
2012 2936 2017 2941 ‘

317 3034 468 3098 λεῦς,
493 3029 728 3101 θορύϐου
780 3026 978 3081 πολλοῦ
1033 3026 1235 3097 μεστὸν
1274 3021 1342 3095 ἦν
1369 3023 1432 3076 τὸ
1454 3022 1711 3091 θέατρον,
1756 3018 1896 3072 πάν·

1993 539 2269 608 ignorare,
2313 536 2497 593 dixit:
2547 534 2705 601 Quod
2749 550 2849 589 vos
2909 531 3134 601 quidem
3183 531 3279 600 qui
3337 530 3562 595 adestis,

1992 631 2126 686 deos
2162 628 2384 700 quidem
2424 625 2711 683 sacriﬁciis
2768 633 2824 680 et
2867 624 2992 678 aliis
3042 621 3419 687 libaminibus,
3462 637 3567 677 nos

1992 730 2175 775 autem
2208 720 2569 790 imperatores
2598 716 2907 772 reverentia
2937 724 2994 771 et
3040 716 3236 771 timore
3271 726 3327 771 et
3356 715 3412 770 in
3442 714 3566 769 aliis

1992 810 2159 867 rebus
2180 809 2491 865 obedientia
2518 809 2701 865 colere
2727 808 3055 875 statueritis,
3104 824 3173 864 ex
3220 808 3407 863 multis
3440 807 3566 861 aliis

1995 903 2259 959 intellexi.
2291 901 2449 969 Quod
2498 908 2680 956 autem
2735 915 2848 957 non
2897 899 3080 955 statim
3138 898 3483 970 repugnastis
3511 906 3567 953 et

1995 996 2275 1053 restitistis
2341 996 2454 1053 illis
2484 994 2862 1061 exsecrandis,
2886 993 2981 1063 qui
3024 991 3283 1048 (Ζτυοίίίιί
3311 1007 3401 1047 res
3448 991 3567 1044 ausi

1993 1098 2121 1146 sunt
2147 1088 2366 1155 docere,
2393 1097 2451 1143 et
2472 1103 2584 1143 non
2616 1087 2764 1158 ipsos
2789 1094 2916 1141 ante
2938 1100 3040 1141 nos
3067 1083 3342 1153 lapidibus
3369 1082 3571 1138 obrue-

1995 1183 2143 1247 ritis,
2190 1182 2446 1238 existimo
2477 1181 2613 1237 deos
2635 1195 2702 1235 ex
2735 1180 2843 1234 hoc
2871 1178 3009 1233 iram
3064 1191 3174 1233 non
3203 1176 3380 1230 levem
3433 1189 3571 1231 cou-

1995 1273 2230 1343 cepisse.
2262 1272 2376 1342 Ego
2410 1272 2596 1343 igitur,
2629 1270 2724 1342 qui
2754 1281 2811 1326 et
2833 1270 2981 1339 ipsos
3003 1268 3136 1326 deos
3161 1267 3323 1337 cupio
3349 1266 3569 1333 ulcisci,

1996 1372 2053 1419 et
2086 1362 2296 1417 nullum
2329 1373 2574 1418 vestrum
2607 1362 2662 1417 in
2696 1360 2963 1417 divinitus
2985 1359 3287 1416 immissum
3327 1358 3572 1414 incidere

1997 1456 2387 1517 calamitatem,
2412 1456 2577 1527 iubeo
2605 1454 2883 1510 civitatem
2912 1462 2971 1510 et
2993 1469 3089 1509 vos
3113 1468 3309 1509 omnes
3345 1452 3558 1522 privari

1996 1549 2088 1615 iis,
2119 1550 2213 1620 qui
2247 1550 2496 1619 utrisque
2530 1548 2661 1604 olim
2698 1547 2920 1603 fuerunt
2939 1546 3212 1613 attributi,
3249 1545 3574 1608 honoribus,

1999 1642 2324 1698 utsciatiset
2339 1657 2405 1696 ex
2425 1641 2508 1697 bis
2527 1641 2709 1712 poenis
2722 1641 2882 1697 vobis
2898 1641 3258 1711 impositis_,et
3280 1638 3572 1693 stultorum

2002 1734 2220 1790 illorum
2239 1734 2546 1805 suppliciis,
2564 1734 2707 1805 quod
2726 1733 2947 1804 quando
2961 1733 3152 1803 iudex,
3170 1732 3262 1801 qui
3283 1746 3390 1786 uou
3406 1727 3578 1784 fuerit

2002 1830 2118 1899 ipse
2147 1836 2587 1898 praeoccupatus,
2614 1843 2725 1883 non
2748 1830 2867 1881 vult
2890 1841 3045 1881 suam
3093 1824 3327 1894 prodere
3351 1832 3577 1879 senten-

1966 1962 1971 1965 -
2006 1920 2138 1976 tiam
2177 1929 2233 1977 et
2270 1918 2518 1990 prodigia
2544 1918 2723 1975 facere
2755 1934 2881 1975 cum
2905 1917 2992 1972 his
3015 1914 3402 1979 histrionibus,
3431 1927 3577 1966 nun-

1961 2028 2167 2085 .quam
2188 2021 2371 2084 potest
2408 2027 2566 2084 opem
2591 2012 2734 2067 ferre
2759 2009 3092 2074 Crueiﬁxus,
3127 2017 3223 2062 aut
3261 2006 3500 2061 liberare
3545 2017 3578 2057 a

2001 2106 2193 2171 malis;
2228 2105 2407 2161 solum
2455 2113 2641 2159 autem
2677 2104 2783 2158 hoc
2830 2110 3034 2173 potest,
3085 2106 3293 2155 certam
3344 2104 3576 2152 mortem

2001 2205 2058 2254 et
2088 2205 2392 2254 extremam
2418 2195 2796 2251 infelicitatem
2819 2207 3116 2264 procurare
3149 2192 3215 2246 iis
3234 2190 3329 2259 qui
3363 2197 3579 2258 parent.

2006 2290 2215 2346 Eorum
2251 2304 2375 2358 quae
2400 2287 2548 2353 dico,
2587 2286 2749 2341 tidem
2797 2285 2959 2340 vobis
2995 2290 3228 2354 possunt
3263 2281 3443 2335 facere
3480 2278 3583 2333 de-

2005 2389 2260 2451 eeptores
2307 2379 2387 2434 illi
2425 2389 2482 2434 et
2505 2377 2931 2449 prmstigiatores
2970 2375 3342 2444 Hermogenes
3386 2381 3443 2427 et
3472 2371 3584 2426 Me-

2007 2486 2128 2534 nas,
2171 2471 2391 2539 utrique
2460 2470 2706 2540 ipsorum
2761 2478 2889 2522 ante
2937 2474 3211 2521 tormenta
3264 2462 3585 2533 pollicentes

2007 2574 2208 2615 seesse
2249 2560 2387 2614 alios
2412 2575 2442 2614 a
2494 2559 2729 2615 mortuis
2758 2558 3142 2620 suscitaturus,
3182 2571 3213 2609 a
3269 2570 3356 2610 me
3389 2562 3577 2610 autem

2013 2651 2192 2715 brevi,
2227 2659 2289 2705 ut
2335 2651 2649 2718 oportebat,
2706 2651 2856 2721 gravi
2887 2657 3063 2704 morte
3111 2648 3221 2702 vita
3263 2646 3487 2716 privati,
3516 2660 3587 2699 ne

2019 2743 2124 2799 sibi
2160 2742 2296 2813 ipsis
2320 2742 2545 2812 quidem
2586 2753 2815 2812 possunt
2843 2757 3001 2811 Opem
3033 2741 3202 2795 ferre.
3260 2738 3365 2794 Ubi
3398 2745 3585 2792 autem

2021 2850 2169 2891 nunc
2198 2842 2284 2890 est
2307 2834 2452 2905 plani
2486 2834 2633 2889 illius
2651 2833 2857 2890 Christi
2879 2833 3096 2887 virtus?

2079 2927 2301 2985 XXXV.
2332 2929 2632 2997 Postquam
2672 2942 2803 2996 ergo
2835 2924 2905 2979 ad
2953 2933 3157 2978 lautam
3193 2920 3587 2992 blasphemiam

2008 3021 2366 3093 processisset
2393 3020 2716 3090 imperator,
2746 3017 2920 3071 multo
2954 3015 3188 3071 tumultu
3218 3014 3442 3084 plenum
3470 3019 3592 3067 erat

321 3141 433 3178 των
466 3124 606 3194 πρὸς
637 3121 738 3183 τὰς
766 3119 1078 3190 δυσφημίας
1119 3115 1596 3187 δυσχερανάντων,
1644 3113 1741 3166 καὶ
1769 3129 1903 3165 νεω-

2013 3112 2310 3177 theatrum,
2336 3112 2458 3184 ejus
2489 3110 2778 3166 maledicta
2805 3109 3063 3164 omnibus
3083 3122 3228 3177 aegre
3254 3105 3586 3168 ferentibus,

320 3215 567 3287 τερίζειν
606 3214 710 3284 ἠδη
745 3210 1170 3285 προῃρημένων.
1214 3208 1386 3279 Πλὴν,
1418 3207 1523 3259 ὑπὸ
1568 3204 1680 3258 τῶν
1736 3204 1909 3274 κηρύ-

324 3328 439 3362 κων
497 3306 661 3375 σιγῆς
713 3304 1055 3375 γενομένης,
1118 3301 1214 3355 καὶ
1269 3299 1561 3372 μέλλοντος
1598 3292 1758 3358 αὖθις
1812 3294 1909 3348 τοῦ

325 3401 597 3472 βασιλέως
619 3400 688 3452 τὰ
718 3398 859 3451 κατὰ
888 3395 1116 3466 γνώμην
1164 3394 1364 3457 εἰπεῖν,
1398 3390 1666 3458 αίφνίδιον
1695 3385 1909 3441 ἀνακύ-

323 3494 436 3560 ψαν
470 3491 622 3543 ἆπαν
663 3487 725 3540 τὸ
760 3486 1011 3557 θέατρον,
1053 3484 1150 3537 καὶ
1196 3481 1537 3553 θεασάμενον
1560 3478 1687 3542 τοὺς
1719 3476 1912 3544 ἁγίους

326 3587 410 3649 εἰς
438 3587 608 3655 μέσον
636 3580 699 3634 τὸ
727 3580 878 3649 βῆμα
931 3576 1431 3647 καταπηδήσαντας
1486 3572 1604 3644 (καί
1629 3570 1739 3641 γὰρ
1774 3566 1913 3639 ἦσαν

331 3679 545 3748 ἁθρόως
613 3671 1023 3742 ἐπιφανέντες),
1060 3670 1287 3739 γλῶσσά
1330 3684 1391 3721 τε
1441 3665 1632 3735 ὥσπερ
1659 3663 1913 3732 ἐγένοντο

336 3772 455 3841 μία,
492 3769 593 3823 καὶ
626 3767 826 3831 πάντες
856 3763 1186 3831 ἀνέκραξαν·
1214 3757 1308 3824 Εἷς
1337 3760 1473 3824 Θεὸς
1498 3756 1718 3828 ἀληθῶς
1747 3756 1777 3808 ὁ
1805 3756 1916 3808 τῶν

338 3861 685 3936 Χριστιανῶν
731 3859 885 3922 Θεός.
921 3857 1130 3911 Τούτου
1153 3854 1475 3926 γενομένου,
1499 3849 1795 3922 Εύγραφός
1831 3864 1917 3910 τις

338 3957 519 4018 ὅςκαὶ⁵
582 3954 748 4017 αὐτὸς
812 3953 1023 4024 ἧσκητο
1056 3949 1156 4019 μὲν
1186 3948 1287 4018 τὴν
1315 3947 1422 3999 τῶν
1467 3944 1739 4013 Ἐλλήνων
1789 3956 1919 3993 παι-

337 4049 512 4112 δείαν,
583 4045 999 4114 πολιτευομένῳ
1034 4042 1090 4095 δὲ
1112 4041 1195 4094 ἔτι
1245 4038 1325 4109 τῷ
1370 4036 1625 4109 μακαρίῳ
1649 4035 1811 4104 Μηνᾷ
1836 4033 1921 4097 έξσ

342 4142 638 4214 υπηρετῶν
669 4141 738 4213 ἦν
765 4156 781 4173 ·
813 4133 968 4200 οὗτος
998 4134 1113 4200 οὖν,
1138 4129 1218 4195 εἷς
1240 4132 1336 4185 καὶ
1383 4129 1547 4192 αὐτὸς
1592 4128 1711 4182 τότε
1728 4124 1804 4178 ὢν
1825 4121 1920 4176 τοῦ

342 4238 595 4307 θεάτρου,
629 4231 822 4288 καὶτὰ
850 4227 1155 4298 τελούμενα
1186 4224 1426 4294 βλέπων,
1454 4221 1514 4273 τὸ
1548 4217 1736 4287 θαῦμα
1774 4214 1921 4280 ἰδὼν,

345 4332 439 4385 καὶ
467 4328 667 4397 ὥσπερ
726 4322 990 4392 ἀναφθεὶς
1053 4320 1145 4373 τὸν
1172 4317 1359 4385 ζῆλον,
1409 4310 1671 4383 σφραγῖσι
1734 4326 1795 4361 τε
1825 4307 1921 4397 τού

347 4419 488 4473 θεῖον
518 4395 761 4489 σταυροῦ
815 4399 1008 4465 ἑαυτὸν
1058 4403 1426 4476 περιφράξας.
1468 4399 1691 4470 ἀνδρίας
1746 4413 1807 4450 τε
1832 4395 1925 4489 καί

2011 3206 2203 3276 etjam
2267 3219 2358 3260 res
2416 3218 2587 3258 novas
2626 3202 2805 3256 moliri
2871 3199 3271 3257 statuentibus.
3317 3196 3590 3252 Caeterum

2011 3313 2139 3354 cum
2166 3313 2198 3352 a
2227 3296 2575 3366 prmconibus
2610 3294 2818 3349 laetum
2851 3301 2999 3348 esset
3044 3288 3354 3352 silentium,
3381 3294 3440 3342 et
3469 3300 3595 3340 ruro

2013 3405 2109 3446 sus
2141 3390 2393 3445 dicturus
2430 3397 2580 3443 esset
2623 3386 2946 3456 imperator,
2997 3399 3120 3454 quae
3164 3390 3329 3438 erant
3385 3394 3454 3435 ex
3506 3375 3591 3432 sui

2015 3482 2183 3539 animi
2210 3481 2502 3543 sententia,
2532 3489 2755 3548 repente
2789 3484 2960 3533 totum
2992 3475 3267 3545 aspiciens
3292 3473 3593 3533 theatrum,

2015 3589 2141 3631 cum
2174 3574 2405 3630 vidisset
2429 3580 2673 3635 sanctos,
2701 3567 2797 3638 qui
2823 3568 2880 3622 iu
2913 3566 3157 3623 medium
3195 3562 3435 3619 tribunal
3465 3560 3592 3614 des—

2017 3663 2322 3720 cenderant
2373 3663 2460 3731 (ex
2514 3660 2799 3729 inopinato
2845 3657 2991 3711 enim
3046 3651 3437 3725 apparuerant)
3487 3662 3597 3703 una

2018 3754 2189 3813 veluti
2244 3732 2432 3826 liug‘ua
2478 3762 2534 3809 et
2566 3765 2678 3808 uno
2728 3765 2825 3808 ore
2875 3762 3066 3807 omnes
3102 3746 3596 3807 exclamaverunt-

2017 3850 2172 3908 Unus
2221 3857 2306 3903 est
2356 3862 2484 3902 vere
2538 3847 2705 3909 Deus,
2751 3845 2899 3899 Deus
2957 3844 3428 3898 Christianorum.
3486 3840 3602 3894 lloc

2018 3942 2186 4005 facto,
2216 3938 2440 4009 quidam
2475 3936 2817 4007 Eugraphus,
2848 3935 2943 4004 qui
2967 3935 3082 4004 ipse
3108 3948 3329 4003 quoque
3371 3932 3424 3984 in
3450 3930 3602 3985 Grae-

2022 4047 2215 4089 corum
2239 4029 2490 4085 doctrina
2518 4037 2638 4083 erat
2658 4028 3015 4089 exercitatus,
3078 4022 3475 4093 rempublicam
3499 4035 3601 4075 au-

2026 4133 2134 4180 tem
2159 4123 2341 4178 adhuc
2367 4119 2611 4190 gerentis
2643 4118 2813 4172 Mente
2843 4115 3025 4169 fuerat
3072 4115 3367 4178 minister;
3402 4113 3450 4167 is
3472 4127 3603 4182 ergo

2024 4233 2151 4273 cum
2186 4224 2317 4270 tunc
2342 4221 2491 4269 esset
2526 4225 2667 4264 unus
2699 4225 2766 4265 ex
2828 4208 2898 4261 iis
2924 4208 3020 4277 qui
3064 4215 3227 4260 erant
3282 4204 3337 4258 in
3364 4204 3602 4268 theatro,

2026 4319 2082 4362 et
2106 4305 2319 4361 videret
2350 4318 2472 4374 qua:
2495 4301 2725 4363 ﬁebant,
2757 4313 2884 4353 eum
2912 4297 3142 4353 vidisset
3162 4293 3513 4359 miraculum,
3547 4301 3607 4348 et

2027 4405 2177 4454 esset
2210 4396 2378 4452 veluti
2411 4393 2530 4450 zelo
2564 4404 2848 4451 accensus,
2878 4396 2936 4443 et
2970 4403 3032 4443 se
3080 4385 3283 4440 divinae
3316 4383 3500 4439 crucis
3526 4383 3608 4438 si-

347 4513 588 4582 θάρσους
647 4472 1046 4574 ύποπλησθεὶς,
1115 4472 1448 4565 ενίσεπήδησέ
1502 4507 1563 4544 τε
1608 4489 1796 4561 μέσον,
1830 4485 1912 4541 κού

2029 4494 2250 4561 gnasset
2282 4484 2590 4557 signaculo,
2612 4492 2671 4539 et
2699 4479 2873 4538 animi
2920 4476 3247 4534 lenitudine
3297 4484 3355 4531 et
3382 4472 3611 4529 audacia

344 4579 480 4675 api;
506 4604 600 4656 τον
630 4597 852 4671 βασιλέα
885 4592 1260 4667 θαρρούντως,
1321 4584 1465 4655 Ἐγὼ
1504 4580 1755 4654 βασιλεῦ,
1795 4579 1923 4648 ἔφη,

344 4672 677 4769 Χριστιανός
717 4694 856 4762 είμι,
882 4691 978 4744 καὶ
996 4688 1066 4741 τὰ
1107 4679 1507 4756 προστάγματά
1533 4694 1627 4732 σου
1659 4672 1927 4736 διαπτύω,

344 4767 443 4846 καὶ
466 4792 569 4863 τὴν
620 4784 920 4858 θρησκείαν
949 4798 1044 4835 σου
1073 4778 1366 4847 ὲξὸμνυμι,
1412 4773 1506 4826 καὶ
1535 4770 1638 4841 ήδη
1671 4767 1932 4863 πρόσκει-

348 4884 452 4956 μαί
482 4860 567 4936 σοι
592 4880 682 4934 διὰ
704 4876 960 4948 Χριστὸν,
989 4872 1181 4927 οὐδένα
1211 4863 1532 4956 οἶκτον-τῶν
1566 4860 1793 4956 σαρκῶν
1826 4874 1929 4956 pou

346 4944 561 5027 Σ’τούτων
611 4944 960 5035 ποιούμενος.
1023 4959 1115 5031 Μὴ
1172 4955 1362 5027 νόμιζε
1393 4952 1450 5006 δὲ
1494 4951 1571 5014 ὡς
1605 4946 1858 5010 ἀπειλαῖς
1895 4944 1929 5017 ἢ

348 5063 621 5125 θωπείαις
680 5058 977 5130 κρατήσεις
1036 5050 1174 5114 ὅλως
1252 5045 1389 5117 ἐμοῦ
1419 5044 1454 5116 ἦ
1490 5042 1651 5098 ἄλλου
1694 5040 1758 5110 δή
1784 5054 1931 5130 τινος

339 5158 460 5212 τῶν
510 5128 882 5225 Χριστιανῶν.
927 5145 1095 5212 Ἡμῖν
1135 5141 1246 5210 γὰρ
1306 5137 1541 5197 θάνατος
1800 5128 1933 5225 μεθ’

343 5221 639 5318 ὑμῶντῶν
666 5238 1009 5296 ἀσεϐούντων
1064 5231 1199 5303 ζωὴ,
1244 5228 1361 5300 ζωὴ
1393 5228 1451 5282 δὲ
1476 5222 1759 5318 suos“
1790 5221 1929 5318 ὑπερ

338 5313 449 5396 τοῦ
502 5335 744 5409 Χριστοῦ
771 5334 1023 5393 θάνατος.
1090 5327 1203 5381 Καὶ
1242 5318 1361 5377 οἶδα
1404 5319 1506 5391 μὲν
1564 5318 1652 5371 ὅτι
1680 5316 1760 5380 ὡς
1792 5313 1932 5409 λέων

342 5450 439 5493 τις
470 5404 785 5501 ὼρύόμενος
816 5422 1023 5491 ἐπέϐης
1080 5417 1289 5487 ταύτης
1339 5413 1440 5481 τῆς
1473 5410 1721 5472 πόλεως,
1749 5404 1933 5476 ζητῶν

339 5524 435 5594 τῷ
460 5498 620 5592 θυμῷ
648 5517 1022 5587 συναρπάσαι,
1054 5511 1150 5564 καὶ
1197 5511 1265 5578 τῇ
1316 5499 1735 5571 είδωλολατρεία
1784 5498 1934 5552 διασο

346 5593 600 5684 παρὰξαι
637 5609 699 5663 τὸ
752 5608 847 5660 τοῦ
894 5601 1133 5675 Χριστοῦ
1172 5599 1446 5668 ποίμνιον,
1479 5595 1572 5648 καὶ
1601 5594 1675 5657 ὡς
1723 5593 1934 5661 ἐπεπή-

339 5709 526 5776 ὃηοας
581 5702 680 5755 καὶ
703 5700 836 5768 ἡμῖν
875 5697 1121 5769 σήμερον
1153 5691 1290 5761 μετὰ
1346 5688 1454 5743 τῶν
1483 5684 1666 5742 αὐτῶν
1701 5685 1934 5738 ἐλπίδων

342 5801 451 5857 καὶ
474 5797 683 5855 ὅπλων,
745 5790 881 5846 Ἀλλ’
915 5782 1377 5858 ἀποστρεφόμεθὰ
1438 5798 1495 5835 σε
1554 5783 1620 5851 τῇ
1672 5778 1801 5853 πρὸ,
1838 5778 1933 5832 0i-

2030 4589 2178 4637 esset
2213 4578 2478 4649 repletus,
2514 4576 2569 4630 in
2607 4572 2854 4629 medium
2908 4569 3205 4642 prosilivit,
3236 4576 3294 4623 et
3345 4566 3612 4622 audacter

2032 4671 2352 4742 imperatori
2385 4687 2403 4726 ε
2432 4671 2564 4741 Ego,
2602 4682 2637 4725 ο
2671 4668 2993 4738 imperator,
3050 4662 3253 4733 inquit,
3297 4676 3419 4716 sum
3465 4657 3612 4714 chri-

2032 4765 2266 4826 stiauus,
2294 4771 2351 4817 et
2414 4772 2505 4816 tua
2567 4761 2720 4831 jussa
2761 4773 2962 4828 respuo
2985 4767 3044 4813 et
3096 4770 3375 4818 exsecror,
3407 4762 3460 4807 et
3499 4767 3606 4806 non

2033 4857 2229 4928 abjuro
2266 4855 2609 4923 religionem,
2636 4861 2692 4906 et
2711 4851 2824 4920 jam
2854 4850 2954 4904 tibi
2986 4863 3111 4903 sum
3169 4854 3398 4916 propter
3449 4843 3612 4899 Chri-

2035 4958 2181 5004 stum
2235 4944 2574 5017 propositus,
2606 4943 2759 4999 nulla
2811 4954 3061 4997 mearum
3118 4936 3369 4993 carnium
3427 4942 3612 4987 motus

2037 5034 2436 5090 misericordia.
2484 5032 2563 5088 Nc
2614 5030 2901 5087 existimes
2953 5035 3136 5082 autem
3162 5024 3302 5088 fore,
3340 5030 3401 5076 ut
3448 5020 3615 5075 minis

2037 5128 2125 5183 vel
2186 5125 2472 5182 blanditiis
2521 5139 2611 5179 me
2655 5123 2734 5179 sis
2794 5119 3021 5176 omnino
3069 5123 3457 5186 superaturus,
3514 5112 3613 5167 sed

2033 5235 2217 5290 neque
2269 5219 2442 5275 ullum
2511 5214 2961 5272 cbristianorum.
3036 5209 3210 5266 Nobis
3257 5207 3406 5262 enim
3463 5219 3614 5261 mors

2037 5313 2265 5383 quidem
2296 5319 2385 5367 est
2433 5309 2568 5373 vita,
2616 5322 2739 5378 quae
2771 5322 2897 5361 cum
2957 5303 3116 5360 vobis
3161 5300 3343 5371 agitur
3406 5296 3614 5366 impiis.

2042 5405 2181 5460 Vere
2211 5413 2396 5458 autem
2434 5402 2544 5456 vita
2572 5407 2657 5455 est
2685 5413 2853 5463 mors,
2880 5412 3005 5467 quae
3029 5410 3129 5466 pro
3178 5392 3403 5450 Christo
3438 5388 3617 5444 susci-

2041 5498 2208 5567 pitur.
2240 5495 2309 5549 Et
2355 5494 2469 5548 scio
2518 5489 2738 5560 quidem
2768 5488 2917 5557 quod
2961 5500 3217 5556 tanquam
3249 5483 3338 5539 leo
3386 5480 3616 5550 rugiens

2040 5592 2095 5646 iu
2122 5591 2262 5644 haue
2295 5585 2589 5641 ascendisti
2614 5582 2912 5645 civitatem,
2929 5594 3187 5651 quaerens
3209 5577 3290 5632 ira
3308 5576 3610 5644 corripere,

2042 5694 2098 5739 et
2131 5681 2283 5736 cultu
2316 5675 2736 5733 simulacrorum
2773 5673 2977 5729 Christi
3005 5686 3225 5742 gregem
3254 5667 3607 5736 discerpere:

2043 5786 2097 5832 et
2129 5772 2274 5844 quod
2317 5768 2483 5845 hodie
2527 5784 2749 5840 quoque
2782 5767 2848 5833 ad
2902 5781 3001 5823 nos
3029 5760 3334 5837 prosiluisti
3365 5775 3491 5817 cum
3524 5772 3618 5813 ea-
