4094 6384
518 322 614 388 ιιι

1744 316 2033 376 MENSIS
2071 312 2503 375 DECEMBER.

3668 307 3778 372 £12

515 440 641 492 dem
673 452 769 506 spe
798 442 851 488 ct
883 433 1070 488 armis.
1101 431 1207 488 Sed
1241 440 1294 487 te
1326 430 1725 493 aversabimur,
1753 436 1809 484 et
1837 427 2090 486 audacia.

2205 444 2356 481 υατον
2378 426 2571 497 τόλμῃ,
2603 424 2695 479 καὶ
2726 424 2806 495 τῷ
2831 421 3155 494 ἀμεταθέτῳ
3181 423 3283 493 τῆς
3321 420 3637 484 εὐσεϐείας,
3664 420 3776 474 ῶσ-

510 544 619 599 qua
646 526 982 596 impellimur
1012 523 1078 579 ad
1115 532 1347 579 mortem
1380 522 1621 578 libenter
1650 521 2083 593 suscipiendam,

509 629 566 674 et
596 617 798 688 pietate
830 614 1184 679 immutabili,
1236 624 1502 684 tanquam
1545 613 1792 671 dolosam
1843 614 2086 683 aliquam

510 710 752 779 vulpem,
776 724 897 778 quae
923 706 1067 762 ludit
1102 707 1338 762 maxime
1371 706 1623 762 ridicule.

581 800 822 857 XXX“.
861 800 983 855 llaec
1032 812 1157 854 cum
1198 797 1808 869 audiissetlmperator,
1835 807 1892 852 et
1942 810 2090 854 esset

511 898 560 951 ei
588 911 684 951 cor
722 896 804 950 ira
825 908 1143 958 accensum,
1166 901 1222 947 et
1248 892 1357 964 jam
1390 901 1538 948 esset
1565 901 1758 948 emota:
1789 892 1991 947 mentis
2020 908 2087 947 ex

510 998 738 1056 stupore
776 984 1049 1047 miraculi,
1083 982 1252 1038 veluti
1284 982 1491 1038 oblitus
1546 997 1607 1037 se
1634 996 1755 1037 esse
1788 982 2089 1053 imperato-

512 1092 652 1138 rem,
689 1092 721 1131 e
748 1076 878 1132 sede
908 1075 1186 1139 desiliens,
1213 1090 1337 1129 cum
1365 1075 1554 1129 insana
1592 1090 1754 1129 manu
1793 1076 2080 1147 cujusdam

513 1185 711 1225 eorum
743 1169 837 1239 qui
872 1184 1042 1239 prope
1101 1176 1286 1235 erant,
1343 1167 1656 1222 strinxisset
1685 1182 1897 1235 ensem,
1924 1167 2089 1221 multa

512 1272 570 1317 et
598 1272 748 1318 certa
777 1262 1004 1315 vulnera
1053 1260 1215 1315 affert
1263 1259 1555 1330 Eugrapbo
1585 1268 1636 1315 et
1677 1261 1758 1314 sic
1791 1275 1890 1329 per
1916 1274 1975 1313 se
2003 1258 2093 1313 iu-

515 1355 727 1410 terimit
756 1369 926 1425 prope
963 1353 1200 1407 tribunal
1236 1352 1411 1405 virum
1438 1354 1633 1405 fortem
1665 1359 1721 1407 et
1769 1359 2089 1421 martyrem,

515 1445 753 1515 primum
787 1446 1011 1515 quidem
1039 1453 1275 1499 stantem
1326 1445 1468 1498 citra
1505 1443 1675 1497 ullum
1729 1443 2007 1508 timorem,
2032 1450 2089 1497 et

514 1538 784 1595 ferentem
827 1539 1034 1609 plagas,
1083 1546 1140 1592 et
1172 1537 1256 1591 vel
1296 1537 1349 1591 in
1402 1536 1537 1606 ipsis
1567 1544 1891 1606 arguentem
1920 1535 2095 1604 impe-

517 1639 778 1695 ratorem,
800 1641 987 1701 postea
1025 1638 1208 1685 autem
1244 1628 1299 1683 in
1333 1638 1477 1684 terra
1519 1629 1797 1699 iacentem
1850 1627 2010 1681 ﬁrmo
2035 1634 2093 1682 et

515 1722 786 1777 constanti
826 1721 1033 1785 animo,
1094 1729 1149 1776 et
1199 1722 1308 1775 Deo
1369 1730 1619 1791 agentem
1682 1719 1905 1791 gratias,
1944 1718 2093 1789 quod

516 1814 733 1882 primus
763 1814 997 1869 aliorum
1023 1813 1089 1868 ad
1125 1827 1251 1867 eum
1287 1789 1779 1882 ingrederetur,vet
1811 1826 1921 1866 non
1979 1826 2091 1866 uno
2126 1789 2168 1849 Β

520 1903 655 1966 ictu,
688 1903 784 1958 sed
812 1904 1000 1958 multis
1032 1903 1192 1956 tinem
1213 1904 1508 1971 acciperet,
1539 1912 1599 1956 ut
1621 1902 1820 1973 dignus
1844 1902 2097 1972 pluribus

520 1992 827 2047 haberetur
855 1993 1094 2048 coronis.
1128 1992 1234 2059 Qui
1264 2007 1387 2047 cum
1418 2000 1474 2046 et
1511 1993 1609 2047 has
1649 1995 1834 2063 plagas
1873 1993 2096 2062 accipe-

519 2092 627 2142 ret,
666 2091 723 2136 et
758 2082 856 2137 has
906 2097 1072 2137 voces
1097 2083 1308 2146 ederet,
1361 2081 1682 2152 exspiravit.
1718 2081 2096 2137 Temulentam

519 2182 706 2226 autem
732 2173 915 2228 adhuc
947 2173 1158 2228 habens
1209 2174 1451 2227 animam
1490 2175 1806 2243 imperator.
1841 2174 1989 2244 quod
2016 2174 2097 2230 ira

522 2266 728 2329 victus,
787 2265 866 2318 sic
896 2264 963 2319 ad
1014 2264 1252 2319 militare
1290 2265 1667 2321 descendisset
1702 2252 2094 2332 ministerium,

522 2371 646 2409 cum
684 2371 878 2411 rursus
911 2356 1233 2412 revertisset
1261 2356 1327 2410 ad
1383 2358 1594 2422 sedem,
1633 2358 1955 2428 aliquandiu
1984 2374 2100 2412 ma-

522 2461 664 2500 nens
703 2447 1124 2517 cog‘tabundus,
1162 2449 1422 2518 cognovit
1458 2464 1517 2504 se
1574 2464 1672 2518 per
1698 2449 2096 2519 impudentiam

522 2539 855 2594 dubitationi
877 2540 1128 2595 attulisse
1148 2542 1454 2596 remedium
1472 2552 1527 2595 et
1545 2542 1729 2611 specie
1754 2543 2100 2614 impugnasse

520 2631 837 2687 veritatem.
872 2631 1009 2688 Cum
1034 2641 1420 2703 repente'ergo
1444 2633 1509 2688 ad
1546 2649 1604 2688 se
1633 2634 1909 2701 rediisset,
1958 2645 2014 2691 et
2040 2652 2100 2693 se

521 2723 589 2778 ad
622 2734 842 2780 sanetos
858 2726 1226 2781 convertisset
1260 2742 1274 2780 :
1307 2726 1461 2792 Juro,
1507 2727 1705 2798 inquit,
1738 2728 1967 2783 deorum
2000 2746 2098 2800 po-

523 2817 772 2881 tentiam,
837 2833 923 2873 me
973 2819 1145 2874 multa
1199 2818 1420 2889 quidem
1472 2820 1576 2874 alia
1631 2837 1882 2892 sperasse
1915 2824 2103 2880 videre

520 2908 804 2981 inopinata
843 2925 861 2964 :
918 2911 1054 2965 tales
1105 2921 1288 2967 autem
1344 2927 1432 2967 me
1461 2912 1710 2968 visurum
1737 2931 1856 2970 esse
1892 2931 2100 2984 magos,

521 3018 802 3072 nunquam
833 3018 952 3057 sum
982 3004 1259 3072 Opinatus.
1291 3005 1397 3061 Sed
1427 3006 1560 3076 quid
1589 3008 1714 3061 novi
1746 3006 1927 3063 facere
1951 3008 2102 3065 vide-

520 3096 680 3157 mini,
711 3105 828 3150 arte
882 3097 1089 3165 magica
1141 3106 1199 3151 et
1253 3099 1548 3168 praestigiis
1581 3100 1838 3170 populum
1871 3115 1901 3154 a
1930 3117 1989 3156 se
2022 3102 2101 3158 fa-

520 3186 735 3241 cientes
785 3186 1089 3258 discedere,
1150 3197 1206 3242 et
1265 3188 1631 3260 simpliciores
1683 3192 2021 3249 abducentes
2068 3209 2099 3248 a

521 3279 751 3331 deorum
807 3288 1097 3346 potestate,
1146 3288 1201 3334 et
1244 3281 1381 3334 mori
1417 3296 1516 3351 pro
1565 3279 1841 3338 Crucitixo
1870 3292 1978 3338 tam
2024 3284 2104 3338 fa-

521 3369 632 3424 e;le
692 3371 1133 3439 persuadentes?
1181 3372 1295 3441 Ego
1320 3373 1524 3442 itaque,
1576 3373 1671 3443 qui
1709 3388 1809 3428 vos
1867 3374 2102 3430 miseros

525 3477 649 3516 sum
715 3464 920 3531 optime
979 3473 1261 3533 expertus,
1296 3480 1422 3519 mox
1457 3475 1646 3534 aperte
1701 3466 1984 3520 ostendam
2016 3467 2101 3521 vel

527 3569 627 3609 vos
658 3569 781 3609 esse
809 3564 1044 3625 spcctra,
1075 3556 1160 3610 vel
1191 3558 1331 3611 hanc
1367 3557 1688 3611 ementitum
1718 3558 2095 3613 membrorum

526 3653 835 3698 vestrorum
873 3645 1346 3714 reformationem,
1370 3662 1494 3704 esse
1519 3648 1769 3705 fraudem
1790 3649 2101 3718 oculorum,

528 3746 587 3792 ct
620 3746 843 3808 apertas
871 3739 1197 3811 praestigias.

601 4004 868 4063 XXXVII.
899 4006 1085 4064 Sancti
1122 4020 1307 4065 autem
1356 4009 1657 4068 dixerunt:
1696 4011 2109 4085 Consequentia

530 4097 740 4162 dixisti,
776 4113 811 4154 ο
839 4100 1160 4171 imperator.
1204 4102 1337 4157 Nam
1386 4105 1646 4174 quoniam
1692 4121 1850 4161 mens
1883 4106 2110 4177 quidem

536 4200 629 4245 tua
658 4202 743 4247 est
782 4191 1066 4262 iufatuata,
1098 4197 1322 4251 excutit
1368 4208 1552 4253 autem
1606 4199 1811 4263 anima,
1848 4215 1947 4255 cor
1978 4214 2111 4255 vero

529 4293 619 4338 est
646 4295 976 4340 excaecatum
1005 4305 1019 4343 :
1051 4287 1250 4343 merito
1277 4289 1355 4344 rei
1386 4306 1607 4360 quoque
1648 4292 1988 4348 admirabilis
2019 4308 2112 4348 ve-

536 4376 691 4440 ritas,
721 4378 1006 4448 pmstigize
1049 4395 1170 4435 esse
1210 4380 1432 4435 videtur
1468 4392 1526 4436 et
1567 4381 1842 4452 deceptio.
1889 4385 1971 4439 An
2004 4398 2114 4439 non

2196 536 2301 588 περ
2330 517 2591 573 ἀλώπεκα
2637 536 2759 572 τινα
2810 515 3057 587 δολερὰν,
3106 516 3432 585 γελοιότατα
3487 514 3779 580 διαπαιςο-

2199 610 2390 680 μένην.

2270 794 2411 859 Aq'.
2447 792 2668 847 Τούτων
2716 792 2963 856 ἀκούσας
2994 794 3022 846 ὁ
3048 791 3330 861 βασιλεὺς,
3361 792 3456 845 καὶ
3477 791 3643 864 θυμῷ
3676 794 3777 866 τὴν

2204 884 2437 954 καρδίαν
2494 883 2880 956 ἀναφλεχθεὶς,
2924 885 3021 937 καὶ
3078 884 3180 947 τὰς
3209 884 3417 954 φρένας
3445 885 3548 955 ήδη
3572 885 3780 939 διασειο

2200 975 2347 1039 σθεὶς
2379 977 2442 1027 ὲκ
2468 976 2568 1045 τῆς
2619 978 2716 1029 τοῦ
2773 975 3056 1045 θαύματος
3104 976 3525 1046 καταπλήξεως,
3556 976 3780 1031 ἐκλαθό-

2203 1083 2362 1137 μενος
2394 1066 2582 1136 ῶσπερ
2604 1067 2687 1121 ὅτι
2727 1068 2822 1121 καὶ
2852 1067 3109 1135 βασιλεὺς
3136 1063 3225 1139 ἦν,
3292 1067 3389 1122 τοῦ
3424 1068 3620 1136 θρόνου
3650 1071 3780 1122 ἀνευ

2198 1159 2472 1230 πηδήσας.
2527 1159 2623 1214 καὶ
2669 1176 2939 1232 μαργωσῃ
2975 1160 3125 1230 χειρὶ
3177 1160 3285 1214 τῶν
3316 1160 3602 1229 ἐγγυτάτω
3634 1161 3780 1225 τινος

2201 1253 2553 1322 σπασάμενος
2617 1253 2915 1324 μάχαιραν,
2967 1254 3179 1316 πολλάς
3230 1253 3367 1322 ὁμοῦ
3424 1253 3520 1305 καὶ
3556 1252 3781 1324 καιρίας

2201 1345 2505 1414 κατήνεγκε
2561 1344 2655 1397 τοῦ
2703 1328 2998 1415 έῦγράφου
3036 1360 3050 1377 ο
3121 1346 3216 1399 καὶ
3269 1344 3414 1398 οὕτω
3452 1346 3521 1399 δι’
3579 1345 3781 1399 ἑαυτοῦ

2199 1438 2415 1508 ἀναιρεῖ
2471 1438 2622 1507 παρά
2648 1438 2707 1490 τὸ
2748 1436 2901 1508 βῆμα
2946 1439 3039 1492 τὴν
3080 1438 3314 1510 ἀριστέα
3371 1440 3467 1492 καὶ
3500 1440 3781 1510 μάρτυρα,

2199 1532 2269 1586 sit
2299 1530 2491 1602 πρῶτα
2563 1529 2663 1600 μὲν
2705 1530 2807 1584 καὶ
2863 1531 3155 1602 ἀπτοήτως
3214 1531 3528 1601 ἱστάμενον,
3554 1532 3646 1583 καὶ
3683 1533 3781 1598 φέ-

2202 1641 2364 1696 ροντα
2392 1623 2492 1689 τὰς
2541 1623 2778 1695 πληγὰς,
2829 1624 2926 1678 καὶ
2984 1624 3115 1694 παρ’
3146 1623 3343 1686 αὑταῖς
3393 1622 3589 1678 ἕτιτδν
3629 1624 3783 1694 βασι-

2201 1718 2300 1771 λέα
2361 1717 2675 1787 ἐλέγχοντα,
2744 1715 2975 1787 ὕστερον
3017 1715 3074 1770 δέ
3119 1716 3215 1770 καὶ
3253 1715 3655 1771 κατακλιθέντα
3700 1718 3783 1779 εἰς

2198 1809 2325 1878 γῆν,
2357 1807 2556 1862 ἑστῶτι
2604 1808 2696 1861 καὶ
2733 1807 2948 1861 ἀκλινεϊ
2982 1806 3061 1876 τῷ
3096 1807 3435 1878 φρονήματι,
3471 1810 3566 1862 καὶ
3621 1808 3784 1880 χάριν

2198 1898 2597 1970 ὁμολογοῦντα
2624 1899 2703 1970 τῷ
2726 1897 2865 1970 Θεῷ,
2916 1899 2998 1953 δτι
3026 1901 3122 1953 καὶ
3151 1900 3369 1970 πρῶτος
3400 1900 3579 1954 ἄλλων
3613 1900 3783 1956 ὥδευε

2202 1990 2339 2061 πρὸς
2363 1990 2549 2055 αὑτὸν,
2604 1993 2698 2044 καὶ
2727 1990 2792 2045 οὐ
2821 1992 2923 2062 μιᾷ
2972 1993 3139 2062 τομῇ,
3177 1990 3317 2045 ἀλλά
3345 1991 3569 2055 πολλαῖς
3602 1993 3661 2046 τὸ
3689 1996 3783 2048 τέο

2197 2083 2289 2145 λος
2325 2083 2556 2152 ἐδέχετο,
2612 2083 2697 2135 ἴνα
2744 2083 2838 2136 καὶ
2887 2083 3149 2136 πλειόνων
3193 2082 3283 2154 εἴη
3318 2083 3428 2136 τῶν
3495 2087 3783 2154 στεφάνων

2196 2172 2519 2242 ἠξιωμένος,
2556 2173 2650 2225 καὶ
2678 2172 2823 2225 οὕτω
2853 2174 2975 2237 ταῖς
3010 2173 3247 2244 πληγαῖς
3279 2175 3506 2238 ταύταις
3538 2178 3634 2229 καὶ
3660 2180 3785 2242 ταῖς

2199 2265 2402 2332 φωναῖς
2464 2263 2966 2319 συνεκπνεύσαντα.
3018 2262 3344 2318 Μεθύουσαν
3394 2265 3488 2318 οὖν
3540 2266 3624 2320 ἔτι
3681 2268 3783 2338 τὴν

2197 2354 2378 2426 ψυχὴν
2427 2354 2568 2426 ἔχων
2599 2357 2629 2407 δ
2666 2354 2947 2426 βασιλεὺς,
2987 2357 3094 2421 δτι,
3133 2356 3305 2428 θυμοῦ
3337 2358 3596 2430 ἡττηθεὶς
3621 2403 3635 2421 .
3704 2362 3784 2423 εἰς

2200 2446 2601 2519 στρατιωτικὴν
2628 2447 2773 2503 οὕτω
2799 2449 3044 2514 καταϐὰς
3078 2448 3383 2520 ὑπηρεσίαν
3414 2450 3669 2521 ἐξύϐρισε
3724 2451 3784 2503 εδ

2200 2539 2464 2610 διάδημα,
2527 2539 2863 2612 ἀναδραμὼν
2891 2543 2986 2594 καὶ
3018 2536 3175 2606 αὖθις
3204 2543 3295 2596 ἐπὶ
3320 2543 3412 2597 τὸν
3442 2542 3648 2611 θρόνον,
3683 2543 3786 2595 ἐπ’

2204 2631 2387 2700 ὀλίγον
2421 2648 2480 2685 τε
2517 2633 2709 2703 μείνας
2739 2634 2825 2701 ἐφ’
2856 2632 3078 2699 ἑαυτοῦ,
3120 2632 3190 2687 δι’
3216 2634 3497 2697 ἀναιδείας
3524 2634 3667 2703 εγνω
3697 2633 3784 2686 θε-

2205 2723 2482 2796 ραπεῦσαι
2529 2723 2631 2796 τὴν
2658 2724 2917 2795 ἀπορίαν,
2947 2725 3043 2779 καὶ
3085 2722 3230 2778 οὕτω
3255 2724 3335 2796 τῷ
3359 2724 3558 2790 δοκεῖν,
3616 2742 3788 2779 κατα-

2202 2816 2539 2886 γωνίσασθαι
2593 2816 2694 2888 τὴν
2752 2815 3034 2888 ἀλήθειαν.
3104 2816 3401 2886 Ἐξαίφνης
3460 2815 3554 2869 οὖν
3594 2815 3787 2884 ῶσπερ

2205 2910 2518 2978 ἀνενεγκὼν
2550 2949 2566 2973 ,
2617 2910 2719 2963 καὶ
2770 2909 2906 2980 πρὸς
2955 2911 3085 2972 τοὺς
3142 2909 3335 2977 ἁγίους
3381 2908 3782 2977 ἐναποϐλέψας,

2207 3002 2473 3072 Ὄμνυμι,
2529 3000 2655 3071 ἔφη,
2701 3000 2763 3055 τὸ
2796 3000 2907 3053 τῶν
2933 2999 3072 3053 θεῶν
3124 3002 3326 3071 κράτος
3374 2999 3450 3062 ῶς
3481 2999 3651 3053 πολ,λά
3687 3001 3787 3063 μὲν

2203 3092 2341 3148 ἄλλα
2355 3092 2464 3144 τῶν
2491 3091 2771 3163 ἀδοκήτων
2807 3091 2936 3145 ίδεϊν
2958 3090 3181 3161 ἤλπισα·
3205 3090 3411 3161 μάγους
3433 3088 3488 3143 δὲ
3515 3089 3787 3151 τοιούτους

2208 3185 2336 3240 ιδεῖν
2367 3185 2625 3238 οὐδέποτε
2660 3182 3057 3254 προσεδόκησα.
3079 3182 3227 3254 Πλὴν
3244 3182 3299 3234 τί
3315 3181 3412 3235 καὶ
3439 3180 3591 3247 ξένον
3609 3184 3793 3251 πράτ-

2201 3292 2318 3329 τειν
2345 3275 2577 3341 δοκεῖτε,
2617 3276 2820 3346 μαγείᾳ
2850 3274 2946 3327 καὶ
2973 3273 3205 3345 γοητείᾳ
3224 3272 3541 3339 ἐξιστῶντες
3565 3274 3658 3325 τὸν
3688 3272 3787 3342 δῆ-

2205 3383 2327 3438 μον,
2357 3366 2454 3419 καὶ
2511 3366 2642 3430 τοὺς
2679 3364 3078 3435 ἁφελεστέρους
3098 3364 3198 3432 τῆς
3231 3364 3341 3416 τῶν
3362 3362 3505 3416 θεῶν
3538 3365 3786 3428 ἀπάγονο

2201 3474 2293 3521 τες
2319 3456 2594 3524 ἐξουσίας,
2649 3455 2747 3510 καὶ
2775 3454 2869 3509 τοῦ
2917 3453 3337 3524 ἐσταυρωμένον
3405 3452 3792 3521 ὑπεραποθνή-

2206 3567 2383 3617 σκειν,
2431 3548 2605 3612 οὕτως
2654 3546 2896 3620 εὐχερῶς
2951 3545 3377 3609 ἀναπείθοντεςς
3464 3543 3612 3611 Ἐγὼ
3656 3543 3791 3611 γοῦν

2205 3641 2334 3704 τοὺς
2363 3640 2583 3704 ἀθλίους
2623 3640 2779 3711 ὑμᾶς
2835 3637 2926 3692 διὰ
2955 3637 3155 3709 πείρας
3188 3636 3328 3707 ἔχων
3353 3637 3790 3707 ἀκριϐεστάτης,

2205 3733 2491 3803 ἀπελέγξω
2517 3733 2579 3788 τὸ
2605 3731 2826 3804 τάχοςῆ
2881 3732 3017 3796 ὅλως
3074 3732 3337 3804 φάσματα
3394 3734 3573 3799 δντας,
3632 3732 3793 3804 ἢτὴν

2206 3825 2551 3896 ψευδομένην
2573 3825 2781 3897 ταύτην
2808 3824 3112 3880 ἀνάπλασιν
3142 3825 3252 3879 τῶν
3282 3825 3570 3895 ὑμετέρων
3606 3823 3789 3894 μελῶν

2210 3917 2430 3987 ἀπάτην
2453 3917 2752 3988 ὀφθαλμῶν
2776 3917 2943 3972 οὖσαν
2991 3920 3087 3972 καὶ
3109 3920 3368 3987 γοητείαν
3397 3918 3571 3987 σαφῆ.

2284 4005 2406 4062 ΛΖ’.
2431 4008 2543 4062 Καὶ
2571 4010 2623 4062 οἱ
2657 4009 2803 4078 ἅγιοι
2834 4006 3024 4063 εἶπον·
3074 4008 3375 4063 ’Δκόλουθα
3425 4009 3585 4078 ἔφης.
3618 4002 3663 4062 ὦ
3693 4008 3793 4077 βα-

2214 4096 2388 4154 σιλεῦ.
2435 4099 2591 4153 Ἐπεὶ
2636 4100 2745 4167 γάρ
2779 4116 2862 4154 σοι
2914 4101 3183 4171 μωραίνει
3230 4102 3329 4170 μὲν
3360 4101 3649 4168 ήδιά.οια,
3692 4117 3795 4152 τυ-

2214 4188 2450 4259 φλώττει
2481 4188 2539 4242 δὲ
2571 4191 2604 4261 ἡ
2638 4189 2809 4261 ψυχὴ,
2872 4191 3215 4261 πεπώρωται
3243 4193 3299 4246 δὲ
3332 4193 3365 4261 ἡ
3396 4192 3619 4263 καρδία,
3648 4192 3798 4245 εἰκός

2213 4298 2327 4344 τως
2362 4280 2460 4335 καὶ
2505 4282 2601 4336 τοῦ
2638 4283 2946 4354 παραδόξου
2969 4285 3301 4353 πράγματος
3333 4286 3367 4355 ἡ
3399 4284 3631 4354 ἀλήθεια
3660 4300 3798 4357 γοη-
3907 4338 3924 4349 ,

2216 4375 2338 4429 τεία
2370 4371 2515 4430 εἶναι
2546 4377 2643 4430 καὶ
2693 4377 2880 4448 ἀπάτη
2937 4376 3105 4432 δοκεῖ.
3149 4373 3227 4431 Ἥ
3255 4378 3367 4450 γάρ
3390 4378 3513 4449 οὐχὶ
3540 4377 3797 4448 φανερῶς

534 4466 686 4518 enim
714 4477 903 4536 aperte
935 4469 1177 4531 cteeutis.
1205 4470 1299 4538 qui
1331 4471 1397 4524 iis
1418 4487 1526 4525 non
1564 4472 1771 4534 credis,
1834 4489 1957 4543 quae
1983 4482 2101 4529 sunt

2212 4465 2541 4536 τυφλώττεις
2564 4467 2702 4538 πρὸς
2729 4470 2798 4523 τά
2825 4470 2922 4522 καὶ
2947 4468 3127 4540 φωτὸς
3153 4467 3515 4540 λαμπρότερα
3535 4468 3632 4521 καὶ
3659 4467 3801 4539 ήμέο

538 4559 625 4611 vel
659 4559 781 4614 luce
806 4560 1035 4613 clariora
1060 4561 1083 4613 ?
1108 4561 1264 4627 Quod
1297 4562 1341 4616 si
1390 4564 1521 4633 quid
1570 4564 1739 4619 etiam
1788 4564 1857 4619 de
1892 4565 1959 4620 iis
1990 4582 2101 4635 qua

2213 4573 2316 4626 ρας
2366 4555 2512 4610 οὕτω
2561 4556 2905 4620 διαπιστῶνς
2969 4557 3032 4612 Et
3064 4557 3123 4611 δέ
3176 4572 3231 4611 τι
3288 4559 3388 4612 καὶ
3425 4557 3799 4627 ἀμφιϐάλλεις

539 4648 720 4712 vides,
780 4647 1025 4716 dubitas,
1075 4651 1129 4705 iu
1182 4653 1344 4707 nobis
1393 4652 1576 4709 adhuc
1625 4654 1762 4724 ipsis
1821 4654 2101 4725 diligente:

2213 4649 2299 4718 ἐφ’
2354 4646 2441 4709 οἷς
2479 4652 2612 4721 ὁρᾷς
2648 4652 2708 4702 ὲν
2731 4654 2866 4720 ἡμῖν
2903 4652 3108 4718 αὐτοῖς,
3172 4653 3270 4704 καὶ
3317 4651 3399 4705 δτι
3426 4652 3800 4722 περιέργασαι

540 4735 760 4806 inquire
793 4738 1105 4794 veritatem.
1138 4739 1237 4794 Sin
1262 4752 1447 4796 autem
1478 4742 1636 4798 suavis
1669 4742 1854 4808 minis,
1890 4745 1973 4800 vel
2008 4744 2101 4801 lto-

2214 4741 2313 4813 τὴν
2334 4740 2609 4807 ἀλήθειαν.
2636 4742 2700 4796 Et
2724 4742 2781 4796 δὲ
2812 4741 3063 4813 χαλεπῶν
3087 4743 3363 4809 ἀπειλαῖς,
3389 4742 3422 4812 ἢ
3452 4743 3675 4812 ἀγαθῶν
3699 4745 3801 4797 επ-

538 4842 739 4883 norum
766 4830 1073 4900 promissis,
1095 4833 1327 4887 etiamsi
1356 4833 1535 4903 ipsum
1564 4834 1770 4891 dixeris
1800 4836 2101 4906 imperium.

2217 4833 2522 4901 αγγελίαις,
2552 4831 2656 4886 κᾶν
2685 4831 2962 4902 βασιλείαν
2983 4834 3144 4906 είπῃς
3184 4834 3377 4905 αὐτὴν,
3402 4835 3464 4889 τὸ
3490 4837 3621 4906 παρ’
3664 4836 3801 4906 ἡμῖν

538 4922 690 4993 quod
719 4937 807 4978 res
826 4931 911 4979 est
937 4925 1081 4994 apud
1119 4941 1219 4981 vos
1263 4925 1500 4981 maxima
1531 4938 1586 4982 et
1619 4927 1956 4995 beatissima,
1994 4930 2101 4986 esi-

2223 4926 2479 4996 μέγιστον
2506 4925 2601 4979 καὶ
2633 4928 3073 4998 μακαριώτατον,
3106 4928 3463 4998 μεταπείθειν
3493 4928 3797 5005 ήμᾶςῦοῑεις

541 5014 737 5068 stimas
763 5028 865 5069 nos
886 5029 916 5068 a
952 5023 1140 5070 nostra
1164 5014 1451 5071 traducere
1479 5018 1776 5083 sententia,
1817 5018 2047 5085 falleris,
2085 5034 2101 5074 ι

2218 5005 2488 5088 Λέληθας,
2519 5009 2565 5072 ὦ
2618 5016 2863 5088 βασιλεῦ,
2916 5019 3001 5073 δτι
3029 5020 3247 5089 πρῶτον
3274 5019 3441 5084 αὐτὸς
3473 5020 3803 5085 μεταϐαλὼν

543 5106 867 5175 imperator.
890 5106 1027 5162 Nam
1056 5114 1113 5162 tu
1145 5106 1320 5177 prius,
1348 5118 1560 5164 mutato
1582 5125 1798 5175 errore,
1826 5109 2101 5167 Christum

2221 5109 2320 5176 τῆς
2352 5110 2564 5181 πλάνης
2592 5110 2954 5182 ὁμολογήσεις
2982 5112 3246 5183 Χριστὸν,
3278 5114 3427 5186 ἥπερ
3471 5114 3636 5184 ἡμεῖς
3665 5114 3805 5169 ἀπο.

543 5198 924 5260 conﬁteberis.
954 5216 1119 5272 quam
1149 5215 1252 5257 nos
1287 5215 1321 5257 ε
1347 5200 1581 5259 veritate
1613 5202 1955 5269 deﬁcientes,
1982 5202 2101 5261 falst

2225 5202 2452 5267 στάντες
2475 5201 2576 5273 τῆς
2601 5202 2862 5275 ἀληθεὲας
2891 5204 2973 5275 τῷ
3004 5204 3195 5277 ψεύδει
3224 5206 3591 5278 προσέξομεν.
3633 5205 3803 5262 Ἀπδο

543 5292 721 5348 simus
735 5292 1034 5349 adita-euri.
1068 5294 1126 5349 In
1157 5308 1258 5350 nos
1278 5308 1411 5366 ergo
1439 5296 1736 5365 pronuntia
1763 5298 2101 5354 sententiam.

2224 5292 2695 5366 φηναιτοιγαροῦν
2726 5295 2850 5351 καθ’
2883 5293 3065 5366 ἡμῶν,
3091 5296 3340 5369 ἀκριϐῶς
3373 5296 3533 5362 εἰδὼς
3559 5297 3636 5363 ὡς
3659 5294 3804 5368 ὅπερ

550 5394 700 5441 recte
728 5386 930 5453 sciens,
959 5387 1104 5458 quod
1142 5388 1410 5459 quidquid
1451 5388 1519 5445 de
1541 5399 1744 5448 caetero
1771 5389 1980 5446 dixeris
2026 5405 2096 5445 au

2226 5382 2295 5439 ἂν
2319 5384 2380 5441 τδ
2405 5384 2593 5441 λοιπὴν
2617 5386 2779 5461 εἴπῃς
2806 5387 2839 5458 ἢ
2865 5388 3075 5461 δράσῃς
3101 5390 3196 5444 επὶ
3221 5391 3440 5462 ματαίῳ
3482 5406 3567 5445 σοι
3608 5390 3791 5455 ἔσται,

550 5476 773 5541 receris,
807 5491 837 5530 a
868 5486 921 5531 te
954 5474 1047 5533 ﬂet
1076 5477 1337 5543 inaniter,
1366 5487 1424 5535 et
1456 5479 1527 5535 ab
1571 5496 1640 5536 eo
1669 5496 1835 5552 quem
1865 5480 1967 5537 tibi
1997 5496 2125 5551 pro-

552 5567 734 5636 ponis,
771 5582 942 5638 scopo
976 5569 1137 5636 longe
1167 5571 1348 5627 cadet.
1419 5569 1722 5642 Imperator
1765 5583 1949 5629 autem
1998 5588 2123 5629 cum

547 5666 608 5711 ct
632 5673 700 5713 ex
724 5674 784 5713 se
815 5659 1041 5730 quidem
1116 5662 1480 5720 intellexisset
1526 5664 1851 5730 veritatem,
1887 5666 2125 5721 maxime

553 5762 691 5803 vero
720 5764 839 5806 eam
878 5753 1224 5821 cognovisset
1271 5771 1337 5812 ea
1393 5764 1621 5828 stupore
1648 5765 1703 5815 et
1760 5757 2121 5815 admiratione

2227 5476 2325 5532 καὶ
2346 5480 2539 5552 πόρρω
2562 5473 2838 5535 πίπτονοῦ
2862 5481 3081 5548 διώκεις
3113 5481 3341 5540 σκοποῦ.
3379 5482 3440 5540 '0
3460 5483 3520 5539 δι
3544 5482 3804 5555 βασιλεὺς

2230 5570 2324 5626 καὶ
2354 5571 2485 5642 παρ’
2510 5571 2706 5627 ἑαυτοῦ
2737 5574 2836 5643 μὲν
2859 5574 2961 5646 τὴν
2990 5575 3256 5648 ἀλήθειαν
3278 5576 3531 5640 συνιδὼν,
3567 5576 3804 5646 μάλιστα

2229 5664 2288 5719 δὲ
2319 5664 2411 5719 καὶ
2440 5664 2548 5720 ἀπὸ
2573 5665 2670 5736 τῆς
2698 5666 2807 5722 τῶν
2861 5667 3297 5739 παρισταμένων
3327 5666 3647 5736 εκπλήξεως
3674 5666 3807 5721 ταύ-

2232 5773 2331 5829 την
2361 5756 2714 5830 καταμαθὼν,
2758 5759 2855 5817 καὶ
2914 5759 3020 5835 γὰρ
3048 5760 3350 5835 ἀπτόμενοί
3374 5777 3430 5816 τε
3455 5759 3563 5817 τῶν
3607 5757 3802 5829 ἁγίων.
