4102 6376
294 329 407 394 413

1196 325 1669 390 MARTYRIUM
1714 326 1777 386 S.
1820 329 2054 390 ΜΕΝᾸΞ
2090 331 2184 390 ET
2225 329 2639 394 SOCIURUM.

3462 331 3567 394 Ili

295 441 395 495 καὶ
415 441 530 501 ταῖς
573 441 736 510 χερσὶ
787 436 1240 508 διαψηλαφῶντες
1274 437 1560 502 ἐξίσταντο
1598 435 1781 500 δείσας
1817 436 1889 505 μὴ

1993 457 2185 497 eorum
2231 443 2326 514 qui
2382 443 2640 499 astabant
2672 443 2919 512 (sanctos
2968 443 3116 499 enim
3173 451 3482 514 tangentes,
3511 455 3568 499 et

291 533 358 586 τὺ
398 530 601 601 πλῆθος
625 529 1008 600 πεπεισμένας
1028 528 1130 600 ήδη
1172 531 1269 593 τὰς
1299 529 1476 601 ψυχάς
1505 528 1726 600 ἔχοντες
1780 527 1886 580 ὑπὸ

289 631 398 698 τῆς
419 629 512 682 τοῦ
546 629 876 698 πράγματος
923 627 1236 695 ἐναργείας,
1271 629 1482 682 ἐκείνου
1512 627 1571 680 δὲ
1624 625 1760 696 πρὸς
1785 641 1888 692 φα-

292 723 463 793 νεράν
482 722 748 792 ἀλήθειαν
770 723 1204 789 ἀντιπίπτοντος,
1229 721 1474 793 δράσωσι
1492 737 1544 772 τι
1575 719 1668 770 καὶ
1685 717 1884 770 νεώτε-

298 833 396 886 ρον
425 815 547 868 κατ’
569 812 734 868 αὐτοῦ
784 816 1099 884 προστάξας
1125 815 1283 868 τοῦτο
1333 817 1518 883 μόνον,
1552 811 1652 873 τὰς
1711 824 1882 878 κεφα-

295 907 399 968 λάς
421 907 604 961 αὐτῶν
629 908 1038 978 ἀποτμηθῆναι,
1067 909 1272 976 άνέστη
1304 905 1400 958 τοῦ
1440 904 1711 974 βήματος.
1729 902 1885 954 Ἐπεὶ

293 999 355 1052 δὲ
382 999 428 1052 oi
462 998 609 1066 ἅγιοι
649 1001 793 1068 μετὰ
821 999 930 1053 τῶν
952 999 1276 1067 άπαγόντων
1306 998 1504 1060 αὐτοὺς
1539 995 1886 1066 στρατιωτῶν

293 1091 395 1145 καὶ
429 1090 635 1153 παντὸς
683 1091 777 1143 τοῦ
835 1091 1074 1160 πλήθους
1125 1092 1258 1162 περὶ
1291 1089 1384 1144 τὴν
1419 1089 1582 1142 τόπον
1611 1088 1882 1156 ἐγένοντο,

296 1182 526 1246 στάντες
553 1184 651 1238 καὶ
680 1185 872 1252 χεῖρας
928 1181 1045 1252 ἅμα
1097 1185 1191 1237 καὶ.
1243 1181 1563 1252 ὀφθαλμοὺς
1612 1181 1690 1243 είς
1717 1181 1888 1250 οὐρα-

294 1277 424 1339 νοῦς
457 1276 711 1346 ἄραντες,
745 1275 834 1329 ἐπ’
865 1275 983 1344 ὕψει
1013 1276 1233 1329 πάντων
1263 1273 1351 1343 ἐφ’
1409 1273 1593 1327 ίκανὸν
1653 1271 1887 1337 ηὔξαντο

293 1370 366 1439 τῇ
394 1385 451 1420 τε
490 1367 642 1420 πόλει
666 1369 762 1421 καὶ
797 1369 1152 1438 Χριστιανοίς
1198 1370 1357 1434 πᾶσι,
1389 1369 1486 1422 καὶ
1541 1367 1884 1438 ἐκκλησίαις,

293 1461 770 1514 κατάστασιν-καὶ
800 1461 1068 1532 γαλήνην,
1110 1462 1207 1516 καὶ
1236 1463 1296 1515 τδ
1325 1462 1530 1532 μηδένα
1562 1462 1662 1530 τῆς
1703 1461 1886 1515 αὐτῶν

297 1556 628 1625 ἐπικουρίας
671 1556 863 1610 ἐπιδεᾶ
927 1557 1222 1626 γενόμενον
1270 1557 1430 1610 κενὸν
1496 1556 1884 1626 ὑποστρέφειν.

299 1651 536 1705 Ἔπειτα
560 1654 701 1719 μετὰ
728 1649 827 1720 τὴν
863 1651 1028 1720 εὐχὴν
1058 1651 1454 1720 περιϐαλόντες
1498 1650 1766 1722 ἀλλήλους
1790 1651 1888 1704 καὶ

294 1744 526 1812 είρήνην
587 1743 772 1807 δόντες
808 1744 901 1797 καὶ
952 1743 1269 1814 ἀσπασμὸν,
1323 1744 1418 1798 καὶ
1476 1745 1604 1807 τοὺς
1655 1743 1888 1812 αὐχένας

294 1835 638 1898 ἐκτείναντες
662 1836 922 1902 ἑκάτερος
944 1836 1127 1889 αὐτῶν
1157 1836 1364 1907 χαίρων
1390 1836 1539 1907 παρὰ
1569 1835 1664 1889 τοῦ
1693 1835 1890 1905 λαχόν-

295 1944 388 1989 τος
423 1929 758 1997 στρατιὼτου
788 1929 847 1982 τὸ
877 1929 1150 2000 μακάριον
1195 1930 1348 1991 τέλος
1398 1929 1671 1993 ἐδέξαντο.

365 2017 496 2074 ΑΠ’.
576 2021 730 2072 Ἐπεὶ
753 2021 808 2074 δὲ
855 2021 883 2074 ὁ
924 2021 1098 2091 μέγας
1153 2022 1347 2090 Μηνᾶς
1393 2023 1484 2074 τόν
1540 2037 1600 2074 τε
1657 2019 1889 2090 βασιλέα

295 2113 543 2182 ᾐτήσατο
571 2113 680 2177 ζῶν
717 2114 796 2166 ἔτι
828 2113 978 2184 παρὰ
1006 2115 1084 2185 τῷ
1113 2114 1394 2184 Βυζαντίῳ
1423 2114 1484 2166 τὸ
1540 2114 1706 2168 αὐτοῦ
1729 2115 1891 2181 σῶμα

295 2203 690 2272 κατατεθῆναι,
758 2206 1040 2277 ἐπέσκηψε
1072 2207 1128 2260 δὲ
1175 2209 1268 2260 καὶ
1323 2209 1437 2269 τοῖς
1486 2207 1610 2259 τότε
1668 2208 1890 2268 πιστοῖς

297 2312 362 2347 πε
377 2297 428 2365 pi.
460 2296 678 2360 τούτου,
721 2301 815 2350 καὶ
847 2301 960 2362 τοῖς
994 2299 1168 2362 ἄλλως
1189 2299 1412 2360 οἰκείοις
1444 2297 1614 2350 εἰπὼν
1649 2298 1725 2361 ὡς
1753 2296 1888 2350 ταύ-

294 2401 399 2454 την
429 2386 530 2453 τὴν
589 2387 745 2438 πόλιν
788 2389 1138 2458 κεκλήρωται
1192 2393 1489 2453 κατοικεῖν,
1543 2389 1825 2460 βασκήνας
1861 2391 1888 2442 ὁ

296 2477 606 2544 Μαξιμῖνος
666 2478 813 2548 αὐτῷ
878 2481 973 2533 καὶ
1013 2482 1110 2550 τῆς
1157 2481 1337 2549 ταφῆς
1371 2481 1678 2550 προσέταξε
1712 2481 1888 2551 θήκην

297 2572 831 2633 κατασκευάσαντας
879 2572 1126 2642 σιδηρᾶν,
1180 2574 1432 2626 ἐνθέσθαι
1468 2574 1644 2645 ταύτῃ
1686 2573 1754 2626 τὰ
1783 2573 1890 2626 τῶν

299 2667 600 2734 μαρτύρων
648 2664 900 2732 σώματα,
972 2661 1092 2717 εἶτα
1125 2666 1218 2718 καὶ
1243 2665 1321 2736 τῷ
1343 2667 1439 2735 τῆς
1476 2667 1753 2736 θαλάσσης
1787 2683 1892 2719 πα-

298 2757 590 2827 ραπέμψαι
621 2759 790 2828 βυθῷ,
835 2761 910 2829 μή
938 2777 988 2812 τι
1014 2760 1192 2830 φήσας
1225 2762 1315 2814 καὶ
1344 2760 1728 2830 προηγόρευσε
1755 2759 1886 2826 περὶ

295 2850 397 2920 τῆς
427 2851 582 2912 ὁσίας
632 2853 744 2914 τοῖς
767 2851 1093 2916 Γαλιλαίοις,
1123 2853 1219 2905 καὶ
1279 2854 1354 2914 ὡς
1391 2849 1674 2904 κάνταῦθα
1703 2848 1893 2902 διαπέ-

300 2956 387 2990 σοι
441 2939 594 3009 αὐτῷ
618 2940 679 2991 τὸ
712 2941 1134 3010 προμάντευμα.
1191 2942 1254 2994 Οἱ
1297 2940 1398 3009 μὲν
1453 2936 1548 2993 οὖν
1599 2941 1679 3001 είς
1729 2937 1889 2991 τοῦτο

295 3028 678 3093 διακονοῦντες
756 3032 962 3102 σπουδῇ
1028 3031 1088 3084 τὸ
1144 3032 1252 3084 πᾶν
1334 3030 1762 3093 ἐκτελέσαντες,
1823 3032 1888 3100 τῇ

1987 535 2248 592 manibus
2295 544 2710 592 contrectantes
2745 535 3233 606 obtupescebant),
3268 538 3472 592 timens
3497 551 3569 592 ne

1988 628 2244 697 populus,
2288 628 2444 698 cujus
2471 629 2583 698 jam
2611 637 2771 683 erant
2794 629 2964 683 animi
2995 627 3244 699 persuasi
3279 644 3310 683 a
3339 628 3419 683 rei
3450 628 3571 684 evi—

1987 719 2197 781 dentia,
2232 719 2325 774 illo
2357 721 2650 775 resistente
2693 720 3000 775 manifesta:
3057 720 3304 784 veritati,
3358 719 3567 789 aliquid

1987 809 2116 865 novi
2145 810 2199 863 in
2228 825 2355 864 eum
2383 819 2637 878 agerent,
2671 827 2795 867 cum
2829 812 2934 867 hoc
2977 812 3156 867 solum
3182 813 3440 883 iussisset
3486 811 3571 867 eis

1988 903 2266 971 amputari
2313 903 2517 972 capita,
2573 904 2818 958 surrexit
2869 919 2900 959 e
2937 903 3224 958 tribunali.
3269 904 3568 972 Postquam

1987 995 2380 1049 autemvsancti
2426 1010 2550 1050 cum
2581 994 2650 1048 iis
2671 993 2765 1065 qui
2804 1010 2903 1050 eos
2950 993 3228 1048 ducebant
3274 994 3566 1058 militibus,

1986 1100 2043 1145 et
2082 1098 2193 1144 toto
2228 1090 2431 1160 populo
2459 1091 2524 1145 ad
2554 1091 2737 1146 locum
2769 1100 3065 1154 venerunt,
3097 1101 3310 1147 stantes
3340 1101 3398 1146 et
3447 1107 3568 1145 ma-

1987 1198 2094 1238 nus
2116 1182 2277 1237 simul
2307 1192 2362 1238 et
2390 1184 2580 1238 oculos
2613 1184 2667 1237 in
2707 1183 2906 1238 emittm
2943 1184 3218 1247 tollentes,
3261 1183 3314 1238 in
3345 1197 3574 1253 conqu

1989 1284 2080 1330 ctu
2115 1276 2365 1330 omnium
2397 1277 2534 1332 satis
2555 1276 2651 1330 diu
2675 1284 2806 1332 sunt
2837 1277 3045 1346 precati
3069 1275 3302 1339 civitati,
3330 1284 3388 1330 et
3423 1275 3574 1329 chri-

1993 1367 2188 1421 stianis
2217 1368 2498 1432 omnibus,
2526 1378 2583 1423 et
2611 1368 2878 1423 Ecclesiis
2907 1369 3153 1438 quietem
3209 1377 3266 1424 et
3301 1367 3574 1436 tranquil-

1990 1462 2228 1522 litatem.
2254 1470 2311 1516 et
2341 1472 2404 1516 ut
2439 1477 2624 1524 nemo,
2675 1461 2772 1532 qui
2819 1476 3014 1516 eorum
3048 1460 3295 1530 eguisset
3344 1457 3575 1522 auxilio,

1993 1562 2369 1609 reverteretur
2399 1553 2596 1608 inanis.
2637 1552 2850 1608 Deinde
2902 1560 3029 1623 post
3089 1550 3468 1622 precationem
3513 1565 3573 1605 se

1989 1646 2226 1700 invicem
2260 1644 2519 1716 amplexi,
2553 1645 2792 1714 dataque
2815 1661 2950 1715 pace
2974 1653 3031 1700 et
3054 1644 3409 1708 salutatione,
3444 1658 3576 1712 por-

1993 1739 2160 1792 rectis
2195 1738 2374 1801 collis,
2423 1746 2655 1808 uterque
2690 1754 2886 1794 eorum
2934 1753 2967 1794 a
3016 1737 3214 1803 milite,
3241 1735 3337 1806 qui
3391 1734 3447 1790 id
3475 1734 3577 1790 ob-

1996 1832 2212 1902 tigerat,
2244 1830 2466 1885 beatum
2501 1831 2664 1886 tinem
2691 1833 2923 1902 accepit.

2061 2016 2350 2071 XXXVIII.
2393 2013 2664 2080 Quoniam
2701 2020 2885 2066 autem
2919 2025 3149 2080 magnus
3181 2007 3368 2063 Menas
3391 2006 3575 2061 adhuc

1990 2108 2150 2162 vivus
2180 2108 2416 2176 petierat
2455 2104 2524 2158 ab
2553 2104 2910 2172 imperatore,
2936 2111 2997 2155 ut
3024 2101 3145 2169 ejus
3173 2114 3374 2168 corpus
3407 2096 3578 2168 depo-

1994 2208 2223 2254 neretur
2285 2196 2564 2269 Byzantiis
2621 2195 2712 2264 (de
2743 2210 2810 2249 eo
2839 2204 3023 2248 autem
3084 2192 3366 2247 mandavit
3404 2190 3572 2243 etiam

1991 2295 2060 2348 iis
2113 2294 2206 2362 qui
2272 2301 2405 2348 tunc
2462 2300 2621 2345 erant
2660 2289 2870 2350 fideles,
2932 2297 2988 2342 et
3016 2296 3176 2341 erant
3243 2285 3296 2338 ei
3365 2281 3575 2352 alioqui

1989 2388 2310 2451 familiares,
2340 2386 2532 2441 dicens
2554 2400 2676 2439 eam
2710 2383 2990 2437 civitatem
3020 2379 3127 2434 sibi
3169 2393 3293 2432 esse
3336 2376 3572 2431 attribu-

1994 2489 2100 2534 tam
2140 2478 2206 2534 ad
2263 2479 2671 2547 habitandum),
2706 2477 2756 2532 ei
2800 2475 3053 2530 invidens
3108 2471 3434 2527 Maximinus
3491 2468 3579 2522 vel

1991 2574 2165 2642 ipsam
2198 2573 2559 2642 sepulturam,
2588 2571 2755 2642 jussit
2780 2585 3000 2639 capsam
3031 2565 3279 2622 construi
3313 2562 3577 2624 ferream,

1990 2675 2048 2720 et
2072 2666 2126 2719 in
2161 2681 2224 2719 ca
2258 2665 2465 2733 imponi
2501 2679 2736 2732 corpora
2766 2672 3072 2721 martyrum
3107 2678 3121 2713 :
3151 2656 3357 2712 deinde
3408 2653 3577 2710 etiam

1993 2757 2046 2810 in
2080 2757 2248 2810 maris
2275 2756 2610 2825 profundum
2639 2755 3035 2815 transmittere,
3072 2767 3142 2806 ne
3173 2750 3338 2812 forte,
3360 2748 3577 2813 dicens,

1993 2847 2202 2916 aliquid
2228 2847 2297 2902 de
2324 2847 2490 2917 justis
2518 2846 2790 2901 faciendis
2831 2844 3072 2900 Galilwis
3115 2839 3440 2912 praedixerit
3472 2855 3486 2892 :
3517 2846 3577 2892 et

1995 2951 2052 2994 ut
2085 2941 2168 2995 sic
2204 2942 2327 3011 ejus
2367 2940 2652 2995 excideret
2701 2937 3010 3009 praedictio.
3035 2936 3142 3002 Qui
3191 2933 3256 2988 ad
3286 2934 3392 2987 hoc
3445 2946 3578 3000 ergo

1996 3033 2393 3096 inserviebam,
2439 3047 2564 3087 cum
2628 3039 2818 3085 essent
2884 3031 3206 3083 universum
3276 3025 3581 3094 diligenter

303 3122 501 3194 σιδηρᾷ
563 3124 794 3192 λάρνακι
843 3126 908 3176 τὰ
958 3123 1066 3176 τῶν
1123 3123 1298 3190 ἁγίων
1352 3124 1886 3190 συγκατεπῦντωσαν

1993 3126 2258 3190 exsecuti,
2314 3125 2370 3178 in
2437 3139 2563 3178 arca
2624 3123 2807 3177 ferrea
2866 3132 3187 3176 sanctorum
3233 3131 3476 3187 corpora
3521 3116 3578 3170 in

299 3217 552 3286 σώματα.
605 3217 665 3270 Ὃ
695 3217 748 3270 δὲ
785 3217 1042 3287 βασιλεὺς
1101 3217 1170 3270 τά
1221 3231 1281 3266 τε
1312 3217 1462 3284 παρὰ
1526 3216 1628 3286 τῆς
1683 3215 1889 3276 πόλεως

294 3310 613 3378 σκώμματα
647 3307 721 3378 μὴ
744 3309 934 3379 φέρειν
959 3304 1070 3369 οἷός
1099 3323 1160 3359 τε
1193 3305 1291 3368 ὢν,
1321 3307 1415 3359 καὶ
1441 3305 1562 3375 ἅμα
1617 3305 1890 3374 καταθραο

297 3402 560 3455 σύνεσθαι
605 3401 768 3455 αὐτοῦ
835 3401 926 3454 τὸν
974 3401 1148 3470 δῆμον
1203 3399 1563 3470 μεμαθηκὼς,
1625 3401 1716 3452 καὶ
1754 3399 1892 3451 ὑπο-

296 3494 520 3549 πτεύων
571 3497 646 3565 μή
685 3512 738 3548 τι
785 3495 880 3547 καὶ
932 3493 1574 3563 παρακεκινδυνευμένον
1609 3493 1696 3546 ἐπ’
1738 3492 1889 3563 αὖτῷ

301 3587 560 3657 γένηται,
605 3585 706 3656 τὴν
774 3587 868 3639 ἐπὶ
921 3586 982 3637 τὸ
1027 3584 1326 3648 Βυζάντιον
1373 3584 1432 3649 ἐξ
1477 3584 1650 3653 αὐτῆς
1697 3582 1887 3650 ὥδευε,

297 3677 614 3747 κατάφοϐός
636 3694 695 3730 τε
722 3678 816 3730 καὶ
842 3677 1216 3749 ᾐσχυμμένος.
1264 3677 1362 3742 Ei;
1391 3677 1552 3730 τοῦτο
1582 3678 1763 3730 τοίνυν
1779 3675 1889 3728 τῶν

302 3765 655 3833 πραγμάτων
677 3765 975 3833 ἐκϐάντων,
1001 3765 1213 3834 γίνεται
1245 3767 1419 3821 τικαὶ
1433 3765 1590 3830 αὖθις
1613 3765 1722 3820 τῶν
1755 3781 1893 3837 προ-

300 3857 581 3911 λασὸντων
601 3858 702 3912 οὐκ
725 3857 968 3911 ἔλαττον.

375 3952 503 4006 ΛΘ’.
539 3953 732 4005 Φθάνει
770 3951 1113 4022 τὸνβασιλέα
1162 3951 1397 4022 ἱππότην
1423 3953 1554 4007 ὄντα
1583 3955 1615 4025 ἡ
1651 3952 1720 4007 τὰ
1778 3955 1891 4008 τῶν

305 4045 608 4117 μαρτύρων
640 4045 870 4115 σώματα
901 4044 1144 4114 φέρουσα
1194 4045 1336 4116 θήκη
1367 4047 1604 4118 τοσαύτη
1632 4063 1691 4100 τε
1731 4044 1889 4114 οὖσα,

305 4139 405 4192 καὶ
436 4139 656 4209 σιδηρᾶ,
690 4138 786 4192 καὶ
842 4137 1078 4205 πέλαγος
1125 4137 1479 4192 διαπλέουσα.
1515 4140 1757 4210 Δονάμει
1781 4141 1891 4212 γάρ

302 4250 415 4286 τινι
449 4232 707 4302 θειοτέρα
767 4229 1004 4301 τάχιστα
1055 4229 1150 4284 τοῦ
1209 4230 1371 4301 βυθοῦ
1403 4233 1666 4299 άναδῦσα,
1698 4235 1794 4286 καὶ
1831 4235 1893 4287 τὸ

300 4325 457 4395 κῦμα
535 4324 915 4395 διαδραμοῦσα
944 4324 1006 4376 τὸ
1037 4324 1349 4393 θαλάττιον,
1409 4327 1686 4398 ἀνάῤῥουν
1714 4327 1892 4394 ἔπλει,

301 4421 410 4472 καὶ
427 4423 654 4490 πτηνοῖς
715 4419 805 4470 ίσα
832 4419 893 4471 τὸ
949 4419 1115 4488 τάχος
1143 4418 1255 4472 ἔθει
1299 4419 1438 4489 πρὸς
1459 4419 1519 4472 τὸ
1572 4417 1889 4484 Βυζάντιον,

299 4512 402 4564 καὶ
423 4511 516 4562 τὸν
574 4511 675 4580 τὴν
699 4509 854 4564 πόλιν
883 4511 1325 4564 καταδικάσαντα
1355 4510 1430 4582 μή
1452 4513 1626 4564 οίκείν
1659 4513 1691 4583 ἠ
1724 4529 1893 4564 καταο

297 4601 629 4654 δικασθεῖσα
661 4600 816 4671 τάχει
855 4602 1037 4672 πολλῷ
1066 4602 1477 4674 προελάμϐανε.
1524 4604 1677 4657 Ἐπεὶ
1705 4603 1761 4657 δὲ
1794 4607 1893 4658 καὶ

298 4695 428 4746 θεία
451 4709 535 4756 τις
569 4693 846 4761 ἐμφάνεια
873 4694 952 4764 τῷ
975 4695 1074 4764 τῆς
1097 4695 1307 4758 πόλεως
1340 4694 1664 4760 Ἐπισκόπῳ
1692 4695 1889 4757 νυκτὸς

300 4788 480 4857 μέσης
529 4786 767 4855 ἐγένετο,
800 4785 924 4850 τούς
955 4802 1012 4840 τε
1046 4786 1334 4857 μάρτυρας
1379 4787 1506 4841 ὅσον
1529 4784 1684 4840 οὔπω
1741 4803 1892 4858 παρ-

296 4882 445 4933 εῖναι
471 4876 734 4946 δηλοῦσα,
766 4880 864 4932 καὶ
892 4877 1123 4948 ταχῦναι
1147 4878 1310 4932 αὑτὸν
1340 4878 1477 4949 πρὸς
1500 4879 1599 4943 τάς
1629 4881 1688 4932 ἐν
1722 4881 1895 4950 ἀκρο-

295 4969 460 5024 πόλει
488 4967 666 5032 ἀκτάς
725 4968 1123 5039 ἐπιτρέπουσα,
1150 4967 1228 5034 ὡς
1258 4966 1326 5023 ἂν
1358 4968 1756 5034 άποὸαίνοντας
1795 4971 1896 5040 τῆς

297 5062 594 5126 θαλάσσης
646 5059 811 5124 εὐθὺς
891 5059 1264 5130 ὑποδέξηται,
1346 5059 1674 5129 συναγαγὼν
1732 5061 1897 5124 αὐτὸς

293 5155 423 5208 κατ’
447 5153 621 5224 αὐτὴν
650 5153 751 5220 τῆς
781 5154 974 5216 νυκτὸς
1005 5153 1103 5222 τὴν
1136 5151 1288 5222 ὥραν
1315 5153 1408 5207 τοῦ
1437 5169 1498 5205 τε
1529 5153 1736 5224 κλήρου
1765 5151 1896 5215 τοὺς

294 5242 724 5312 συμπαρόντας,
759 5243 859 5296 καί
893 5259 1044 5305 τινας
1105 5243 1217 5297 τῶν
1263 5243 1509 5297 εὐλαδῶν
1538 5243 1634 5297 καὶ
1659 5244 1894 5306 πιστῶν,

293 5336 426 5404 ἅμα
460 5333 674 5397 τούτοις
708 5330 906 5403 ἐχώρει
939 5335 1075 5404 πρὸς
1125 5335 1256 5398 τοὺς
1280 5335 1584 5404 αίγιαλοὺς,
1616 5336 1714 5400 οὓς
1744 5337 1895 5410 αὑτῷ

293 5426 704 5497 παρεδήλωσεν
759 5426 790 5478 ὁ
865 5426 1078 5496 φανείς.
1139 5427 1228 5492 Ὦς
1287 5429 1347 5482 δὲ
1396 5430 1523 5493 τοὺς
1578 5430 1893 5501 ὀφθαλμοὺς

294 5517 448 5587 πρὸς
479 5515 545 5568 τὸ
600 5515 836 5584 πέλαγος
890 5512 1038 5588 εἶχον
1097 5519 1590 5588 περισκοποῦντας,
1629 5519 1895 5591 ἐξαίφνης

293 5608 483 5680 ὁρῶσι
506 5610 646 5677 φῶς,
679 5603 766 5664 οἷα
788 5608 980 5664 στῦλον
1013 5611 1068 5677 ἐξ
1117 5610 1349 5682 οὐρανοῦ
1377 5611 1570 5682 μέχρις
1599 5613 1768 5682 αὐτῆς
1793 5614 1894 5682 τῆς

296 5699 594 5770 θαλάσσης
626 5701 905 5771 διήκοιτα,
935 5702 1028 5756 ἐπί
1053 5704 1199 5766 τινός
1247 5721 1307 5757 τε
1341 5703 1568 5758 ἀκατίου
1592 5703 1896 5776 καθαπερεὶ

297 5791 744 5864 στηριζόμενον
804 5795 898 5849 δῦο
928 5797 984 5851 δέ
1017 5813 1170 5863 τινας
1220 5795 1420 5869 ἄνδρας
1464 5797 1560 5870 τήν
1599 5798 1722 5868 ὄψιν
1753 5800 1895 5874 λαμ·

1994 3218 2133 3271 mari
2179 3217 2584 3271 demerserunt.
2630 3215 2937 3284 Imperator
3009 3221 3220 3276 autem,
3284 3226 3411 3265 cum
3468 3223 3574 3266 nec

1991 3307 2233 3364 civitatis
2266 3307 2428 3372 ferre,
2454 3316 2641 3377 posset
2682 3313 3010 3367 scommata,
3053 3313 3108 3359 et
3153 3303 3320 3358 simul
3354 3303 3576 3357 intelle-

1990 3402 2163 3456 xisset
2189 3400 2453 3471 populum
2488 3401 2543 3454 in
2588 3415 2717 3454 eum
2761 3398 2948 3453 eIIerri
2994 3397 3260 3458 audacia;
3312 3402 3369 3450 et
3415 3393 3582 3448 dubi-

1999 3500 2158 3558 taret,
2200 3509 2270 3548 ne
2298 3500 2505 3547 temere
2533 3499 2590 3546 et
2619 3490 2930 3560 periculose
2961 3489 3171 3559 aliquid
3197 3489 3252 3543 in
3290 3502 3419 3542 eum
3471 3485 3584 3540 ini-

1996 3595 2170 3650 retur,
2205 3601 2273 3640 ex
2303 3599 2368 3640 ea
2404 3586 2510 3640 iter
2536 3585 2820 3654 ingressus
2847 3593 2934 3638 est
2972 3596 3171 3636 versus
3219 3579 3574 3651 Byzantium,

1993 3690 2140 3734 metu
2187 3685 2245 3733 et
2296 3677 2510 3748 pudore
2565 3677 2821 3733 aﬂ'ectus.
2884 3676 3022 3732 Cum
3054 3675 3146 3729 ltic
3199 3689 3333 3745 ergo
3383 3672 3580 3728 fuisset

1991 3785 2176 3823 rerum
2197 3768 2398 3833 exitus,
2428 3767 2488 3822 Iit
2509 3784 2705 3824 rursus
2745 3769 2920 3824 etiam
2951 3765 3165 3836 aliquid
3197 3780 3309 3820 non
3384 3766 3572 3820 minus

1992 3861 2301 3934 prioribus.
3159 3846 3166 3853 ’

2065 3953 2305 4009 XXXIX.
2331 3953 2720 4022 Imperatorem
2742 3954 3080 4024 equitantem
3105 3952 3368 4022 praevenit
3387 3963 3572 4022 capsa,

1993 4067 2112 4122 qum
2127 4050 2580 4120 ferebatcorpora
2599 4057 2919 4119 martyrum,
2935 4064 3057 4118 qua:
3076 4056 3223 4103 tanta
3241 4059 3359 4101 erat
3377 4047 3580 4100 ferrea-

1993 4159 2122 4214 que,
2147 4153 2204 4198 et
2226 4159 2324 4213 per
2345 4156 2495 4196 mare
2518 4141 2828 4211 navigabat.
2846 4140 2982 4194 Nam
2996 4153 3119 4193 cum
3145 4137 3328 4192 divina
3348 4137 3582 4207 quadam

1993 4236 2198 4290 virtute
2263 4233 2552 4289 celerrime
2617 4248 2648 4286 e
2681 4231 2852 4286 fundo
2900 4229 3242 4293 emersisset,
3275 4237 3334 4284 et
3382 4229 3585 4284 (luctus

1997 4327 2242 4380 marinos
2293 4326 2652 4394 pervasisset,
2688 4323 2933 4378 secunda
2965 4337 3106 4391 aqua
3158 4321 3474 4392 navigabat,
3527 4333 3586 4377 et

1996 4419 2284 4474 celeritate
2303 4433 2404 4488 par
2452 4416 2776 4471 volucribus
2807 4415 3071 4470 currebat
3115 4414 3484 4484 Byzantium;
3528 4427 3588 4471 ct

1995 4527 2122 4567 eum
2153 4512 2246 4581 qui
2282 4510 2749 4566 condetnnaverat
2798 4523 2867 4562 ne
2928 4508 3206 4563 habitaret
3275 4508 3580 4570 civitatem,

1995 4619 2058 4658 ea
2083 4619 2204 4674 quae
2228 4601 2407 4656 fuerat
2441 4601 2831 4667 condemnata,
2863 4615 3061 4671 magna
3087 4601 3353 4671 prmvcnit
3385 4599 3588 4655 celeri-

1998 4706 2129 4752 tate.
2155 4695 2447 4765 Postquam
2471 4703 2656 4749 autem
2683 4693 2868 4748 divina
2893 4693 3145 4764 quaedam
3170 4693 3442 4764 apparitio
3487 4693 3577 4748 ci-

1995 4790 2181 4844 vitatis
2211 4788 2473 4860 episcopo
2519 4787 2663 4843 facta
2696 4796 2783 4842 est
2814 4787 2997 4842 media
3027 4795 3211 4852 nocte,
3242 4800 3364 4856 qua:
3405 4786 3584 4856 signi-

1997 4881 2196 4936 ﬁcabat
2223 4890 2280 4937 et
2306 4896 2433 4935 mox
2489 4881 2766 4935 aﬂ‘uturos
2795 4889 3088 4952 martyres,
3115 4890 3170 4934 et
3191 4879 3423 4950 iubebat
3451 4893 3581 4933 eum

1997 4987 2295 5044 properare
2336 4972 2404 5027 ad
2432 4972 2644 5035 littora,
2692 4987 2819 5041 qua:
2881 4980 3012 5028 sunt
3057 4971 3112 5026 in
3181 4983 3330 5034 arce,
3367 4975 3430 5023 ut
3484 4983 3585 5024 eos

1996 5065 2400 5122 descendentes
2448 5080 2480 5120 e
2510 5064 2650 5121 mari
2702 5065 2886 5121 statim
2944 5064 3265 5134 exciperet:
3298 5077 3425 5118 cum
3480 5061 3592 5119 hac

2000 5158 2117 5228 ipsa
2170 5157 2306 5212 hora
2354 5157 2534 5214 noctis
2597 5165 2990 5229 congregasset
3026 5171 3125 5213 eos
3174 5157 3271 5227 qui
3304 5171 3374 5211 ex
3431 5153 3589 5211 clero

2000 5250 2165 5306 simul
2199 5250 2452 5313 aderant,
2487 5259 2544 5306 et
2571 5251 2840 5323 quosdam
2880 5251 3001 5319 pios
3023 5259 3080 5305 et
3108 5249 3321 5314 ﬁdeles,
3353 5265 3478 5306 cum
3501 5249 3590 5306 eis

2000 5342 2244 5414 perrexit
2307 5344 2374 5398 ad
2411 5344 2624 5408 littora,
2654 5359 2776 5415 qua
2805 5342 2858 5399 ei
2900 5343 3224 5399 ostenderat
3250 5343 3318 5410 is,
3352 5343 3447 5414 qui
3485 5358 3583 5415 ap-

2000 5445 2281 5508 paruerat.
2335 5437 2473 5493 Cum
2523 5446 2709 5492 autem
2765 5451 2958 5492 versus
3019 5451 3170 5492 mare
3227 5436 3583 5494 intenderent

1999 5527 2210 5590 oculos,
2239 5536 2465 5596 repente
2497 5527 2686 5582 vident
2715 5526 2925 5593 lucem,
2961 5535 3224 5599 tanquam
3255 5529 3580 5584 columnam

2000 5635 2032 5674 e
2077 5619 2218 5674 cmlu
2250 5633 2423 5688 usque
2455 5619 2525 5674 ad
2555 5635 2704 5675 mare
2730 5619 3148 5690 pervadentem,
3175 5631 3229 5676 et
3262 5621 3316 5676 in
3346 5621 3581 5691 quadam

2001 5716 2192 5788 cymba
2243 5707 2651 5786 quodammodo
2704 5715 3026 5770 fundatam:
3060 5716 3199 5770 duos
3254 5731 3386 5771 vero
3437 5715 3588 5767 viros

2004 5815 2229 5876 aspectu
2267 5805 2582 5878 praeclaros,
2621 5822 2687 5863 ex
2720 5815 2954 5878 utraque
2993 5817 3146 5878 parte
3175 5806 3484 5864 honoriﬁce
3529 5815 3589 5862 et
