4094 6384
536 300 599 373 δ’]
612 314 644 375 5

1762 312 2049 375 MENSIS
2086 301 2527 377 DECEMBER.

3687 308 3791 374 ιιε

532 420 931 477 venerabiliter
994 420 1526 493 appmpinquantes.
1600 426 1848 496 'ldipsum
1929 436 2095 483 auten

2220 422 2392 492 προὺς
2428 418 2491 488 ἐξ
2543 422 2822 491 ἑκατέρων
2857 420 3041 491 μερῶν
3090 419 3283 489 ὥσπερ
3313 419 3372 472 ἓν
3411 421 3547 491 τιμῇ
3583 421 3678 474 καὶ
3703 438 3799 473 σεο

529 515 678 583 qnod
714 513 1023 577 videbatur,
1057 515 1334 584 appellere
1365 516 1432 571 ad
1454 527 1671 587 portus,
1711 518 1764 573 in
1789 520 1996 591 quibus
2032 518 2114 575 illi

537 605 779 661 stabant.

604 782 713 838 XL.
745 784 1042 856 Postquam
1062 801 1196 843 vero
1224 789 1487 859 paulatim
1510 790 1612 847 fuit
1635 790 1974 863 propius,'et
2000 795 2114 866 iam

2217 518 2458 587 δάσματι
2505 516 2943 587 πλησιάζοντας’
2995 515 3131 569 αὐτὸ
3170 515 3228 568 δὲ
3283 514 3345 568 τὸ
3371 514 3653 585 ὁρώμενον
3704 516 3799 569 ἐπὶ

2211 611 2343 671 τοὺς
2376 608 2601 679 λιμένας
2659 607 2793 680 παρ’
2841 606 2936 670 οὓς
2972 608 3172 662 ἐκεῖνοι
3224 606 3571 679 εἱστήκεσαν,
3631 608 3801 677 ἐγκα-

2216 697 2626 767 θορμιζόμενοι.

2286 791 2378 845 M'.
2420 790 2508 853 Ὠς
2537 789 2595 845 δὲ
2625 790 2748 843 κατ’
2775 787 2957 857 ὀλίγον
2983 787 3197 856 ἐγίνετο
3245 787 3660 858 πλησιέστερον,
3706 790 3801 844 καὶ

525 876 805 941 cognitum
846 877 970 943 fuit,
1002 892 1125 933 eam
1156 895 1278 935 esse
1305 896 1489 937 arcam
1522 895 1579 940 et
1599 901 1704 940 non
1733 902 1950 951 navem,
1978 903 2095 944 cont

2215 882 2314 954 ἤδη
2375 882 2579 954 λάρναξ
2629 880 2879 952 ἐγνώσθη
2932 876 3096 943 εἶναι,
3159 880 3255 933 καὶ
3303 881 3422 950 οὐχὶ
3446 880 3603 946 ναῦς,
3632 899 3799 952 κατα-

524 963 835 1019 siderantes
862 981 1006 1031 eam,
1043 982 1225 1037 neque
1256 985 1380 1023 cum
1436 975 1598 1027 unda:
1637 984 1797 1029 erant
1825 990 2105 1038 convexa,

2214 970 2462 1036 νοοῦντες
2517 972 2688 1042 αὐτὴν
2749 972 2888 1042 μήτε
2925 970 3063 1040 πρὸς
3090 970 3159 1025 τὰ
3190 971 3528 1042 κυρτώματα
3562 972 3669 1025 τῶν
3695 989 3791 1026 κυ-

526 1056 765 1119 resilire,
799 1073 979 1127 neque
1026 1074 1148 1113 cum
1202 1077 1400 1118 rursus
1456 1079 1734 1132 concava,
1799 1065 2025 1123 delabi:
2056 1082 2095 1124 el

2217 1064 2406 1134 μάτων
2435 1063 2799 1135 ἀνορμῶσαν,
2847 1063 2989 1133 μήτε
3022 1062 3162 1134 πρὸς
3180 1061 3251 1114 τὰ
3294 1062 3615 1133 κοιλώματα
3638 1064 3798 1118 πάλιν

516 1149 647 1202 sine
684 1150 852 1206 remis
899 1153 1128 1207 etclavo
1161 1154 1395 1224 ingredi,
1421 1163 1479 1210 et
1521 1173 1590 1212 ex
1610 1158 1842 1214 adverso
1861 1159 2110 1216 virorum

516 1244 791 1314 navigare
819 1262 834 1298 :
867 1245 1159 1316 lucemque
1214 1263 1337 1303 esse
1384 1250 1614 1304 multam
1648 1262 1705 1306 et
1737 1252 2108 1322 splendidam,

513 1343 578 1389 et
608 1346 835 1404 tantam,
856 1350 919 1394 at
946 1355 1057 1395 non
1073 1341 1255 1395 minus
1274 1356 1438 1411 quam
1462 1343 1543 1397 sol
1568 1343 1750 1398 locum
1776 1345 2106 1401 illustraret:

505 1441 573 1485 ei
607 1430 757 1484 viros
790 1432 913 1487 illos
944 1433 999 1487 in
1047 1449 1106 1487 se
1160 1433 1306 1490 ferre
1354 1435 1577 1505 quidem
1613 1436 1766 1506 signa
1819 1438 2107 1509 cujusdam

519 1521 720 1578 divina:
746 1534 801 1580 et
819 1525 1168 1582 admirabilis
1213 1539 1442 1591 uatum,
1465 1529 1559 1599 qui
1583 1528 1685 1600 ipsi
1710 1546 1931 1601 quoque
1969 1548 2109 1603 quo-

517 1617 736 1673 dammo
756 1619 808 1671 in
835 1620 1069 1690 ped'bus
1088 1622 1539 1692 ingrediebantur
1558 1640 1656 1693 per
1673 1640 1895 1694 aquam,
1919 1637 1977 1682 et
1994 1627 2102 1683 de-

522 1710 1037 1782 ducebanteapsam
1099 1728 1224 1767 cum
1267 1714 1503 1784 quadam
1536 1717 1841 1772 reverentia
1869 1736 1884 1772 :
1914 1733 2106 1775 omnes

517 1815 697 1857 metus
725 1814 781 1857 et
808 1804 1007 1859 herror
1029 1804 1251 1863 invasit.
1304 1808 1486 1877 Atque
1525 1808 1707 1879 angeli
1737 1810 1961 1879 quidem
1992 1812 2099 1867 du-

519 1901 720 1950 etorcs.
757 1908 882 1946 cum
915 1894 1022 1962 jam
1044 1894 1279 1949 fuissent
1311 1895 1366 1949 in
1421 1907 1715 1966 conspectu
1762 1915 1956 1955 eorum
2004 1902 2099 1972 qui

507 1982 786 2049 astabant,
812 2000 935 2039 cum
968 1993 1182 2040 tantum
1211 1986 1313 2040 visi
1347 1995 1537 2043 essent
1568 1997 1625 2044 et
1658 1992 2099 2063 appropinquas—

511 2084 658 2135 sent,
683 2082 950 2143 quantum
976 2076 1113 2130 satis
1158 2084 1281 2131 erat
1307 2076 1374 2131 ad
1404 2077 1802 2141 mandandum,
1829 2079 1922 2134 ubi
1951 2095 2100 2136 nunc

511 2166 735 2235 quidem
765 2176 1042 2240 martyres
1078 2185 1290 2239 ponere
1344 2179 1616 2241 oporteat,
1657 2180 1885 2242 propter
1918 2172 2097 2243 impe-

508 2261 708 2315 ratoris
736 2264 1053 2326 amentiam,
1083 2273 1139 2317 et
1173 2263 1263 2317 ubi
1297 2264 1468 2332 paulo
1488 2274 1614 2333 post
1650 2273 1879 2334 propter
1900 2279 2095 2320 eorum

506 2354 865 2418 voluntatem,
888 2365 941 2409 et
965 2371 1107 2426 quae,
1142 2364 1198 2412 et
1220 2356 1680 2427 quemadmodum
1705 2357 1889 2415 facere
1919 2373 2091 2429 opor-

507 2456 639 2510 teat,
676 2456 902 2516 repente
924 2465 991 2506 ex
1014 2463 1208 2504 eorum
1231 2450 1411 2505 oculis
1434 2459 1804 2506 recesserunt.
1842 2451 2078 2521 Episco-

508 2554 614 2609 pus
642 2548 847 2605 autem,
873 2541 1040 2610 etqui
1073 2556 1199 2596 cum
1230 2557 1297 2597 eo
1328 2541 1576 2609 aderant,
1598 2544 1835 2614 primum
1859 2545 2084 2615 quidem

505 2646 650 2686 arra:
704 2632 1047 2698 circumfusi,
1075 2649 1195 2689 eam
1229 2634 1710 2705 amplectebantur
1740 2654 1756 2691 :
1790 2647 2080 2709 postquam
2132 2690 2135 2697 .

508 2736 640 2775 vero
691 2722 1085 2780 intellexerunt
1136 2741 1256 2781 eam
1308 2741 1430 2782 esse
1472 2734 1643 2783 totam
1699 2726 1957 2798 ferream,
1992 2745 2092 2787 eos

505 2822 699 2884 stupor
724 2813 946 2881 invasit,
973 2818 1392 2874 considerantes
1423 2834 1665 2889 quonam
1701 2821 1869 2876 modo
1917 2836 2088 2892 supra

507 2913 618 2961 tam
652 2917 871 2964 tenuem
899 2910 1243 2981 navigaverit
1291 2912 1667 2982 superficiem.
1715 2927 1825 2968 non
1859 2913 2089 2970 omnino

502 2999 699 3054 obruta
726 3016 741 3053 :
778 3009 833 3056 et
863 3009 995 3057 tunc
1027 3002 1277 3074 quidem,
1304 3019 1431 3059 cum
1463 3019 1587 3058 eam
1612 3019 1776 3074 supra
1811 3007 1868 3061 in
1893 3022 2078 3063 arcem

503 3090 856 3153 detulissent.
894 3095 950 3148 in
1003 3095 1224 3151 occulto
1271 3096 1512 3166 quodam
1546 3100 1750 3167 templo
1784 3098 2087 3157 absconde-
2119 3125 2163 3185 ο

502 3192 653 3246 runt,
691 3183 832 3238 sicut
861 3184 997 3254 jussi
1033 3184 1272 3240 fuerant.

573 3273 711 3330 XLI.
738 3275 1035 3344 Postquam
1058 3286 1240 3330 autem
1260 3278 1448 3332 statim
1476 3294 1728 3334 reversus
1745 3280 2089 3349 Maximinus,

489 3377 562 3421 ‘et
612 3383 642 3420 e
680 3367 910 3436 vestigio
954 3368 1110 3438 plaga
1163 3368 1430 3424 divinitus
1467 3386 1788 3439 percussus,
1846 3372 2094 3442 privatus

505 3456 611 3512 fuit
635 3458 832 3521 oculis,
860 3468 916 3513 et
938 3458 1104 3512 simul
1130 3457 1199 3513 ab
1227 3459 1444 3526 angelis
1473 3461 1803 3533 ﬂagellatus,
1853 3473 1913 3529 ut
1966 3463 2089 3535 ipse

498 3549 620 3604 suis
648 3549 787 3604 dixit
827 3548 1215 3613 familiaribus.
1251 3552 1440 3620 paucis
1461 3563 1587 3623 post
1607 3553 1805 3609 diebus
1834 3557 2086 3625 exspirao

499 3643 621 3696 vit:
658 3657 785 3697 cum
832 3651 959 3712 post
1012 3642 1226 3712 plagam
1258 3652 1317 3699 et
1366 3645 1581 3715 ﬂagella
1610 3654 1827 3701 tantum
1859 3648 2090 3705 vixisset

490 3734 784 3804 temporis,
816 3743 1082 3804 quantum
1110 3736 1243 3791 satis
1266 3745 1387 3791 erat
1427 3736 1496 3791 ad
1544 3738 1906 3806 aperiendum
1935 3743 2088 3794 arcaé

501 3848 634 3887 num
662 3831 732 3886 iis
766 3831 859 3901 qui
893 3831 959 3885 ad
989 3831 1168 3902 ipsum
1189 3848 1391 3904 genere
1419 3832 1727 3888 attinebant
1755 3850 1771 3889 :
1803 3850 1874 3889 ne
1891 3835 2089 3893 lateret

501 3924 770 3981 Dominus
792 3923 1000 3995 judicia
1022 3924 1252 3989 faciens,
1274 3933 1331 3980 et
1357 3924 1543 3980 divina
1560 3926 1776 3997 justitia
1805 3928 1970 3983 etiam
1997 3930 2087 3987 hic

500 4020 675 4075 malos
706 4019 981 4089 puniens:
1013 4016 1262 4072 adhibita
1314 4017 1546 4074 audacia
1590 4019 1905 4090 episcopus.
1953 4037 2088 4077 con-

496 4109 746 4165 siderans
785 4108 959 4164 solam
1002 4109 1167 4162 fidem
1225 4096 1478 4164 sufﬁcere
1527 4108 1596 4163 ad
1655 4110 1943 4170 auxilium.
1970 4126 2085 4167 ma-

495 4215 606 4270 gno
634 4198 819 4254 studio
872 4208 930 4253 et
988 4196 1203 4252 honore
1257 4197 1598 4253 transferens
1652 4199 2079 4254 fortissimorum

498 4299 803 4360 martyrum
834 4289 1043 4345 Christi
1101 4304 1357 4359 corpora,
1402 4299 1626 4360 propter
1672 4292 1875 4347 moenia
1934 4294 2082 4347 arcis

494 4396 558 4436 ea
592 4381 866 4449 deposuit.
903 4381 1167 4437 custodes
1204 4380 1430 4451 quidem
1485 4380 1756 4448 civitatis,
1813 4383 2080 4452 navigan-

2214 1154 2749 1218 κατολισοαίνουσαν,
2802 1154 2938 1208 σύθὲ
2970 1171 3030 1207 τε
3061 1154 3172 1207 τῶν
3225 1153 3439 1224 ἀνδρῶν
3492 1155 3798 1222 πλέουσαν,

2210 1247 2278 1302 τό
2303 1264 2363 1302 τε
2399 1248 2537 1318 φῶς,
2573 1248 2709 1305 πολύ
2753 1266 2813 1303 τε
2839 1249 2933 1303 καὶ
2983 1248 3261 1317 λαμπρὸν,
3298 1248 3392 1300 καὶ⁵
3414 1247 3692 1312 τοσοῦτον,
3722 1249 3800 1313 rb;

2211 1340 2363 1411 ἡλίου
2404 1339 2480 1410 μὴ
2538 1339 2759 1395 ἔλαττον
2835 1340 2927 1395 τὸν
2984 1341 3151 1394 τόπον
3208 1339 3605 1410 ⁸τιεσριαυγάζέιω
3636 1380 3651 1404 ,
3704 1342 3799 1394 καὶ

2209 1433 2337 1495 τοὺς
2363 1431 2562 1504 ἄνδρας
2589 1432 2833 1494 ἐκείνους
2866 1429 3114 1499 σύμϐολα
3147 1431 3249 1502 μὲν
3275 1433 3336 1484 ὲν
3386 1431 3601 1494 ἑαυτοῖς
3638 1431 3794 1501 θείας

2200 1523 2353 1591 ,τινὸς
2379 1523 2471 1577 καὶ
2502 1522 2809 1596 παραδόξου
2869 1522 3137 1594 φέροντας
3163 1521 3402 1591 φύσεως.
3454 1520 3795 1586 (legaticum;

2206 1615 2265 1670 δὲ
2287 1616 2379 1669 καὶ
2411 1614 2610 1678 αὐτοὺς
2682 1614 2877 1686 ὥσπερ
2938 1616 3032 1668 ἐπὶ
3061 1614 3155 1667 τοῦ
3185 1613 3382 1678 ὓδατος
3416 1616 3510 1668 καὶ
3542 1631 3797 1685 προπομ-

2210 1707 2473 1769 πεύοντας
2512 1705 2651 1773 μετά
2682 1723 2827 1769 τινος
2861 1706 3043 1770 αἰδοῦς
3092 1705 3193 1775 τῆς
3240 1705 3402 1776 σοροῦ
3433 1705 3540 1758 δέει
3588 1705 3795 1771 πάντες

2138 1772 2181 1830 Β
2210 1797 2308 1852 καὶ
2332 1796 2866 1871 φρίκῃκατείχοντο.
2906 1797 2966 1851 Ὀ
3000 1797 3099 1866 μὲν
3126 1772 3222 1850 οὖν
3265 1772 3365 1866 τῆς
3395 1798 3574 1868 θήκης
3605 1815 3792 1869 παρα-

2208 1891 2421 1959 πομποὶ
2449 1887 2670 1959 ἄγγελοι
2693 1889 2816 1942 ἐπεὶ
2847 1890 3185 1957 καταφανεῖς
3232 1888 3332 1961 ήδη
3362 1890 3473 1952 τοῖς
3510 1888 3799 1960 παρεστῶ-

2211 2000 2318 2046 σιν⁹
2349 1982 2600 2050 ἐγένοντο
2627 1979 2887 2034 τοσοῦτον
2912 1979 3205 2052 ὁραθέντες
3235 1980 3333 2035 καὶ⁵
3360 1980 3793 2051 πλησιάσαντες,

2204 2075 2330 2129 ὅσον
2361 2075 2526 2145 μόνον
2589 2073 2917 2146 ὲπισκῆψαι,
2964 2073 3070 2128 ποῦ
3129 2073 3229 2144 μὲν
3267 2073 3363 2128 νῦν
3412 2074 3521 2145 χρὴ
3567 2075 3797 2144 τεθῆναι

2202 2168 2330 2231 τοὺς
2365 2166 2653 2239 μάρτυρας
2681 2166 2769 2220 διὰ
2799 2166 2898 2238 τὴν
2924 2164 3019 2219 τοῦ
3049 2165 3317 2237 βασιλέως
3360 2167 3645 2235 ἀπόνοιαν,
3684 2169 3793 2223 ποῦ

2139 2273 2145 2279 ’
2201 2260 2257 2315 δὲ
2289 2260 2407 2330 μετ’
2438 2259 2619 2329 ὀλίγον
2659 2260 2747 2317 διὰ
2775 2259 2837 2313 τὸ
2883 2261 3065 2313 αὐτῶν
3097 2260 3370 2331 βούλημα,
3425 2261 3520 2317 καὶ
3572 2263 3671 2318 ὅσα
3693 2265 3792 2317 καὶ

2201 2353 2351 2416 ὅπως
2374 2352 2455 2405 δεῖ
2486 2353 2679 2414 ποιεῖν,
2732 2351 2947 2422 ἀθρόως
2989 2350 3049 2416 ἐξ
3075 2351 3374 2423 ὀφθαλμῶν
3405 2351 3587 2406 αὐτῶν
3606 2354 3791 2424 ἀπηλ-

2199 2445 2474 2502 λάττοντο.
2515 2443 2579 2499 ’0
2616 2445 2947 2507 Ἐπίσκοπος
3001 2444 3060 2500 δὲ
3123 2446 3219 2500 καὶ
3272 2444 3324 2498 oi
3381 2446 3787 2515 συμπαρόντες

2202 2535 2374 2607 αὐτῷ,
2430 2534 2626 2606 πρῶτα
2656 2534 2755 2600 μὲν
2794 2534 3183 2607 περιχυθέντες
3206 2536 3273 2608 τῇ
3319 2535 3553 2608 λάρνακι
3580 2553 3789 2608 κατηαο

2198 2627 2433 2691 πάζοντο
2464 2643 2481 2659 ο
2534 2626 2611 2691 ὡς
2657 2627 2716 2681 δὲ
2764 2628 2860 2683 καὶ
2918 2628 3149 2701 σιδηρᾶν
3179 2634 3190 2681 ’.
3221 2629 3393 2698 αὐτὴν
3437 2628 3567 2702 ὃλην
3645 2626 3790 2684 εῖναι

2199 2718 2534 2789 κατέμαθον,
2591 2718 2857 2792 ἔκπληξις
2911 2720 3111 2785 αύτούς
3187 2718 3343 2791 εἶχε,
3373 2720 3789 2793 ’λογιζομένους

2197 2812 2316 2876 πῶς
2348 2813 2520 2877 οὕτως
2569 2814 2665 2867 ἐπὶ
2714 2812 2918 2883 λεπτῆς
2958 2812 3245 2868 διέπλευσε
3287 2816 3386 2886 τῆς
3424 2815 3779 2885 ἐπιφανείας,

2195 2904 2258 2958 τὸ
2284 2905 2550 2977 παράπαν
2588 2905 2664 2977 μὴ
2713 2904 3053 2975 βυθισθείσα.
3093 2907 3206 2961 Καὶ
3227 2909 3347 2961 τότε
3379 2907 3478 2978 μὲν
3527 2909 3788 2980 ἀνωτέρω

2197 3014 2302 3053 που
2335 2998 2438 3068 τῆς
2473 2998 2831 3070 ἀκροπόλεως
2875 2999 3299 3066 ἀπενεγκόντες,
3356 2998 3417 3050 ἐν
3464 3016 3573 3053 τινι
3604 3017 3788 3070 παρπ-

2197 3089 2380 3161 6ύστῳ
2407 3089 2523 3160 ναῷ
2581 3088 2959 3160 κατέκρυψαν,
3021 3088 3215 3163 ὥσπερ
3256 3089 3365 3162 ἄρα
3387 3090 3484 3145 καὶ
3511 3092 3790 3162 προσετά-

2202 3198 2402 3253 γησαν.

2268 3275 2408 3333 MA'.
2476 3275 2628 3331 Ἐπεὶ
2653 3274 2709 3328 δὲ
2753 3273 3063 3339 ἀναζεύξας
3126 3276 3155 3328 ὁ
3205 3274 3515 3344 Μαξιμϊνος
3554 3277 3783 3345 αὐτίκα,

2199 3366 2295 3419 καὶ
2352 3366 2678 3436 παραπόδας
2730 3366 2937 3437 πληγῇ,
2966 3365 3218 3437 Θεηλάτῳ
3266 3366 3518 3437 πληγεὶς,
3553 3369 3684 3432 τούς
3723 3387 3787 3423 τε

2197 3455 2516 3528 ὀφθαλμοὺς
2544 3456 2807 3529 ἐξεκόπη,
2840 3458 2935 3514 καὶ
2966 3458 3086 3528 ἅμα
3122 3459 3446 3530 μαστιχῦεὶς
3492 3462 3589 3513 ὑπ’
3612 3463 3786 3531 ἀγγέ-

2197 3549 2325 3617 λων,
2355 3550 2431 3616 ὡς
2457 3550 2621 3614 αὐτὸς
2644 3550 2782 3619 πρὸς
2808 3550 2937 3614 τοὺς
2970 3550 3226 3622 συνήθεις
3251 3551 3460 3619 ἐξεῖπε,
3490 3554 3613 3622 μετ’
3668 3555 3786 3608 ὀλίο

2197 3660 2299 3714 γας
2331 3642 2582 3713 ὲξέψυξε.
2640 3643 2907 3696 Τοσοῦτον
2977 3644 3229 3708 ἐπιϐιοὺς
3279 3645 3420 3714 μετᾶ
3481 3647 3582 3716 τὴν
3639 3646 3784 3719 πλη-

2196 3736 2300 3806 γὴν
2330 3738 2425 3789 καὶ
2476 3735 2580 3798 τὰς
2650 3735 2972 3806 μάστιγας,¹ξ
2991 3736 3115 3788 ὅσον
3150 3734 3457 3807 ἐκκαλύψαι
3492 3738 3588 3791 καὶ
3618 3739 3782 3793 τοῦτο

2193 3830 2307 3890 τοῖς
2343 3829 2683 3898 προσήκουσι
2704 3825 2762 3879 τὸ
2791 3826 3130 3897 ἀπόρρητον,
3186 3826 3274 3880 ἵνα
3306 3827 3382 3899 μὴ
3411 3827 3551 3900 λάθῃ
3577 3828 3785 3901 Κύριος

2195 3911 2438 3981 κρίματα
2465 3908 2657 3976 ποιῶν,
2711 3911 2807 3962 καὶ
2840 3911 2872 3977 ἡ
2905 3908 3026 3961 θεία
3053 3909 3181 3980 δίκη
3232 3910 3470 3965 ἐνταῦθα
3515 3912 3642 3976 τοὺς
3682 3931 3780 3966 που

2192 4004 2393 4076 νῃροὺς
2418 4003 2749 4069 κολάζουσα.
2797 4003 3012 4072 Θάρσος
3066 4002 3352 4057 ἀναλαϐὼν
3390 4007 3418 4059 ὀ
3451 4006 3778 4075 ἐπίσκοπος,

2194 4099 2287 4153 καὶ
2346 4098 2516 4168 μόνην
2570 4096 2827 4168 ἐξαρκεῖν
2876 4094 2977 4168 τὴν
3021 4095 3209 4151 πίστιν
3270 4097 3633 4167 λογισάμενος
3692 4101 3778 4161 είς

2192 4191 2473 4262 βοήὒειαν,
2525 4187 2871 4261 μετενεγκὼν
2930 4188 3137 4259 σπονδῇ
3186 4192 3281 4242 καὶ
3307 4192 3442 4261 τιμῇ
3503 4188 3671 4259 πολλῇ
3708 4190 3779 4245 τὰ

2189 4285 2297 4338 τῶν
2324 4285 2591 4355 ἀριστέων
2615 4284 2706 4335 καὶ
2734 4280 3030 4352 μαρτύρων
3062 4280 3304 4350 Χριστοῦ
3337 4281 3585 4349 σώματα,
3620 4286 3777 4352 παρὰ

2189 4376 2266 4446 τῷ
2287 4379 2458 4446 τείχει
2505 4376 2604 4445 τῆς
2666 4373 3022 4444 ἀκροπόλεως
3083 4372 3251 4451 αὐτού
3278 4374 3631 4441 ἐγκατέθετο,
3665 4373 3774 4442 φύ-

497 4472 633 4527 tium
684 4481 870 4527 autem
922 4483 1386 4529 conservatores:
1418 4488 1614 4529 eorum
1676 4474 1773 4544 qui
1828 4483 1958 4528 sunt
2018 4476 2073 4530 in

2197 4472 2359 4533 λακας
2398 4468 2495 4539 μὲν
2528 4471 2626 4535 τῆς
2680 4469 2914 4534 πόλεως,
2945 4468 3200 4540 σωτῆρας
3248 4468 3305 4522 δὲ
3330 4468 3439 4522 τῶν
3466 4468 3765 4534 πλεόντων,

497 4561 707 4616 morbis
743 4571 799 4616 et
832 4562 1261 4628 calamitatibus,
1290 4564 1662 4619 certissimum
1693 4565 1974 4629 solatium.
2003 4568 2072 4623 ad

493 4654 725 4723 gloriam
745 4656 926 4726 magni
953 4656 1048 4727 Dei
1072 4664 1130 4711 et
1149 4656 1462 4713 Servatoris
1494 4658 1670 4713 nostri
1689 4658 1819 4715 Jesu
1843 4657 2074 4727 Christi,

492 4761 643 4803 nunc
666 4756 723 4804 et
743 4762 962 4820 semper
988 4757 1047 4807 et
1073 4749 1128 4805 in
1155 4750 1353 4809 saecula
1381 4751 1732 4808 uitulorum.
1760 4751 1956 4809 Amen.

2182 4563 2293 4619 ⁴τῶν
2354 4564 2413 4614 ἐν
2465 4563 2774 4632 συμφοραῖς
2804 4563 2900 4615 καὶ
2921 4562 3095 4625 νόσοις
3122 4560 3352 4631 ἀψευδὲς
3386 4559 3762 4631 παραμύθιον,

2185 4658 2265 4718 εἰς
2309 4654 2469 4721 δόξαν
2515 4652 2611 4706 τοῦ
2669 4654 2912 4723 μεγάλου
2970 4653 3106 4707 Θεοῦ
3153 4654 3246 4707 καὶ
3299 4652 3552 4723 Σωτῆρος
3609 4651 3772 4722 ἡμῶν

2198 4745 2374 4817 Ἰησοῦ
2402 4744 2642 4816 Χριστοῦ
2675 4746 2767 4800 νῦν
2800 4746 2894 4801 καὶ
2917 4744 3002 4800 ἀεὶ
3024 4745 3120 4801 καὶ
3147 4747 3227 4811 είς
3255 4749 3381 4810 τοὺς
3427 4743 3637 4807 αἰῶνας
3658 4741 3771 4802 τῶν

2185 4835 2418 4893 αἰώνων.
2470 4835 2669 4908 Ἀμήν.
