4102 6376
533 332 641 397 419

1769 325 2057 386 MENSIS
2101 325 2534 387 DECEMBER.

3694 328 3800 388 ΔΞΥ)

534 444 846 518 agrestibus
878 439 1147 504 moribus,
1181 437 1278 494 sed
1318 437 1626 493 commodis
1669 443 1727 491 et
1772 435 1929 490 valde
1979 434 2112 489 faci-

2220 435 2313 491 καὶ
2352 435 2705 507 ἀνομίλητος,
2731 431 2846 489 ἀλλ’
2895 431 3046 504 ἠθῶν
3101 430 3340 502 μάλιστα
3380 434 3638 502 χρηστῶν
3675 439 3802 492 ἐπι-

537 539 701 600 libus,
741 543 797 590 et
829 532 922 604 qui
949 547 977 585 a
1003 531 1148 601 vulgi
1187 528 1410 601 quidem
1441 544 1501 584 se
1525 527 1834 583 abducebat
1856 541 2117 597 congres-

536 628 693 680 sione
721 641 735 678 :
765 621 1113 692 pauperibus
1140 628 1324 674 autem
1352 628 1407 675 et
1437 618 1747 690 hospitibus
1775 627 1884 673 tam
1938 616 2117 673 facilis

533 718 600 772 ad
629 731 756 772 eum
803 714 1024 785 patebat
1063 713 1270 778 aditus,
1319 721 1376 768 et
1415 726 1474 768 se
1525 711 1608 767 eis
1659 718 1770 766 tam
1833 709 2118 782 praebebat

539 809 843 873 affabilem.
879 819 940 864 ut
963 817 1110 863 esset
1133 807 1392 863 omnibus
1423 807 1478 862 in
1504 821 1762 863 sermone
1792 805 2112 878 jucundior.

533 913 591 958 et
630 901 699 957 ad
743 901 1029 956 facultates
1054 915 1182 955 suas
1205 899 1694 955 communicandas
1724 898 1886 968 longe
1915 897 2113 952 libera-

533 994 800 1050 lissimus.
831 992 1169 1048 Pratteriisse
1201 1001 1350 1048 certe
1381 992 1622 1062 aliquem
1652 989 1808 1046 exiis
1838 990 1933 1061 qui
1961 1005 2120 1044 acce-

532 1086 762 1150 debant,
799 1085 895 1157 qui
921 1101 1029 1141 non
1068 1085 1262 1141 fuisset
1296 1085 1364 1140 ab
1425 1098 1492 1139 eo
1525 1083 1770 1154 hospitio
1831 1091 2116 1153 acceptus,

533 1190 654 1239 erat
683 1182 733 1238 ei
763 1182 922 1252 longe
954 1179 1428 1243 mclestissimum,
1460 1178 1689 1250 perinde
1717 1193 1780 1233 ac
1812 1179 1861 1234 si
1900 1193 1960 1232 re
2014 1178 2117 1232 ali-

532 1291 640 1345 qna
691 1275 925 1328 maxima
995 1283 1051 1328 et
1096 1273 1564 1343 quaestuosissima
1626 1280 1778 1327 esset
1808 1270 2112 1326 fraudatus.

533 1369 596 1421 Et
625 1376 744 1421 erat
774 1366 994 1438 quidem
1019 1365 1224 1434 alioqui
1255 1363 1306 1418 ei
1354 1362 1494 1418 liber
1525 1361 1764 1424 animus,
1811 1370 1866 1414 et
1905 1361 2117 1415 alienus

533 1459 603 1513 ab
641 1457 791 1511 omni
828 1454 1082 1510 illiberali
1112 1454 1496 1509 assentatione
1521 1461 1577 1507 et
1612 1451 1922 1506 humilitate
1969 1466 1984 1504 :
2045 1449 2114 1504 ad
2159 1529 2163 1534 ‘

530 1567 723 1606 eorum
771 1559 977 1611 autem,
1019 1547 1112 1617 qui
1173 1547 1279 1601 iter
1334 1545 1790 1614 ingrediebantur
1828 1583 1844 1609 ,
1894 1544 2113 1598 labores

532 1639 886 1706 recreandos,
920 1649 976 1694 et
1014 1641 1079 1693 all
1111 1639 1276 1708 pedes
1307 1638 1400 1708 qui
1429 1648 1587 1692 erant
1619 1636 1855 1708 fatigati,
1882 1636 2116 1691 abluen-

530 1738 652 1803 dos,
689 1745 746 1791 et
777 1735 844 1789 ad
899 1748 1144 1789 mensam
1206 1732 1610 1802 apponendam,
1662 1739 1719 1784 et
1778 1730 1884 1784 alia
1934 1729 2114 1783 admi-

2220 529 2482 600 μελητὴς.
2521 530 2616 584 καὶ
2676 527 2776 598 τῆς
2809 527 2908 596 μὲν
2949 525 3060 580 τῶν
3104 525 3315 580 πολλῶν
3355 527 3574 598 ὁμιλίας
3608 530 3802 586 ἑαυτόν

2216 622 2471 690 ἀπάγων,
2503 621 2701 693 πένησι
2739 621 2795 674 δέ
2826 619 3054 687 ἀνδράσι
3081 621 3175 674 καὶ
3203 621 3376 688 ξένοις
3416 620 3562 677 οὕτω
3607 641 3662 678 τι
3710 627 3800 678 εύ-

2219 715 2482 786 πρόσιτος
2506 715 2600 769 καὶ
2634 715 2976 780 κοινωνικὸς,
3024 713 3100 779 ὡς
3134 715 3232 768 καὶ
3275 713 3540 786 ὁμιλῆσαι
3579 715 3804 772 πάντων

2217 808 2530 878 ἀνθρώπων
2558 806 2876 862 δείκνυσθαι
2905 806 3298 878 χαριέστατος,
3339 809 3434 860 καὶ
3481 805 3805 878 μεταδοῦναι

2218 901 2327 956 τῶν
2371 901 2545 955 όντων
2565 898 3007 970 φιλοτιμότατος.
3064 898 3285 969 Ἀμέλει
3311 900 3406 952 καὶ
3435 900 3498 953 τὸ
3537 902 3658 954 τινά
3692 903 3805 956 τῶν

2220 995 2535 1062 παριόντων
2588 991 2974 1062 παραδραμεῖν
3019 990 3215 1062 ἐκείνῳ
3287 991 3362 1063 μὴ
3405 991 3805 1058 ἐπιξενωθέντα

2219 1083 2464 1158 λυπηρὸν
2497 1081 2566 1158 ἦν
2616 1084 2769 1155 αὐτῷ
2809 1081 3038 1153 σφόδρα,
3085 1083 3185 1137 καὶ
3228 1083 3343 1138 ἴσον
3398 1083 3476 1156 τῷ
3539 1087 3802 1156 μεγίστου

2219 1179 2364 1243 τινὸς
2424 1176 2522 1232 καὶ
2569 1174 3009 1248 κερδαλεωτάτου
3056 1175 3400 1246 διαμαρτεῖν.
3442 1176 3554 1230 Καὶ
3611 1177 3682 1229 τε
3705 1175 3806 1246 μέν

2218 1271 2358 1326 ἀλλα
2400 1269 2688 1341 ἐλεύθερον
2748 1263 2817 1340 ἦν
2854 1266 2996 1337 ἔχων
3057 1265 3122 1320 τὸ
3179 1267 3440 1338 φρόνημα
3494 1267 3592 1322 καὶ
3653 1269 3805 1334 ξένον

2220 1365 2404 1432 πάσης
2425 1359 2703 1428 ,ἀγεννοῦς
2748 1357 3041 1421 κολακείας
3081 1357 3178 1412 καὶ
3237 1359 3661 1430 ταπεινότητος,
3715 1362 3808 1413 κό-

2220 1473 2356 1520 πους
2421 1453 2478 1506 δὲ
2529 1452 2959 1524 ὁδοιπορούντων
3020 1450 3430 1524 ἐκθεραπεῦσαι
3463 1491 3480 1517 ,
3540 1454 3635 1506 καὶ
3704 1453 3804 1525 πό-

2219 1547 2314 1610 δας
2371 1544 2639 1614 ἀπονίψαι
2699 1545 3104 1612 πεπονηκότας,
3160 1541 3442 1614 τράτιεζάν
3498 1560 3557 1597 τε
3627 1561 3806 1616 παρα-

2219 1639 2394 1693 θεῖναι
2443 1639 2540 1693 καὶ
2601 1637 2773 1692 τᾶλλα
2829 1637 3153 1707 διακονῆσαι
3193 1639 3371 1690 πάντα
3419 1637 3571 1708 νόμῳ
3621 1639 3807 1708 φιλίας

2220 1734 2317 1786 καὶ
2375 1731 2752 1802 μετριότητος,
2793 1728 2938 1782 οὕτω
2996 1729 3392 1800 θεραπευτικός
3452 1747 3512 1784 τε
3570 1732 3667 1786 καὶ
3720 1732 3808 1785 δε-

531 1827 815 1883 nistranda
841 1827 964 1897 jure
997 1825 1255 1880 amicitiae
1281 1833 1336 1878 et
1367 1821 1789 1882 moderationis.
1822 1829 1942 1874 erat
1973 1820 2112 1874 adeo

2221 1823 2524 1888 ξιώτατος,
2577 1822 2654 1885 ώς
2708 1823 2873 1875 αὐτοῦ
2928 1822 3092 1892 μόνου
3147 1819 3287 1875 εἶναι
3347 1821 3546 1885 ταῦτα,
3604 1822 3637 1894 ἢ
3692 1823 3806 1876 τῶν

530 1921 721 1975 dexter
747 1929 803 1974 et
842 1917 1139 1984 ofﬁciosus,
1179 1927 1240 1972 ut
1266 1917 1384 1987 ipse
1413 1915 1564 1970 solus
1594 1914 1701 1970 hoc
1747 1913 1920 1986 magis
1972 1928 2114 1983 pra:-

529 2021 720 2074 staret,
752 2027 916 2082 quam
962 2010 1176 2075 famuli,
1240 2010 1334 2080 qui
1392 2017 1522 2064 sunt
1566 2007 1620 2062 in
1674 2023 1806 2063 suos
1859 2007 2116 2063 dominos

531 2106 765 2162 maxima
800 2106 1012 2176 praediti
1057 2104 1465 2158 benevolentia.
1511 2101 1644 2156 Erat
1696 2101 1844 2156 enim
1899 2101 1948 2155 ei
1980 2116 2115 2155 con-

531 2207 829 2268 temperata
861 2212 984 2250 cum
1015 2196 1280 2264 gravitate
1315 2195 1537 2264 quidem
1573 2191 1922 2264 simplicitas,
1984 2207 2112 2247 cum

528 2290 696 2346 animi
751 2305 881 2344 vero
943 2288 1318 2357 magnitudine
1377 2288 1574 2342 lenitas
1633 2304 1649 2340 :
1700 2302 1826 2341 cum
1898 2286 2111 2340 intensa

529 2391 716 2435 autem
743 2388 799 2434 et
824 2378 1041 2433 ardenti
1091 2376 1383 2443 charitate,
1429 2387 1584 2448 grata
1619 2376 1852 2432 florebat
1892 2385 2110 2447 tempe-

529 2475 731 2537 rantia,
771 2489 935 2544 quam
971 2488 1081 2527 non
1131 2473 1314 2527 minus
1363 2471 1578 2534 dilexit,
1623 2481 1680 2526 et
1727 2470 1988 2525 ardenter
2029 2478 2114 2525 est

529 2566 832 2635 amplexus,
867 2580 1032 2634 quam
1066 2564 1278 2633 reliqua
1317 2563 1501 2617 omnia
1531 2580 1546 2618 :
1587 2571 1647 2618 ut
1676 2564 1771 2634 qui
1809 2579 1934 2618 cum
1981 2563 2114 2634 legi-

531 2658 664 2713 tima
699 2657 920 2727 quidem
952 2664 1008 2711 et
1035 2657 1230 2728 pudica
1267 2671 1434 2710 uxore
1464 2672 1573 2710 non
1619 2655 1714 2710 diu
1748 2666 2024 2722 versatus,
2055 2666 2112 2712 et

527 2746 826 2802 liberorum
861 2755 1016 2816 pater
1055 2761 1120 2800 ex
1152 2763 1216 2800 ea
1249 2747 1502 2809 effectus,
1537 2746 1802 2817 deinceps
1824 2747 2108 2817 voluptate

528 2850 584 2897 et
630 2840 778 2895 omni
829 2839 933 2894 alia
979 2839 1256 2893 mundana
1316 2838 1618 2904 cupiditate
1668 2840 1973 2908 permansit
2020 2855 2113 2893 su-

529 2934 732 3004 perior.
771 2931 908 2986 Hinc
940 2932 1042 2986 mel
1072 2929 1292 2988 virtutis
1336 2930 1640 2984 conficiens
1685 2930 2007 2999 diligentius
2057 2938 2112 2984 et

528 3027 585 3081 in
649 3026 766 3096 lege
829 3023 1045 3079 Domini
1073 3021 2111 3094 studiosemeditaus,benignissimus

2218 1915 2493 1978 οἰκετῶν,
2553 1913 2664 1966 τῶν
2726 1913 3096 1967 εὐνοϊκώτατα
3152 1913 3282 1983 περὶ
3345 1915 3471 1976 τοὺς
3535 1913 3802 1976 δεσπότας

2217 2007 2347 2070 τοὺς
2382 2006 2552 2068 ἰδίους
2576 2005 2965 2074 διακειμένων.
3020 2005 3325 2074 Ἐκέκρατο
3353 2006 3461 2076 γὰρ
3512 2004 3666 2075 αύτῷ
3709 2022 3802 2058 σε-

2221 2099 2448 2169 μνότητι
2481 2099 2580 2165 μὲν
2615 2096 2650 2170 ἡ
2682 2098 2948 2168 ἁπλότης,
2991 2098 3190 2169 ἀνδρίᾳ
3223 2099 3279 2152 δὲ
3319 2099 3352 2168 ἠ
3400 2098 3668 2169 πραότης.
3710 2097 3803 2165 Τῷ

2214 2193 2274 2246 δὲ
2328 2193 2536 2263 σφόδρα
2596 2191 2837 2260 συντόνῳ
2885 2193 2982 2245 καὶ
3029 2191 3282 2262 διαπύρῳ
3325 2190 3430 2260 τῆς
3479 2190 3696 2258 φύσεως
3737 2189 3802 2242 τὸ

2215 2288 2407 2358 χάριεν
2455 2286 2681 2356 ἐπήνθει
2746 2284 2848 2356 τῆς
2898 2282 3279 2356 σωφροσύνης,
3339 2277 3408 2354 ἦς
3453 2283 3529 2347 ὡς
3583 2282 3801 2346 οὐδενὸς

2221 2376 2446 2447 ὴράσθη
2471 2377 2582 2428 τών
2612 2376 2852 2441 πάντων,
2885 2375 2978 2428 καλ⁸
3032 2373 3250 2444 θερμῶς
3299 2375 3608 2444 περιείχετο
3632 2390 3647 2406 ·
3696 2389 3800 2441 γυ-

2216 2469 2370 2521 ναικὶ
2422 2467 2524 2538 μὲν
2577 2467 2796 2538 νομίμῳ
2843 2467 2940 2520 καὶ
2988 2465 3231 2534 σώφρονι
3277 2467 3472 2536 χρόνον
3522 2465 3802 2535 ὁμιλήσας

2213 2562 2334 2632 οὐχὶ
2364 2561 2580 2632 συχνὸν,
2601 2559 2696 2613 κα)⁵
2721 2558 2902 2630 πατὴρ
2928 2558 3131 2611 παίδων
3161 2560 3222 2610 ἐκ
3251 2559 3457 2627 ταύτης
3483 2558 3798 2628 γενόμενος.

2213 2653 2276 2705 τὸ
2304 2652 2495 2705 λοιπὸν
2550 2652 2605 2704 δέ
2660 2652 2927 2721 κρείττων
2984 2649 3178 2720 ἡδονῆς
3237 2650 3332 2704 καὶ
3402 2651 3584 2721 πάσης
3632 2649 3800 2720 ἄλλης

2217 2745 2452 2808 ὑλώδους
2486 2744 2782 2814 ἐπιθυμίας
2824 2740 3178 2812 μεμενηκώς.
3240 2739 3532 2795 Ἐντεῦθεν
3591 2741 3684 2793 καὶ
3738 2743 3801 2794 τὸ

2216 2839 2316 2907 τῆς
2376 2837 2580 2908 ἀρετῆς
2631 2836 2754 2905 μέλι
2801 2835 3238 2906 φιλοπονώτερον
3281 2835 3670 2905 ἐργαζόμενος,
3722 2833 3800 2906 τῷ

2214 2932 2368 3002 νόμῳ
2395 2949 2451 2986 τε
2480 2931 2692 3002 Κυρίου
2751 2929 3058 2992 σπουδαίως
3108 2928 3446 3000 ἐμμελετῶν,
3497 2928 3802 2998 φιλανθρω-

2213 3025 2444 3086 πότατος
2471 3025 2569 3094 τὴν
2593 3022 2773 3093 ψυχὴν
2805 3025 3043 3090 κατέστη
3073 3021 3170 3074 καὶ
3197 3021 3295 3090 τὴν
3348 3021 3574 3092 γνώμην
3628 3023 3802 3074 ἐπιει-

528 3121 704 3173 evasit
759 3124 811 3172 et
846 3116 1328 3171 clementissimus.
1363 3114 1430 3168 Et
1470 3123 1529 3168 ut
1553 3115 1722 3168 semel
1749 3114 1954 3178 dicam,
1990 3125 2109 3169 erat

2217 3118 2504 3180 κέστατος,
2532 3118 2628 3170 καὶ
2661 3117 2948 3170 συνελόντα
2985 3117 3174 3186 φάναι,
3223 3115 3371 3169 θεῖόν
3417 3132 3470 3168 τι
3507 3115 3800 3187 Σπυρίδων

531 3212 787 3281 Spiridon
826 3210 1071 3263 divinum
1099 3210 1362 3263 virtutum
1387 3209 1666 3278 exemplar
1714 3207 2109 3279 archetypum;

529 3302 744 3357 habens
775 3301 996 3370 quidem
1028 3315 1224 3354 omnes
1261 3300 1316 3352 in
1350 3313 1408 3354 se
1445 3299 1700 3368 scriptas,
1733 3299 1832 3354 sed
1878 3299 1946 3353 ad
1975 3315 2113 3370 qua-

529 3410 651 3448 rum
687 3393 1050 3448 imitationem
1093 3391 1254 3462 pauci
1291 3400 1548 3462 poterant
1574 3391 1862 3447 accedere.

599 3483 693 3538 ΙΙΙ.
738 3482 876 3537 Cum
929 3483 1009 3538 sic
1062 3485 1150 3537 ille
1195 3483 1572 3552 resplenderet
1623 3483 1945 3550 benefactis,
1995 3499 2111 3538 ma-

527 3591 798 3646 gnamque
821 3575 984 3629 vitam
1016 3585 1071 3629 et
1091 3576 1356 3646 insignem
1379 3577 1671 3640 attulisset,
1693 3577 1862 3629 multa
1890 3592 2109 3646 quoque

528 3668 673 3721 dona
711 3670 914 3737 majora
946 3668 1333 3737 consequitur,
1356 3676 1462 3720 tam
1508 3683 1629 3736 quae
1667 3677 1796 3721 sunt
1821 3667 1970 3731 hinc,
2027 3668 2110 3720 in-

529 3774 716 3829 quam,
750 3775 912 3829 quam
957 3775 1076 3828 quae
1108 3759 1416 3813 futurorum
1457 3757 1789 3813 describunt
1834 3759 2112 3830 magnitu-

528 3853 737 3907 dinem.
783 3852 908 3905 llaec
965 3861 1150 3905 autem
1189 3861 1388 3906 erant:
1440 3851 1630 3905 Morbo
1675 3851 1923 3908 confecta
1974 3868 2111 3908 con-

530 3943 782 3998 firmabat
809 3958 1062 4012 corpora,
1089 3943 1459 3997 membrorum
1485 3941 1862 3998 mutilationes
1883 3945 2109 3998 sanabat

529 4035 889 4100 incurabiles,
940 4035 1208 4105 malignos
1259 4035 1586 4106 increpabat
1665 4035 1912 4105 spiritus,
1954 4051 2111 4105 ‘quos

527 4141 653 4179 cum
712 4126 946 4194 primum
1009 4125 1370 4195 increpasset,
1423 4127 1572 4181 nulla
1619 4143 1771 4182 mora
1821 4129 2110 4198 interjecta

528 4216 830 4288 fugiebant,
863 4227 918 4274 et
948 4219 1131 4273 statim
1183 4218 1557 4288 recedebant:
1611 4219 1718 4273 alia
1765 4234 1988 4290 quoque
2040 4220 2109 4274 ab

527 4323 594 4361 eo
644 4308 848 4362 fiebant
879 4310 962 4362 his
989 4310 1215 4379 majora,
1252 4310 1469 4365 virtute
1503 4311 1690 4366 divina
1717 4311 1787 4368 ei
1813 4326 1974 4381 Opem
2025 4311 2107 4366 fe-

532 4409 709 4453 rente.
775 4400 1143 4465 Quamobrem
1195 4417 1260 4456 ει
1293 4412 1510 4471 pastore
1541 4405 1874 4459 constitutus
1924 4415 2111 4474 pastor

527 4489 652 4544 loco
685 4492 870 4543 ovium
904 4508 1036 4546 cura
1067 4493 1250 4563 gregis
1276 4495 1326 4547 ei
1359 4496 1672 4559 commissa,
1706 4512 1814 4566 quo
1865 4507 2110 4567 tempore

528 4581 1544 4656 magnusConstantinuskomanorum
1563 4589 1778 4644 tenebat
1795 4589 2108 4659 imperium,

529 4671 1090 4729 Trimithuntinorum
1173 4685 1392 4731 creatur
1447 4680 1759 4749 episcopus.
1839 4681 2108 4746 Quantam

527 4780 735 4833 autem,
773 4775 1062 4838 postquam
1097 4769 1394 4838 perductus
1427 4770 1527 4825 fuit
1555 4771 1621 4826 ad
1667 4771 1884 4836 sedem,
1930 4774 2110 4828 virtu.

530 4863 602 4917 tis
636 4877 826 4916 curam
870 4861 1128 4931 gesserit,
1182 4863 1515 4928 ostendent,
1572 4879 1694 4934 quae
1762 4863 2018 4919 similiter
2076 4881 2107 4920 a

531 4954 723 5010 sedem
758 4954 958 5025 adepto
995 4955 1136 5009 facta
1191 4964 1322 5010 sunt
1375 4955 1658 5011 miracula.
1723 4953 2106 5010 Verumenim—

531 5060 665 5100 vero
683 5047 870 5102 omnia
896 5047 1045 5101 illius
1075 5046 1358 5118 persequi,
1382 5047 1538 5102 stulti
1563 5057 1618 5101 et
1645 5047 1910 5101 ineruditi
1935 5048 2107 5103 fuerit

530 5137 793 5207 hominis,
854 5155 1033 5210 neque
1081 5156 1218 5196 vero
1269 5139 1322 5194 id
1390 5141 1515 5211 quis
1569 5139 1788 5209 assequi
1840 5141 2103 5208 potuerit,

528 5232 807 5300 quomodo
830 5235 996 5290 etiam
1049 5234 1232 5288 omnia
1280 5231 1724 5304 praetermittere,
1779 5231 1944 5286 nimis
1991 5249 2108 5288 ma-

2214 3211 2524 3281 ἀρχέτυπον
2577 3209 2673 3262 καὶ
2741 3208 2906 3274 πίναξ
2957 3210 3172 3280 ἀρετῶν
3199 3205 3308 3279 ἦν’
3355 3209 3537 3270 πάσας
3598 3207 3697 3277 μὲν
3737 3209 3800 3259 ἐν

2215 3303 2396 3373 ἐαυτῷ
2443 3303 2848 3372 γεγραμμένας
2889 3302 3064 3372 ἔχων,
3122 3301 3326 3370 ὀλίγοις
3365 3300 3504 3370 πρός
3561 3299 3800 3371 μίμησιν

2215 3395 2391 3448 ἐλθεῖν
2420 3392 2758 3466 δυναμένας.

2286 3486 2360 3545 Γ’.
2400 3487 2557 3542 Οὕτω
2595 3487 2917 3558 διαλάμπων
2944 3487 3060 3548 τοῖς
3093 3487 3506 3557 κατορθώμασι,
3547 3489 3642 3540 καὶ
3678 3485 3796 3557 βίον

2217 3582 2426 3645 ἐκεῖνος
2458 3582 2632 3650 μέγαν
2659 3578 3008 3648 εἰσενεγκὼν,
3036 3577 3216 3650 πολλῷ
3252 3578 3518 3648 μειζόνων
3549 3577 3801 3645 ἀξιοῦται

2214 3675 2310 3728 καὶ
2327 3675 2569 3747 δωρεῶν,
2605 3684 2698 3728 καὶ
2724 3673 2861 3736 τέως
2883 3672 2993 3725 τῶν
3018 3671 3254 3728 ἐνταῦθα
3284 3673 3451 3742 φημὶ,
3484 3677 3574 3726 καῖ
3601 3662 3698 3724 ὅσα
3722 3672 3788 3742 δὴ

2211 3770 2322 3822 τῶν
2369 3767 2671 3838 μελλόντων
2743 3767 3029 3835 ζωγραφεῖ
3075 3763 3174 3834 τὴν
3237 3765 3662 3836 μεγαλειότητα.
3707 3764 3798 3818 Τά

2215 3859 2271 3912 δὲ
2303 3857 2392 3931 ἦν’
2442 3859 2646 3929 ἐρώννυ
2682 3856 2931 3928 σώματα,
2986 3859 3127 3928 νόσῳ
3166 3856 3634 3928 κατειργασμένα,
3692 3873 3803 3926 πη-

2219 3949 2415 4020 ρώσεις
2448 3953 2562 4004 ἰᾶτο
2585 3951 2882 4022 θεραπείας
2917 3950 3292 4022 ἰσχυροτέρας,
3321 3940 3613 4018 πνεύμασι
3634 3966 3805 4019 πονη-

2218 4043 2330 4114 ροῖς
2377 4042 2614 4111 ἐπετίμα
2648 4057 2664 4072 ο
2695 4044 2787 4096 καὶ
2824 4042 2885 4095 τὸ
2911 4044 3074 4112 μέσον
3111 4040 3212 4111 τῆς
3245 4041 3530 4111 ἐπιτιμίας
3559 4043 3656 4094 καὶ
3698 4040 3802 4110 τῆς

2216 4133 2396 4202 φυγῆς
2426 4134 2577 4186 οὐδὲν
2606 4134 2742 4198 ὅλως
2777 4129 2866 4205 ἦν,
2896 4134 3013 4188 ἀλλ’
3045 4134 3211 4198 εὐθὺς
3241 4134 3670 4202 ἀπηλλάττοντο.
3689 4135 3801 4186 Καὶ

2216 4226 2349 4280 ἄλλα
2375 4227 2430 4279 δὲ
2457 4226 2681 4295 μείζονα
2703 4226 2909 4280 τούτων
2924 4225 3094 4280 πολλὰ
3115 4226 3491 4296 διεπράττετο,
3516 4225 3803 4294 δυνάμεως

2217 4318 2369 4389 αύτῷ
2400 4318 2789 4389 συνεργούσης.
2822 4316 2901 4371 Δι’
2944 4317 2980 4374 ἀ
3010 4319 3107 4372 καὶ
3163 4319 3376 4390 ποιμὴν
3423 4321 3486 4372 ἐκ
3543 4317 3802 4388 ποιμένος

2214 4412 2566 4478 καθίσταται,
2599 4412 2930 4481 ἀνθρώπους
2971 4412 3091 4464 ἀντλ
3129 4412 3423 4482 προῦἀτων
3453 4410 3663 4463 διέπειν
3703 4412 3804 4478 ἐγ-

2143 4481 2186 4534 ”
2219 4501 2546 4573 χειρισθεὶς,
2575 4504 2817 4572 ὁπηνίκα
2847 4481 3265 4566 Κωνσταντῖνος
3293 4502 3322 4555 ό
3355 4501 3530 4571 μέγας
3572 4501 3804 4571 ἐκράτει

2229 4593 2548 4663 Ῥωμαίων,
2587 4594 2749 4656 αὐτὸς
2773 4595 2872 4664 τῆς
2903 4593 3109 4657 πόλεως
3135 4593 3546 4664 Τριμιθούντων
3573 4594 3804 4646 ἐπίσκοο

2218 4703 2318 4749 πος
2348 4685 2695 4755 γνωρισθείς.
2724 4686 2901 4757 Ὅσης
2926 4685 2982 4739 δὲ
3031 4687 3126 4740 καὶ
3167 4687 3308 4757 μετά
3338 4687 3431 4739 τὸν
3461 4685 3654 4755 θρόνον
3685 4680 3803 4755 εἶχε

2217 4779 2316 4848 τῆς
2355 4779 2561 4848 ἀρετῆς
2587 4777 2929 4849 ἐπιμέλειαν,
2962 4777 3030 4831 τά
3061 4779 3203 4848 μετά
3235 4779 3327 4832 τὸν
3373 4778 3564 4848 θρόνον
3609 4776 3801 4830 ὡσαύ-

2213 4884 2323 4930 τως
2363 4867 2616 4938 θαύματα
2645 4867 2898 4937 δηλώσει.
2937 4869 3090 4940 Πλὴν
3117 4868 3250 4922 ἀλλά
3280 4869 3341 4923 τὸ
3374 4869 3551 4924 πάντα
3596 4868 3700 4939 μιν
3728 4867 3802 4921 τὰ

2218 4960 2431 5013 ἐκείνου
2466 4959 2760 5027 διεξελθεῖν
2791 4961 3159 5031 ἀπειρόκαλόν
3192 4977 3252 5014 τε
3277 4960 3415 5032 ὁμοῦ
3459 4961 3555 5014 καὶ
3595 4960 3801 5013 ἀδύνα-

2221 5069 2338 5122 τον,
2367 5053 2557 5125 ὥσπερ
2589 5054 2649 5107 τὸ
2696 5054 2879 5107 πάντα
2932 5055 3266 5124 παραλιπεῖν
3319 5051 3563 5122 ἀτεχνῶς
3607 5055 3803 5122 ἐπιζη-

2221 5165 2346 5218 μιον
2386 5163 2402 5180 ο
2441 5148 2543 5202 ὃσα
2573 5147 2631 5200 δὲ
2660 5148 2754 5201 καὶ
2784 5149 2961 5202 εἰπεῖν
2991 5149 3239 5215 δυνατὸν,
3273 5147 3368 5202 καὶ
3401 5147 3636 5202 ἀκοῦσαι
3677 5147 3820 5221 λίαν,

2215 5238 2517 5309 ὠφέλιμον,
2548 5237 2722 5293 ταῦτα
2749 5239 2814 5311 δὴ
2847 5241 2942 5294 καὶ
2968 5240 3099 5310 ἐρῶ.

529 5339 696 5393 gnum
754 5328 1015 5383 damnum
1069 5329 1333 5384 attulerit.
1386 5327 1761 5396 Quaecumque
1856 5338 2043 5381 autem
2093 5341 2151 5385 ct
2189 5332 2299 5387 dici
2358 5343 2608 5404 possunt,
2662 5343 2720 5390 et
2789 5334 2982 5390 auditu
3045 5333 3204 5390 valde
3283 5341 3414 5392 sunt
3481 5334 3678 5400 utilia,
3731 5347 3803 5390 ea

532 5417 734 5472 dicam.

603 5509 692 5566 ιγ.
732 5509 1040 5581 Castigabat
1069 5511 1214 5567 Deus
1241 5513 1476 5568 insulam
1511 5515 1708 5584 pluviae
1753 5525 2019 5588 egestate.
2051 5524 2106 5570 et

531 5603 715 5672 gravis
769 5605 1052 5672 premebat
1108 5604 1348 5669 siccitas,
1416 5615 1472 5661 et
1517 5607 1824 5663 siccitatem
1881 5609 2104 5680 quidem

530 5687 971 5759 consequebatur
1031 5690 1239 5759 fames,
1299 5693 1502 5750 famem
1564 5707 1747 5752 autem
1801 5699 1991 5770 pestis,
2051 5708 2107 5753 ct

531 5783 716 5853 populi
778 5783 998 5852 quidem
1065 5800 1252 5858 magna
1314 5803 1440 5859 pars
1495 5790 1607 5864 jam
1646 5791 1929 5848 interierat
1963 5832 1976 5858 ,
2029 5792 2110 5845 al-

2289 5511 2362 5568 A'.
2417 5514 2676 5580 Ἐκὸλαξε
2729 5513 2827 5584 τὴν
2886 5517 3049 5586 νῆσον
3107 5516 3136 5568 ὁ
3188 5513 3322 5578 Θεὸς
3347 5513 3644 5586 ἀνομϐρία,
3708 5515 3804 5567 καὶ

2217 5607 2428 5677 αὐχμὸς
2457 5607 2773 5676 ἐφειστήκει
2804 5607 2978 5670 δεινὸς
3013 5621 3028 5635 ⁶
3060 5608 3154 5661 καὶ
3178 5606 3462 5678 ἠκολούθει
3495 5608 3572 5678 τῷ
3601 5609 3805 5678 αὐχμῷ

2221 5701 2323 5772 μὲν
2353 5699 2535 5770 λιμὸς,
2565 5699 2644 5770 τῷ
2690 5698 2836 5769 λιμῷ
2867 5700 2923 5752 δὲ
2982 5699 3193 5770 λοιμὸς,
3259 5701 3355 5753 καὶ
3409 5700 3470 5753 τὸ
3514 5702 3648 5755 πολὺ
3706 5699 3805 5752 τοῦ

2218 5790 2484 5863 πλιτγθους,
2516 5792 2574 5844 τ’)
2622 5791 2720 5862 μὲν
2757 5793 2858 5862 ἤδη
2896 5793 2989 5846 καὶ
3045 5791 3408 5868 διεφθείρετο,
3458 5795 3517 5845 τ¹ι
3569 5793 3622 5844 δὲ
3675 5795 3804 5846 ὅσον
