4102 6376
255 304 356 367 ιη

293 355 316 366 -

1472 301 1652 362 VITA
1689 301 1748 363 S.
1795 301 2270 363 SPYRIDONIS.

3399 310 3502 373 49.2

270 415 430 468 οὔπω
465 413 625 468 τοῦτο
652 412 851 466 παθεῖν
901 410 1184 482 ἠλπίζετο.
1231 412 1434 467 Ἐδεῖτο
1475 413 1531 466 δὲ
1565 413 1627 466 τὸ
1658 414 1827 466 δεινὸν

1938 423 2052 468 tera
2099 414 2306 470 veroid
2347 428 2469 468 mox
2499 413 2828 470 credebatur
2865 429 3114 486 passura.
3141 416 3292 488 Opus
3323 430 3506 475 autem

259 505 450 560 Ἦλιοῦ
523 505 742 568 πάντως
793 505 827 578 ἢ
897 504 1088 576 ἑτέρου
1139 505 1250 558 τῶν
1280 505 1404 559 κατ’
1432 507 1660 569 ἐκεῖνον,
1693 506 1826 576 εὐχῇ

251 599 346 651 τὸν
377 597 612 667 ούρανδν
641 597 1033 663 διανοίξαντος,
1065 599 1162 651 καὶ
1189 591 1347 661 οὗτος
1393 597 1688 668 ,Σπυρίδων
1733 593 1823 668 ἦν.

266 687 363 753 Ὧς
397 688 510 758 γὰρ
539 690 572 756 ὴ
607 687 807 757 μάστιξ
835 688 1086 742 ἐπέκειτο
1117 689 1213 742 καὶ
1247 689 1482 760 ἰσχυρῶς
1525 687 1714 760 μετῄει
1767 690 1829 744 τὸ

253 783 494 853 πλῆθος,
531 783 856 855 ὑπεραλγῶν
886 781 1048 846 αὐτὸς
1091 781 1185 836 τοῦ
1229 783 1510 852 ποιμνίου,
1573 785 1671 836 καὶ
1721 801 1829 837 πα-

250 876 468 942 τρικοῖς
503 874 843 944 σπλάγχνοις
871 873 1281 945 διακαιόμενος,
1307 873 1482 926 δεῖται
1512 872 1615 942 μὶν
1635 871 1711 938 ὡς
1737 891 1829 943 φι-

246 965 575 1034 λάνθρωπος
659 963 754 1018 τοῦ
818 963 1209 1033 φιλανθρώπου
1284 961 1445 1030 Θεοῦ,
1528 963 1728 1036 πληροῖ
1773 966 1831 1019 δὲ

247 1059 466 1121 ἐκεῖνος
516 1057 719 1112 αὐτίκα
770 1057 864 1109 τδν
905 1056 1140 1125 οὐρανὸν
1193 1056 1448 1126 νεφέλαις
1491 1056 1552 1123 ἐξ
1595 1059 1828 1126 ισχάτου

247 1155 351 1222 τῆς
391 1153 520 1220 γῆς,
553 1152 648 1205 καὶ
681 1151 742 1205 τὺ
767 1151 832 1220 δὴ
864 1150 1207 1221 θαυμαστὸν,
1254 1153 1334 1215 ὡς
1370 1152 1444 1222 μή
1489 1169 1576 1215 τις
1613 1153 1830 1222 νομίσοι

251 1246 461 1312 φυσικῇ
493 1261 603 1296 τινι
636 1242 762 1296 τῶν
794 1244 1073 1313 στοιχείων
1105 1245 1244 1314 ῥοπῇ
1293 1243 1384 1297 τὸν
1436 1243 1643 1315 δμϐρον
1697 1247 1831 1298 ἀκο-

249 1335 483 1399 λουθεῖν,
547 1334 787 1388 δείκνυσι
853 1335 950 1405 μὲν
1001 1334 1174 1397 αὐτὰς
1229 1335 1515 1406 πόρῤωθεν
1574 1339 1602 1390 δ
1664 1337 1821 1402 θεδῖν

248 1427 434 1494 ἴστησι
489 1425 548 1478 δὲ
604 1425 678 1497 μὴ
735 1425 1000 1496 πρότερον
1063 1427 1238 1496 ἐφιεὶς
1286 1427 1542 1496 ἐπιϐῆναι
1602 1429 1698 1497 τῆς
1726 1430 1826 1499 νή-

257 1533 374 1580 σου,
420 1522 552 1588 πρὶν
582 1520 613 1588 ἢ
646 1518 742 1571 καὶ
774 1517 938 1573 πάλιν
977 1519 1146 1571 αὑτοῦ
1190 1518 1450 1587 δεηθῆναι
1499 1520 1592 1572 τὸν
1648 1520 1828 1588 ἅγιον,

251 1609 420 1662 Οὔπω
447 1612 627 1663 τοίνυν
673 1611 884 1674 ἐκεῖνος
946 1610 1260 1681 σταλαγμὸν
1314 1611 1497 1683 ἀφῆκε
1547 1612 1824 1684 δακρύων,

252 1705 344 1753 καὶ
370 1701 581 1770 ὄμϐρος
614 1701 813 1755 αὐτίκα
844 1702 1170 1774 κατερράγη
1198 1703 1385 1768 πολύς.
1419 1705 1526 1758 Καὶ
1552 1706 1826 1759 πιαίνεται

1938 505 2180 561 habebat
2211 505 2346 560 illud
2391 505 2594 560 malum
2629 509 2856 562 omnino
2883 509 3068 578 aliquo
3099 509 3236 570 Elia.
3266 521 3362 567 aut
3395 512 3508 568 alio

1935 598 2011 653 illi
2043 599 2235 659 simili.
2265 599 2359 669 qui
2391 599 2586 653 cmlum
2611 599 2824 669 aperuit
2854 602 3137 668 oratione;
3163 603 3210 658 is
3243 619 3372 660 vero
3389 615 3510 659 erat

1935 690 2215 760 Spiridon.
2259 691 2393 746 Nam
2425 706 2548 745 eum
2585 692 2737 762 plaga
2773 693 3013 763 graviter
3035 704 3273 765 urgeret,
3319 706 3376 751 et
3409 711 3510 766 po-

1935 784 2129 856 pulum
2153 783 2310 838 valde
2327 793 2772 854 persequeretur,
2805 785 2920 853 ipse
2943 799 3043 850 pro
3064 801 3224 856 grege
3250 801 3506 856 magnum

1936 875 2151 944 patiens
2170 887 2450 942 angorem,
2466 875 2777 941 etpaternis
2799 873 3167 929 inﬂammatus
3184 875 3508 941 visceribus,

1936 973 2090 1034 rogat
2114 964 2336 1034 quidem
2392 971 2454 1016 ut
2502 963 2746 1017 clemens
2797 963 2965 1018 Deum
3013 964 3362 1022 clementem.
3414 968 3509 1024 ille

1935 1065 2117 1110 autem
2149 1057 2335 1111 statim
2382 1056 2574 1126 implet
2601 1058 2804 1112 ctelum
2837 1057 3080 1112 nubibus
3127 1073 3194 1112 ex
3259 1069 3509 1116 extremo

1936 1155 2131 1201 terra):
2175 1155 2228 1200 et
2259 1145 2403 1214 quod
2439 1153 2523 1200 est
2569 1147 2843 1212 mirabile,
2889 1163 2958 1202 ne
3009 1149 3245 1216 aliquem
3297 1159 3506 1206 motum

1933 1238 2335 1293 elementorum
2368 1239 2709 1293 existimaret
2735 1241 3005 1309 consequi
3053 1241 3319 1310 pluviam,
3362 1243 3508 1297 Deus

1933 1347 2026 1387 eas
2051 1331 2238 1400 procul
2269 1331 2531 1385 ostendit.
2566 1331 2722 1386 Sistit
2767 1342 2975 1396 autem,
3019 1349 3128 1386 non
3179 1334 3331 1403 prius
3384 1351 3482 1403 per

1935 1425 2157 1477 mittens
2182 1438 2277 1476 eas
2306 1423 2602 1477 ascendere
2637 1423 2899 1485 insalam,
2936 1440 3100 1494 quam
3127 1437 3347 1480 sanctus
3378 1442 3504 1480 eum

1935 1530 2128 1568 rursus
2165 1523 2312 1568 oret.
2344 1514 2602 1568 Nondum
2637 1515 2783 1568 enim
2846 1516 2936 1569 ille
2978 1527 3186 1586 guttam
3245 1515 3502 1572 emiserat

1931 1605 2320 1677 lacrymarnm,
2374 1609 2624 1677 protinus
2645 1608 2814 1662 multa
2844 1608 3029 1678 erupit
3061 1610 3266 1678 pluvia,
3300 1619 3354 1664 et
3380 1611 3504 1678 pin-

1929 1695 2146 1765 gueseit
2169 1695 2393 1764 quidem
2437 1706 2626 1752 terra:
2667 1698 2894 1752 aluntur
2926 1709 3106 1753 autem
3160 1699 3392 1764 fructus,
3448 1713 3505 1754 et

254 1792 354 1860 μὲν
393 1765 551 1862 ἧγῆ,
581 1794 844 1864 τρέφεται
883 1795 940 1848 δὲ
1065 1765 1266 1866 ὡραῖα,
1320 1765 1415 1850 καὶ
1461 1797 1528 1849 τὰ
1555 1797 1684 1866 λήῖα
1733 1796 1827 1850 αὖ·

1933 1797 2190 1842 crescunt
2215 1797 2449 1858 segetes,
2485 1797 2538 1842 et
2571 1792 2753 1844 omnia
2785 1792 2946 1845 simul
3001 1791 3138 1845 mala
3192 1791 3502 1848 solvuntur.

252 1883 428 1948 ξεται,
461 1885 556 1936 καὶ
619 1885 798 1938 πάντα
848 1885 983 1955 ὁμοῦ
1043 1885 1234 1940 λύεται
1295 1887 1364 1940 τὰ
1410 1887 1582 1941 δεινά.
1641 1888 1830 1959 Τούτῳ

251 1974 540 2042 Σπυρίδων
573 1976 669 2027 καὶ
699 1976 864 2029 αὑτοῦ
907 1976 1120 2042 Ἠλιοῦ,
1164 1978 1250 2031 ῖνα
1300 1994 1355 2030 τι
1402 1979 1495 2030 καὶ
1545 1979 1826 2048 τολμήσω,

250 2064 793 2136 φιλανθρωπότερος.
842 2067 901 2121 '0
935 2068 1037 2137 μὲν
1065 2069 1195 2136 γὰρ,
1245 2073 1339 2122 τὸν
1375 2069 1533 2123 ὑετὸν
1562 2071 1824 2140 ἐπισχὼν,

249 2151 370 2208 εἶτα
403 2157 565 2208 πάλιν
591 2158 810 2227 ἀνῆκεν·
834 2160 861 2209 δ
894 2158 949 2210 δὲ
978 2158 1040 2210 τὸ
1087 2159 1304 2227 πρῶτον
1347 2159 1406 2212 ού
1441 2161 1826 2229 μιμησάμενος

252 2248 369 2308 (eo;
412 2249 470 2298 ἐν
493 2253 569 2318 τῷ
594 2249 835 2318 δευτέρῳ
854 2249 1150 2304 δείκνυται.
1177 2251 1288 2303 Καὶ
1316 2249 1474 2303 τοῦτο
1496 2251 1594 2320 μὲν
1622 2251 1687 2320 δὴ
1717 2269 1827 2305 τοι·

249 2338 426 2392 οὗτον.
445 2341 678 2410 Ἕτερον
705 2339 760 2393 δὲ
781 2341 932 2394 οὐδὲν
951 2340 1162 2393 ἐκείνου
1197 2342 1644 2413 καταδεέστερον.

322 2429 400 2486 Ε’.
442 2434 706 2503 Συμφορά
743 2435 909 2486 πάλιν
941 2435 1166 2501 ἐκράτει
1215 2435 1390 2505 κοινὴ,
1432 2438 1527 2488 καὶ
1571 2437 1824 2508 ἀγονοςή

253 2523 417 2592 νῆσος
447 2525 699 2595 καρπῶν.
733 2525 798 2580 Οἱ
830 2525 1053 2581 σιτῶναι
1091 2527 1149 2579 δὲ
1195 2527 1293 2580 καὶ
1340 2529 1720 2599 σιτοκάπηλοι,
1768 2533 1825 2582 ἐν

250 2617 450 2686 ἀπειλῇ
486 2618 666 2688 τοιᾷδε
709 2617 871 2682 Θεοῦ,
903 2620 1118 2690 τρυφᾷν
1147 2620 1347 2672 ἐκεῖνοι
1371 2619 1707 2688 βουλόμενος,
1736 2624 1826 2674 καὶ

251 2707 603 2778 σοφιζόμενοι
628 2709 720 2760 τὸν
751 2710 970 2779 καιρὸν,
1002 2712 1103 2782 τὴν
1135 2712 1422 2781 συμφορὰν
1452 2712 1654 2781 μᾶλλον
1701 2717 1824 2766 ἑπι-

247 2799 520 2860 τείνοντες
566 2793 730 2870 ἦσαν,
774 2799 1248 2868 τιμιουλκοῦντες,
1299 2801 1328 2853 ὃ
1390 2817 1557 2871 φησιν
1610 2803 1642 2871 ἡ
1705 2800 1825 2853 θεία

251 2888 467 2959 Γραφὴ,
523 2891 615 2943 τὸν
665 2893 808 2943 σῖτον
856 2892 950 2944 καὶ
996 2895 1106 2955 τοῖς
1145 2892 1254 2945 τῶν
1317 2893 1550 2962 πλησίον
1607 2896 1821 2961 κακοῖς,

247 2982 442 3051 κέρδος
471 2983 687 3035 ἀνόσιον
741 2984 954 3046 ἑαυτοῖς
1002 2983 1489 3054 προσπορίξοντες.
1537 2985 1650 3038 Ἐνὶ
1694 2985 1826 3052 γοῦν

1928 1879 1985 1933 In
2013 1879 2119 1934 hoc
2149 1879 2409 1949 Spiridon
2456 1881 2557 1935 fuit
2595 1882 2712 1949 ipso
2751 1882 2892 1948 Elia,
2949 1893 3009 1937 ut
3056 1885 3266 1955 aliquid
3321 1885 3501 1940 dicam

1926 1969 2206 2032 audacter,
2252 1969 2558 2040 benignior.
2604 1972 2736 2026 Nam
2783 1973 2926 2027 Elias
2951 1974 3175 2043 quidem
3209 1991 3333 2030 cum
3384 1977 3504 2044 plu-

1929 2061 2068 2115 viam
2133 2063 2474 2126 retinuisset,
2511 2063 2706 2118 deinde
2734 2080 2924 2118 rursus
2961 2065 3170 2119 remisit
3201 2086 3212 2118 :
3248 2067 3338 2121 ille
3373 2083 3504 2121 vero

1927 2154 2163 2224 primum
2203 2169 2311 2208 non
2356 2154 2626 2216 imitatus,
2658 2156 2876 2210 exsistit
2924 2156 2974 2210 ei
3022 2172 3119 2224 par
3148 2157 3200 2210 in
3234 2158 3500 2212 seutndo.

1926 2246 1993 2302 Et
2028 2247 2129 2301 hoc
2153 2248 2375 2314 quidem
2417 2257 2500 2301 est
2548 2249 2845 2316 ejusmodi.
2902 2248 3152 2304 Alterum
3196 2261 3377 2306 autem
3421 2261 3507 2306 est

1926 2337 2018 2391 illo
2047 2338 2222 2390 nihilo
2247 2337 2497 2392 inferius.

1998 2429 2062 2482 V.
2116 2429 2404 2498 Allligebat
2461 2445 2656 2486 rursus
2705 2432 3023 2486 communis
3079 2432 3381 2494 calamitas,
3448 2443 3506 2488 et

1929 2517 2170 2574 fructum
2210 2536 2317 2574 non
2373 2521 2584 2576 ferebat
2644 2522 2844 2576 insula.
2894 2523 3263 2578 Frumentarii
3312 2533 3504 2578 autem

1925 2621 1980 2666 et
2009 2613 2268 2666 frumenti
2300 2624 2721 2682 cauponatores,
2765 2614 2820 2668 in
2853 2616 3019 2668 tantis
3045 2614 3135 2668 Dei
3192 2616 3363 2670 minis
3413 2632 3508 2670 vo-

1927 2706 2103 2760 lentes
2127 2703 2232 2758 frui
2259 2705 2490 2770 deliciis,
2537 2716 2592 2761 et
2623 2717 2868 2776 tempore
2896 2707 3095 2761 callide
3127 2717 3180 2760 et
3223 2708 3498 2762 malitiose

1928 2805 2166 2860 utentes,
2209 2797 2379 2866 magis
2430 2798 2705 2866 augebant
2756 2798 3151 2856 calamitatem.
3206 2797 3497 2858 frumenti,

1927 2899 1987 2944 ut
2033 2889 2166 2943 dicit
2213 2888 2497 2951 Scriptura
2549 2891 2585 2952 ',
2618 2888 2896 2943 trahentes
2961 2903 3014 2944 et
3065 2899 3328 2958 augentes
3377 2906 3506 2959 pre-

1930 2981 2063 3034 tium
2089 3021 2104 3046 ,
2139 2989 2196 3035 el.
2225 2996 2255 3035 e
2312 2981 2748 3050 propinquorum
2788 2982 2945 3035 malis
2994 2981 3220 3049 impium
3262 2983 3365 3034 sibi
3415 2983 3502 3035 lu-

247 3073 359 3125 τῶν
391 3072 536 3125 οὕτω
567 3073 966 3139 πλουτούντων,
1003 3075 1179 3143 πένης
1212 3092 1296 3136 τις
1339 3073 1678 3145 προσελθὼν,
1727 3074 1818 3126 καὶ

1929 3089 2078 3128 crum
2117 3085 2396 3144 parantes.
2448 3075 2529 3128 Ad
2591 3091 2756 3128 unnni
2819 3091 2948 3144 ergo
3009 3075 3203 3127 horum
3269 3075 3502 3130 divitum

245 3164 508 3234 χρήματα
542 3165 642 3235 μὲν
665 3167 767 3219 οὒκ
798 3165 939 3234 ἔχων
965 3159 1050 3226 οἷς
1091 3165 1159 3218 ἂν
1191 3165 1261 3218 τὰ
1286 3165 1419 3236 πρὸς
1472 3164 1571 3235 τὴν
1630 3164 1822 3235 χρείαν

245 3257 546 3327 ὠνήσαιτο,
576 3259 789 3328 δάκρυα
838 3258 894 3311 δὲ
938 3257 1080 3326 φεῦῑ
1126 3257 1271 3328 ἅπερ
1315 3251 1430 3326 εἶχε
1484 3256 1824 3309 καταϐαλλό-

253 3367 436 3420 μενος,
473 3354 565 3403 mi.
597 3355 781 3418 φωνὰς
811 3351 1016 3421 γοεράς
1042 3355 1101 3404 ὲν
1131 3349 1337 3421 οίκτρῷ
1367 3347 1611 3419 σχήματί
1636 3365 1692 3400 τε
1725 3349 1822 3402 καὶ

251 3443 529 3511 βλέμματι
585 3445 936 3512 προϊέμενος,
961 3443 1224 3512 ἐπειρᾶτο
1253 3441 1343 3494 τὸν
1369 3440 1685 3509 ἀμείλικτον
1706 3443 1819 3492 ἐπι-

248 3534 551 3601 κάμπτειν,
580 3533 758 3585 ποδῶν
791 3533 1124 3602 ἁπτόμενος,
1155 3532 1334 3585 οὶκίαν
1359 3530 1488 3600 ὃλην
1529 3531 1824 3583 ἀποκλαιο-

250 3642 427 3693 μενος,
469 3627 521 3678 τί
558 3626 634 3695 μὴ
683 3625 853 3679 ποιῶν
891 3627 942 3678 τί
968 3626 1248 3696 μὴ).ἐγων,
1273 3625 1302 3678 ὃ
1323 3621 1646 3694 πρὺςοῖκτον
1665 3627 1821 3676 ἑπισο

254 3716 531 3770 πάσασθαι
569 3718 797 3770 δυνατόν
824 3733 839 3780 ;
912 3718 1006 3780 Ὠς
1032 3718 1086 3770 δὲ
1114 3719 1266 3770 οὐδὲν
1293 3717 1501 3770 τούτων
1545 3719 1680 3779 ὅλως
1726 3715 1822 3786 τὴν

247 3808 443 3880 λιθώδη
500 3809 683 3878 ψυχὴν
717 3811 930 3879 ἐκείνην
981 3811 1224 3880 ἔκαμπτε
1261 3810 1398 3879 πρὸς
1446 3809 1820 3878 συμπάθειαν,

251 3902 376 3968 μίαν
419 3902 670 3970 εὑρίσκει
721 3903 1044 3972 καταςυγὴν
1090 3904 1118 3954 ὁ
1154 3903 1358 3969 πένης,
1405 3901 1497 3952 τὸν
1555 3903 1725 3953 ὅσιον.
1752 3894 1822 3970 ᾯ

251 3992 587 4063 προσελθὼν,
619 3992 786 4046 αὑτοῦ
810 4011 869 4046 τε
904 3995 1003 4063 τὴν
1023 3993 1276 4063 ἀπορίαν,
1293 3991 1384 4046 καὶ¹
1405 3991 1502 4060 τὴν
1525 3993 1657 4062 πρὸς
1677 3993 1825 4044 ἔλεον

247 4086 458 4154 ἀκριϐῆ
500 4084 696 4137 πενίαν
753 4084 976 4151 διέξεισι
1004 4084 1096 4139 τοῦ
1125 4085 1406 4138 πλουσίου.
1446 4084 1550 4138 Τὸν
1582 4085 1638 4138 δὲ
1663 4082 1827 4137 ἀκού-

249 4193 440 4243 σαντα,
465 4177 661 4231 τοῦτον
692 4178 814 4246 μὲν,
838 4177 1062 4246 ἐλεῆσαι
1086 4180 1186 4248 τῆς
1211 4179 1524 4248 συμφορᾶς,
1551 4175 1643 4229 τοῦ
1667 4174 1827 4227 πλου-

251 4271 369 4322 σίου
400 4272 458 4324 ss
484 4271 722 4342 μισῆσαι
751 4270 850 4342 τὴν
874 4270 1204 4341 ἀγριότητα,
1257 4270 1350 4323 καὶ
1400 4269 1594 4341 ὥσπερ
1636 4269 1824 4322 ἔνθουν

250 4363 569 4431 γενόμενον,
630 4361 1102 4432 προφητικώτατα
1131 4363 1420 4432 προειπεῖν
1447 4375 1464 4392 ⁸
1495 4361 1570 4414 Σὺ
1603 4361 1659 4414 δὶ
1687 4361 1826 4415 ἀλλὰ

252 4453 328 4522 μὴ
362 4455 598 4516 στέναζε
629 4453 764 4522 μηδι
795 4454 950 4506 κλαῖε
979 4468 996 4485 ⁶
1023 4452 1214 4525 αῡριον
1250 4455 1359 4524 γὰρ
1401 4452 1524 4522 ϐψει
1572 4451 1667 4504 τὸν
1725 4452 1822 4522 μὲν
1855 4438 1899 4494 ι)

247 4549 344 4596 σὸν
379 4539 533 4598 οἷκον
591 4543 927 4615 εὐθηνοῦντα
982 4547 1097 4608 τοῖς
1149 4543 1402 4612 ἀγαθοῖς,
1463 4543 1557 4596 τὸν
1619 4543 1677 4597 δὴ
1733 4543 1828 4597 νῦν

244 4637 510 4690 πλούσιον
557 4637 882 4705 ἱλεούμενὸν
924 4652 983 4689 τε
1029 4635 1167 4706 ὁμοῦ
1216 4637 1314 4689 καὶ
1361 4633 1698 4704 γελώμενον,
1733 4635 1830 4688 καὶ

243 4730 458 4784 ἀκοντά
493 4747 574 4784 σοι
609 4725 688 4784 ὧν
728 4729 956 4802 χρήσεις
985 4729 1448 4802 παραχωροῦντα,
1495 4731 1590 4783 καὶ
1627 4729 1828 4800 προθύ-

247 4840 369 4891 μως
398 4822 660 4888 ἀξιοῦντα
689 4823 901 4878 λαϐεῖν.
928 4822 1112 4876 Ταῦτα
1136 4825 1165 4876 ὀ
1199 4823 1302 4892 μὲν
1334 4823 1504 4892 πένης
1531 4823 1608 4884 εἰς
1648 4838 1828 4893 παρα⁹

241 4915 436 4986 ψυχὴν
471 4915 654 4968 ὲδὸκει
700 4917 871 4984 μόνην
900 4913 1152 4979 λέγεσθαι
1178 4913 1256 4982 τῷ
1286 4913 1429 4983 ἀγίῳ
1463 4915 1561 4980 τῆς
1595 4912 1827 4982 ἐχούσης

240 5005 422 5056 αὑτὸν
450 5007 766 5075 συμφορᾶς.
796 5005 990 5058 Ἔνθεν
1021 5022 1107 5058 τοι
1139 5005 1237 5057 καὶ
1269 5002 1597 5073 σκυθρωπὸς
1641 5003 1830 5074 ἀπῄει,

241 5097 340 5148 καὶ
408 5096 606 5167 αὐτὴν,
643 5096 719 5158 ὡς
780 5095 977 5160 ἐδόκει,
1050 5097 1151 5165 τὴν
1199 5096 1354 5166 ἱερὰν
1411 5095 1680 5164 ἄγκυραν,
1733 5097 1832 5164 τὴν

234 5192 385 5258 πρὸς
426 5189 515 5242 τον
555 5190 732 5260 μέγαν
764 5188 980 5256 ἐλπίδα,
1019 5187 1183 5258 κενὴν
1217 5192 1311 5242 καὶ
1343 5187 1626 5257 ἄπρακτον
1665 5185 1831 5255 εύρηο

236 5299 379 5346 κως.

304 5561 415 5629 ς’.
452 5562 669 5626 Νυκτὸς
724 5562 780 5615 δὲ
832 5561 936 5635 ήδη
983 5561 1424 5631 καταλαϐούσης,
1472 5557 1616 5613 νεύει
1671 5557 1822 5629 μὲνὸ

303 5749 322 5779 ⁸
343 5749 529 5803 Amos
561 5748 738 5814 ν,11.

1925 3181 2049 3219 cum
2127 3164 2350 3234 quidam
2434 3180 2648 3234 panper
2723 3164 3086 3228 accessisset,
3149 3175 3204 3217 et
3243 3166 3505 3233 pecunias

1925 3257 2147 3329 quidem
2232 3272 2342 3310 non
2425 3257 2688 3316 haberet.
2781 3257 2983 3325 quibus
3055 3265 3305 3319 erueret,
3382 3273 3505 3326 quae

1923 3359 2082 3404 erant
2135 3349 2241 3403 sibi
2295 3348 2362 3402 ad
2409 3363 2568 3402 usum
2631 3350 2992 3402 necessaria:
3057 3349 3324 3418 lacrymas
3405 3365 3504 3402 au-

1928 3451 2055 3501 tem.
2118 3455 2255 3510 quas
2313 3440 2451 3509 proh
2517 3439 2717 3493 dolori
2753 3439 3007 3504 habebat,
3084 3440 3414 3502 exsolveret,
3450 3449 3504 3494 et

1925 3535 2132 3590 ﬂebiles
2181 3549 2344 3588 voces
2392 3533 2689 3586 miserabili
2746 3532 2935 3585 habitu
2970 3541 3025 3586 et
3099 3532 3294 3584 obtutu
3345 3531 3508 3584 emit-

1927 3637 2122 3694 teret,
2200 3627 2357 3680 illum
2435 3624 2790 3679 inﬂexibilem
2857 3625 3164 3678 conabatur
3231 3622 3502 3687 ﬂectere,

1925 3722 2094 3791 pedes
2128 3720 2417 3790 prensans,
2452 3727 2618 3773 totam
2665 3717 2888 3771 domum
2941 3718 3224 3785 complens
3275 3716 3504 3784 ejulatu,

1926 3815 2056 3883 quid
2119 3830 2226 3866 non
2265 3811 2493 3873 faciens,
2522 3810 2654 3879 quid
2703 3825 2812 3862 non
2855 3809 3067 3872 dicens,
3113 3808 3258 3876 quod
3320 3816 3504 3877 posset

1925 3905 2202 3958 attrahere
2277 3903 2342 3956 ad
2406 3901 2882 3956 misericordiam?
2956 3901 3252 3969 Postquam
3318 3909 3504 3952 autem

1925 3997 2062 4049 nihil
2097 3999 2287 4048 horum
2312 3993 2540 4048 omnino
2582 3991 2850 4060 lapideam
2889 3991 3034 4044 illam
3067 3991 3302 4043 animam
3335 3991 3500 4043 movi'

1925 4089 1992 4144 ad
2033 4087 2457 4150 miserationem,
2509 4099 2676 4137 unum
2721 4083 2991 4153 refugium
3040 4083 3246 4136 invenit
3277 4097 3504 4150 pauper,

1925 4196 2123 4250 nempe
2157 4187 2424 4232 sanctum.
2457 4175 2535 4229 Ad
2567 4189 2731 4243 quem
2763 4171 3243 4235 comat-cessisset,
3275 4182 3503 4226 etsnam

1926 4269 2188 4340 inpiam,
2216 4276 2273 4321 et
2305 4279 2574 4322 summam
2603 4262 2792 4317 divitis
2837 4262 3004 4316 refert
3039 4271 3332 4331 egestatem
3400 4265 3503 4316 mi-

1926 4361 2259 4420 sericordize.
2292 4359 2428 4415 Cum
2459 4359 2505 4412 is
2530 4367 2714 4412 autem
2770 4357 2877 4410 hoc
2914 4355 3202 4418 audiisset,
3241 4355 3503 4409 misertus

1927 4456 2148 4527 quidem
2179 4463 2263 4509 est
2291 4449 2662 4506 calamitatis:
2698 4448 2888 4502 divitis
2938 4461 3070 4500 vero
3125 4446 3252 4499 odio
3309 4445 3506 4499 habuit

1927 4547 2366 4605 immanitatem:
2408 4553 2464 4599 et
2514 4541 2680 4596 veluti
2728 4555 2757 4594 a
2808 4540 2920 4594 Deo
2962 4539 3211 4600 afﬂatus,
3254 4536 3505 4607 praedixit

1929 4639 2198 4711 imprimis
2227 4636 2546 4708 prophetice
2581 4649 2596 4688 :
2630 4633 2710 4687 Tu
2761 4641 2944 4686 autem
2992 4645 3096 4685 nec
3143 4644 3348 4700 gemas,
3404 4643 3504 4682 nec

1929 4730 2272 4804 lacrymeris.
2300 4729 2414 4783 Tua
2439 4726 2584 4782 enim
2613 4725 2811 4779 domus
2833 4737 2956 4778 cras
2984 4721 3288 4776 abundabit
3323 4720 3500 4783 bonis;

1932 4825 2025 4896 qui
2068 4833 2250 4878 autem
2280 4837 2425 4875 nunc
2455 4829 2539 4873 est
2571 4819 2749 4879 dives,
2797 4814 2960 4869 simul
3013 4815 3120 4869 erit
3175 4823 3230 4868 et
3281 4815 3507 4865 misera-

1933 4916 2081 4979 bilis,
2119 4923 2175 4968 et
2213 4911 2557 4974 irridebitur,
2614 4916 2671 4963 et
2697 4907 2902 4962 invitus
2943 4905 3040 4960 tibi
3073 4903 3230 4958 cedet
3272 4903 3337 4956 iis
3384 4903 3506 4969 qui-

1933 5009 2032 5062 bus
2059 5019 2208 5074 eges,
2238 5009 2600 5073 prornptoque
2641 5008 2697 5054 et
2725 4996 2893 5052 alacri
2927 4995 3112 5049 animo
3162 4991 3397 5061 rogabit,
3445 4998 3505 5042 ut

1931 5098 2190 5166 accipias.
2227 5095 2351 5149 llaec
2377 5074 2585 5164 pauper
2623 5089 2852 5160 putabat
2879 5095 3131 5142 sanctum
3162 5082 3382 5152 quidem
3416 5094 3505 5132 so-

1930 5194 2042 5246 lum
2071 5188 2253 5243 dicere
2285 5185 2352 5239 ad
2381 5182 2790 5247 consolandam,
2828 5193 2933 5249 qua
2962 5176 3330 5248 premebatur,
3359 5172 3506 5224 eain-

1935 5283 2204 5336 mitatem.
2237 5277 2393 5334 Unde
2423 5276 2594 5331 etiam
2627 5273 2812 5327 abibat
2847 5271 3041 5332 tristis,
3073 5275 3134 5321 ut
3167 5266 3260 5335 qui
3290 5278 3504 5319 sacram

1931 5374 2252 5437 anchoram,
2282 5384 2477 5438 nempe
2507 5382 2625 5422 eam
2658 5382 2819 5436 quam
2848 5363 2904 5416 in
2957 5373 3158 5432 magno
3209 5357 3504 5427 Spiridone

1930 5479 2080 5534 spem
2104 5462 2364 5524 habebat,
2386 5460 2682 5514 invenisset
2713 5460 2930 5510 inanem
2959 5462 3015 5508 et
3053 5451 3286 5505 irritam.

2007 5553 2092 5608 V'l.
2126 5550 2262 5606 Cum
2294 5566 2398 5604 nox
2427 5559 2606 5603 autem
2631 5547 2742 5618 jam
2775 5544 3141 5607 adventassct,
3187 5541 3334 5596 Deus
3383 5537 3508 5610 qui-
