4102 6376
553 256 664 320 4⁵23

1795 251 2079 312 MENSIS
2118 251 2555 314 DECEMBER.

3693 255 3803 319 424

556 374 683 429 dem
715 368 933 426 annuit.
985 367 1231 436 Repente
1290 376 1422 419 vero
1457 361 1613 431 caele
1655 376 1849 432 aquam
1896 363 2129 418 effundit

2242 365 2393 431 Θεὸς,
2429 364 2694 436 καταχέει
2718 364 2776 420 δὲ
2810 364 2910 434 τῆς
2939 365 3045 435 γῆς
3075 364 3287 433 ἀθρόως
3312 364 3342 419 6
3380 364 3607 438 οὐρανὸς
3635 367 3806 424 ὕδατα

557 464 613 519 in
641 472 867 526 terram,
901 468 1051 515 tanta
1080 457 1240 527 copia
1293 464 1350 511 et
1386 465 1540 511 tanto
1571 455 1803 525 impetu,
1836 464 1896 508 ut
1941 454 2133 509 divitis

557 568 667 609 una
716 552 1127 607 attraherentur
1192 548 1412 612 horrea,
1461 547 1801 603 frumentum
1848 555 2030 601 autem
2078 558 2134 601 et

558 645 742 700 omnis
770 643 912 697 alius
942 641 1158 696 fructus
1205 639 1439 710 sparsim
1474 639 1790 710 ejiceretnr,
1838 647 1897 692 et
1929 637 2134 708 jaccrct

558 748 783 811 paratus
808 735 876 790 ad
921 733 1248 804 rapiendum
1277 732 1610 788 volentibus.
1647 732 1781 786 Orto
1807 740 1990 785 autem
2018 729 2131 795 die,

558 831 713 886 dives
741 828 964 900 quidem
992 827 1184 891 miser,
1240 833 1293 879 et
1340 825 1488 879 luctu
1553 824 1766 893 plenus,
1820 830 1877 878 et
1922 816 2044 878 huc'
2079 830 2138 877 et

560 923 693 978 illuc
741 922 1209 978 circumcursans,
1229 924 1285 971 et
1301 917 1505 986 justam
1529 913 1737 969 deflens
1768 913 2134 970 calamitatem

558 1014 787 1086 rogabat
815 1026 913 1067 eos
942 1010 1034 1081 qui
1085 1009 1442 1073 accedebant,
1471 1015 1532 1061 ut
1574 1006 1679 1062 sibi
1729 1022 1888 1078 opem
1926 1006 2136 1061 ferrent

559 1106 627 1160 ad
665 1106 877 1160 fructus
923 1101 1281 1173 colligendos.
1350 1100 1489 1155 Cum
1535 1097 1693 1153 multi
1748 1113 1903 1161 vero.
1946 1108 2137 1166 utpote

559 1197 899 1258 esurientes,
935 1193 1003 1247 ad
1056 1191 1381 1263 rapicndum
1437 1189 1865 1253 concurrissent,
1924 1189 2138 1244 accedit

562 1291 730 1343 etiam
765 1288 854 1341 ille
884 1299 1115 1356 pauper,
1139 1285 1409 1338 miraculo
1436 1282 1655 1352 quidem
1682 1280 2096 1351 obstupefactus
2120 1323 2136 1348 ,

557 1380 783 1433 divitem
856 1388 1042 1432 autem
1091 1375 1332 1431 irridens
1386 1375 1712 1430 suavissime
1757 1382 1816 1428 et
1893 1373 2142 1428 meritis-

566 1471 728 1532 sime.
768 1480 826 1524 et
866 1469 1092 1523 domum
1121 1466 1342 1537 replens
1369 1464 1663 1531 fructibus,
1686 1470 1743 1519 et
1775 1464 1957 1519 omnia
1987 1463 2140 1518 nullo

558 1562 778 1632 negotio
808 1559 1036 1625 habens,
1062 1567 1122 1612 ut
1154 1556 1376 1623 dicitur,
1393 1571 1497 1610 nec
1522 1542 1808 1620 sem'inata,
1833 1570 1934 1610 nec
1965 1566 2137 1609 arata.

2236 455 2384 509 οὕτω
2435 455 2699 526 δαψιλῶς,
2736 456 2814 519 ὡς
2840 458 2907 526 τῇ
2940 455 3110 527 πολλῇ
3139 455 3346 509 τούτων
3380 456 3530 529 ῥύμῃ
3577 459 3672 512 καὶ
3704 458 3803 514 τοῦ

2235 546 2495 600 πλουσίου
2559 547 2940 617 παρασυρῆναι
3001 546 3104 609 τὰς
3151 547 3457 618 ἀποθήκας,
3511 550 3604 603 τὸν
3659 551 3809 605 σῖτον

2234 641 2290 693 δὲ
2319 640 2416 694 καὶ⁵
2437 640 2562 704 ὅσος
2588 639 2747 701 ἄλλος
2783 637 2996 709 καρπὸς
3017 641 3416 695 ἀποκέκλειστο
3438 640 3604 713 χύδην
3644 645 3806 714 ὲκφο·

2239 731 2502 802 ρηθῆναι,
2545 730 2640 784 καὶ
2681 733 2761 795 εἰς
2804 731 3117 802 διαρπαγήν
3169 732 3391 802 ἕτοιμον
3442 734 3656 788 κεῖσθαι
3693 739 3808 798 τοῖς

2238 822 2605 894 βουλομένοις.
2664 821 2911 893 Ἡμέρας
2955 822 3012 876 δὲ
3053 822 3432 896 ἀνασχούσης,
3479 826 3510 879 6
3550 826 3808 888 πλούσιος

2240 916 2341 987 μὲν
2367 913 2674 987 θρηνώδης,
2730 914 2938 980 ἄθλιος,
2980 914 3111 985 τῇδε
3157 916 3505 986 περιτρέχων
3558 915 3806 982 κάκεῖσε,

2236 1009 2335 1062 καὶ
2377 1008 2479 1077 τὴν
2534 1008 2754 1062 δικαίαν
2806 1007 3276 1079 μετακλαιόμενος
3328 1009 3615 1079 συμφοράν
3641 1024 3659 1041 ο
3686 1004 3808 1062 εἶτα

2237 1104 2334 1156 καὶ
2359 1103 2470 1156 τῶν
2503 1102 2811 1175 παριόντων
2837 1102 3010 1156 ἐδεῖτο
3039 1099 3308 1171 βοηθῆσαί
3329 1100 3403 1162 οἱ,
3439 1102 3535 1155 καὶ
3567 1100 3823 1167 συνάρα-,ι

2243 1195 2371 1248 σθαι
2408 1195 2515 1265 τῆς
2543 1195 2867 1264 συναγωγῆς
2912 1193 3024 1247 τῶν
3063 1195 3314 1266 καρπῶν.
3364 1192 3582 1247 Πολλῶν
3627 1193 3685 1247 δὲ
3718 1187 3807 1248 οἷα

2237 1286 2411 1357 δήπου
2458 1283 2778 1341 πεινώντων
2833 1285 2917 1353 ἐφ’
2973 1285 3201 1357 ἁρπαγῇ
3268 1283 3807 1355 συνδεδραμηκότων,

2243 1380 2497 1450 πρόσεισι
2547 1379 2645 1432 καὶ
2705 1380 2734 1431 6
2792 1377 2984 1448 πένης,
3041 1377 3105 1430 τδ
3161 1375 3349 1446 θαῦμα
3380 1377 3478 1446 μὲν
3508 1376 3809 1446 ἐκπληττό-

2242 1488 2430 1542 μενος,
2461 1471 2660 1540 ἥδιστα
2692 1470 2751 1523 δὲ
2777 1470 2877 1523 καὶ
2903 1469 2998 1522 τοῦ
3032 1467 3290 1521 πλουσίου
3326 1465 3672 1535 καταγελῶν,
3713 1467 3810 1535 γέ-

2239 1565 2386 1617 λωτα
2445 1562 2813 1625 δικαιότατον,
2877 1559 3109 1630 καρπῶν
3173 1576 3232 1612 τε
3280 1558 3397 1627 ἅμα
3447 1557 3670 1629 πληρῶν
3708 1558 3811 1627 τὴν

564 1652 770 1707 Deinde
824 1665 949 1705 eum
1011 1648 1377 1704 confluentem
1450 1647 1661 1701 videret
1726 1646 2134 1701 multitudinem

2242 1652 2441 1714 οἰκίαν,
2473 1651 2571 1703 καὶ
2630 1649 2810 1703 πάντα
2859 1649 2998 1719 ἔχων
3052 1648 3321 1714 εὐπετῶς,
3372 1647 3435 1701 τὸ
3488 1647 3581 1702 τοῦ
3625 1647 3808 1714 λόγου,

563 1759 743 1800 sanus
782 1743 873 1797 ille
907 1750 962 1797 et
1001 1739 1396 1795 immisericors
1443 1737 1753 1810 (oportebat
1802 1739 1950 1793 enim
1993 1739 2132 1794 nihil

2243 1744 2501 1814 ἄσπαρτα
2552 1742 2646 1797 καὶ
2700 1716 2965 1813 ἀνήροτα.
3024 1739 3159 1795 Elea
3218 1741 3453 1813 συρρέον
3491 1741 3554 1795 τὸ
3603 1742 3808 1811 πλῆθος

565 1850 791 1889 manere
835 1833 1214 1903 imperfectum
1253 1847 1446 1887 eorum
1474 1846 1597 1901 quae
1625 1831 1887 1901 praedicta
1917 1832 2143 1888 fuerant

563 1942 595 1981 a
622 1924 934 1997 Spiridonc)
967 1933 1023 1981 et
1068 1940 1158 1980 res
1201 1938 1394 1978 omnes
1447 1920 1595 1978 illius
1629 1938 1825 1979 secure
1874 1924 2143 1980 ambabus

563 2019 789 2073 haurire
817 2018 1099 2080 manibus,
1134 2024 1192 2072 et
1216 2030 1343 2070 eum
1378 2030 1621 2085 quoque,
1657 2015 1749 2085 qui
1796 2015 1916 2071 heri
1962 2016 2142 2071 fuerat

564 2108 820 2178 supplex,
853 2124 960 2162 una
1009 2123 1133 2162 cum
1189 2106 1407 2176 reliquo
1455 2106 1656 2176 populo
1708 2107 1946 2171 abunde,
1997 2108 2143 2162 sicut

567 2201 829 2267 diximus,
866 2198 973 2253 frui
1002 2199 1070 2254 iis
1104 2214 1225 2268 qua:
1249 2196 1530 2269 iacebant,
1561 2197 1792 2268 perinde
1839 2212 1905 2253 ac
1947 2198 1998 2252 ei
2042 2213 2140 2254 sua

565 2306 763 2365 sponte
798 2294 926 2349 dare
956 2293 1169 2357 volens,
1204 2292 1558 2363 liberalisque
1585 2306 1707 2347 esse
1736 2301 1793 2346 et
1826 2290 2139 2359 munificus,

563 2386 659 2455 qui
719 2383 1133 2439 sordidissimus
1195 2389 1317 2436 erat
1368 2390 1427 2436 et
1482 2381 1858 2451 parcissimus,
1910 2382 2142 2452 jubebat

564 2490 696 2530 eum
731 2474 798 2528 ad
850 2473 1158 2555 satietatem
1203 2473 1457 2543 accipere
1496 2488 1565 2527 ex
1610 2473 1679 2528 iis
1715 2488 1839 2543 quae
1886 2473 2140 2528 aderant.

563 2569 659 2624 ille
694 2577 876 2622 autem
913 2566 1046 2623 satis
1110 2565 1220 2621 risa
1265 2565 1387 2636 ejus
1452 2565 1737 2630 vecordia,
1785 2564 2007 2620 domum
2056 2576 2143 2621 est

567 2672 844 2724 reversus,
883 2658 993 2712 Deo
1046 2655 1342 2728 praecipue,
1396 2654 1597 2711 deinde
1647 2657 1815 2711 etiam
1863 2655 2140 2726 Spiridoni

564 2750 619 2805 id
649 2759 874 2819 accepto
912 2748 1118 2805 ferens.
1147 2749 1240 2804 Sic
1291 2749 1501 2804 sciebat
1547 2746 1830 2818 Spiridon,
1879 2764 1990 2803 non
2042 2765 2138 2804 so-

562 2843 678 2897 lum
714 2852 944 2912 propter
975 2841 1198 2907 multos,
1229 2840 1328 2896 sed
1359 2842 1522 2896 etiam
1557 2849 1787 2911 propter
1819 2856 2013 2908 unum,
2042 2856 2143 2897 su-

568 2950 772 3006 pernos
799 2948 944 3003 saepe
979 2934 1193 3003 aperire
1220 2932 1439 2989 fontes:
1470 2943 1528 2988 et
1555 2932 1718 2987 simul
1751 2932 1977 3002 quidem
2000 2948 2142 3002 pra:-

2241 1835 2383 1904 όρῶν
2410 1835 2438 1886 6
2460 1833 2609 1899 ὠμὸς
2636 1834 2842 1895 ἐκεῖνος
2870 1831 2968 1886 καὶ
2990 1831 3360 1901 ἄσπλαγχνος,
3392 1831 3501 1883 ἔδει
3535 1830 3645 1901 γὰρ
3678 1829 3809 1882 ἀτέ-

2240 1930 2432 1982 λεστον
2461 1927 2614 1981 οὐδὲν
2643 1928 2823 1997 μεῖναι
2856 1924 2966 1979 τῶν
3019 1925 3332 1996 Σπυρίδωνι
3378 1922 3814 1993 προλεχθέντων,

2243 2022 2340 2075 καὶ
2369 2020 2435 2073 τὰ
2458 2018 2625 2071 αὑτοῦ
2652 2018 2835 2072 πάντα
2870 2018 3016 2071 κατά
3039 2015 3242 2086 πολλὴν
3264 2016 3449 2070 ἄδειαν
3474 2014 3812 2084 ἀμφοτέραις

2240 2113 2569 2176 ἀντλοῦντας
2602 2129 2619 2147 ο
2651 2113 2728 2175 ὡς
2763 2112 2819 2165 δὲ
2851 2111 2948 2165 καὶ
2988 2109 3080 2163 τὸν
3128 2108 3257 2178 χθὲς
3299 2108 3507 2178 ἱκέτην,
3555 2107 3653 2160 ἕνα
3710 2106 3809 2158 τοῦ

2243 2204 2484 2274 πλήθους
2545 2204 2860 2274 γενόμενον,
2915 2204 3009 2255 καὶ
3062 2201 3251 2265 αὑτὸν,
3298 2202 3488 2268 ὥσπερ
3555 2199 3764 2269 ἔφημεν
3792 2240 3811 2263 ,

2241 2294 2493 2356 ἀφθόνως
2523 2291 2870 2346 ἀπολαύοντα
2895 2289 3004 2343 τῶν
3031 2287 3430 2359 προκειμένων,
3451 2287 3639 2356 ὥσπερ
3668 2288 3813 2341 κατά

2240 2386 2469 2457 γνώμην
2525 2385 2675 2455 αὐτῷ
2742 2384 3033 2455 δωρεῖσθαι
3086 2381 3432 2453 βουλόμενος,
3482 2382 3578 2435 καὶ
3619 2382 3815 2434 κοινώ-

2240 2481 2391 2545 νικός
2418 2498 2502 2543 τις
2525 2475 2668 2533 εἷναι
2702 2478 2797 2532 καὶ
2822 2475 3202 2548 μεγαλόδωρος
3248 2477 3276 2528 6
3310 2473 3431 2527 λίαν
3462 2473 3719 2543 φειδωλός
3747 2490 3810 2525 τε

2242 2575 2335 2627 καὶ
2361 2571 2752 2641 ἁκοινὼτητος,
2790 2570 3011 2624 ἐκέλευε
3040 2569 3149 2623 τῶν
3191 2568 3479 2638 παρόντων
3524 2567 3601 2629 εἱς
3645 2566 3814 2633 κόρον

2254 2666 2427 2730 ἀδεῶς
2455 2664 2777 2736 λαμϐάνειν.
2816 2662 2875 2716 ’0
2907 2661 2987 2726 δὲ,
3031 2661 3133 2730 τῆς
3174 2661 3360 2724 ἀνοίας
3391 2658 3594 2721 ἱκανῶς
3649 2657 3814 2711 αὐτὸν

2243 2753 2711 2826 διαμυκτηρίσας,
2739 2752 2924 2806 οἴκαδε
2953 2748 3244 2821 ἀνεχώρει,
3286 2746 3410 2818 Θεῷ
3462 2747 3816 2816 προηγουμέ-

2241 2866 2370 2913 νως,
2406 2848 2604 2902 ἔπειτα
2633 2847 2692 2900 δὲ
2726 2845 2822 2899 καὶ
2874 2844 3181 2914 Σπυρὶδωνι
3226 2841 3326 2912 τὴν
3374 2841 3535 2910 χάριν
3578 2841 3815 2907 ἐπιγρα-

2242 2943 2499 3011 φόμενος.
2552 2937 2739 3001 Οὕτως
2771 2936 2890 3008 ᾔδει
2919 2933 3201 3005 Σπυρίδων
3241 2932 3304 2985 ού
3351 2933 3513 3003 μόνον
3552 2931 3639 2984 διὰ
3682 2931 3818 2983 πολ-

567 3027 756 3080 dieerc
793 3036 1028 3095 tempus,
1061 3040 1172 3094 quo
1196 3024 1304 3081 hoc
1336 3033 1481 3080 esset
1525 3022 1770 3077 futurum
1797 3039 1812 3077 :
1839 3023 2003 3081 simul
2041 3038 2140 3078 au-

2246 3034 2393 3099 λοὺς,
2434 3030 2572 3086 ἀλλὰ
2624 3030 2719 3083 καὶ
2751 3030 2821 3082 δι’
2846 3028 2942 3081 ἕνα
2983 3026 3116 3095 γοῦν
3159 3024 3422 3085 πολλάκις
3466 3025 3566 3086 τὰς
3605 3022 3820 3077 ἀνωθεν

566 3128 675 3172 tem
729 3117 1065 3188 pauperibus
1128 3129 1348 3186 quoque
1411 3113 1700 3185 prodesse,
1760 3123 1818 3170 ct
1869 3115 2140 3186 castigare

2245 3126 2484 3192 ἀνοίγειν
2532 3122 2741 3193 πηγὰς,
2770 3123 2865 3175 καὶ
2914 3120 3049 3190 ὁμοῦ
3082 3119 3182 3191 μὲν
3226 3117 3351 3173 καθ’
3374 3117 3433 3171 ὃν
3468 3117 3619 3170 ἔσται
3655 3116 3822 3169 τοῦτο

575 3208 798 3263 divites.
837 3207 972 3261 Nam
1009 3206 1112 3261 etsi
1160 3220 1358 3276 parcus
1383 3206 1473 3259 ille
1504 3205 1680 3261 nihilo
1720 3206 1915 3262 melior
1943 3209 2139 3273 evasit,

567 3304 628 3348 ut
653 3296 765 3365 jam
794 3296 1051 3350 dicetur:
1106 3296 1294 3350 multis
1348 3303 1528 3349 tamen
1578 3294 1856 3351 similibus
1901 3297 2007 3351 fuit
2052 3312 2145 3352 oc-

567 3385 738 3450 casio,
775 3395 836 3438 ut
868 3384 1318 3440 emendarentur.
1353 3383 1479 3438 Haec
1509 3384 1636 3454 quis
1663 3400 1732 3440 ex
1777 3389 2143 3455 praesentibus

566 3490 678 3529 non
706 3474 946 3529 libenter
973 3476 1198 3530 audiit?
1244 3475 1379 3542 Quis
1417 3483 1602 3530 autent
1642 3476 1768 3530 cum
1821 3477 2142 3544 audivisset,

566 3581 676 3620 non
709 3566 811 3620 fuit
842 3566 946 3620 alia
981 3581 1198 3636 quoque
1239 3565 1498 3621 audiendi
1562 3567 1779 3621 avidior
1809 3606 1826 3634 ,
1883 3577 1940 3622 et
1992 3570 2144 3635 cupit

568 3659 735 3724 scire,
763 3660 1017 3729 quisnam
1068 3670 1188 3715 erat
1222 3660 1361 3715 adeo
1394 3664 1624 3730 ignavus
1657 3670 1753 3715 aut
1803 3662 2038 3730 invidus,
2085 3673 2145 3719 ut

563 3747 842 3804 sitientem
870 3750 1108 3805 animam
1141 3751 1233 3807 tali
1268 3752 1510 3822 privaret
1559 3751 1863 3808 alimento?

634 4060 750 4118 νη.
776 4062 929 4118 Alius
956 4070 1141 4118 autem
1166 4045 1427 4133 agricola,
1455 4060 1576 4117 viro
1639 4069 1830 4118 sancto
1856 4061 2145 4117 familiaris

568 4169 694 4209 cum
726 4152 869 4208 fame
915 4154 1073 4209 valde
1123 4166 1492 4225 premeretur,
1543 4154 1677 4209 abiit
1716 4154 1763 4210 is
1804 4170 2025 4225 quoque
2073 4154 2143 4209 ad

564 4245 788 4330 inopem
853 4244 1006 4298 illum
1089 4244 1338 4309 divitem,
1411 4243 1594 4300 adhuc
1634 4242 1953 4301 'habentem
2035 4245 2142 4301 alia

564 4332 740 4389 inuita
789 4335 985 4390 horrea
1038 4336 1201 4406 plena
1257 4336 1560 4404 frumento,
1614 4336 1938 4393 existimans
1991 4338 2140 4394 illam

2244 3218 2436 3289 καιρὸν
2469 3216 2754 3287 προειπεῖν
2777 3212 2914 3286 ὁμοῦ
2938 3212 2995 3265 δὲ
3023 3214 3119 3267 καὶ
3138 3213 3375 3280 πένητας
3394 3207 3696 3277 ὠφελῆσαι,
3719 3206 3823 3259 καὶ

2245 3310 2540 3365 πλουσίους
2571 3306 3019 3376 παιδαγωγῆσαι.
3058 3305 3119 3357 Et
3148 3305 3219 3372 γά
3228 3322 3258 3374 ρ
3284 3302 3383 3356 καὶ
3405 3301 3563 3354 οὐδὲν
3589 3298 3817 3369 μᾶλλον,

2241 3399 2317 3464 ὡς
2348 3400 2450 3471 ήδη
2474 3399 2821 3469 λεχθήσεται,
2838 3398 2867 3449 6
2891 3394 3163 3466 φειδωλὸς·
3181 3395 3388 3456 ἐκεῖνος
3413 3391 3647 3459 κατέστη
3682 3405 3824 3457 χρη-

2245 3492 2388 3555 στὸς,
2409 3488 2620 3545 ἀλλὀὗν
2637 3507 2701 3559 γε
2719 3489 2830 3542 τῶν
2842 3488 3045 3557 ὁμοίων
3064 3487 3280 3549 πολλοῖς
3309 3486 3502 3555 γέγονε
3526 3484 3661 3555 πρὸς
3692 3481 3821 3555 βέλη

2242 3583 2688 3653 τίωσινάςρορμή.
2709 3580 2896 3635 Ταῦτα
2918 3580 3001 3642 τίς
3026 3578 3196 3649 ήδέως
3212 3579 3312 3634 οὑκ
3339 3581 3543 3651 ἢκουσε
3572 3578 3682 3630 τῶν
3712 3595 3823 3628 πα-

2246 3677 2486 3748 ρόντων;
2538 3675 2634 3738 Τίς
2665 3674 2722 3727 δὲ
2754 3674 2850 3727 καὶ
2870 3671 3110 3737 ἀκούσας
3143 3673 3266 3744 οὐχὶ
3289 3673 3388 3725 καὶ
3414 3671 3551 3741 πρὸς
3579 3671 3648 3722 τὰ
3678 3668 3821 3721 ἄλλα

2243 3764 2556 3836 λιχνοτέραν
2593 3761 2717 3834 ἔσχε
2760 3762 2861 3831 τὴν
2895 3762 3082 3831 ἀκοὴν,
3111 3761 3206 3814 καλ⁵
3232 3759 3427 3831 μαθεῖν
3450 3759 3819 3827 ἐπεζήτησεν,

2246 3856 2614 3928 ἐπιζητοῦντα
2650 3855 2728 3922 δὲ,
2765 3854 2852 3918 τίς
2883 3855 3118 3925 ὀκνηρὸς
3146 3852 3320 3916 οὕτως
3358 3852 3390 3922 ἥ
3429 3850 3709 3921 φθονερὸς,
3737 3849 3822 3912 ὡς

2243 3949 2426 4020 ψυχὴν
2451 3949 2725 4002 πεινῶσαν
2753 3947 2968 4018 τρυφῆς
2992 3945 3249 4016 τοιαύτης
3276 3946 3638 4014 ἀποστερεῖνς

2250 4064 2259 4067 μ
2317 4039 2393 4096 Z'.
2423 4040 2620 4103 Ἀλλης
2642 4039 2824 4093 τοίνυν
2872 4038 3121 4108 γεωργὸς
3170 4038 3337 4108 ἀνὴρ,
3389 4036 3503 4091 τῶν
3560 4033 3819 4104 συνήθων

2244 4132 2322 4187 ὢν
2348 4131 2427 4202 τῷ
2454 4132 2611 4203 ὁσίῳ,
2670 4132 2766 4185 καὶ
2796 4131 2878 4193 εἱς
2924 4128 3066 4197 ἀγαν
3136 4129 3216 4198 τῷ
3266 4127 3411 4198 λιμῷ
3468 4125 3819 4197 πιεζόμενος,

2245 4223 2416 4296 ἀπῄει
2446 4224 2543 4277 καὶ
2563 4219 2718 4285 οὗτος
2752 4219 2891 4290 πρὸς
2925 4218 3090 4272 αὐτὸν
3134 4220 3348 4272 ἐκεῖνον
3402 4218 3496 4270 τὸν
3556 4216 3823 4287 πενιχρὸν

2246 4316 2527 4379 πλούσιον,
2560 4314 2764 4378 πολλὰς
2796 4312 2881 4367 ἔτι
2908 4312 3008 4366 καὶ
3056 4309 3227 4373 ἄλλας
3274 4309 3560 4380 ἀποθήκας
3621 4308 3820 4377 ἔχοντα

568 4427 806 4496 priorem
836 4441 961 4480 eum
991 4426 1217 4481 omnino
1269 4428 1563 4497 castigasse
1603 4429 1991 4484 calamitatem.
2045 4428 2140 4485 Vi-

2247 4408 2379 4476 σίτῳ
2408 4405 2809 4479 βαρυνομένας,
2850 4400 3139 4458 ὑπολαϐὼν
3193 4401 3438 4464 πάντως,
3480 4401 3560 4463 ὡς
3613 4400 3820 4465 ἱκανῶς

504 4552 514 4556 -
569 4532 664 4570 sus
688 4524 772 4570 est
804 4526 986 4570 autem
1044 4517 1135 4572 ille
1163 4516 1501 4572 frumentum
1563 4518 1789 4588 quidem
1843 4518 2141 4585 amisisse;

568 4606 851 4676 parcitatis
885 4621 1035 4672 vero,
1058 4616 1115 4663 et
1144 4622 1265 4676 quae
1296 4605 1353 4662 in
1378 4607 1546 4663 divite
1571 4613 1770 4675 inerat,
1800 4609 2142 4665 crudelitatis

568 4697 707 4752 nihil
776 4697 1002 4753 omnino
1059 4700 1374 4768 dimisisse,
1440 4717 1621 4772 neque
1677 4701 1907 4756 omnino
1955 4701 2138 4772 seipse

568 4788 809 4844 evasisse
886 4789 1102 4856 melior,
1173 4791 1278 4846 etsi
1335 4792 1694 4863 polliceretur
1772 4806 1833 4847 se
1894 4801 2142 4863 tempore

566 4881 755 4934 aestivo
782 4880 835 4934 id
866 4881 1010 4951 quod
1046 4881 1231 4936 datum
1261 4882 1474 4948 fuisset,
1502 4882 1846 4938 redditurum
1890 4898 2014 4938 cum
2050 4898 2142 4939 ac-

567 4970 839 5036 cessione,
870 4971 964 5027 sed
1013 4972 1106 5027 ille
1140 4972 1361 5028 diccbat
1394 4974 1447 5028 id
1501 4973 1647 5044 quod
1703 4973 1931 5041 dicitur,
1985 4988 2141 5044 spem

568 5077 797 5132 pascere
830 5064 1185 5133 insipientes:
1217 5064 1300 5119 Tu
1338 5071 1544 5130 autem,
1572 5063 1769 5132 inquit,
1809 5063 2016 5133 absque
2044 5079 2142 5133 pe-

568 5152 729 5206 cunia
760 5167 866 5206 non
902 5169 1132 5222 granum
1177 5168 1370 5215 unum,
1420 5153 1530 5209 imo
1588 5167 1661 5208 ne
1701 5154 1866 5207 unius
1917 5154 2138 5223 quidem

570 5238 723 5307 grani
778 5241 1023 5295 umbram
1063 5241 1322 5311 accipies.
1372 5240 1508 5296 Cum
1559 5242 1742 5311 itaque
1796 5242 1885 5298 hic
1920 5258 2140 5313 quoque

576 5346 787 5401 pauper
818 5333 1181 5403 desperasset,
1211 5334 1459 5390 imitatur
1490 5336 1910 5406 pratcedentem,
1943 5346 1999 5390 et
2026 5346 2143 5391 tan-

572 5437 735 5491 quam
766 5422 832 5476 ad
861 5437 1208 5480 communem
1252 5426 1569 5480 thesaurum
1622 5427 1867 5497 confugit
1896 5425 2143 5497 Spirido—

568 5528 717 5576 neut,
753 5523 808 5567 et
855 5513 908 5568 ei
959 5516 1239 5571 renuntiat
1288 5533 1411 5586 quia
1452 5524 1597 5572 esset
1646 5531 1859 5587 passus,
1915 5527 1971 5570 ct
2020 5531 2144 5585 quae

568 5604 793 5658 divitem
848 5621 1071 5675 rogans,
1110 5608 1179 5661 ab
1212 5623 1277 5662 eo
1330 5608 1618 5663 audiisset.
1650 5609 1743 5663 llle
1789 5618 1972 5662 autem
2011 5623 2139 5661 eum

573 5703 705 5748 tunc
734 5694 957 5762 quidem
994 5712 1117 5752 cum
1159 5699 1293 5755 satis
1336 5709 1482 5756 esset
1527 5699 1860 5765 consolatus,
1915 5698 2137 5753 domum

2247 4498 2411 4553 αὐτὸν
2441 4499 2474 4567 ὴ
2509 4497 2753 4568 προτέρα
2780 4495 3228 4563 παιδαγωγήσειε
3277 4490 3557 4561 συμφορά.
3617 4488 3819 4560 Ἐῴκει

2242 4591 2305 4644 δὲ
2332 4583 2488 4651 οὗτος
2522 4589 2614 4642 τὸν
2634 4588 2733 4658 μὲν
2775 4589 2922 4640 σῖτον
2962 4582 3281 4649 ἀποϐαλὼν,
3323 4581 3420 4636 τοῦ
3456 4580 3723 4651 φειδωλοῦ
3759 4582 3820 4635 δὲ

2238 4683 2341 4737 καὶ.
2371 4682 2468 4752 τῆς
2516 4679 2648 4750 περὶ
2674 4680 2765 4732 τὸν
2812 4677 3040 4749 πλησίον
3087 4676 3373 4746 ὠμότητος
3429 4675 3493 4727 τὸ
3545 4674 3820 4745 παράπαν

2242 4773 2401 4826 ούδὶν
2433 4769 2851 4840 ἀποσεδληκὼς,
2881 4766 3007 4822 οὕτε
3041 4767 3148 4840 μὴν
3177 4768 3314 4831 ὅλως
3344 4765 3586 4837 ἀμεινων
3612 4764 3823 4819 ἑαυτοῦ

2244 4866 2569 4934 γενόμενος,
2599 4861 2778 4915 καίτοι
2810 4861 2908 4915 καὶ
2939 4860 3021 4923 εἱς
3057 4859 3209 4931 ὤραν
3245 4858 3688 4929 ὑπισχνουμένου
3720 4855 3827 4910 τοῦ

2247 4956 2479 5025 πένητος
2521 4954 2662 5023 μετὰ
2698 4951 3024 5020 προσθήκης
3066 4949 3128 5004 τὸ
3167 4948 3512 5021 καταόληθὲν
3574 4948 3839 5002 ἀντιδοῦ-

2244 5065 2356 5114 ναι,
2386 5046 2504 5100 ἀλλ’
2541 5048 2774 5110 ἰκτῖνος,
2799 5043 2963 5097 τοῦτο
2988 5041 3054 5112 δὴ
3081 5041 3144 5095 τὸ
3171 5041 3266 5094 τοῦ
3296 5040 3482 5109 λόγου,
3530 5039 3633 5103 τὰς
3664 5040 3833 5094 ἑλπί-

2243 5140 2339 5204 δας
2374 5138 2529 5206 ἔλεγε
2574 5137 2703 5198 τοὺς
2749 5136 2991 5205 ἄφρονας
3018 5135 3255 5204 βόσκειν.
3279 5134 3352 5187 Σὺ
3378 5132 3458 5199 δὲ,
3491 5132 3659 5202 φησὶ,
3684 5148 3841 5205 χρη-

2250 5230 2437 5299 μάτων
2478 5226 2609 5281 ἄνευ
2644 5224 2768 5280 οὐδὲ
2801 5226 3002 5279 κόκκου
3027 5225 3094 5277 ἂν
3135 5224 3254 5287 ἑνὸς
3281 5220 3403 5276 οὐδὲ
3454 5222 3615 5283 σκιᾶς
3652 5220 3842 5275 αὐτοῦ

2249 5324 2595 5395 μεταλάϐοις.
2613 5320 2913 5389 Ἀπογνοὺς
2937 5312 3030 5372 οὖν
3064 5318 3160 5372 καὶ
3190 5317 3401 5387 όπένης
3433 5308 3611 5377 οὗτος,
3635 5315 3846 5385 μιμεῖ-

2245 5431 2336 5468 ται
2381 5414 2471 5466 τὸν
2500 5411 2865 5483 προλαϐόντα,
2895 5411 2991 5464 καὶ
3008 5408 3198 5479 ὥσπερ
3223 5407 3304 5471 εἱς
3332 5405 3512 5460 κοινὸν
3540 5402 3844 5473 θησαυρὸν

2244 5511 2338 5563 τδν
2385 5507 2706 5578 Σπυρίδωνα
2728 5502 3066 5572 καταφεύγει
3096 5497 3431 5571 ἀπαγγέλλει
3465 5513 3525 5551 τε
3577 5495 3677 5549 καὶ
3717 5496 3845 5548 ὅσα.

2248 5601 2411 5656 πάθοι
2430 5600 2525 5654 καὶ
2546 5597 2581 5653 ἀ
2604 5599 2697 5654 τοῦ
2718 5597 2969 5651 πλουσίου
2991 5596 3245 5665 δεόμενος
3264 5590 3645 5646 ἐπακούσειεν.
3663 5587 3725 5640 Ὀ
3741 5586 3807 5640 δὲ
3826 5628 3849 5650 ,

2252 5696 2374 5747 τότε
2407 5692 2506 5763 μὲν
2530 5688 2733 5754 ἱκανῶς
2788 5687 3208 5760 ψυχαγωγήσας
3252 5684 3442 5751 αὑτὸν,
3476 5679 3665 5738 οἴκαδε
3718 5694 3855 5732 πα.-
