4094 6384
302 294 406 356 425

1515 287 1556 342 γ
1571 283 1686 340 ΙΤᾹ
1733 282 1789 339 ς.
1832 281 2052 339 ΞΡΥΙΠ
2069 283 2313 341 DONIS.

3434 281 3538 346 421

303 405 608 473 ραπέμπει.
647 404 718 455 Οὐ
754 402 860 471 μὴν
892 402 1021 470 ἄχρι
1055 399 1234 468 λοξῶν
1265 398 1451 468 ωτιρι
1483 397 1580 466 τὴν
1616 395 1874 465 ψυχαγω-

1995 393 2231 448 limittit.
2264 394 2453 464 Neque
2484 399 2665 447 tamen
2699 390 2882 447 verbis
2915 399 3073 447 tenus
3109 391 3252 446 sistit
3291 397 3542 450 consola.

300 497 450 562 γίαν,
487 495 624 548 ἀλλὰ
647 495 749 562 τῆς
795 492 1060 560 ἐπιούσης
1085 491 1116 542 6
1151 490 1328 561 μέγας
1366 487 1656 557 ἀρχιερεὺς
1708 485 1870 546 αὐτὸς

301 590 529 650 ἐκεῖνος,
580 587 716 656 πρὸς
765 585 856 638 τὸν
907 585 1118 652 πένητα
1161 585 1500 652 ἀφικνεῖται,
1555 579 1790 648 χρυσοῦν
1819 594 1873 629 τι

308 677 450 739 εἶδος
480 676 902 744 ἐπιφερόμενος,
930 675 1031 727 οὐκ
1057 674 1344 739 εὐάγωγον
1370 673 1472 742 τὴν
1495 669 1685 739 ὁλκὴν,
1733 670 1873 736 ὅπερ

298 772 352 825 τί
377 788 436 823 τε
471 767 559 840 ἦν,
586 768 679 820 καὶ
710 767 858 830 ὅθεν,
883 765 982 819 καλ⁵
1007 767 1153 826 ὅπως
1180 763 1410 834 εὕρηται
1438 761 1516 832 τῷ
1545 761 1702 830 ἁγίῳ,
1736 758 1873 829 μετά

302 862 500 932 μικρὸν
527 863 554 913 ό
583 859 743 926 λόγος
770 856 1028 928 δηλώσει.
1059 855 1206 916 Τέως
1235 855 1278 907 δ’
1314 850 1408 907 οὖν
1456 856 1483 906 6
1512 852 1685 920 μέγας
1711 849 1875 902 τοῦτο

303 953 590 1022 Σπυρίδων
629 953 753 1012 ταῖς
783 951 944 1019 χερσὶ
976 947 1070 1000 τοῦ
1119 949 1351 1015 πένητος
1383 945 1662 1016 ἐμϐαλὼν,
1691 944 1874 1009 Δέξαι,

303 1047 430 1115 ἑ·,;η.
469 1045 566 1098 καὶ
613 1043 691 1112 τῷ
734 1042 980 1110 πλουσίῳ
1027 1039 1088 1092 τὸ
1143 1039 1446 1108 προσφιλὲς
1492 1037 1641 1106 αὐτῷ
1693 1051 1876 1106 παρα-

305 1137 449 1207 σχὼν
478 1139 555 1198 εἰς
577 1136 855 1204 ἐνέχυρον,
886 1133 954 1186 τά
1002 1148 1085 1185 σοι
1128 1131 1379 1200 χρήσιμά
1432 1147 1492 1182 τε
1549 1131 1646 1181 καὶ⁸
1700 1129 1876 1194 ἀναγ-

304 1233 434 1283 καῖα
491 1225 621 1297 παρ’
678 1227 848 1280 αὐτοῦ
912 1224 1201 1294 λάμϐανε.
1247 1221 1429 1290 Ἦσθη
1487 1221 1646 1274 τοῦτο
1695 1219 1876 1272 λαϐὼν

302 1324 329 1376 6
363 1322 556 1390 πένης,
586 1321 680 1372 καὶ
721 1319 856 1390 πρὸς
885 1317 977 1370 τὸν
1009 1316 1270 1370 πλούσιον
1375 1315 1556 1368 ποδῶν
1583 1309 1754 1384 εῖχεν,
1790 1317 1879 1366 ἑκ·-

307 1411 497 1478 θύμως
519 1408 742 1478 ἐχώρει,
769 1406 894 1462 εἶτα
956 1407 1083 1462 ίδὼν
1125 1408 1337 1469 ἐκεῖνος
1393 1407 1456 1459 τὸ
1511 1405 1571 1457 ὲν
1611 1406 1822 1475 χερσὶν,
1850 1407 1878 1457 6

317 1504 422 1571 πρὸ
459 1501 659 1570 μικροῦ
689 1501 930 1571 σκληρός
973 1517 1032 1552 τε
1082 1499 1178 1552 καὶ
1226 1497 1613 1567 ἀδυσώπητος,
1665 1500 1761 1551 καὶ
1809 1497 1878 1549 τά

314 1587 428 1645 ὦτα
467 1594 605 1664 πρὸς
635 1593 822 1660 δέησιν
860 1591 1350 1660 ὲκκεκωφημένος,
1410 1590 1576 1652 εὐθὺς
1618 1590 1727 1642 ἀπὸ
1767 1588 1880 1640 τῶν

307 1684 606 1753 όρθαλμῶν
659 1699 998 1754 καμπτεται,
1067 1685 1165 1736 καὶ
1198 1683 1330 1752 ἡδὺς
1378 1681 1588 1750 γίνεται
1634 1682 1729 1734 καὶ
1764 1681 1882 1746 φιλ-

1983 485 2229 541 tionem:
2278 485 2371 541 sed
2395 484 2645 554 sequenti
2685 484 2776 538 die
2822 498 3053 553 magnus
3093 484 3336 554 pontifex
3395 488 3547 542 venit

1981 579 2101 648 ipse
2129 577 2194 631 ad
2238 592 2554 647 pauperem,
2597 593 2816 632 auream
2849 577 3144 646 quamdam
3192 592 3378 633 secum
3412 579 3547 634 alie»

1981 685 2110 724 rens
2173 668 2411 738 speciem
2475 685 2583 722 non
2615 669 2751 722 levis
2804 669 3084 738 ponderis,
3133 685 3255 740 qua:
3297 685 3544 740 quaenam

1981 768 2206 814 essetet
2247 760 2416 823 unde,
2465 767 2522 814 et
2569 759 2844 828 quomodo
2889 760 3108 816 inventa
3164 761 3236 816 sit
3272 777 3302 816 a
3333 773 3544 826 sancto,

1982 850 2285 906 declarabit
2316 850 2482 919 paulo
2517 860 2638 920 post
2665 853 2858 905 oratio.
2892 857 3029 908 Cum
3063 860 3191 906 tunc
3218 861 3400 908 autem
3433 870 3548 909 ma-

1982 957 2123 1010 gnus
2154 940 2408 1010 Spiridun
2438 956 2556 995 eam
2588 941 2904 996 immisissct
2937 943 2990 995 in
3027 957 3219 996 manus
3252 944 3547 1012 pauperis:

1983 1033 2204 1102 Accipe,
2240 1034 2439 1103 inquit.
2473 1043 2680 1089 etcum
2724 1035 2878 1089 diviti
2930 1045 3143 1105 gratum
3202 1035 3305 1091 hoc
3358 1037 3552 1106 pignus

1984 1124 2308 1192 prmbucris,
2344 1141 2465 1194 qua:
2503 1125 2600 1180 tibi
2637 1134 2764 1179 sunt
2797 1127 3106 1180 necessaria
3157 1125 3223 1180 ad
3287 1141 3444 1180 usum
3483 1127 3552 1181 ab

1986 1229 2053 1268 eo
2080 1215 2289 1284 accipe.
2326 1217 2438 1270 lloc
2465 1232 2587 1270 cum
2616 1217 2915 1286 accepisset
2939 1232 3171 1285 pauper,
3209 1216 3418 1271 ltetatus
3447 1227 3551 1278 est.

1985 1315 2041 1360 et
2073 1317 2273 1375 quanta
2319 1309 2552 1362 maxima
2600 1309 2780 1377 potuit
2823 1309 3105 1363 celeritate
3153 1309 3442 1364 contendit
3485 1311 3551 1363 ad

1987 1400 2237 1455 divitem.
2270 1400 2480 1454 Deinde
2515 1415 2638 1453 eum
2674 1399 2904 1454 vidisset
2952 1398 3043 1453 ille
3078 1398 3130 1452 id
3164 1399 3309 1468 quod
3342 1407 3463 1452 erat
3493 1398 3549 1451 in

1986 1494 2258 1556 manibus,
2286 1493 2376 1562 qui
2410 1492 2571 1562 paulo
2595 1499 2720 1546 ante
2743 1500 2861 1546 erat
2891 1491 3064 1545 durus
3086 1499 3143 1546 et
3177 1488 3551 1552 inexorabilis,

1987 1596 2042 1640 et
2070 1585 2226 1654 cujus
2249 1599 2411 1639 aures
2437 1584 2503 1637 ad
2532 1598 2726 1652 preces
2755 1582 3182 1646 obsurduerunt,
3213 1582 3396 1636 statim
3421 1581 3552 1635 ﬂee-

1990 1678 2124 1730 titur
2151 1677 2218 1731 ab
2267 1676 2466 1742 oculis,
2517 1675 2806 1743 evaditque
2834 1673 3106 1746 iucundus
3145 1680 3201 1727 et
3245 1672 3553 1741 benignus:

309 1777 622 1846 ἅνθρωπος.
672 1778 917 1829 Κάκεῖνο
945 1774 1172 1838 λαϐὼν,
1207 1773 1351 1826 οῦτω
1395 1773 1489 1826 τοῦ
1538 1773 1690 1826 σίτου
1729 1773 1880 1842 δαψι-

1995 1783 2222 1836 cumque
2258 1768 2311 1821 id
2347 1768 2670 1836 accepisset,
2705 1782 2832 1821 eum
2864 1775 2970 1822 tam
3007 1765 3232 1835 copioso
3278 1765 3556 1819 frumento

313 1864 418 1927 λῶς
452 1864 833 1932 μεταδίδωσιν,
869 1863 946 1926 ὼς
976 1864 1073 1916 καὶ
1102 1863 1201 1933 τὴν
1231 1863 1414 1916 οίκίαν
1445 1863 1611 1916 αὐτοῦ
1653 1863 1879 1932 πληρῶ-

314 1971 425 2018 σαι,
485 1957 582 2007 καὶ
636 1953 775 2023 πρὸς
830 1940 1169 2023 σπερμάτων
1239 1951 1548 2022 καταϐολὴν
1598 1947 1688 2014 αῖς
1739 1949 1885 2022 εἶχεν

311 2047 584 2114 ἀρούραις
627 2043 689 2098 τὸ
723 2043 876 2097 δοθὲν
909 2044 1168 2113 ἀρκέσαι,
1199 2043 1341 2096 οὕτω
1377 2059 1435 2096 τε
1479 2041 1750 2111 πολύχουν
1792 2041 1884 2093 τὸν

315 2136 731 2203 καταϐληθέντα
767 2136 1048 2202 γενέσθαι,
1080 2135 1317 2207 καρπὸν,
1338 2134 1477 2188 ὥστε
1510 2134 1608 2187 καὶ
1641 2133 1700 2186 τὸ
1726 2132 1884 2202 χρέος

312 2229 696 2296 ἀπομετρῆσαι
724 2227 803 2295 τῷ
827 2227 1110 2288 δεδωκότι,
1137 2227 1228 2278 τὸν
1260 2227 1340 2286 εἰς
1370 2223 1633 2294 ἐνέχυρόν
1662 2239 1722 2274 τε
1751 2239 1886 2292 χρυο

317 2322 412 2374 σὺν
438 2321 654 2374 ἐκεῖθεν
681 2317 998 2382 ἀναλαϐεῖν,
1047 2318 1139 2370 καὶ
1171 2316 1250 2386 τῷ
1284 2314 1424 2384 ἀγίῳ
1470 2311 1631 2377 αὖθις
1683 2314 1887 2381 εὐγνω-

315 2416 494 2482 μόνως
525 2415 938 2483 προσενεγκεῖν.

383 2509 470 2560 ιιι.
510 2506 649 2558 Ἀλλ’
679 2509 706 2558 6
737 2507 836 2575 μὲν
868 2507 1062 2570 πένης,
1098 2506 1197 2574 τὴν
1228 2501 1455 2575 ὀφειλὴν
1492 2500 1701 2566 οὕτως’
1764 2500 1888 2572 βού-

316 2598 474 2651 λεται
494 2598 552 2650 δὲ
580 2598 676 2651 καὶ
699 2599 728 2650 6
761 2597 923 2664 λόγος
952 2597 1013 2650 τὸ
1049 2595 1253 2649 ἑαυτοῦ
1308 2596 1471 2666 χρέος
1527 2595 1886 2662 καταϐαλεῖν,

318 2694 412 2742 καὶ
438 2688 718 2762 γνωρίσας
748 2689 776 2740 ὃ
801 2689 1192 2757 ἐπηγγείλατο,
1223 2691 1277 2740 τί
1308 2705 1366 2740 τε
1389 2689 1417 2740 6
1446 2687 1651 2758 χρυσὸς
1689 2705 1890 2758 προτεο

318 2796 411 2848 ρον
442 2776 537 2851 ἦν,
571 2780 666 2832 καὶ
690 2781 815 2832 ὅθεν
844 2782 1128 2850 εἴληπται.
1169 2780 1487 2834 Ἀπολαϐών
1523 2781 1634 2850 γάρ
1677 2783 1704 2834 6
1748 2781 1892 2845 ὅσιος

315 2873 376 2927 τὸ
403 2872 579 2933 δοθὲν,
621 2871 815 2941 Δεῦρο,
850 2872 1039 2940 φησὶν,
1090 2871 1315 2941 ἀδελφὲ,
1349 2871 1488 2943 πρὸς
1527 2871 1620 2924 τὸν
1658 2873 1892 2943 πένητα,

317 2967 415 3017 καὶ
464 2962 758 3032 ἀποδῶμεν
801 2967 954 3032 κοινῇ
1008 2965 1085 3034 τῷ
1129 2965 1531 3035 φιλανθρώπως
1571 2965 1708 3018 αὐτὸ
1754 2966 1892 3036 χρήο

319 3070 508 3108 σαντι.
541 3055 730 3116 Οῦτως
754 3055 880 3123 ἔφη,
931 3056 1029 3107 καὶ
1058 3055 1242 3109 λαϐὼν
1274 3056 1462 3123 αὑτὸν,
1496 3056 1622 3126 ἄγει
1654 3058 1803 3126 παρά
1839 3075 1890 3110 τι

319 3147 546 3217 κηπίον,
581 3149 722 3219 ὅπερ
747 3145 816 3219 ἦν
855 3148 932 3220 τῷ
963 3152 1187 3221 μεγάλῳ
1238 3154 1458 3224 μικροῖς
1498 3153 1756 3223 λαχάνοις
1790 3153 1888 3223 τὴν

317 3241 540 3293 ἀσιτίαν
569 3243 1065 3311 παραμυθούμενον
1097 3282 1112 3298 .
1155 3245 1265 3298 Καὶ
1316 3246 1445 3309 στάς
1485 3247 1619 3316 παρ’
1656 3247 1786 3299 αὐτὸ
1824 3247 1889 3316 δὴ

317 3334 378 3386 τὸ
400 3334 654 3403 θριγκίον
682 3334 778 3386 καὶ
805 3334 1084 3402 ἁψάμενος
1110 3335 1205 3387 τοῦ
1235 3337 1518 3406 φραγμοῦ,
1555 3338 1625 3388 τὰ
1663 3336 1890 3405 ὄμματά

317 3441 376 3478 τε
402 3426 597 3493 διάρας
626 3428 763 3492 πρὸς
787 3425 1040 3494 οὐρανὸν,
1071 3425 1248 3497 Κύριέ
1283 3442 1386 3494 μου
1426 3425 1604 3495 Ἰησοῦ
1663 3427 1890 3496 Χριστὲ,

319 3518 401 3578 εἰς
419 3517 656 3585 ἐπήκοον
678 3515 774 3568 τοῦ
799 3516 1154 3586 παρεστῶτος
1178 3517 1330 3587 αὐτῷ
1354 3515 1638 3586 ὲξεφώνει,
1661 3519 1687 3569 6
1715 3517 1890 3570 πάντα

319 3611 490 3661 ποιῶν
539 3609 635 3660 καὶ
675 3609 1112 3675 μετασκευάζων
1173 3609 1322 3680 μόνῳ
1373 3610 1451 3679 τῷ
1505 3609 1816 3678 βούλεσθαι,
1865 3612 1891 3662 6

322 3701 417 3752 ἐπὶ
448 3699 733 3761 Μωῦσέως
782 3701 880 3770 τὴν
931 3701 1128 3772 ῥάϐδον
1162 3701 1241 3764 είς
1270 3700 1394 3768 ὅφιν
1435 3703 1521 3753 ἐπ’
1565 3702 1686 3770 ὄψει
1739 3701 1894 3772 βασι-

321 3791 458 3855 λέως
505 3793 788 3858 Αίγύπτου
842 3792 1189 3862 μεταϐαλὼν,
1264 3792 1428 3855 αὐτὸς
1482 3793 1576 3846 καὶ
1624 3795 1780 3846 τουτὶ
1826 3792 1894 3845 τὸ

321 3884 550 3952 χρυσίον
580 3884 771 3951 ὥσπερ
796 3885 862 3936 ἐκ
893 3881 1034 3947 ζὼου
1066 3885 1334 3954 πρότερον
1382 3885 1464 3947 είς
1511 3884 1715 3953 ταύτην
1763 3901 1890 3953 μετ-

323 3971 516 4031 ἔϐαλες
567 3972 666 4039 τὴν
729 3972 965 4040 μορφὴν,
994 3971 1134 4023 οὕτω
1173 3973 1265 4026 καὶ
1313 3972 1410 4026 νῦν
1447 3973 1636 4027 νεῦσον
1665 3977 1744 4038 είς
1775 3976 1802 4028 6
1838 3977 1896 4040 ἐξ

322 4064 496 4133 ἀρχῆς
525 4059 663 4126 εἶδος
698 4063 1055 4132 ἀναδραμεῖν,
1087 4065 1236 4128 ὅπως
1284 4066 1382 4118 καὶ
1422 4060 1577 4129 οὗτος
1619 4069 1718 4140 τὴν
1766 4068 1896 4139 περὶ

321 4156 468 4223 ἡμᾶς
503 4171 600 4206 σου
630 4155 777 4225 μάθῃ
803 4155 1155 4223 κηδεμονίαν,
1205 4158 1299 4209 καὶ
1344 4158 1664 4228 πράγμασιν
1713 4161 1895 4224 αὐτοῖς

320 4247 380 4298 τὸ
407 4248 465 4296 ἐν
491 4248 558 4314 τῇ
589 4245 710 4314 θεία
743 4247 930 4318 Γραφῇ
977 4247 1222 4318 διδαχθῇ,
1261 4250 1344 4302 ὅτι
1405 4252 1590 4304 Πάντα
1633 4253 1731 4304 ὅσα
1774 4254 1896 4323 ὴθὲσ

323 4337 490 4406 λησεν
519 4341 547 4390 6
568 4339 772 4408 Κύριος
794 4340 1068 4409 ἐποίησεν.
1095 4339 1278 4412 Ταῦτα
1304 4342 1623 4412 εὐξαμένου,
1647 4347 1728 4406 τίς
1752 4347 1896 4399 εἴποι

1987 1859 2322 1929 impertitur,
2361 1867 2420 1913 ut
2481 1867 2537 1912 ct
2570 1859 2791 1912 domum
2847 1873 3000 1912 suam
3054 1858 3326 1926 impleret,
3384 1865 3440 1910 et
3487 1856 3554 1909 ad

1985 1953 2288 2025 deiicienda
2328 1953 2535 2007 semina
2584 1953 2636 2006 in
2680 1954 2747 2007 iis
2774 1969 2912 2022 quos
2944 1953 3184 2007 habebat
3228 1952 3395 2022 agris,
3457 1952 3559 2006 da-

1989 2053 2102 2098 tum
2135 2042 2429 2098 sulliceret.
2456 2043 2611 2110 Quod
2647 2055 2830 2098 autem
2879 2043 3151 2111 dejectum
3189 2044 3364 2097 fuerat
3410 2043 3557 2097 fruc-

1992 2144 2105 2188 tum
2145 2133 2408 2203 produxit
2443 2144 2552 2188 tam
2587 2136 2971 2204 multiplicem,
2998 2145 3056 2190 ut
3079 2143 3136 2190 et
3170 2137 3219 2190 ei
3262 2137 3354 2206 qui
3392 2137 3559 2190 dede-

1989 2234 2095 2291 rat,
2121 2225 2368 2280 debitum
2396 2225 2722 2288 reddiderit,
2751 2237 2807 2280 et
2831 2243 3024 2280 aurum
3047 2228 3097 2281 ei
3127 2227 3311 2281 datum
3343 2228 3555 2298 pignori

1990 2317 2310 2388 receperit,
2358 2326 2413 2372 et
2470 2318 2537 2373 ad
2598 2329 2848 2374 sanctum
2902 2334 3096 2374 rursus
3162 2329 3316 2390 grato
3375 2320 3560 2374 animo

1992 2410 2265 2464 retulerit.

2065 2499 2215 2577 γιιιη
2231 2500 2337 2561 Sed
2366 2500 2448 2558 sic
2480 2501 2711 2578 quidem.
2742 2515 2948 2578 pauper
2979 2501 3257 2572 debitum;
3315 2509 3432 2563 vult
3470 2523 3564 2561 au-

1995 2587 2102 2649 tem
2134 2602 2311 2650 oratio
2361 2612 2580 2667 quoque
2631 2598 2684 2651 id
2736 2599 2882 2667 quod
2932 2599 3096 2653 debet
3159 2599 3465 2664 exsolvere,
3509 2608 3564 2652 et

1994 2686 2284 2741 ostendere
2327 2689 2380 2740 id
2447 2688 2592 2757 quod
2643 2698 2762 2743 erat
2819 2690 3086 2758 pollicita,
3132 2689 3393 2758 quidnam
3445 2699 3565 2744 erat

1993 2778 2148 2849 prius
2199 2794 2414 2842 aurum,
2471 2787 2527 2832 et
2579 2780 2852 2833 undenam
2907 2780 3008 2832 fuit
3072 2790 3373 2850 sumptum.
3425 2779 3562 2839 Cum

1998 2871 2146 2924 enim
2184 2871 2484 2940 recepisset
2514 2882 2738 2926 sanctus
2792 2871 2844 2926 id
2896 2871 3042 2941 quod
3094 2872 3280 2926 datum
3344 2873 3561 2929 fuerat:

1996 2963 2296 3024 Adesdum,
2339 2978 2370 3016 ο
2399 2963 2588 3029 frater,
2616 2965 2692 3017 ait
2720 2964 2975 3035 pauperi,
3021 2973 3076 3018 et
3112 2963 3426 3024 reddamus,
3476 2964 3562 3016 in-

1997 3060 2136 3124 quit,
2169 3056 2538 3110 communiter
2568 3056 2641 3118 ci,
2706 3056 2802 3126 qui
2880 3057 3116 3127 benigne
3173 3056 3562 3116 commodavit,

1996 3145 2086 3201 Sic
2119 3146 2316 3215 inquit,
2361 3156 2418 3201 et
2447 3162 2570 3202 cum
2605 3163 2728 3200 cum
2765 3148 3258 3218 accepisset,ducit
3291 3149 3564 3219 adquem-

1997 3237 2120 3292 dam
2152 3239 2393 3304 hortum,
2432 3239 2526 3309 qui
2555 3239 2734 3309 magni
2767 3240 3002 3294 inediam
3030 3239 3359 3310 quibusdam
3385 3242 3566 3310 parv‘s

1996 3333 2284 3388 recreabat
2305 3333 2685 3400 oleribus.Qui
2714 3349 2836 3388 cum
2883 3334 2934 3387 in
2965 3334 3083 3402 ipso
3105 3349 3264 3403 agere
3289 3333 3566 3388 constitis-

1999 3433 2104 3491 set,
2131 3440 2194 3480 ac
2231 3441 2416 3495 sepem
2453 3426 2742 3496 attigisset,
2778 3428 2831 3481 in
2861 3427 3058 3481 ecelum
3090 3425 3321 3481 sublatis
3351 3425 3523 3480 oculis
3551 3443 3564 3482 :

1999 3518 2228 3572 Domine
2259 3519 2331 3571 mi
2365 3519 2492 3573 Jesu
2519 3517 2761 3582 Christe,
2799 3517 2996 3571 eﬂ‘atus
3023 3527 3128 3578 est,
3180 3533 3246 3571 eo
3286 3517 3564 3577 audiente,

1999 3612 2093 3682 qui
2156 3611 2362 3672 aderat,
2434 3610 2527 3680 qui
2573 3609 2685 3664 sola
2736 3610 3016 3664 voluntate
3062 3609 3245 3664 omnia
3307 3624 3463 3664 creas
3514 3621 3570 3665 et

2001 3709 2355 3763 transmutas,
2389 3701 2482 3772 qui
2533 3699 2830 3769 aliquando
2887 3699 3019 3752 Mosi
3068 3699 3296 3769 virgam,
3346 3699 3567 3758 vidente

2001 3809 2127 3862 rege
2158 3792 2396 3863 Aigypti,
2449 3791 2505 3846 in
2541 3801 2849 3860 serpentem
2903 3790 3246 3856 convertisti,
3299 3791 3415 3861 ipse
3465 3789 3568 3851 hoe

2001 3899 2219 3958 quoque
2269 3899 2486 3947 aurum,
2531 3882 2807 3953 quomodo
2870 3897 2936 3936 ex
2989 3883 3264 3936 arimante
3308 3882 3458 3950 prius
3514 3881 3569 3937 in

2004 3975 2144 4027 hanc
2199 3973 2419 4025 mutasti
2472 3974 2726 4034 formatn,
2783 3971 2856 4025 ita
2905 3987 3052 4025 nunc
3096 3987 3316 4042 quoque
3365 3987 3567 4035 annue,

2001 4074 2062 4119 ut
2093 4072 2400 4117 revertatur
2430 4062 2484 4116 in
2515 4077 2636 4115 eam
2658 4062 2910 4128 formam,
2936 4062 2988 4115 in
3017 4077 3120 4131 qua
3153 4065 3362 4116 eratab
3391 4063 3566 4122 initio;

2003 4165 2064 4209 ut
2102 4153 2191 4208 hic
2222 4169 2442 4223 quoque
2474 4153 2608 4206 sciat
2669 4167 2832 4221 quam
2865 4162 2919 4205 tu
2953 4154 3124 4206 nostri
3175 4168 3360 4207 curam
3391 4170 3569 4226 geras,

2003 4258 2058 4301 et
2089 4246 2253 4300 rebus
2281 4246 2413 4316 ipsis
2435 4245 2679 4299 discatid
2697 4244 2842 4315 quod
2865 4254 2946 4300 est
2975 4246 3026 4299 in
3053 4246 3234 4300 divina
3264 4245 3567 4317 Scriptura,

2004 4339 2148 4409 quod
2196 4338 2547 4407 Quaecunque
2577 4338 2686 4390 vult
2733 4339 2876 4393 Deus
2921 4339 3051 4393 fecit
3115 4340 3300 4395 omnia
3347 4342 3390 4392 *.
3433 4338 3569 4396 Cum

324 4429 432 4482 τῶν
453 4429 564 4482 σῶν
593 4429 930 4500 θαυμασίων,
954 4432 1218 4499 Δέσποτα,
1239 4435 1334 4504 τὴν
1372 4436 1713 4507 ὑπερϐολήν;
1741 4439 1888 4506 Ὄφις

2009 4432 2079 4486 ita
2113 4440 2259 4486 esset
2310 4441 2563 4502 precatus
2613 4432 2788 4500 (Quis,
2852 4447 2885 4487 ο
2921 4432 3173 4498 Domine,
3220 4434 3420 4489 dixerit
3458 4451 3574 4489 ma.

321 4521 578 4593 όχρυσδς
625 4517 716 4592 ἦν,
740 4523 918 4576 πνέων
963 4525 1056 4578 καὶ
1095 4526 1300 4594 ἕρπων,
1355 4529 1448 4581 καὶ
1489 4529 1616 4598 περὶ
1646 4532 1706 4580 τὸ
1737 4530 1892 4598 θριγο

322 4613 439 4666 κίον
502 4613 820 4683 κινούμενός
883 4630 944 4668 τε
1000 4617 1098 4668 κα)⁵
1151 4616 1522 4686 ἑλισσόμενος,
1573 4621 1668 4688 ἀφ’
1723 4617 1786 4672 οὗ
1830 4621 1895 4690 δὴ

325 4706 420 4757 καὶ
449 4705 514 4757 τὸ
537 4707 756 4777 πρῶτον
784 4699 946 4776 χεραὶ
995 4706 1090 4760 τοῦ
1131 4709 1290 4774 ἁγίου
1344 4709 1572 4779 ληφθεὶς
1601 4713 1806 4764 ἐκεῖνον
1834 4713 1898 4781 δὴ

325 4798 648 4867 παραδόξως
713 4799 1010 4868 μετήλλαξε
1083 4800 1174 4852 τὸν
1235 4803 1460 4871 χρυσόν.
1519 4803 1689 4856 Τοῦτο
1748 4807 1900 4876 παρὰ

327 4891 511 4942 πᾶσαν
543 4888 753 4944 ἔννοιαν
783 4890 1132 4960 ἀνθρωπίνην
1180 4893 1207 4942 6
1244 4892 1490 4967 γεωργὸς
1538 4896 1897 4965 θεασάμενος,

325 4985 422 5034 καὶ
456 4983 648 5051 τρόμῳ
687 4984 1027 5052 κατάσχετος
1057 4983 1320 5051 γεγονὼς,
1363 4986 1555 5040 πίπτει
1580 5003 1638 5040 τε
1667 4989 1753 5040 ἐπ’
1777 4985 1901 5058 ὄψιν

323 5076 408 5136 εἰς
457 5075 585 5141 γῆν,
646 5076 740 5126 καὶ
775 5075 1120 5129 καταπάττει
1152 5077 1302 5129 κόνιν
1342 5076 1440 5130 ἐπὶ
1481 5079 1583 5147 τῆς
1634 5081 1898 5148 κεφαλῆς.

321 5166 542 5234 δάκρυά
573 5181 631 5218 τε
656 5164 764 5220 τῶν
787 5165 1088 5236 ὀφθαλμῶν
1120 5168 1324 5238 ἀφιεὶς,
1378 5169 1472 5220 καὶ
1517 5169 1740 5236 ἀνάξιον
1776 5173 1902 5222 ea».

321 5262 422 5311 τὶν
442 5253 584 5310 εἶναι
621 5257 794 5324 λέγων
819 5258 882 5310 οὐ
908 5257 1162 5326 τοιαύτης
1217 5259 1378 5327 μόνον
1430 5260 1636 5330 δωρεᾶς
1687 5277 1745 5312 τε
1805 5263 1901 5314 καὶ

323 5347 576 5418 χάριτος,
603 5347 737 5400 ἀλλὰ
764 5349 857 5400 καὶ
887 5345 1014 5410 θέας
1047 5349 1236 5418 μόνης,
1280 5349 1482 5416 μᾶλλον
1515 5349 1573 5406 δὲ
1607 5353 1698 5402 καὶ
1735 5352 1902 5404 ἀκού-

327 5451 560 5505 σματος.
598 5435 744 5504 Πλὴν
781 5437 922 5488 ἀλλά
950 5437 1138 5489 τοῦτον
1168 5436 1269 5507 μὲν
1311 5439 1340 5490 6
1377 5437 1520 5500 ὅσιος
1567 5437 1899 5512 διανίστησι,

325 5527 430 5580 καὶ
457 5525 640 5596 ψυχὴν
665 5527 815 5595 αὐτῷ
844 5527 960 5596 ἅμα
990 5527 1086 5580 καὶ
1114 5527 1277 5596 σῶμα
1311 5527 1573 5597 ρὡνυσιν
1602 5546 1615 5560 ο
1647 5531 1675 5582 6
1699 5531 1820 5598 ὄφις
1849 5533 1904 5584 δὲ

413 5712 432 5741 ⁸
459 5709 600 5766 Psal.
635 5725 849 5775 enim,
871 5713 925 5768 6.

671 5817 937 5872 l’s'rnou.
970 5811 1088 5872 Gn.
1125 5809 1345 5872 CXVI.

2003 4523 2342 4592 gnitudinem
2391 4523 2783 4578 miraculorum
2849 4524 3146 4590 tuorum?)
3200 4539 3392 4578 aurum
3455 4534 3573 4580 erat

2008 4629 2255 4684 serpens,
2303 4615 2519 4684 spirans
2546 4627 2603 4670 et
2631 4631 2848 4686 repens,
2884 4624 2937 4670 et
2982 4615 3126 4670 circa
3159 4630 3342 4687 sepem
3393 4630 3573 4670 move-

2008 4707 2168 4761 batur
2193 4716 2249 4761 et
2278 4707 2599 4763 volvebatur
2622 4724 2635 4760 :
2660 4723 2724 4761 ex
2747 4723 2852 4777 qua
2889 4709 3126 4779 primum
3151 4719 3402 4780 sumptus
3452 4724 3574 4773 san-

2007 4801 2077 4852 cti
2113 4799 2383 4864 manibus,
2439 4800 2834 4854 admirabiliter
2884 4811 3126 4855 mutatus
3179 4800 3282 4856 fuit
3324 4801 3380 4854 in
3437 4801 3570 4856 illud

2002 4905 2218 4943 aurum.
2250 4889 2362 4944 lloc
2395 4905 2519 4944 cum
2564 4900 2760 4961 praeter
2783 4906 3000 4946 omnem
3042 4892 3333 4948 humanam
3372 4892 3568 4952 cogita-

2001 4982 2204 5037 tionem
2264 4983 2563 5053 aspexisset
2618 4984 2895 5054 agricola,
2951 4994 3186 5042 tremore
3263 4993 3570 5052 correptus.

2003 5087 2208 5140 pronus
2232 5074 2376 5129 cadit
2398 5075 2449 5128 in
2485 5074 2704 5136 faciem,
2729 5083 2784 5130 et
2810 5076 2972 5148 capiti
3006 5075 3245 5145 aspergit
3269 5074 3572 5145 pulverem,

2002 5165 2268 5235 laerymas
2325 5166 2582 5220 amittens
2635 5180 2703 5219 ex
2753 5166 2950 5230 oculis,
2998 5175 3054 5218 et
3118 5179 3176 5218 se
3241 5177 3363 5218 esse
3427 5161 3573 5218 indi.

2009 5272 2174 5326 guunt
2207 5273 2313 5312 non
2345 5259 2521 5312 solum
2556 5257 2649 5311 tali
2688 5257 2835 5312 dono
2863 5264 2920 5312 et
2948 5255 3142 5327 gratia,
3184 5255 3279 5310 scd
3328 5252 3413 5311 vel
3456 5254 3578 5309 solo

2010 5352 2347 5420 spectaculo,
2397 5351 2506 5404 imo
2557 5365 2688 5404 vero
2733 5349 3036 5404 auditione.
3087 5346 3579 5403 Verumenimvero

2011 5455 2135 5496 eum
2167 5442 2386 5514 quidem
2416 5451 2637 5496 sanctus
2669 5443 2853 5514 erigit,
2882 5449 2938 5498 et
2969 5442 3019 5498 ei
3054 5441 3300 5497 animum
3330 5438 3494 5494 simul
3523 5447 3580 5494 ct

2013 5547 2212 5601 corpus
2275 5531 2616 5586 corroborat.
2677 5533 2912 5603 Serpens
2955 5541 3134 5586 autem
3202 5529 3421 5586 interim
3485 5542 3582 5599 per

3102 5805 3166 5870 Η
