4102 6376
512 268 614 331 127
1262 268 1295 282 ⁸

1740 258 2027 321 MENSIS
2064 257 2500 321 DECEMBER.

3647 258 3751 321 428

514 394 697 447 sepem
733 376 1023 441 transiens,
1065 374 1238 431 subiit
1292 387 1581 431 cavernam
1627 386 1793 443 quam
1841 370 2075 426 habebat

2182 372 2244 426 ὲν
2277 372 2521 442 τοσούτῳ
2562 370 2657 426 τοῦ
2689 370 2951 444 φραγμοῦ
2995 368 3370 440 διεξελιχθεῖς,
3413 369 3508 424 τὸν
3544 371 3752 441 φωλεὸν

511 469 582 526 ab
610 469 788 523 initio.
811 465 1130 520 Miraculum
1161 464 1391 520 omnino
1418 462 1564 518 nulla
1599 478 1738 532 opus
1767 462 2079 519 habetora-

514 561 663 615 tione
732 558 803 613 ad
863 555 1373 626 ampliﬁcationem;
1430 572 1496 612 ex
1547 556 1666 625 ipso
1729 554 1876 610 enim
1948 556 2080 611 satis

511 649 842 711 ostenditur,
881 648 1044 717 quale
1069 646 1179 713 sit;
1219 658 1276 702 et
1305 654 1423 702 arte
1447 645 1676 700 omnino
1706 659 1815 700 non
1871 644 2080 714 indiget

510 749 725 804 natura,
759 753 878 807 quae
911 737 1189 809 propriam
1219 736 1388 793 habet
1419 733 1925 805 cxsuperationem.
1985 732 2078 788 Di-

510 842 666 889 catur
697 838 880 886 autem
905 830 957 884 id
984 844 1204 899 quoque
1233 827 1381 897 quod
1413 828 1792 896 consequitur,
1817 823 1963 896 quod
1992 833 2081 883 est

508 933 800 992 cognatum
828 920 1125 992 prioribus,
1159 929 1217 974 et
1246 918 1489 989 ejusdem
1522 915 1712 989 gratiae
1729 923 1785 971 et
1800 916 2079 987 potentiae.

582 1014 675 1068 IX.
709 1014 883 1077 Alius,
912 1012 1006 1083 qui
1044 1020 1161 1067 erat
1212 1011 1329 1081 ipse
1362 1024 1584 1080 quoque
1622 1015 1813 1064 sancto
1865 1007 2079 1063 amicus

510 1106 651 1174 (erat
681 1113 864 1159 autem
900 1099 1121 1157 virtu-tis
1159 1099 1462 1164 studiosus,
1521 1107 1577 1153 et
1614 1097 1739 1154 ideo
1795 1095 2079 1167 improbos

507 1195 763 1252 homines
815 1201 1063 1248 moverat
1098 1191 1167 1247 ad
1208 1190 1493 1255 invidiam,
1530 1197 1587 1245 et
1624 1189 1929 1260 aliquorum
1969 1186 2079 1245 eri-

507 1287 720 1341 mitium
744 1282 1107 1340 accusabatur
1133 1297 1234 1349 per
1249 1279 1629 1348 calumniam),
1645 1277 2077 1346 comprehensus

507 1374 799 1446 a-praeside
836 1372 1100 1435 civitatis,
1136 1370 1434 1440 conjicitur
1470 1368 1524 1422 in
1574 1381 1852 1423 carcerem
1881 1382 1896 1423 :
1945 1379 2073 1435 pro-

502 1468 657 1522 tinus
702 1479 834 1521 vero
885 1466 1176 1519 damnatur
1213 1461 1431 1531 capitis.
1473 1457 1608 1516 Cum
1664 1467 1845 1514 autem
1904 1470 2075 1526 prope

506 1566 656 1614 esset
685 1557 805 1612 dies
830 1555 1192 1626 praestitutus,
1223 1550 1492 1622 praevenit
1548 1558 1792 1614 sanctus,
1825 1547 1920 1618 qui
1969 1547 2076 1601 hoc

503 1648 879 1718 prmsciverat,
911 1655 969 1702 et
1005 1645 1228 1701 festinat
1252 1643 1489 1699 liberare
1523 1642 1760 1697 amicum
1786 1656 1817 1696 a
1846 1638 2073 1695 calami-

508 1710 643 1797 iate.
676 1739 812 1794 Erat
844 1752 978 1793 vero
1011 1745 1143 1792 tunc
1168 1735 1348 1791 hiems
1368 1732 1872 1796 vehementissima,
1896 1739 1953 1786 et
1979 1729 2074 1800 qui
2107 1710 2147 1764 Β

506 1830 913 1902 praeterﬂuebat
976 1836 1215 1890 torrens,
1260 1840 1387 1885 eum
1425 1824 1586 1880 valde
1632 1822 1975 1887 inundasset,
2021 1832 2079 1878 et

500 1937 539 1976 ο
563 1922 681 1977 suis
705 1929 857 1977 esset
889 1918 1099 1974 eﬂ‘usus
1123 1915 1412 1980 limitibus,
1443 1916 1493 1971 ei
1553 1914 1714 1970 valde
1761 1913 1969 1969 ﬂuebat
2018 1913 2074 1968 in

506 2012 785 2077 transitu,
871 2022 1055 2079 neque
1145 2013 1364 2079 poterat
1453 2002 1679 2059 omnino
1759 2000 2075 2057 transmitti.

505 2103 602 2159 ille
666 2076 849 2157 autem
920 2076 1107 2155 Jesum
1146 2076 1344 2160 have,
1405 2105 1463 2151 et
1517 2110 1640 2165 qum
1701 2092 1791 2148 ille
1853 2092 2077 2159 fecerat,

504 2202 687 2248 mente
729 2205 975 2255 versans,
1021 2197 1081 2245 et
1122 2202 1266 2242 arcae
1321 2186 1611 2241 transitum
1676 2193 1957 2257 reputans,
2023 2193 2080 2240 et

506 2284 739 2340 credens
784 2280 1040 2336 eumdem
1084 2293 1229 2347 esse,
1265 2277 1406 2333 sicut
1455 2286 1592 2342 erat,
1629 2277 1823 2342 Deum,
1881 2285 1938 2333 et
1978 2292 2075 2347 pe-

504 2367 660 2424 rinde
689 2375 855 2437 atque
872 2381 1031 2421 servo
1060 2375 1220 2420 utens
1244 2371 1488 2419 torrente
1517 2379 1532 2419 :
1559 2363 1673 2426 Sta.
1704 2365 1905 2435 inquit,
1927 2380 2080 2421 com-

504 2460 688 2516 munis
729 2458 835 2514 hoc
883 2457 984 2512 tibi
1044 2457 1277 2527 imperat
1342 2456 1628 2521 Dominus,
1672 2465 1728 2511 et
1782 2471 1880 2527 ego
1933 2467 2080 2511 tran-

504 2551 659 2615 sibo,
690 2550 776 2605 vir
818 2556 1000 2604 autem
1047 2546 1376 2609 servabitur,
1414 2561 1513 2617 pro
1562 2561 1671 2617 quo
1722 2561 2080 2617 properamus

503 2640 786 2697 etmultas
807 2639 920 2695 Deo
950 2652 1143 2708 preces
1168 2636 1429 2693 fudimus.
1463 2636 1556 2693 Sic
1610 2637 1768 2704 dixit,
1825 2644 1883 2692 et
1932 2633 2079 2707 quod

503 2730 712 2786 dictum
749 2731 948 2793 luerat,
977 2727 1230 2803 protinus
1272 2725 1331 2780 fit
1355 2739 1579 2796 compos
1610 2725 1798 2790 ﬂuvio,
1833 2733 1890 2781 et
1933 2725 2080 2780 sistit

504 2821 770 2877 ﬂuentum
798 2836 813 2885 ;
839 2817 985 2874 cedit
1012 2831 1145 2873 vero
1176 2816 1264 2872 via
1292 2831 1402 2871 non
1437 2817 1612 2873 solum
1650 2814 1950 2886 Spiridoni,
1980 2813 2078 2870 sed

507 2912 631 2967 aliis
699 2912 865 2967 etiam
905 2908 1235 2965 viatoribus.
1288 2908 1364 2963 Dc
1429 2917 1625 2963 caetero
1675 2906 1812 2963 nihil
1846 2906 2079 2977 amplius

2183 463 2352 519 ὑπέδυ
2403 463 2495 517 τὸν
2561 464 2620 531 ἐξ
2668 464 2875 534 ἀρχῆς.
2930 464 3158 527 Πάντως
3215 463 3430 526 οὐδενὸς
3477 465 3651 518 δεῖται
3690 465 3755 520 τδ

2182 556 2372 628 θαῦμα
2394 557 2558 625 λόγου
2591 556 2729 626 πρὸς
2755 556 2990 628 αὔξησιν
3022 573 3041 592 ·
3070 557 3349 613 δείκνυται
3379 558 3489 628 γὰρ
3519 559 3754 614 αὐτόθεν

2180 651 2367 705 ὁποῖον
2393 665 2409 681 ⁸
2441 651 2537 705 καὶ
2565 650 2761 721 τέχνης
2791 651 2928 712 ὅλως
2971 653 3004 721 η
3042 649 3208 719 φύσις
3230 650 3509 719 ἀνενδεὴς,
3542 650 3754 706 οἰκείαν

2181 740 2380 814 ἔχουσα
2409 742 2507 813 τὴν
2541 741 2870 814 ὑπερϐολὴν.
2902 742 3162 810 Δεγίσθω
3209 742 3266 796 δὲ
3308 742 3405 795 καὶ
3448 742 3511 795 τδ
3555 743 3756 811 ἑφεξῆς

2184 833 2446 902 συγγενὲς
2475 833 2537 887 δν
2557 835 2673 897 τοῖς
2701 833 3062 905 προλαϐοῦσι,
3084 832 3296 904 καὶτῆς
3324 831 3496 903 αὐτῆς
3524 832 3754 899 ἐκείνοις

2180 926 2404 998 χάριτος
2429 927 2524 979 καὶ
2549 925 2860 995 δυνάμεως.

2252 1015 2330 1073 θ’.
2364 1018 2592 1089 Ἕτερος
2626 1016 2935 1087 προσφιλὴς
2972 1016 3075 1087 μὲν
3114 1017 3210 1071 καὶ
3253 1019 3420 1084 αὐτὸς
3468 1018 3547 1090 τῷ
3593 1019 3749 1091 ὁσίῳ,

2180 1104 2385 1177 ἀρετὴν
2417 1105 2473 1158 δὲ
2502 1105 2727 1176 μετιὼν,
2765 1105 3056 1178 καὶταύτῃ
3105 1108 3381 1179 πονηρούς
3432 1126 3493 1163 τε
3549 1110 3752 1181 ἄνδρας

2178 1199 2236 1262 ἐς
2263 1198 2459 1268 φθόνον
2488 1197 2824 1268 κεκινηκὼς,
2860 1199 2954 1253 καί
2979 1216 3146 1253 τινων
3196 1199 3565 1271 ἐγκλημάτων
3611 1204 3750 1257 ὑπο-

2181 1288 2360 1360 μένων
2391 1289 2784 1357 συκοφαντίαν,
2806 1289 2913 1345 ὑπὸ
2938 1289 3033 1344 τοῦ
3061 1290 3164 1361 τῆς
3188 1292 3463 1362 ἐπαρχίας
3486 1293 3752 1364 ἄρχοντος

2178 1381 2465 1452 συσχεθεὶς
2493 1386 2561 1455 τῇ
2595 1383 2785 1453 είρκτῆ
2819 1383 3198 1454 παραδίδοται,
3220 1386 3345 1440 ὅσον
3375 1385 3434 1439 δὲ
3457 1385 3631 1451 οὔπω,
3656 1387 3751 1440 καὶ

2177 1475 2393 1548 Θανάτῳ
2421 1477 2861 1541 καταδικάζεται.
2880 1474 2971 1539 Ὠς
2987 1475 3083 1530 οὖν
3100 1477 3134 1548 ἡ
3152 1477 3320 1549 κυρία
3334 1479 3499 1547 ἐγγὺς
3514 1474 3605 1548 ἦν,
3618 1479 3752 1547 φθά-

2175 1586 2256 1623 νει
2300 1569 2358 1623 δὲ
2412 1569 2506 1622 καὶ
2558 1569 2723 1624 τοῦτο
2775 1568 3049 1641 προγνοὺς
3104 1571 3135 1622 ό
3189 1572 3368 1637 ἅγιος,
3412 1572 3633 1625 σπεύδει
3662 1571 3754 1625 λῦ-

2177 1675 2268 1712 σαι
2308 1658 2386 1728 τῷ
2416 1658 2554 1729 φίλῳ
2579 1660 2679 1730 τὴν
2706 1660 3023 1730 συμφοράν.
3066 1657 3178 1713 Ἦν
3224 1660 3282 1714 δὲ
3313 1662 3435 1715 τότε
3479 1664 3751 1733 χειμῶνος

2178 1747 2240 1800 τὸ
2267 1747 2663 1818 ἀκμαιότατον,
2696 1751 2791 1804 καὶ
2811 1751 2840 1803 ὁ
2870 1748 3207 1822 παραρρέων
3232 1750 3545 1823 χείμαρρος
3589 1752 3749 1807 ὕδασι

2178 1836 2591 1910 πλημμυρήσας
2633 1838 2777 1909 μάλα
2821 1839 3065 1905 πολλοῖς,
3102 1840 3199 1893 καὶ
3255 1840 3364 1895 τῶν
3417 1842 3564 1895 ἰδίων
3609 1844 3751 1914 δρων

2178 1927 2530 1999 ὑπερχυθεὶς,
2564 1930 2795 2001 σφοδρὸς
2827 1930 2980 2002 αὐτῷ
3015 1933 3161 1987 κατὰ
3187 1934 3289 2003 τὴν
3321 1933 3552 2003 πάροδον
3575 1935 3747 2006 ἔρρει,

2180 2020 2278 2074 καὶ
2307 2021 2522 2093 οὐδαμῆ
2552 2019 2659 2075 οὐδ’
2689 2023 2827 2085 ὅλως
2856 2021 3117 2087 διασατδς
3147 2018 3239 2094 ἦν.
3281 2019 3342 2077 ⁸0
3366 2024 3425 2078 δὲ
3459 2024 3663 2095 Ἰησοῦν
3688 2041 3750 2079 τε

2177 2112 2274 2166 τὸν
2302 2112 2398 2166 τοῦ
2423 2113 2578 2183 Ναυῆ
2619 2113 2717 2167 καὶ
2760 2113 2827 2168 τὰ
2864 2115 3075 2170 ἐκείνου
3102 2117 3160 2169 ὲν
3189 2114 3266 2186 νῷ
3308 2115 3615 2187 τιθέμενος,
3653 2116 3750 2190 τὴν

2177 2202 2432 2258 διάῢασίν
2463 2220 2523 2259 τε
2555 2207 2658 2276 τῆς
2711 2206 2948 2260 κιϐωτοῦ
3003 2207 3377 2279 λογιζόμενος,
3428 2210 3524 2264 τὸν
3562 2210 3748 2277 αὐτὸν,

2177 2290 2371 2361 ὥσπερ
2399 2293 2497 2347 καὶ
2524 2288 2617 2365 ἦν,
2669 2295 3054 2361 πεπιστευκὼς
3089 2294 3228 2352 εἰναι
3262 2298 3398 2353 Θεὸν
3420 2339 3436 2363 ,
3486 2300 3581 2353 καὶ
3626 2301 3751 2370 τρό-

2179 2397 2280 2434 πον
2312 2382 2526 2438 οἰκέτου
2554 2383 2632 2453 τῷ
2676 2387 2966 2458 χειμάρρῳ
3015 2387 3319 2459 χρώμενος,
3375 2391 3560 2461 Στῆθι,
3616 2390 3749 2461 ἔφη,

2177 2471 2411 2535 όκοινός
2460 2489 2545 2527 σοι
2591 2474 2874 2529 ἐπιτάττει
2918 2479 3220 2549 Δεσπότης,
3272 2480 3370 2533 καὶ
3411 2480 3750 2551 διαδήσομαι

2182 2563 2282 2635 μὲν
2313 2562 2449 2631 ἐγὼ,
2482 2562 2789 2636 σωθήσεται
2815 2566 2874 2621 δὲ
2890 2569 2918 2621 ὁ
2934 2568 3095 2640 ἀνὴρ,
3113 2570 3254 2641 ὑπὲρ
3283 2566 3344 2625 οὗ
3368 2570 3671 2640 σπεύδομίν
3688 2584 3751 2626 τε

2178 2654 2274 2710 καὶ
2301 2654 2476 2709 πολλὰ
2504 2654 2599 2709 τοῦ
2626 2656 2762 2710 Θεοῦ
2788 2658 3116 2730 ἐδεήθημεν.
3150 2660 3340 2724 Οὕτως
3370 2660 3498 2730 ἔφη,
3552 2663 3649 2715 καὶ
3685 2662 3751 2714 τὴ

2180 2746 2345 2819 ῥηθὲν
2374 2751 2721 2820 παραχρῆμα
2764 2750 2903 2822 πέδη
2958 2752 3038 2822 σιῷ
3084 2753 3318 2824 ποταμῷ
3363 2753 3595 2821 γίνεται,
3652 2756 3749 2807 καὶ

2178 2837 2272 2891 τοῦ
2306 2838 2586 2909 ῥεύματος
2609 2841 2856 2894 ἔσταται.
2892 2842 3303 2913 Παραχωρεῑδὶ
3339 2844 3407 2897 οὑ
3434 2844 3747 2915 Σπυρίδωνι

2179 2932 2280 2999 τῆς
2312 2929 2435 2984 ὁδοῦ
2467 2931 2652 3001 μόνον,
2674 2932 2816 2986 ἀλλὰ
2846 2934 2941 2986 καὶ
2988 2934 3103 2997 τοῖς
3155 2935 3339 2997 ἄλλοις
3380 2935 3605 3001 ὁδίταις,
3656 2936 3750 2989 οὐ·

508 3003 617 3057 illis
651 3002 855 3055 malum
906 2999 1148 3055 occurrit
1174 3007 1230 3054 et
1256 2995 1683 3063 dubium.Quod
1719 3011 1852 3066 ergo
1897 2994 1966 3050 ab
2010 3010 2075 3050 co

2181 2994 2302 3074 κέτι
2329 3020 2424 3073 τοῦ
2446 2994 2645 3075 λοιποῦ
2671 3023 2912 3093 πονηρόν
2945 3040 3003 3077 τι
3031 2994 3355 3096 συνάντημα
3395 2994 3607 3090 ἐκεῖνος
3650 3028 3749 3080 καὶ

504 3092 712 3148 factum
740 3100 825 3148 est
852 3089 1212 3156 transeundo,
1238 3103 1347 3144 non
1378 3088 1483 3143 fuit
1522 3087 1703 3143 minus
1728 3086 2074 3157 admirabile,

2176 3113 2383 3185 ἄπορον
2409 3112 2507 3170 ὤν.
2540 3114 2614 3169 Τὸ
2650 3114 2751 3185 μὲν
2770 3086 2865 3171 οῦν
2891 3116 3194 3188 πάρεργον,
3226 3086 3383 3171 οῦδὲν
3403 3113 3567 3190 ἧττον
3584 3086 3747 3190 *αὐτῷ

505 3186 668 3256 quam
700 3184 753 3239 id
813 3182 961 3253 quod
1010 3182 1325 3237 instituerat
1353 3179 1576 3236 facere:
1623 3195 1691 3236 ex
1739 3180 1846 3236 hoc
1890 3189 2074 3235 autem

504 3275 638 3331 illud
667 3289 886 3347 quoque
936 3274 1150 3329 facilius
1191 3283 1248 3329 et
1299 3272 1496 3327 melius
1549 3272 1875 3343 perfectum.
1938 3271 2073 3327 Nam

504 3380 632 3424 cum
709 3366 803 3435 qui
880 3381 1005 3420 cum
1073 3379 1138 3418 eo
1184 3362 1557 3429 ambulabant,
1607 3362 1871 3418 vidissent
1929 3363 2073 3432 quod

502 3457 709 3515 factum
759 3456 959 3521 fuerat,
1042 3471 1166 3509 enm
1227 3464 1627 3525 praecurrentes
1683 3462 1739 3509 et
1793 3454 2076 3510 venientes

503 3550 907 3622 quamprimum
929 3548 983 3603 in
1014 3550 1316 3615 civitatem,
1362 3547 1499 3603 fiunt
1528 3547 1772 3620 praeclari
1794 3563 2073 3619 praecones

502 3642 625 3713 ejus
653 3642 800 3711 quod
828 3640 1034 3701 factum
1063 3640 1275 3706 fuerat;
1304 3649 1360 3696 et
1390 3653 1592 3709 praeses
1616 3639 1816 3709 partim
1848 3638 2071 3710 quidem

502 3729 860 3800 stupefactus.
905 3731 1104 3801 partim
1150 3742 1333 3785 autem
1388 3729 1586 3784 timore
1634 3739 1946 3799 correptus,
2000 3743 2072 3785 ne

503 3821 685 3879 virum
731 3822 823 3893 qui
874 3822 999 3877 talia
1049 3831 1231 3893 posset
1278 3831 1599 3878 cerneretur
1643 3818 1944 3887 offendere,
1987 3835 2075 3876 re-

502 3922 667 3990 pente
689 3916 812 3987 ejus
830 3914 1064 3971 amicum
1085 3912 1292 3969 relaxat
1313 3928 1344 3969 e
1365 3911 1623 3974 vinculis.
1650 3920 1706 3966 et
1725 3926 1852 3967 eum
1880 3922 2072 3968 sancto

505 4008 754 4078 largitur.
787 4005 839 4063 Is
874 4013 1063 4062 autem
1093 4020 1161 4060 eo
1186 4013 1416 4075 accepto
1472 4012 1558 4060 est
1618 4018 1897 4069 reversus,
1942 4018 2068 4058 cum

501 4116 569 4156 ex
596 4117 704 4158 una
733 4116 899 4157 causa
922 4100 1032 4156 duo
1058 4100 1335 4157 cﬂ‘ecisset
1362 4117 1375 4154 :
1401 4113 1598 4171 nempe
1626 4098 1819 4156 ﬂuenti
1844 4099 2069 4169 quidem

502 4194 857 4263 repressisset
907 4192 1194 4263 impetum,
1229 4193 1510 4247 hominem
1542 4207 1674 4248 vero
1721 4192 1956 4263 benigne
2004 4192 2071 4247 li-

512 4281 763 4341 berasset
793 4300 823 4338 a
854 4284 1184 4339 calamitate.
1216 4286 1396 4354 Atque
1425 4282 1574 4353 quod
1602 4284 1669 4338 ad
1718 4284 2065 4356 prophetiam

500 4374 727 4446 quidem
762 4377 981 4442 attinet,
1007 4384 1101 4430 aut
1128 4376 1415 4441 miracula,
1445 4384 1541 4430 aut
1564 4375 1620 4430 ln
1640 4375 1901 4432 arumnis
1922 4391 2073 4432 com-

503 4466 938 4532 miserationem,
973 4465 1107 4521 nihil
1141 4465 1379 4521 arbitror
1428 4480 1549 4522 esse
1599 4467 1779 4538 majus
1834 4466 1904 4533 iis
1946 4483 2069 4539 quae

503 4557 648 4614 dicta
689 4564 839 4613 sunt.

2172 3206 2268 3261 τοῦ
2297 3207 2463 3277 ἔργου
2498 3207 2813 3278 θαυμαστὸν
2839 3208 3153 3279 εἴργασται.
3198 3209 3293 3264 Ἐκ
3319 3211 3513 3266 τούτου
3554 3212 3615 3266 δὲ
3645 3215 3750 3267 xi-

2174 3301 2325 3354 κεῖνο
2352 3300 2688 3369 κατώρθωτο
2711 3301 2937 3371 μᾶλλον.
2981 3302 3071 3366 Ὠς
3123 3304 3235 3374 γὰρ
3285 3304 3337 3357 οἰ
3404 3306 3749 3374 συμπορθυόι

2176 3409 2330 3463 μενοι
2360 3392 2422 3447 τὸ
2444 3394 2671 3462 γεγονὸς
2692 3393 3008 3463 ἐθεάσαντο,
3043 3395 3211 3450 αὐτοῦ
3239 3413 3301 3449 τε
3332 3397 3747 3467 προδραμόντες

2173 3485 2269 3539 καὶ⁸
2302 3485 2406 3557 τὴν
2459 3484 2620 3540 πόλιν
2668 3484 2747 3550 ὥς
2783 3487 2948 3557 τάχος
3013 3488 3439 3555 καταλαϐόντες,
3499 3472 3746 3560 λαμπροὶ

2172 3570 2417 3641 κήρυκες
2436 3570 2533 3625 τοῦ
2556 3570 2907 3638 τελεσθέντος
2932 3575 3313 3631 καθίστανται.
3351 3578 3460 3630 Καὶ
3482 3579 3512 3631 ό
3532 3578 3745 3647 ἄρχων,

2171 3657 2333 3711 τοῦτο
2366 3659 2465 3728 μὶν
2500 3659 2823 3729 ἐκπλαγεὶς,
2857 3660 3017 3716 τοῦτο
3047 3662 3104 3716 δὲ
3127 3665 3222 3718 καὶ
3241 3663 3352 3720 δέει
3375 3665 3743 3733 καταῖηφίὶεὶς

2175 3747 2252 3818 μὴ
2304 3748 2533 3802 τοιαῦτα
2595 3750 2881 3822 δυναμένῳ
2929 3753 3087 3825 ἀνδρὶ
3149 3753 3534 3826 προσκρούσας
3579 3754 3740 3825 ὀφθῇ,

2171 3839 2355 3909 ἀνίησί
2385 3856 2445 3892 τε
2473 3830 2821 3914 παραχρῆμα
2868 3844 2961 3898 τὸν
3000 3846 3153 3914 φίλον
3177 3847 3329 3916 αὐτῷ
3367 3846 3478 3901 τῶν
3524 3847 3745 3916 δεσμῶν

2172 3930 2270 3983 καὶ
2298 3929 2375 4001 τῷ
2407 3931 2554 4004 ἁγίῳ
2587 3933 2781 3989 τοῦτον
2813 3936 3124 4006 χαρίζεται.
3186 3937 3246 3991 '0
3269 3937 3328 3993 δδ
3369 3937 3554 3993 λαϐὼν
3601 3940 3742 3995 επα-

2172 4021 2310 4094 νῄει,
2337 4022 2402 4075 ὲκ
2429 4025 2558 4095 μιᾶς
2582 4026 2765 4089 αἰτίας
2809 4028 2907 4082 δύο
2940 4029 3437 4100 κατειργασμένος,
3481 4032 3577 4085 καὶ
3611 4036 3741 4102 στή-

2174 4125 2275 4173 σας
2307 4124 2324 4141 ⁸
2351 4110 2430 4181 τῷ
2480 4112 2771 4185 χειμάρρῳ
2822 4115 2924 4187 μὲν
2966 4116 3068 4186 τὴν
3105 4118 3304 4189 φορὰν,
3339 4118 3420 4188 τῷ
3462 4120 3742 4191 ἀνθρώπῳ

2170 4200 2227 4255 δὲ
2257 4202 2663 4274 φιλανθρώπως
2700 4207 2841 4263 πάνυ
2867 4206 2968 4278 τὴν
3017 4208 3327 4280 συμφοράν.
3371 4212 3739 4283 Προφητείας,

2174 4292 2276 4361 μὲν
2321 4291 2414 4346 οὖν
2465 4294 2499 4365 ἢ
2535 4298 3007 4370 θαυματουργίας,
3034 4300 3068 4370 ἢ
3102 4301 3243 4372 πρὸς
3282 4302 3412 4367 τοὺς
3440 4305 3498 4358 ὲν
3531 4321 3746 4376 συμφο-

2174 4384 2296 4452 ραῖς
2330 4385 2674 4454 συμπαθείας
2722 4389 2877 4444 οὐδὲν
2920 4386 3076 4462 οἶμαι
3125 4393 3237 4448 τῶν
3282 4391 3583 4467 λεχθέντων
3643 4413 3743 4467 ση-

2173 4474 2344 4545 μείων
2381 4476 2568 4545 μεῖζόν
2596 4478 2766 4535 ἐστιν.

570 4650 644 4707 X.
682 4649 866 4706 Oratio
896 4660 1078 4703 autem
1112 4647 1294 4702 adhuc
1343 4647 1581 4718 amplius
1641 4649 1711 4707 iis
1750 4665 1874 4722 quae
1922 4649 2070 4708 dicta

2244 4653 2305 4711 l'.
2352 4654 2412 4709 '0
2441 4655 2497 4710 δὲ
2533 4656 2691 4728 λόγος
2716 4660 2812 4713 καὶ
2856 4660 3020 4716 πλέον
3059 4679 3115 4717 τι
3143 4662 3252 4718 τῶν
3277 4666 3588 4738 εἰρημένων
3623 4668 3741 4724 δεε-

503 4752 634 4803 sunt
682 4750 872 4812 parata
902 4751 987 4796 est
1025 4739 1338 4806 ostendere,
1377 4739 1524 4810 quod
1574 4750 1785 4809 spectat
1823 4742 1894 4797 ad
1939 4759 2068 4813 pro-

502 4835 743 4907 phetiam
805 4832 968 4888 simul
1030 4841 1088 4887 et
1131 4831 1712 4887 commiserationem:
1764 4832 1937 4903 quod,
1984 4834 2071 4889 in-

499 4941 688 4997 quam,
739 4933 962 4996 peccata
1022 4914 1307 4978 hominum
1362 4921 1576 4978 videret
1609 4940 1675 4978 ex
1725 4925 1962 4989 occulto,
2010 4934 2069 4982 et

499 5031 563 5071 ea
591 5016 922 5081 remitteret,
963 5014 1131 5070 animi
1174 5012 1509 5084 benignitate
1561 5023 1618 5069 et
1657 5015 1846 5086 gratiae
1894 5017 2068 5071 abun-

503 5104 715 5162 dantia.
748 5103 962 5176 Ubique
1014 5119 1142 5160 suos
1176 5120 1358 5162 mores
1408 5105 1664 5161 servabat
1705 5121 1935 5178 magnus
1976 5107 2068 5162 ille

506 5199 765 5270 Spiridon
791 5238 806 5264 ,
856 5195 1235 5252 delectabatur
1278 5195 1511 5251 maxime
1558 5196 1824 5251 tenuitate
1861 5207 1917 5252 et
1958 5195 2071 5251 fru-

503 5292 747 5361 galitate,
805 5300 865 5346 ut
923 5290 1016 5361 qui
1075 5289 1239 5345 vellet
1291 5305 1449 5344 suum
1503 5290 1702 5345 imitari
1755 5289 2067 5345 Dominum.

502 5383 689 5454 Neque
721 5382 867 5437 enim
892 5396 1033 5452 equo
1067 5380 1325 5436 utebatur
1348 5382 1450 5436 iter
1480 5380 1861 5451 ingrediendo,
1888 5396 2066 5451 neque

505 5486 564 5527 se
601 5472 919 5528 removebat
950 5471 1017 5527 ab
1050 5473 1294 5527 omnium
1316 5485 1572 5525 sermone
1600 5480 1656 5525 et
1681 5471 2068 5545 congressione

505 5568 763 5630 tanquam
813 5562 906 5631 qui
959 5577 1027 5615 ex
1072 5575 1138 5615 eo
1188 5559 1362 5615 videri
1411 5560 1575 5615 vellet
1613 5562 1832 5628 gravior
1876 5572 1935 5616 et
1982 5577 2066 5617 se-

503 5650 703 5703 verior.
737 5650 873 5706 Cum
900 5665 1032 5722 ergo
1060 5652 1356 5720 aliquando
1389 5651 1745 5706 vehementer
1789 5652 2066 5707 ambulas-

501 5748 611 5808 εει,
642 5750 698 5797 et
730 5742 1012 5815 defatigati
1045 5751 1230 5799 essent
1263 5742 1433 5812 pedes
1462 5744 1676 5802 itineris
1694 5744 2057 5816 longitudine,

2173 4745 2360 4801 κνύειν
2385 4747 2605 4819 ἕτοιμος
2622 4753 2702 4816 εἰς
2724 4754 3067 4825 προφητείαν
3086 4756 3221 4825 ὁμοῦ
3242 4758 3336 4812 καὶ
3357 4762 3704 4830 συμπάθειαν
3717 4777 3735 4794 ⁸

2171 4839 2234 4893 τὸ
2263 4840 2544 4912 ἁμαρτίας
2573 4843 2881 4915 ἀνθρώπων
2911 4849 3057 4918 φημὶ
3084 4850 3148 4904 ἐκ
3194 4850 3289 4905 τοῦ
3323 4852 3565 4921 ἀφανοῦς
3583 4855 3741 4925 όρᾷν,

2172 4931 2269 4986 καί⁵
2296 4931 2502 4998 ταύτας
2545 4934 2812 5005 ἀφιέναι,
2863 4938 3089 5009 γνώμης
3115 4957 3175 4995 τε
3219 4943 3602 5016 φιλανθρωπίᾳ
3644 4947 3743 5001 καὶ

2170 5023 2400 5096 χάριτος
2453 5024 2731 5100 δαψιλείᾳ·
2789 5030 3069 5101 πανταχοῦ
3115 5032 3208 5086 τὸν
3279 5036 3475 5091 εαυτοῦ
3536 5037 3744 5109 τρόπον

2169 5112 2319 5168 ὥσπε
2329 5132 2363 5185 ρ
2390 5116 2649 5187 ἀκίνητόν
2672 5135 2795 5173 τινα
2819 5121 2988 5192 νόμον
3012 5124 3041 5178 ό
3071 5123 3245 5192 μέγας
3278 5127 3570 5195 φυλάττων
3587 5169 3604 5193 ,
3660 5130 3745 5183 λι-

2167 5204 2355 5267 τότητι
2387 5206 2627 5277 μάλιστα
2655 5208 2866 5281 χαίρων
2885 5207 2975 5282 ἦν,
3000 5213 3097 5270 ﬁt:
3144 5215 3210 5286 δὴ
3259 5217 3350 5272 τὸν
3402 5218 3603 5275 ἑαυτοῦ
3641 5222 3742 5275 Δε-

2170 5297 2377 5362 σπότην
2411 5299 2700 5367 μιμεῖσθαι
2732 5300 3085 5375 βουλόμενος.
3119 5305 3260 5361 Οὔτε
3285 5307 3399 5378 γὰρ
3420 5310 3573 5381 ἵππῳ
3597 5312 3740 5381 πρὸς

2166 5388 2264 5452 τὰς
2298 5388 2611 5463 ὁδοιπορίας
2642 5391 2871 5463 εχρῆτο,
2912 5393 3039 5451 οὔτε
3084 5396 3193 5467 μὴν
3228 5399 3290 5453 τὸ
3337 5402 3474 5471 πρὸς
3527 5402 3741 5465 πάντας

2168 5477 2504 5549 ἁνομίλητόν
2534 5498 2593 5534 τε
2618 5483 2713 5536 καὶ
2740 5483 2975 5553 ἄμικτον
3004 5487 3082 5552 ὡς
3113 5487 3177 5558 δή
3213 5505 3267 5543 τι
3317 5493 3517 5561 σεμνὸν
3558 5494 3743 5564 ἑαυτῷ

2171 5573 2566 5641 περιεποιεῖτο.
2610 5572 2767 5629 Ἐπεὶ
2807 5577 2940 5643 γοῦν
2971 5577 3109 5651 ἔφθη
3145 5581 3280 5634 ποτε
3304 5584 3571 5647 συντόνως
3600 5584 3741 5639 tam-

2171 5658 2417 5728 πορήσας
2471 5662 2568 5715 καὶ
2599 5661 2722 5715 ὁδοῦ
2770 5665 2937 5736 μήκει
2983 5670 3112 5735 τοὺς
3150 5671 3329 5736 -πόδας
3384 5674 3742 5743 πεπονηκὼς,

2170 5748 3323 5842 9539315333991ﬂ‘ﬁ7iiﬁ'5i32
3358 5763 3618 5842 ,ποίμνης
3658 5765 3740 5837 τιῖι

2216 5826 2275 5834 ασε-
2288 5827 2619 5836 ..ησύ-...Ἤδ-
