4102 6376
303 360 412 422 429

1545 373 1719 433 \‘lTA
1765 375 1822 433 S.
1867 370 2346 436 SPYRIDONIS.

3459 382 3560 443 Mil

301 471 592 542 θρέμματι
617 467 979 541 ξενιζόμενος,
1003 473 1192 540 αὐτὸς,
1219 471 1309 530 οἶα
1334 477 1426 532 τοῦ
1444 479 1653 548 ἀγαθοῦ
1684 481 1880 552 ποιμέ-

1986 492 2041 537 et
2070 501 2096 537 a
2123 486 2360 557 quodam
2393 502 2620 543 suorum
2647 487 2973 554 amicorum,
3013 497 3066 542 ct
3113 488 3256 544 bona
3307 491 3391 546 sui
3435 509 3558 563 gmw

305 583 397 626 vo;
432 563 637 633 ἀγαθὸν
689 564 986 634 πρόϐατον,
1031 569 1127 622 καὶ
1175 570 1312 640 πρὸς
1354 571 1445 625 τὶν
1499 574 1711 628 ἐκείνου
1774 576 1886 646 βίον

302 655 498 726 ὥσπερ
549 658 631 720 εἰς
678 657 968 713 κάλλιστον
1019 661 1333 732 ἀρχέτυπον
1385 664 1627 734 ἀφορῶν,
1682 669 1742 722 τὸ
1789 669 1886 722 τοῦ

302 747 653 814 διδασκάλου,
697 750 900 815 μᾶλλον
925 751 980 806 δὲ
1012 753 1074 806 τὸ
1099 753 1194 808 τοῦ
1231 756 1504 811 Δεσπότου
1536 761 1632 814 καὶ
1661 759 1884 830 πρώτσυ

299 840 632 896 διδασκάλου
673 845 938 915 Χριστοῦ,
991 846 1204 901 ἐδείκνυ
1254 849 1494 918 μέτριον.
1545 852 1740 906 Λαϐὼν
1777 857 1888 926 γὰρ

301 933 456 1003 ὕδωρ
495 934 591 986 καὶ
630 934 708 1006 τῷ
756 935 982 1007 νιπτῆρι
1029 936 1232 1005 βαλὼν,
1266 938 1488 1010 ἕτοιμος
1517 937 1586 1014 ἦν
1632 943 1710 1012 τῷ
1745 946 1886 1015 ἁγίῳ

300 1027 432 1088 τοὺς
473 1026 638 1088 πόδας
678 1027 1108 1098 ἐκθεραπεῦσαι.
1159 1032 1220 1085 0i
1262 1049 1327 1100 γε
1361 1033 1466 1104 μὴν
1507 1038 1564 1088 ἐν
1603 1039 1884 1105 γειτόνων,

301 1118 428 1170 ἐπεὶ
458 1117 551 1170 τὸν
597 1117 754 1186 ἅγιον
801 1120 1035 1191 ᾔσθοντο
1068 1124 1432 1192 παρελθόντα,
1487 1129 1741 1182 συνέθεον
1792 1134 1888 1186 καὶ

300 1211 482 1276 αὐτοὶ,
501 1209 595 1264 καὶ
632 1212 786 1266 οὐδὲν
826 1209 992 1286 ἦττον
1028 1215 1317 1271 ἐϐούλοντο
1341 1221 1454 1282 τοῖς
1484 1222 1644 1275 ποσὶν
1669 1222 1885 1276 ἐκείνου

297 1305 459 1358 τοῦτο
490 1309 688 1372 ποιεῖν,
715 1309 810 1360 καὶ
847 1309 924 1370 ὡς
954 1311 1334 1383 περιμάχητόν
1367 1330 1419 1366 τι
1451 1313 1584 1384 παρ’
1611 1316 1798 1379 αὐτοῖς
1826 1316 1888 1369 τὸ

300 1397 538 1464 πρᾶγμα
585 1396 821 1457 ἐτίθουν.
856 1399 952 1452 καὶ
982 1400 1082 1470 τῆς
1107 1401 1360 1472 εὐλογίας
1385 1403 1767 1476 ἠμφισϐήτουν
1787 1406 1886 1460 ἀλα

300 1485 510 1555 λήλοις.

371 1667 476 1723 lA'.
532 1671 624 1723 Ἐν
666 1670 853 1733 αὐτοῖς
894 1671 989 1726 οὖν
1033 1674 1129 1730 καὶ
1173 1677 1308 1746 γυνή
1361 1694 1446 1741 τις
1497 1678 1625 1741 τοὺς
1672 1679 1889 1744 πλεους

299 1763 836 1833 παραγκωνιζομένη
893 1765 1062 1836 πολλή
1130 1784 1214 1828 τις
1271 1765 1381 1839 ἦν,
1433 1769 1594 1823 τοῦτο
1653 1769 1886 1840 μάλιστα

295 1854 496 1924 δρᾶσαι
523 1855 848 1927 βιαζομένη·
875 1853 944 1928 ἦν
967 1857 1025 1911 δὲ
1051 1857 1192 1929 αὕτη
1220 1838 1472 1932 σαρκικῷ
1495 1838 1664 1932 ἔρωτι
1682 1863 1888 1920 ἁλοῦσα
1920 1838 1962 1895 Β

298 1948 378 2018 μὴ
435 1948 541 2015 πρὸ
588 1949 808 2012 πολλοῦ,
839 1953 932 2002 καὶ
985 1952 1201 2022 ἥττων,
1237 1954 1423 2025 οἵμοιί
1474 1956 1740 2025 γενομένη
1789 1957 1888 2028 τῆς

295 2040 599 2111 ἁμαρτίαςο
652 2042 817 2105 αὐτὸς
869 2043 927 2096 δὲ
973 2046 1056 2110 είς
1087 2045 1315 2117 καρδίαν
1361 2047 1531 2111 ὅντως
1575 2049 1739 2118 ὁρῶν,
1793 2051 1887 2104 καὶ⁹

293 2129 388 2187 οἷα
419 2137 486 2187 τὰ
517 2133 730 2205 ἐκείνης
761 2131 818 2189 εὖ
853 2136 1234 2207 ἐπιστάμενος,
1271 2139 1453 2210 ἠρέμα
1477 2140 1575 2208 μὲν
1603 2140 1886 2212 τὸῆμερον

296 2230 478 2282 ἐκεῖνο
520 2231 610 2283 καὶ
652 2230 751 2299 ἡδὺ
783 2231 920 2300 αύτῇ
953 2233 1249 2302 πρόσωπον
1292 2235 1651 2305 ἀποστρέφει,
1696 2237 1886 2306 ἡρέμα

292 2321 355 2375 δὲ
380 2322 476 2373 καὶ
511 2323 644 2386 πρὸς
677 2322 868 2392 αὐτὴν,
900 2325 990 2393 Μή
1021 2342 1125 2393 μου
1160 2325 1355 2388 ἅπτου,
1386 2326 1541 2396 φησὶ,
1566 2326 1746 2395 γύναιο
1770 2326 1884 2396 οὐχ’

293 2415 372 2475 ὡς
407 2413 474 2468 ἄν
521 2431 603 2476 τις
644 2415 787 2468 εἴποι
824 2416 1021 2470 ἑαυτὸν
1051 2418 1447 2488 ἀποσεμνύνων
1490 2420 1522 2492 ἢ
1557 2420 1620 2473 τὸ
1660 2419 1884 2485 γύναιον

296 2504 710 2573 μυσαττόμενος
759 2506 904 2576 (πῶς
948 2507 1057 2578 γὰρ
1104 2509 1355 2580 μαθητὴς
1391 2509 1467 2566 ὢν
1509 2511 1742 2576 ἐκείνου,
1786 2511 1881 2564 τοῦ

294 2596 394 2649 καὶ
446 2594 712 2658 τελώναις
753 2596 851 2649 καὶ
899 2596 1149 2667 πόρναις,
1203 2601 1300 2653 καὶ
1349 2601 1704 2671 ἁμαρτωλοῖς
1754 2619 1880 2654 συν-

290 2684 660 2755 εσθίοντος;),
695 2686 810 2740 ἀλλ’
831 2687 1112 2758 ἐντρέπων
1151 2689 1340 2761 αὐτὴν,
1395 2691 1491 2745 καὶ
1539 2695 1617 2754 είς
1674 2692 1882 2745 ἔννοιαν

291 2776 584 2842 ἐμϐάλλων
633 2780 734 2846 τῆς
771 2783 1019 2852 πονηρᾶς
1057 2782 1333 2852 πράξεως,
1382 2784 1478 2836 καὶ
1525 2783 1702 2852 ἠπίως
1737 2783 1880 2836 οὓτω

291 2868 434 2937 πρὸς
470 2871 763 2938 μετάνοιαν
798 2871 1228 2944 ἐκκαλούμενος,
1263 2875 1292 2927 ὃ
1329 2874 1394 2945 δὴ
1427 2875 1523 2928 καὶ
1551 2877 1725 2946 πέρας
1765 2872 1879 2945 εἶχε

292 2960 392 3011 καὶ
441 2960 582 3014 κατά
636 2961 838 3015 σκοπὸν
890 2963 1040 3034 αύτῷ
1079 2965 1348 3035 διηνύετο.
1407 2966 1499 3030 Ὠς
1545 2969 1655 3040 γὰρ
1701 2969 1735 3039 ὴ
1783 2970 1880 3037 μὲν

289 3051 589 3105 διετείνετο
627 3053 720 3107 καὶ
785 3053 866 3108 ἔτι
914 3055 1116 3125 δρᾶσαι
1159 3059 1221 3111 τὸ
1273 3059 1735 3130 σπουδαζόμενον,
1786 3063 1880 3115 καὶ

1987 577 2071 648 gis
2100 578 2308 647 pecude
2344 578 2584 649 hospitio
2614 591 2761 636 esset
2804 587 3090 650 exceptus,
3141 582 3255 652 ipse
3295 592 3557 655 tanquam

1988 669 2108 723 ovis
2147 670 2277 724 boni
2307 671 2571 735 Pastoris,
2605 680 2660 726 et
2690 672 2782 742 qui
2808 676 2876 727 ad
2925 671 3074 728 illius
3101 674 3268 730 vitam
3299 684 3556 746 tanquam

1987 760 2419 830 pulcherrimum
2464 766 2749 832 exemplar
2799 765 3131 825 intueretur.
3187 769 3432 838 magistri
3476 768 3562 823 vel

1988 854 2169 923 potius
2199 855 2411 909 Domini
2459 865 2514 912 et
2556 856 2716 924 primi
2751 857 2996 927 magistri
3042 857 3270 924 Christi,
3317 861 3561 916 ostendit

1987 945 2441 1001 moderationem.
2503 947 2638 1000 Nam
2691 961 2816 1000 cum
2871 947 3178 1018 accepisset
3233 966 3453 1021 aquam,
3507 963 3563 1007 et

1987 1052 2105 1092 eam
2136 1038 2190 1092 in
2245 1039 2520 1094 lavacrum
2559 1038 2898 1102 immisisset,
2949 1051 3174 1108 paratus
3222 1052 3338 1096 erat
3369 1052 3562 1098 sancto

1987 1128 2168 1183 lavare
2201 1129 2390 1198 pedes.
2444 1129 2546 1196 Qui
2606 1136 2790 1182 autem
2844 1138 3001 1184 erant
3049 1131 3104 1185 in
3158 1130 3384 1196 vicinia,
3434 1148 3560 1188 cum

1987 1221 2290 1276 sensissent
2331 1231 2582 1278 sanctum
2620 1222 2936 1285 accessisse,
2969 1223 3070 1292 ipsi
3095 1239 3315 1294 quoque
3336 1240 3567 1280 concur-

1989 1322 2255 1367 reruntet
2289 1312 2545 1367 volebant
2577 1312 2749 1367 nihilo
2800 1313 2985 1368 secius
3021 1314 3126 1368 hoc
3170 1315 3350 1384 ipsum
3385 1315 3568 1370 facere

1989 1403 2136 1458 illius
2167 1404 2434 1472 pedibus:
2466 1420 2698 1475 eamque
2756 1421 2871 1460 rem
2898 1405 3174 1460 ducebant
3224 1407 3564 1478 bnjusmodi,

1990 1502 2048 1547 nt
2081 1492 2148 1546 de
2175 1509 2238 1549 ea
2280 1510 2338 1549 re
2365 1505 2512 1549 esset
2541 1495 2688 1550 inter
2729 1510 2826 1550 eos
2870 1494 3292 1563 decertandum,
3322 1505 3380 1550 et
3422 1496 3570 1552 inter

1992 1600 2050 1641 se
2084 1587 2496 1642 contendebant
2537 1588 2606 1643 dc
2639 1588 3046 1644 benedictione.

2060 1676 2153 1730 XI.
2191 1678 2344 1733 Inter
2374 1693 2469 1756 eos
2498 1690 2681 1733 autem
2707 1687 2825 1732 erat
2853 1681 3018 1733 etiam
3047 1678 3294 1748 quaedam
3339 1679 3566 1742 mulier,

1989 1781 2111 1846 qua;
2136 1769 2446 1839 complures
2476 1769 2530 1824 in
2577 1771 2682 1824 hoc
2731 1771 3032 1824 certamine
3072 1771 3370 1840 superabat
3405 1787 3566 1842 urge.

1992 1861 2214 1932 batque,
2246 1876 2302 1918 et
2346 1863 2451 1918 hoc
2499 1863 2734 1918 maxime
2780 1862 3002 1918 volebat
3050 1863 3250 1918 facere.
3299 1864 3375 1918 Ea
3433 1879 3566 1919 vero

1991 1952 2171 2007 fuerat
2201 1953 2345 2008 haud
2401 1954 2474 2008 ita
2527 1953 2742 2023 pridem
2792 1963 2949 2024 capta
3000 1954 3203 2008 carnali
3249 1969 3460 2016 amore.
3511 1965 3567 2010 et

1988 2047 2157 2112 victa,
2188 2045 2323 2114 proh
2355 2044 2513 2101 dolor
2539 2045 2551 2098 ί
2584 2061 2612 2099 a
2640 2052 2883 2115 peccato.
2915 2043 3035 2115 lpsc
3065 2053 3249 2099 autem
3288 2060 3480 2100 revera
3507 2045 3562 2100 in

1989 2155 2088 2196 cor
2116 2141 2354 2200 intuens.
2399 2148 2456 2194 et
2493 2147 2556 2194 ut
2601 2142 2693 2210 qui
2740 2144 2925 2204 sciret,
2964 2140 3426 2211 quemadmodum
3473 2156 3564 2194 res

1986 2232 2105 2301 ejus
2147 2247 2204 2286 se
2255 2232 2505 2296 haberet,
2537 2233 2740 2288 sensim
2791 2234 3015 2304 quidem
3057 2235 3260 2290 avertit
3308 2250 3566 2289 mansne.

1987 2333 2094 2377 tam
2125 2324 2270 2378 illam
2319 2333 2374 2378 et
2418 2339 2637 2378 suavem
2689 2339 2844 2378 suam
2889 2324 3134 2390 faciem;
3185 2324 3388 2380 sensim
3431 2340 3565 2380 vero

1985 2416 2033 2470 ei
2064 2430 2281 2484 quoque
2312 2414 2488 2470 dicit:
2521 2415 2598 2470 Ne
2648 2430 2735 2469 me
2773 2425 2982 2485 tangas,
3035 2415 3268 2482 mulier;
3313 2431 3448 2480 non,
3503 2424 3566 2470 ut

1985 2507 2186 2562 dixerit
2236 2507 2532 2578 quispiam,
2582 2507 2687 2562 sibi
2753 2507 2975 2576 placens
3029 2516 3088 2561 et
3151 2522 3211 2563 se
3275 2508 3566 2576 magnifice

1986 2600 2490 2670 circumspiciens,
2543 2609 2636 2654 aut
2690 2601 2977 2655 mulierem
3033 2601 3358 2655 abominans
3408 2601 3567 2670 (quo-

1987 2694 2149 2748 modo
2182 2693 2349 2758 enim,
2383 2693 2478 2762 qui
2528 2702 2650 2748 erat
2697 2693 2844 2749 illius
2888 2694 3198 2764 discipulus
3238 2694 3332 2763 qui
3379 2709 3568 2748 vesce-

1984 2785 2146 2839 batur
2179 2801 2303 2839 cum
2366 2784 2700 2854 publicanis,
2768 2785 3154 2839 meretricibus
3209 2793 3265 2838 et
3310 2792 3565 2854 peccato-

1984 2874 2140 2929 ribus
2165 2874 2230 2943 ?),
2263 2874 2358 2929 sed
2384 2889 2502 2929 eam
2561 2873 2771 2944 pudore
2813 2874 3072 2939 alliciens,
3134 2883 3189 2930 et
3233 2884 3448 2945 turpem
3507 2878 3560 2931 ei

1984 2966 2256 3020 actionem
2289 2969 2555 3022 revocans
2586 2966 2638 3020 in
2684 2968 3031 3030 memoriam,
3062 2975 3118 3021 et
3164 2967 3245 3022 sic
3276 2983 3396 3023 eam
3439 2967 3562 3037 pla-

1983 3057 2106 3114 cide
2138 3073 2341 3112 vocans
2371 3057 2438 3113 ad
2475 3057 2853 3128 panitentiam
2889 3074 2902 3111 :
2941 3057 3086 3128 quod
3133 3059 3356 3128 quidem
3381 3068 3464 3114 est
3491 3060 3560 3113 ah

294 3142 505 3211 πολλὴν
537 3143 728 3214 εἰσῆγε
756 3145 855 3215 τὴν
881 3146 1159 3216 ἔνστασιν,
1183 3151 1210 3202 ό
1247 3149 1302 3204 δὲ
1347 3151 1438 3204 καὶ
1473 3152 1676 3221 μᾶλλον
1706 3152 1879 3219 αὐτῆς

1983 3164 2050 3204 eo
2076 3149 2402 3219 perfectum,
2429 3157 2484 3204 et
2511 3164 2736 3219 scopum
2767 3158 2852 3206 est
2899 3161 3199 3205 assecutus.
3263 3150 3382 3217 Quo
3411 3151 3558 3205 enim

290 3235 558 3290 καθίκετο
614 3239 1101 3312 πληκτικώτερον,
1159 3244 1300 3314 ὅπερ
1351 3243 1537 3314 ἐκείνη
1608 3245 1878 3316 πέπραχε,

293 3330 558 3399 φανερῶς
592 3329 827 3396 ἐξειπών
860 3347 877 3366 ·
906 3333 1028 3386 τότε
1073 3334 1140 3404 δὴ
1188 3335 1284 3389 καὶ
1323 3335 1463 3406 αὕτη
1489 3335 1567 3405 τῷ
1601 3337 1700 3406 μὲν
1732 3337 1881 3408 σοφῷ

288 3419 392 3488 τῆς
423 3421 805 3491 ἐπιτιμήσεως
849 3421 952 3492 τὴν
992 3421 1176 3494 ψυχὴν
1204 3424 1499 3494 πληγεῖσα,
1535 3425 1880 3494 ἐκπλαγεῖσα

285 3510 349 3568 δὲ
394 3512 480 3564 ὅτι
537 3501 632 3566 καὶ
691 3511 826 3584 πρὸς
881 3513 1008 3578 τοὺς
1044 3515 1142 3584 τῆς
1175 3513 1357 3586 ψυχῆς
1381 3515 1648 3580 ἀθεάτους
1678 3517 1879 3588 ἔϐλεψε

292 3601 604 3671 μώλωπας,
638 3602 796 3657 ὕδασι
819 3602 921 3674 μὲν
950 3605 1052 3658 ούκ
1080 3604 1183 3671 ἔτι,
1205 3605 1438 3676 δάκρυσι
1469 3606 1527 3659 δὲ
1552 3607 1680 3670 τοὺς
1709 3608 1880 3672 πόδας

293 3692 689 3764 ἀποκαθαίρει,
737 3693 833 3749 καὶ
871 3695 1132 3767 συντριϐῇ
1181 3695 1412 3766 καρδίας
1447 3697 1783 3766 ἀπαγγέλλει
1818 3700 1880 3754 τὸ

290 3786 712 3856 πεπραγμένον.
755 3787 822 3840 Τί
851 3786 991 3852 οὖνς
1053 3790 1087 3860 ἠ
1135 3789 1236 3857 μὲν
1269 3788 1408 3860 πρὸς
1449 3790 1614 3844 αὐτὸν
1657 3794 1729 3845 τὰ
1777 3792 1878 3862 τῆς

292 3879 529 3948 πόρνης,
580 3879 608 3931 ό
638 3879 696 3932 δὲ
721 3879 788 3934 τὰ
817 3878 912 3932 τοῦ
957 3881 1234 3934 Δεσπότου
1278 3884 1878 3954 παρρησιαστικώτατα

294 3971 427 4040 πρὸς
457 3972 655 4042 αὐτὴν,
691 3973 946 4044 «Θάρσει,
978 3973 1240 4045 θύγατερ,
1271 3977 1460 4046 φησὶν,
1481 3977 1760 4047 ἀφέωνταί
1793 3995 1876 4031 σοι

286 4063 346 4116 αἱ
373 4063 646 4136 ἁμαρτίαι
675 4081 789 4118 σου.
828 4085 848 4116 ι
873 4067 982 4119 Kal.
1028 4062 1187 4131 αὖθις
1211 4084 1224 4098 ·
1267 4085 1287 4120 t
1330 4069 1423 4123 Ἰδε
1445 4070 1604 4141 ὑγιὴς
1619 4072 1875 4140 γέγονας,

285 4156 494 4224 μηκέτι
529 4155 838 4225 ἁμάρτανε,
866 4174 887 4208 ι
908 4156 1026 4226 ἅμα
1048 4157 1143 4212 καὶ
1165 4157 1264 4228 τὴν
1281 4159 1434 4214 νόσον
1463 4161 1604 4214 κατὰ
1633 4164 1757 4224 τοὺς
1787 4179 1876 4214 σο-

286 4245 423 4314 φοὺς
447 4246 562 4298 τῶν
606 4245 808 4315 ἰατρῶν
864 4247 1096 4317 ἰώμενος
1149 4251 1247 4304 καὶ
1297 4249 1358 4303 τὸ
1419 4252 1495 4322 μὴ
1546 4255 1658 4316 τοῖς
1688 4254 1874 4310 αὐτοῖς

284 4339 454 4394 πάλιν
501 4341 830 4410 περιπεσεῖν
890 4341 1367 4413 προμηθούμενος.
1419 4341 1578 4398 Οὕτω
1625 4345 1724 4415 μέν
1777 4345 1873 4400 οὖν

283 4429 474 4500 ἐκείνη
501 4429 815 4501 καρποῦται
858 4431 927 4486 τὰ
980 4431 1082 4501 τῆς
1136 4433 1332 4497 ἰάσεως
1383 4432 1651 4489 κάλλιστά
1688 4452 1746 4489 τε
1775 4435 1871 4490 καὶ

1986 3239 2077 3294 illa
2123 3240 2294 3310 magis
2352 3240 2724 3296 contendebat
2806 3239 3011 3300 facere.
3078 3240 3225 3310 quod
3271 3241 3555 3305 studebat.

1985 3331 2269 3402 magisque
2304 3331 2538 3402 urgebat
2574 3339 2630 3386 et
2673 3330 2934 3394 instabat,
2975 3331 3063 3385 illc
3098 3345 3163 3385 eo
3219 3333 3402 3387 acrius
3426 3348 3554 3386 eam

1985 3422 2185 3492 tetigit,
2232 3429 2422 3491 aperte
2452 3421 2643 3475 dicens
2675 3419 2752 3484 id,
2801 3419 2948 3490 quod
2995 3418 3083 3472 illa
3127 3419 3354 3474 fecerat.
3402 3419 3561 3477 Tunc

1983 3513 2098 3584 ipsa
2149 3513 2382 3582 sapienti
2438 3511 2660 3582 quidem
2710 3509 3143 3580 reprehensione
3198 3510 3381 3565 animo
3434 3526 3562 3565 sau-

1981 3607 2142 3669 ciata,
2178 3604 2560 3676 obstupefacta
2599 3615 2807 3666 autem,
2857 3601 3004 3672 quod
3061 3601 3156 3672 qui
3210 3603 3314 3657 sub
3363 3605 3562 3660 oculos

1979 3713 2088 3754 non
2120 3698 2408 3763 cadebant,
2440 3695 2638 3752 animae
2667 3695 2872 3750 livores
2901 3694 3230 3764 aspexisset.
3285 3711 3396 3750 non
3436 3712 3559 3752 am-

1979 3787 2125 3856 plius
2159 3785 2380 3856 quidem
2420 3785 2600 3856 aquis,
2647 3783 2904 3856 lacrymis
2939 3793 3124 3838 autem
3159 3783 3328 3852 pedes
3361 3799 3557 3839 emunv

1978 3879 2092 3944 dat,
2120 3888 2176 3934 et
2209 3879 2449 3935 contrito
2501 3877 2670 3934 corde
2715 3877 2972 3932 enuntiat
3023 3875 3077 3930 id
3149 3876 3296 3946 quod
3347 3875 3554 3934 factum

1979 3969 2181 4026 fuerat.
2214 3969 2355 4036 Quid
2389 3968 2561 4038 ergo?
2591 3967 2684 4022 illa
2731 3966 2954 4036 quidem
2997 3966 3051 4020 ei
3093 3981 3158 4020 ea
3207 3980 3329 4034 quae
3375 3980 3557 4020 mere.

1979 4062 2120 4127 trix;
2149 4061 2264 4132 ipse
2304 4069 2486 4114 autem
2543 4073 2607 4112 ea
2637 4073 2758 4128 quae
2808 4057 3100 4119 Dominus,
3123 4055 3173 4110 ei
3213 4056 3348 4110 dicit
3391 4056 3556 4110 liber-

1977 4153 2114 4206 rime
2143 4169 2157 4206 :
2191 4169 2210 4202 ι
2242 4149 2494 4214 Confide,
2528 4148 2638 4204 mia
2672 4166 2686 4202 :
2731 4148 2961 4202 dimissa
3003 4157 3133 4201 sunt
3165 4147 3262 4201 tibi
3325 4157 3551 4217 peccata

1976 4253 2068 4298 tua
2105 4245 2145 4298 ³.
2179 4261 2198 4294 ι
2237 4243 2302 4299 Ει
2326 4257 2559 4297 rursus:
2598 4259 2618 4292 ι
2650 4239 2789 4296 Ecce
2821 4254 2952 4293 sana
2979 4237 3124 4293 facta
3152 4253 3248 4303 es;
3276 4238 3389 4292 noli
3429 4253 3549 4292 am-

1974 4335 2119 4406 plius
2150 4349 2379 4404 peccare
2401 4333 2423 4364 ⁸
2451 4351 2465 4388 :
2502 4351 2520 4384 ι
2579 4331 2744 4388 simul
2770 4340 2824 4386 et
2855 4329 3110 4385 morbum
3139 4345 3362 4394 curans,
3405 4329 3554 4383 sicut

1975 4426 2253 4496 sapientes
2274 4423 2500 4486 medici,
2532 4432 2588 4477 et
2621 4421 2920 4492 providens
2941 4435 3010 4475 ne
3048 4434 3244 4473 rursus
3271 4419 3327 4472 in
3354 4419 3551 4474 eadem

281 4497 720 4592 ὠφελιμώτατα,
757 4523 834 4585 ὡς
867 4525 942 4595 μὴ
967 4497 1128 4594 μόνον
1147 4525 1284 4598 αὐτῇ
1314 4527 1413 4598 την
1444 4527 1634 4596 ὑγείαν
1665 4529 1871 4598 ἀμετά-

1982 4519 2204 4574 incidat.
2233 4517 2414 4586 Atque
2471 4517 2552 4570 sic
2589 4515 2682 4569 illa
2733 4513 2959 4584 quidem
3007 4512 3351 4566 curationem
3405 4527 3554 4566 asse-

278 4613 488 4684 ὄλητον
523 4618 730 4686 μεῖναι,
781 4617 917 4671 ἀλλὰ
952 4619 1046 4672 καὶ
1085 4620 1199 4682 τοῖς
1246 4619 1428 4681 ἄλλοις
1477 4620 1864 4692 διηγουμένην,

277 4709 549 4780 ἀφορμὴν
579 4709 795 4774 πολλοῖς
825 4710 962 4781 πρὸς
991 4711 1268 4781 σωτηρίαν
1297 4711 1552 4782 ὀφθῆναι.

355 4889 458 4946 lB’.
509 4890 665 4946 Ἐπεὶ
703 4890 760 4943 δέ
784 4890 876 4945 τὸν
918 4893 1016 4962 μὲν
1048 4891 1164 4962 βίον
1191 4893 1355 4947 ίκανὰ
1383 4893 1766 4962 τεκμηριῶσαι
1796 4909 1861 4947 τα

270 4981 566 5050 Θαύματα,
616 4981 698 5034 δεῖ
745 4982 801 5034 δὲ
849 4986 1115 5054 γνωρίσαι
1153 4979 1264 5048 οἷος
1305 4980 1374 5056 ἦν
1414 4985 1564 5055 αύτῷ
1609 4985 1704 5038 καὶ
1741 4987 1866 5056 rapi

269 5073 382 5142 τὴν
406 5074 596 5127 πίστιν
637 5075 666 5128 ό
705 5073 887 5145 ζῆλος,
935 5076 995 5130 τὸ
1040 5077 1404 5148 προκείμενον
1460 5080 1703 5145 γνωριεῖ.
1737 5079 1865 5131 Ὀτε

279 5163 590 5232 Ῥωμαίων
653 5162 792 5236 ἦρχε
849 5167 949 5236 μὲν
995 5169 1408 5232 Κωνσταντῖνος
1463 5169 1492 5222 ό
1546 5169 1719 5240 μέγας
1772 5173 1866 5224 καὶ

268 5255 500 5325 πρῶτος
530 5257 590 5309 ἐν
624 5254 910 5325 βασιλεῦσι
935 5259 1287 5329 Χριστιανὸς,
1330 5258 1571 5314 ὑπάτευε
1613 5260 1672 5313 δὲ
1715 5261 1859 5314 Παυ-

267 5347 428 5412 λῖνος
476 5348 576 5400 καὶ
628 5348 910 5412 Ἰουλιανός
941 5367 955 5381 ο
998 5349 1107 5404 ἀπὸ
1137 5350 1194 5404 δὲ
1231 5353 1330 5420 τῆς
1376 5349 1728 5422 Ἀλεξάνδρου
1765 5350 1866 5406 τοῦ

265 5440 559 5494 Φιλίππου
604 5439 909 5510 βασιλείας,
937 5440 1094 5494 ἕκτον
1124 5444 1216 5494 καὶ
1251 5443 1587 5512 τριακοστὸν
1613 5443 1707 5496 καὶ
1743 5442 1869 5508 ἐξα-

261 5531 571 5584 κοσιοστὸν
617 5531 814 5601 ἠνύετο
857 5532 974 5594 ἔτος
1001 5549 1016 5564 ο
1064 5533 1124 5586 τό
1161 5551 1220 5586 τε
1261 5535 1325 5604 δὴ
1360 5535 1451 5587 καὶ
1485 5535 1516 5603 ἡ
1558 5536 1618 5589 ἐν
1657 5535 1864 5605 Νικχίᾳ

263 5625 637 5695 περιώνυμος
667 5625 776 5679 τῶν
809 5627 984 5694 ἁγίων
1021 5627 1279 5698 Πατέρων
1312 5625 1594 5699 ἠθροίζετο
1627 5626 1863 5694 σύνοδος.

337 5806 363 5838 ³
396 5803 536 5862 Luc.
576 5821 676 5871 vn.
713 5806 802 5862 48.
875 5807 897 5839 δ
925 5805 1082 5862 Joan.
1107 5821 1158 5873 v,
1193 5805 1277 5861 Η.

1975 4609 2167 4680 quitur
2206 4607 2577 4677 pulcherrime
2613 4614 2666 4660 et
2701 4606 3017 4672 utilissime,
3052 4614 3112 4658 ut
3147 4619 3257 4658 non
3288 4603 3468 4659 solum
3497 4603 3551 4658 ci

1974 4709 2124 4755 esset
2159 4701 2369 4755 sanitas
2397 4697 2781 4761 immutabilis,
2818 4697 2913 4752 sed
2947 4696 3112 4751 etiam
3146 4696 3272 4750 aliis
3297 4711 3549 4762 narrans,

1973 4791 2160 4846 multis
2193 4800 2336 4845 esset
2365 4789 2584 4844 occasio
2615 4786 3014 4856 consequendaa
3043 4787 3256 4840 salutis.

2044 4880 2160 4939 ΧΠ.
2193 4881 2466 4948 Quoniam
2510 4890 2695 4936 autem
2742 4895 2809 4933 ex
2856 4877 3140 4933 miraculis
3187 4876 3409 4946 quidem
3460 4890 3552 4930 su—

1974 4974 2145 5027 mitur
2177 4974 2246 5028 de
2278 4974 2387 5026 vita
2437 4973 2774 5042 conjectura,
2807 4978 3028 5042 oportet
3065 4982 3198 5022 vero
3236 4966 3545 5030 declarare,

1972 5065 2160 5134 quang
2174 5073 2322 5120 esset
2349 5063 2400 5119 ei
2430 5063 2582 5119 zelus
2605 5063 2752 5118 circa
2783 5062 2968 5122 fidem.
3011 5060 3117 5117 hoc
3165 5057 3433 5112 indicabit
3492 5058 3548 5114 id

1975 5159 2122 5228 quod
2153 5168 2236 5214 est
2285 5158 2650 5228 prepositum.
2693 5155 2923 5223 Quando
2953 5151 3214 5212 Romanis
3241 5143 3549 5222 imperabat

1975 5272 2204 5327 magnus
2237 5255 2328 5312 ille
2355 5255 2771 5317 Constantinus,
2802 5262 2859 5308 et
2913 5253 3126 5323 primus
3170 5250 3319 5305 inter
3371 5250 3548 5320 impe-

1973 5360 2186 5404 ratores
2217 5347 2589 5413 Christianus,
2646 5346 2839 5401 consul
2879 5357 3061 5398 autem
3109 5351 3230 5398 erat
3283 5343 3548 5397 Paulinus

1969 5452 2025 5496 ct
2053 5442 2340 5496 Julianus:
2371 5455 2400 5493 a
2457 5453 2626 5510 regno
2655 5453 2786 5492 vero
2821 5435 3114 5492 Alexandri
3169 5434 3406 5504 Philippi
3448 5433 3546 5488 lilii

1971 5535 2241 5602 agebatur
2275 5532 2713 5587 scxcentesimus
2774 5529 3087 5584 tricesimus
3128 5540 3184 5584 et
3223 5540 3414 5584 sextus
3451 5543 3549 5582 στιν

1971 5642 2096 5690 nus,
2116 5635 2244 5680 tunc
2265 5623 2457 5680 Nicaeae
2476 5630 2803 5693 congregata
2832 5621 2936 5675 fuit
2954 5621 3180 5693 insignis
3204 5623 3297 5680 illa
3321 5621 3543 5683 Patrum
