4102 6376
523 313 623 377 ιιι
1769 312 2058 372 MENSIS
2100 311 2539 374 DECEMBEH.
3676 316 3792 382 432

520 427 798 501 synodus,
837 434 891 479 ut
918 425 1112 480 Arium
1180 425 1407 496 quidem
1438 423 1806 496 deponerent,
1853 423 1948 493 qui
1988 438 2099 478 rem

2209 425 2291 495 ἐφ’
2325 418 2369 494 ᾧ
2402 427 2653 482 καθελεῖν
2696 427 2794 497 μὲν
2844 427 2936 481 τὸν
2986 428 3225 498 Ἀρειον,
3271 427 3478 499 κτίσμα
3520 429 3610 482 τὸν
3666 431 3794 484 Υἱῑιν

519 529 762 575 creatam
786 519 952 590 impie
977 518 1295 573 nominabat
1319 517 1515 573 Filium
1539 533 1555 573 :
1585 516 1950 572 decernerent
1971 530 2099 569 vero

2203 519 2482 583 δυσσεϐῶς
2512 519 2869 590 ὀνομάζοντα,
2901 520 3233 591 δογματίσαι
3263 518 3319 572 δὲ
3360 518 3438 592 τῷ
3480 522 3658 593 Πατρὶ
3701 524 3795 576 τὴν

522 610 721 665 Filium
744 624 866 666 esse
919 610 1168 682 ejusdem
1210 610 1467 666 essentia:
1517 624 1643 665 eum
1694 607 1878 663 Patre.
1933 605 2099 662 Erant

2206 611 2335 665 Υἰὺν
2377 611 2706 683 όμοούσιον·
2747 608 2891 685 ἦσαν
2913 612 2970 667 δὲ
3012 611 3121 667 τῶν
3168 613 3266 684 μὲν
3300 612 3399 684 τῆς
3441 613 3794 683 βλασφημίας

518 714 703 758 autem
733 719 799 758 ex
827 703 896 757 iis
927 703 1172 772 quidem,
1206 704 1298 774 qui
1327 704 1447 775 ejus
1473 701 1920 775 suilragabantur
1960 700 2104 755 blas-

517 796 774 866 phemiae,
807 797 969 865 primi
1004 805 1059 851 et
1101 797 1338 852 maxime
1383 796 1627 865 insignes
1684 794 1958 850 Eusebius
2009 792 2104 847 {Vi-

508 885 801 951 comedize,
836 898 893 943 et
923 903 1047 942 cum
1084 888 1178 942 illo
1209 886 1374 942 Maris
1412 897 1467 941 et
1499 887 1777 958 Theognis
1807 927 1822 951 ,
1865 900 2100 956 quorum

514 978 612 1036 hic
671 979 893 1050 quidem
920 979 1136 1043 Nicaea,
1165 978 1326 1033 Maris
1385 992 1568 1033 autem
1640 987 1759 1033 erat
1809 978 2104 1047 episcopus

512 1072 1008 1130 Chalcedonensis.
1074 1073 1190 1141 Isti,
1251 1073 1385 1128 Ario
1434 1074 1575 1127 duce
1634 1072 1784 1127 illius
1848 1071 2102 1133 insaniae,

520 1166 617 1224 Dei
652 1166 853 1224 Filium
897 1176 953 1224 et
1002 1167 1173 1222 Deum
1229 1177 1476 1223 creatum
1524 1180 1645 1223 esse
1690 1164 1744 1235 (ο
1786 1164 2100 1231 insaniam!)

518 1264 755 1334 improbi
885 1262 1140 1320 scelerati
1174 1260 1429 1318 homines
1458 1260 1855 1317 decernebant.
1886 1259 2097 1315 Eorum

517 1368 725 1422 autem,
782 1356 878 1427 qui
934 1371 1035 1426 pro
1081 1357 1287 1425 pietate
1365 1353 1722 1409 decertabant
1795 1350 2100 1422 principes,

516 1464 754 1518 quorum
785 1455 841 1502 et
871 1445 1124 1503 doctrina
1148 1445 1310 1501 simul
1338 1454 1394 1501 et
1446 1444 1558 1499 vita
1586 1453 1706 1500 erat
1759 1441 2104 1514 praestantis-

518 1537 678 1597 sima,
721 1543 879 1589 erant
905 1534 961 1589 bi
991 1552 1005 1587 :
1044 1549 1273 1605 magnus
1308 1534 1456 1589 inter
1492 1544 1718 1589 sanctos
1762 1531 2100 1594 Alexander,

516 1626 611 1696 qui
645 1634 765 1680 erat
792 1625 1097 1696 presbyter,
1129 1634 1262 1679 tunc
1300 1639 1432 1680 vero
1463 1623 1639 1679 vicem
1678 1623 1904 1694 gerebat
1952 1623 2098 1680 beati

2203 704 2355 775 αύτῷ
2398 707 2812 774 συναιρομένων
2857 707 2907 761 οἱ
2937 706 3147 778 πρῶτοι
3175 707 3415 778 μάλιστα
3459 708 3555 762 καὶ
3594 710 3795 777 ἐπιση-

2207 797 2431 866 μότατοι
2480 797 2743 862 Εὐσέϐιος
2792 800 2820 852 ὁ
2881 798 3277 870 Νικομηδείας,
3339 798 3522 870 Μάρις
3582 815 3639 852 τε
3694 798 3793 853 συν

2206 890 2402 960 ἐκείνῳ
2427 889 2522 944 καὶ
2562 891 2811 961 Θέογνις,
2851 886 2926 947 ὧν
2969 893 2997 944 ὁ
3044 892 3145 963 μὲν
3189 892 3450 958 Νικαίας,
3503 893 3685 962 Μάρις
3713 892 3791 958 δὲ,

2203 982 2248 1034 Χ
2273 982 2553 1052 κλκηδόνος
2600 983 2902 1048 ἐπίσκοπος
2949 981 3040 1056 ἢν.
3078 975 3244 1039 Οὗτοι
3291 984 3505 1054 Ἀρείου
3529 984 3626 1055 τῆς
3664 984 3799 1039 λύσ⁹

2204 1090 2307 1142 σης
2354 1075 2770 1146 ἀφηγουμένου,
2810 1075 2901 1129 τὸν
2954 1075 3050 1130 τοῦ
3105 1075 3240 1131 Θεοῦ
3302 1077 3432 1130 Υίὺν
3489 1077 3584 1131 καὶ
3637 1076 3794 1145 Θεὸν,

2203 1163 2441 1226 κτιστθιν,
2487 1162 2533 1217 ὣ
2582 1163 2779 1234 μανίας
2807 1166 2821 1219 l
2845 1164 2914 1220 τὰ
2945 1168 3158 1239 πονηρὰ
3184 1166 3464 1238 κτίσματα
3504 1166 3798 1235 tangatu-

2202 1254 2316 1320 ζον.
2362 1255 2484 1311 Τῶν
2510 1275 2574 1326 γε
2616 1258 2725 1330 μὴν
2758 1259 2902 1331 ὑπὲρ
2927 1260 3029 1331 τῆς
3069 1260 3354 1326 εὐσεϐείας
3398 1260 3797 1331 διαγωνιζομέ-

2202 1365 2308 1401 νων
2336 1350 2388 1401 οί
2424 1351 2725 1422 πρόμαχοι,
2777 1345 2852 1406 ὧν
2888 1353 2982 1407 καὶ
3023 1352 3182 1421 λόγος
3219 1354 3337 1424 ἅμα
3379 1355 3475 1407 καὶ
3521 1352 3659 1423 βίος,
3685 1352 3795 1406 τῶν

2202 1440 2380 1495 ἄλλων
2423 1442 2832 1513 διαφορώτατος
2876 1443 2968 1519 ἦν,
3013 1442 3155 1519 ἦσαν
3199 1442 3369 1503 οὗτοι.
3406 1446 3475 1499 '0
3517 1463 3575 1500 τε
3622 1449 3794 1517 μέγας

2200 1533 2258 1587 ὲν
2293 1536 2470 1606 ἁγίοις
2536 1536 2910 1612 Ἀλέξανδρος,
2962 1539 3343 1612 πρεσϐύτερος
3400 1542 3501 1610 μὲν
3538 1539 3638 1606 ὢν,
3668 1542 3796 1612 ἄρτι

2200 1626 2256 1681 δὲ
2288 1628 2380 1683 τὸν
2408 1629 2503 1683 τοῦ
2528 1632 2810 1703 μακαρίου
2830 1635 3233 1706 Μητροφάνους
3268 1635 3433 1689 τόπον
3458 1635 3691 1704 ἐπέχων,
3719 1633 3795 1695 ὡς

428 1719 436 1727 “
519 1718 669 1774 illius
699 1715 1097 1786 Metrophanis,
1132 1725 1192 1770 ut
1222 1715 1316 1786 qui
1355 1715 1472 1786 ipse
1515 1731 1628 1771 non
1658 1715 1914 1783 adesset;
1951 1715 2098 1785 quod

2205 1720 2272 1776 ἂν
2317 1712 2486 1777 αὐτοῦ
2525 1724 2603 1796 μὴ
2637 1726 2928 1799 παρόντος,
2950 1727 3067 1781 ἀλλ’
3100 1726 3284 1783 αἰτίαν
3311 1728 3405 1796 τῆς
3452 1725 3795 1794 ἀπολείψεις

525 1812 574 1867 al
596 1817 741 1866 esset
801 1818 1012 1876 autem,
1042 1824 1209 1864 causa
1240 1818 1358 1865 erat
1383 1809 1645 1865 morbus:
1676 1816 1733 1865 et
1758 1808 2099 1865 clarissimus

2206 1813 2364 1867 νόσον
2407 1814 2646 1884 ἔχοντος,
2686 1817 2783 1872 καὶ
2834 1817 3155 1881 Ἀθανάσιος
3191 1820 3221 1871 ὁ
3252 1817 3444 1882 πολὺς,
3484 1816 3641 1872 ούπω
3668 1815 3795 1869 τότε

518 1903 612 1958 ille
655 1900 1034 1966 Athanasius,
1106 1901 1200 1971 qui
1272 1902 1519 1957 nondum
1582 1902 1910 1958 sacerdotali
1969 1901 2101 1958 sede

516 2003 637 2049 erat
661 1993 979 2057 decoratus,
1011 1992 1109 2047 sed
1137 1993 1192 2046 in
1218 1992 1469 2049 Ecclesia
1499 1992 1874 2048 Alexandrina
1902 2009 2104 2049 munus

518 2087 709 2143 obibat
730 2086 971 2140 diaconi.
1000 2084 1269 2151 Quocirca
1298 2100 1408 2141 non
1437 2100 1605 2156 parva
1642 2086 1697 2141 in
1727 2100 1823 2142 eos
1879 2085 2104 2155 irrepsit

519 2179 749 2244 invidia,
795 2180 942 2250 quod
973 2194 1098 2235 cum
1148 2181 1394 2236 nondum
1433 2179 1702 2253 dignitate
1744 2191 2099 2252 praestarent,

518 2269 575 2324 in
609 2270 824 2324 ratione
853 2269 979 2324 fidei
1005 2269 1146 2324 alios
1181 2279 1532 2340 superarent.
1561 2270 1693 2324 Erat
1741 2280 1925 2324 autem
1975 2285 2100 2324 eum

515 2364 598 2417 eis
624 2377 848 2433 quoque
904 2376 1138 2431 magnus
1201 2361 1293 2416 ille
1335 2360 1620 2432 Spiridon,
1674 2362 1836 2433 cujus
1887 2364 1997 2417 vita
2047 2372 2104 2418 et

515 2471 641 2525 qua:
680 2470 807 2509 cum
851 2468 918 2509 eo
958 2454 1244 2510 habitabat
1271 2454 1469 2525 gratia,
1513 2466 1636 2511 erat
1667 2456 1856 2511 utilior
1878 2455 1945 2510 ad
1977 2472 2103 2526 per-

518 2545 885 2608 suadendum,
950 2561 1115 2616 quam
1171 2546 1371 2617 lingua:
1439 2548 1700 2614 aliorum,
1746 2558 1803 2605 et
1867 2548 2103 2605 inevita-

514 2637 656 2692 biles
686 2652 834 2692 ansa:
863 2638 1328 2709 syllogismorum,
1347 2638 1768 2713 splendidaque
1789 2654 1846 2698 et
1871 2642 2098 2711 elegan-

518 2741 600 2786 tes
625 2729 836 2796 periodi
861 2730 1211 2789 orationum.

560 2820 731 2879 σιω.
757 2820 893 2878 Cum
925 2830 1111 2878 autem
1144 2822 1231 2879 hic
1271 2823 1492 2879 adesset
1523 2825 1639 2894 (hic
1685 2827 1833 2880 enim
1875 2826 1986 2896 jam
2015 2843 2104 2883 res

511 2913 1060 2986 estjucnndissima),
1100 2912 1409 2971 intererant
1458 2926 1642 2971 autem
1693 2917 1905 2988 synodo
1935 2919 2102 2974 etiam

513 3006 1005 3077 pbilosophi,cum
1042 3007 1116 3061 ita
1146 3007 1429 3063 videretur
1471 3010 1814 3078 imperatori,
1883 3011 1978 3080 qui
2031 3013 2101 3067 ab

2210 1904 2302 1960 τὸν
2349 1907 2624 1977 ἱερατικὸν
2661 1908 2851 1980 θρόνον
2891 1910 3306 1980 ἀποσεμνύνων,
3347 1910 3485 1964 ἀλλὰ
3520 1912 3586 1980 τῇ
3640 1906 3793 1961 Ἀλεσ

2209 1997 2483 2072 ξανδρέων
2534 2001 2856 2073 Ἐκκλησίᾳς
2897 2004 3015 2073 τῆν’
3039 2001 3134 2057 τοῦ
3187 2003 3440 2059 διακόνου
3477 2002 3631 2067 τάξιν
3662 2001 3796 2054 ἁπο-

2208 2091 2477 2164 πληρῶν·
2536 2094 2615 2147 διὸ
2657 2095 2756 2148 καὶ
2821 2096 3017 2164 φθόνος
3079 2096 3202 2151 κατ’
3255 2096 3436 2150 αὐτῶν
3484 2095 3547 2149 οὐ
3597 2093 3796 2165 μικρὶς

2208 2186 2498 2258 ὑφείρπεν,
2560 2189 2642 2243 ὅτι
2694 2190 2864 2261 μήπω
2914 2190 3268 2263 διαφέροντες
3307 2191 3607 2261 ἀξιώμασι,
3657 2188 3794 2242 πολὺ

2208 2278 2339 2347 περὶ
2385 2278 2477 2333 τὸν
2531 2280 2691 2349 λόγον
2721 2282 2820 2347 τῆς
2855 2284 3093 2348 πίστεως
3134 2284 3244 2338 τῶν
3283 2284 3462 2339 ἄλλων
3506 2283 3792 2355 ἐκράτουν.

2204 2363 2314 2422 Ἦν
2334 2370 2391 2424 δέ
2418 2370 2527 2442 ἄρα
2551 2374 2648 2427 σὺν
2670 2373 2883 2438 τούτοις
2915 2377 3010 2430 καὶ
3036 2377 3320 2447 Σπυρίδων
3348 2377 3379 2428 ὁ
3406 2375 3602 2446 μέγας.
3624 2369 3798 2442 οὗπερ

2203 2464 2232 2518 ὁ
2269 2463 2383 2536 βίος
2431 2464 2658 2533 μᾶλλον,
2713 2470 2808 2522 καὶ
2856 2471 2890 2539 ή
2937 2468 3269 2524 συνοικοῦσα
3316 2470 3479 2539 χάρις
3529 2457 3797 2535 ἀνύσίμος

2203 2559 2285 2622 είς
2311 2559 2488 2613 πειθὼ
2515 2560 2548 2631 ἢ
2575 2560 2683 2615 τῶν
2718 2562 2898 2617 ἄλλων
2944 2565 2998 2618 eti
3034 2561 3303 2631 γλῶσσαι,
3337 2563 3434 2617 καὶ
3464 2563 3573 2616 τῶν
3607 2560 3799 2615 συλλο-

2204 2652 2424 2721 γισμῶν
2457 2654 2514 2706 al.
2548 2651 2782 2723 ἄφυκτοι
2805 2654 2992 2720 λαεαὶ,
3025 2657 3118 2709 καὶ
3141 2658 3197 2710 αί
3229 2656 3340 2709 τῶν
3374 2656 3552 2725 λόγων
3583 2654 3801 2726 κομψαὶ

2206 2744 2473 2815 περίοδοι.

2283 2837 2378 2893 ΙΓ¹.
2416 2839 2506 2904 Ὠς
2530 2841 2586 2894 δέ
2613 2842 2707 2894 καὶ
2736 2842 2882 2896 οὕτω
2917 2843 3100 2912 παρῆν
3134 2845 3152 2913 (
3174 2842 3411 2898 ἐνταῦθα
3439 2842 3548 2913 γὰρ
3572 2844 3674 2915 ἢδη
3698 2844 3794 2898 καὶ

2204 2930 2267 2986 τὸ
2296 2931 2390 2985 τοῦ
2423 2934 2757 3003 πράγματος
2792 2936 3058 3007 ἥδιστον),
3106 2937 3368 3007 παρῆσαν
3399 2937 3456 2991 δὲ
3503 2938 3600 2992 καὶ
3642 2938 3800 3007 φιλία

2208 3038 2368 3091 σοςοι
2408 3026 2476 3094 τῇ
2517 3025 2748 3093 συνόδῳ,
2767 3026 2844 3096 τῷ
2889 3027 3101 3096 βασιλεί
3130 3028 3293 3082 τοῦτο
3327 3029 3541 3091 δοκοῦν.
3579 3031 3797 3099 κόμπον

512 3098 850 3154 ambulando
905 3114 965 3154 se
1034 3098 1341 3170 jactabant,
1394 3108 1452 3154 et
1515 3101 1733 3157 animos
1799 3102 2099 3159 seducente

2208 3117 2648 3186 περιπατητικὸν
2677 3117 2993 3187 αὐχοῦντες,
3023 3120 3119 3174 καὶ
3172 3128 3499 3193 σοφιστικὴν
3530 3124 3797 3195 ψυχαγω-

513 3191 815 3265 sophistica
869 3202 989 3246 arte
1065 3203 1222 3246 erant
1303 3206 1516 3248 summe
1598 3194 1824 3249 eruditi.
1869 3195 2103 3263 Quidam

512 3298 645 3338 vero
674 3299 816 3338 unus
839 3286 983 3339 inter
1009 3299 1106 3339 eos
1129 3283 1336 3354 primas
1357 3293 1541 3354 partes
1563 3285 1781 3342 tenebat
1803 3286 1856 3342 in
1871 3289 2102 3360 agendo,

513 3374 606 3446 qui
639 3375 881 3430 habebat
928 3376 1300 3446 persuadendi
1344 3378 1452 3432 vim
1509 3378 2014 3451 inexpugnabilem,
2046 3392 2102 3438 et

514 3466 674 3537 cujus
711 3466 1032 3536 eloquentia
1082 3467 1284 3539 linguis
1316 3469 1703 3527 celebrabatur
1727 3474 1996 3528 omnium.
2051 3475 2101 3531 ls

512 3574 840 3629 congressus
898 3574 1023 3615 eum
1088 3562 1406 3633 episcopis,
1487 3563 1704 3620 fortiter
1770 3566 2105 3624 defendebat

512 3651 729 3716 Arium,
762 3661 818 3706 et
852 3653 1009 3708 valde
1042 3653 1354 3720 resistebat,
1377 3657 1687 3727 suscipiens
1710 3657 1832 3728 ejus
1859 3662 2103 3730 patroci-

511 3746 690 3807 nium,
724 3744 864 3799 adeo
895 3754 956 3799 ut
988 3761 1239 3816 magnam
1290 3757 1501 3818 partem
1545 3750 1735 3820 populi
1791 3753 2102 3809 attraherct

511 3835 579 3890 ad
606 3835 968 3898 audiendum.
996 3845 1249 3893 aventem
1279 3838 1444 3903 seire,
1474 3843 1582 3897 utri
1629 3856 1696 3897 ex
1717 3844 2105 3899 contradicen-

513 3926 665 3984 tibus
710 3928 881 3984 futuri
942 3940 1129 3985 essent
1179 3931 1515 4001 superiores.
1568 3933 1713 3989 Nihil
1763 3934 1934 4005 igitur
1981 3946 2101 3992 erat

511 4022 651 4077 adeo
676 4022 864 4077 soluta
886 4019 1127 4087 dimeile,
1163 4023 1313 4094 quod
1350 4040 1461 4079 non
1487 4026 1579 4082 ille
1639 4027 1899 4083 redderet
1936 4028 2099 4086 facile

510 4112 747 4168 solubile
781 4128 882 4168 sua
905 4113 1125 4169 dicendi
1158 4115 1319 4184 copia
1353 4124 1408 4170 et
1435 4115 1721 4177 facultate.
1744 4118 1882 4175 Cum
1913 4129 2097 4177 autem

508 4221 653 4275 saepe
682 4206 737 4262 in
800 4217 1017 4264 arctum
1076 4218 1368 4279 cogeretur
1420 4212 1726 4282 responsio,
1793 4214 1969 4269 instar
2003 4230 2101 4269 an-

508 4295 690 4365 guilla:
716 4294 1061 4365 elabebatur,
1092 4298 1258 4355 furtis
1291 4302 1670 4368 persuasionis
1713 4315 1769 4358 et
1828 4309 1971 4360 escis
2007 4320 2099 4361 so-

509 4386 783 4457 phisticis.
847 4389 979 4444 Erat
1013 4404 1147 4461 ergo
1203 4392 1455 4448 veritatis
1498 4404 1555 4449 et
1588 4397 1723 4452 artis
1768 4398 2090 4466 contentio;

2207 3205 2335 3275 γίαν
2385 3207 2573 3279 ἄκρως
2615 3211 3072 3281 πεπαιδευμένοι.
3119 3208 3215 3279 Εἷς
3261 3214 3319 3267 δέ
3359 3232 3443 3278 τις
3478 3216 3550 3268 ,ἐν
3604 3216 3793 3280 αὐτοῖς

2206 3297 2396 3368 ἡγεῖτο
2427 3297 2521 3351 τοῦ
2565 3298 2752 3368 λόγου,
2787 3299 3005 3373 ἄμαχον
3045 3304 3129 3366 εἰς
3163 3303 3340 3358 πειθὼ
3368 3304 3603 3375 δύναμιν
3628 3307 3792 3377 ἔχων,

2205 3391 2301 3487 καὶ
2332 3389 2422 3444 διὰ
2457 3390 2641 3461 πάσης
2684 3390 2936 3464 γλώττης
2977 3393 3083 3466 τὴν
3129 3395 3466 3465 εύγλωττίαν
3506 3398 3795 3487 ’ᾀδόμενοθ

2209 3473 2384 3546 Οὗτος
2416 3486 2531 3547 τοῖς
2576 3485 2903 3550 ἐπισκόποις
2943 3486 3244 3556 συμμίξας,
3303 3473 3543 3561 ἰσχυρῶς
3597 3492 3798 3562 Ἀρείῳ

2206 3574 2461 3644 συνέστη,
2505 3576 2601 3629 καὶ
2653 3575 2775 3631 λίαν
2818 3578 3035 3649 ἀντεῖχε
3082 3582 3401 3654 συνηγορῶν
3426 3624 3442 3649 ,
3482 3581 3560 3646 ὡς
3599 3585 3696 3637 καὶ
3730 3584 3798 3636 τὸ

2203 3665 2341 3720 πολὺ
2368 3665 2463 3720 τοῦ
2506 3667 2746 3738 πλήθους
2779 3669 2864 3731 είς
2902 3671 3170 3742 ἀκρόασιν
3205 3675 3640 3740 ἐπισπάσασθαι,
3674 3675 3797 3744 γλι-

2205 3756 2471 3828 χομένους
2501 3759 2723 3829 μαθεῖν,
2760 3761 2989 3834 πότεροι
3023 3761 3135 3816 τῶν
3160 3763 3556 3832 ἀντιλεγόντων
3591 3766 3795 3820 νικῶν-

2201 3867 2295 3915 τες
2332 3850 2572 3910 ισονται.
2612 3854 2751 3908 Οὐδὲ
2779 3856 2889 3927 γὰρ
2914 3851 2986 3926 ἦν
3021 3857 3167 3913 οὕτω
3204 3859 3341 3932 πρὸς
3382 3861 3632 3916 ἐπίλυσιν
3665 3862 3798 3917 δυσ·

2213 3944 2404 4016 χερές,
2434 3945 2465 4000 ὃ
2520 3947 2595 4017 μὴ
2632 3946 2859 4002 εὔλυτον
2893 3934 3106 4015 ἐκεῖνος
3131 3951 3298 4006 ἐτίθει
3335 3956 3402 4024 τῇ
3438 3953 3576 4025 πρὸς
3610 3956 3671 4008 τὸ
3705 3955 3800 4009 λέν

2202 4054 2324 4107 γειν
2370 4039 2687 4110 περιουσίᾳ.
2743 4041 2856 4094 Καὶ
2909 4043 2990 4104 είς
3039 4043 3226 4097 στενὸν
3278 4044 3338 4097 δέ
3386 4043 3647 4108 πολλάκις
3691 4048 3796 4117 τῆς

2203 4130 2506 4201 ἀπολογίας
2532 4131 2682 4202 αὑτῷ
2711 4135 3090 4206 καταστάσης,
3129 4136 3288 4208 δίκην
3325 4136 3589 4206 ἐγχέλυος
3613 4138 3798 4192 διωλί-

2203 4221 2396 4277 σθαινε
2429 4223 2656 4287 πειθοῦς
2680 4224 2962 4295 κλέμμασι
3010 4227 3109 4281 καὶ
3150 4233 3495 4296 σοφιστικοῖς
3526 4231 3798 4301 δελεάμασ

2204 4331 2309 4370 σιν.
2341 4311 2451 4370 Ἦν
2481 4312 2576 4371 οὖν
2613 4316 2879 4387 ἀληθείας
2923 4322 3018 4373 καὶ
3050 4323 3249 4391 τέχνης
3283 4320 3512 4392 ἅμιλλα,
3548 4323 3660 4377 τῶν
3690 4328 3796 4391 μὲν

2203 4406 2415 4477 τάληθῆ
2466 4407 2941 4478 φιλολογοῦντων,
3005 4415 3273 4482 νοήμασιν
3335 4416 3796 4489 ἀρᾳδιουργήτοις

510 4479 620 4535 illis
654 4480 902 4551 quidem,
934 4482 1031 4552 qui
1065 4498 1253 4539 veram
1279 4486 1578 4543 tuebantur
1633 4492 1928 4557 rationem,
1963 4509 2093 4549 sen-

2206 4476 2510 4570 βαλλόντων
2544 4502 2638 4555 τὶν
2665 4476 2951 4574 σοφιστὴν,
2986 4476 3166 4559 toﬁ-‘5!
3190 4476 3446 4576 καθάπερ
3476 4476 3627 4561 ὅπλα.⁷

511 4573 698 4627 tentiis
723 4589 832 4627 non
868 4574 1168 4632 artiﬁciose
1199 4584 1256 4633 et
1289 4577 1488 4635 callide
1514 4582 1842 4652 excogitatis
1899 4584 2093 4656 sopbi—

507 4672 648 4717 stam
678 4661 1044 4732 ferientibus;
1076 4665 1185 4723 hoc
1221 4678 1432 4733 autem,
1459 4676 1719 4742 tanquam
1748 4690 1928 4741 arma,
1952 4677 2097 4750 obji-

507 4756 691 4810 ciente
720 4753 1045 4810 varietatem
1081 4760 1372 4825 orationis,
1417 4760 1778 4834 fallacemque
1807 4776 1866 4821 et
1894 4769 2099 4825 subdo-

507 4846 616 4901 lam
641 4846 1138 4914 ratiocinationem,
1161 4861 1218 4905 et
1246 4867 1310 4906 ea
1328 4866 1386 4907 se
1409 4853 1580 4923 magis
1609 4855 2096 4931 arbitranteposse

507 4952 754 4995 vincere.

578 5029 719 5086 XIV.
753 5029 859 5087 Sed
908 5048 977 5087 ne
1027 5033 1249 5090 dicendi
1312 5036 1590 5096 facultatis
1621 5052 1769 5099 esset
1836 5044 2091 5112 victoria,

502 5136 698 5179 verum
723 5122 930 5181 Christi
970 5135 1026 5181 et
1060 5127 1335 5196 veritatis,
1391 5132 1516 5188 aliis
1569 5134 1703 5191 viris
1735 5136 1914 5193 doctis
1953 5155 2095 5210 pra:—

511 5216 800 5280 termissis,
858 5231 923 5273 ea
957 5217 1063 5274 fuit
1111 5216 1426 5291 Spiridonis
1488 5225 1591 5281 viri
1654 5228 1945 5300 simplicis,
1994 5233 2091 5302 qui

506 5322 630 5360 cum
671 5309 808 5365 nihil
839 5308 986 5366 aliud
1015 5313 1184 5369 sciret
1219 5314 1325 5370 nisi
1356 5314 1662 5381 Christum.
1697 5335 1932 5392 eumque
1959 5338 2091 5379 cru-

508 5397 753 5457 cifixum.
784 5399 928 5454 sicut
966 5401 1043 5454 ait
1099 5401 1302 5460 Paulus
1336 5404 1359 5435 '
1392 5422 1405 5459 :
1446 5420 1572 5461 eum
1608 5406 1837 5464 vidisset
1911 5408 2093 5479 philo-

506 5490 743 5558 sophum
798 5506 856 5546 se
895 5493 1196 5563 iactantem
1240 5497 1697 5568 sophismatibus,
1750 5508 1806 5558 et
1845 5501 2086 5573 linguam

504 5583 831 5639 maledicam
866 5596 1178 5643 moventem
1229 5597 1420 5647 contra
1472 5591 1777 5659 Christum,
1804 5602 1862 5650 et
1901 5604 2087 5654 nostra

578 5761 597 5793 '
625 5759 643 5816 l
672 5759 794 5817 Cor.
821 5765 953 5830 11,2.

2199 4592 2535 4665 ϐαλλομένου
2588 4594 2650 4650 τὸ
2688 4596 2939 4651 ποικίλον
2982 4597 3078 4652 τοῦ
3114 4598 3302 4669 λόγου,
3337 4601 3432 4654 καὶ
3481 4600 3797 4671 παραλογιο

2200 4683 2385 4738 στικὸν
2422 4687 2516 4738 καὶ
2549 4685 2907 4757 κακότεχνον,
2947 4688 3041 4742 καὶ
3071 4688 3244 4760 τούτῳ
3287 4690 3495 4761 μᾶλλον
3537 4692 3794 4763 οίομένου

2197 4780 2445 4849 κρατεῖν.

2273 5046 2373 5105 1Δ’.
2419 5048 2560 5104 Ἀλλ’
2607 5051 2697 5107 ἵνα
2730 5053 2809 5125 μὴ
2849 5054 2958 5110 τῶν
2977 5054 3155 5125 λόγων
3207 5056 3270 5111 τὸ
3314 5059 3476 5130 νικᾷν
3508 5058 3618 5128 εἴη,
3651 5058 3795 5114 ἀλλὰ

2200 5143 2442 5214 Χριστοῦ
2503 5146 2600 5199 καὶ
2654 5149 2757 5219 τῆς
2817 5148 3097 5221 ἀληθείας,
3160 5151 3285 5216 τοὺς
3340 5151 3518 5217 ἄλλως
3576 5153 3797 5222 λογίους

2202 5234 2588 5307 παραδραμδν,
2627 5239 2973 5310 Σπυρίδωνος
3019 5240 3180 5296 τοῦτο
3212 5242 3308 5298 τοῦ
3343 5243 3519 5298 ἁπλοῦ
3553 5244 3794 5313 γίνεται,

2200 5324 2279 5388 ὡς
2296 5326 2464 5403 εὐδειν
2488 5327 2620 5384 ἄλλο
2648 5346 2702 5383 τι
2753 5330 2918 5385 πλέον
2968 5332 3129 5396 εἰδὼς
3174 5335 3258 5388 ὅτι
3304 5335 3379 5407 μὴ
3413 5336 3671 5407 Χριστὸν,
3690 5337 3797 5391 καὶ

2198 5415 2390 5472 τοῦτον
2431 5422 2872 5494 ἐσταυρωμένον,
2923 5423 3001 5489 ὥς
3042 5443 3212 5498 φησιν
3254 5427 3487 5492 Παῦλος.
3546 5427 3636 5494 Ὧς
3682 5424 3734 5483 ei
3768 5446 3795 5482 ε

2200 5508 2294 5563 τὸν
2326 5510 2620 5580 φιλόσοφον
2661 5517 2781 5577 τοῖς
2822 5517 3126 5589 σοφίσμασι
3175 5518 3594 5591 βρενθυόμενον,
3643 5520 3799 5588 φιλο-

2200 5601 2441 5675 λοίδορόν
2464 5621 2522 5658 τε
2559 5605 2817 5675 γλῶσσαν
2848 5608 3105 5665 κινοῦντα
3140 5612 3283 5667 κατὰ
3316 5610 3579 5684 Χριστοῦ,
3603 5613 3701 5665 καὶ
3724 5612 3797 5666 τὰ
