4102 6376
471 262 579 327 435

1707 253 1999 318 MENSIS
2042 255 2294 321 DECEM
2305 256 2471 321 BER.

3624 255 3733 320 £35

464 377 554 434 cui
588 377 772 446 lingua
812 372 1032 443 quidem
1075 372 1302 426 omnino
1338 380 1422 426 est
1457 370 1718 438 hominis,
1749 373 1916 428 verba
1948 388 2045 427 au-

2154 378 2266 448 ἆμα
2300 380 2663 450 περιποιῆσαι
2693 379 2788 433 καὶ
2811 376 3007 448 ἡδονήν
3033 391 3048 442 ;
3085 372 3161 429 Οἵ
3181 390 3246 443 γε.
3271 371 3527 428 τοσοῦτον
3551 372 3600 425 οἱ
3631 372 3732 441 μέν

463 481 648 526 autem
715 476 843 522 sunt
893 467 1013 521 Dei.
1055 464 1331 531 Quantum
1389 465 1596 535 putatis
1655 467 1757 520 hoc
1825 464 2044 521 Arianis

461 561 687 632 quidem
715 558 979 622 dedecus,
1014 557 1121 627 piis
1163 566 1347 612 autem
1376 558 1643 612 honorem
1707 558 1958 614 attulisse
1989 568 2045 613 et

458 651 839 724 voluptatem?
877 651 957 706 llli
987 660 1171 705 autem
1207 651 1366 706 fuere
1402 650 1673 721 superati,
1705 665 1832 705 cum
1852 665 2045 706 omnes

458 748 576 802 fere
631 745 852 816 quidem
886 752 1047 799 rectae
1084 744 1294 799 assensi
1327 752 1514 800 essent
1565 743 1896 798 sententiae:
1948 757 2045 796 sex

458 852 590 893 vero
621 835 721 892 soli
781 834 960 891 relicti
983 842 1168 890 essent
1225 833 1376 900 Ario,
1440 833 1611 890 futuri
1645 833 1784 888 mala
1833 847 1960 902 pars
1989 839 2045 885 et

460 930 707 1001 improba
739 928 908 999 patris
934 926 1206 982 mendacii
1267 935 1324 982 et
1378 927 1451 982 ah
1477 926 1640 980 initio
1678 924 2046 995 implacabilis

459 1024 672 1079 inimici
700 1022 972 1078 veritatis.
1003 1019 1136 1075 Tam
1167 1028 1356 1090 aperte
1377 1018 1677 1074 confutatis
1701 1018 1768 1072 iis
1801 1032 2040 1088 quorum

465 1117 610 1170 mala
671 1123 789 1169 erat
845 1113 1035 1186 Opinio
1075 1113 1281 1167 reversi
1343 1121 1472 1167 sunt
1502 1110 1766 1182 episcopi,
1817 1111 2044 1166 victor‘a

461 1206 685 1278 quidem
709 1205 841 1269 laeti,
875 1205 1146 1260 miraculo
1180 1212 1363 1258 autem
1395 1203 1788 1273 obstupefacti,
1820 1211 1876 1257 et
1919 1215 2048 1271 pro-

462 1309 585 1366 pter
611 1297 727 1351 haec
758 1297 920 1351 ambo
977 1297 1147 1350 Deum
1189 1295 1500 1358 laudantes,
1560 1310 1759 1364 nempe
1789 1294 1935 1362 quod
1992 1302 2048 1347 et

463 1389 808 1457 aspexissent
862 1385 1228 1447 admirabilia,
1257 1391 1311 1437 et
1340 1398 1461 1452 qum
1503 1389 1662 1437 erant
1695 1392 1894 1452 prreter
1924 1379 2047 1449 opi-

463 1477 682 1532 nionem
712 1517 729 1544 ,
775 1486 831 1532 et
887 1475 1034 1546 quod
1059 1476 1321 1529 vicissent
1371 1472 1488 1527 Arii
1549 1471 1839 1526 insaniam.
1876 1470 2048 1523 Porro

462 1579 644 1624 autem
708 1569 823 1638 ipse
863 1583 1084 1638 quoque
1128 1567 1428 1635 imperator
1491 1563 1760 1618 miraculo
1822 1561 2048 1615 omnino

464 1661 903 1731 obstupefactus,
939 1658 1291 1728 Spiridonem
1343 1657 1492 1710 omni
1522 1655 1729 1708 honore
1757 1651 2048 1723 prosequi-

465 1763 586 1818 tur,
636 1759 692 1805 et
757 1765 881 1805 cum
938 1749 1272 1818 postulasset
1323 1756 1384 1801 ut
1458 1760 1558 1815 per
1627 1745 1810 1814 ipsum
1867 1743 2044 1797 Deum
2081 1743 2118 1799 Β

463 1845 694 1899 haberet
725 1843 1042 1914 propitium.
1068 1855 1196 1895 eum
1225 1840 1451 1894 domum
1486 1837 1756 1894 dimittit.!

535 1934 677 1990 XVI.
710 1935 936 1989 Interim
975 1947 1109 1988 vero
1157 1932 1290 1986 dum
1320 1931 1438 1986 haec
1468 1930 1834 2001 agitarentur,
1870 1926 2044 1982 mori-

464 2039 555 2083 tur
587 2028 812 2099 quidem
867 2037 1055 2083 sancto
1114 2027 1244 2094 lilia,
1287 2041 1410 2096 quae
1454 2034 1580 2079 nata
1632 2025 1682 2080 ei
1749 2024 1928 2079 fuerat
1979 2037 2047 2076 ex

463 2119 774 2176 honorabili
801 2119 1058 2189 coniugio
1085 2135 1102 2187 ;
1126 2129 1181 2173 et
1202 2118 1420 2173 ﬂorenti
1453 2127 1612 2172 aetate
1639 2117 1799 2187 longe
1833 2115 2046 2187 specio-

464 2214 671 2268 δῖοι-ειη
712 2211 1006 2267 ostendens
1057 2211 1498 2280 temperantiam,
1541 2209 1848 2280 permansit
1891 2209 2046 2278 virgo

464 2313 582 2359 toto
609 2317 873 2374 tempore,
905 2319 993 2358 res
1023 2319 1144 2373 quze
1184 2319 1325 2373 puro
1381 2317 1584 2373 sponso
1649 2303 1814 2373 digna
1851 2310 1935 2358 est
1990 2309 2047 2356 et

466 2395 726 2448 thalamis
757 2395 1093 2450 cmlestibus.
1116 2394 1391 2450 Reversus
1409 2406 1592 2450 autem
1626 2412 1856 2465 magnus
1877 2395 2047 2466 Spiri-

464 2487 598 2552 don,
639 2503 762 2542 cum
793 2503 914 2541 eam
944 2487 1016 2542 ita
1048 2487 1262 2542 tulisset
1297 2488 1688 2554 calamitatem,
1747 2497 1805 2544 ut
1837 2505 1937 2560 par
1960 2500 2046 2545 est

465 2580 647 2634 virum
685 2580 848 2635 talem
884 2578 985 2634 :ad
1010 2595 1134 2635 eum
1181 2596 1336 2647 vero,
1366 2581 1461 2650 qui
1515 2582 1680 2654 paulo
1725 2592 1852 2636 ante
1878 2581 2041 2637 adve-

467 2680 646 2739 nerat,
683 2673 1002 2728 accessisset
1027 2672 1275 2742 qmedam
1297 2674 1517 2735 mulier.
1542 2674 1715 2728 tristis
1738 2674 2040 2729 admodum

468 2772 524 2820 et
541 2763 750 2820 deﬂens
764 2763 1176 2831 miserabiliter,
1199 2765 1345 2835 quod
1368 2764 1512 2835 apud
1539 2765 1703 2819 tiliam
1727 2767 1846 2838 ejus
1862 2766 2045 2822 adhuc

469 2853 820 2923 superstitem
869 2863 1256 2909 ornamentum
1300 2855 1574 2924 quoddam
1601 2872 1828 2911 aureum
1875 2856 2044 2927 depo-

469 2944 694 3010 suisset,
735 2959 971 3014 cumque
1010 2945 1101 3000 illa
1149 2945 1315 3001 celeri
1350 2955 1526 3000 morte
1577 2956 1844 3016 praerepta
1877 2956 2042 3013 esset,

469 3039 615 3109 quod
643 3040 760 3110 ejus
782 3039 910 3093 fidei
934 3039 1205 3094 creditum
1243 3038 1442 3105 fuerat,
1466 3040 1608 3110 apud
1650 3054 1786 3094 eam
1815 3040 2044 3095 mansis-

2148 473 2486 544 ἐκράτησαν,
2520 476 2568 528 οί
2605 473 2663 527 δὲ
2703 470 3020 541 ἡττήθησαν
3051 470 3149 535 ὼς,
3189 466 3391 539 μικροῦ
3414 467 3633 522 πάντων
3664 469 3732 536 τῇ

2144 566 2278 635 ὀρθῇ
2307 565 2698 636 προσθεμένων
2731 562 2879 633 δόξῃ,
2909 561 2971 627 ἐξ
3009 561 3205 632 μόνους
3231 559 3308 630 τῷ
3347 558 3543 631 Ἀρείῳ
3577 575 3733 627 περι·-

2142 660 2455 729 λειφθῆναι,
2483 656 2679 728 μερίδα
2707 656 2922 726 φαύλην
2968 654 3064 708 καὶ
3093 653 3379 724 μοχθηρὰν
3437 651 3736 721 ἐσομένους

2147 753 2240 806 τοῦ
2278 749 2486 820 πατρὸς
2512 749 2608 803 τοῦ
2634 747 2869 818 ψεύδους
2915 747 3010 802 καὶ
3041 745 3136 801 τοῦ
3164 747 3222 813 ἐξ
3257 747 3431 817 ἀρχῆς
3464 747 3736 802 ἁσπόνδου

2144 845 2243 913 τῆς
2275 842 2539 914 ἀληθείας
2568 841 2787 913 ἐχθροῦ.
2816 840 2974 895 Οῦτω
3003 838 3258 909 φανερῶς
3287 839 3396 892 τῶν
3426 839 3738 905 κακοδόξων

2145 932 2552 1002 ἐληλεγμένων,
2621 931 2969 1002 ὑπέστρεφον
3013 930 3063 983 oi
3110 929 3436 995 ἐπίσκοποι,
3482 931 3735 1001 ἡδόμενοι

2151 1024 2251 1095 μὲν
2290 1027 2358 1096 τῇ
2416 1025 2568 1096 νίκῃ,
2627 1021 3152 1094 ἐκπληττόμενοιδέ
3204 1021 3296 1093 τῷ.
3327 1023 3589 1092 θαύματι,
3643 1023 3741 1077 καὶ

2147 1117 2281 1171 Θεὸν
2337 1115 2661 1182 δοξάζοντες
2717 1115 2814 1169 ἐπ’
2865 1116 3074 1187 ἀμφοῖν
3125 1115 3364 1181 τούτοιν,
3414 1110 3498 1178 οἷς
3561 1133 3621 1168 τε
3672 1117 3740 1170 τὰ

2149 1211 2433 1280 παράδοξα
2472 1211 2772 1267 ἐθεάσαντο
2799 1251 2814 1277 ,
2863 1210 2959 1266 καὶ
2995 1204 3078 1274 οἷς
3120 1211 3220 1280 τῆς
3275 1210 3491 1282 Ἀρείου
3539 1210 3741 1279 μανίας

2150 1304 2558 1376 περιεγένοντο
2591 1306 2688 1358 καὶ
2711 1307 2739 1358 ὁ
2762 1303 2982 1375 κρατῶν
3017 1303 3074 1358 δέ
3109 1303 3272 1367 αὐτὸς
3307 1303 3426 1367 ὃλος
3449 1304 3510 1358 ἐν
3540 1303 3742 1372 ἐκπλή-

2151 1397 2230 1463 ξει
2267 1397 2346 1469 τῷ
2390 1397 2633 1466 θαύματι
2677 1395 2942 1466 γεγονὼς,
2972 1396 3123 1467 πάσῃ
3147 1412 3207 1448 τε
3248 1396 3385 1466 τιμῇ
3430 1395 3523 1449 τὸν
3571 1395 3740 1464 ἄνδρα

2148 1489 2310 1559 τιμᾷ,
2350 1490 2445 1541 καὶ
2475 1488 2605 1543 ἵλεω
2645 1489 2714 1542 δι’
2762 1487 2931 1543 αὐτοῦ
2957 1489 3049 1543 τὸν
3081 1487 3217 1541 Θεὸν
3253 1487 3398 1558 ἔχειν
3445 1485 3737 1557 ἐξαιτησά-

2158 1596 2342 1649 μενος,
2383 1579 2570 1632 οίκαδε
2614 1578 3009 1649 παραπέμπει.

2225 1927 2343 1997 ις’.
2409 1927 2499 1984 Ἔν
2547 1928 2660 1998 ὅσῳ
2713 1927 2890 1982 ταῦτα
2938 1924 3186 1994 ἐτρίϐετο
3235 1925 3460 1997 θνήσκει
3513 1927 3609 1998 μὲν
3662 1923 3739 1997 τῷ

2152 2019 2284 2092 ὁσίῳ
2313 2020 2548 2088 ἐξάπινα
2575 2021 2608 2091 ἡ
2641 2019 2892 2090 Θυγάτηρ
2919 2036 2934 2053 ο
2983 2018 3107 2090 ἥτις
3153 2019 3303 2092 αύτῷ
3333 2021 3398 2075 ἐκ
3423 2020 3608 2091 τιμίου
3641 2038 3737 2090 γε-

2153 2116 2357 2186 νομένη
2398 2114 2491 2167 τοῦ
2545 2113 2750 2183 γάμου,
2801 2113 3025 2184 καὶτῆς
3059 2131 3122 2184 γε
3160 2114 3281 2168 καθ’
3332 2115 3482 2186 ὥραν
3523 2114 3738 2186 ἡλικίας

2152 2208 2308 2279 παρὰ
2368 2208 2506 2260 πολῦ
2563 2206 2626 2259 τὸ
2680 2205 2899 2276 σῶφρον
2948 2205 3280 2279 ὡραιότερον
3330 2206 3736 2278 ἐπιδειξαμένη,

2154 2298 2423 2367 παρθένος
2467 2297 2560 2353 τὸν
2608 2297 2730 2351 ὅλον
2775 2297 3006 2368 διήγαγε
3045 2299 3260 2367 χρόνον,
3305 2297 3500 2369 χρῆμα
3529 2298 3608 2367 τῷ
3636 2311 3736 2350 κα-

2154 2390 2306 2461 θαρῷ
2355 2391 2578 2463 νυμφίῳ
2626 2390 2724 2446 καὶ
2767 2391 2879 2445 τῶν
2932 2391 3204 2462 οὐρανίων
3251 2391 3512 2462 θαλάμων
3565 2391 3736 2458 ἄξιον.

2151 2484 2436 2555 Σπυρίδων
2463 2483 2520 2536 δὲ
2547 2487 2574 2537 ὁ
2607 2485 2782 2554 μέγας
2802 2481 3141 2550 ἐπανελθὼν,
3175 2484 3269 2538 καὶ
3303 2483 3401 2554 τὴν
3449 2485 3740 2554 συμφορὰν

2153 2575 2394 2644 ἐνεγκὼν
2438 2575 2628 2646 ὥσπερ
2681 2576 2790 2647 ἄρα
2843 2575 2936 2629 τὸν
2983 2575 3227 2629 τοιοῦτον
3269 2577 3418 2638 είκδς
3471 2576 3736 2644 ἐνεγκεῖν,

2153 2662 2273 2714 ἐπεὶ
2302 2662 2450 2732 αὐτῷ
2496 2662 2624 2732 ἄρτι
2672 2662 3094 2734 ἐπιδεδημηκὸτι
3115 2704 3132 2729 ,
3179 2667 3319 2736 γυνή
3353 2678 3437 2728 τις
3467 2665 3738 2735 προσῆλθε

2152 2754 2476 2825 περιπαθῶς
2519 2755 2722 2825 ἐχουσα
2812 2756 2909 2810 καὶ⁵
2960 2757 3300 2829 ὀδυρομένη,
3360 2755 3476 2812 ἀνθ’
3525 2751 3601 2811 ὧν
3656 2756 3738 2811 ἔτι

2153 2847 2320 2902 αὐτοῦ
2367 2851 2432 2920 τῇ
2487 2849 2719 2918 θυγατρὶ
2780 2848 3044 2924 περιούσῃ
3120 2850 3346 2921 κόσμιόν
3397 2867 3449 2904 τι
3501 2849 3737 2922 χρυσοῦν

2153 2942 2444 3014 παρέθετο,
2492 2941 2755 3013 κάκείνης
2807 2943 2990 3009 ὀξεῖαν
3030 2941 3173 2997 οὕτω
3220 2944 3324 3014 τὴν
3364 2942 3459 2997 τοῦ
3500 2943 3736 2998 θανάτου

2153 3034 2328 3104 τομὴν
2357 3033 2688 3105 δεξαμένης,
2733 3034 2796 3088 τὸ
2847 3035 3123 3088 πιστωθέν
3166 3036 3297 3106 παρ’
3326 3037 3464 3107 αὐτῇ
3499 3035 3738 3108 ἔμεινεν,

471 3101 574 3193 set,
616 3101 722 3184 fuit
749 3131 852 3184 hoc
891 3139 1081 3185 sancto
1111 3145 1257 3185 cura:
1282 3101 1696 3199 (quidnienim,
1748 3145 1874 3184 cum
1898 3139 2046 3186 esset

2158 3101 2395 3194 ἐμέλησε
2424 3101 2508 3194 τῷ
2533 3101 2684 3194 ὁσίίρ,
2715 3123 2812 3178 καὶ
2839 3124 2957 3189 πῶς
2978 3124 3089 3196 γὰρ
3120 3124 3179 3178 οῦ
3206 3144 3220 3193 ;
3250 3101 3738 3198 τοιαύτηνέχονδι

473 3221 662 3274 animo
695 3228 801 3274 tam
830 3221 1069 3290 benigno
1088 3219 1153 3290 ἳ),
1199 3229 1256 3275 et
1286 3220 1388 3273 nisi
1436 3219 1823 3275 restitueretur
1882 3219 2053 3289 depo-
2080 3216 2100 3239 ‘

474 3311 669 3376 situm,
701 3310 962 3365 violatum
1016 3311 1108 3382 jus
1137 3325 1259 3366 esse
1302 3310 1584 3382 judicabat
1629 3322 1685 3365 et
1740 3311 1790 3366 ei
1825 3312 2052 3380 putabat

474 3401 592 3456 ﬁeri
625 3400 904 3472 injuriam.
935 3399 1071 3456 Cum
1107 3417 1240 3472 ergo
1276 3410 1442 3457 totam
1479 3419 1634 3458 suam
1660 3401 1885 3460 domum
1927 3405 2053 3460 dili-

473 3500 668 3563 genter
704 3500 1004 3560 scrutatus,
1052 3508 1323 3564 nusquam
1355 3494 1432 3562 id,
1493 3496 1639 3564 quod
1675 3495 2048 3566 quaerebatur,

476 3580 749 3650 potuisset
785 3582 1056 3647 invenire,
1080 3583 1341 3652 quidnam
1368 3583 1446 3648 ﬁt,
1484 3593 1538 3640 et
1562 3601 1857 3655 quemnam
1891 3589 2053 3644 atl'ert

476 3670 683 3725 exitum
718 3673 1002 3742 multiplex
1039 3674 1134 3728 Dei
1167 3673 1476 3745 sapientia?
1519 3677 1749 3734 Accedit
1799 3680 1865 3734 ad
1896 3680 2054 3735 locu-

475 3767 616 3834 ium,
643 3767 787 3821 sicut
813 3782 968 3822 meus
990 3766 1243 3824 Christus
1270 3768 1422 3839 prius
1442 3770 1508 3824 ad
1545 3769 1837 3838 Lazarum,
1873 3781 1932 3826 ut
1955 3774 2073 3844 qui.

478 3859 704 3913 omnino
731 3869 877 3915 esset
926 3859 1045 3930 ejus
1078 3859 1404 3930 discipulus,
1449 3870 1527 3926 et,
1563 3863 1744 3932 quoad
1781 3865 1901 3936 ejus
1935 3866 2054 3920 fieri

477 3959 685 4020 posset,
726 3965 816 4005 res
864 3950 1016 4007 illius
1097 3953 1430 4008 imitaretur.
1486 3954 1644 4009 Multi
1697 3965 1881 4010 autem
1923 3973 2052 4014 eum

475 4043 854 4112 sequebantur
904 4059 969 4098 ex
1013 4044 1100 4108 iis,
1152 4045 1250 4115 qui
1316 4061 1440 4100 cum
1498 4047 1591 4103 illo
1667 4051 2051 4108 versabantur.

473 4131 684 4187 Deinde
711 4135 938 4202 perinde
977 4151 1040 4190 ac
1070 4136 1114 4190 si
1160 4153 1271 4191 non
1313 4137 1367 4192 in
1395 4139 1672 4208 sepulcro,
1725 4141 1818 4195 sed
1848 4141 1902 4195 in
1931 4141 2053 4196 tha-

473 4223 621 4278 lamo
652 4224 837 4281 adhuc
863 4235 1011 4280 esset
1049 4228 1199 4293 viva,
1251 4230 1586 4284 conveniens
1619 4230 1810 4296 ﬁliam,
1845 4245 1910 4286 ea
1952 4247 2054 4288 suo

473 4315 698 4370 nomine
732 4325 950 4384 vocata,
1003 4317 1264 4372 omnibus
1293 4321 1539 4388 quicum
1577 4335 1643 4376 eo
1699 4322 1929 4378 aderant
1955 4339 2055 4378 au-

2156 3217 2544 3287 φιλάνθρωπον
2588 3217 2688 3294 τὴν
2729 3215 2930 3286 ψυχὴν,
2966 3216 3060 3270 καὶ
3088 3215 3279 3286 ὥσπερ
3308 3220 3358 3271 si
3394 3218 3470 3290 μὴ
3519 3220 3737 3273 ἀνασω-

2155 3309 2272 3380 θείη
2300 3311 2368 3380 τῇ
2394 3308 2902 3380 παρακαταθεμένῃ
2933 3307 2994 3360 τὸ
3021 3307 3170 3374 ίδιον,
3205 3308 3472 3376 ἐσφάλθαι
3508 3308 3637 3379 περὶ
3671 3308 3734 3362 τὸ

2155 3403 2362 3457 δίκαιον
2417 3403 2659 3474 κρίνοντι
2710 3401 2806 3455 καὶ
2848 3401 3058 3455 ἀδικεῖν
3091 3402 3151 3455 τὸ
3201 3403 3368 3473 μέρος
3409 3404 3580 3475 αὐτὴν
3625 3405 3737 3457 οἰο-

2159 3497 2326 3566 μένῳ.
2397 3491 2485 3558 Ὦς
2530 3493 2622 3548 οὖν
2668 3493 2884 3548 ἅπαντα
2935 3493 3027 3546 τὸν
3063 3494 3234 3566 αὐτῆς
3290 3491 3440 3548 οἶκον
3493 3495 3737 3565 ἀκριϐῶς

2155 3589 2595 3660 διαψηλαφήσας,
2629 3587 2869 3659 οὐδαμοῦ
2911 3589 2972 3641 τὸ
2999 3586 3330 3658 ζητούμενον
3361 3581 3506 3657 εἶχεν
3535 3587 3736 3656 εὑρεῖν,

2156 3685 2208 3738 τί
2232 3684 2462 3754 γίνεται,
2479 3684 2570 3737 καί
2593 3683 2743 3735 ποῖον
2774 3684 2806 3752 ἡ
2837 3681 3183 3754 πολύτροπος
3208 3678 3302 3735 τοῦ
3326 3678 3461 3734 Θεοῦ
3490 3679 3653 3750 σοφία
3675 3679 3741 3733 τὸ

2158 3777 2332 3847 πέρας
2357 3777 2552 3844 ἐπάγει
2583 3792 2598 3841 ;
2644 3773 2903 3846 Πρόσεισι
2948 3777 3016 3845 τῇ
3069 3773 3232 3845 σορῷ,
3263 3773 3515 3845 καθάπερ
3547 3774 3574 3825 ὁ
3606 3772 3738 3842 ἐμὸς

2158 3869 2392 3941 Χριστὸς
2423 3869 2516 3920 ἐπὶ
2562 3865 2804 3937 Λαζάρῳ
2848 3865 2912 3918 τὸ
2955 3865 3242 3936 πρότερον,
3288 3866 3481 3919 τούτου
3520 3865 3737 3928 πάντως

2158 3963 2254 4017 καὶ
2282 3961 2446 4025 αὐτὸς
2479 3959 2730 4031 μαθητὴς
2775 3958 2875 4022 ὢν,
2925 3960 3020 4012 καὶ
3060 3958 3135 4022 ὼς
3179 3954 3292 4011 οἷόν
3341 3975 3402 4011 τε
3433 3959 3498 4012 τὰ
3526 3959 3736 4011 ἐκείνου

2161 4053 2524 4126 μιμούμενος,
2574 4053 2792 4106 εἷποντο
2846 4051 2904 4105 δέ
2963 4049 3112 4120 αὐτῷ
3159 4051 3256 4105 καὶ
3310 4052 3419 4106 τῶν
3471 4051 3738 4105 συνόντων

2158 4147 2364 4200 πολλοί.
2416 4141 2534 4198 Εἶθ’
2577 4139 2768 4214 ὥσπερ
2797 4142 2898 4196 οὒκ
2933 4142 2991 4194 ἐν
3030 4143 3210 4212 τάφῳ,
3245 4141 3362 4197 ἀλλ’
3405 4144 3464 4198 ἐν
3510 4141 3738 4212 θαλάμῳ

2158 4237 2223 4305 τῇ
2265 4234 2496 4302 θυγατρὶ
2545 4231 2626 4285 ἐτι
2684 4231 2836 4302 ζώσῃ
2885 4230 3325 4302 περιτυγχὰνων,
3381 4231 3519 4302 πρὸς
3562 4231 3738 4302 ὄνομα

2161 4323 2395 4385 καλέσας
2427 4325 2506 4385 εἰς
2539 4320 2716 4383 ἀκοὰς
2756 4321 2996 4386 πάντων,
3045 4321 3097 4373 οἳ
3125 4319 3315 4388 ἔτυχον
3343 4322 3492 4392 αύτῷ
3519 4336 3738 4390 συμπα-

477 4406 800 4462 dientibus:
837 4408 996 4474 Filia,
1032 4409 1212 4475 lrene,
1243 4410 1445 4479 inquit,
1495 4412 1588 4467 ubi
1637 4427 1724 4469 est
1754 4429 2050 4470 ornamen-

2163 4415 2368 4486 ρόντες,
2402 4414 2624 4476 Τέκνον,
2658 4407 2834 4476 εἶπεν,
2874 4413 3104 4484 Εἰρήνη,
3139 4412 3244 4466 ποῦ
3273 4413 3332 4467 τὸ
3351 4431 3740 4486 παρακατατε-

477 4507 616 4562 tum,
657 4499 800 4567 quod
821 4500 980 4568 apud
1015 4509 1066 4554 te
1091 4500 1194 4554 fuit
1218 4501 1581 4570 depositum?
1638 4504 1733 4559 llla
1788 4515 2049 4576 tanquam

474 4603 543 4643 ex
586 4589 948 4660 moilialiquo
986 4607 1179 4647 somno
1212 4595 1618 4665 expergefacta,
1665 4598 1829 4652 simul
1853 4615 2048 4654 sanum

474 4697 702 4738 servans
733 4691 787 4737 et
809 4683 1062 4753 spiritum
1104 4696 1159 4742 et
1191 4701 1380 4741 vocem
1421 4705 1436 4742 :
1465 4689 1691 4746 Domine
1723 4692 1817 4756 mi,
1846 4692 2048 4762 inquit,

477 4776 534 4830 in
567 4775 671 4832 hac
702 4783 858 4846 parte
889 4776 1085 4834 domus
1119 4778 1223 4834 luit
1269 4796 1298 4833 a
1337 4797 1422 4836 me
1483 4784 1786 4852 repositmn
1821 4800 2049 4841 aureum

475 4869 611 4925 illud
651 4881 1060 4928 ornamentum.
1121 4874 1324 4929 lnv‘asit
1360 4885 1479 4944 post
1529 4875 1645 4931 haec
1687 4886 1880 4948 stupor
1916 4895 2010 4933 eos
2036 4920 2050 4945 ,

476 4963 572 5031 qui
621 4964 876 5020 aderant.
941 4965 1153 5021 Deinde
1212 4967 1535 5022 miraculum
1571 4969 1741 5024 etiam
1802 4975 2054 5043 sequitur

477 5054 625 5110 aliud
652 5057 1001 5113 miraculum:
1034 5075 1160 5112 nam
1188 5059 1422 5129 perinde
1454 5075 1517 5116 ac
1537 5061 1582 5116 si
1611 5062 1700 5116 ille
1742 5074 1889 5118 esset
1928 5065 2053 5120 vita:

473 5156 527 5202 et
568 5149 763 5205 mortis
805 5149 1080 5216 dominus,
1111 5161 1166 5206 et
1214 5152 1318 5206 hoc
1375 5152 1520 5206 dono
1547 5169 1577 5208 a
1629 5153 1856 5209 Christo
1890 5173 2052 5227 quem

477 5239 829 5297 desiderabat
860 5243 1186 5309 honoratus,
1220 5245 1313 5314 qui
1349 5246 1414 5300 ad
1465 5246 1629 5301 breve
1659 5257 1876 5316 tempus
1923 5265 2048 5319 pro.

479 5338 598 5399 pter
651 5343 809 5385 usum
835 5347 956 5386 eain
1000 5333 1398 5398 viviﬁeaverat,
1429 5336 1586 5407 jubet
1639 5353 1826 5394 rursus
1869 5340 2052 5396 mori:

476 5419 753 5481 llormide
813 5438 1033 5491 caetero,
1083 5427 1284 5498 inquit,
1319 5428 1447 5494 ﬁlia,
1506 5429 1683 5485 donec
1741 5433 2054 5487 communis

480 5516 743 5572 Dominus
775 5525 824 5573 te
850 5535 974 5574 cum
1010 5521 1268 5576 omnibus
1298 5525 1665 5580 communiter
1712 5526 2048 5582 excitaverit.

480 5604 599 5675 ipse
626 5617 809 5664 autem
841 5625 964 5666 cum
990 5614 1310 5668 accessisset
1365 5615 1429 5668 ad
1479 5615 1624 5670 illam
1659 5615 1783 5670 ﬁliae
1818 5615 2052 5671 domun-

481 5699 681 5768 culam,
715 5710 790 5774 et,
821 5711 880 5758 ut
905 5701 1112 5760 dixerat
1151 5703 1280 5774 tilia,
1313 5717 1696 5764 ornamentum
1727 5707 2050 5774 invenisset,

2159 4505 2250 4559 θέν
2287 4523 2367 4559 σοι
2397 4505 2554 4558 τοῦτο
2578 4504 2642 4574 δὴ
2677 4506 2904 4573 κόσμιον
2930 4520 2946 4570 ;
2992 4503 3057 4556 Ἥ
3086 4505 3141 4559 δέ
3172 4506 3374 4571 εὐθέως
3403 4507 3655 4576 καθάπερ
3679 4505 3737 4569 ἐξ

2159 4597 2329 4652 ὕπνου
2381 4598 2527 4660 τινὸς
2583 4597 2828 4666 μαλακοῦ
2872 4596 3402 4670 διαγρηγορήσασα,
3458 4600 3553 4653 καὶ
3605 4598 3737 4666 ὑγιᾶ

2158 4689 2407 4756 σώζουσα
2438 4691 2531 4745 καὶ
2551 4691 2651 4760 τὴν
2683 4690 2849 4762 πνοὴν
2883 4692 3001 4760 ἅμα
3030 4691 3127 4746 καὶ
3162 4691 3260 4760 τὴν
3313 4691 3517 4762 φωνὴν,
3562 4689 3737 4758 Κύριέ

2161 4799 2285 4853 μου,
2307 4783 2460 4852 φησι,
2493 4782 2643 4850 παρὰ
2665 4780 2799 4851 τῷδε
2827 4782 2904 4851 τῷ
2931 4783 3088 4854 μέρει
3113 4783 3205 4837 τοῦ
3231 4785 3385 4838 οἴκου
3412 4784 3471 4836 τὸ
3497 4783 3739 4853 χρυσοῦν

2157 4874 2334 4926 ἐκεῖνο
2371 4872 2634 4943 κατετέθη
2665 4891 2754 4944 μοι
2780 4874 3030 4944 κόσμιον.
3062 4873 3366 4946 Ἐκπληξις
3401 4875 3493 4928 ἐπὶ
3527 4875 3737 4935 τούτοις

2158 4965 2431 5037 ἐλάμϐανε
2458 4965 2583 5027 τοὺς
2614 4965 2916 5035 παρόντας.
2943 4961 3076 5019 Εἶτα
3105 4967 3197 5020 καὶ
3229 4964 3418 5037 θαῦμὰ
3452 4984 3504 5020 τι
3545 4966 3738 5035 ἕτερον

2158 5055 2518 5127 ἐπηκολούθει
2546 5055 2622 5127 τῷ
2652 5057 2917 5127 θαύματι.
2951 5057 3164 5129 Ὠσπερ
3212 5059 3321 5129 γὰρ
3351 5059 3556 5120 ἐκεῖνος
3584 5056 3734 5126 ζωῆς

2160 5165 2221 5204 τε
2278 5151 2374 5203 καὶ
2421 5152 2657 5206 θανάτου
2708 5149 2896 5220 κύριος
2949 5149 3048 5213 ὣν,
3103 5151 3196 5204 καὶ
3252 5150 3427 5222 ταύτῃ
3469 5149 3603 5219 πρὸς
3637 5148 3734 5201 τοῦ

2159 5241 2494 5311 ποθουμένου
2548 5237 2786 5310 Χριστοῦ
2838 5243 2901 5310 τῇ
2963 5240 3139 5312 δωρεᾷ
3192 5241 3467 5311 τιμηθελς,
3523 5241 3549 5294 ὁ
3595 5239 3741 5292 κατὰ

2158 5333 2349 5404 χρείαν
2375 5334 2467 5386 ἐπὶ
2500 5333 2674 5403 βραχὺ
2705 5329 2954 5397 ζωώσας,
2989 5333 3250 5403 θνήσκειν
3283 5334 3502 5386 ἐκέλευε
3545 5331 3735 5395 πάλιν,

2158 5426 2274 5487 καὶ,
2347 5423 2615 5488 κάθευδε,
2665 5424 2873 5490 τέκνον,
2928 5424 3156 5492 ἔφασκε,
3199 5426 3259 5477 τὸ
3315 5425 3522 5487 λοιπὸν,
3567 5424 3672 5485 ἕως
3710 5421 3739 5477 ὁ

2158 5517 2334 5581 κοινὸς
2389 5519 2667 5588 Δεσπότης
2719 5517 2858 5578 μετὰ
2909 5517 3128 5571 πάντων
3181 5517 3376 5580 κοινῶς
3423 5518 3607 5588 ἐγερεῖ
3651 5533 3736 5571 σε.

2158 5613 2330 5675 Αὐτὸς
2363 5611 2421 5664 δέ
2460 5614 2589 5682 παρ’
2627 5613 2833 5664 ἐκεῖνον
2885 5611 2949 5681 δὴ
3001 5615 3095 5664 τὸν
3145 5611 3386 5666 οἰκίσκον
3430 5611 3529 5679 τῆς
3563 5609 3736 5676 θυγα-

2157 5709 2282 5779 τρὸς
2308 5706 2777 5778 ἀφικόμεννςλα).
2826 5700 2989 5780 ᾗπερ,
3047 5707 3150 5779 ἔφη
3197 5708 3255 5763 τὸ
3320 5709 3544 5780 κόσμιον
3579 5705 3739 5775 εὑρηο
