4102 6376
255 1756 270 1802 ὁ

295 388 402 451 637

295 501 412 563 κῶς
465 516 527 552 τε
577 500 675 552 καὶ
728 499 1058 570 ἀνελόμενος

297 592 536 663 αὔξησιν
563 591 714 645 οὕτω
744 594 841 645 καὶ
872 594 1143 648 πίπτωσιν
1172 597 1250 667 τῷ
1275 598 1520 671 θαύματι
1556 600 1880 672 παρασχών.

297 684 415 737 Καὶ
443 683 620 737 ταῦτα
652 683 757 755 μὲν
790 686 849 738 ἐν
878 688 944 758 τῇ
977 688 1147 758 νήσῳ.

371 774 472 830 IZ'.
533 775 654 829 Ἵνα
706 776 765 830 δὶ
822 777 960 848 μηδὲ
1024 777 1333 852 Ἀντιόχεια
1382 782 1484 854 τῆς
1539 784 1885 855 Σπυρίδωνος

300 867 509 939 ἀρετῆς
556 884 614 921 τε
662 869 758 922 καὶ
805 871 1034 941 χάριτος
1060 870 1349 950 ἀθέατοςῇ
1403 877 1527 947 μηδ’
1570 878 1888 949 ἀμάρτυρος

304 963 403 1014 καὶ
434 960 597 1014 τοῦτο
618 961 853 1016 τελεῖται
895 964 1214 1034 παραδόξως
1248 967 1373 1023 ὅσον
1401 971 1495 1023 καὶ
1527 969 1885 1041 θαυμαστῶς.

305 1052 384 1105 τδ
414 1052 473 1106 δὲ
502 1054 674 1119 ὅπως,
723 1055 753 1107 6
794 1054 957 1121 λόγος
995 1056 1101 1127 ἤδη
1144 1056 1396 1129 δηλώσει.
1446 1061 1758 1115 ’Δπολείπει
1788 1062 1889 1132 μὲν

304 1145 437 1216 ἄρτι
477 1145 887 1209 Κωνσταντϊνος
917 1149 946 1201 6
975 1149 1148 1219 μέγας
1177 1149 1317 1218 μετά
1346 1167 1411 1220 γε
1439 1151 1537 1222 τῆς
1563 1153 1761 1224 ἀρχῆς,
1800 1154 1894 1208 καὶ

306 1242 403 1291 τὸν
432 1237 548 1308 βίον
577 1253 593 1269 ·
640 1239 979 1313 διαιροῦνται
1026 1242 1085 1297 δὲ
1132 1244 1340 1314 ταύτην
1388 1245 1438 1298 oi
1490 1245 1681 1300 τούτου
1730 1245 1891 1309 υἱεῖς.

309 1330 421 1384 Καὶ
448 1332 829 1397 Κωνστάντιος
862 1332 985 1395 μὲν.
1012 1334 1111 1406 τῆς
1144 1334 1320 1408 Ἐᾠας
1347 1338 1540 1408 ἀρχειν
1571 1338 1776 1410 λαχὼν,
1814 1343 1895 1406 είς

309 1422 409 1492 τὴν
444 1423 693 1494 μεγάλην
724 1424 825 1495 τῆς
866 1425 1074 1497 Κοίλης
1095 1428 1296 1497 Συρίας
1327 1430 1505 1497 πόλιν,
1542 1428 1643 1501 τὴν
1687 1432 1897 1487 Ἀντιό-

310 1528 408 1582 χου
439 1513 606 1585 φημὶ,
641 1513 941 1586 διατρίϐων
969 1510 1038 1587 ἦν
1063 1546 1079 1558 ο
1107 1517 1265 1581 νόσος
1307 1518 1364 1572 δὲ
1385 1519 1534 1591 αὐτῷ
1560 1523 1866 1594 ἑπισκήπτε

317 1604 466 1673 μάλα
513 1605 688 1677 δεινὴ,
736 1607 942 1678 ιατρῶν
969 1608 1168 1682 τέχνην
1199 1610 1295 1665 καὶ
1339 1615 1532 1684 χεῖρας
1575 1613 1894 1686 ἐλέγχουσα.

314 1695 503 1768 ’ταύτῃ
530 1714 617 1750 τοι
654 1697 747 1750 καὶ
776 1698 887 1751 τῶν
923 1699 1103 1755 ἄλλων
1148 1703 1373 1757 πάντων
1403 1706 1701 1774 ἀπογνοὺς.
1728 1706 1899 1761 ἐδεῖτο

316 1789 483 1858 primo
508 1788 605 1842 τνιῦ
640 1788 737 1843 καὶ
767 1789 952 1862 ψυχὰς
999 1793 1206 1858 εἰδότος
1237 1795 1334 1849 καὶ
1365 1794 1599 1868 σώματα
1622 1798 1900 1870 θεραπεύ·

315 1891 418 1932 ειν.
444 1879 856 1953 Συντονώτερον
875 1882 934 1936 δὲ
963 1882 1236 1957 χρωμένῳ
1265 1888 1333 1959 τῇ
1370 1891 1674 1960 προσευχῇ,
1702 1892 1895 1954 νυκτὸς
1926 1874 1968 1931 Β

316 1972 602 2041 ἑφίσταται
630 1973 779 2044 δψις,
818 1975 1054 2044 ἄγγελος
1106 1977 1478 2034 ὑποδεικνύων
1504 1981 1655 2053 αὐτῷ
1683 1981 1898 2038 πολλῶν

319 2064 491 2133 ἁγίων
531 2067 854 2120 ἐπισκόπων
891 2069 1075 2139 χορόν.
1126 2066 1224 2133 Οἷς
1254 2072 1282 2126 6
1340 2072 1602 2144 βασιλεὺς
1644 2074 1899 2140 ἀτενίσας

316 2158 375 2210 ἐν
407 2159 595 2228 μέσοις
639 2160 849 2226 αὐτοῖς,
896 2163 1000 2234 ὁρᾷ
1041 2162 1136 2217 δύο
1183 2164 1337 2231 τινάς
1379 2166 1709 2239 ἱσταμένους
1767 2169 1891 2223 lm-

319 2249 552 2311 σκόπους
580 2251 681 2322 μὲν
707 2253 804 2307 καὶ
834 2253 1036 2319 αὐτοὺς
1063 2257 1331 2323 ἐοικότας,
1355 2260 1670 2330 προστάτας
1702 2261 1760 2316 δὶ
1787 2261 1900 2316 τῶν

317 2339 495 2393 ἀλλων
518 2342 617 2396 καὶ
645 2343 927 2415 ἀρχηγοὺς
958 2340 1103 2401 εἶναι
1129 2347 1445 2413 δοκοῦντας.
1481 2351 1723 2415 Τούτους
1752 2351 1900 2423 αὐτῷ

315 2431 346 2484 6
394 2430 626 2500 ἄγγελος
681 2435 1038 2507 παραδείξας,
1094 2439 1294 2510 μόνους
1354 2442 1543 2512 ελεγεν
1610 2438 1750 2497 εἶναι
1801 2444 1902 2514 τῆς

319 2523 483 2579 αὑτοῦ
535 2526 695 2580 νόσοι.
746 2527 1116 2596 θεραπευτάς.
1183 2532 1345 2587 Ἐπεὶ
1394 2533 1453 2589 δὶ
1495 2536 1590 2587 καὶ
1643 2536 1674 2588 6
1730 2535 1901 2601 ὕπνος

322 2618 521 2689 ἀνῆκεν
554 2619 741 2683 αὑτὸν,
783 2620 1127 2676 διεσκοπιῖτο
1160 2623 1284 2694 μὲν,
1314 2625 1460 2685 τίνες
1492 2626 1560 2679 ἀν
1589 2617 1738 2680 οὗτοι
1768 2623 1898 2693 εἷεν,

323 2715 420 2765 οὐκ
464 2709 581 2782 εἶχε
615 2713 673 2766 δὲ
723 2714 818 2767 τὸν
863 2713 1075 2786 θνειρον
1119 2715 1444 2786 συμϐαλεῖν.
1482 2717 1605 2782 Πῶς
1650 2721 1782 2789 γὰρ,
1828 2713 1904 2773 ὧν

324 2804 463 2875 μήτε
497 2804 692 2875 κλῆσις
718 2808 859 2877 μήτε
886 2809 1087 2879 πατρὶς
1109 2809 1303 2881 ἐκείνῳ
1334 2809 1613 2882 γνώριμος
1639 2828 1657 2877 ς
1693 2812 1903 2876 Ἄλλως

325 2911 383 2947 τε
434 2897 531 2949 καὶ
584 2896 821 2967 θατέρου
865 2896 1075 2952 τούτων
1122 2900 1387 2969 φανέντος
1431 2901 1530 2970 μὲν
1584 2901 1736 2972 αὐτῷ
1781 2899 1905 2957 κατ’

322 2988 648 3055 ἐπίσκοπον,
673 2987 829 3043 οὔπω
858 2989 916 3043 δὲ
960 2990 1082 3044 τότε
1130 2993 1428 3063 γενομένου
1451 2995 1573 3057 ταῖς
1600 2993 1903 3064 ἀληθείαις,

327 3081 460 3134 ἀλλά
480 3080 544 3135 τδ
576 3081 774 3152 μέλλον
822 3082 1067 3150 ἔσεσθαι,
1124 3083 1202 3148 ὡς
1248 3083 1354 3157 ἤδη
1403 3084 1621 3155 φθάσαν
1647 3085 1904 3154 γενέσθαι

1526 395 1698 460 νιτΑ
1740 397 1806 459 s.
1850 382 2327 468 SPYRIDONIS.

1080 541 1096 569 ,
1153 503 1449 577 ἆγχειρίζει
1503 511 1570 578 τῇ
1635 509 1883 577 γυναικὶ,

2006 526 2045 572 at
2075 519 2407 582 sustulisset,
2437 518 2491 573 id
2523 519 2685 575 tradit
2716 520 2956 584 mulieri,
3004 521 3084 576 sic
3116 528 3173 575 et
3209 535 3415 590 augens
3450 522 3560 575 mi-

3448 406 3571 469 4383

1991 609 2264 674 racuiutn,
2303 616 2360 664 et
2403 610 2523 680 ejus
2570 611 2830 682 majorem
2878 610 3043 667 ﬁdem
3073 610 3301 667 faciens.
3349 612 3413 668 Et
3443 612 3558 669 bare

1987 701 2206 770 quidem
2232 703 2286 756 in
2317 703 2513 758 insula.

2061 790 2227 848 XVII.
2260 793 2329 851 Ut
2357 806 2539 851 autem
2579 795 2867 851 Antiochia
2901 810 3118 866 quoque
3144 810 3328 866 posset
3370 797 3574 854 videre

1992 884 2301 953 Spiridonis
2337 886 2593 942 virtutem
2624 896 2680 942 et
2715 887 2966 957 gratiam,
3000 895 3056 942 et
3107 888 3175 943 de
3198 901 3262 943 ea
3303 888 3444 945 ferre
3477 899 3559 945 te-

1991 978 2330 1043 stimonium,
2381 978 2487 1035 hoc
2530 994 2750 1050 quoque
2803 977 2863 1034 fit
2912 979 3070 1037 valde
3124 980 3471 1045 mirabiliter,
3507 990 3564 1036 et

1992 1081 2185 1127 contra
2241 1071 2577 1141 Opinionem.
2636 1070 2924 1138 Quomodo
2985 1087 3137 1137 vero,
3168 1071 3281 1143 jam
3313 1073 3566 1129 ostendet

1992 1162 2190 1217 oratio.
2222 1160 2410 1232 Nuper
2454 1162 2676 1234 quidem
2715 1178 2943 1234 magnus
2975 1162 3393 1229 Constantinus,
3431 1166 3563 1220 reli-

1994 1261 2085 1308 cto
2116 1252 2367 1323 imperio,
2396 1268 2427 1308 e
2458 1254 2598 1308 vivis
2630 1263 2945 1311 excesserat
2975 1271 2990 1320 ;
3035 1254 3090 1310 id
3118 1264 3301 1311 autem
3352 1254 3446 1310 lilii
3480 1256 3567 1310 di-

1995 1343 2258 1401 viserant.
2292 1344 2359 1400 Et
2385 1343 2783 1402 Constantinus
2819 1346 3066 1419 quidem,
3101 1347 3192 1403 cui
3226 1347 3365 1404 forte
3426 1347 3569 1402 obtio

1993 1446 2168 1509 gerat,
2200 1446 2261 1495 ut
2286 1446 2499 1497 teneret
2524 1440 2817 1511 imperium
2841 1439 3103 1508 Orientis,
3132 1442 3185 1496 in
3216 1456 3406 1512 magna
3432 1440 3573 1495 urbe

1995 1529 2325 1603 leesyrize,
2385 1547 2581 1603 nempe
2644 1533 2958 1600 Antiochia,
3012 1533 3356 1590 versabatur.
3431 1534 3570 1589 Eum

1997 1632 2179 1678 autem
2209 1623 2391 1695 gravis
2424 1624 2651 1680 morbus
2680 1623 2910 1689 invadit,
2935 1623 3030 1694 qui
3072 1622 3411 1679 medicorum
3446 1638 3568 1677 ma-

1997 1730 2104 1770 nus
2150 1723 2206 1770 et
2252 1724 2427 1771 artem
2475 1716 2828 1787 reprobabat.
2859 1716 2974 1771 Hac
3022 1713 3091 1770 de
3124 1729 3285 1770 causa
3335 1713 3578 1769 aliorum.

2000 1808 2245 1864 omnium
2271 1822 2368 1879 spe
2410 1808 2643 1879 abiecta.
2695 1824 2824 1866 eum
2850 1807 3185 1879 precabatur
3244 1807 3445 1872 solum,
3474 1805 3571 1877 qui

1997 1909 2179 1970 potest
2206 1912 2402 1954 curare
2428 1898 2640 1954 animas
2673 1908 2728 1955 et
2760 1914 3019 1969 corpora.
3050 1895 3188 1954 Cum
3221 1912 3355 1952 vero
3380 1910 3573 1965 precaa

1999 1989 2147 2045 tione
2173 1996 2421 2044 uteretur
2453 1990 2745 2053 intensius,
2776 1997 2943 2044 noctu
2970 1988 3026 2042 in
3060 1986 3272 2042 visione
3319 1985 3370 2039 ei
3406 1998 3577 2054 appa—

1998 2093 2084 2137 ret
2108 2080 2351 2153 angelus,
2379 2081 2677 2137 ostendens
2713 2081 2763 2136 ei
2795 2079 3031 2136 chorum
3055 2084 3372 2133 sanctorum
3433 2073 3578 2128 mul-

2002 2180 2181 2228 torum
2230 2170 2641 2242 episcoporum.
2693 2170 2752 2225 In
2785 2184 2925 2240 quos
2964 2184 3088 2224 cum
3113 2168 3412 2237 imperator
3439 2161 3585 2218 deﬂe

1998 2263 2168 2319 xisset
2194 2264 2404 2329 oculos,
2429 2264 2485 2318 in
2513 2262 2693 2319 medio
2716 2262 2939 2333 quidem
2964 2275 3158 2315 eorum
3211 2258 3365 2313 videt
3407 2270 3573 2325 quos-

2000 2355 2125 2410 dam
2153 2355 2292 2411 duos
2325 2364 2552 2422 stantes,
2586 2355 2679 2425 qui
2712 2362 2872 2409 erant
2904 2351 3009 2423 ipsi
3034 2366 3260 2423 quoque
3298 2349 3581 2421 episcopis

1999 2446 2595 2503 similes:videbantur
2619 2455 2801 2501 autem
2840 2459 2966 2500 esse
3008 2443 3178 2500 duces
3202 2452 3258 2500 et
3313 2443 3577 2512 praesides

2000 2539 2253 2595 aliorum.
2276 2538 2411 2596 Cum
2427 2554 2524 2595 eos
2546 2538 2647 2610 ipsi
2673 2535 3006 2595 ostendisset
3026 2536 3274 2606 angelus,
3305 2535 3454 2592 solos
3482 2548 3579 2590 eos

1998 2646 2121 2687 esse
2152 2630 2370 2686 dicebat
2409 2630 2529 2703 ejus
2554 2630 2733 2686 morbi
2764 2638 3069 2685 curatores.
3100 2626 3236 2683 Cum
3270 2643 3395 2683 eum
3443 2641 3577 2682 vero

2003 2721 2298 2778 dimisisset
2318 2737 2564 2788 somnus,
2599 2721 2981 2777 considerabat
3006 2718 3251 2790 quidem,
3273 2720 3496 2789 quinam
3538 2716 3579 2773 ii

2002 2820 2184 2870 essent
2210 2830 2227 2870 :
2260 2826 2370 2867 non
2393 2819 2606 2883 poterat
2623 2821 2805 2867 autem
2824 2810 3097 2866 somnium
3120 2810 3407 2879 coniicere.
3430 2808 3581 2876 Quo-

2005 2907 2166 2961 modo
2194 2905 2364 2970 enim,
2393 2920 2518 2961 eum
2544 2918 2736 2958 eorum
2759 2917 2863 2959 nec
2894 2918 3118 2967 nomen,
3170 2919 3273 2959 nec
3299 2904 3472 2973 patria
3526 2903 3595 2957 ei

2004 3007 2147 3055 esset
2170 2998 2342 3054 nota?
2370 2996 2604 3052 maxime
2631 3011 2753 3052 cum
2768 2997 2906 3052 alter
2922 3011 3114 3051 eorum
3137 2993 3233 3066 qui
3254 3003 3586 3065 apparuerat

2006 3088 2394 3159 utepiscopus,
2425 3088 2668 3142 nondum
2684 3102 2745 3142 re
2772 3102 2900 3142 vera
2927 3094 3047 3143 erat
3069 3086 3246 3142 Iactus
3275 3104 3290 3139 :
3317 3085 3413 3143 sed
3434 3085 3613 3156 quod‘

328 3175 697 3245 παρεστηκός.
743 3174 887 3247 Πρδς
934 3174 1110 3229 ταῦτα
1156 3176 1337 3231 τοίνυν
1386 3176 1818 3248 διαπορούμενος
1876 3178 1904 3231 6

2008 3182 2253 3236 futurum
2313 3187 2455 3243 erat,
2527 3188 2786 3249 tanquam
2819 3178 2969 3249 quod
2996 3179 3106 3248 jam
3136 3176 3335 3232 factum
3380 3175 3581 3237 fuerat.

327 3267 572 3338 κρατῶν,
598 3267 696 3321 καὶ
728 3267 845 3338 ἅμα
891 3269 990 3339 μὲν
1032 3267 1357 3338 κινούμενος
1390 3268 1489 3324 καὶ
1517 3271 1585 3341 τῇ
1614 3268 1757 3339 ὕψει,
1791 3270 1907 3341 ἅμα

323 3359 380 3411 δὲ
420 3359 518 3412 καὶ
546 3362 667 3422 sui;
710 3359 927 3423 ὀδύναις
967 3359 1436 3429 ὑποϐαλλόμενος,
1471 3360 1573 3414 οὐκ
1608 3356 1755 3432 εῖχεν
1793 3362 1822 3414 δ
1855 3377 1910 3415 τι

330 3450 423 3500 καὶ
447 3448 695 3518 δράσειε.
731 3450 806 3503 T6
835 3450 893 3503 δὲ
918 3452 1018 3521 τῆς
1052 3450 1294 3515 πίστεως
1324 3452 1505 3504 ἐκεῖνο
1542 3452 1748 3523 θερμὸν
1777 3451 1913 3505 κάλ-

327 3539 485 3593 λιττα
533 3540 780 3594 ὑπετίθει
834 3541 910 3612 μὴ
958 3540 1025 3595 ἂν
1071 3540 1216 3598 οὕτω
1268 3543 1516 3614 ματαίως
1565 3543 1666 3615 τὴν
1720 3544 1912 3615 ὅρασιν

326 3635 618 3703 ἐπιστῆναι
640 3649 656 3665 ’
700 3632 824 3687 ὅθεν
858 3633 955 3688 καὶ
999 3634 1181 3688 πείθει
1222 3636 1518 3706 φρονῆσαι,
1551 3635 1831 3708 βασιλικόν
1856 3653 1912 3690 τι

327 3728 418 3780 καὶ
474 3726 750 3793 γενναῖον,
800 3726 892 3779 καλ⁵
943 3729 1080 3799 πρὸς
1132 3727 1196 3782 τδ
1253 3726 1350 3783 νῦν
1401 3728 1527 3799 ἔχον
1572 3728 1768 3798 σοφίας
1812 3729 1912 3781 οὐκ

328 3819 577 3891 ἄμοιρον.
611 3817 753 3883 Τοὺς
785 3818 896 3889 γὰρ
920 3818 1237 3891 ἁπανταχοῦ
1266 3821 1367 3891 τῆς
1404 3819 1697 3892 Ῥωμαίων
1737 3823 1911 3894 ἀρχῆς

326 3909 685 3975 ἐπισκόπους,
720 3910 835 3964 ὅσοι
867 3909 983 3980 βίου
1040 3912 1398 3984 ἐπιμέλονται
1441 3913 1753 3986 φιλαρέτου,
1786 3914 1913 3968 ἐκέ-

328 4001 449 4055 ltus
512 4002 883 4073 συνδραμεῖν,
941 4002 1033 4069 ἶν’,
1087 4004 1226 4075 ὁμοῦ
1282 4004 1671 4073 συνελθόντων,
1718 4009 1817 4061 καὶ
1861 4008 1911 4060 οἱ

327 4095 589 4178 φανέντες
600 4094 896 4180 μαύτῶαδύο
919 4093 1189 4167 γνώριμοι
1215 4095 1554 4151 καταστῶσι.

395 4366 508 4422 lIi'.
548 4367 859 4438 Γράμματα
888 4365 934 4420 δ’
978 4367 1046 4421 ἀν
1099 4368 1242 4421 κατά
1285 4368 1470 4422 πᾶσαν
1520 4367 1622 4439 τὴν
1675 4369 1912 4440 ὑποτελῆ

337 4459 641 4528 Ῥωμαίοις
680 4458 984 4526 ιπέμπετο.
1032 4459 1287 4522 καὶτοὺς
1326 4459 1662 4523 ἐπισκόπους
1703 4460 1910 4517 ἐκάλει.

2013 3279 2359 3342 apparuerat.
2426 3271 2563 3327 Cum
2616 3279 2843 3342 propter
2874 3270 2990 3325 haec
3044 3284 3182 3341 ergo
3231 3278 3376 3324 esset
3416 3267 3604 3322 animi.

2013 3364 2215 3421 dubius
2248 3365 2565 3435 imperator.
2602 3372 2660 3419 et
2693 3363 2858 3418 simul
2881 3361 3105 3433 quidem
3152 3360 3365 3416 visione
3392 3374 3583 3414 move-

2014 3466 2201 3521 retur,
2283 3454 2627 3510 cruciaretur
2694 3465 2879 3507 autem
2940 3449 3249 3514 doloribus,
3304 3446 3588 3502 nesciebat

2013 3545 2272 3618 quidnam
2327 3554 2535 3616 ageret.
2570 3544 2776 3599 Fervor
2827 3558 2975 3599 vero.
3013 3541 3138 3598 ﬁdei
3172 3541 3337 3597 illum,
3379 3539 3586 3609 optime

2013 3638 2368 3703 admonebat,
2398 3653 2509 3693 non
2546 3636 2686 3692 adeo
2711 3646 2915 3691 temere
2943 3635 3090 3689 illam
3124 3633 3444 3704 apparuisse
3497 3631 3586 3686 vi-

2013 3731 2246 3787 sionem.
2277 3728 2435 3786 Unde
2453 3729 2623 3786 etiam
2655 3730 2705 3787 ei
2744 3728 3063 3800 persuadet,
3096 3735 3156 3782 ut
3185 3727 3504 3796 praclarum
3531 3733 3589 3779 et

2016 3821 2349 3886 imperatore
2403 3820 2654 3890 dignum,
2703 3829 2759 3875 et
2799 3820 2853 3874 in
2914 3818 3204 3888 praesentia
3243 3817 3465 3887 quidem
3497 3831 3591 3870 sa.

2015 3911 2225 3983 pientia
2261 3910 2487 3965 minime
2520 3924 2777 3972 vacuum,
2813 3916 3034 3978 caperet
3079 3906 3391 3961 consilium.
3420 3904 3594 3969 Quot-

2016 4006 2151 4069 quot
2197 3997 2344 4051 enim
2402 3995 2647 4066 episcopi
2683 4010 2782 4066 per
2838 3996 3157 4050 universum
3212 3994 3587 4048 Romanorum

2016 4088 2307 4159 imperium
2339 4086 2464 4141 vita:
2489 4100 2559 4142 ex
2583 4086 2790 4140 virtute
2819 4085 3043 4156 agenda:
3072 4098 3261 4141 curam
3292 4085 3587 4155 gerebant,

2010 4182 2174 4254 jussit
2219 4180 2537 4244 convenire,
2571 4187 2630 4234 ut
2652 4192 2776 4233 eum
2822 4178 2985 4234 simul
3025 4178 3434 4242 convenissent,
3475 4177 3606 4232 duo

2015 4290 2254 4347 quoque,
2287 4274 2381 4346 qui
2411 4275 2461 4329 ei
2500 4280 2893 4344 apparuerant,
2929 4270 2982 4323 ei
3017 4271 3132 4325 noti
3154 4269 3479 4326 evaderent.

2090 4367 2277 4424 XVIII.
2330 4366 2504 4422 Missa:
2547 4375 2682 4421 sunt
2713 4380 2844 4435 ergo
2884 4365 3081 4421 littera:
3118 4379 3219 4434 per
3276 4364 3607 4420 universam,

2019 4462 2319 4535 regionem,
2354 4475 2477 4531 qua:
2506 4457 2732 4528 parebat
2757 4455 3041 4522 Romanis,
3094 4463 3149 4510 et
3179 4456 3452 4512 vocabant
3474 4457 3594 4527 epio

329 4552 440 4604 Καὶ
483 4550 613 4603 ἐπεὶ
651 4549 759 4602 τῶν
805 4549 979 4604 ἄλλων
1017 4549 1391 4621 ἀφικομένων,
1420 4546 1649 4621 οὐδεμία
1695 4548 1765 4624 ἦν
1804 4553 1905 4607 τῶν

2018 4567 2214 4623 scopas
2249 4572 2262 4607 :
2296 4559 2354 4607 et
2405 4550 2667 4621 quoniam
2708 4564 2832 4605 cum
2885 4548 2979 4604 alii
3015 4548 3378 4605 accessissent
3430 4549 3467 4603 ii
3496 4550 3605 4619 qui.

331 4641 687 4711 ζητουμένων
724 4641 1043 4711 ἐπίγνωσις.
1094 4647 1304 4712 πέμπει
1336 4644 1430 4696 καὶ
1475 4644 1614 4716 πρὸς
1660 4643 1759 4716 τὴν
1802 4646 1914 4699 xu.

330 4733 511 4803 πρίων
569 4732 755 4801 νῆσον,
812 4730 1132 4801 Σπυρίδωνα
1185 4731 1279 4785 καὶ
1336 4731 1438 4801 τὴν
1484 4732 1698 4786 ἐκείνου
1752 4732 1915 4803 χάριν

334 4822 839 4894 μετακαλούμενος,
886 4824 916 4875 6
958 4823 1016 4874 δὶ
1048 4820 1275 4893 προῄδει
1307 4822 1408 4891 μὲν
1445 4822 1625 4876 πάντα
1664 4824 1732 4876 τά
1771 4822 1916 4876 κατά

330 4917 423 4971 τὸν
470 4914 783 4986 κρατοῦντα
830 4912 909 4983 τῷ
957 4912 1251 4983 πνεύματι,
1299 4914 1545 4983 ὲσήμανε
1602 4914 1714 4985 γὰρ
1763 4912 1915 4985 αὐτῷ

331 5011 541 5064 ἕκαστα
566 5007 635 5061 δι’
664 5006 893 5077 ὀνείρων
917 5005 952 5076 ἡ
982 5006 1142 5076 χάρις
1169 5020 1186 5038 ο
1220 5006 1341 5058 ἐπεὶ
1369 5006 1429 5059 δὲ
1458 5008 1551 5059 καὶ
1579 5006 1628 5058 οἱ
1650 5004 1916 5076 βασιλέως

331 5102 482 5170 λόγοι
536 5098 954 5170 συνωμολόγουν
976 5137 993 5165 ,
1042 5098 1146 5152 οὐκ
1200 5094 1514 5170 ἀϐουλήτως
1560 5097 1698 5172 πρὸς
1751 5099 1915 5152 αὑτὸν

332 5193 653 5264 ἀνατρέχει,
683 5188 1027 5261 ἑπαγόμενος
1057 5190 1157 5243 καὶ
1183 5190 1276 5243 τδν
1322 5189 1517 5260 ἄνδρα,
1563 5184 1609 5258 ᾧ
1642 5192 1786 5244 κατά
1815 5193 1916 5262 τὴν

334 5289 603 5353 φανεῖσαν
629 5283 755 5351 δψιν
785 5282 1150 5353 συμπαρέστη
1185 5282 1263 5353 τῷ
1298 5281 1530 5351 βασιλεῖ,
1563 5283 1736 5352 τούτῳ
1779 5285 1914 5354 Τρια-

333 5375 557 5447 φύλλιος
592 5369 663 5444 ἦν
707 5372 901 5443 ὄνομα,
929 5371 1087 5425 οὔπω
1123 5372 1224 5442 μὲν
1252 5374 1353 5442 τῆς
1401 5373 1706 5444 ἱερωσύνης
1747 5374 1915 5445 ἠξιω-

336 5468 521 5537 μένον,
556 5464 768 5520 ἀνωθεν
797 5462 854 5515 δὶ
884 5464 981 5516 καὶ
1035 5461 1144 5532 πρὸ
1189 5464 1292 5532 τῆς
1334 5462 1688 5535 ἀνθρωπίνης
1728 5464 1913 5535 ψήφου

334 5559 434 5628 τὴν
456 5556 800 5628 χειροτονίαν
828 5556 1196 5623 ἀπειληφότα.
1225 5553 1413 5625 Είσῄει
1443 5552 1575 5623 γοῦν
1604 5555 1721 5625 ἅμα
1740 5556 1917 5625 τούτῳ

337 5650 624 5723 Σκυρίδων
654 5653 735 5712 εἰς
772 5647 842 5701 τά
878 5647 1147 5716 βασίλεια,
1187 5645 1350 5709 λιτῶς
1386 5647 1530 5701 πάνυ
1563 5646 1659 5700 καὶ
1701 5647 1917 5716 ἀφελῶς

330 5742 815 5814 διεσκευασμένος.
841 5737 924 5794 "Il
958 5740 1060 5810 μὲν
1093 5739 1203 5810 γὰρ
1237 5738 1399 5811 ἐσθὴς
1427 5739 1617 5804 δεινῶς
1647 5741 1870 5811 εὐτελής
1896 5756 1914 5772 ·

331 5837 536 5907 ῥαϐδθιν
598 5837 655 5890 δὲ
713 5835 908 5907 βαίνην
964 5830 1112 5905 εἶχεν
1162 5835 1194 5905 ἡ
1247 5832 1423 5901 δεξιὰ,
1478 5834 1572 5888 καὶ
1630 5833 1823 5904 τιάραν
1881 5835 1912 5904 η

2018 4644 2430 4716 quaerebantur,
2484 4654 2834 4712 nequaquam
2911 4648 3382 4711 agnoscerentur,
3424 4640 3594 4695 mittit

2016 4736 2178 4791 etiam
2216 4736 2271 4789 in
2293 4734 2529 4807 Cyprum
2579 4734 2844 4801 insulam,
2878 4747 3170 4789 accersens
3219 4731 3599 4803 Spiridonem,

2014 4836 2071 4883 et
2106 4827 2254 4882 illius
2282 4826 2533 4898 gratiam.
2557 4825 2653 4882 Ille
2682 4834 2865 4880 autem
2899 4823 3085 4878 omnia
3135 4823 3359 4893 quidem
3393 4824 3590 4892 spiritu

2014 4917 2338 4990 praeviderat
2380 4919 2448 4973 de
2482 4916 2833 4988 imperatore.
2865 4914 2920 4968 In
2949 4912 3160 4969 somnis
3195 4914 3345 4969 enim
3377 4914 3429 4969 ei
3477 4914 3592 4969 sin-

2015 5008 2140 5079 gula
2185 5006 2530 5079 significabat
2598 5005 2794 5078 gratia.
2853 5002 2991 5058 Cum
3053 5018 3187 5058 vero
3244 5003 3603 5073 imperatoris

2015 5114 2236 5170 quoque
2267 5099 2438 5155 verba
2464 5099 2514 5154 ei
2546 5097 2949 5164 consentirent,
2988 5109 3101 5150 non
3130 5093 3338 5150 invitus
3366 5094 3434 5150 ad
3460 5109 3588 5150 eum

2015 5189 2412 5260 proﬁciscitur,
2452 5191 2606 5246 ilium
2631 5204 2852 5261 quoque
2882 5187 3065 5242 virum
3114 5199 3303 5241 secum
3357 5184 3589 5251 ducens,

2016 5284 2189 5354 quiin
2223 5298 2313 5348 ea,
2349 5298 2469 5354 quae
2506 5283 2661 5353 prius
2702 5289 3055 5352 apparuerat,
3094 5279 3305 5336 visione
3332 5294 3459 5335 cum
3494 5279 3593 5333 illo

2015 5377 2265 5433 astiterat
2322 5376 2657 5448 imperatori.
2690 5376 2754 5431 Ei
2788 5390 2990 5431 nomen
3043 5383 3167 5431 erat
3225 5373 3586 5445 Triphyliius,

2015 5468 2111 5539 qui
2146 5467 2387 5523 nondum
2429 5467 2652 5536 quidem
2699 5474 2819 5522 crat
2848 5466 3083 5537 adeptus
3114 5464 3506 5531 sacerdotium,
3555 5478 3589 5517 ιι

2017 5558 2230 5629 superis
2251 5569 2456 5622 autem,
2488 5567 2779 5627 antequam
2812 5558 3111 5630 eligeretur
3143 5555 3212 5612 ab
3248 5553 3586 5614 hominibus,

2016 5650 2199 5705 fuerat
2247 5648 2581 5719 designatus.
2624 5647 2760 5703 Cum
2801 5663 2870 5703 eo
2895 5665 3026 5720 ergo
3078 5648 3241 5704 simul
3281 5644 3593 5719 ingreditur,

2018 5740 2275 5811 Spiridon
2302 5739 2355 5793 in
2381 5739 2606 5809 regiam,
2648 5738 2892 5793 tenuiter
2936 5739 3232 5793 admodum
3275 5744 3505 5794 ornatus
3532 5742 3597 5789 eti

2020 5833 2361 5905 simpliciter.
2382 5831 2515 5887 Nam
2537 5831 2705 5886 vestis
2725 5830 2945 5900 quidem
2964 5840 3079 5885 erat
3100 5830 3398 5885 admodum
3422 5818 3544 5883 vilis
3568 5865 3586 5891 ,
