4094 6384
507 360 613 428 439
1739 367 2023 427 MENslS

2159 369 2495 433 LCEMBEB.
3640 382 3749 444 4&0

508 483 564 537 in
600 496 763 536 manu
792 488 973 535 autem
1000 474 1234 537 habebat
1254 478 1461 553 virgam
1490 496 1555 536 ex
1578 482 1778 552 palma,
1801 490 1857 537 et
1882 483 2053 537 tiaran

2177 486 2386 558 κεφαλή
2415 503 2428 517 υ
2458 488 2595 555 πρὸς
2621 489 2677 543 δὲ
2712 492 2805 544 καὶ
2834 492 3114 559 ἀγγείδιόν
3139 508 3194 545 τι
3228 492 3535 564 κεραμεοῦν
3579 496 3747 567 ἐξῆρε

507 571 755 642 gestabat
787 570 841 624 in
860 568 1063 640 capite.
1092 571 1356 629 Praeterea
1393 587 1521 627 vero
1544 572 1822 629 vasculum
1853 589 2053 645 quoquc

2176 593 2307 648 τητο
2331 577 2424 632 τοῦ
2454 579 2748 650 τραχήλου,
2786 580 2976 652 ὥσπερ
3013 582 3109 637 οὖν
3146 580 3268 647 ἔθος
3301 587 3417 649 τοῖς
3447 584 3545 657 τὴν
3585 587 3752 656 ἁγίαν

508 659 782 729 quoddam
819 661 984 718 ﬁctile
1016 662 1066 717 ei
1099 662 1460 732 pendebatex
1494 663 1653 730 collo,
1690 664 1892 735 utqui,
1929 666 2046 721 sieu

2176 668 2332 720 πόλιν
2382 668 2646 733 οἰκοῦσιν,
2706 670 2884 724 ἔλαιον
2930 670 3026 725 τοῦ
3077 671 3222 726 θείου
3279 674 3516 745 σταυροῦ
3561 676 3753 748 φέρειν

508 767 625 807 mos
641 762 777 818 erat,
800 752 867 808 iis
890 753 984 824 qui
1013 766 1258 810 sanctam
1281 754 1603 812 habitabant
1637 756 1936 823 civitatem,
1966 766 2076 814 sta-

509 843 703 901 tuisset
737 843 884 900 ferre
909 845 1087 901 oleum
1115 854 1317 902 sanetae
1341 848 1541 905 erucis.

578 934 719 991 XIX.
754 935 1018 1002 Quoniam
1075 948 1259 993 autem
1297 954 1405 993 non
1439 939 1573 995 satis
1616 948 1734 994 erat
1788 940 2069 1008 tenuitate.

507 1039 565 1084 et
598 1044 627 1082 a
660 1026 825 1082 rebus
850 1028 1143 1097 superﬂuis
1165 1030 1343 1089 aliena
1377 1029 1751 1100 simplicitate,
1785 1033 1878 1088 sed
1904 1033 2071 1091 etiam

509 1121 563 1174 in
596 1119 836 1176 ferendis
872 1120 1090 1191 injuriis
1120 1122 1496 1178 moderatione
1521 1139 1680 1178 suum
1712 1125 1912 1180 imitari
1964 1127 2069 1180 Do-

506 1213 739 1276 minum,
774 1212 996 1284 quidam
1026 1214 1078 1268 in
1116 1213 1283 1282 regia,
1316 1215 1435 1285 ejus
1467 1214 1705 1269 irridens
1726 1215 2068 1280 tenuitatem,

502 1313 561 1365 et
586 1304 905 1360 indecorum
954 1320 1076 1360 esse
1117 1304 1417 1367 arbitrans.
1465 1320 1594 1361 eum
1631 1305 1844 1376 ingredi
1879 1306 1935 1360 in
1983 1321 2071 1362 re-

502 1395 643 1468 giam
673 1395 765 1465 qui
796 1395 869 1450 ita
897 1405 1045 1452 esset
1097 1396 1347 1461 vestitus,
1381 1396 1459 1455 illi
1507 1412 1677 1453 sacrae
1731 1397 1963 1453 maxillae
1988 1399 2070 1454 in-

500 1487 670 1543 cussit
726 1487 1037 1558 colaphum.
1093 1487 1321 1543 Fulmen
1370 1498 1551 1545 autem
1598 1489 1842 1544 nonfuit
1873 1491 2069 1546 ecoelo

496 1577 722 1633 missum
780 1578 835 1633 in
875 1594 1002 1633 eum
1059 1579 1155 1649 qui
1189 1588 1555 1649 percusserat,
1617 1580 1713 1636 sed
1744 1579 1798 1636 id
1842 1583 2068 1638 omnino

496 1682 693 1737 passus
730 1677 834 1737 est,
867 1670 962 1740 qui
1020 1670 1136 1741 ipse
1181 1687 1398 1742 quoque
1429 1672 1485 1727 in
1533 1671 1718 1743 seipse
1768 1672 1953 1729 divine
2012 1673 2067 1729 id

495 1768 615 1814 erat
678 1775 892 1829 passus.
950 1760 1045 1816 llle
1085 1777 1215 1817 vero
1268 1762 1323 1834 (ο
1356 1779 1683 1833 generosum
1706 1764 1972 1829 animum,
2013 1774 2068 1820 et

497 1850 565 1905 ad
597 1852 915 1921 patiendum
950 1853 1508 1925 ambitiosissimum!)
1532 1855 1581 1910 ei
1616 1855 1710 1927 qui
1746 1855 1924 1926 ipsum
1949 1856 2066 1911 alli-

495 1942 675 1998 ciebat
722 1944 942 2014 injuria,
999 1946 1233 2015 przebuit
1257 1954 1312 2000 et
1365 1946 1614 2013 alteram,
1668 1956 1953 2017 promptus
1999 1946 2066 2002 ad

494 2030 829 2091 Dominicam
857 2034 1029 2107 legem
1063 2035 1391 2106 implendam
1417 2057 1430 2093 :
1452 2046 1605 2103 et,se
1628 2047 1941 2108 promptum
1969 2054 2066 2093 ex-

497 2126 738 2183 hibendo
769 2126 837 2184 ad
871 2128 1215 2199 patiendum,
1254 2130 1480 2187 vincens
1515 2132 1660 2186 illam
1688 2133 1914 2187 nimiam
1964 2146 2061 2188 ce—

492 2217 765 2274 leritatem
801 2234 996 2275 manus
1029 2231 1081 2275 et
1112 2220 1531 2290 impudentiam.
1566 2222 1679 2279 lloc
1708 2224 1862 2278 illum
1913 2224 2064 2279 inso-

490 2310 694 2365 lentem
747 2317 803 2366 et
847 2310 1172 2381 injuriosnm
1233 2312 1380 2381 cepit
1424 2312 1724 2382 hominem,
1762 2323 1817 2369 et
1867 2328 2064 2385 magno

493 2401 707 2472 pudore
771 2400 975 2466 aﬂ‘ecit,
1015 2411 1071 2457 et
1104 2403 1360 2470 maxime,
1411 2404 1557 2474 quod
1604 2415 1891 2476 acceperat
1935 2420 2063 2462 eum

492 2505 613 2547 esse
649 2492 994 2562 episcopum,
1043 2492 1136 2562 qui
1165 2492 1395 2549 allectus
1427 2494 1605 2550 fuerat
1661 2496 1880 2568 injuria.
1908 2494 2063 2553 Unde

489 2580 651 2639 etiam
687 2594 945 2650 mutatus,
981 2586 1038 2640 tit
1071 2586 1122 2640 ei
1150 2587 1400 2656 supplex,
1425 2597 1482 2642 et
1509 2588 1646 2657 petit
1675 2591 1916 2656 veniam,
1975 2593 2064 2646 in-

491 2677 849 2732 considerata
902 2677 1112 2747 lapsum
1173 2676 1417 2733 audaciae
1471 2694 1668 2734 curare
1722 2684 2061 2742 contendens

487 2767 667 2825 calore
737 2769 1098 2840 patnitentite.
1149 2770 1248 2833 Ille
1301 2779 1485 2833 autem
1539 2772 1833 2845 (didicerat
1884 2775 2060 2843 enim,

488 2866 634 2921 sicut
667 2866 810 2921 ferre
845 2866 1100 2937 injurias,
1124 2867 1200 2923 ita
1226 2868 1409 2925 debita
1447 2870 1729 2925 remittere
1755 2886 1769 2924 :
1799 2871 1908 2925 imo
1930 2886 2062 2928 vero

485 2975 613 3014 eum
680 2960 776 3029 qui
826 2959 931 3029 ipsi
1000 2960 1308 3017 molestiam
1366 2961 1646 3027 attulerat,
1721 2964 2059 3020 remunerari

489 3051 666 3118 Lenis)
696 3049 879 3104 verbis
909 3049 1108 3120 quibus
1133 3050 1330 3120 potuit,
1370 3067 1499 3106 eum
1549 3051 1732 3107 adiecit
1770 3052 2058 3119 beneficio,

2176 776 2389 832 προῃρη
2398 759 2549 831 μένοι
2560 779 2600 824 ζ.

2248 939 2345 993 ΙΘ¹.
2410 939 2563 993 Ἐπεὶ
2612 940 2667 995 δὲ
2710 941 2819 995 ἔδει
2872 941 2948 1013 μὴ
2993 941 3072 1012 τῷ
3117 942 3397 1014 ἀπερίττῳ
3453 942 3613 1013 μόνον
3654 945 3749 999 καὶ

2177 1031 2406 1096 εὐτελεῖ,
2443 1031 2707 1087 ἁλλὰ-καὶ
2750 1036 2817 1104 τῇ
2852 1034 2988 1103 πρὸς
3011 1034 3110 1099 τὰς
3136 1034 3326 1105 ὕϐρεις
3356 1035 3629 1108 ἐπιεικείᾳ
3656 1038 3749 1093 τὸν

2175 1108 2369 1177 ἑαυτοῦ
2386 1123 2667 1194 Δεσπότην
2711 1124 3078 1195 μιμήσασθαι,
3123 1120 3203 1188 εἷς
3228 1143 3313 1189 τις
3343 1127 3453 1181 τῶν
3496 1128 3556 1180 ὲν
3596 1128 3752 1198 βασιο

2173 1216 2376 1283 λείοις,
2423 1216 2522 1285 τῆς
2578 1216 2854 1280 εὐτελείας
2909 1218 3071 1272 αὐτὸν
3120 1218 3602 1290 διαμυκτηρίζων,
3653 1223 3750 1275 καὶ

2173 1310 2413 1378 ἄκοσμον
2445 1304 2586 1365 εἶναι
2618 1308 2863 1379 οἰόμενος
2891 1309 2953 1362 τὸ
2980 1310 3061 1372 είς
3091 1310 3315 1381 βασιλέα
3332 1310 3506 1373 οὕτως
3555 1312 3748 1382 ἔχοντα

2173 1402 2423 1465 εἰσιέναι,
2462 1401 2770 1474 ραπίσματι
2820 1403 2919 1469 τὴν
2969 1402 3122 1471 ἱερὰν
3151 1401 3370 1470 εκείνην
3397 1402 3594 1457 ἔπαισε
3624 1420 3748 1458 σια-

2172 1493 2326 1561 γόνα.
2362 1490 2610 1562 Σκηπτὸς
2634 1490 2695 1545 δὲ
2726 1491 2936 1548 ἄνωθεν
2959 1492 3060 1546 οὐκ
3084 1492 3290 1561 ἐπῆλθε
3323 1494 3473 1555 κατὰ,
3512 1495 3614 1565 τῆς
3650 1496 3751 1550 τοῦ

2173 1584 2468 1653 παίσαντος
2518 1583 2785 1654 κεφαλῆς,
2826 1584 2948 1638 ἀλλ’
2991 1584 3240 1655 ἠνείχετο
3294 1585 3536 1651 πάντως,
3576 1589 3606 1640 ό
3649 1588 3748 1643 καὶ

2172 1675 2261 1745 ἐφ’
2294 1675 2497 1730 ἑαυτοῦ
2525 1676 2686 1731 τοῦτο
2711 1675 3033 1748 θεοπρεπῶς
3056 1676 3451 1747 ἀνασχόμενος.
3493 1677 3552 1731 '0
3579 1677 3658 1741 δὲ,
3697 1678 3746 1732 ὣ

2171 1767 2270 1836 τῆς
2308 1766 2563 1836 γενναίας
2608 1766 2824 1838 ἐκείνης
2878 1766 3059 1839 ψυχῆς
3108 1767 3202 1822 καὶ
3250 1768 3389 1838 πρὸς
3440 1768 3503 1822 τὸ
3549 1769 3746 1821 παθεῖν

2171 1858 2636 1929 φιλοτιμοτάτηςι
2696 1858 3015 1930 παρεχώρει
3076 1860 3171 1913 καὶ
3221 1857 3323 1929 τῆς
3396 1860 3597 1929 ἑτέρας
3665 1857 3747 1930 τῷ

2169 1952 2439 2022 ὑϐριστῇ,
2485 1952 2780 2023 πληρωτὴς
2817 1951 2894 2006 ὢν
2942 1952 3218 2024 εὐτρεπὴς
3265 1952 3363 2007 τοῦ
3404 1954 3742 2009 Δεσποτικοῦ

2167 2045 2358 2115 νόμου,
2394 2045 2488 2099 καὶ
2524 2044 2689 2100 νικῶν
2717 2048 2784 2115 τῇ
2806 2044 2947 2117 πρὸς
2971 2046 3031 2099 τὸ
3060 2046 3295 2115 πάσχειν
3325 2047 3619 2118 ἑτοιμασίᾳ
3644 2048 3746 2119 τὴν

2168 2137 2427 2207 περιττὴν
2484 2138 2694 2191 ἐκείνου
2738 2137 3052 2208 ὀξυχειρίαν
3101 2140 3196 2194 καὶ
3246 2140 3572 2210 ἰταμότητα.
3616 2136 3745 2194 Ehe

2166 2227 2322 2282 τοῦτο
2340 2228 2431 2284 τὸν
2457 2228 2740 2300 ὑϐριστὴν,
2772 2229 2867 2282 καὶ
2895 2229 3135 2299 ἰσχυρῶς
3167 2230 3538 2300 ὲδυσώπησεν,
3567 2231 3745 2295 ἄλλως

2164 2338 2225 2375 τε
2278 2320 2335 2374 δὲ
2376 2322 2471 2374 καὶ
2510 2320 2573 2374 τὺ
2622 2319 2816 2391 μαθεῖν
2871 2321 3189 2375 ἐπίσκοπον
3258 2317 3397 2375 εἶναι
3446 2324 3539 2376 τὸν
3583 2322 3743 2393 ὕϐρι.

2168 2413 2384 2468 σθέντα.
2420 2411 2584 2465 Ὅθεν
2632 2412 2698 2481 δὴ
2744 2412 2841 2467 καὶ¹
2889 2412 3234 2482 μεταϐαλὼν,
3284 2413 3470 2483 ἱκέτης
3508 2413 3742 2481 γίνεται,

2165 2506 2258 2560 καὶ
2287 2505 2618 2576 συγγνώμην
2656 2506 2914 2571 αἰτεῖται,
2962 2505 3238 2575 ὀλίσθημα
3283 2505 3517 2576 θράσους
3548 2509 3746 2575 ἀπερι-

2167 2598 2404 2650 σκέπτου
2457 2595 2756 2669 θερμότητι
2788 2596 3079 2666 μετανοίας
3131 2598 3465 2666 θεραπεῦσαι
3508 2598 3745 2666 φιλονει-

2165 2691 2298 2746 κῶν.
2360 2690 2469 2745 Καὶ
2524 2690 2604 2755 ὃς,
2667 2690 2955 2760 μεμάθηκε
2988 2690 3101 2760 γὰρ
3157 2689 3345 2759 ὥσπερ
3397 2689 3498 2753 τὰς
3553 2687 3744 2759 ὕϐρεις

2164 2783 2373 2853 φέρειν,
2399 2781 2574 2844 οὕτως
2599 2781 2824 2850 ἀφιέναι
2869 2780 2964 2836 καὶ
3010 2782 3077 2834 τὰ
3108 2781 3424 2851 ὀφλήματα,
3461 2781 3662 2850 μᾶλλον
3685 2780 3743 2833 δὲ

2162 2876 2258 2930 καὶ
2286 2875 2511 2944 ἀγαθοῖς
2555 2873 2877 2942 ἀμείϐεσθαι
2918 2874 3012 2927 τὸν
3044 2873 3414 2943 λελυπηκότα,
3449 2874 3628 2939 λόγοις
3659 2867 3741 2936 οἷς

2162 2963 2307 3037 εἶχεν
2335 2965 2640 3035 εὐεργετεῖ,
2683 2964 2964 3034 πατρικῶς
3015 2964 3375 3034 παραινέσας,
3424 2964 3517 3017 καὶ
3546 2964 3741 3033 βελτίω

2160 3059 2259 3127 τὴν
2305 3059 2471 3111 αὑτοῦ
2515 3057 2694 3127 ψυχὴν
2742 3056 2968 3127 θέμενος
2995 3070 3008 3086 ·
3052 3055 3145 3125 ἀφ’
3188 3051 3248 3111 οὗ
3285 3056 3350 3125 δὴ
3403 3055 3499 3110 καὶ
3540 3056 3593 3108 οί
3639 3054 3741 3119 τὰς

487 3152 714 3213 paterno
743 3142 1054 3208 consulens,
1084 3149 1141 3198 et
1162 3142 1445 3198 meliorem
1468 3143 1518 3198 ei
1544 3143 1780 3199 reddens
1803 3145 2053 3204 animam,

2170 3145 2390 3218 πρώτας
2425 3149 2489 3200 ἐκ
2520 3146 2783 3217 βασιλέως
2813 3144 2981 3215 τιμὰς
3014 3145 3293 3217 φέροντες,
3337 3145 3406 3199 δι’
3432 3146 3613 3209 αἰδοῦς
3646 3147 3738 3199 τὶν

485 3236 604 3302 Quo
623 3237 824 3291 factum
848 3243 953 3297 est,
975 3234 1140 3305 utqui
1162 3235 1307 3306 apud
1325 3236 1707 3304 imperatorem
1732 3236 1940 3307 primos
1956 3237 2055 3291 ho-

487 3342 650 3381 nores
671 3324 1018 3390 obtinebant,
1049 3341 1176 3381 eum
1215 3335 1537 3382 reverenter
1562 3336 2051 3397 prosequerentur,

481 3428 559 3483 et,
586 3426 644 3472 ut
668 3433 769 3487 par
794 3426 933 3482 erat,
966 3416 1232 3472 ducerent
1266 3416 1335 3472 ad
1371 3417 1778 3487 imperatorem.

554 3509 671 3564 XX.
696 3509 814 3565 Non
832 3518 961 3564 sunt
978 3517 1160 3564 autem
1182 3509 1666 3579 praetermittenda,
1692 3526 1813 3580 quae
1832 3510 2053 3569 interim

478 3609 807 3664 evenerunt,
831 3616 950 3671 quae
972 3609 1102 3656 sunt
1133 3601 1316 3656 studio
1339 3602 1525 3672 digna,
1550 3610 1607 3656 et
1635 3617 1758 3672 quae.
1808 3613 2041 3673 possunt

483 3708 731 3765 magnam
754 3691 951 3747 all‘erre
973 3691 1265 3748 utilitatem
1299 3692 1497 3748 animis
1529 3693 1793 3750 studiosis
1827 3673 2049 3766 sapien-

480 3788 588 3845 tiae.
610 3786 807 3844 Videns
817 3786 907 3845 ille
925 3800 1154 3857 magnus
1171 3799 1332 3841 suum
1346 3784 1671 3855 discipulum
1692 3785 2049 3858 Tripliyllium

477 3877 781 3949 perfectum
801 3876 1212 3941 mosiuturum,
1235 3875 1360 3932 etei
1389 3874 1649 3942 similem,
1683 3875 1736 3930 in
1765 3878 2052 3946 praesentia

476 3985 609 4026 vero
643 3985 706 4025 ea
726 3984 852 4039 qute
902 3968 956 4027 in
1006 3971 1211 4022 mundo
1235 3975 1363 4022 sunt
1387 3982 1605 4038 magna,
1637 3976 1690 4022 et
1720 3982 1820 4037 pro
1846 3968 2051 4037 quibus

475 4060 635 4121 multi
648 4075 768 4118 esse
786 4059 1229 4117 contendendum
1247 4060 1581 4126 existimant,
1599 4074 1790 4132 magna
1807 4075 1928 4116 esse
1941 4061 2052 4119 exi.

473 4157 810 4217 stimantem,
845 4163 905 4209 ut
925 4154 1019 4223 qui
1052 4162 1198 4208 esset
1228 4152 1407 4208 adhuc
1425 4164 1587 4209 aetate
1606 4154 1845 4226 juvenis,
1872 4164 1929 4210 et
1952 4154 2049 4210 ba-

481 4249 635 4303 beret
656 4254 873 4302 atatem
904 4245 973 4299 ad
997 4245 1102 4301 hoc
1142 4244 1525 4314 opitulantem,
1548 4253 1604 4299 et
1627 4260 1688 4301 ea
1709 4245 1933 4315 quidem
1951 4246 2048 4301 ad-

480 4339 794 4401 mirantem,
816 4353 936 4407 que
952 4345 1109 4391 erant
1128 4336 1182 4391 in
1200 4336 1370 4407 regia:
1392 4346 1589 4402 vestes,
1610 4336 1853 4406 inquam,
1868 4337 2049 4405 splen-

477 4430 661 4493 didas,
685 4437 743 4484 et
771 4428 890 4482 auri
917 4427 1172 4492 nitorem,
1188 4434 1244 4480 et
1265 4432 1395 4479 ante
1424 4424 1606 4479 omnia
1623 4424 1844 4494 quidem
1869 4425 2046 4494 ipsum

2163 3236 2333 3309 ἄνδρα
2371 3237 2708 3306 ποιούμενοι,
2755 3236 3117 3307 προέπεμπόν
3155 3253 3215 3289 τε
3254 3237 3349 3290 καὶ
3375 3238 3454 3301 είς
3486 3236 3735 3307 βασιλέα,

2161 3325 2233 3391 ὡς
2264 3326 2540 3398 προσῆκον
2563 3322 2649 3398 ἦν,
2680 3326 2927 3396 ἄγουσιν.

2234 3518 2318 3570 li'.
2346 3517 2419 3570 Οὐ
2446 3515 2652 3570 δίκαιον
2676 3515 2730 3569 δὲ
2764 3517 2858 3570 καὶ
2890 3516 2958 3569 τὰ
2992 3514 3199 3586 μεταξὺ
3232 3512 3545 3587 παρελθεῖν,
3582 3513 3734 3579 ἀξιοο

2161 3608 2474 3664 σπούδαστα
2522 3607 2673 3672 ὄντα,
2731 3607 2825 3662 xa‘.
2875 3606 3009 3663 πολὺ
3062 3607 3127 3661 τὸ
3169 3606 3449 3678 ὠφέλιμον
3498 3608 3736 3661 ἐνθεῖναι

2158 3701 2279 3763 ταῖς
2300 3698 2612 3769 φιλοσόφοις
2633 3698 2833 3770 ψυχαῖς
2861 3699 3152 3771 δυνάμενα.
3191 3699 3363 3770 Ὁρῶν
3389 3701 3417 3753 ὁ
3438 3699 3614 3768 μέγας
3642 3699 3736 3753 τὸν

2160 3790 2358 3844 ἑαυτοῦ
2407 3791 2673 3861 φοιτητὴν
2698 3789 3025 3862 Τριφύλλιον
3057 3790 3265 3845 τέλειον
3292 3791 3390 3860 μὲν
3424 3791 3550 3843 ὅσον
3575 3790 3733 3845 οὔπω

2159 3883 2251 3935 καὶ
2287 3878 2410 3934 γατ⁵
2460 3881 2624 3936 αὑτὸν
2663 3881 2946 3951 ἐσόμενον,
2994 3882 3054 3936 τὸ
3099 3881 3157 3935 δὲ
3212 3881 3308 3935 νῦν
3355 3881 3477 3953 ἔχον
3525 3882 3605 3936 ἔτι
3656 3882 3731 3943 ,τὰ

2161 3972 2374 4042 μεγάλα
2412 3973 2506 4026 τοῦ
2537 3972 2654 4044 βίου
2705 3974 2801 4027 καὶ
2842 3975 2954 4038 τοῖς
2993 3973 3206 4041 πολλοῖς
3246 3974 3602 4044 περιμάχητα
3654 3974 3733 4045 μὴ

2161 4068 2331 4139 μικρὰ
2355 4063 2495 4122 εἶναι
2527 4067 2887 4139 ὑπειληφότα,
2927 4066 2964 4120 ἆ
2998 4084 3058 4121 τε
3098 4067 3160 4138 δὴ
3207 4068 3325 4121 νέον
3368 4069 3473 4131 ἔτι,
3509 4069 3601 4122 καὶ
3633 4068 3733 4139 τὴν

2158 4161 2374 4232 ἠλικίαν
2417 4160 2611 4229 ἔχοντα
2640 4160 2779 4230 πρὸς
2808 4159 2967 4213 τοῦτο
3002 4160 3419 4229 συναιρομένην,
3464 4162 3557 4213 καὶ
3598 4160 3732 4214 θαυο

2159 4254 2403 4324 μάζοντα
2452 4254 2550 4321 μὲν
2580 4251 2647 4306 τὰ
2678 4254 2737 4306 ἐν
2789 4250 3103 4322 βασιλείοις,
3132 4250 3364 4321 ἐσθῆτάς
3407 4267 3548 4322 φημι
3586 4251 3731 4323 λαμ-

2158 4346 2328 4411 πρὰς,
2354 4341 2452 4396 καὶ
2479 4339 2684 4413 χρυσοῦ
2717 4338 3101 4427 περιλάμψεις,
3147 4340 3243 4394 καὶ
3277 4339 3384 4411 πρό
3414 4357 3480 4409 γε
3513 4341 3733 4396 πάντων

2157 4435 2321 4489 αὐτὸν
2351 4433 2443 4487 τὸν
2471 4432 2796 4502 κρατοῦντα,
2826 4433 2911 4500 ἐφ’
2935 4431 3138 4501 ὑψηλοῦ
3164 4433 3261 4502 μὲν
3289 4432 3729 4502 προκαθήμενον,

476 4523 886 4591 imperatorem,
939 4517 1118 4587 quiin
1168 4515 1385 4570 excelso
1436 4514 1660 4586 quidem
1701 4515 2046 4584 praesidebat,

2159 4526 2385 4596 φοϐερὸν
2422 4524 2477 4577 δέ
2510 4541 2632 4577 τινα
2665 4523 2759 4577 καὶ
2796 4522 3077 4593 περίδοξον
3106 4523 3183 4593 τῷ
3209 4525 3448 4595 σχήματι
3479 4524 3731 4595 καθορώ-

474 4608 918 4682 conspiciebatur
961 4620 1091 4663 vero
1142 4604 1424 4671 terribilis,
1466 4615 1523 4661 et
1557 4606 1738 4675 specie
1766 4605 2036 4676 insignis;

477 4718 604 4761 cum
649 4707 874 4772 propter
909 4702 1027 4753 haec
1050 4697 1233 4753 omnia
1266 4696 1480 4752 videret
1507 4711 1634 4751 eum
1684 4704 1829 4752 stare
1863 4698 2037 4753 subli-

475 4809 620 4851 mem
650 4802 706 4849 et
731 4799 1069 4858 erectum,et
1092 4790 1248 4861 quasi
1272 4804 1301 4842 a
1329 4804 1387 4844 se
1411 4788 1750 4854 discessisse,
1783 4789 1836 4844 ei
1869 4788 2037 4843 veluti

475 4901 730 4941 somnum
774 4884 1017 4948 solvens,
1070 4890 1128 4939 et
1177 4897 1299 4952 quae
1349 4896 1477 4937 vere
1529 4881 1763 4936 habebat
1805 4882 2037 4948 somnia,

475 4991 637 5033 manu
691 4974 919 5046 palpans
978 4984 1035 5030 et
1081 4972 1406 5043 depellcns:
1454 4972 1561 5027 Sed
1620 4972 1780 5039 mihi,
1837 4971 2036 5042 inquit,

470 5067 778 5140 Tripliylli,
830 5066 982 5120 illum
1058 5064 1237 5134 ipsum
1309 5063 1540 5120 ostende
1610 5064 2032 5133 imperatorem;

467 5175 646 5229 neque
671 5158 822 5213 enim
874 5171 1102 5227 possum
1149 5156 1315 5220 scire,
1348 5156 1599 5226 quisnam
1645 5156 1737 5212 sit.
1770 5155 1819 5211 ls
1850 5166 2035 5211 autem

469 5266 576 5306 non
601 5248 933 5318 intelligens,
964 5248 1097 5318 quid
1135 5263 1363 5318 magnus
1396 5249 1500 5303 sibi
1540 5250 1704 5305 vellet
1732 5249 1990 5320 Spiridon
2018 5269 2031 5304 :

470 5342 568 5399 llic
601 5350 704 5406 est,
726 5340 923 5411 inquit,
949 5355 1112 5396 manu
1131 5338 1430 5396 ostendens
1453 5345 1834 5411 imperatorem
1858 5358 1873 5394 :
1893 5340 2035 5408 Quid

468 5442 553 5490 est
584 5447 739 5503 ergo,
805 5431 980 5501 inquit
1012 5431 1293 5501 Spiridon,
1335 5431 1424 5486 bic
1471 5431 1594 5486 aliis
1636 5432 2032 5493 admirabilior.

469 5524 577 5581 nisi
637 5539 765 5579 eum
819 5524 980 5577 etiam
1031 5522 1240 5577 dixeris
1294 5522 1587 5594 justiorem
1632 5524 1702 5578 ob
1732 5523 1930 5579 fastum
1980 5532 2037 5579 ct

472 5615 862 5687 splendorem?
901 5614 1021 5669 Non
1054 5630 1206 5682 teque
1239 5629 1305 5669 ac
1344 5614 1526 5685 quivis
1586 5632 1791 5688 pauper
1821 5616 2038 5687 ignotus

475 5707 774 5770 morietur;
799 5706 1053 5761 similiter
1084 5720 1215 5760 vero
1247 5707 1548 5775 sepulturae
1606 5708 1958 5764 mandabitur
1981 5718 2037 5764 et

476 5794 757 5861 interibit,
801 5796 1054 5857 similiter
1081 5811 1303 5868 quoque
1328 5796 1551 5856 sistetur
1594 5808 1718 5867 ante
1752 5801 2038 5871 incorrup-

2146 4634 2308 4688 μενον
2333 4635 2349 4651 ·
2387 4618 2481 4671 ἐπὶ
2513 4618 2649 4672 πᾶσι
2679 4615 2895 4679 τούτοις
2931 4616 3209 4685 μετέωρον
3249 4615 3430 4669 αὐτῶν
3458 4616 3600 4686 ὁρῶν
3628 4616 3727 4670 καὶ

2141 4705 2254 4765 οἷον
2302 4708 2653 4780 ἐξεστηκότα,
2710 4708 2963 4777 καθάπερ
3002 4707 3144 4761 λύων
3182 4708 3333 4778 αὐτῷ
3386 4706 3479 4760 τὸν
3537 4706 3726 4773 ὕπνον,

2144 4804 2238 4857 καὶ
2267 4799 2362 4864 οὓς
2390 4795 2536 4871 εἶχεν
2561 4798 2708 4867 ὕπαρ
2737 4796 3001 4868 ὀνείρους,
3033 4797 3312 4867 ἁψάμενος
3344 4800 3408 4867 τῇ
3441 4796 3589 4867 χειρὶ
3622 4797 3722 4850 καὶ

2143 4892 2438 4956 διασείσας,
2479 4890 2619 4944 Ἀλλ’
2654 4892 2802 4960 ἐμοὶ,
2839 4889 2966 4960 ἔφη,
2990 4889 3306 4960 Τριφύλλιε,
3327 4889 3491 4944 αὑτὸν
3517 4889 3726 4942 ἐκεῖνον

2142 4984 2313 5050 δεῖξον
2345 4984 2438 5039 τὸν
2472 4982 2720 5056 βασιλέα.
2770 4982 2907 5038 οὐδὲ
2952 4983 3064 5054 γὰρ
3102 4984 3252 5046 ὅστις
3284 4977 3442 5046 οὗτος
3473 4981 3583 5053 ἔχω
3621 4998 3728 5050 μα-

2147 5077 2284 5130 θεῖν.
2316 5076 2429 5130 Καὶ
2468 5074 2629 5137 αὐτὸς
2682 5075 2735 5128 τί
2788 5077 2818 5130 ό
2872 5075 3045 5144 μέγας
3094 5072 3356 5144 ἠϐούλετο
3412 5074 3487 5144 μὴ
3519 5074 3725 5136 συνείς.

2142 5157 2334 5228 οὗτος,
2387 5163 2514 5233 ἔφη,
2557 5164 2624 5232 τῇ
2661 5161 2805 5232 χειρὶ
2836 5161 3016 5227 δείξας
3057 5160 3149 5215 τὸν
3197 5160 3441 5229 βασιλέα.
3492 5160 3556 5212 Τί
3603 5154 3722 5222 οὖν,

2144 5251 2265 5309 εἷπε
2295 5254 2597 5323 Σπυρίδων,
2629 5252 3073 5323 θαυμαστότερος
3104 5245 3262 5314 οὗτος
3314 5251 3423 5303 τῶν
3447 5249 3646 5316 ἄλλων,
3676 5250 3727 5303 εί

2147 5347 2220 5418 μὴ
2265 5347 2357 5401 καὶ
2391 5345 2728 5417 δικαιότερον
2778 5344 2943 5400 αὐτὸν
2992 5344 3171 5402 εἴποις
3212 5342 3322 5399 ἀπὸ
3363 5341 3457 5395 τοῦ
3502 5341 3717 5410 κόμπου

2144 5438 2366 5509 καὶτῆς
2406 5437 2802 5508 περιφανείας;
2852 5437 2987 5506 Οὐχὶ
3036 5436 3240 5506 ὁμοίως
3282 5436 3382 5502 μὲν
3431 5436 3523 5488 καὶ
3556 5431 3721 5498 αὐτὸς

2145 5530 2352 5599 ἀγνῶτι
2374 5530 2564 5601 πένητι
2599 5531 2693 5583 καὶ
2720 5528 3053 5599 ἠμελημίνῳ
3090 5525 3445 5595 τεθνήξεταις
3486 5525 3723 5595 Ὁμοίως

2145 5622 2202 5677 ds
2254 5621 2411 5691 τάφῳ
2450 5620 2883 5692 παραδοθήσεται
2912 5620 3004 5673 καὶ
3053 5618 3270 5690 φθορᾷς
3321 5616 3720 5688 παραπλησίως

2141 5710 2197 5763 δὲ
2228 5709 2304 5779 τῷ
2329 5709 2611 5780 ἁδεκάστῳ
2639 5711 2800 5780 κριτῇ
2831 5711 3244 5779 παραστήσεται
3270 5725 3286 5775 ς
3323 5709 3387 5761 Τί
3428 5709 3496 5762 τὰ
3522 5709 3714 5777 ῥέοντα

2142 5802 2215 5867 ὡς
2259 5801 2470 5858 ἑστῶτα
2523 5803 2710 5874 τιμᾷς,
2766 5800 2861 5856 καὶ
2908 5801 2974 5855 τὰ
3036 5801 3202 5873 μηδὲν
3253 5801 3382 5861 ὄντα
3435 5801 3714 5873 θαύματος
