4102 6376
308 370 412 436 lii

1534 384 1711 447 VITA
1754 384 1817 446 S.
1861 384 2341 453 SPYRIDONIS.

3469 395 3579 460 412

310 486 512 554 ἀξιοῖς,
544 487 724 561 παρὸν
749 489 821 543 τὰ
848 488 990 545 ᾶῠλα
1021 491 1223 562 μᾶλλον
1264 491 1451 564 ζητεῖν
1483 495 1575 549 καὶ
1603 497 1769 566 ἁῗδια,
1805 496 1893 554 καὶ

2006 510 2119 558 tum
2149 504 2434 572 judieeml
2460 503 2574 560 Cur
2605 520 2729 576 qua;
2758 506 2956 568 ﬂuunt,
2989 516 3248 578 tanquam
3281 524 3404 580 quae
3447 519 3577 565 sunt

309 580 413 649 τῆς
436 581 723 653 ἀφθάρτου
751 582 845 635 καὶ
871 584 1129 654 οὐρανίου
1160 585 1320 655 δόξης
1356 588 1529 660 μόνης
1566 591 1716 661 ὲρᾷν.

2004 592 2242 659 stabilia,
2268 596 2539 660 honorae:
2574 610 2631 653 et
2656 612 2779 668 qua
2802 599 2953 653 nihil
2975 610 3127 661 sunt,
3163 602 3334 656 habes
3389 603 3443 656 in
3474 601 3572 656 ad.-

311 670 627 735 miratione.
680 687 805 730 cum
834 673 966 729 licet
995 676 1180 746 potius
1206 693 1270 733 ea
1321 693 1443 750 quae
1483 688 1613 736 sunt
1683 685 1925 741 materiae
1962 689 2207 756 expertia
2235 696 2291 741 et
2323 697 2549 755 aeterna,
2575 702 2844 759 quaerere,
2867 698 2923 745 et
2943 691 3174 762 gloriam
3243 709 3427 749 amare
3462 708 3579 750 cae-

309 762 528 826 iestem.
562 765 621 820 in
659 781 823 836 quam
863 782 974 821 non
999 770 1146 826 cadit
1186 771 1493 830 interitus?

385 856 519 912 KA'.
566 857 657 911 Ἔν
691 851 737 925 ᾧ
765 859 822 911 δὲ
862 861 999 930 πρὸς
1023 862 1115 916 τὸν
1130 864 1460 934 Τριφύλλιον
1496 868 1651 934 ἔλεγε
1680 869 1878 936 ταῦτα,

311 950 340 1004 ὁ
372 949 631 1020 βασιλεὺς
660 951 721 1019 ἐξ
754 957 1002 1010 ἀπόπτου)
1041 960 1135 1011 τοῦ
1200 960 1445 1031 βήματος
1485 965 1765 1019 ἐπιϐάλλει
1815 966 1892 1036 τῷ

309 1040 445 1112 ὁσίῳ
469 1045 595 1107 τοὺς
631 1044 989 1117 ὀφθαλμούς
1045 1049 1143 1104 καὶ
1192 1053 1387 1121 πρῶτα
1449 1056 1549 1125 μὲν
1610 1059 1774 1111 αὐτὸν
1833 1057 1894 1112 τδ

311 1133 498 1202 σχῆμα
520 1133 617 1187 καὶ
649 1135 680 1205 ἡ
706 1137 942 1210 ἀναϐολὴ
969 1140 1272 1205 ἐπεσπᾶτο,
1306 1145 1371 1212 τῇ
1405 1144 1664 1217 όραθείσῃ
1703 1149 1887 1217 μορφῇ

312 1225 617 1295 συνᾴδουσα
637 1241 655 1260 ο
680 1226 825 1281 οὕτω
850 1229 956 1301 γὰρ
984 1231 1158 1285 ἐδόκει
1191 1234 1286 1286 καὶ
1312 1234 1449 1305 δναρ
1487 1236 1634 1307 αὑτῷ
1667 1237 1895 1307 ὲπιστῆ-

310 1331 419 1382 ναι,
453 1317 549 1370 καὶ
583 1314 653 1389 ἦν
679 1321 856 1372 πάντα
894 1322 959 1393 δὴ
985 1322 1053 1376 τὰ
1081 1324 1244 1391 αὐτὰ,
1274 1327 1307 1396 ἠ
1345 1326 1561 1396 ῥάϐδος,
1587 1331 1619 1400 ἡ
1654 1329 1808 1398 παρὰ
1828 1328 1890 1382 τὺ

311 1406 683 1480 ἐξηρτημένον
733 1413 828 1465 τοῦ
881 1415 1158 1485 τραχήλου
1213 1417 1410 1480 σκεῦος
1444 1419 1538 1472 καὶ
1602 1421 1630 1490 ἡ
1695 1420 1884 1491 στολή.

314 1498 531 1553 Τούτων
594 1501 696 1573 μὲν
750 1498 845 1556 οὖν
885 1505 1050 1568 εὐθὺς
1104 1506 1337 1561 αὐτόθεν
1380 1508 1623 1576 ἀνέγνω*
1685 1510 1778 1564 τὸν
1831 1510 1889 1564 δὲ

313 1592 642 1665 Τριφύλλιον
675 1595 777 1648 οὐκ
815 1593 964 1665 εἶχεν
995 1599 1144 1663 ὅπως
1173 1600 1415 1654 είκάσοι·
1440 1603 1563 1657 οὐδὲ
1587 1603 1696 1674 γὰρ
1730 1601 1893 1673 εμελο

312 1683 403 1738 λεν
433 1687 587 1757 αὐτῷ
634 1691 1115 1760 περιεργάσασθαι
1171 1693 1275 1762 τὴν
1329 1694 1505 1748 ίδέαν·
1542 1697 1665 1749 ἐπεὶ
1702 1697 1894 1751 τοῦτον

314 1779 613 1833 ιπίσκοπον
667 1782 766 1850 οὐχ
814 1784 990 1854 ἑώρα,
1045 1786 1299 1858 καθάπερ
1326 1789 1375 1841 οἱ
1420 1787 1579 1842 ὕπνοι
1614 1790 1778 1844 αὐτὸν
1806 1792 1888 1845 διν

315 1870 648 1940 ισήμαινον·
713 1872 840 1925 ὅθεν
890 1876 985 1928 καὶ
1031 1876 1126 1929 τοῦ
1166 1875 1357 1945 θρόνου
1411 1881 1754 1951 παραχρῆμα
1801 1881 1884 1934 δι-

315 1966 574 2031 αναστὰς,
595 1967 766 2037 χωρεῖ
782 1967 920 2038 πρὸς
946 1968 1040 2021 τὸν
1071 1968 1267 2038 μὲγαψ
1295 1972 1327 2039 ἡ
1359 1968 1469 2041 γὰρ
1498 1971 1767 2042 ἐπιθυμία
1789 1974 1891 2044 τῆς

315 2055 681 2127 ἀναρρῶσεως
715 2058 826 2112 τῶν
856 2060 1035 2114 ἄλλων
1065 2062 1642 2133 ξποίεικαταφρονείν.
1674 2065 1891 2135 Ἀμέλει

315 2148 408 2200 καὶ
445 2145 732 2215 βασιλικόν
781 2150 967 2217 ὄγκον,
1013 2152 1105 2204 καὶ
1164 2152 1227 2206 τὸ
1273 2154 1375 2227 τῆς
1414 2156 1594 2225 ἀρχῆς
1632 2156 1889 2226 μέγεθος,

318 2239 487 2309 μικρὰ
520 2241 614 2292 καὶ
645 2239 875 2310 δεύτερα
913 2242 1012 2311 τῆς
1056 2243 1195 2313 πρὸς
1243 2244 1343 2297 τὸν
1379 2245 1552 2315 μέγαν
1594 2248 1761 2317 τιμῆς
1796 2248 1888 2301 θέ-

317 2349 499 2402 μενος,
534 2333 674 2387 πάνυ
710 2332 914 2399 ἀδόξως
943 2335 1091 2406 αὐτῷ
1122 2338 1214 2389 καὶ
1263 2339 1539 2402 ταπεινῶς
1588 2340 1895 2410 προσφέρε-

313 2438 424 2489 ται,
463 2424 787 2496 θηρώμενος
828 2421 1027 2480 οἶκτον·
1080 2431 1150 2499 τῇ
1206 2429 1477 2501 εὐτελείᾳ,
1528 2432 1628 2484 καὶ
1676 2430 1891 2495 δεικνὺς

315 2515 438 2568 ὅσον
464 2517 530 2568 τὸ
567 2517 733 2584 μέσον
764 2515 1130 2590 προσκαίρου,
1161 2535 1234 2588 φη
1247 2519 1328 2587 μὶ,
1369 2518 1642 2587 βασιλέως
1670 2520 1766 2572 καὶ
1793 2523 1891 2573 ἀν-

311 2608 435 2678 δρῦς
492 2608 716 2662 Βασιλεῖ
752 2609 1102 2674 δουλεύοντος
1155 2611 1379 2679 αἰωνίῳ.
1422 2611 1749 2675 ’Υποκλίνας
1800 2612 1894 2664 οῦν

315 2700 507 2770 ὲκείνῳ
530 2703 631 2768 τὴν
656 2701 1058 2773 κεφαλὴν,λσῦν
1089 2703 1354 2774 δάκρυσιν
1383 2704 1590 2757 ίλεοῦτο
1626 2745 1642 2770 ,
1675 2706 1770 2756 καὶ
1794 2705 1894 2774 τὴν

311 2783 476 2854 εὐχὴν
504 2784 689 2855 ἐζήτει
716 2787 818 2856 τὴν
847 2787 979 2857 παρ’
1007 2788 1196 2852 αὑτοῦ,
1233 2788 1487 2859 καθάπερ
1514 2805 1566 2841 τι
1598 2789 1894 2860 φάρμακον

319 2879 695 2948 ἰσχυρότατον,
754 2879 956 2949 ῥᾳδίως
1015 2880 1165 2934 λύειν
1227 2881 1551 2950 δυνάμενον.
1594 2882 1680 2943 Ὠς
1728 2877 1893 2952 οὖνὴ

314 2972 435 3042 χεὶρ
456 2971 675 3025 ἑκείνου
700 2971 800 3042 τῆς
830 2971 923 3025 τοῦ
956 2972 1226 3041 βασιλέως
1255 2971 1465 3043 ἥπτετο
1498 2972 1765 3044 κεφαλῆς,
1800 2972 1896 3027 καὶ

320 3067 353 3135 ὴ
383 3064 544 3129 νόσος
577 3066 928 3136 παραχρῆμα
954 3066 1344 3136 ἐφυγαδεύετο,
1411 3067 1504 3121 καὶ
1554 3068 1585 3120 ό
1640 3065 1897 3138 βασιλεὺς

318 3162 407 3214 ἁνε
416 3161 678 3230 ρώννυτο.

385 3250 515 3304 KB'.
545 3251 643 3314 Τίς
660 3249 809 3305 ἃντὰ
831 3251 923 3305 ἐπὶ
937 3250 1153 3317 τούτοις
1179 3252 1289 3307 τῶν
1313 3253 1602 3317 παρόντων
1618 3253 1712 3306 καὶ
1729 3254 1896 3309 αὑτοῦ

316 3343 580 3413 βασιλέως
598 3344 1004 3415 ἔκδιηγήσαιτος
1022 3347 1168 3409 ὅπως
1189 3347 1321 3416 παρ’
1338 3346 1466 3418 ὃλην
1487 3348 1551 3418 δὴ
1564 3347 1665 3417 τὴν
1684 3348 1900 3418 ἡμέραν

314 3439 509 3510 ἑορτὴν
530 3430 689 3507 ἦγον,
724 3440 819 3491 καὶ
850 3437 1050 3509 μικροῦ
1078 3438 1368 3509 ἐσκίρτων,
1398 3441 1492 3491 καὶ
1524 3436 1899 3493 κάθεκτοιοὺὁ’

314 3529 449 3589 bim;
479 3526 573 3596 ὑφ’
598 3526 789 3598 ἡδονῆς
821 3529 1124 3597 ἐτύγχανον
1144 3543 1156 3557 ·
1199 3530 1361 3598 μόνος
1389 3528 1673 3597 Σπορίδων
1702 3529 1761 3580 δν
1786 3531 1898 3587 τοῖς

314 3617 576 3670 ἁπάντων
599 3616 836 3685 χείλεσιν
864 3616 1064 3671 ἔκειτο.
1100 3617 1385 3689 Σπορίδων
1415 3619 1665 3672 ἐκαλεῖτο
1709 3620 1895 3689 μόνος,

315 3708 602 3778 Σπορίδδν
630 3709 863 3776 ἑωρᾶτο.
910 3707 1196 3777 Σπορίδων
1229 3703 1299 3777 ἦν
1341 3710 1476 3761 πᾶσι
1504 3707 1563 3760 τὸ
1590 3707 1897 3770 σπουδαζό-

317 3817 503 3874 μενον.
536 3794 667 3870 ⁷Δρ’
712 3796 810 3853 οὖν
836 3800 900 3852 τὴ
931 3802 1032 3871 μὲν
1061 3800 1224 3870 σῶμα
1264 3799 1343 3870 τῷ
1395 3798 1608 3871 βασιλεῖ
1647 3800 1857 3871 ἔρρωτο
1881 3813 1895 3826 '

313 3894 373 3947 τὸ
398 3894 456 3946 δὲ
480 3894 581 3946 καὶ
607 3892 709 3964 τὴν
730 3893 915 3964 ψυχὴν
942 3893 1107 3946 αὑτὸν
1141 3892 1313 3961 ὑγιῶς
1345 3893 1514 3964 ἔχειν,
1559 3896 1632 3957 ὼς
1687 3893 1893 3963 μικρόν

315 4001 371 4040 τι
400 3990 500 4041 καὶ
540 3988 856 4057 παροπτέον
892 3987 972 4057 τῷ
994 3986 1168 4057 ἰατρῷ
1197 3985 1624 4057 παρεδλέπετος
1660 3987 1752 4038 καὶ
1792 3985 1897 4039 ποῦ

313 4080 474 4132 τοῦτο
503 4080 606 4149 τῆς
639 4080 792 4151 ἱερᾶς
823 4079 1037 4132 ἐκείνου
1059 4079 1238 4149 ψυχῆς
1264 4096 1278 4133 :
1318 4079 1478 4131 Ἀλλὰ
1508 4080 1604 4131 καὶ
1630 4079 1804 4150 ταύτῃ
1838 4079 1901 4131 τὸ

319 4172 653 4243 κατάλληλον
697 4173 919 4235 πάντως
965 4172 1133 4224 ἐτίθει
1191 4173 1519 4241 φάρμακονο
1581 4170 1897 4242 μεμνῆσθαι

321 4266 420 4336 μὲν
445 4266 551 4334 τῆς
578 4266 907 4334 εὐεργεσίας
941 4263 1038 4318 τοῦ
1068 4261 1204 4318 Θεοῦ
1246 4264 1610 4334 παραινέσας,
1669 4260 1811 4316 εἶναι
1841 4263 1899 4317 δὲ

320 4362 413 4413 καὶ
468 4357 615 4429 πρὸς
645 4360 777 4422 τοὺς
825 4357 933 4412 ὑπὸ
984 4360 1166 4427 χεῖρα,
1194 4358 1310 4417 τοῖς
1343 4356 1602 4409 πταίουσι
1657 4355 1758 4425 μὲν
1806 4357 1899 4409 καὶ

318 4448 660 4518 λελοπηκόσι
724 4448 1172 4518 συγγνωμόνικόν
1214 4464 1273 4500 τε
1331 4448 1428 4500 καὶ
1465 4446 1644 4510 ἵλεων,
1694 4448 1810 4512 τοῖς
1848 4446 1895 4500 δ’

2064 868 2208 923 XXI.
2230 868 2369 923 Cum
2404 868 2519 924 haec
2539 879 2723 923 autem
2755 870 2967 926 diceret
3000 871 3328 942 Triphyllio,
3395 874 3575 944 impe-

1994 971 2145 1016 rator
2177 976 2242 1016 ex
2265 962 2482 1016 excelso
2512 959 2773 1017 tribunali
2806 963 2859 1016 iu
2896 971 3150 1017 sanctum
3175 965 3401 1033 coniicit
3441 981 3576 1022 ocu.

1990 1056 2113 1111 los:
2147 1062 2203 1109 et
2230 1054 2468 1123 primum
2527 1052 2749 1123 quidem
2807 1069 2936 1110 eum
2988 1054 3301 1110 attrabebat
3341 1056 3566 1114 habitus

1988 1152 2045 1200 et
2071 1145 2332 1211 amictus,
2392 1144 2603 1207 formae.
2640 1161 2763 1214 qua:
2805 1147 2923 1201 visa
2974 1147 3177 1211 fuerat,
3220 1148 3574 1205 conveniens.

2009 1233 2101 1291 Sic
2128 1235 2278 1290 enim
2305 1235 2454 1290 visus
2476 1235 2654 1290 fuerat
2680 1237 2730 1290 ei
2762 1235 2952 1293 adesse
2974 1237 3029 1291 in
3059 1240 3289 1300 somnis.
3322 1248 3379 1295 et
3417 1250 3579 1295 erant

1987 1327 2172 1383 omnia
2206 1328 2423 1393 eadem,
2461 1328 2635 1401 virga,
2678 1329 2839 1393 tiara,
2864 1344 2960 1384 vas
3006 1345 3038 1385 e
3079 1330 3222 1386 collo
3261 1331 3577 1402 dependens

1986 1429 2043 1476 et
2087 1421 2276 1476 vestis.
2312 1421 2450 1475 Eum
2471 1436 2601 1492 ergo
2640 1422 2825 1476 statim
2873 1423 3130 1492 cognovit
3172 1439 3239 1478 ex
3280 1424 3391 1477 aito
3417 1423 3577 1490 ;Tri-

1987 1512 2252 1583 phyllium
2304 1524 2489 1568 autem
2563 1526 2673 1568 non
2751 1521 2967 1584 poterat
3015 1516 3311 1584 conjicere;
3391 1529 3572 1585 neque

1986 1604 2134 1658 enim
2171 1605 2406 1660 curabat.
2433 1605 2554 1676 ejus
2574 1605 2814 1675 speciem
2848 1606 3065 1661 curiose
3097 1605 3396 1675 inquirere,
3431 1621 3570 1675 quo-

1988 1694 2135 1748 niam
2164 1710 2293 1749 eum
2321 1710 2433 1750 non
2483 1695 2704 1751 videbat
2751 1696 3092 1766 episcopum,
3146 1696 3292 1750 sicut
3348 1711 3577 1753 somnus

1992 1788 2042 1842 ei
2100 1787 2462 1859 signiﬁcabat.
2541 1788 2911 1855 Quamobrem
2990 1788 3173 1844 statim
3252 1804 3483 1861 surgens
3528 1800 3576 1846 ο

1994 1879 2144 1944 sede,
2184 1880 2334 1934 vadit
2377 1879 2445 1933 ad
2500 1894 2757 1949 magnum
2802 1879 3174 1949 Spiridonem.
3227 1881 3572 1938 Desiderium

1991 1970 2138 2025 enim
2182 1971 2577 2039 recuperanda:
2626 1970 2874 2026 sanitatis
2892 1971 3124 2027 faciebat
3142 1989 3267 2028 eum
3313 1975 3421 2028 alia
3443 1989 3575 2028 con-

1992 2070 2256 2118 temnere.
2286 2063 2643 2134 Spiendorem
2673 2075 2822 2119 certe
2843 2064 3256 2133 imperatorium
3278 2064 3573 2136 etimperii

1994 2156 2430 2224 magnitudinem
2456 2167 2792 2227 postponens
2817 2157 3012 2211 honori
3040 2157 3219 2226 magni
3242 2156 3574 2227 Spiridonis,

1995 2261 2054 2301 se
2086 2246 2385 2301 admodum
2438 2247 2722 2303 humiliter
2757 2258 2813 2303 et
2866 2249 3081 2319 abiecte
3114 2253 3170 2303 in
3232 2265 3357 2304 eum
3409 2251 3574 2320 gerit,

1998 2338 2315 2393 humilitate
2369 2350 2596 2410 captans
2668 2340 3106 2395 misericordiam
3169 2349 3227 2395 et
3272 2340 3574 2396 ostendens

1994 2436 2261 2498 quantum
2290 2429 2510 2484 intersit
2540 2428 2684 2483 inter
2712 2445 2893 2501 regem
2949 2433 3047 2501 qui
3104 2440 3190 2485 est
3221 2431 3290 2486 ad
3335 2443 3575 2500 tempus;

1995 2529 2050 2576 ct
2074 2535 2202 2576 eum
2238 2523 2331 2590 qui
2354 2521 2524 2575 servit
2561 2521 2695 2591 Regi
2719 2533 2948 2577 aeterno.
2978 2523 3074 2579 ille
3117 2538 3248 2593 ergo
3310 2524 3573 2579 inclinato

1997 2612 2177 2682 capite
2200 2612 2455 2681 placabat
2491 2628 2618 2668 eum
2642 2614 2919 2685 lacrymis,
2950 2624 3003 2668 et
3044 2616 3165 2686 ejus
3196 2615 3418 2684 petebat
3445 2629 3576 2685 pre-

1997 2718 2111 2768 ces,
2139 2713 2397 2773 tanquam
2424 2705 2821 2759 validissimum
2841 2705 3062 2775 aliquod
3082 2707 3572 2770 medicamentum,

1997 2795 2146 2865 quod
2168 2809 2384 2849 omnem
2422 2797 2728 2851 molestiam
2761 2806 2940 2866 potest
2962 2797 3119 2853 facile
3148 2799 3386 2851 solvere.
3416 2798 3577 2853 Post-

2002 2903 2169 2958 quam
2223 2903 2357 2958 ergo
2414 2903 2611 2943 manus
2671 2888 2818 2944 illius
2873 2890 3051 2959 tetigit
3075 2897 3238 2959 caput
3285 2890 3579 2959 imperato-

2004 2980 2105 3042 ris,
2145 2981 2329 3034 statim
2364 2980 2584 3051 fugatus
2638 2989 2725 3035 est
2763 2980 3013 3047 morbus,
3045 2987 3103 3035 et
3138 2981 3419 3036 convaluit
3471 2981 3577 3036 im-

1998 3080 2243 3143 perator.

2073 3250 2242 3307 XXII.
2275 3251 2429 3318 Quis,
2453 3266 2578 3323 quae
2597 3260 2785 3323 postea
2807 3260 3102 3308 consecuta
3136 3258 3286 3318 sunt,
3312 3251 3577 3315 narrabit,

2002 3359 2192 3400 eorum
2216 3345 2308 3414 qui
2342 3345 2592 3411 aderant,
2636 3354 2691 3400 et
2717 3345 2891 3414 ipsius
2922 3344 3273 3415 imperatoris
3310 3343 3577 3408 Iamiam,

2001 3435 2465 3505 quemadmodum
2496 3443 2611 3490 toto
2632 3435 2722 3489 die
2757 3434 2960 3490 festum
2993 3435 3248 3504 agebant,
3279 3443 3337 3488 et
3386 3447 3583 3504 prapo-

2002 3528 2224 3583 modum
2256 3528 2609 3590 cxsiliebant,
2640 3536 2698 3583 et
2729 3542 2909 3599 neque
2940 3543 3000 3583 se
3027 3542 3139 3598 pra:
3168 3526 3366 3597 gaudio
3423 3535 3580 3595 pote-

2001 3630 2127 3675 rant
2151 3620 2481 3674 continere?
2511 3619 2674 3674 Solus
2734 3617 2997 3688 Spiridon
3023 3627 3143 3672 erat
3178 3616 3233 3670 in
3258 3616 3430 3671 labris
3460 3632 3582 3669 om.

2000 3714 2178 3776 nium,
2215 3711 2591 3781 aspiciebatur
2622 3710 2880 3779 Spiridon
2908 3725 2922 3774 ;
2957 3708 3174 3773 eratid,
3201 3708 3348 3778 quod
3395 3707 3580 3761 studio

2000 3812 2123 3859 erat
2156 3805 2438 3858 omnibus.
2472 3804 2795 3872 Imperatori
2824 3803 3009 3872 itaque
3036 3801 3139 3855 fuit
3171 3799 3395 3870 quidem
3448 3814 3577 3854 cor-

2003 3910 2102 3965 pus
2141 3895 2457 3950 restitutum
2489 3895 2750 3959 sanitati;
2775 3903 2837 3948 ut
2868 3903 3051 3948 autem
3083 3908 3214 3949 sana
3253 3902 3401 3947 esset
3454 3894 3577 3963 ejus

2000 3985 2483 4055 anima,numquid
2508 3993 2568 4038 ut
2586 4000 2814 4055 parvum
2835 3994 2889 4038 et
2917 4001 2946 4038 a
2980 3985 3196 4039 medico
3221 3993 3582 4039 contemnen-

2000 4077 2152 4140 dum,
2190 4076 2293 4131 fuit
2313 4076 2673 4146 despectum?
2697 4074 2984 4143 Quomodo
3002 4090 3130 4128 vero
3152 4075 3257 4128 hoc
3281 4074 3473 4130 ﬁnisset
3497 4074 3583 4127 di~

1999 4186 2167 4243 gnum
2187 4179 2534 4225 sacrosancta
2562 4169 2651 4224 illa
2684 4169 2862 4223 anima
2879 4169 2903 4223 ?
2920 4167 3024 4223 Sed
3043 4166 3094 4221 ei
3115 4182 3333 4237 quoque
3355 4166 3586 4221 omnino

2000 4262 2340 4317 conveniens
2377 4260 2633 4315 adhibuit
2685 4259 3265 4323 medicamentum,ut
3310 4260 3405 4328 qui
3458 4273 3584 4313 sua-

2001 4356 2138 4410 serit
2168 4353 2416 4424 quidem.
2442 4362 2503 4407 ut
2534 4353 2884 4408 meminisset
2911 4352 3005 4406 Dei
3074 4352 3331 4407 beneﬁcii
3356 4369 3370 4413 ;
3406 4352 3463 4406 in
3486 4365 3585 4406 eos

2004 4457 2209 4511 autem,
2242 4448 2335 4518 qui
2371 4448 2493 4518 ejus
2524 4448 2790 4518 parebant
2839 4446 3072 4517 imperio
3102 4447 3174 4502 iis
3208 4447 3429 4516 quidem
3487 4448 3583 4516 qui

321 4541 499 4605 ἄλλως
533 4538 755 4609 ἔχουσιν
795 4537 1148 4608 εὐεργετικὸν
1196 4537 1288 4591 καὶ
1340 4538 1664 4608 φιλόδωρον,
1696 4539 1808 4600 τοῖς
1841 4538 1893 4592 δὲ

2010 4540 2384 4602 oﬂ'endebaut.
2422 4548 2478 4597 ct
2509 4541 2751 4611 aliquam
2778 4540 3078 4596 attulerant
3121 4540 3585 4605 molestiam,clc-

318 4634 414 4684 καὶ
468 4633 586 4683 τῶν
644 4631 960 4698 ἀναγκαίων
1013 4629 1408 4700 ὲετιρημένοις
1459 4633 1667 4700 πατρὸς
1719 4631 1893 4692 αὐτοῖς

2007 4641 2250 4688 mentem
2305 4648 2364 4689 se
2421 4634 2693 4705 praeberet
2732 4641 2789 4688 et
2813 4632 3265 4698 misericordem;
3307 4633 3375 4689 iis
3428 4647 3582 4696 vero.

317 4723 411 4774 καὶ
438 4720 746 4791 κηδεμόνος
772 4718 928 4785 τάξιν
977 4718 1429 4787 ἀποπληροῦντα,
1465 4719 1562 4771 καὶ
1593 4720 1753 4787 χεῖρα
1782 4716 1893 4770 τού-

2010 4726 2104 4795 qui
2131 4740 2293 4780 secus
2345 4739 2405 4780 se
2453 4732 2757 4793 gesserant,
2802 4723 3100 4793 benignum
3152 4732 3207 4777 ct
3260 4722 3582 4785 liberalem;

319 4828 430 4875 τοις
490 4813 589 4864 καὶ
654 4810 940 4880 σπλάγχνα
999 4809 1488 4880 φιλανθρωπότατα
1535 4808 1893 4874 διανοίγοντα.

2011 4819 2080 4874 iis
2106 4826 2317 4881 autem,
2345 4819 2440 4887 qui
2472 4816 2671 4887 privati
2696 4826 2857 4871 erant
2878 4816 3043 4870 rebus
3094 4814 3444 4873 necessariis.
3488 4827 3586 4882 pa-

322 4905 472 4974 Ὀσῳ
524 4904 635 4974 γὰρ
679 4902 788 4955 τῶν
828 4901 1006 4955 ἄλλων
1059 4900 1363 4969 διαφέρεις,
1409 4903 1597 4970 φησιν,
1650 4898 1893 4953 τοσοῦτοι

2015 4911 2116 4965 tris
2137 4921 2196 4965 et
2233 4910 2503 4966 curatoris
2543 4924 2743 4963 munus
2781 4909 3099 4967 obeuntem,
3129 4920 3465 4974 manumque
3526 4912 3586 4960 et

321 4991 464 5050 εἷναί
499 5011 564 5047 σε
605 4994 712 5064 χρὴ
743 4992 839 5047 καὶ
872 4994 975 5063 τὴν
1003 4992 1205 5063 ἀρετὴν
1238 4992 1595 5062 ὑψηλότερον.
1626 4992 1782 5044 Ἐπεὶ
1808 4993 1893 5044 τὸν

2012 5001 2225 5056 viscera
2281 5001 2350 5055 iis
2406 5000 2802 5070 benignissime
2882 4998 3266 5069 aperientem:
3301 4995 3579 5063 Quantum

324 5089 400 5159 μὴ
428 5087 580 5141 οὕτω
606 5085 745 5157 πρὸς
781 5086 907 5148 τοὺς
949 5083 1297 5154 ὑποχειρίους
1318 5084 1667 5154 διακείμενον
1701 5082 1893 5152 τύραν-

2009 5091 2180 5154 enim,
2238 5089 2443 5158 inquit,
2507 5097 2734 5158 praestas
2798 5089 3032 5153 cmteris,
3092 5096 3298 5141 tantum
3348 5095 3401 5140 te
3465 5101 3586 5142 esse

322 5194 412 5231 νον
437 5175 648 5245 μᾶλλον
690 5176 724 5247 ἢ
784 5175 1017 5246 βασιλέα
1067 5177 1250 5230 καλεῖν
1290 5175 1390 5239 δεῖ,
1432 5175 1494 5227 οὐ
1525 5173 1893 5243 τῆςυὲξουσίας

2008 5190 2229 5252 oportet
2256 5184 2461 5236 virtute
2484 5182 2864 5238 excelsiorem.
2896 5180 3004 5247 Qui
3045 5180 3194 5235 enim
3247 5194 3357 5232 non
3392 5178 3472 5234 sic
3501 5190 3589 5233 est

324 5268 804 5340 μακαριζόμενον,
851 5267 991 5320 ἀλλὰ
1067 5268 1167 5339 τῆς
1227 5265 1532 5337 ὑπεροψίας
1601 5265 1786 5320 ἄθλιόν
1843 5280 1893 5331 γε

2011 5276 2246 5332 allectus
2273 5276 2328 5330 in
2361 5275 2667 5345 subjectos,
2704 5283 3001 5346 tyrannum
3054 5279 3275 5341 oportet
3300 5284 3427 5325 eum
3489 5284 3588 5339 po-

320 5361 654 5431 κρινόμενον
687 5359 784 5412 καὶ
823 5357 1179 5429 μισούμενον.
1214 5357 1341 5411 Ἐπὶ
1375 5360 1514 5412 πᾶσι
1551 5356 1619 5410 τὰ
1650 5357 1782 5427 περὶ
1801 5357 1893 5424 τὴν

2005 5368 2114 5422 tius
2142 5381 2362 5430 vocare,
2398 5381 2563 5435 quam
2593 5366 2996 5435 imperatorem
3021 5381 3036 5430 ;
3076 5365 3169 5433 qui
3196 5376 3306 5416 non
3337 5369 3423 5416 est
3453 5376 3585 5417 cen-

320 5454 613 5508 εὐσέϐειαν
652 5454 896 5523 ἀκριϐῶς
926 5454 1074 5524 ἔχειν
1100 5453 1360 5524 παρῄνει,
1405 5453 1500 5506 καὶ
1535 5450 1705 5522 μηδὲν
1764 5450 1793 5503 ὃ
1822 5452 1893 5519 μὴ

2009 5460 2215 5514 sendus
2242 5459 2440 5514 beatus
2466 5467 2692 5527 propter
2719 5463 3066 5525 potestatem,
3106 5455 3203 5508 sed
3231 5458 3347 5524 qui
3388 5464 3584 5509 cense-

322 5547 473 5601 δοκεῖ
504 5552 573 5617 τῇ
604 5548 702 5601 τοῦ
747 5549 886 5602 Θεοῦ
924 5548 1222 5619 Ἐκκλησία
1262 5547 1397 5618 μηδὲ
1443 5545 1618 5617 βραχὺ
1670 5545 1893 5616 παραδέ-

2019 5558 2107 5604 tur
2145 5551 2312 5602 miser
2379 5557 2433 5602 ct
2466 5550 2596 5603 odio
2667 5547 2906 5600 habetur
2971 5554 3194 5615 propter
3266 5545 3580 5614 superbiam

321 5639 536 5708 χεσθαι.
572 5642 685 5694 Καὶ
714 5640 886 5694 ταῦτα
923 5639 1024 5712 μὲν
1049 5643 1074 5694 ὁ
1111 5640 1305 5709 μέγας.

2016 5644 2298 5699 Postremo
2339 5643 2665 5700 adhortatus
2711 5652 2817 5709 est,
2868 5649 2929 5698 ut
2955 5650 3209 5698 accurate
3265 5648 3479 5698 teneret
3520 5648 3577 5695 et

321 5739 650 5794 observaret
715 5748 782 5789 ea
845 5749 968 5805 quae
1013 5734 1291 5805 pertinent
1313 5732 1378 5786 ad
1433 5731 1715 5801 pietatem,
1776 5742 1830 5787 et
1878 5752 1943 5794 ne
1975 5737 2244 5792 tantillum
2277 5737 2497 5807 quidem
2528 5737 2871 5802 admitteret,
2900 5735 3044 5809 quod
3099 5751 3211 5791 non
3243 5734 3337 5792 Dei
3388 5734 3594 5806 proba-

326 5846 474 5890 retur
502 5828 784 5888 Ecclesiae.
843 5830 911 5886 Et
940 5830 1056 5887 haec
1086 5831 1308 5902 quidem
1359 5846 1608 5900 magnus.
2648 5852 2649 5857 η
2910 5860 2917 5869 ,
3608 5824 3615 5833 -
