4102 6376
480 383 586 445 443

1704 369 1757 428 Μ
1771 363 1994 427 ENSIS
2037 357 2477 423 DECEMBER.

3625 338 3731 401 4ί4

554 491 744 548 XXIII.
787 491 1086 560 Imperator
1111 492 1294 541 autem
1324 481 1510 540 volens
1545 496 1671 537 eum
1703 474 2047 534 remunerari

2226 467 2353 524 Kl".
2394 467 2454 522 '0
2488 465 2545 520 δὲ
2585 461 2866 533 βασιλεὺς,
2927 455 3255 529 ἀμείϐεσθαι
3300 452 3492 508 τοῦτον
3516 451 3612 520 τῆς
3646 452 3736 505 θε-

486 597 708 656 propter
737 590 1016 649 acceptam
1048 577 1117 633 ah
1146 593 1214 632 eo
1247 577 1612 639 curationem,
1640 573 1807 627 dabat
1864 571 1915 625 ei
1945 569 2052 623 vim

485 677 600 730 auri
633 671 1113 728 innumerabilem.
1143 666 1238 725 ille
1267 683 1398 723 vero
1425 667 1475 722 ei
1507 666 1647 721 dixit
1679 663 1900 734 lepide:
1934 662 2054 717 Non

485 768 564 821 sic
602 762 918 834 oportebat,
957 779 990 815 ο
1028 761 1350 830 imperator,
1387 758 1512 811 odio
1544 753 1880 811 remunerari
1916 751 2054 807 ami-

485 860 692 916 citiam.
717 855 849 922 Quae
875 854 1020 908 enim
1048 869 1077 908 a
1112 868 1196 907 me
1229 859 1454 922 propter
1481 858 1532 904 te
1568 848 1707 902 facta
1741 856 1890 910 sunt,
1931 853 2060 900 sunt

487 966 677 1005 revera
698 949 954 1009 amantis.
979 945 1203 1000 domum
1226 943 1558 1012 relinquere.
1587 949 1642 996 et
1662 948 1870 994 tantum
1894 938 2062 991 maris

493 1041 894 1103 transmittere,
937 1047 993 1093 et
1020 1038 1222 1092 hiemis
1249 1036 1391 1090 ferre
1423 1033 1820 1096 diﬂicultatem,
1851 1039 1908 1086 et
1931 1045 2063 1084 ven-

493 1143 676 1187 tirum
712 1132 764 1184 in
817 1145 956 1199 aqua
988 1128 1406 1184 immanitatem.
1447 1126 1554 1180 Pro
1591 1126 1788 1178 horum
1819 1136 1947 1190 ergo
1977 1137 2064 1175 re-

491 1223 874 1278 muneratione
913 1235 1108 1274 aurum
1140 1217 1426 1286 accipiam,
1450 1215 1596 1284 quod
1623 1226 1706 1270 est
1729 1215 1909 1270 omnis
1937 1212 2064 1266 mali

490 1328 678 1374 causa,
708 1320 764 1364 et
791 1309 952 1364 facile
989 1307 1174 1377 perdit
1237 1306 1503 1377 quidquid
1533 1315 1616 1361 est
1638 1305 1890 1376 justum?
1916 1303 2068 1370 Quo-

493 1403 653 1457 modo
683 1417 790 1455 nou
845 1399 1118 1469 meipsum
1151 1407 1340 1468 aperte
1372 1412 1711 1459 accusarem,
1762 1405 1818 1451 et
1843 1410 2070 1448 summae

492 1495 809 1549 damnarem
861 1489 1274 1561 improbitatis?
1325 1488 1450 1544 Haec
1498 1489 1592 1543 illo
1627 1489 1864 1550 dicente,
1913 1497 1969 1541 et
2009 1501 2069 1540 se

491 1585 629 1640 nihil
668 1593 1026 1652 accepturum
1079 1579 1404 1645 aﬂirmante,
1458 1578 1780 1640 violentius,
1830 1575 2071 1631 instabat

491 1678 812 1747 imperator,
847 1683 904 1728 ut
934 1674 1116 1739 daret,
1149 1672 1392 1728 dedecus
1424 1669 1834 1740 quodammodo
1877 1669 2071 1723 existi-

492 1783 669 1830 mans,
691 1775 750 1819 ut
774 1768 868 1835 qui
889 1763 1158 1818 beneﬁcio
1174 1771 1319 1817 esset
1341 1761 1590 1824 allectus,
1615 1759 1942 1814 beneﬁcium
1963 1773 2072 1812 non

2166 560 2403 631 ραπείας
2455 557 2804 630 βουλόμενος,
2842 551 3047 622 χρυσοῦ
3075 568 3124 602 τι
3157 547 3349 619 χρῆμα
3401 543 3502 599 οὐκ
3551 544 3736 612 εὐαρί-

2163 653 2372 721 θμητον
2441 650 2709 712 ἐπεδίδου,
2779 646 2869 701 τὸν
2918 644 2978 698 δὲ
3016 642 3316 712 χαριέντως
3358 640 3536 692 εἰπεῖν
3604 637 3740 708 πρὸς

2167 745 2331 800 αὐτόν
2353 761 2366 774 ·
2415 742 2546 814 Οὐχ⁹
2575 739 2749 803 οὕτως
2797 738 2928 802 ἔδει,
2966 729 3012 788 ὦ
3043 732 3287 805 βασιλεῦ,
3341 731 3492 802 μίσει
3520 729 3617 796 τὴν
3649 747 3739 796 φι-

2166 837 2294 889 λίαν
2320 832 2681 906 ἀμείϐεσθαν
2726 830 2761 885 ἃ
2793 830 2892 900 μὲν
2917 829 3025 899 γὰρ
3057 825 3180 896 ἐμοὶ
3206 824 3518 895 πέπρακται
3542 823 3631 876 διὰ
3661 823 3744 886 σὲ,

2167 927 2446 997 φιλοῦντός
2481 929 2629 980 ἐστιν
2654 923 2896 993 ἀτεχνῶς
2916 963 2932 986 ,
2979 923 3041 973 τό
3071 937 3131 973 τε
3191 920 3289 988 τὴν
3314 918 3494 971 οίκίαν
3549 916 3742 969 ἀπολι-

2170 1025 2314 1088 πεῖν,
2341 1022 2434 1073 καὶ
2468 1018 2722 1073 τοσοῦτον
2751 1015 3082 1070 διαπλεῦσαι
3112 1013 3350 1080 πέλαγος
3382 1008 3657 1081 χειμῶνός
3682 1025 3744 1062 τε

2169 1115 2491 1181 ὑπενεγκεῖν
2539 1111 2912 1182 χαλεπότητα,
2976 1107 3074 1160 καὶ
3135 1105 3353 1173 ἀνέμων
3424 1104 3484 1155 ὲν
3549 1099 3744 1154 ὕδασιν

2173 1207 2498 1276 ἀγριότητα.
2572 1202 2792 1256 Τούτων
2833 1195 2927 1253 οὖν
2988 1195 3099 1266 ἐγὼ
3128 1195 3328 1267 χρυσὸν
3361 1195 3442 1255 είς
3507 1191 3747 1262 ἀμοιϐὴν

2174 1298 2580 1369 παραδέξομαι,
2630 1295 2722 1348 τὸν
2769 1291 2943 1347 κακοῦ
2982 1289 3182 1351 παντὸς
3214 1289 3416 1351 αἴτιον,
3467 1285 3563 1338 καὶ
3601 1283 3748 1339 ᾇπαν

2178 1390 2387 1443 δίκαιον
2439 1385 2684 1458 εὐχερῶς
2713 1383 3153 1454 λυμαινόμενον;
3213 1378 3327 1432 Καὶ
3374 1378 3494 1440 πῶς
3525 1377 3625 1430 οὐκ
3668 1376 3736 1429 ἂν

2178 1481 2299 1551 εἴην
2329 1477 2574 1550 ἐμαυτοῦ
2609 1477 2896 1547 προδήλως
2937 1470 3286 1542 κατηγορῶν,
3318 1470 3413 1522 καὶ
3441 1467 3750 1539 μοχθηρίαν

2177 1574 2329 1643 σαφῆ
2385 1568 2940 1640 καταψηφιζόμενος
2992 1563 3180 1618 Ταῦτα
3223 1562 3433 1616 ἐκείνου
3496 1561 3747 1628 λέγοντος

2181 1665 2276 1718 καὶ
2335 1664 2522 1717 λαῆεῖν
2576 1660 2732 1714 οὐδὲν
2787 1656 3217 1725 διατεινομένου,
3278 1654 3306 1707 ὁ
3360 1653 3616 1723 βασιλεὺς
3666 1651 3750 1704 ἔτι

2183 1757 2383 1828 μᾶλλον
2417 1755 2554 1824 πρὸς
2607 1755 2670 1806 τὸ
2711 1753 2895 1806 δοῦναι
2933 1749 3236 1804 καθίστατο
3273 1746 3600 1817 βιαιότερος.
3662 1745 3748 1797 al-

491 1865 947 1913 rcmuneraretur
975 1872 990 1909 :
1047 1853 1141 1910 sed
1178 1852 1406 1922 expulso
1433 1850 1626 1906 morbo
1651 1849 1920 1919 corporis,
1955 1849 2071 1903 vin.

2190 1850 2395 1919 σκύνην
2424 1846 2615 1918 ὥσπερ
2649 1844 2958 1916 ἡγούμενος
2992 1843 3050 1894 τὸ
3085 1839 3145 1894 εὖ
3185 1839 3427 1893 παθόντα
3466 1837 3543 1908 μὴ
3584 1837 3750 1891 ἀντα·

492 1962 713 2005 ceretur
749 1950 807 2003 in
851 1948 1020 2004 animi
1056 1947 1355 2017 probitate.
1405 1944 1674 2011 Quocirca
1711 1943 1884 2013 magis
1911 1941 2078 1997 insta-

493 2044 608 2099 bat.
642 2052 701 2096 ut
731 2043 981 2096 vinceret
1006 2042 1086 2094 sic
1113 2038 1344 2093 affectus
1366 2053 1514 2102 eum,
1542 2037 1634 2105 qui
1665 2035 1807 2089 vinci
1842 2051 1948 2088 non
1981 2049 2077 2103 po-

495 2143 657 2189 terat.
701 2133 770 2189 Et
810 2132 1108 2202 persuadet
1140 2130 1368 2200 quidem
1399 2128 1516 2192 lilii,
1559 2136 1618 2181 ut
1650 2125 1886 2196 accipiant
1914 2167 1928 2191 ,
1965 2141 2075 2179 non

494 2243 701 2293 autem,
751 2239 812 2284 ut
856 2227 1004 2298 quod
1038 2227 1224 2281 datum
1278 2225 1460 2280 fuerat
1491 2223 1634 2294 apud
1671 2237 1798 2278 eum
1839 2230 2073 2276 maneat.

491 2324 635 2379 Cum
672 2323 818 2378 enim
858 2321 1038 2377 valere
1061 2319 1318 2386 iussisset
1350 2318 1762 2387 imperatorem,
1792 2313 2076 2368 distribuit

495 2414 678 2466 ouinia
714 2412 782 2466 iis
812 2412 905 2480 qui
935 2420 1092 2466 erant
1120 2409 1174 2463 in
1208 2409 1355 2479 regia
1389 2424 1403 2463 :
1445 2409 1624 2475 reipsa
1660 2407 1890 2470 docens,
1921 2420 2065 2474 quo-

497 2503 663 2558 modo
690 2512 942 2571 oporteat
992 2516 1090 2556 eos
1121 2500 1348 2556 allectos
1393 2514 1513 2555 esse
1545 2499 1612 2552 ad
1659 2513 1793 2567 opes
1821 2506 1876 2551 ct
1912 2511 2078 2566 pecu-

499 2593 642 2656 nias,
676 2592 721 2646 si
753 2593 923 2644 velint
951 2604 1070 2643 esse
1099 2589 1282 2642 liberi.
1317 2586 1507 2657 Magna
1529 2587 1676 2639 enim
1709 2583 1778 2638 ad
1807 2598 1902 2638 eas
1938 2597 2076 2650 pro-

500 2683 717 2757 pensio,
761 2692 819 2738 et
868 2681 1032 2736 nimis
1075 2680 1278 2734 victum
1319 2694 1444 2734 esse
1496 2677 1564 2731 ab
1614 2691 1806 2732 earum
1861 2687 2078 2744 posses-

497 2778 677 2839 sione,
711 2775 840 2846 quid
865 2783 950 2830 est
991 2783 1182 2844 aperte
1213 2772 1387 2836 aliud,
1421 2785 1586 2843 quam
1622 2768 1929 2825 voluntaria
1962 2782 2080 2822 ser-

497 2871 688 2926 vitus?
719 2869 832 2924 Hoc
860 2885 987 2924 cum
1035 2867 1300 2922 audiisset
1339 2865 1661 2934 imperator,
1699 2862 1840 2916 dixit
1877 2877 1936 2916 se
1967 2875 2076 2914 non

498 2963 734 3033 amplius
764 2962 972 3022 mirari,
1005 2963 1048 3014 si
1079 2961 1171 3015 hic
1200 2959 1301 3025 vir,
1328 2960 1423 3030 qui
1447 2958 1519 3012 ita
1549 2956 1702 3020 vivit,
1744 2965 1850 3010 tam
1884 2967 2079 3022 magna

500 3054 665 3109 laciat
696 3053 976 3108 miracula.
1040 3051 1276 3106 Tantum
1311 3051 1493 3119 itaque
1551 3047 1793 3103 fructum
1833 3043 2080 3115 percepit

2185 1938 2486 2010 μείψασθαι
2506 1939 2606 2008 τὴν
2642 1933 2990 2006 εὐεργεσίαν,
3019 1933 3155 1987 ἀλλά
3195 1932 3350 1984 νόσον
3411 1929 3752 1988 ἀποϐαλόντα

2184 2031 2457 2102 σώματος,
2489 2032 2572 2092 είς
2596 2026 3004 2096 καλοκαγαθίαν
3031 2025 3209 2094 ψυχῆς
3239 2023 3564 2093 ἡττηθῆναι.
3592 2022 3752 2074 Ὅθεν

2181 2125 2276 2178 καὶ
2303 2123 2507 2194 μᾶλλον
2537 2121 2864 2192 προσέκειτο
2887 2119 3108 2188 νικῆσαί
3140 2134 3256 2180 πως
3286 2113 3427 2168 οὕτω
3450 2115 3621 2169 δοκῶν
3660 2114 3752 2166 τον

2181 2217 2474 2286 ἀήττητον.
2529 2215 2640 2268 Καὶ
2671 2211 2855 2266 πείθει
2912 2209 3012 2280 μὲν
3053 2210 3264 2262 ἐκεῖνον
3288 2205 3494 2269 λαϐεῖν,
3549 2206 3609 2258 οὐ
3646 2204 3753 2277 μὴν

2181 2308 2323 2360 ὥστε
2381 2306 2474 2360 καὶ
2523 2307 2707 2375 μεῖναι
2743 2302 2877 2372 παρ’
2909 2300 3059 2370 αὑτῷ
3087 2299 3150 2353 τὸ
3191 2298 3366 2352 δοθέν.
3410 2299 3496 2362 Ὠς
3528 2298 3637 2368 γάρ
3676 2299 3755 2367 τῷ

2189 2399 2405 2471 βασιλεῖ
2463 2397 2874 2468 συνταξάμενος
2934 2391 3184 2465 ἐπανῄει,
3248 2393 3396 2446 ἆπαν
3449 2390 3584 2445 αὐτὸ
3641 2390 3754 2453 τοῖς

2183 2493 2312 2560 περὶ
2340 2492 2408 2544 τά
2443 2489 2696 2560 βασίλεια
2751 2487 3024 2556 διανέμει,
3068 2485 3218 2556 ἔργῳ
3254 2484 3543 2547 διδάσκων,
3607 2483 3754 2543 ὅπως

2185 2583 2294 2655 Χρὴ
2354 2584 2452 2636 καὶ
2505 2583 2702 2644 αὖτοὺς
2757 2581 2897 2648 πρὸς
2954 2578 3188 2634 πλοῦτον
3218 2579 3311 2632 καὶ
3344 2577 3607 2647 χρήματα
3639 2575 3756 2626 δια-

2183 2677 2421 2738 κεῖσθαι,
2475 2674 2640 2743 εἴπερ
2708 2673 2815 2741 ἄρα
2853 2671 2913 2726 τὺ
2973 2670 3295 2740 ἐλευθέρους
3358 2669 3559 2730 αὐτοὺς
3617 2661 3758 2719 εἶναι

2186 2767 2538 2838 βουλομένοις
2563 2764 2740 2818 ἐστίν.
2787 2762 2850 2816 Ἥ
2880 2762 2990 2834 γάρ
3024 2761 3195 2831 πολλὴ
3238 2760 3377 2832 πρὸς
3409 2760 3587 2814 ταῦτα
3617 2759 3759 2828 ῥοπὴ

2183 2859 2278 2912 καὶ
2313 2857 2376 2910 τὸ
2402 2857 2524 2909 λίαν
2549 2855 2816 2925 ἡττᾶσθαι
2849 2853 2948 2922 τῆς
2985 2853 3165 2907 αὐτῶν
3204 2853 3452 2924 κτήσεως
3476 2891 3492 2915 ,
3537 2851 3588 2902 τί
3643 2853 3758 2903 ἓτε-

2188 2967 2280 3019 ρον
2314 2949 2346 3020 ἢ
2378 2948 2556 3020 σαφὴς
2614 2946 2989 3013 ἐθολοδουλία;
3043 2946 3216 2998 Τοῦτο
3266 2945 3362 2998 καὶ
3413 2942 3759 3012 τὸνβασιλέα

2189 3041 2440 3114 μαθόντα
2473 3041 2673 3112 μηκέτι
2720 3039 3021 3111 θαυμάζειν
3045 3040 3241 3102 εἰπεῖν,
3275 3039 3324 3090 εί
3379 3034 3515 3106 ἀνὴρ
3577 3030 3753 3098 οὗτος,

501 3143 804 3212 imperator
833 3156 901 3196 ex
933 3140 1120 3195 verbis
1145 3138 1456 3208 Spiridonis
1477 3176 1492 3202 ,
1529 3151 1702 3207 usque
1730 3135 1867 3190 adeo
1893 3141 1950 3188 et
1981 3133 2078 3188 be-

2186 3135 2330 3189 οὖτω
2365 3135 2542 3205 βιοὺς,
2573 3137 2667 3188 καὶ
2703 3133 3000 3204 θαυμάτων
3039 3131 3184 3185 οὕτω
3217 3129 3468 3200 μεγάλων
3525 3128 3760 3196 αὐτουρ-

503 3232 827 3302 nignitatem
874 3229 1088 3299 aspexit
1137 3238 1193 3283 et
1240 3227 1662 3290 humanitatem,
1713 3234 1773 3279 ut
1821 3221 2079 3278 omnibus

2186 3231 2276 3297 γδς
2301 3228 2600 3284 δείκνυται.
2643 3227 2914 3280 Τοσοῦτον
2958 3221 3054 3279 οὖν
3100 3223 3362 3278 ἀπώνατο
3406 3221 3519 3274 τῶν
3546 3219 3755 3289 Σπυρί-

505 3323 732 3392 quidem
786 3320 1098 3390 egentibus,
1151 3325 1207 3374 et
1261 3317 1464 3378 viduis,
1517 3327 1573 3371 ct
1627 3315 1916 3385 orphanis,
1971 3312 2079 3367 illis

2186 3321 2346 3382 δωνος
2376 3319 2551 3387 λόγων
2595 3319 2624 3372 δ
2659 3317 2950 3388 βασιλεύς,
3017 3315 3112 3370 καὶ
3159 3315 3297 3384 πρὸς
3345 3311 3760 3383 φιλανθρωπίαν

503 3413 727 3482 quidem
757 3411 1103 3472 viduitatem,
1134 3409 1220 3464 his
1253 3423 1386 3463 vero
1428 3407 1746 3470 orbitatem,
1782 3407 1866 3458 bis
1895 3413 2079 3458 autem

2186 3411 2384 3480 ἔϐλεψε
2412 3411 2508 3464 καὶ
2538 3409 2916 3481 χρηστότητα,
2969 3406 3112 3460 ὥστε
3151 3403 3429 3476 δεομένοις
3464 3404 3620 3466 πᾶσι,
3666 3404 3762 3455 καὶ

503 3503 673 3557 etiam
716 3502 983 3570 in0piam,
1023 3515 1220 3570 magno
1243 3509 1299 3554 et
1327 3500 1543 3556 excelso
1577 3499 1763 3552 animo
1804 3507 2079 3551 recrearet

2186 3506 2406 3573 χήραις,
2443 3503 2537 3556 καὶ
2569 3503 2849 3570 ὀρφανοῖς,
2877 3502 2998 3564 ταῖς
3031 3499 3131 3568 μὲν
3156 3498 3254 3567 τὴν
3276 3497 3524 3566 χηρείαν,
3555 3497 3666 3558 τοῖς
3703 3495 3762 3548 δι

503 3603 563 3648 et
589 3601 946 3646 sustentaret.
984 3592 1157 3646 Porro
1195 3599 1380 3644 autem
1412 3589 1676 3644 omnibus
1711 3603 1930 3658 quoque
1989 3586 2083 3655 qui

505 3695 639 3740 sunt
687 3685 922 3754 partium
953 3682 1484 3746 ecclesiasticarum,
1537 3679 1946 3741 sacerdotibus,
2003 3679 2086 3731 iu-

503 3793 694 3848 quam,
733 3784 790 3831 et
833 3775 1104 3841 diacouis,
1146 3774 1357 3844 primus
1387 3774 1509 3842 lege
1542 3771 1792 3834 decernit
1826 3769 2088 3823 immuni-

507 3881 674 3926 tatem
703 3889 718 3925 :
743 3869 1046 3924 absurdum
1075 3883 1196 3923 esse
1237 3867 1516 3938 judicans,
1567 3879 1664 3920 eos
1687 3863 1782 3934 qui
1819 3861 1951 3932 Regi
1983 3861 2087 3915 im-

509 3963 728 4018 mortali
785 3961 1042 4016 attributi
1081 3968 1212 4014 sunt
1243 3959 1309 4014 ad
1349 3958 1740 4024 ministerium,
1792 3955 1907 4028 regi
1939 3971 2088 4009 mor-

511 4055 605 4109 tali
641 4055 858 4110 solvere
886 4052 1193 4122 vectigalia.
1239 4051 1308 4105 Et
1337 4051 1454 4106 haec
1474 4049 1705 4118 quidem
1731 4050 1806 4104 ita
1831 4064 1890 4105 se
1921 4049 2089 4105 habe-

515 4148 670 4200 haut.

580 4237 768 4293 XXIV.
812 4235 944 4290 Vult
989 4244 1174 4291 autem
1201 4235 1381 4291 oratio
1425 4236 1594 4290 etiam
1632 4234 1868 4289 aliorum
1903 4235 2093 4290 memi-

515 4330 666 4384 nisse
702 4328 1116 4391 miraculorum,
1143 4343 1265 4396 qua
1293 4335 1422 4382 sunt
1456 4334 1645 4381 ornata
1673 4327 1795 4382 laeto
1821 4326 1956 4380 ﬂore
1975 4341 2093 4396 gra-

510 4421 709 4475 tiarum
721 4429 928 4486 ,etcum
945 4419 1178 4472 utilitate
1190 4433 1438 4488 magnam
1451 4419 2092 4489 spirantiucunditatem.

2189 3595 2287 3664 τὴν
2319 3593 2611 3662 ὀρφανίαν,
2639 3594 2748 3656 τοῖς
2773 3592 2828 3644 δὲ
2865 3589 2959 3642 καὶ
3011 3588 3110 3658 τὴν
3135 3588 3392 3658 ἀπορίαν,
3451 3584 3762 3657 μεγαλοψύ-

2203 3704 2313 3756 χως
2344 3685 2874 3755 παραμυθήσασθαι.
2906 3683 3015 3736 Καὶ
3041 3683 3173 3735 πᾶσι
3215 3681 3272 3733 δὲ
3299 3682 3412 3742 τοῖς
3440 3678 3539 3748 τῆς
3572 3679 3763 3746 ἐκκλη-

2191 3778 2479 3845 σιαστικῆς
2509 3776 2745 3846 μερίδος,
2775 3774 2979 3846 ἱερεῦσί
3013 3789 3074 3826 τε
3097 3772 3192 3826 καὶ
3230 3774 3354 3824 ὅσον
3383 3772 3442 3823 ὲν
3471 3770 3763 3833 διακόνοις,

2192 3869 2406 3938 πρῶτος
2438 3864 2596 3930 οὗτος
2625 3867 2909 3936 νομοθετεῖ
2934 3866 3034 3934 τὴν
3067 3863 3339 3928 ἀτέλειαν,
3395 3860 3593 3915 ἄτοπον
3626 3856 3764 3914 εἶναι

2191 3960 2384 4030 κρίνας
2428 3959 2554 4022 τοὺς
2583 3960 2838 4029 ἀθανάτῳ
2879 3957 3098 4012 Βασιλεῖ
3135 3957 3270 4027 πρὸς
3317 3955 3621 4026 ὑπηρεσίαν
3669 3970 3760 4004 κε-

2190 4051 2580 4122 κληρωμένους
2611 4051 2813 4122 θνητῷ,
2847 4050 3045 4120 φόρους
3069 4048 3444 4102 κατατιθέναι.
3463 4045 3573 4101 Καὶ
3593 4045 3764 4098 ταῦτα

2197 4145 2294 4215 μὲν
2327 4144 2500 4206 οὕτως
2532 4145 2717 4213 ἔσχεν.
3320 4127 3349 4143 ί

2267 4234 2395 4291 KA'.
2433 4236 2491 4289 ὐ
2521 4235 2579 4289 δὲ
2611 4235 2768 4304 λόγος
2800 4234 3050 4304 βούλεται
3079 4236 3174 4289 καὶ
3203 4233 3382 4291 ἄλλων
3420 4232 3767 4301 ἐπιμνησθῆ-

2196 4345 2282 4381 ναι
2308 4327 2408 4380 θαυ
2421 4326 2632 4398 μάτων,
2663 4326 2875 4398 φαιδρῷ
2898 4326 2976 4397 τῷ
2995 4325 3104 4380 τῶν
3129 4326 3372 4397 χαρίτων
3410 4325 3564 4380 ἄνθει
3605 4340 3767 4376 κεκο-

2199 4419 2519 4490 σμημένων,
2560 4418 2655 4473 καὶ
2689 4419 2889 4489 πολλῆς
2924 4421 3200 4474 πνεόντων
3238 4419 3379 4490 μετὰ
3418 4418 3512 4473 τοῦ
3563 4414 3764 4483 ὠφελί-

515 4512 555 4564 E
598 4512 739 4580 regia
769 4520 990 4565 sanctus
1012 4510 1322 4578 egrediens,
1342 4510 1580 4578 hospitio
1602 4510 1877 4578 excipitur
1899 4526 1928 4563 a
1953 4525 2079 4580 quo-

2204 4529 2308 4581 μου
2344 4512 2437 4564 καὶ
2465 4512 2681 4581 ἡδονῆς.
2720 4511 2911 4576 Ἐξιὼν
2929 4513 3038 4584 γάρ
3064 4512 3172 4565 τῶν
3206 4510 3499 4582 βασιλείων
3531 4509 3558 4561 ὁ
3590 4507 3768 4576 ἅγιος,

510 4602 636 4656 dam
668 4601 871 4655 Christi
901 4610 1144 4655 amante.
1175 4601 1254 4654 Ad
1282 4615 1410 4655 eum
1435 4613 1618 4656 autem
1651 4603 1864 4658 accedit
1890 4604 2090 4656 mulier

515 4693 767 4756 barbara,
825 4702 879 4747 et
928 4694 1129 4764 linguae
1179 4693 1384 4750 Grt’BCtB
1435 4695 1710 4764 imperita,
1756 4711 1877 4766 qua:
1929 4711 2091 4750 suum

515 4786 687 4840 tilium
740 4795 1015 4840 mortuum
1068 4786 1252 4842 ferens
1282 4785 1338 4840 in
1373 4787 1648 4854 manibus,
1703 4803 1827 4842 eum
1864 4787 2092 4856 deponit

511 4877 584 4931 ad
633 4879 806 4932 sancti
860 4878 1065 4947 pedes;
1112 4877 1247 4948 quin
1297 4879 1462 4932 etiam
1514 4878 1628 4946 ipsa
1665 4895 1886 4947 quoque
1921 4894 2092 4948 prona

510 4969 734 5031 cecidit,
769 4968 978 5024 deﬂens
1025 4967 1438 5033 miserabiliter,
1492 4978 1549 5023 et
1600 4970 1669 5023 iis
1719 4971 1966 5040 quidem,
1998 4969 2092 5038 qui

514 5059 766 5123 aderant,
823 5075 887 5114 ea
943 5058 1158 5122 dicens,
1215 5075 1336 5128 quae
1385 5074 1494 5113 non
1547 5069 1799 5129 poterant
1866 5059 2091 5127 intelligi

517 5161 746 5221 propter
772 5151 1105 5215 barbariem,
1153 5151 1284 5205 solis
1333 5151 1667 5220 loquebatur
1711 5151 1987 5221 lacrymis,
2022 5151 2096 5204 si-

431 5282 435 5311 τ
516 5244 786 5308 gniﬁcans
818 5259 876 5298 se
918 5242 1048 5297 ﬂere
1083 5253 1310 5313 propter
1344 5243 1540 5306 lilium,
1589 5251 1645 5296 et
1675 5251 1863 5312 petere
1894 5258 1922 5294 a
1959 5258 2095 5312 pon-

521 5335 691 5397 t:lice,
721 5344 781 5389 ut
822 5350 947 5389 eum
997 5337 1310 5388 suscitaret.
1355 5334 1450 5388 His
1501 5333 1774 5403 frangitur
1807 5333 1891 5386 vir
1925 5333 2092 5386 animi

522 5427 918 5490 misericordis,
953 5437 1009 5482 et
1041 5427 1255 5481 duabus
1300 5426 1484 5491 rebus,
1535 5425 1907 5480 moderatione
1940 5426 2096 5480 scili-

519 5527 632 5583 cet,
659 5529 712 5574 et
737 5520 1212 5575 commiseratione
1239 5519 1488 5574 mulieris
1507 5519 1846 5574 distrahitur.
1871 5517 2099 5585 Quando

525 5614 674 5668 enim
706 5613 774 5667 ad
822 5615 943 5684 ejus
983 5613 1230 5668 dolorem
1261 5623 1316 5668 et
1343 5613 1613 5668 viscerum
1658 5611 1907 5666 ardorem
1956 5611 2098 5679 aspi-

528 5703 731 5769 cit-bat,
766 5706 1182 5774 aggrediebatur
1215 5705 1564 5769 miraculum,
1599 5713 1654 5758 ct
1680 5703 2009 5758 incitabatur
2032 5702 2098 5756 ad

529 5796 799 5852 orandum
816 5799 1018 5864 'Deum,
1065 5807 1120 5852 ut
1148 5813 1286 5868 puer
1314 5796 1689 5854 revivisceret.
1715 5795 1943 5861 Quando
1969 5812 2098 5852 vero

2197 4601 2541 4668 ἐπιξενοῦται
2575 4603 2684 4655 τῶν
2717 4602 3078 4673 φιλοχρίστων
3117 4605 3242 4664 τινὶ,
3285 4605 3535 4672 πρόσεισι
3569 4602 3624 4654 δὲ
3664 4603 3766 4651 αἱ-

2192 4694 2272 4765 τῷ
2299 4696 2436 4764 γυνὴ
2463 4694 2760 4763 βάρϐαρος,
2788 4697 2882 4748 καὶ
2907 4694 3491 4765 γλώσσηςἘλληνικῆς
3521 4695 3766 4763 ἀμαθὴς,

2193 4789 2228 4858 ἡ
2254 4790 2344 4842 καὶ
2373 4788 2567 4859 νεκρὸν
2602 4789 2805 4858 ἑαυτῆς
2853 4789 2915 4842 τὸ
2944 4786 3156 4842 παιδίον
3189 4790 3245 4840 ὲν
3279 4787 3471 4858 χερσὶν
3500 4787 3766 4857 φέρουσα,

2194 4882 2306 4940 τοῖς
2336 4879 2464 4931 ποσὶ
2492 4877 2653 4932 τοῦτο
2689 4879 3026 4949 παρατίθησι
3058 4879 3152 4932 τοῦ
3183 4879 3340 4947 ἁγίου
3365 4891 3380 4908 ’
3430 4882 3525 4931 καὶ
3548 4878 3686 4947 αὑτὴ
3711 4878 3773 4929 δι

2197 4973 2316 5041 ἅμα
2347 4972 2889 5043 προσκατεδάλλετο.
2926 4975 3145 5044 οἰκτρόν
3191 4991 3244 5026 τι
3279 4975 3371 5026 καὶ
3397 4972 3589 5042 γοερὸν
3640 4973 3773 5024 ἁνα-

2198 5064 2485 5129 κλαίουσα,
2513 5067 2605 5120 καὶ
2672 5066 2914 5120 ἀσύνετα
2969 5066 3066 5134 μὲν
3101 5069 3213 5130 τοῖς
3257 5066 3517 5135 παροῦσι,
3556 5063 3644 5117 διὰ
3707 5063 3772 5117 τὸ

2199 5154 2477 5225 βάρϐαρον
2501 5156 2758 5222 λέγουσα,
2794 5158 2978 5226 μόνοις
3007 5156 3064 5209 δὲ
3093 5159 3208 5219 τοῖς
3239 5155 3472 5221 δάκρυσι
3524 5155 3767 5222 φθεγγο-

2203 5248 2337 5316 μένη
2396 5249 2492 5300 καὶ
2523 5250 2605 5301 ὄτι
2632 5246 2726 5301 τοῦ
2754 5248 2945 5312 παιδὸς
3009 5248 3171 5318 χάριν
3209 5250 3238 5300 ὁ
3293 5247 3512 5319 θρῆνος,
3546 5245 3771 5315 ἔνδηλον

2199 5339 2541 5404 καθιστῶσα,
2572 5339 2666 5392 καὶ
2693 5339 2770 5402 ὡς
2799 5340 3036 5392 αίτεῖται
3061 5339 3126 5406 δὴ
3157 5339 3308 5410 παρὰ
3336 5339 3431 5391 τοῦ
3463 5340 3775 5408 ἀρχιερέως

2199 5425 2298 5496 τὴν
2335 5427 2660 5484 ἀναϐίωσιν.
2702 5429 3029 5482 Ἐπικλᾶται
3059 5429 3282 5490 τούτοις
3317 5430 3345 5480 ό
3383 5427 3779 5495 συμπαθέστα-

2200 5537 2292 5583 τος
2322 5521 2419 5591 τὴν
2446 5521 2649 5592 ψυχὴν,
2709 5522 2802 5574 καί
2845 5523 3044 5585 amor,-
3093 5524 3403 5592 πράγμασι,
3455 5520 3779 5589 μετριότητι

2207 5613 2559 5680 φρονήματος
2589 5612 2792 5682 δηλαδὴ
2823 5615 2916 5666 καὶ
2942 5616 3006 5683 τῇ
3039 5615 3176 5683 πρὸς
3201 5615 3298 5683 τὴν
3337 5615 3569 5680 γυναῖκα
3631 5628 3777 5678 συμ-

2207 5700 2426 5772 παθείᾳ,
2461 5702 2765 5772 μερίζεται.
2796 5704 2924 5756 Ὅτε
2977 5703 3216 5774 μὲν.γάρ
3271 5703 3330 5757 τὸ
3378 5704 3551 5764 πάθος
3578 5703 3774 5770 αὐτῆς,

2205 5793 2300 5847 καὶ
2349 5795 2440 5850 τὸν
2495 5794 2602 5848 τῶν
2635 5794 2959 5866 σπλάγχνων
3017 5797 3348 5864 ἐμπρησμὸν
3406 5794 3464 5846 ἕὸ
3498 5793 3652 5854 alea,
3684 5797 3776 5844 ir:-
