4102 6376
311 359 422 422 ME

1543 357 1718 419 VlTA
1759 360 1819 418 S.
1866 358 2252 424 SPYRIDON
2266 363 2356 428 lS.

3483 366 3594 435 446

307 475 517 546 εχείρει
567 470 645 544 τῷ
698 472 974 544 θαύματι,
1007 471 1101 526 καὶ
1129 473 1308 544 ὁρμῆς
1355 474 1582 546 ἥπτετο,
1638 476 1896 548 δεηθῆναι

2012 483 2200 536 rursus
2255 479 2576 536 intuebatur
2643 480 2712 538 ad
2773 481 3209 552 magnitudinem
3267 483 3594 556 petitionis.

306 564 452 617 Θεοῦ
486 565 622 634 πρὸς
667 565 770 637 τὴν
795 564 893 618 τοῦ
919 564 1112 628 παιδὸς
1145 565 1446 620 ἀναϐίωσιν
1467 584 1482 598 ο
1513 567 1677 638 ἡνίκα
1703 569 1758 622 δὲ
1791 570 1900 624 πά-

306 657 396 709 λιν
428 657 562 727 πρὸς
590 656 650 709 τὸ
683 656 916 726 μέγεθος
944 658 1133 712 άπεῖδε
1166 659 1263 728 τῆς
1303 658 1607 725 ἀξιώσεως,
1664 661 1894 731 μέτριος

306 747 390 800 ὼν
425 752 486 801 τὸ
514 750 796 819 φρόνημα,
834 748 930 803 καὶ
971 749 1074 820 τὴν
1099 751 1335 820 καρδίαν
1363 753 1463 823 οὐχ
1492 752 1695 823 ἥκιστα
1729 754 1894 807 εὐλα-

309 841 442 911 ϐὴς,
494 841 774 912 ὑπεχώρει
824 843 921 896 καὶ
947 842 1298 908 ἀνεϐάλλετο,
1361 845 1455 898 καὶ
1492 846 1686 912 ἰταμὸν
1715 846 1901 916 ἔκρινε

305 933 374 985 τὸ
424 933 757 1004 ἐγχείρημα.
809 932 910 988 Διά
972 950 1056 987 τοι
1087 933 1264 1000 τοῦτο,
1296 933 1606 1006 σύμϐουλον
1634 936 1732 990 ἕνα
1791 937 1900 990 τῶν

311 1027 442 1096 μεθ’
499 1025 701 1081 ἑαυτοῦ
767 1028 1230 1097 συμπαραλαϐεῖν
1272 1029 1437 1097 ἔγνω.
1496 1029 1900 1103 Ἀρτεμίδωρος

308 1113 472 1182 οὗτος
519 1115 610 1191 ἦν,
662 1121 720 1172 ὲν
762 1121 1035 1185 διακόνοις
1063 1121 1190 1194 ἄρτι
1221 1123 1417 1187 τελῶν,
1453 1124 1615 1195 ἀνὴρ,
1647 1118 1692 1192 ᾧ
1721 1124 1900 1179 πάντα

318 1211 427 1280 μὲν
456 1210 762 1280 φιλοπόνως
792 1211 859 1266 τὰ
887 1213 986 1282 τῆς
1018 1213 1221 1284 ἀρετῆς
1247 1215 1476 1285 ἤσκητο,
1517 1215 1574 1269 ἓν
1599 1216 1657 1270 δέ
1680 1234 1731 1270 τι
1762 1219 1902 1285 πρὸς

310 1303 498 1364 πάσας
524 1302 673 1371 αύτῷ
699 1303 1003 1373 καθαπερεί
1057 1320 1110 1358 τι
1162 1304 1360 1376 χρῶμα
1398 1307 1578 1360 κοινὸν
1611 1307 1897 1378 ἐκέκρατο,

311 1393 378 1446 τὸ
414 1393 607 1463 μηδενὶ
648 1393 808 1465 δῆλον
868 1395 1140 1467 μηδαμῶς
1194 1397 1570 1468 κατορθοῦντα
1623 1399 1897 1468 γίνεσθαι.

313 1490 520 1542 Τοῦτον
547 1485 642 1544 οὖν
667 1489 696 1541 ὁ
731 1490 878 1553 ὅσιος
904 1489 1069 1560 ἤρετο
1101 1491 1234 1561 περὶ
1256 1489 1354 1544 τοῦ
1407 1491 1462 1544 τί
1509 1492 1712 1562 δήποτε
1741 1512 1903 1566 ποιη-

313 1581 440 1635 τέον
474 1581 680 1645 αὐτοῖς.
718 1583 829 1636 Καὶ
883 1581 943 1645 ὃς
997 1582 1137 1653 πρὸς
1174 1583 1361 1648 αὐτὸν,
1408 1581 1437 1636 ὃ
1490 1584 1747 1640 κάκεῖνον
1795 1587 1902 1641 ἔδει

317 1677 538 1738 πάντως
574 1677 749 1730 εἰπεῖν
771 1716 785 1739 ,
813 1675 909 1730 καὶ
943 1675 1132 1730 τοῦτον
1165 1676 1421 1744 ἀκοῦσαι,
1443 1677 1508 1730 Τί
1540 1677 1673 1748 γὰρ,
1709 1680 1900 1750 φησὶν,

315 1759 361 1824 ὦ
393 1770 598 1839 Πάτερ,
626 1769 722 1821 καὶ
750 1767 909 1840 ἤρου.
929 1768 1064 1824 Τίδὲ
1090 1768 1218 1826 ἄλλο
1249 1771 1504 1840 ποιητέον
1534 1773 1630 1826 καὶ
1665 1771 1900 1842 μάλιστα

2003 589 2130 630 eum
2173 580 2320 629 esset
2352 573 2636 630 modestus
2666 588 2732 631 ac
2765 576 3108 643 moderatus,
3143 579 3423 648 cordeque
3471 577 3595 648 pius

2003 675 2060 721 et
2093 674 2313 730 cautus,
2341 666 2575 722 cedebat
2619 674 2677 721 et
2708 667 3024 734 diﬂ‘erebat,
3053 678 3109 724 et
3140 685 3261 726 esse
3309 670 3595 742 judicabat

2005 767 2264 813 conatum
2314 757 2719 828 impudentem.
2756 758 3030 826 Quocirca
3083 764 3276 817 statuit
3327 761 3595 835 adbibere

2003 851 2060 906 in
2099 851 2391 906 consilium
2430 867 2599 906 unum
2627 867 2692 906 ex
2727 851 2816 917 iis,
2849 853 2944 923 qui
2982 864 3140 908 erant
3182 869 3392 909 secum.
3424 855 3474 908 ls
3498 870 3596 910 au-

2007 952 2115 999 tem
2161 951 2283 998 erat
2333 943 2740 1008 Artemidorus,
2772 943 2868 1013 qui
2896 945 3009 1017 jam
3041 955 3156 1000 erat
3187 946 3472 1011 diaconus,
3508 945 3594 1000 vir

2003 1033 2100 1103 qui
2131 1034 2316 1088 omnia
2343 1033 2568 1102 quidem
2603 1032 2897 1103 diligenter
2942 1043 3290 1098 exercuerat,
3317 1051 3437 1104 quae
3467 1050 3594 1104 pcr-

2007 1123 2182 1178 tinent
2227 1123 2295 1178 ad
2344 1122 2626 1179 virtutem.
2678 1118 2837 1180 Unus
2875 1139 3007 1180 vero
3059 1123 3228 1179 veluti
3281 1123 3593 1179 communis

2004 1215 2230 1287 quidam
2258 1214 2410 1270 color
2431 1223 2550 1270 erat
2578 1223 3024 1285 contemperatus
3049 1214 3331 1279 omnibus,
3357 1223 3415 1267 ut
3443 1224 3592 1269 recte

2005 1321 2224 1379 gerens,
2275 1306 2414 1361 nulli
2443 1315 2590 1361 esset
2640 1307 2868 1361 omnino
2913 1305 3258 1361 manifestus.
3290 1306 3427 1360 Eum
3463 1321 3599 1374 ergo

2005 1399 2216 1469 rogavit
2245 1409 2491 1462 sanctus,
2527 1398 2658 1467 quid
2700 1398 2781 1453 eis
2819 1411 2965 1454 esset
3000 1397 3340 1454 faciendum.
3380 1398 3474 1452 Ille
3495 1413 3596 1452 au-

2007 1497 2116 1544 tem
2152 1488 2314 1552 dixit,
2351 1490 2498 1559 quod
2551 1490 2704 1544 illum
2735 1491 2964 1544 omnino
2989 1489 3279 1560 oportebat
3311 1489 3514 1553 dicere,
3541 1497 3598 1542 et

2007 1580 2156 1634 hunc
2185 1580 2414 1635 audire:
2451 1579 2594 1648 Quid
2629 1581 2801 1645 enim,
2833 1596 2866 1635 o
2901 1581 3092 1646 Pater,
3126 1579 3331 1650 inquit,
3360 1578 3596 1634 interro-

2004 1673 2182 1744 gasti?
2230 1673 2370 1740 Quid
2422 1683 2507 1728 est
2553 1682 2737 1729 autem
2785 1672 2933 1727 aliud
2987 1672 3323 1737 faciendum,
3387 1681 3443 1725 et
3497 1671 3596 1726 tibi

2007 1767 2266 1833 maxime,
2293 1767 2398 1821 nisi
2424 1766 2677 1823 Christus
2700 1767 2824 1821 vita:
2848 1767 3008 1821 dator
3041 1765 3400 1830 invocandus,
3429 1779 3592 1834 quem

317 1862 401 1913 σοὶ
431 1859 463 1931 ἢ
495 1830 592 1912 τὲιὲ
615 1830 889 1930 ζωοδύτην
926 1861 1258 1932 ἑπικλητέον
1288 1830 1551 1932 Χριστὸν,
1574 1862 1629 1926 ὃς
1665 1830 1766 1935 ἤδη
1809 1865 1902 1918 καὶ

2012 1857 2114 1927 iatn
2149 1855 2205 1911 in
2238 1857 2426 1911 multis
2449 1855 2552 1911 fuit
2574 1855 2800 1911 evidens
2833 1864 2954 1910 tuas
2981 1856 3245 1910 exaudire
3273 1853 3598 1909 orationes?

319 1953 385 2004 lx
415 1949 628 2003 πολλῶν
657 1949 815 2020 δῆλος
848 1951 1042 2020 γέγονε
1072 1952 1183 2006 τῶν
1243 1953 1355 2008 σῶν
1414 1953 1639 2008 ἀκούειν
1697 1955 1900 2026 εὐχῶν,

317 2041 493 2104 ιλλως
525 2058 584 2094 τε
620 2039 680 2093 δὲ
723 2042 821 2094 καὶ
880 2042 929 2096 εί
991 2041 1246 2112 βασιλεὺς
1297 2043 1386 2100 διὰ
1445 2043 1541 2098 σοῦ
1604 2045 1900 2116 σέσωσται,

316 2134 552 2206 πένητες
583 2134 758 2204 δήπου
790 2135 884 2187 καί
916 2133 1094 2201 ἄδοξοι
1151 2137 1457 2207 παροπτέοι
1507 2139 1900 2209 κριθήσονται;

385 2225 518 2282 KE’.
543 2227 806 2280 Πείθεται
827 2229 892 2299 τῇ
918 2227 1186 2300 καλλίστῃ
1210 2227 1496 2301 συμϐουλῇ
1529 2232 1556 2283 δ
1579 2231 1898 2301 ἀρχιερεὺς,

316 2321 412 2375 καὶ
444 2320 612 2391 οῐκτφ
637 2321 1064 2392 διαθερμανθεὶς
1091 2323 1192 2392 τὴν
1223 2321 1478 2391 καρδίαν,
1511 2323 1807 2387 ὑπόπλεως
1840 2341 1901 2377 τε

313 2415 442 2476 τοὺς
479 2413 799 2485 ὀφθαλμοὺς
854 2414 1109 2486 δακρύων
1168 2415 1488 2486 γενόμενος,
1525 2415 1734 2480 κλιθεὶς
1790 2420 1903 2482 τοϊς

315 2509 542 2575 γόνασιν
590 2508 686 2560 ἐπὶ
720 2512 846 2578 γῆν,
883 2508 976 2562 καὶ
1020 2507 1288 2579 δάκρυσιν
1318 2547 1334 2574 ,
1375 2507 1549 2580 αὐτὴν
1583 2509 1900 2580 διαϐρέξας,

318 2599 417 2671 βοᾷ
448 2599 592 2657 πάνυ
623 2601 830 2672 θερμόν
857 2617 911 2653 τι
944 2602 1038 2654 καὶ
1062 2599 1357 2667 πεπονθὸς,
1387 2603 1488 2656 καὶ
1512 2604 1758 2674 Χριστοῦ
1789 2607 1902 2659 δεῖ·

314 2710 406 2746 ται
425 2692 834 2765 φιλανθρώπως
861 2693 954 2747 τοῦ
977 2693 1210 2762 ἀγαθοῦ,
1232 2697 1300 2766 τῇ
1323 2693 1658 2766 ταλαιπώρῳ
1681 2699 1904 2767 γυναικὶ

315 2787 404 2840 τὸν
432 2789 601 2840 παῖδα
634 2786 882 2854 ζωῶσαι,
919 2790 1013 2842 καὶ
1046 2789 1264 2862 μητέρα
1290 2788 1462 2852 δεῖξαι
1493 2791 1634 2844 κατὰ
1660 2790 1720 2844 τὸ
1758 2792 1904 2864 ἱερὸν

315 2878 520 2948 λόγιον,
561 2880 656 2933 ἐπὶ
721 2881 890 2935 τέκνα
940 2883 1407 2956 εύφραινομένην.
1450 2887 1514 2941 ’0
1583 2885 1766 2940 τοίνυν
1833 2886 1902 2942 δι’

327 2974 636 3030 Ἐλισσαίου
661 2977 754 3029 καί
798 2976 981 3031 Ἠλιοῦ
1021 2978 1099 3050 τῷ
1142 2979 1240 3048 τῆς
1267 2982 1584 3052 Σαραφθίας
1613 2985 1766 3038 παιδί⁸
1805 2984 1902 3038 καὶ

315 3067 414 3138 τῆς
461 3070 834 3139 Σωμανίτιδος
865 3071 1035 3144 πνοὴν
1066 3072 1244 3135 ἐνθεὶς
1310 3076 1403 3128 καὶ
1427 3075 1486 3128 τὸ
1510 3076 1611 3146 ζῇν
1671 3080 1904 3148 χαρισά-

2009 1958 2067 2005 et
2093 1949 2299 2020 alioqui
2338 1948 2382 2004 si
2421 1965 2518 2020 per
2571 1960 2622 2004 te
2672 1950 2859 2004 salvus
2890 1949 3071 2004 evasit
3107 1949 3432 2018 imperator,
3463 1962 3599 2015 pau-

2012 2059 2174 2117 peres
2201 2054 2257 2100 et
2289 2045 2508 2117 inglorii
2550 2043 2947 2117 iudicabuntur
2977 2058 3096 2100 esse
3125 2039 3495 2113 despiciendi?

2082 2226 2250 2283 XIV.
2291 2225 2676 2282 Puleherrimo
2730 2225 2963 2281 consilio
3013 2232 3174 2296 paret
3225 2224 3506 2294 pontifex;
3545 2232 3599 2279 rt

2010 2321 2179 2378 corde
2213 2335 2476 2375 accensus
2512 2319 2909 2380 misericordia,
2943 2327 3001 2374 et
3031 2319 3222 2374 oculos
3257 2317 3466 2373 habens
3489 2318 3601 2388 ple-

2011 2431 2112 2472 nos
2149 2414 2428 2486 lacrymis,
2457 2413 2694 2484 genibus
2734 2413 2788 2467 in
2820 2421 3022 2466 terram
3075 2410 3249 2475 ﬂexis,
3280 2419 3336 2464 et
3370 2426 3490 2465 eam
3528 2410 3600 2466 ri-

2010 2523 2144 2582 gans
2185 2506 2428 2572 ﬂetibus,
2480 2506 2746 2560 ardenter
2781 2502 3078 2558 admodum
3111 2504 3312 2558 clamat
3343 2513 3398 2558 et
3434 2503 3603 2558 mise-

2011 2603 2292 2666 rabiliter,
2351 2611 2408 2656 et
2450 2600 2656 2656 bonum
2707 2597 2988 2654 Christum
3046 2596 3285 2668 benigne
3333 2604 3510 2666 rogat,
3545 2602 3606 2649 ut

2010 2695 2226 2750 miserae
2255 2691 2496 2751 mulieri,
2525 2691 2792 2745 infantem
2829 2689 3091 2754 vivilicct,
3135 2698 3192 2743 et
3219 2701 3449 2742 matrem
3480 2686 3604 2742 red-

2010 2787 2124 2848 dat,
2191 2792 2561 2854 congruenter
2592 2782 2894 2852 Scriptum
2944 2795 3136 2843 sacrae,
3166 2789 3389 2851 propter
3429 2779 3600 2833 illium

2010 2878 2285 2933 laetantem
2310 2879 2352 2930 °.
2396 2877 2505 2944 Qui
2539 2890 2670 2945 ergo
2720 2890 2818 2946 per
2867 2875 3126 2929 Eliszeum
3175 2881 3227 2926 et
3277 2871 3450 2925 Eliam
3502 2869 3602 2924 Sa-

2012 2981 2255 3044 reptans:
2305 2971 2414 3026 lilio
2450 2981 2506 3026 ct
2560 2970 2928 3027 Sunamitidis
2965 2969 3196 3024 immisit
3239 2966 3519 3038 spiritum,
3549 2975 3604 3020 et

2011 3067 2178 3120 vitam
2202 3071 2286 3120 est
2313 3064 2543 3135 largitus
2564 3065 2606 3129 ",
2637 3063 2754 3134 ipse
2777 3077 2970 3118 rursus
2996 3060 3163 3117 etiam
3186 3059 3398 3115 audivit
3428 3059 3606 3129 Spiri-

320 3182 504 3234 μενος,
551 3165 714 3227 αὐτὸς
765 3165 930 3220 πάλιν
982 3167 1079 3219 καὶ
1109 3166 1460 3238 Σπυρίδωνος
1490 3171 1678 3242 ήκουε,
1709 3175 1804 3227 καὶ
1843 3175 1904 3229 τὸ

2013 3161 2252 3214 donem:
2286 3165 2340 3212 et
2386 3172 2524 3226 puer
2550 3157 2644 3226 qui
2695 3165 2948 3211 mortuus
2987 3154 3229 3225 jaeebat,
3278 3162 3605 3223 conspectus

317 3256 530 3310 παιδίον
594 3258 786 3327 νεκρὸν
848 3261 1100 3330 κείμενον
1140 3260 1250 3326 ζῶν
1315 3263 1534 3333 ἑωρᾶτο
1575 3264 1906 3336 θαυμαστῶς

319 3351 408 3403 καὶ
461 3349 810 3419 κινούμενον,
869 3353 964 3406 καὶ
1018 3347 1108 3407 οἷα
1155 3355 1308 3418 παῖς,
1346 3355 1404 3406 ὲν
1435 3353 1740 3425 ὀφθαλμοῖς
1797 3376 1900 3429 μη·

322 3445 524 3514 τρῴοις
599 3443 1166 3516 κλαυθμυριζόμενον.
1227 3447 1491 3518 Δακρύων
1561 3447 1654 3518 ὑφ’
1712 3449 1910 3520 ἡδονῆς

318 3535 606 3606 ὲπλήσθην
643 3537 754 3605 ἐγὼ
787 3537 857 3591 τὰ
885 3539 1132 3609 ὄμματα,
1173 3541 1321 3594 οὕτω
1377 3542 1486 3612 γάρ
1547 3559 1650 3612 μου
1691 3542 1909 3615 διέθηκε

317 3628 374 3680 τὺ
433 3627 838 3698 λεχθησόμενον
901 3628 1002 3699 τὴν
1063 3629 1244 3700 ψυχὴν
1311 3632 1392 3695 είς
1453 3631 1580 3684 νοῦν
1640 3632 1906 3701 ἐμπεσόν.

333 3721 614 3774 ’Ᾱκούοιτε
670 3720 726 3774 δὲ
768 3723 860 3773 καὶ
910 3722 1087 3789 ὑμεῖς.
1143 3721 1241 3786 Ὠς
1291 3724 1398 3795 γὰρ
1459 3726 1520 3777 τὸ
1562 3723 1824 3792 φίλτατον
1877 3726 1909 3794 ἡ

322 3813 505 3883 μήτηρ
532 3813 640 3877 ζῶν
685 3813 1032 3879 ἐθεάσατο,ὢ
1059 3813 1167 3866 τῶν
1197 3815 1305 3866 σῶν
1334 3815 1647 3885 χριμάτων.
1679 3815 1907 3886 Χριστὲ,

319 3903 426 3957 τῶν
461 3906 765 3976 ἀρῤήτωνί
829 3897 930 3976 τὴν
956 3905 1273 3980 ὑπερϐολὴν
1319 3906 1420 3959 οὐκ
1466 3907 1773 3976 ἐνεγκοῦσι
1813 3906 1913 3976 τῆς

319 3996 536 4068 ἡδονῆς,
568 4000 722 4067 παρὰ
751 4000 816 4069 τῇ
841 3999 911 4069 γῇ
940 3995 1184 4051 πεσοῦσα
1224 3997 1666 4069 διαπεφώνηκεν.
1691 3997 1901 4063 Ἕδειξε

319 4089 376 4142 τὺ
398 4089 679 4161 πραχθὲν,
715 4090 887 4144 ὅτιτὸ
945 4090 1114 4160 μηδὲν
1174 4091 1316 4160 ἄγαν
1355 4091 1600 4160 ἀτεχνῶς
1653 4092 1904 4162 ἄριστον.

335 4183 460 4236 Ἰδοὺ
505 4182 618 4252 γὰρ
667 4183 730 4236 ού
787 4183 1090 4254 θανάσιμον
1124 4182 1301 4255 λύπης
1365 4183 1526 4254 μόνον
1583 4182 1912 4253 ὑπερϐολὴν,

320 4275 454 4330 ἀλλὰ
527 4277 624 4331 καὶ
682 4279 858 4348 χαρᾶς
937 4276 1187 4346 ἔγνωμεν
1256 4277 1548 4348 ἀμετρίαν.
1600 4274 1915 4330 Πεπόνθατε

321 4370 417 4422 καὶ
443 4371 608 4439 ὑμεῖς
655 4371 756 4440 τὴν
788 4368 990 4440 ψυχὴν,
1041 4365 1180 4433 οἶδα,
1233 4365 1292 4433 ἐξ
1346 4369 1543 4440 ἡδονῆς
1595 4370 1675 4432 είς
1733 4367 1913 4436 λύπην

323 4461 758 4533 μεταπεσόντες.
793 4462 960 4516 Φύσει
992 4462 1108 4532 γὰρ
1137 4459 1454 4534 ἀνθρώποις
1504 4461 1564 4513 τὸ
1611 4459 1904 4530 συμπαθὲς

2011 3261 2095 3307 est
2142 3251 2313 3306 veluti
2367 3249 2592 3320 plorans
2640 3258 2768 3304 ante
2821 3248 3011 3304 oculos
3065 3247 3281 3301 matris.
3327 3243 3606 3307 Lacrymis

2012 3343 2146 3397 mihi
2176 3351 2306 3397 sunt
2332 3341 2527 3396 suil'usi
2558 3339 2704 3395 oculi
2739 3356 2851 3410 pra:
2879 3340 3100 3407 gaudio.
3129 3339 3220 3395 Sic
3249 3340 3394 3394 enim
3421 3355 3606 3393 meum

2011 3435 2196 3490 aﬂ‘ecit
2245 3434 2494 3488 animum
2547 3433 2624 3500 id,
2678 3434 2828 3504 quod
2881 3433 3126 3499 dicetur,
3180 3441 3496 3488 revocatum
3551 3432 3604 3487 in

2012 3527 2366 3584 memoriam.
2419 3527 2529 3582 Vos
2565 3541 2789 3597 quoque
2832 3525 2885 3581 id
2928 3525 3137 3581 audite.
3171 3525 3310 3581 Cum
3340 3526 3487 3580 enim
3522 3525 3606 3579 vi-

2011 3635 2140 3674 vum
2173 3619 2310 3674 vidit
2335 3629 2510 3674 mater
2536 3635 2696 3674 suum
2724 3618 3111 3675 charissimum
3177 3619 3232 3687 (ο
3258 3634 3457 3673 arcana
3492 3626 3604 3680 tua,

2013 3728 2045 3766 ο
2075 3709 2316 3777 Christe,
2347 3711 2598 3783 judicia),
2629 3711 2858 3766 nimiam
2894 3728 3003 3766 non
3038 3709 3223 3766 ferens
3253 3711 3518 3772 laetitiam,
3553 3709 3607 3763 in

2017 3813 2219 3860 terram
2256 3802 2460 3859 cadens
2486 3803 2812 3872 exspiravit.
2848 3801 3105 3858 Ostendit
3139 3801 3192 3856 id
3225 3801 3369 3871 quod
3404 3800 3606 3856 factum

2013 3907 2118 3962 est,
2165 3897 2304 3952 nihil
2340 3898 2526 3963 nimis,
2567 3912 2691 3953 esse
2745 3896 2908 3967 longe
2948 3896 3239 3966 optimum.
3276 3894 3419 3949 Ecce
3459 3895 3608 3948 enim

2017 4007 2127 4045 non
2160 3992 2446 4046 mortalem
2477 3989 2656 4046 solum
2691 4005 2814 4045 esse
2849 3988 3060 4042 doloris
3101 3987 3608 4056 exsuperationem.

2019 4080 2115 4136 sed
2169 4081 2335 4136 etiam
2383 4080 2569 4152 gaudii
2605 4080 2864 4135 novimus
2913 4078 3458 4132 immoderationem.
3499 4077 3607 4132 Vos

2018 4190 2260 4246 quoque,
2299 4186 2384 4229 sat
2438 4173 2574 4237 scio,
2633 4173 2816 4230 affecti
2871 4172 3009 4228 estis
3056 4171 3265 4234 animo,
3321 4185 3387 4224 ex
3421 4169 3609 4224 laetitia

2020 4269 2213 4323 mutati
2246 4269 2298 4320 in
2328 4268 2599 4323 dolorem.
2633 4266 2774 4323 Sunt
2817 4267 2962 4322 enim
2992 4266 3245 4320 homines
3271 4274 3465 4319 natura
3503 4262 3609 4319 mi-

2019 4359 2352 4425 sericordes,
2386 4359 2482 4414 sed
2521 4373 2692 4429 prope
2728 4357 2885 4413 adest
2929 4373 3162 4428 magnus
3193 4355 3478 4426 Spiridon,
3513 4354 3609 4424 qui

2019 4465 2262 4510 vestram
2317 4453 2601 4509 tristitiam
2653 4451 2890 4506 mutabit
2941 4451 2996 4504 in
3050 4448 3336 4520 gaudium.
3401 4447 3612 4502 Rursus

318 4559 412 4612 καὶ
470 4556 899 4626 φιλάνθρωπον⁹
940 4556 1058 4610 ἀλλ’
1111 4557 1281 4624 ἐγγὺς
1333 4556 1361 4608 ὁ
1409 4553 1586 4625 μέγας
1619 4552 1700 4614 είς
1731 4551 1904 4622 χαρὰν

2018 4546 2164 4603 enim
2214 4562 2423 4601 morem
2464 4545 2610 4616 gerit
2639 4543 3017 4609 Artemidoro,
3069 4553 3126 4596 et
3167 4541 3235 4595 ad
3286 4541 3391 4595 hoc
3423 4550 3478 4595 ut
3520 4539 3612 4594 det

317 4651 448 4718 ὑμῖν
489 4651 825 4722 μεταϐαλεῖν
857 4654 958 4725 τὴν
997 4651 1328 4720 κατήφειαν.
1380 4645 1638 4700 Πείθεται
1674 4647 1786 4716 γὰρ
1819 4642 1913 4729 καὶ

317 4738 473 4806 αὖθις
509 4743 903 4815 Ἀρτεμιδώρῳ
926 4744 1023 4796 καὶ
1051 4742 1190 4812 πρὸς
1225 4741 1282 4794 τὸ
1312 4740 1495 4793 δοῦναι
1528 4738 1622 4790 καὶ
1656 4737 1734 4808 τῷ
1756 4735 1914 4790 παιδὶ

318 4840 414 4909 τὴν
441 4838 684 4908 μητέρα,
709 4841 736 4891 ὁ
773 4836 1128 4909 μετριόφρων
1157 4833 1473 4902 ἐφέλκεται.
1505 4830 1650 4902 Πρὸς
1682 4830 1912 4898 οὐρανὸν

316 4932 408 4984 οὖν
433 4929 654 4985 ἀπιδὼν
705 4932 802 4984 καὶ
850 4931 941 4983 τὸν
983 4932 1042 4982 ὲν
1087 4927 1271 4988 αὐτοῖς
1305 4924 1667 4980 κατοικοῦντα
1703 4921 1912 4992 Κύριον

315 5023 394 5086 εἰς
425 5021 666 5092 καρδίαν
695 5020 881 5074 λαϐὼν
909 5019 1124 5072 ἐκείνου
1154 5034 1215 5070 τε
1243 5014 1480 5086 δεηθεὶς,
1527 5013 1622 5066 τοῦ
1663 5014 1780 5076 τοῖς
1824 5026 1914 5064 νε-

315 5117 470 5184 κροῖς
499 5112 647 5184 ζωὴν
681 5113 1039 5181 ἐμπνέοντος,
1105 5111 1202 5164 καὶ
1243 5110 1323 5180 τῷ
1383 5108 1690 5180 βουλήματι
1765 5106 1910 5177 μόνῳ

312 5209 498 5261 πάντα
570 5205 1000 5275 μεταποιοῦντος
1061 5205 1156 5259 καὶ
1187 5203 1644 5276 μεταϐάλλοντος,
1684 5203 1749 5272 τῇ
1789 5217 1911 5254 κει-

317 5301 482 5368 μένῃ,
527 5295 850 5366 Ἀνάστηθι,
898 5293 1072 5360 λέγει,
1109 5295 1206 5347 καὶ
1237 5293 1401 5364 στῆθι
1455 5291 1549 5346 ἐπὶ
1575 5293 1699 5354 τοὺς
1738 5291 1910 5354 πόδας

320 5409 437 5446 σου.
474 5391 545 5444 Ἥ
578 5390 636 5444 δὲ
671 5392 1044 5460 παραχρῆμα,
1097 5387 1354 5456 καθάπερ
1405 5385 1560 5458 ’ύπνῳ
1617 5385 1823 5453 μᾶλλον
1873 5384 1906 5454 ἦ

320 5483 543 5554 θανάτῳ
574 5484 976 5555 κατισχημένη,
1010 5483 1211 5554 ἀνέστη
1232 5499 1290 5534 τε
1323 5481 1421 5534 καὶ
1450 5480 1701 5552 παρέστη
1729 5477 1903 5549 αὐτῷ,

318 5581 414 5634 καὶ
438 5583 500 5634 τὸ
525 5581 742 5634 παιδίον
803 5583 900 5634 sm
961 5581 1073 5634 τῶν
1133 5577 1392 5649 ἀγκαλῶν
1432 5577 1646 5646 εἴληφε,
1681 5577 1906 5629 κακεῖνο

318 5671 428 5736 ζῶν
457 5668 550 5743 ἦν,
590 5671 782 5745 ὦτπερ
836 5675 1076 5746 εἴρηται,
1120 5673 1216 5727 καὶ
1253 5672 1372 5736 ταῖς
1411 5670 1708 5742 μητρικαῖς
1771 5665 1904 5719 ὠλέ-

2021 4651 2250 4696 matrem
2300 4639 2435 4703 lilio,
2487 4638 2571 4692 vir
2619 4637 2898 4692 modestus
2948 4634 3248 4689 inducitur.
3281 4633 3361 4687 Ad
3409 4633 3609 4687 coelum

2020 4749 2151 4804 ergo
2205 4733 2453 4797 intuens,
2509 4740 2566 4786 et
2621 4729 2934 4791 Dominum,
2987 4729 3080 4799 qui
3133 4728 3187 4781 in
3243 4727 3323 4781 eis
3377 4725 3606 4788 habitat,

2027 4836 2211 4880 mente
2245 4826 2480 4895 agitans,
2512 4825 2665 4878 illum
2714 4832 2992 4894 precatus,
3024 4821 3118 4890 qui
3153 4821 3319 4873 vitam
3375 4817 3610 4886 inspirat

2025 4915 2282 4977 mortuis,
2320 4923 2377 4969 et
2423 4915 2538 4968 sola
2593 4912 2878 4968 voluntate
2928 4908 3113 4962 omnia
3169 4911 3497 4959 transmutat
3546 4916 3611 4954 ac

2022 5008 2395 5073 transformat,
2433 5005 2567 5058 dicit
2635 5003 2684 5060 ei
2736 5016 2858 5074 qua:
2905 4999 3164 5072 iacebat:
3202 4997 3396 5066 Surge,
3445 5002 3500 5047 et
3529 5001 3609 5046 sta

2020 5116 2186 5170 supra
2241 5097 2410 5169 pedes
2449 5107 2594 5151 tuos.
2645 5096 2740 5150 llla
2790 5103 2976 5149 autem
3031 5099 3278 5161 repente,
3332 5097 3390 5142 ut
3441 5097 3607 5154 quam

2022 5209 2251 5248 somnus
2309 5191 2516 5262 potius,
2561 5203 2727 5259 quam
2766 5201 2935 5251 mors,
2967 5190 3336 5255 oppresserat,
3369 5173 3610 5233 surrexit

2021 5300 2076 5344 et
2100 5291 2148 5342 ci
2174 5287 2370 5352 astitit,
2433 5294 2490 5340 et
2521 5283 2785 5338 infantem
2816 5280 2873 5334 in
2901 5279 3047 5334 ulnis
3074 5274 3302 5344 accepit.
3333 5272 3426 5326 llle
3454 5282 3604 5333 vero,

2024 5391 2083 5436 ut
2111 5381 2370 5444 diximus,
2403 5388 2526 5432 erat
2561 5377 2741 5439 vivus,
2789 5381 2844 5428 et
2874 5372 2932 5427 in
2966 5369 3111 5426 ulnis
3150 5364 3414 5421 maternis
3456 5362 3608 5417 exsi-

2018 5473 2206 5530 liebat.
2242 5473 2365 5526 Haec
2397 5471 2488 5525 ille
2515 5468 2740 5540 quidem
2768 5480 3021 5535 magnus,
3053 5469 3280 5532 pr0pter
3313 5457 3602 5525 insignem,

2020 5575 2077 5621 ut
2113 5564 2259 5628 dixi,
2314 5563 2748 5617 moderationem
2789 5557 3008 5612 nolebat
3055 5552 3238 5610 efferri
3289 5553 3343 5606 in
3389 5550 3604 5617 vulgus.

2017 5660 2364 5716 Artemidore
2393 5669 2564 5727 certe,
2595 5665 2649 5716 et
2678 5654 2892 5714 mulieri
2922 5669 3018 5726 per
3046 5668 3193 5720 eum,
3228 5650 3416 5706 indicit
3450 5647 3609 5702 silen-

395 5851 582 5910 ‘Psal.
609 5860 736 5922 £th,
762 5854 814 5910 9.
894 5853 999 5908 "lll
1026 5854 1157 5924 Reg.
1191 5870 1318 5922 χιιι,
1354 5857 1371 5907 l
1411 5869 1562 5927 seqq.
1597 5869 1608 5920 ;
1651 5851 1712 5908 l\'
1742 5853 1871 5921 Reg.
1912 5866 1982 5919 iv,
2024 5848 2037 5899 l
2079 5863 2229 5918 seqq.
