4094 6384
468 365 571 434 447

1708 372 1765 430 Ill
1778 371 2002 430 ENSlS
2039 372 2474 435 DECEMBER.

3640 365 3744 428 443

461 492 623 548 tium.
662 491 768 548 Sed
798 489 1182 546 Artemidorus
1211 498 1336 560 post
1355 489 1474 562 ejus
1505 497 1738 544 mortem
1776 489 2050 545 nefarium

2168 490 2727 563 ναιςπαρασκιρτῶν.
2771 490 2958 542 Ταῦτα
2994 487 3021 539 6
3055 487 3154 556 μὲν
3183 485 3359 556 μέγας
3394 482 3484 537 διὰ
3523 497 3747 554 μετριοο

460 598 585 638 esse
612 581 889 652 judicans.
928 580 1187 637 fraudare
1234 581 1384 636 viros
1413 574 1534 651 pios
1563 589 1669 635 tam
1702 581 1929 650 pulchra
1952 596 2053 635 au-

461 674 689 740 ditione,
737 674 848 729 imo
878 688 1009 728 vero
1040 682 1149 728 tam
1182 689 1380 745 magno
1431 673 1719 736 miraculo,
1760 674 1813 728 id
1848 675 2047 744 aperit,

460 773 516 821 et
562 766 729 821 tradit
757 767 985 822 auribus
1033 766 1300 823 ﬁdelium.
1335 767 1403 821 Et
1435 765 1552 821 hmc
1580 765 1806 837 quidem
1835 768 1917 822 sic
1951 765 2047 820 ha-

462 858 617 915 bent.

2162 582 2414 646 παθείας,
2471 581 2663 653 ὥσπερ
2713 581 2874 652 ἔφην,
2927 578 3239 652 ὑπερϐολὴν
3291 578 3576 648 ἀνέκφορα
3634 578 3750 637 τοῖς

2160 674 2382 739 πολλοῖς
2446 674 2718 745 ἠϐούλετο
2788 676 2992 744 μεῖναι.
3060 674 3285 744 Ἀμέλει
3349 672 3450 728 καὶ
3493 672 3753 742 Ἄρτεμι-

2159 767 2321 838 δώρῳ
2357 768 2563 836 πολλὴν
2608 767 2844 838 σιωπὴν,
2897 768 2997 821 καὶ
3044 768 3113 821 δι’
3160 767 3375 821 ἐκείνου
3409 769 3475 837 τῇ
3528 765 3751 834 γυναικὶ

2160 859 2490 913 ἐντέλλεται.
2536 857 2676 912 Ἀλλ’
2714 863 2742 913 6
2792 858 3201 931 Ἀρτεμίδωρος
3237 858 3379 930 μετά
3424 857 3525 926 τὴν
3581 856 3750 911 αὐτοῦ

464 957 728 1028 τελευτὴν
777 956 841 1010 οὗ
895 959 1090 1029 κρίνας
1128 961 1280 1010 ὁσιον
1326 956 1585 1024 ἄκουσμα
1655 955 1802 1011 οὕτω
1859 956 2048 1020 καλὸν,
2094 954 2301 1025 μᾶλλον
2367 954 2424 1009 δέ
2456 954 2664 1026 θαῦμα,
2729 953 3011 1026 ζημιῶσαι
3056 953 3186 1017 τοὺς
3231 951 3544 1020 φιλοθὲους,
3589 950 3751 1024 δῆλον

462 1053 597 1107 αὐτὸ
662 1058 848 1119 ποιεῖ,
909 1055 1004 1107 καὶ
1056 1054 1266 1108 πιστῶν
1310 1054 1505 1120 ἀκοαῖς
1538 1054 1901 1124 παραδίδωσι.
1936 1056 2046 1107 Καὶ
2087 1053 2261 1107 ταῦτα
2290 1052 2390 1121 μὲν
2420 1052 2619 1115 οὕτως.

538 1148 727 1205 XXVI.
772 1149 1067 1219 Postquam
1100 1160 1281 1205 autem
1320 1165 1549 1221 magnus
1574 1149 1832 1220 Spiridon
1860 1150 2048 1204 Antin-

465 1245 591 1299 chia
642 1258 901 1299 reversus
947 1253 1033 1298 est
1083 1243 1135 1297 in
1173 1242 1440 1314 Cyprum,
1490 1244 1764 1312 quiSpiam
1810 1242 1879 1298 ad
1932 1257 2058 1298 eum

466 1335 754 1399 accedens,
787 1334 977 1390 volens
998 1351 1184 1391 emere
1210 1351 1270 1389 ea
1282 1350 1409 1404 pras
1436 1335 1635 1406 gregis,
1664 1350 1896 1391 numero
1929 1352 2059 1391 cen-

469 1436 607 1489 tum,
631 1429 819 1499 jussus
849 1444 876 1481 a
911 1437 1100 1482 sancto
1126 1427 1278 1498 prius
1309 1428 1545 1497 pretium
1575 1425 1817 1495 solvere,
1852 1427 2057 1485 deinde

467 1519 738 1589 accipere,
771 1520 885 1590 ipse
920 1536 1045 1575 cum
1079 1522 1377 1592 nonaginta
1404 1531 1459 1577 et
1489 1538 1686 1578 novem
1718 1523 1898 1578 solum
1947 1524 2059 1579 sol-

469 1612 639 1664 visset
671 1612 934 1681 pretium,
966 1611 1131 1673 unius
1182 1613 1428 1678 retinuit,
1462 1614 1700 1677 lucrum,
1737 1625 1798 1671 ut
1830 1615 2059 1682 dicitur,

470 1702 669 1757 melius
714 1703 986 1759 dedecore
1042 1704 1411 1762 existimans:
1464 1716 1559 1763 aut
1612 1708 1778 1765 etiam
1830 1698 2063 1778 opinans

470 1795 612 1859 fore,
664 1805 723 1850 ut
771 1797 967 1851 lateret
1011 1797 1158 1853 illius
1205 1799 1638 1868 simplicitatem,
1691 1810 1958 1856 remotam
1994 1802 2063 1856 ab

472 1888 719 1943 olnnium
755 1889 1105 1961 negotiorum
1132 1890 1530 1949 sollicitudine.
1562 1892 1699 1948 Cum
1736 1910 1867 1964 ergo
1897 1897 2061 1951 ambo

472 1980 702 2036 fuissent
746 1983 887 2037 intra
922 1984 1230 2049 mandram,
1280 1986 1372 2041 ille
1412 1986 1635 2056 quidem
1665 1988 1851 2058 jussit,
1891 1974 2065 2058 quan-

475 2081 589 2127 tum
614 2075 853 2129 solverat
889 2077 1149 2144 pretium,
1177 2086 1255 2131 tot
1291 2094 1484 2147 capras
1518 2080 1794 2148 accipere.
1827 2080 1922 2133 ille
1953 2095 2056 2133 au-

473 2172 583 2222 tem
619 2182 689 2221 ne
721 2166 803 2222 sic
833 2168 1059 2236 quidem
1095 2169 1432 2240 intelligens,
1471 2180 1698 2227 centum
1750 2171 2006 2243 exigebat
2031 2187 2064 2226 e

474 2258 725 2314 mandra.
770 2258 883 2315 Una
936 2274 1069 2314 vero
1106 2276 1173 2315 ex
1224 2262 1423 2331 capris,
1481 2272 1736 2332 tanquam
1792 2264 1934 2319 bona
1963 2280 2067 2319 an-

471 2352 623 2418 cilla,
659 2367 782 2407 eum
836 2354 1101 2408 sensisset
1132 2369 1191 2410 se
1225 2371 1331 2410 non
1374 2356 1544 2412 fuisse
1583 2358 1860 2413 venditam
1896 2374 1925 2413 a
1965 2358 2064 2412 do-

475 2443 649 2501 mino.
687 2445 797 2501 cito
826 2460 1021 2501 rursus
1054 2456 1138 2502 est
1176 2462 1413 2513 reversa,
1443 2460 1499 2504 et
1531 2450 1773 2519 perrexit
1806 2450 1873 2505 ad
1911 2467 2063 2509 man-

476 2533 653 2590 dram.
688 2533 783 2591 Ille
831 2545 1016 2593 autem
1060 2554 1255 2595 rursus
1288 2540 1537 2601 abduxit.
1573 2550 1630 2597 et
1679 2559 1779 2613 per
1825 2543 1933 2599 vim
1981 2560 2069 2601 rc-

479 2629 642 2683 traxit
672 2627 982 2700 impudens.
1010 2630 1128 2687 Hoc
1160 2631 1243 2688 bis
1287 2634 1400 2704 jam
1434 2634 1517 2689 vel
1564 2642 1646 2690 ter
1693 2636 1894 2691 factum
1926 2646 2065 2705 erat,

476 2721 624 2793 quod
665 2731 750 2778 est
776 2724 1051 2790 mirabile,
1089 2734 1139 2780 et
1188 2742 1353 2797 capra
1382 2728 1607 2798 quidem
1642 2731 2023 2787 revertebatur
2053 2752 2066 2788 :

478 2813 569 2870 ille
598 2831 731 2871 vero
763 2816 1079 2883 retrahebat
1122 2834 1285 2873 manu
1336 2819 1574 2876 violenta
1607 2829 1662 2876 et
1690 2821 1896 2879 animo.
1924 2821 2066 2890 Quid

477 2908 652 2979 ergo?
684 2924 809 2965 cum
837 2910 919 2965 sic
958 2910 1098 2965 nihil
1138 2912 1453 2982 proliceret,
1500 2929 1619 2967 eam
1669 2913 1839 2968 humo
1877 2916 2068 2971 subla-

480 3009 613 3066 tam,
644 3008 699 3055 et
730 3001 978 3056 humeris
1013 3002 1348 3072 impositam,
1390 3001 1718 3059 abducebat.
1756 3004 1849 3060 Illa
1884 3016 2066 3060 autem

480 3092 717 3147 maxima
749 3100 802 3148 et
831 3093 1134 3163 asperrima
1164 3109 1299 3149 voce
1328 3093 1597 3157 clamans,
1630 3104 1685 3150 et
1711 3110 1838 3149 eum
1871 3100 2067 3153 corni-

2237 1148 2379 1215 KG".
2425 1150 2581 1204 Ἐπεὶ
2611 1151 2665 1204 δὲ
2695 1151 2789 1203 καὶ
2814 1147 2874 1213 ἐξ
2922 1146 3261 1219 Ἀντιοχείας
3284 1149 3312 1201 6
3340 1146 3518 1219 μέγας
3546 1147 3754 1220 ἐπανῆ-

2165 1257 2261 1295 κεν
2296 1242 2375 1305 είς
2408 1243 2655 1315 Κύπρον,
2707 1240 3029 1313 προσελθὼν
3059 1241 3214 1312 αὐτῷ
3252 1258 3361 1307 τις,
3398 1239 3563 1309 αἶγας
3590 1244 3756 1313 πρία-

2161 1336 2286 1389 σθαι
2312 1333 2413 1406 τῆς
2445 1334 2681 1405 ποίμνης
2706 1333 3053 1406 βουλόμενος,
3086 1332 3180 1387 τὸν
3238 1332 3477 1405 ἀριθμὸν
3523 1334 3751 1394 ἑκατὸν.

2161 1404 2494 1501 ἐπιτραπεὶς
2546 1404 2844 1499 71:96:10;
2918 1404 3077 1481 δσίοῖ
3124 1426 3223 1497 τὴν
3252 1404 3423 1498 τιμὴν
3484 1428 3755 1498 πρότερον

2161 1521 2525 1586 καταθέσθαι,
2553 1517 2675 1575 εἶτα
2705 1519 2919 1587 λαϐεῖν,
2954 1520 3119 1584 αὐτὸς
3143 1519 3252 1575 τῶν
3272 1519 3431 1574 ἐννέα
3456 1519 3619 1590 μόνον
3657 1521 3757 1576 καὶ

2162 1614 2489 1685 ἐνενήκοντα
2518 1611 2800 1677 καταθείς,
2830 1610 2937 1683 τῆς
2990 1611 3120 1681 μιᾶς
3148 1608 3502 1679 ὑπεκράτησε
3537 1608 3756 1680 κέρδος,

2163 1705 2424 1777 αἰσχύνης
2462 1706 2687 1777 ἄμεινον
2721 1701 2996 1770 είπὼν,τδ
3022 1702 3119 1757 τοῦ
3150 1703 3335 1771 λόγου,
3369 1702 3402 1774 ἢ
3438 1702 3531 1756 καὶ
3566 1702 3758 1771 λήσειν

2172 1797 2420 1863 οἰόμενος
2453 1798 2511 1850 ἐν
2540 1797 2717 1867 τούτῳ
2761 1794 2822 1848 τὸ
2850 1793 3367 1853 ἁπλοῖκδνέκείνου
3419 1795 3514 1848 καὶ
3555 1792 3754 1865 κομιδῇ

2169 1890 2486 1959 ἄπραγμον.
2507 1888 2665 1942 Ἐπεὶ
2692 1885 2811 1953 οὖν,
2844 1885 2981 1940 εἴσω
3004 1888 3105 1956 τῆς
3136 1885 3379 1956 μάνδραις
3402 1884 3570 1956 ἄμφω
3598 1887 3758 1954 γεγό-

2165 2000 2344 2047 νασιν,
2388 1983 2417 2034 6
2445 1980 2547 2052 μέν
2570 1980 2824 2033 ἐκέλευεν
2847 2019 2863 2044 ,
2895 1979 3022 2033 ὅσον
3046 1976 3110 2048 δὴ
3144 1979 3239 2032 καὶ
3268 1978 3535 2032 κατέθετο
3558 1978 3749 2050 τιμὴν,

2167 2081 2441 2141 τοσαύτας
2493 2076 2701 2142 λαϐεῖν,
2753 2078 2782 2130 6
2824 2074 2881 2131 δὲ
2941 2074 3077 2147 μηδὲ
3113 2074 3289 2141 οὕτως
3327 2073 3530 2138 συνεὶς,
3562 2073 3760 2125 ἐκατδν

2164 2173 2262 2242 τῆς
2297 2171 2542 2242 μάνδρας
2603 2167 2921 2240 ἐξήλαυνεν.
2973 2166 3087 2221 Μία
3141 2162 3275 2235 γοῦν
3324 2165 3433 2219 τῶν
3468 2163 3641 2233 αἰγῶν
3668 2157 3757 2217 οἷα

2168 2256 2477 2337 θεράπαινα
2506 2263 2708 2334 ἀγαθή,
2744 2261 3047 2332 αἰσθομένη
3093 2260 3175 2315 ὅτι
3210 2259 3288 2331 μὴ
3326 2259 3554 2313 ἀπέδοτο
3587 2256 3759 2327 αὐτὴν

2168 2361 2195 2413 6
2246 2359 2535 2426 δεσπότης,
2578 2354 2746 2422 ὀξέως
2791 2353 3027 2425 ἐπανῄει
3080 2351 3266 2418 πάλιν,
3318 2351 3414 2406 καὶ
3454 2350 3591 2421 προς
3660 2347 3758 2419 τὴν

2172 2452 2414 2521 μάνδραν
2445 2447 2665 2521 ἐχώρει.
2721 2446 2783 2503 Ὀ
2813 2447 2871 2502 δὲ
2904 2442 3062 2510 αὖθις
3107 2444 3313 2515 ἀπῆγε,
3338 2443 3435 2498 καὶ
3467 2442 3603 2511 πρὸς
3638 2440 3761 2512 βίαν

2168 2536 2351 2598 εἷλκεν
2373 2543 2400 2595 6
2429 2540 2681 2613 ἀναιδὴς’
2713 2538 2965 2612 ἐπράχθη
2993 2537 3154 2592 τοῦτο
3187 2536 3268 2601 δὶς
3300 2535 3402 2607 ήδη
3427 2535 3521 2591 καὶ
3554 2534 3676 2607 τρὶς
3700 2534 3760 2588 τὸ

2171 2634 2502 2705 θαυμάσιον.
2546 2632 2659 2688 Καὶ
2690 2634 2726 2705 ἡ
2765 2634 2864 2702 μὲν
2899 2630 2992 2698 αίξ
3035 2630 3263 2704 ἐπανῄει
3294 2647 3311 2665 ’
3345 2631 3374 2684 6
3398 2630 3453 2683 δὲ
3476 2628 3763 2683 ἀνθεῖλκεν

2168 2726 2390 2800 ὀργὼσῃ
2428 2724 2521 2781 καὶ
2559 2725 2706 2799 χειρὶ
2743 2728 2839 2782 καὶ
2872 2723 3042 2796 ψυχῇ.
3074 2723 3140 2778 Τί
3175 2723 3269 2779 οὖν
3303 2741 3320 2793 ;
3375 2722 3544 2794 μηδὲν
3608 2719 3764 2784 οὗτος

2172 2820 2373 2884 ἀνύων,
2417 2818 2756 2889 ἀφαρπάσας
2806 2816 2977 2889 αὐτὴν
3027 2816 3269 2888 χαμόθεν
3324 2815 3560 2879 καὶτοῖς
3588 2813 3762 2886 ὤμοις

2173 2914 2393 2977 ἀναθεὶς
2425 2913 2642 2983 ἀπῆγεν
2664 2928 2680 2945 ο
2717 2914 2750 2985 ή
2778 2911 2856 2976 δὲ,
2898 2911 2992 2965 καὶ
3019 2909 3194 2973 οὕτως
3234 2909 3378 2980 μέγα
3406 2925 3458 2964 τι
3503 2909 3597 2964 καὶ
3622 2925 3730 2980 τρα
3755 2937 3764 2948 -

2170 3005 2404 3078 χύτατον
2431 3004 2718 3076 ἐμδοῶσα,
2756 3005 2849 3059 καὶ
2878 3006 2992 3068 τοῖς
3030 3003 3263 3076 κέρασιν
3300 3004 3466 3057 αὐτὸν
3497 3003 3761 3068 παίουσα,

2172 3102 2264 3153 καὶ
2313 3100 2449 3172 προς
2472 3099 2574 3168 τὴν
2603 3098 2847 3169 κεφαλὴν
2878 3098 3087 3152 ἐκείνου
3143 3096 3608 3168 διακυριττομένη
3656 3097 3757 3170 τήν

478 3184 583 3240 bus
608 3183 831 3251 feriens,
867 3196 924 3240 et
955 3189 1006 3240 in
1044 3186 1192 3241 illius
1224 3193 1388 3256 caput
1420 3186 1749 3257 impingens.
1779 3188 1886 3242 vim
1922 3189 2064 3244 il:ius

2172 3191 2294 3262 βίαν
2326 3194 2596 3262 ἐκήρυττε
2629 3190 2905 3263 φανερῶς,
2964 3193 3057 3244 καὶ
3088 3190 3181 3245 τὸν
3206 3190 3540 3262 πλεονέκτην
3567 3190 3762 3262 ὥσπερ

479 3284 669 3341 aperte
703 3273 1058 3344 prmdicahat,
1107 3284 1162 3329 et
1203 3274 1353 3328 avari
1387 3274 1630 3331 hominis
1661 3278 2066 3348 quodammodo

479 3363 745 3433 puniebat
772 3364 1027 3435 injuriam
1054 3381 1070 3419 :
1098 3365 1233 3420 adeo
1260 3376 1317 3420 ut
1344 3367 1437 3436 qui
1462 3368 1711 3435 aderant,
1737 3369 1941 3427 fuerint
1965 3372 2069 3427 hac

481 3471 541 3511 re
593 3456 984 3528 obstupefacti.
1033 3472 1253 3512 causam
1308 3475 1419 3528 non
1470 3459 1717 3516 valentes
1768 3464 2064 3534 conjicere.

479 3545 706 3617 Magnus
734 3556 917 3603 autem
951 3547 1205 3618 Spiridon
1234 3550 1423 3605 nolens
1446 3566 1572 3606 eum
1596 3563 1782 3623 aperte
1813 3570 2066 3624 arguere,

478 3638 689 3692 Sensim
730 3638 869 3693 dixit
907 3639 979 3705 ei,
1016 3640 1109 3710 qui
1157 3641 1395 3697 faciebat
1427 3643 1686 3715 injuriam
1719 3665 1731 3700 :
1770 3642 1929 3714 Vide,
1964 3648 2064 3719 illi,

478 3741 549 3781 ne
579 3743 686 3782 non
713 3729 917 3785 frustra
947 3732 1062 3787 bzec
1087 3732 1252 3788 faciat
1276 3735 1499 3799 animal,
1540 3747 1596 3792 et
1617 3755 1727 3795 non
1758 3738 1878 3797 sine
1901 3758 2066 3800 causa

477 3834 621 3892 agre
636 3819 775 3876 ferat
799 3837 857 3878 se
888 3823 1108 3890 abduci,
1136 3828 1230 3881 sed
1259 3827 1402 3897 quod
1439 3828 1581 3886 forte
1606 3829 1925 3903 imprudens
1949 3837 2070 3907 ejus

478 3925 589 3969 non
605 3913 814 3970 solvisti
834 3917 1070 3986 pretium
1115 3917 1203 3977 Sic
1226 3919 1315 3975 ille
1334 3920 1575 3992 piscator
1590 3923 1774 3980 animo
1790 3929 2069 3985 sauciatus

480 4004 533 4061 id
568 4006 729 4063 tulit:
766 4015 822 4064 et
868 4025 995 4065 cum
1030 4028 1251 4068 sensum
1284 4016 1428 4087 ejus,
1464 4017 1610 4087 quod
1646 4017 1876 4083 fecerat.
1916 4038 2070 4078 acce-

479 4102 669 4174 pisset,
703 4103 757 4159 id
808 4114 864 4160 et
902 4104 1190 4162 confessus
1233 4116 1335 4171 est,
1372 4116 1428 4163 et
1472 4111 1593 4181 ejus
1636 4111 1792 4180 petiit
1829 4113 2064 4170 veniam.

479 4192 685 4252 Deinde
715 4197 879 4252 etiam
924 4214 1050 4253 cum
1102 4214 1200 4271 pro
1234 4216 1340 4256 una
1394 4202 1653 4258 solvisset
1690 4202 1954 4272 pretium,
2003 4220 2066 4261 ea

479 4303 588 4344 non
623 4290 857 4361 amplius
884 4293 1155 4348 clamabat
1181 4303 1231 4350 et
1272 4295 1580 4363 resistebat,
1608 4296 1702 4352 sed
1734 4299 1897 4354 tacite
1931 4299 2069 4355 alias

481 4383 837 4452 sequebatur.
867 4385 935 4441 Et
970 4386 1061 4442 hic
1095 4387 1318 4459 quidem
1359 4389 1461 4445 sic.

548 4475 765 4532 XXV“.
806 4479 961 4534 Alius
991 4491 1217 4535 autem:
1264 4482 1359 4536 sed
1408 4482 1513 4538 hoc
1557 4483 1735 4539 dicam
1787 4484 2063 4554 superius.

2170 3286 2494 3355 ἐτιμωρεῖτο
2528 3283 2629 3353 τῆς
2658 3285 2898 3351 ἀδικίας,
2919 3283 3063 3338 ὥστε
3103 3285 3198 3339 καὶ
3231 3286 3359 3349 τοὺς
3389 3287 3666 3355 παρόντας
3699 3284 3757 3338 ἐν

2172 3377 2437 3447 ἐκπλήξει
2466 3376 2526 3430 τὸ
2554 3379 2794 3448 πρᾶγμα
2828 3378 3103 3433 ποιεῖσθαι
3136 3378 3235 3449 τὴν
3271 3378 3452 3431 αἰτίαν
3476 3377 3576 3432 οὐκ
3605 3377 3761 3447 ἔχον.

2170 3485 2269 3530 τας
2323 3452 2643 3538 συμϐαλεῖν.
2691 3469 2798 3522 Τὸν
2846 3470 2902 3523 δὲ
2953 3471 3131 3540 μέγαν
3160 3469 3222 3523 οὐ
3262 3467 3510 3539 φανερῶς
3538 3467 3758 3537 ἐλέγξαι

2172 3560 2720 3633 βουλόμενον,ήρέμα
2754 3561 2892 3633 πρὸς
2911 3563 3002 3617 τὸν
3033 3563 3522 3633 ἀδικοῦντα,“ορα,
3541 3562 3757 3628 τέκνον,

2172 3653 2372 3717 είπεῖν,
2406 3652 2480 3722 μή
2508 3669 2638 3705 ποτε
2670 3653 2731 3706 οὐ
2762 3657 2943 3725 μάτην
2984 3653 3161 3708 ταῦτα
3189 3653 3251 3707 τὸ
3280 3652 3442 3719 ζῶον,
3496 3651 3621 3707 οὗτε
3650 3649 3760 3724 μὴν

2171 3740 2383 3809 ἀλόγως
2418 3741 2643 3812 ἄχθεται
2672 3745 2740 3814 τῇ
2771 3745 3069 3815 ἀπαγωγῇ,
3100 3744 3215 3798 ἀλλ’
3242 3745 3325 3798 ὃτι
3354 3744 3428 3816 μή
3459 3744 3551 3799 καὶ
3581 3742 3758 3813 αὐτῆς

2166 3832 2351 3886 λαθὼν
2422 3834 2523 3905 τὴν
2588 3835 2754 3908 τιμὴν
2831 3836 3201 3905 προκατέθου.
3300 3833 3490 3901 Οὕτως
3551 3837 3761 3899 ἐκεῖνος

2174 3926 2361 3990 ἁλιεὺς
2397 3927 2650 3996 πληγεὶς,
2681 3929 2807 3982 νοῦν
2833 3929 3057 3998 ήνεγκε,
3111 3929 3209 3983 καὶ
3259 3929 3341 3992 είς
3379 3927 3635 3997 αίσθησιν
3669 3922 3760 3980 ἐλ-

2172 4019 2281 4074 θὼν
2306 4013 2479 4090 οὗπερ
2508 4020 2754 4092 ἔδρασεν,
2791 4019 2923 4073 αὖτό
2985 4036 3046 4073 τε
3085 4019 3441 4089 διωμολόγει,
3475 4019 3573 4073 καὶ
3621 4034 3757 4086 συγ-

2173 4111 2403 4184 γνώμην
2437 4114 2640 4186 ᾑτεῖτο,
2679 4113 2873 4167 ἔπειτα
2919 4112 3016 4167 καὶ
3044 4114 3144 4184 τὴν
3188 4113 3331 4182 ὑπὲρ
3365 4111 3467 4182 τῆς
3499 4111 3633 4181 μιᾶς
3670 4125 3759 4163 tt-

2173 4205 2282 4275 μὴν
2309 4205 2709 4276 καταθέμενος,
2744 4205 2846 4259 οὐκ
2879 4206 2961 4260 ἔτι
2999 4204 3225 4273 βοῶσαν
3260 4200 3382 4276 εἶχε
3435 4204 3530 4256 καὶ
3593 4204 3752 4255 ἀντι-

2171 4300 2484 4363 ϐαίνουσαν,
2513 4299 2628 4369 ἀλλ’
2660 4299 2883 4373 ἡσύχως
2947 4300 3068 4364 ταῖς
3099 4297 3289 4363 ἄλλαις
3348 4294 3756 4367 συνεπομένην.

2171 4396 2281 4449 Καὶ¹
2317 4391 2473 4457 οὗτος
2516 4394 2615 4464 μὲν
2655 4392 2853 4457 οὕτως.

2242 4483 2368 4539 KZ'.
2410 4483 2639 4555 Ἕτερος
2663 4484 2746 4550 δὲ,
2780 4481 2895 4537 ἀλλ’
2930 4481 3139 4538 ἄνωθεν
3175 4479 3335 4536 τοῦτο
3390 4479 3523 4551 ἐρῶ.
3564 4480 3656 4535 Ἑν
3692 4481 3762 4550 τῇ

480 4568 539 4625 In
567 4569 746 4624 insula
769 4579 853 4624 est
881 4571 1106 4641 quidam
1136 4572 1290 4627 vicus
1321 4575 1414 4644 qui
1438 4577 1641 4632 dicitur
1669 4576 1929 4649 Erythra,
1958 4594 2064 4633 non

2170 4581 2317 4650 νήσῳ
2348 4577 2510 4650 κώμη
2542 4577 2623 4639 τίς
2657 4578 2805 4630 ἐστιν
2846 4575 3092 4648 Ἐρυθρά
3121 4574 3439 4646 καλουμένη
3469 4576 3767 4628 Κωνσταν-

481 4665 671 4736 procul
701 4682 732 4720 a
764 4668 1053 4736 metropoli
1094 4666 1441 4725 Constantia.
1470 4669 1591 4727 Non
1620 4672 1788 4728 distat
1823 4674 1969 4727 enim
1997 4672 2066 4727 ab

477 4776 541 4815 ea
572 4758 863 4830 plusquam
896 4758 1118 4829 triginta
1147 4759 1344 4814 stadia.
1380 4760 1496 4815 Iluc
1530 4777 1653 4815 cum
1679 4764 1921 4816 venisset
1954 4779 2067 4816 ma-

478 4868 617 4924 gnus
654 4852 938 4923 Spiridon,
979 4862 1202 4923 propter
1254 4855 1493 4924 aliquem
1546 4869 1705 4909 usum
1758 4853 2069 4926 ingreditur

482 4946 746 5017 templqu
775 4949 945 5019 gratia
982 4948 1284 5014 orationis;
1313 4956 1368 5001 et
1389 4947 1548 5018 jubet
1583 4948 1803 5003 cuidam
1830 4949 2067 5004 diacono

482 5056 549 5096 ex
581 5041 647 5094 iis
673 5040 768 5111 qui
803 5052 961 5095 erant
989 5042 1044 5096 in
1081 5056 1149 5097 eo
1175 5041 1318 5104 loco,
1366 5049 1425 5094 ut
1456 5041 1674 5095 brevem
1710 5041 1949 5112 aliquam
1976 5059 2067 5101 sa-

481 5148 631 5187 cram
663 5143 950 5205 perageret
981 5134 1374 5205 precationem.
1416 5134 1510 5189 Via
1539 5136 1707 5200 enim,
1736 5152 1855 5206 quae
1888 5137 2069 5192 fuerat

481 5223 664 5296 longa.
687 5236 807 5281 erat
832 5225 1099 5293 defessus,
1146 5238 1202 5281 ct
1245 5227 1478 5281 maxime
1509 5240 1633 5281 eum
1675 5238 1819 5283 esset
1852 5237 2069 5299 tempus

482 5321 757 5384 aestivum,
792 5328 849 5375 et
869 5319 917 5374 ei
950 5329 1116 5374 aestus
1147 5334 1375 5388 magnus
1399 5329 1528 5373 tunc
1550 5318 1774 5374 atl‘erret
1796 5318 2065 5377 laborem.

478 5411 577 5469 Ille
600 5421 785 5467 autem
819 5421 940 5467 erat
971 5413 1267 5468 admodum
1307 5412 1518 5478 tardus,
1549 5424 1606 5467 et
1633 5413 1887 5469 consuite
1939 5430 2064 5485 pre-

480 5520 573 5560 ces
601 5504 892 5560 ambitiose
941 5506 1302 5576 producebat,
1340 5507 1581 5571 inanem,
1616 5514 1674 5559 ut
1727 5506 1961 5569 videtur,
1997 5523 2066 5563 ex

481 5596 588 5653 hoc
621 5599 726 5653 sibi
757 5609 983 5669 captans
1016 5601 1266 5670 gloriam.
1312 5600 1492 5655 'l‘orve
1521 5599 1704 5670 itaque
1731 5616 1857 5654 cum
1893 5600 2065 5655 intui-

485 5699 592 5751 tus.
628 5692 720 5761 qui
751 5701 870 5747 erat
900 5694 1105 5763 alioqui
1139 5703 1334 5749 natura
1366 5692 1700 5757 lenissimus,
1730 5692 2067 5763 increpando

482 5782 670 5837 dix‘t:
723 5784 889 5843 Tace.
929 5787 1023 5842 Ille
1079 5802 1208 5842 vero
1252 5787 1482 5858 perinde
1531 5802 1596 5842 ac
1638 5787 1838 5857 linguze
1882 5787 2066 5858 aliquo

490 5874 708 5930 vinctus
736 5876 1017 5947 compede,
1051 5887 1106 5933 et
1126 5892 1377 5935 sermone
1412 5877 1678 5947 privatus,
1708 5884 1826 5931 erat
1858 5884 2062 5942 mutus,

2174 4671 2296 4734 τίας
2344 4671 2517 4740 δήπου
2571 4669 2671 4739 τῆς
2713 4669 3109 4739 μητροπόλεως
3138 4666 3201 4720 οὐ
3233 4666 3474 4736 μακράν.
3514 4664 3763 4728 Σταδίοις

2171 4766 2281 4831 γὰρ
2314 4763 2508 4833 ἀπέχει
2530 4761 2590 4813 οὐ
2623 4760 2785 4813 πλέον
2817 4758 3134 4830 τριάκοντα.
3173 4756 3444 4813 Ἐνταῦθα
3470 4758 3613 4811 κατά
3635 4774 3757 4811 τινα

2172 4855 2361 4928 χρείαν
2420 4856 2448 4908 6
2519 4855 2697 4926 μέγας
2761 4852 3151 4923 περοιτηκὼς,
3216 4852 3414 4905 είσεισι
3492 4851 3584 4903 τὶν
3634 4851 3761 4903 ναδν

2171 4947 2485 5020 προσευχῆς
2519 4948 2703 5018 χάριν,
2735 4948 2831 4999 καὶ
2870 4948 2977 4999 τῶν
3006 4946 3323 5015 ἐπιχωρίων
3369 4944 3606 5007 διακόνῳ
3630 4943 3760 5005 τινὶ,

2171 5043 2436 5112 ἐπίτομον
2501 5038 2691 5093 θέσθαι
2732 5039 2832 5109 τὴν
2890 5035 3196 5108 ίερολογίαν
3253 5034 3492 5089 ἐκέλευε.
3530 5032 3609 5105 Τῇ
3651 5034 3762 5104 γὰρ

2168 5134 2275 5206 6δῷ
2299 5133 2465 5206 πολλῇ
2489 5131 2624 5205 οὔσῃ
2652 5130 2981 5201 πεπονηκὼς
3013 5126 3102 5201 ἦν,
3147 5128 3240 5182 καὶ
3277 5128 3515 5199 μάλιστα
3545 5126 3764 5197 θερείας

2171 5226 2341 5300 οῦσης
2404 5230 2503 5300 τῆς
2547 5222 2720 5298 ὥρας,
2793 5226 2888 5279 καὶ
2925 5222 3018 5277 τοῦ
3049 5222 3333 5286 καύσωνος
3392 5223 3451 5276 τό
3492 5238 3552 5275 τε
3595 5219 3766 5275 πολὺν

2171 5320 2324 5394 αὐτῷ
2393 5321 2486 5375 τὸν
2550 5321 2800 5390 κάματον
2868 5317 3225 5390 ἐμϐαλόντος.
3275 5313 3334 5369 '0
3383 5315 3441 5368 δὲ
3497 5311 3765 5385 σχολαίως

2174 5416 2374 5486 μᾶλλον
2399 5414 2619 5486 ἐχρῆτο,
2664 5411 2972 5477 καὶ⁴ὲκὼν,
3014 5409 3304 5482 παρέτεινε
3343 5407 3647 5478 φιλοτίμως
3669 5404 3760 5460 δό-

2173 5507 2292 5575 ξαν,
2335 5507 2410 5571 ὡς
2449 5509 2648 5572 ἐοικεν,
2684 5507 2748 5559 ἐκ
2778 5504 2934 5558 τοῦδε
2996 5504 3099 5575 τὴν
3136 5500 3375 5572 ματαίαν
3407 5497 3758 5569 θηρώμενος.

2172 5599 2347 5671 Δριμὺ
2366 5597 2458 5651 οὖν
2480 5596 2680 5667 ὁφὺσει
2700 5596 3008 5668 πραότατος
3032 5593 3315 5664 ἐμϐλέψας
3339 5589 3509 5662 αὐτῷ,
3538 5588 3757 5651 Σιώπα,

2175 5689 2495 5761 πληκτικῶς
2544 5691 2675 5761 ἔφη,
2721 5690 2815 5742 καὶ
2844 5687 2925 5756 6;,
2972 5687 3230 5758 καθάπερ
3260 5685 3365 5739 τινὶ
3410 5682 3760 5754 γλωττοπὲδῃ

2171 5782 2231 5836 τὸ
2252 5783 2433 5849 λέγειν
2463 5782 2804 5854 ἀφαιρεθεὶς,
2835 5782 3110 5850 ἄφθογγος
3143 5776 3231 5853 ἦν,
3284 5779 3377 5832 τὸν
3421 5776 3617 5847 είρμδν
3656 5777 3757 5844 τξς

2175 5873 2525 5953 ὑπαδομένης
2554 5872 2719 5945 εὐχῆς
2778 5871 2924 5944 αὐτῷ
2964 5870 3025 5927 τό
3059 5886 3118 5926 τε
3181 5871 3525 5940 παραχρῆμα
3567 5867 3756 5921 auxe-
