  <div class='ocr_page' id='page_1' title='image "/cluster/home/n/w/nwhite01/storage/ocr_20150623/116/hvd.32044073502221/230.png"; bbox 0 0 4094 6384; ppageno 0'>
   <div class='ocr_carea' id='block_1_1' title="bbox 340 312 1954 381">
    <p class='ocr_par' dir='ltr' id='par_1_1' title="bbox 340 313 1954 381">
     <span class='ocr_line' id='line_1_1' title="bbox 340 313 1954 381; baseline -0.003 -3"><span class='ocrx_word' id='word_1_1' title='bbox 340 320 454 381; x_wconf 71' lang='grc'><strong>449</strong></span> <span class='ocrx_word' id='word_1_2' title='bbox 944 344 949 349; x_wconf 51' lang='grc' dir='ltr'><strong>δ</strong></span> <span class='ocrx_word' id='word_1_3' title='bbox 1578 316 1751 376; x_wconf 73' lang='lat' dir='ltr'><strong>VITA</strong></span> <span class='ocrx_word' id='word_1_4' title='bbox 1793 314 1853 377; x_wconf 86' lang='lat' dir='ltr'><strong>S.</strong></span> <span class='ocrx_word' id='word_1_5' title='bbox 1895 313 1954 374; x_wconf 83' lang='lat' dir='ltr'><strong>SI</strong></span> 
     </span>
    </p>
   </div>
   <div class='ocr_carea' id='block_1_2' title="bbox 2055 312 3608 381">
    <p class='ocr_par' dir='ltr' id='par_1_2' title="bbox 2055 312 3608 377">
     <span class='ocr_line' id='line_1_2' title="bbox 2055 312 3608 377; baseline 0.004 -7"><span class='ocrx_word' id='word_1_6' title='bbox 2055 312 2383 375; x_wconf 68' lang='lat' dir='ltr'><strong>FllDONlS.</strong></span> <span class='ocrx_word' id='word_1_7' title='bbox 3498 313 3608 377; x_wconf 68' lang='grc' dir='ltr'><strong>ίὲθ</strong></span> 
     </span>
    </p>
   </div>
   <div class='ocr_carea' id='block_1_3' title="bbox 348 424 1954 498">
    <p class='ocr_par' dir='ltr' id='par_1_3' title="bbox 348 424 1931 497">
     <span class='ocr_line' id='line_1_3' title="bbox 348 424 1931 497; baseline -0.004 -11"><span class='ocrx_word' id='word_1_8' title='bbox 348 433 499 496; x_wconf 79' lang='grc' dir='ltr'><strong>πείς.</strong></span> <span class='ocrx_word' id='word_1_9' title='bbox 544 428 709 483; x_wconf 76' lang='grc' dir='ltr'><strong>Ἀλλὰ</strong></span> <span class='ocrx_word' id='word_1_10' title='bbox 745 427 845 480; x_wconf 81' lang='grc' dir='ltr'><strong>τοῦ</strong></span> <span class='ocrx_word' id='word_1_11' title='bbox 884 427 1034 481; x_wconf 74' lang='grc' dir='ltr'><strong>ὁσίου</strong></span> <span class='ocrx_word' id='word_1_12' title='bbox 1071 428 1163 482; x_wconf 81' lang='grc' dir='ltr'><strong>τὸν</strong></span> <span class='ocrx_word' id='word_1_13' title='bbox 1201 424 1449 485; x_wconf 74' lang='grc' dir='ltr'><strong>ἐλλεῖπον</strong></span> <span class='ocrx_word' id='word_1_14' title='bbox 1496 427 1931 497; x_wconf 77' lang='grc' dir='ltr'><strong>ἀναπληρώσανο</strong></span> 
     </span>
    </p>
   </div>
   <div class='ocr_carea' id='block_1_4' title="bbox 2055 424 3617 498">
    <p class='ocr_par' dir='ltr' id='par_1_4' title="bbox 2055 426 3617 498">
     <span class='ocr_line' id='line_1_4' title="bbox 2055 426 3617 498; baseline 0.004 -18"><span class='ocrx_word' id='word_1_15' title='bbox 2055 436 2265 496; x_wconf 73' lang='lat' dir='ltr'><strong>epente</strong></span> <span class='ocrx_word' id='word_1_16' title='bbox 2300 426 2613 497; x_wconf 84' lang='lat' dir='ltr'><strong>interrupta</strong></span> <span class='ocrx_word' id='word_1_17' title='bbox 2654 427 2799 483; x_wconf 76' lang='lat' dir='ltr'><strong>serie</strong></span> <span class='ocrx_word' id='word_1_18' title='bbox 2831 427 3116 492; x_wconf 87' lang='lat' dir='ltr'><strong>orationis,</strong></span> <span class='ocrx_word' id='word_1_19' title='bbox 3141 442 3263 498; x_wconf 59' lang='lat' dir='ltr'><strong>quae</strong></span> <span class='ocrx_word' id='word_1_20' title='bbox 3291 438 3423 486; x_wconf 88' lang='lat' dir='ltr'><strong>tunc</strong></span> <span class='ocrx_word' id='word_1_21' title='bbox 3450 431 3519 486; x_wconf 85' lang='lat' dir='ltr'><strong>ab</strong></span> <span class='ocrx_word' id='word_1_22' title='bbox 3547 446 3617 488; x_wconf 84' lang='lat' dir='ltr'><strong>eo</strong></span> 
     </span>
    </p>
   </div>
   <div class='ocr_carea' id='block_1_5' title="bbox 346 517 1954 591">
    <p class='ocr_par' dir='ltr' id='par_1_5' title="bbox 346 519 1930 591">
     <span class='ocr_line' id='line_1_5' title="bbox 346 519 1930 591; baseline -0.004 -13"><span class='ocrx_word' id='word_1_23' title='bbox 346 542 460 587; x_wconf 84' lang='grc' dir='ltr'><strong>τος,</strong></span> <span class='ocrx_word' id='word_1_24' title='bbox 491 520 832 590; x_wconf 76' lang='grc' dir='ltr'><strong>προσπίπτει</strong></span> <span class='ocrx_word' id='word_1_25' title='bbox 870 520 1012 589; x_wconf 88' lang='grc' dir='ltr'><strong>μετά</strong></span> <span class='ocrx_word' id='word_1_26' title='bbox 1051 520 1205 583; x_wconf 76' lang='grc' dir='ltr'><strong>τέλος</strong></span> <span class='ocrx_word' id='word_1_27' title='bbox 1239 520 1491 585; x_wconf 66' lang='grc' dir='ltr'><strong>ἐλεεινὸς,</strong></span> <span class='ocrx_word' id='word_1_28' title='bbox 1525 521 1552 573; x_wconf 86' lang='grc'>6</span> <span class='ocrx_word' id='word_1_29' title='bbox 1588 521 1697 591; x_wconf 81' lang='grc' dir='ltr'><strong>πρὸ</strong></span> <span class='ocrx_word' id='word_1_30' title='bbox 1734 519 1930 591; x_wconf 81' lang='grc' dir='ltr'><strong>μικροῦ</strong></span> 
     </span>
    </p>
   </div>
   <div class='ocr_carea' id='block_1_6' title="bbox 2055 517 3620 591">
    <p class='ocr_par' dir='ltr' id='par_1_6' title="bbox 2055 517 3620 591">
     <span class='ocr_line' id='line_1_6' title="bbox 2055 517 3620 591; baseline 0.005 -20"><span class='ocrx_word' id='word_1_31' title='bbox 2055 518 2354 572; x_wconf 83' lang='lat' dir='ltr'><strong>:auebatur.</strong></span> <span class='ocrx_word' id='word_1_32' title='bbox 2392 517 2498 573; x_wconf 85' lang='lat' dir='ltr'><strong>Sed</strong></span> <span class='ocrx_word' id='word_1_33' title='bbox 2534 534 2660 574; x_wconf 89' lang='lat' dir='ltr'><strong>cum</strong></span> <span class='ocrx_word' id='word_1_34' title='bbox 2698 526 2922 575; x_wconf 84' lang='lat' dir='ltr'><strong>sanctus</strong></span> <span class='ocrx_word' id='word_1_35' title='bbox 2950 520 3003 574; x_wconf 92' lang='lat' dir='ltr'><strong>id</strong></span> <span class='ocrx_word' id='word_1_36' title='bbox 3036 520 3183 591; x_wconf 89' lang='lat' dir='ltr'><strong>quod</strong></span> <span class='ocrx_word' id='word_1_37' title='bbox 3206 520 3418 586; x_wconf 89' lang='lat' dir='ltr'><strong>deerat,</strong></span> <span class='ocrx_word' id='word_1_38' title='bbox 3443 522 3620 579; x_wconf 82' lang='lat' dir='ltr'><strong>adim-</strong></span> 
     </span>
    </p>
   </div>
   <div class='ocr_carea' id='block_1_7' title="bbox 348 611 1932 684">
    <p class='ocr_par' dir='ltr' id='par_1_7' title="bbox 348 611 1932 684">
     <span class='ocr_line' id='line_1_7' title="bbox 348 611 1932 684; baseline -0.004 -14"><span class='ocrx_word' id='word_1_39' title='bbox 348 615 485 684; x_wconf 79' lang='grc' dir='ltr'><strong>παρ’</strong></span> <span class='ocrx_word' id='word_1_40' title='bbox 518 613 697 684; x_wconf 73' lang='grc' dir='ltr'><strong>ἑαυτῷ</strong></span> <span class='ocrx_word' id='word_1_41' title='bbox 727 612 952 684; x_wconf 69' lang='grc' dir='ltr'><strong>ὑψηλὸς,</strong></span> <span class='ocrx_word' id='word_1_42' title='bbox 985 611 1199 681; x_wconf 70' lang='grc' dir='ltr'><strong>ἄφωνος</strong></span> <span class='ocrx_word' id='word_1_43' title='bbox 1247 613 1275 664; x_wconf 86' lang='grc' dir='ltr'><strong>ό</strong></span> <span class='ocrx_word' id='word_1_44' title='bbox 1316 612 1590 683; x_wconf 82' lang='grc' dir='ltr'><strong>πρότερον</strong></span> <span class='ocrx_word' id='word_1_45' title='bbox 1632 612 1932 683; x_wconf 79' lang='grc' dir='ltr'><strong>πληθύνων</strong></span> 
     </span>
    </p>
   </div>
   <div class='ocr_carea' id='block_1_8' title="bbox 349 703 1933 780">
    <p class='ocr_par' dir='ltr' id='par_1_8' title="bbox 349 703 1933 780">
     <span class='ocr_line' id='line_1_8' title="bbox 349 703 1933 780; baseline -0.005 -16"><span class='ocrx_word' id='word_1_46' title='bbox 349 713 409 764; x_wconf 79' lang='grc' dir='ltr'><strong>ὲν</strong></span> <span class='ocrx_word' id='word_1_47' title='bbox 442 710 653 780; x_wconf 81' lang='grc' dir='ltr'><strong>ῥήμασι</strong></span> <span class='ocrx_word' id='word_1_48' title='bbox 694 707 792 761; x_wconf 63' lang='grc' dir='ltr'><strong>καὶ⁵</strong></span> <span class='ocrx_word' id='word_1_49' title='bbox 840 706 1212 777; x_wconf 29' lang='grc' dir='ltr'><strong>μὴκεύκαίρῳ</strong></span> <span class='ocrx_word' id='word_1_50' title='bbox 1249 705 1503 775; x_wconf 77' lang='grc' dir='ltr'><strong>διατριϐῇ</strong></span> <span class='ocrx_word' id='word_1_51' title='bbox 1537 704 1767 775; x_wconf 85' lang='grc' dir='ltr'><strong>χαίρων.</strong></span> <span class='ocrx_word' id='word_1_52' title='bbox 1811 703 1933 756; x_wconf 83' lang='grc' dir='ltr'><strong>Τῶν</strong></span> 
     </span>
    </p>
   </div>
   <div class='ocr_carea' id='block_1_9' title="bbox 349 788 1934 871">
    <p class='ocr_par' dir='ltr' id='par_1_9' title="bbox 349 788 1934 871">
     <span class='ocr_line' id='line_1_9' title="bbox 349 788 1934 871; baseline -0.004 -16"><span class='ocrx_word' id='word_1_53' title='bbox 349 801 407 855; x_wconf 72' lang='grc' dir='ltr'><strong>δὲ</strong></span> <span class='ocrx_word' id='word_1_54' title='bbox 434 801 536 871; x_wconf 80' lang='grc' dir='ltr'><strong>τὴν</strong></span> <span class='ocrx_word' id='word_1_55' title='bbox 572 798 773 869; x_wconf 82' lang='grc' dir='ltr'><strong>κώμην</strong></span> <span class='ocrx_word' id='word_1_56' title='bbox 806 788 1107 851; x_wconf 74' lang='grc' dir='ltr'><strong>οἰκούντων</strong></span> <span class='ocrx_word' id='word_1_57' title='bbox 1135 797 1263 861; x_wconf 81' lang='grc' dir='ltr'><strong>τοὺς</strong></span> <span class='ocrx_word' id='word_1_58' title='bbox 1313 796 1590 866; x_wconf 81' lang='grc' dir='ltr'><strong>παρόντας</strong></span> <span class='ocrx_word' id='word_1_59' title='bbox 1629 796 1728 866; x_wconf 76' lang='grc' dir='ltr'><strong>μὲν</strong></span> <span class='ocrx_word' id='word_1_60' title='bbox 1768 795 1934 865; x_wconf 75' lang='grc' dir='ltr'><strong>φόϐος</strong></span> 
     </span>
    </p>
   </div>
   <div class='ocr_carea' id='block_1_10' title="bbox 351 888 1927 965">
    <p class='ocr_par' dir='ltr' id='par_1_10' title="bbox 351 888 1927 965">
     <span class='ocr_line' id='line_1_10' title="bbox 351 888 1927 965; baseline -0.003 -20"><span class='ocrx_word' id='word_1_61' title='bbox 351 893 565 965; x_wconf 76' lang='grc' dir='ltr'><strong>εἰσῄει·</strong></span> <span class='ocrx_word' id='word_1_62' title='bbox 600 892 725 954; x_wconf 80' lang='grc' dir='ltr'><strong>τοὺς</strong></span> <span class='ocrx_word' id='word_1_63' title='bbox 750 891 807 944; x_wconf 85' lang='grc' dir='ltr'><strong>δὲ</strong></span> <span class='ocrx_word' id='word_1_64' title='bbox 833 892 1076 954; x_wconf 76' lang='grc' dir='ltr'><strong>ἀπόντας</strong></span> <span class='ocrx_word' id='word_1_65' title='bbox 1104 892 1136 961; x_wconf 89' lang='grc' dir='ltr'><strong>ή</strong></span> <span class='ocrx_word' id='word_1_66' title='bbox 1177 892 1334 960; x_wconf 79' lang='grc' dir='ltr'><strong>φήμη</strong></span> <span class='ocrx_word' id='word_1_67' title='bbox 1379 889 1698 959; x_wconf 63' lang='grc' dir='ltr'><strong>συντρέχειν</strong></span> <span class='ocrx_word' id='word_1_68' title='bbox 1729 888 1927 942; x_wconf 79' lang='grc' dir='ltr'><strong>ἐποίει.</strong></span> 
     </span>
    </p>
   </div>
   <div class='ocr_carea' id='block_1_11' title="bbox 353 978 1930 1053">
    <p class='ocr_par' dir='ltr' id='par_1_11' title="bbox 353 978 1930 1053">
     <span class='ocr_line' id='line_1_11' title="bbox 353 978 1930 1053; baseline -0.004 -14"><span class='ocrx_word' id='word_1_69' title='bbox 353 983 467 1039; x_wconf 80' lang='grc' dir='ltr'><strong>Καὶ</strong></span> <span class='ocrx_word' id='word_1_70' title='bbox 504 983 718 1037; x_wconf 82' lang='grc' dir='ltr'><strong>πολλῶν</strong></span> <span class='ocrx_word' id='word_1_71' title='bbox 757 982 921 1046; x_wconf 78' lang='grc' dir='ltr'><strong>εὐθὺς</strong></span> <span class='ocrx_word' id='word_1_72' title='bbox 957 985 1319 1053; x_wconf 71' lang='grc' dir='ltr'><strong>συῤῥεόντων,</strong></span> <span class='ocrx_word' id='word_1_73' title='bbox 1361 981 1479 1051; x_wconf 77' lang='grc' dir='ltr'><strong>ἅμα</strong></span> <span class='ocrx_word' id='word_1_74' title='bbox 1520 981 1620 1051; x_wconf 80' lang='grc' dir='ltr'><strong>μὲν</strong></span> <span class='ocrx_word' id='word_1_75' title='bbox 1670 982 1728 1033; x_wconf 84' lang='grc' dir='ltr'><strong>ὲν</strong></span> <span class='ocrx_word' id='word_1_76' title='bbox 1796 978 1930 1034; x_wconf 88' lang='grc' dir='ltr'><strong>θαύ-</strong></span> 
     </span>
    </p>
   </div>
   <div class='ocr_carea' id='block_1_12' title="bbox 357 1071 1934 1146">
    <p class='ocr_par' dir='ltr' id='par_1_12' title="bbox 357 1071 1934 1146">
     <span class='ocr_line' id='line_1_12' title="bbox 357 1071 1934 1146; baseline -0.004 -17"><span class='ocrx_word' id='word_1_77' title='bbox 357 1094 491 1146; x_wconf 89' lang='grc' dir='ltr'><strong>ματι</strong></span> <span class='ocrx_word' id='word_1_78' title='bbox 520 1076 615 1129; x_wconf 77' lang='grc' dir='ltr'><strong>τοῦ</strong></span> <span class='ocrx_word' id='word_1_79' title='bbox 653 1075 919 1146; x_wconf 81' lang='grc' dir='ltr'><strong>μεγάλου,</strong></span> <span class='ocrx_word' id='word_1_80' title='bbox 965 1074 1084 1143; x_wconf 76' lang='grc' dir='ltr'><strong>ἅμα</strong></span> <span class='ocrx_word' id='word_1_81' title='bbox 1106 1075 1161 1127; x_wconf 82' lang='grc' dir='ltr'><strong>δὲ</strong></span> <span class='ocrx_word' id='word_1_82' title='bbox 1193 1076 1289 1128; x_wconf 78' lang='grc' dir='ltr'><strong>καὶ</strong></span> <span class='ocrx_word' id='word_1_83' title='bbox 1334 1072 1429 1128; x_wconf 83' lang='grc' dir='ltr'><strong>τοῦ</strong></span> <span class='ocrx_word' id='word_1_84' title='bbox 1469 1073 1736 1134; x_wconf 77' lang='grc' dir='ltr'><strong>παθόντος</strong></span> <span class='ocrx_word' id='word_1_85' title='bbox 1775 1071 1934 1138; x_wconf 71' lang='grc' dir='ltr'><strong>ἐλέῳ,</strong></span> 
     </span>
    </p>
   </div>
   <div class='ocr_carea' id='block_1_13' title="bbox 355 1157 1938 1237">
    <p class='ocr_par' dir='ltr' id='par_1_13' title="bbox 355 1157 1938 1237">
     <span class='ocr_line' id='line_1_13' title="bbox 355 1157 1938 1237; baseline -0.003 -17"><span class='ocrx_word' id='word_1_86' title='bbox 355 1166 451 1220; x_wconf 84' lang='grc' dir='ltr'><strong>καὶ</strong></span> <span class='ocrx_word' id='word_1_87' title='bbox 487 1165 726 1237; x_wconf 81' lang='grc' dir='ltr'><strong>μάλιστα</strong></span> <span class='ocrx_word' id='word_1_88' title='bbox 783 1166 891 1217; x_wconf 81' lang='grc' dir='ltr'><strong>τῶν</strong></span> <span class='ocrx_word' id='word_1_89' title='bbox 924 1164 1205 1234; x_wconf 76' lang='grc' dir='ltr'><strong>συγγενῶν</strong></span> <span class='ocrx_word' id='word_1_90' title='bbox 1252 1164 1418 1219; x_wconf 81' lang='grc' dir='ltr'><strong>αὐτοῦ</strong></span> <span class='ocrx_word' id='word_1_91' title='bbox 1457 1165 1549 1218; x_wconf 78' lang='grc' dir='ltr'><strong>καὶ</strong></span> <span class='ocrx_word' id='word_1_92' title='bbox 1582 1164 1820 1229; x_wconf 76' lang='grc' dir='ltr'><strong>οἰκείων,</strong></span> <span class='ocrx_word' id='word_1_93' title='bbox 1862 1157 1938 1216; x_wconf 80' lang='grc' dir='ltr'><strong>ὧν</strong></span> 
     </span>
    </p>
   </div>
   <div class='ocr_carea' id='block_1_14' title="bbox 354 1256 1935 1327">
    <p class='ocr_par' dir='ltr' id='par_1_14' title="bbox 354 1256 1935 1327">
     <span class='ocr_line' id='line_1_14' title="bbox 354 1256 1935 1327; baseline -0.001 -17"><span class='ocrx_word' id='word_1_94' title='bbox 354 1258 559 1312; x_wconf 76' lang='grc' dir='ltr'><strong>αΰτίκα</strong></span> <span class='ocrx_word' id='word_1_95' title='bbox 586 1260 683 1310; x_wconf 72' lang='grc' dir='ltr'><strong>καὶ</strong></span> <span class='ocrx_word' id='word_1_96' title='bbox 720 1257 994 1325; x_wconf 84' lang='grc' dir='ltr'><strong>δεομένων</strong></span> <span class='ocrx_word' id='word_1_97' title='bbox 1023 1260 1124 1327; x_wconf 71' lang='grc' dir='ltr'><strong>τῆς</strong></span> <span class='ocrx_word' id='word_1_98' title='bbox 1174 1257 1433 1323; x_wconf 77' lang='grc' dir='ltr'><strong>γενναίας</strong></span> <span class='ocrx_word' id='word_1_99' title='bbox 1473 1256 1689 1326; x_wconf 75' lang='grc' dir='ltr'><strong>ἐκείνης</strong></span> <span class='ocrx_word' id='word_1_100' title='bbox 1729 1256 1935 1327; x_wconf 79' lang='grc' dir='ltr'><strong>ψυχῆς,</strong></span> 
     </span>
    </p>
   </div>
   <div class='ocr_carea' id='block_1_15' title="bbox 358 1347 1940 1420">
    <p class='ocr_par' dir='ltr' id='par_1_15' title="bbox 358 1347 1940 1420">
     <span class='ocr_line' id='line_1_15' title="bbox 358 1347 1940 1420; baseline -0.001 -18"><span class='ocrx_word' id='word_1_101' title='bbox 358 1348 672 1417; x_wconf 83' lang='grc' dir='ltr'><strong>συγγνῶναι</strong></span> <span class='ocrx_word' id='word_1_102' title='bbox 702 1348 783 1420; x_wconf 78' lang='grc' dir='ltr'><strong>τῷ</strong></span> <span class='ocrx_word' id='word_1_103' title='bbox 807 1349 907 1419; x_wconf 76' lang='grc' dir='ltr'><strong>τὴν</strong></span> <span class='ocrx_word' id='word_1_104' title='bbox 938 1347 1185 1418; x_wconf 79' lang='grc' dir='ltr'><strong>ἀφωνίαν</strong></span> <span class='ocrx_word' id='word_1_105' title='bbox 1225 1348 1640 1419; x_wconf 78' lang='grc' dir='ltr'><strong>κατακριθέντι,</strong></span> <span class='ocrx_word' id='word_1_106' title='bbox 1675 1350 1767 1402; x_wconf 70' lang='grc' dir='ltr'><strong>καὶ</strong></span> <span class='ocrx_word' id='word_1_107' title='bbox 1793 1349 1940 1401; x_wconf 83' lang='grc' dir='ltr'><strong>ὑπα-</strong></span> 
     </span>
    </p>
   </div>
   <div class='ocr_carea' id='block_1_16' title="bbox 356 1440 1941 1512">
    <p class='ocr_par' dir='ltr' id='par_1_16' title="bbox 356 1440 1941 1512">
     <span class='ocr_line' id='line_1_16' title="bbox 356 1440 1941 1512; baseline -0.001 -18"><span class='ocrx_word' id='word_1_108' title='bbox 356 1444 528 1495; x_wconf 84' lang='grc' dir='ltr'><strong>νεῖναι</strong></span> <span class='ocrx_word' id='word_1_109' title='bbox 568 1441 717 1509; x_wconf 72' lang='grc' dir='ltr'><strong>αὐτῷ</strong></span> <span class='ocrx_word' id='word_1_110' title='bbox 756 1443 849 1494; x_wconf 81' lang='grc' dir='ltr'><strong>τὸν</strong></span> <span class='ocrx_word' id='word_1_111' title='bbox 897 1441 1115 1511; x_wconf 70' lang='grc' dir='ltr'><strong>δεσμὸν,</strong></span> <span class='ocrx_word' id='word_1_112' title='bbox 1178 1442 1281 1512; x_wconf 80' lang='grc' dir='ltr'><strong>δρα</strong></span> <span class='ocrx_word' id='word_1_113' title='bbox 1332 1441 1386 1494; x_wconf 86' lang='grc' dir='ltr'><strong>τί</strong></span> <span class='ocrx_word' id='word_1_114' title='bbox 1446 1442 1592 1495; x_wconf 86' lang='grc' dir='ltr'><strong>ποιεῖ</strong></span> <span class='ocrx_word' id='word_1_115' title='bbox 1625 1443 1654 1494; x_wconf 85' lang='grc' dir='ltr'>ὁ</span> <span class='ocrx_word' id='word_1_116' title='bbox 1690 1440 1941 1512; x_wconf 77' lang='grc' dir='ltr'><strong>ἐμμελὴς</strong></span> 
     </span>
    </p>
   </div>
   <div class='ocr_carea' id='block_1_17' title="bbox 360 1532 1938 1605">
    <p class='ocr_par' dir='ltr' id='par_1_17' title="bbox 360 1532 1938 1605">
     <span class='ocr_line' id='line_1_17' title="bbox 360 1532 1938 1605; baseline -0.001 -17"><span class='ocrx_word' id='word_1_117' title='bbox 360 1538 573 1596; x_wconf 76' lang='grc' dir='ltr'><strong>ἐκεῖνος</strong></span> <span class='ocrx_word' id='word_1_118' title='bbox 604 1536 701 1589; x_wconf 74' lang='grc' dir='ltr'><strong>καὶ</strong></span> <span class='ocrx_word' id='word_1_119' title='bbox 724 1533 849 1586; x_wconf 88' lang='grc' dir='ltr'><strong>λίαν</strong></span> <span class='ocrx_word' id='word_1_120' title='bbox 889 1536 988 1602; x_wconf 79' lang='grc' dir='ltr'><strong>τὴν</strong></span> <span class='ocrx_word' id='word_1_121' title='bbox 1034 1532 1241 1605; x_wconf 78' lang='grc' dir='ltr'><strong>ἀρετὴν</strong></span> <span class='ocrx_word' id='word_1_122' title='bbox 1290 1533 1653 1604; x_wconf 79' lang='grc' dir='ltr'><strong>εὐάρμοστος.</strong></span> <span class='ocrx_word' id='word_1_123' title='bbox 1720 1533 1799 1603; x_wconf 81' lang='grc' dir='ltr'><strong>Τῇ</strong></span> <span class='ocrx_word' id='word_1_124' title='bbox 1828 1534 1938 1604; x_wconf 75' lang='grc' dir='ltr'><strong>γάρ</strong></span> 
     </span>
    </p>
   </div>
   <div class='ocr_carea' id='block_1_18' title="bbox 357 1620 1939 1696">
    <p class='ocr_par' dir='ltr' id='par_1_18' title="bbox 357 1620 1939 1696">
     <span class='ocr_line' id='line_1_18' title="bbox 357 1620 1939 1696; baseline 0 -17"><span class='ocrx_word' id='word_1_125' title='bbox 357 1627 545 1696; x_wconf 78' lang='grc' dir='ltr'><strong>δεήσει</strong></span> <span class='ocrx_word' id='word_1_126' title='bbox 571 1627 670 1696; x_wconf 77' lang='grc' dir='ltr'><strong>μὲν</strong></span> <span class='ocrx_word' id='word_1_127' title='bbox 707 1620 1114 1694; x_wconf 76' lang='grc' dir='ltr'><strong>ὲπικλῶμενος·</strong></span> <span class='ocrx_word' id='word_1_128' title='bbox 1149 1625 1227 1696; x_wconf 79' lang='grc' dir='ltr'><strong>τῷ</strong></span> <span class='ocrx_word' id='word_1_129' title='bbox 1249 1625 1305 1678; x_wconf 77' lang='grc' dir='ltr'><strong>δὲ</strong></span> <span class='ocrx_word' id='word_1_130' title='bbox 1339 1626 1591 1688; x_wconf 70' lang='grc' dir='ltr'><strong>παιδείας</strong></span> <span class='ocrx_word' id='word_1_131' title='bbox 1625 1625 1706 1678; x_wconf 70' lang='grc' dir='ltr'><strong>ἔτι</strong></span> <span class='ocrx_word' id='word_1_132' title='bbox 1729 1626 1939 1679; x_wconf 85' lang='grc' dir='ltr'><strong>δεῖσθαι</strong></span> 
     </span>
    </p>
   </div>
   <div class='ocr_carea' id='block_1_19' title="bbox 360 1717 1943 1788">
    <p class='ocr_par' dir='ltr' id='par_1_19' title="bbox 360 1717 1943 1788">
     <span class='ocr_line' id='line_1_19' title="bbox 360 1717 1943 1788; baseline 0.001 -19"><span class='ocrx_word' id='word_1_133' title='bbox 360 1719 454 1772; x_wconf 80' lang='grc' dir='ltr'><strong>τὸν</strong></span> <span class='ocrx_word' id='word_1_134' title='bbox 487 1718 737 1772; x_wconf 83' lang='grc' dir='ltr'><strong>διάκονον</strong></span> <span class='ocrx_word' id='word_1_135' title='bbox 767 1718 1167 1788; x_wconf 78' lang='grc' dir='ltr'><strong>ἀνθελκόμενος</strong></span> <span class='ocrx_word' id='word_1_136' title='bbox 1207 1717 1376 1787; x_wconf 74' lang='grc' dir='ltr'><strong>(ἐώρα</strong></span> <span class='ocrx_word' id='word_1_137' title='bbox 1401 1718 1510 1787; x_wconf 84' lang='grc' dir='ltr'><strong>γάρ</strong></span> <span class='ocrx_word' id='word_1_138' title='bbox 1542 1717 1821 1772; x_wconf 72' lang='grc' dir='ltr'><strong>καὶτοῦτο</strong></span> <span class='ocrx_word' id='word_1_139' title='bbox 1854 1719 1943 1771; x_wconf 84' lang='grc' dir='ltr'><strong>διά</strong></span> 
     </span>
    </p>
   </div>
   <div class='ocr_carea' id='block_1_20' title="bbox 359 1807 1944 1879">
    <p class='ocr_par' dir='ltr' id='par_1_20' title="bbox 359 1807 1944 1879">
     <span class='ocr_line' id='line_1_20' title="bbox 359 1807 1944 1879; baseline -0.001 -15"><span class='ocrx_word' id='word_1_140' title='bbox 359 1808 458 1865; x_wconf 77' lang='grc' dir='ltr'><strong>τοῦ</strong></span> <span class='ocrx_word' id='word_1_141' title='bbox 491 1809 859 1879; x_wconf 68' lang='grc' dir='ltr'><strong>Πνεύματος),</strong></span> <span class='ocrx_word' id='word_1_142' title='bbox 887 1809 1103 1879; x_wconf 77' lang='grc' dir='ltr'><strong>μερίζει</strong></span> <span class='ocrx_word' id='word_1_143' title='bbox 1122 1807 1221 1879; x_wconf 78' lang='grc' dir='ltr'><strong>τὴν</strong></span> <span class='ocrx_word' id='word_1_144' title='bbox 1259 1810 1546 1878; x_wconf 74' lang='grc' dir='ltr'><strong>ἐπιτιμίαν</strong></span> <span class='ocrx_word' id='word_1_145' title='bbox 1568 1810 1826 1872; x_wconf 82' lang='grc' dir='ltr'><strong>ἀστείως,</strong></span> <span class='ocrx_word' id='word_1_146' title='bbox 1849 1810 1944 1862; x_wconf 70' lang='grc' dir='ltr'><strong>καὶ</strong></span> 
     </span>
    </p>
   </div>
   <div class='ocr_carea' id='block_1_21' title="bbox 360 1898 1943 1972">
    <p class='ocr_par' dir='ltr' id='par_1_21' title="bbox 360 1898 1943 1972">
     <span class='ocr_line' id='line_1_21' title="bbox 360 1898 1943 1972; baseline 0.001 -20"><span class='ocrx_word' id='word_1_147' title='bbox 360 1900 601 1972; x_wconf 81' lang='grc' dir='ltr'><strong>χρῆσθαι</strong></span> <span class='ocrx_word' id='word_1_148' title='bbox 634 1901 735 1970; x_wconf 69' lang='grc' dir='ltr'><strong>μὲν</strong></span> <span class='ocrx_word' id='word_1_149' title='bbox 786 1904 850 1969; x_wconf 76' lang='grc' dir='ltr'><strong>τῇ</strong></span> <span class='ocrx_word' id='word_1_150' title='bbox 877 1899 1097 1972; x_wconf 81' lang='grc' dir='ltr'><strong>γλώττῃ</strong></span> <span class='ocrx_word' id='word_1_151' title='bbox 1133 1900 1271 1970; x_wconf 78' lang='grc' dir='ltr'><strong>πρὸς</strong></span> <span class='ocrx_word' id='word_1_152' title='bbox 1301 1900 1481 1953; x_wconf 86' lang='grc' dir='ltr'><strong>πάντα</strong></span> <span class='ocrx_word' id='word_1_153' title='bbox 1505 1898 1664 1967; x_wconf 81' lang='grc' dir='ltr'><strong>λόγον</strong></span> <span class='ocrx_word' id='word_1_154' title='bbox 1699 1901 1943 1971; x_wconf 85' lang='grc' dir='ltr'><strong>ἀνίησιν,</strong></span> 
     </span>
    </p>
   </div>
   <div class='ocr_carea' id='block_1_22' title="bbox 361 1986 1946 2063">
    <p class='ocr_par' dir='ltr' id='par_1_22' title="bbox 361 1986 1946 2063">
     <span class='ocr_line' id='line_1_22' title="bbox 361 1986 1946 2063; baseline -0.001 -16"><span class='ocrx_word' id='word_1_155' title='bbox 361 1994 428 2047; x_wconf 73' lang='grc' dir='ltr'><strong>οὗ</strong></span> <span class='ocrx_word' id='word_1_156' title='bbox 457 1992 566 2063; x_wconf 79' lang='grc' dir='ltr'><strong>μὴν</strong></span> <span class='ocrx_word' id='word_1_157' title='bbox 590 1993 726 2053; x_wconf 77' lang='grc' dir='ltr'><strong>ὅλως</strong></span> <span class='ocrx_word' id='word_1_158' title='bbox 787 1989 1138 2061; x_wconf 73' lang='grc' dir='ltr'><strong>ἐλευθερίως,</strong></span> <span class='ocrx_word' id='word_1_159' title='bbox 1186 1990 1299 2044; x_wconf 79' lang='grc' dir='ltr'><strong>οὐδ’</strong></span> <span class='ocrx_word' id='word_1_160' title='bbox 1329 1986 1417 2044; x_wconf 76' lang='grc' dir='ltr'><strong>οἷα</strong></span> <span class='ocrx_word' id='word_1_161' title='bbox 1450 1990 1719 2063; x_wconf 77' lang='grc' dir='ltr'><strong>πρότερον</strong></span> <span class='ocrx_word' id='word_1_162' title='bbox 1755 1990 1946 2063; x_wconf 86' lang='grc' dir='ltr'><strong>λαμυ-</strong></span> 
     </span>
    </p>
   </div>
   <div class='ocr_carea' id='block_1_23' title="bbox 367 2080 1949 2155">
    <p class='ocr_par' dir='ltr' id='par_1_23' title="bbox 367 2080 1949 2155">
     <span class='ocr_line' id='line_1_23' title="bbox 367 2080 1949 2155; baseline 0.001 -21"><span class='ocrx_word' id='word_1_163' title='bbox 367 2085 592 2154; x_wconf 79' lang='grc' dir='ltr'><strong>ρωτάτῃ</strong></span> <span class='ocrx_word' id='word_1_164' title='bbox 656 2083 753 2134; x_wconf 81' lang='grc' dir='ltr'><strong>καὶ</strong></span> <span class='ocrx_word' id='word_1_165' title='bbox 783 2080 950 2152; x_wconf 73' lang='grc' dir='ltr'><strong>ὠδινῇ</strong></span> <span class='ocrx_word' id='word_1_166' title='bbox 993 2084 1289 2153; x_wconf 82' lang='grc' dir='ltr'><strong>συγχωρεῖ,</strong></span> <span class='ocrx_word' id='word_1_167' title='bbox 1356 2082 1492 2136; x_wconf 79' lang='grc' dir='ltr'><strong>ἀλλά</strong></span> <span class='ocrx_word' id='word_1_168' title='bbox 1552 2083 1812 2155; x_wconf 82' lang='grc' dir='ltr'><strong>ναρκὼσῃ</strong></span> <span class='ocrx_word' id='word_1_169' title='bbox 1853 2081 1949 2135; x_wconf 81' lang='grc' dir='ltr'><strong>καὶ</strong></span> 
     </span>
    </p>
   </div>
   <div class='ocr_carea' id='block_1_24' title="bbox 364 2172 1948 2247">
    <p class='ocr_par' dir='ltr' id='par_1_24' title="bbox 364 2172 1948 2247">
     <span class='ocr_line' id='line_1_24' title="bbox 364 2172 1948 2247; baseline 0.003 -23"><span class='ocrx_word' id='word_1_170' title='bbox 364 2172 614 2244; x_wconf 78' lang='grc' dir='ltr'><strong>νωχελεῖ,</strong></span> <span class='ocrx_word' id='word_1_171' title='bbox 672 2175 764 2226; x_wconf 79' lang='grc' dir='ltr'><strong>καὶ</strong></span> <span class='ocrx_word' id='word_1_172' title='bbox 812 2174 985 2242; x_wconf 83' lang='grc' dir='ltr'><strong>μικρά</strong></span> <span class='ocrx_word' id='word_1_173' title='bbox 1031 2190 1157 2226; x_wconf 88' lang='grc' dir='ltr'><strong>τινα</strong></span> <span class='ocrx_word' id='word_1_174' title='bbox 1198 2174 1643 2247; x_wconf 74' lang='grc' dir='ltr'><strong>προσπταιούσῃ,</strong></span> <span class='ocrx_word' id='word_1_175' title='bbox 1676 2177 1948 2229; x_wconf 78' lang='grc' dir='ltr'><strong>παιδεύων</strong></span> 
     </span>
    </p>
   </div>
   <div class='ocr_carea' id='block_1_25' title="bbox 370 2266 1948 2342">
    <p class='ocr_par' dir='ltr' id='par_1_25' title="bbox 370 2266 1948 2342">
     <span class='ocr_line' id='line_1_25' title="bbox 370 2266 1948 2342; baseline 0.003 -24"><span class='ocrx_word' id='word_1_176' title='bbox 370 2267 576 2335; x_wconf 79' lang='grc' dir='ltr'><strong>μηκέτι</strong></span> <span class='ocrx_word' id='word_1_177' title='bbox 612 2266 756 2335; x_wconf 81' lang='grc' dir='ltr'><strong>μέγα</strong></span> <span class='ocrx_word' id='word_1_178' title='bbox 787 2268 1007 2336; x_wconf 78' lang='grc' dir='ltr'><strong>φρονεῖν</strong></span> <span class='ocrx_word' id='word_1_179' title='bbox 1056 2268 1153 2321; x_wconf 75' lang='grc' dir='ltr'><strong>ἐπὶ</strong></span> <span class='ocrx_word' id='word_1_180' title='bbox 1186 2267 1444 2342; x_wconf 80' lang='grc' dir='ltr'><strong>γλώττῃ,</strong></span> <span class='ocrx_word' id='word_1_181' title='bbox 1512 2269 1638 2339; x_wconf 74' lang='grc' dir='ltr'><strong>μηδ’</strong></span> <span class='ocrx_word' id='word_1_182' title='bbox 1690 2269 1948 2340; x_wconf 78' lang='grc' dir='ltr'><strong>ἐπισρεν-</strong></span> 
     </span>
    </p>
   </div>
   <div class='ocr_carea' id='block_1_26' title="bbox 366 2358 1950 2434">
    <p class='ocr_par' dir='ltr' id='par_1_26' title="bbox 366 2358 1950 2434">
     <span class='ocr_line' id='line_1_26' title="bbox 366 2358 1950 2434; baseline 0.001 -22"><span class='ocrx_word' id='word_1_183' title='bbox 366 2359 595 2413; x_wconf 79' lang='grc' dir='ltr'><strong>θύεσθαι</strong></span> <span class='ocrx_word' id='word_1_184' title='bbox 631 2361 897 2431; x_wconf 73' lang='grc' dir='ltr'><strong>ῥήμασιν,</strong></span> <span class='ocrx_word' id='word_1_185' title='bbox 935 2358 1095 2413; x_wconf 74' lang='grc' dir='ltr'><strong>ὁπότε</strong></span> <span class='ocrx_word' id='word_1_186' title='bbox 1128 2361 1262 2432; x_wconf 77' lang='grc' dir='ltr'><strong>μηδὲ</strong></span> <span class='ocrx_word' id='word_1_187' title='bbox 1305 2362 1490 2425; x_wconf 83' lang='grc' dir='ltr'><strong>αὐτοῖς</strong></span> <span class='ocrx_word' id='word_1_188' title='bbox 1542 2363 1835 2434; x_wconf 81' lang='grc' dir='ltr'><strong>πράγμασι</strong></span> <span class='ocrx_word' id='word_1_189' title='bbox 1872 2363 1950 2433; x_wconf 77' lang='grc' dir='ltr'><strong>τῷ</strong></span> 
     </span>
    </p>
   </div>
   <div class='ocr_carea' id='block_1_27' title="bbox 371 2450 880 2521">
    <p class='ocr_par' dir='ltr' id='par_1_27' title="bbox 371 2450 880 2521">
     <span class='ocr_line' id='line_1_27' title="bbox 371 2450 880 2521; baseline 0.004 -17"><span class='ocrx_word' id='word_1_190' title='bbox 371 2465 404 2504; x_wconf 89' lang='grc' dir='ltr'><strong>σ</strong></span> <span class='ocrx_word' id='word_1_191' title='bbox 417 2450 651 2521; x_wconf 70' lang='grc' dir='ltr'><strong>πουδαίῳ</strong></span> <span class='ocrx_word' id='word_1_192' title='bbox 690 2452 880 2506; x_wconf 85' lang='grc' dir='ltr'><strong>καλόν.</strong></span> 
     </span>
    </p>
   </div>
   <div class='ocr_carea' id='block_1_28' title="bbox 446 2722 1951 2799">
    <p class='ocr_par' dir='ltr' id='par_1_28' title="bbox 446 2722 1951 2799">
     <span class='ocr_line' id='line_1_28' title="bbox 446 2722 1951 2799; baseline 0.001 -21"><span class='ocrx_word' id='word_1_193' title='bbox 446 2722 581 2778; x_wconf 80' lang='lat' dir='ltr'><strong>Kll&#39;.</strong></span> <span class='ocrx_word' id='word_1_194' title='bbox 627 2723 791 2786; x_wconf 79' lang='grc' dir='ltr'><strong>Τέλος</strong></span> <span class='ocrx_word' id='word_1_195' title='bbox 859 2723 1130 2780; x_wconf 70' lang='grc' dir='ltr'><strong>ἐπιθεῖναι</strong></span> <span class='ocrx_word' id='word_1_196' title='bbox 1168 2725 1428 2799; x_wconf 77' lang='grc' dir='ltr'><strong>τῷλόγῳ</strong></span> <span class='ocrx_word' id='word_1_197' title='bbox 1482 2726 1577 2782; x_wconf 73' lang='grc' dir='ltr'><strong>νῦν</strong></span> <span class='ocrx_word' id='word_1_198' title='bbox 1623 2728 1951 2799; x_wconf 78' lang='grc' dir='ltr'><strong>ἐϐουλόμην,</strong></span> 
     </span>
    </p>
   </div>
   <div class='ocr_carea' id='block_1_29' title="bbox 371 2816 1955 2893">
    <p class='ocr_par' dir='ltr' id='par_1_29' title="bbox 371 2816 1955 2893">
     <span class='ocr_line' id='line_1_29' title="bbox 371 2816 1955 2893; baseline 0.001 -22"><span class='ocrx_word' id='word_1_199' title='bbox 371 2820 466 2871; x_wconf 77' lang='grc' dir='ltr'><strong>καὶ</strong></span> <span class='ocrx_word' id='word_1_200' title='bbox 490 2818 777 2887; x_wconf 80' lang='grc' dir='ltr'><strong>ἀγαπῆσαι</strong></span> <span class='ocrx_word' id='word_1_201' title='bbox 835 2816 930 2890; x_wconf 76' lang='grc' dir='ltr'><strong>τὴν</strong></span> <span class='ocrx_word' id='word_1_202' title='bbox 998 2818 1233 2890; x_wconf 78' lang='grc' dir='ltr'><strong>σιωπὴν,</strong></span> <span class='ocrx_word' id='word_1_203' title='bbox 1265 2819 1363 2873; x_wconf 81' lang='grc' dir='ltr'><strong>ἆτε</strong></span> <span class='ocrx_word' id='word_1_204' title='bbox 1400 2821 1477 2891; x_wconf 79' lang='grc' dir='ltr'><strong>μὴ</strong></span> <span class='ocrx_word' id='word_1_205' title='bbox 1540 2820 1638 2893; x_wconf 78' lang='grc' dir='ltr'><strong>τήν</strong></span> <span class='ocrx_word' id='word_1_206' title='bbox 1703 2823 1955 2890; x_wconf 82' lang='grc' dir='ltr'><strong>γλῶτταν</strong></span> 
     </span>
    </p>
   </div>
   <div class='ocr_carea' id='block_1_30' title="bbox 2035 607 3617 683">
    <p class='ocr_par' dir='ltr' id='par_1_30' title="bbox 2035 607 3617 683">
     <span class='ocr_line' id='line_1_30' title="bbox 2035 607 3617 683; baseline 0.006 -24"><span class='ocrx_word' id='word_1_207' title='bbox 2035 607 2258 677; x_wconf 83' lang='lat' dir='ltr'><strong>plesset.</strong></span> <span class='ocrx_word' id='word_1_208' title='bbox 2318 609 2553 676; x_wconf 88' lang='lat' dir='ltr'><strong>procidit</strong></span> <span class='ocrx_word' id='word_1_209' title='bbox 2599 609 2666 663; x_wconf 90' lang='lat' dir='ltr'><strong>ad</strong></span> <span class='ocrx_word' id='word_1_210' title='bbox 2718 611 2839 679; x_wconf 83' lang='lat' dir='ltr'><strong>ejus</strong></span> <span class='ocrx_word' id='word_1_211' title='bbox 2892 610 3060 679; x_wconf 80' lang='lat' dir='ltr'><strong>pedes</strong></span> <span class='ocrx_word' id='word_1_212' title='bbox 3119 610 3470 676; x_wconf 86' lang='lat' dir='ltr'><strong>miserabilis,</strong></span> <span class='ocrx_word' id='word_1_213' title='bbox 3520 613 3617 683; x_wconf 87' lang='lat' dir='ltr'><strong>qui</strong></span> 
     </span>
    </p>
   </div>
   <div class='ocr_carea' id='block_1_31' title="bbox 2038 698 3619 775">
    <p class='ocr_par' dir='ltr' id='par_1_31' title="bbox 2038 698 3619 775">
     <span class='ocr_line' id='line_1_31' title="bbox 2038 698 3619 775; baseline 0.006 -25"><span class='ocrx_word' id='word_1_214' title='bbox 2038 698 2201 768; x_wconf 89' lang='lat' dir='ltr'><strong>paulo</strong></span> <span class='ocrx_word' id='word_1_215' title='bbox 2234 708 2360 753; x_wconf 85' lang='lat' dir='ltr'><strong>ante</strong></span> <span class='ocrx_word' id='word_1_216' title='bbox 2387 699 2533 767; x_wconf 88' lang='lat' dir='ltr'><strong>apud</strong></span> <span class='ocrx_word' id='word_1_217' title='bbox 2558 714 2619 754; x_wconf 90' lang='lat' dir='ltr'><strong>se</strong></span> <span class='ocrx_word' id='word_1_218' title='bbox 2650 709 2772 753; x_wconf 91' lang='lat' dir='ltr'><strong>erat</strong></span> <span class='ocrx_word' id='word_1_219' title='bbox 2800 701 3070 766; x_wconf 80' lang='lat' dir='ltr'><strong>excelsus,</strong></span> <span class='ocrx_word' id='word_1_220' title='bbox 3102 711 3311 765; x_wconf 85' lang='lat' dir='ltr'><strong>mutus.</strong></span> <span class='ocrx_word' id='word_1_221' title='bbox 3354 704 3447 775; x_wconf 97' lang='lat' dir='ltr'><strong>qui</strong></span> <span class='ocrx_word' id='word_1_222' title='bbox 3488 720 3619 759; x_wconf 82' lang='lat' dir='ltr'><strong>ver-</strong></span> 
     </span>
    </p>
   </div>
   <div class='ocr_carea' id='block_1_32' title="bbox 2036 788 3624 851">
    <p class='ocr_par' dir='ltr' id='par_1_32' title="bbox 2036 788 3624 851">
     <span class='ocr_line' id='line_1_32' title="bbox 2036 788 3624 851; baseline 0.006 -9"><span class='ocrx_word' id='word_1_223' title='bbox 2036 788 2121 842; x_wconf 85' lang='lat' dir='ltr'><strong>bis</strong></span> <span class='ocrx_word' id='word_1_224' title='bbox 2157 797 2316 843; x_wconf 88' lang='lat' dir='ltr'><strong>antea</strong></span> <span class='ocrx_word' id='word_1_225' title='bbox 2349 790 2685 848; x_wconf 83' lang='lat' dir='ltr'><strong>abundabat.</strong></span> <span class='ocrx_word' id='word_1_226' title='bbox 2722 799 2777 846; x_wconf 87' lang='lat' dir='ltr'><strong>et</strong></span> <span class='ocrx_word' id='word_1_227' title='bbox 2825 808 2976 847; x_wconf 90' lang='lat' dir='ltr'><strong>mora</strong></span> <span class='ocrx_word' id='word_1_228' title='bbox 3009 793 3387 850; x_wconf 78' lang='lat' dir='ltr'><strong>delectabatur</strong></span> <span class='ocrx_word' id='word_1_229' title='bbox 3419 797 3624 851; x_wconf 83' lang='lat' dir='ltr'><strong>intem-</strong></span> 
     </span>
    </p>
   </div>
   <div class='ocr_carea' id='block_1_33' title="bbox 2040 881 3619 958">
    <p class='ocr_par' dir='ltr' id='par_1_33' title="bbox 2040 881 3619 958">
     <span class='ocr_line' id='line_1_33' title="bbox 2040 881 3619 958; baseline 0.004 -22"><span class='ocrx_word' id='word_1_230' title='bbox 2040 882 2269 950; x_wconf 88' lang='lat' dir='ltr'><strong>pestiva.</strong></span> <span class='ocrx_word' id='word_1_231' title='bbox 2303 881 2379 936; x_wconf 77' lang='lat' dir='ltr'><strong>Ex</strong></span> <span class='ocrx_word' id='word_1_232' title='bbox 2409 882 2474 936; x_wconf 91' lang='lat' dir='ltr'><strong>iis</strong></span> <span class='ocrx_word' id='word_1_233' title='bbox 2500 897 2650 944; x_wconf 85' lang='lat' dir='ltr'><strong>vero,</strong></span> <span class='ocrx_word' id='word_1_234' title='bbox 2675 881 2770 951; x_wconf 88' lang='lat' dir='ltr'><strong>qui</strong></span> <span class='ocrx_word' id='word_1_235' title='bbox 2796 884 2973 938; x_wconf 90' lang='lat' dir='ltr'><strong>vicum</strong></span> <span class='ocrx_word' id='word_1_236' title='bbox 3004 885 3350 952; x_wconf 85' lang='lat' dir='ltr'><strong>habitabant,</strong></span> <span class='ocrx_word' id='word_1_237' title='bbox 3377 903 3474 943; x_wconf 91' lang='lat' dir='ltr'><strong>eos</strong></span> <span class='ocrx_word' id='word_1_238' title='bbox 3497 888 3619 958; x_wconf 90' lang='lat' dir='ltr'><strong>qui-</strong></span> 
     </span>
    </p>
   </div>
   <div class='ocr_carea' id='block_1_34' title="bbox 2039 971 3621 1049">
    <p class='ocr_par' dir='ltr' id='par_1_34' title="bbox 2039 971 3621 1049">
     <span class='ocr_line' id='line_1_34' title="bbox 2039 971 3621 1049; baseline 0.004 -22"><span class='ocrx_word' id='word_1_239' title='bbox 2039 971 2185 1034; x_wconf 76' lang='lat' dir='ltr'><strong>dem.</strong></span> <span class='ocrx_word' id='word_1_240' title='bbox 2221 973 2313 1043; x_wconf 87' lang='lat' dir='ltr'><strong>qui</strong></span> <span class='ocrx_word' id='word_1_241' title='bbox 2362 973 2608 1036; x_wconf 88' lang='lat' dir='ltr'><strong>aderant,</strong></span> <span class='ocrx_word' id='word_1_242' title='bbox 2646 974 2850 1029; x_wconf 76' lang='lat' dir='ltr'><strong>invasit</strong></span> <span class='ocrx_word' id='word_1_243' title='bbox 2898 985 3112 1040; x_wconf 83' lang='lat' dir='ltr'><strong>metus;</strong></span> <span class='ocrx_word' id='word_1_244' title='bbox 3142 992 3238 1031; x_wconf 86' lang='lat' dir='ltr'><strong>eos</strong></span> <span class='ocrx_word' id='word_1_245' title='bbox 3282 987 3490 1043; x_wconf 89' lang='lat' dir='ltr'><strong>autem,</strong></span> <span class='ocrx_word' id='word_1_246' title='bbox 3525 979 3621 1049; x_wconf 90' lang='lat' dir='ltr'><strong>qui</strong></span> 
     </span>
    </p>
   </div>
   <div class='ocr_carea' id='block_1_35' title="bbox 2040 1064 3621 1133">
    <p class='ocr_par' dir='ltr' id='par_1_35' title="bbox 2040 1064 3621 1133">
     <span class='ocr_line' id='line_1_35' title="bbox 2040 1064 3621 1133; baseline 0.003 -14"><span class='ocrx_word' id='word_1_247' title='bbox 2040 1064 2291 1126; x_wconf 82' lang='lat' dir='ltr'><strong>aberant.</strong></span> <span class='ocrx_word' id='word_1_248' title='bbox 2320 1065 2462 1120; x_wconf 86' lang='lat' dir='ltr'><strong>lama</strong></span> <span class='ocrx_word' id='word_1_249' title='bbox 2490 1065 2621 1121; x_wconf 82' lang='lat' dir='ltr'><strong>iecit</strong></span> <span class='ocrx_word' id='word_1_250' title='bbox 2649 1083 3022 1133; x_wconf 81' lang='lat' dir='ltr'><strong>concurrere;</strong></span> <span class='ocrx_word' id='word_1_251' title='bbox 3053 1079 3108 1122; x_wconf 91' lang='lat' dir='ltr'><strong>et</strong></span> <span class='ocrx_word' id='word_1_252' title='bbox 3135 1070 3326 1123; x_wconf 84' lang='lat' dir='ltr'><strong>multis</strong></span> <span class='ocrx_word' id='word_1_253' title='bbox 3354 1070 3621 1125; x_wconf 87' lang='lat' dir='ltr'><strong>continuo</strong></span> 
     </span>
    </p>
   </div>
   <div class='ocr_carea' id='block_1_36' title="bbox 2041 1155 3623 1225">
    <p class='ocr_par' dir='ltr' id='par_1_36' title="bbox 2041 1155 3623 1225">
     <span class='ocr_line' id='line_1_36' title="bbox 2041 1155 3623 1225; baseline 0.003 -14"><span class='ocrx_word' id='word_1_254' title='bbox 2041 1155 2467 1221; x_wconf 80' lang='lat' dir='ltr'><strong>conﬂuentibus,</strong></span> <span class='ocrx_word' id='word_1_255' title='bbox 2514 1170 2628 1213; x_wconf 82' lang='lat' dir='ltr'><strong>tum</strong></span> <span class='ocrx_word' id='word_1_256' title='bbox 2675 1161 2840 1214; x_wconf 87' lang='lat' dir='ltr'><strong>motis</strong></span> <span class='ocrx_word' id='word_1_257' title='bbox 2882 1160 3057 1216; x_wconf 83' lang='lat' dir='ltr'><strong>sancti</strong></span> <span class='ocrx_word' id='word_1_258' title='bbox 3086 1161 3473 1225; x_wconf 83' lang='lat' dir='ltr'><strong>admiratione,</strong></span> <span class='ocrx_word' id='word_1_259' title='bbox 3507 1169 3623 1216; x_wconf 87' lang='lat' dir='ltr'><strong>tum</strong></span> 
     </span>
    </p>
   </div>
   <div class='ocr_carea' id='block_1_37' title="bbox 2041 1250 3627 1321">
    <p class='ocr_par' dir='ltr' id='par_1_37' title="bbox 2041 1250 3627 1321">
     <span class='ocr_line' id='line_1_37' title="bbox 2041 1250 3627 1321; baseline 0.004 -16"><span class='ocrx_word' id='word_1_260' title='bbox 2041 1250 2207 1305; x_wconf 90' lang='lat' dir='ltr'><strong>etiam</strong></span> <span class='ocrx_word' id='word_1_261' title='bbox 2257 1252 2375 1321; x_wconf 84' lang='lat' dir='ltr'><strong>ejus</strong></span> <span class='ocrx_word' id='word_1_262' title='bbox 2432 1251 2527 1321; x_wconf 86' lang='lat' dir='ltr'><strong>qui</strong></span> <span class='ocrx_word' id='word_1_263' title='bbox 2594 1267 2790 1321; x_wconf 87' lang='lat' dir='ltr'><strong>passus</strong></span> <span class='ocrx_word' id='word_1_264' title='bbox 2841 1253 3042 1319; x_wconf 84' lang='lat' dir='ltr'><strong>luerat,</strong></span> <span class='ocrx_word' id='word_1_265' title='bbox 3097 1254 3501 1319; x_wconf 86' lang='lat' dir='ltr'><strong>misericordia,</strong></span> <span class='ocrx_word' id='word_1_266' title='bbox 3568 1264 3627 1311; x_wconf 81' lang='lat' dir='ltr'><strong>et</strong></span> 
     </span>
    </p>
   </div>
   <div class='ocr_carea' id='block_1_38' title="bbox 2044 1345 3624 1419">
    <p class='ocr_par' dir='ltr' id='par_1_38' title="bbox 2044 1345 3624 1419">
     <span class='ocr_line' id='line_1_38' title="bbox 2044 1345 3624 1419; baseline 0.004 -21"><span class='ocrx_word' id='word_1_267' title='bbox 2044 1361 2130 1399; x_wconf 91' lang='lat' dir='ltr'><strong>ma</strong></span> <span class='ocrx_word' id='word_1_268' title='bbox 2143 1346 2280 1398; x_wconf 59' lang='lat' dir='ltr'><strong>xime</strong></span> <span class='ocrx_word' id='word_1_269' title='bbox 2306 1346 2427 1413; x_wconf 88' lang='lat' dir='ltr'><strong>ejus</strong></span> <span class='ocrx_word' id='word_1_270' title='bbox 2452 1345 2698 1415; x_wconf 72' lang='lat' dir='ltr'><strong>cognatis</strong></span> <span class='ocrx_word' id='word_1_271' title='bbox 2727 1355 2783 1400; x_wconf 91' lang='lat' dir='ltr'><strong>et</strong></span> <span class='ocrx_word' id='word_1_272' title='bbox 2814 1348 3169 1410; x_wconf 80' lang='lat' dir='ltr'><strong>necessariis,</strong></span> <span class='ocrx_word' id='word_1_273' title='bbox 3203 1348 3296 1417; x_wconf 90' lang='lat' dir='ltr'><strong>qui</strong></span> <span class='ocrx_word' id='word_1_274' title='bbox 3326 1352 3494 1404; x_wconf 71' lang='lat' dir='ltr'><strong>etiam</strong></span> <span class='ocrx_word' id='word_1_275' title='bbox 3526 1364 3624 1419; x_wconf 68' lang='lat' dir='ltr'><strong>ge—</strong></span> 
     </span>
    </p>
   </div>
   <div class='ocr_carea' id='block_1_39' title="bbox 2042 1438 3703 1511">
    <p class='ocr_par' dir='ltr' id='par_1_39' title="bbox 2042 1438 3703 1511">
     <span class='ocr_line' id='line_1_39' title="bbox 2042 1438 3703 1511; baseline 0.004 -21"><span class='ocrx_word' id='word_1_276' title='bbox 2042 1452 2298 1491; x_wconf 87' lang='lat' dir='ltr'><strong>nerosam</strong></span> <span class='ocrx_word' id='word_1_277' title='bbox 2346 1438 2491 1492; x_wconf 85' lang='lat' dir='ltr'><strong>illam</strong></span> <span class='ocrx_word' id='word_1_278' title='bbox 2523 1441 2791 1509; x_wconf 81' lang='lat' dir='ltr'><strong>rogabant</strong></span> <span class='ocrx_word' id='word_1_279' title='bbox 2820 1439 3086 1505; x_wconf 87' lang='lat' dir='ltr'><strong>animam,</strong></span> <span class='ocrx_word' id='word_1_280' title='bbox 3118 1449 3178 1494; x_wconf 89' lang='lat' dir='ltr'><strong>ut</strong></span> <span class='ocrx_word' id='word_1_281' title='bbox 3206 1441 3257 1495; x_wconf 86' lang='lat' dir='ltr'><strong>ei</strong></span> <span class='ocrx_word' id='word_1_282' title='bbox 3292 1440 3627 1511; x_wconf 76' lang='lat' dir='ltr'><strong>ignosceret,</strong></span> <span class='ocrx_word' id='word_1_283' title='bbox 3700 1462 3703 1467; x_wconf 73' lang='grc'><em>’</em></span> 
     </span>
    </p>
   </div>
   <div class='ocr_carea' id='block_1_40' title="bbox 2043 1529 3631 1600">
    <p class='ocr_par' dir='ltr' id='par_1_40' title="bbox 2043 1529 3631 1600">
     <span class='ocr_line' id='line_1_40' title="bbox 2043 1529 3631 1600; baseline 0.003 -16"><span class='ocrx_word' id='word_1_284' title='bbox 2043 1530 2139 1600; x_wconf 90' lang='lat' dir='ltr'><strong>qui</strong></span> <span class='ocrx_word' id='word_1_285' title='bbox 2183 1529 2474 1589; x_wconf 84' lang='lat' dir='ltr'><strong>damnatus</strong></span> <span class='ocrx_word' id='word_1_286' title='bbox 2505 1530 2686 1586; x_wconf 74' lang='lat' dir='ltr'><strong>fuerat</strong></span> <span class='ocrx_word' id='word_1_287' title='bbox 2723 1541 2782 1586; x_wconf 90' lang='lat' dir='ltr'><strong>ut</strong></span> <span class='ocrx_word' id='word_1_288' title='bbox 2831 1546 2978 1588; x_wconf 82' lang='lat' dir='ltr'><strong>esset</strong></span> <span class='ocrx_word' id='word_1_289' title='bbox 3011 1543 3218 1595; x_wconf 83' lang='lat' dir='ltr'><strong>mutus,</strong></span> <span class='ocrx_word' id='word_1_290' title='bbox 3253 1542 3309 1587; x_wconf 81' lang='lat' dir='ltr'><strong>et</strong></span> <span class='ocrx_word' id='word_1_291' title='bbox 3338 1532 3389 1588; x_wconf 88' lang='lat' dir='ltr'><strong>ei</strong></span> <span class='ocrx_word' id='word_1_292' title='bbox 3420 1534 3631 1589; x_wconf 77' lang='lat' dir='ltr'><strong>relaxa-</strong></span> 
     </span>
    </p>
   </div>
   <div class='ocr_carea' id='block_1_41' title="bbox 2045 1623 3630 1694">
    <p class='ocr_par' dir='ltr' id='par_1_41' title="bbox 2045 1623 3630 1694">
     <span class='ocr_line' id='line_1_41' title="bbox 2045 1623 3630 1694; baseline 0.005 -17"><span class='ocrx_word' id='word_1_293' title='bbox 2045 1632 2130 1677; x_wconf 86' lang='lat' dir='ltr'><strong>ret</strong></span> <span class='ocrx_word' id='word_1_294' title='bbox 2166 1623 2473 1690; x_wconf 74' lang='lat' dir='ltr'><strong>vinculum,</strong></span> <span class='ocrx_word' id='word_1_295' title='bbox 2512 1624 2639 1677; x_wconf 79' lang='lat' dir='ltr'><strong>vide</strong></span> <span class='ocrx_word' id='word_1_296' title='bbox 2665 1624 2798 1694; x_wconf 89' lang='lat' dir='ltr'><strong>quid</strong></span> <span class='ocrx_word' id='word_1_297' title='bbox 2831 1624 2963 1681; x_wconf 76' lang='lat' dir='ltr'><strong>facit</strong></span> <span class='ocrx_word' id='word_1_298' title='bbox 2991 1627 3077 1679; x_wconf 89' lang='lat' dir='ltr'><strong>vir</strong></span> <span class='ocrx_word' id='word_1_299' title='bbox 3106 1626 3195 1681; x_wconf 80' lang='lat' dir='ltr'><strong>ille</strong></span> <span class='ocrx_word' id='word_1_300' title='bbox 3229 1636 3393 1694; x_wconf 87' lang='lat' dir='ltr'><strong>aptus</strong></span> <span class='ocrx_word' id='word_1_301' title='bbox 3427 1628 3630 1685; x_wconf 85' lang='lat' dir='ltr'><strong>virtute</strong></span> 
     </span>
    </p>
   </div>
   <div class='ocr_carea' id='block_1_42' title="bbox 2045 1716 3627 1788">
    <p class='ocr_par' dir='ltr' id='par_1_42' title="bbox 2045 1716 3627 1788">
     <span class='ocr_line' id='line_1_42' title="bbox 2045 1716 3627 1788; baseline 0.003 -18"><span class='ocrx_word' id='word_1_302' title='bbox 2045 1722 2101 1770; x_wconf 88' lang='lat' dir='ltr'><strong>et</strong></span> <span class='ocrx_word' id='word_1_303' title='bbox 2148 1717 2494 1772; x_wconf 85' lang='lat' dir='ltr'><strong>concinnus:</strong></span> <span class='ocrx_word' id='word_1_304' title='bbox 2531 1732 2655 1771; x_wconf 91' lang='lat' dir='ltr'><strong>cum</strong></span> <span class='ocrx_word' id='word_1_305' title='bbox 2696 1718 2953 1786; x_wconf 81' lang='lat' dir='ltr'><strong>precibus</strong></span> <span class='ocrx_word' id='word_1_306' title='bbox 2992 1716 3215 1788; x_wconf 88' lang='lat' dir='ltr'><strong>quidem</strong></span> <span class='ocrx_word' id='word_1_307' title='bbox 3262 1719 3579 1775; x_wconf 85' lang='lat' dir='ltr'><strong>ﬂecteretur</strong></span> <span class='ocrx_word' id='word_1_308' title='bbox 3610 1758 3627 1784; x_wconf 89' lang='lat'><strong>,</strong></span> 
     </span>
    </p>
   </div>
   <div class='ocr_carea' id='block_1_43' title="bbox 2046 1806 3634 1879">
    <p class='ocr_par' dir='ltr' id='par_1_43' title="bbox 2046 1806 3634 1879">
     <span class='ocr_line' id='line_1_43' title="bbox 2046 1806 3634 1879; baseline 0.004 -21"><span class='ocrx_word' id='word_1_309' title='bbox 2046 1806 2192 1876; x_wconf 89' lang='lat' dir='ltr'><strong>quod</strong></span> <span class='ocrx_word' id='word_1_310' title='bbox 2218 1807 2579 1878; x_wconf 78' lang='lat' dir='ltr'><strong>castigatione</strong></span> <span class='ocrx_word' id='word_1_311' title='bbox 2609 1817 2794 1862; x_wconf 90' lang='lat' dir='ltr'><strong>autem</strong></span> <span class='ocrx_word' id='word_1_312' title='bbox 2829 1809 3014 1863; x_wconf 85' lang='lat' dir='ltr'><strong>adhuc</strong></span> <span class='ocrx_word' id='word_1_313' title='bbox 3040 1817 3227 1879; x_wconf 73' lang='lat' dir='ltr'><strong>egeret</strong></span> <span class='ocrx_word' id='word_1_314' title='bbox 3249 1810 3517 1865; x_wconf 83' lang='lat' dir='ltr'><strong>diaconus</strong></span> <span class='ocrx_word' id='word_1_315' title='bbox 3547 1825 3634 1865; x_wconf 88' lang='lat' dir='ltr'><strong>re-</strong></span> 
     </span>
    </p>
   </div>
   <div class='ocr_carea' id='block_1_44' title="bbox 2048 1898 3629 1972">
    <p class='ocr_par' dir='ltr' id='par_1_44' title="bbox 2048 1898 3629 1972">
     <span class='ocr_line' id='line_1_44' title="bbox 2048 1898 3629 1972; baseline 0.006 -20"><span class='ocrx_word' id='word_1_316' title='bbox 2048 1898 2361 1953; x_wconf 87' lang='lat' dir='ltr'><strong>traheretur</strong></span> <span class='ocrx_word' id='word_1_317' title='bbox 2384 1899 2530 1969; x_wconf 85' lang='lat' dir='ltr'><strong>(nam</strong></span> <span class='ocrx_word' id='word_1_318' title='bbox 2567 1899 2671 1954; x_wconf 89' lang='lat' dir='ltr'><strong>hoc</strong></span> <span class='ocrx_word' id='word_1_319' title='bbox 2693 1915 2914 1971; x_wconf 90' lang='lat' dir='ltr'><strong>quoque</strong></span> <span class='ocrx_word' id='word_1_320' title='bbox 2939 1901 3163 1957; x_wconf 83' lang='lat' dir='ltr'><strong>videbat</strong></span> <span class='ocrx_word' id='word_1_321' title='bbox 3189 1918 3287 1971; x_wconf 90' lang='lat' dir='ltr'><strong>per</strong></span> <span class='ocrx_word' id='word_1_322' title='bbox 3315 1901 3629 1972; x_wconf 80' lang='lat' dir='ltr'><strong>Spiritum);</strong></span> 
     </span>
    </p>
   </div>
   <div class='ocr_carea' id='block_1_45' title="bbox 2044 1990 3623 2061">
    <p class='ocr_par' dir='ltr' id='par_1_45' title="bbox 2044 1990 3623 2061">
     <span class='ocr_line' id='line_1_45' title="bbox 2044 1990 3623 2061; baseline 0.003 -17"><span class='ocrx_word' id='word_1_323' title='bbox 2044 2004 2266 2060; x_wconf 67' lang='lat' dir='ltr'><strong>penam</strong></span> <span class='ocrx_word' id='word_1_324' title='bbox 2295 1990 2431 2047; x_wconf 85' lang='lat' dir='ltr'><strong>scite</strong></span> <span class='ocrx_word' id='word_1_325' title='bbox 2466 1990 2726 2059; x_wconf 86' lang='lat' dir='ltr'><strong>partitur,</strong></span> <span class='ocrx_word' id='word_1_326' title='bbox 2760 2000 2816 2046; x_wconf 90' lang='lat' dir='ltr'><strong>et</strong></span> <span class='ocrx_word' id='word_1_327' title='bbox 2846 1993 3117 2061; x_wconf 87' lang='lat' dir='ltr'><strong>permittit</strong></span> <span class='ocrx_word' id='word_1_328' title='bbox 3145 1993 3391 2061; x_wconf 87' lang='lat' dir='ltr'><strong>quidem,</strong></span> <span class='ocrx_word' id='word_1_329' title='bbox 3421 2006 3481 2049; x_wconf 90' lang='lat' dir='ltr'><strong>ut</strong></span> <span class='ocrx_word' id='word_1_330' title='bbox 3509 1992 3623 2049; x_wconf 86' lang='lat' dir='ltr'><strong>lin-</strong></span> 
     </span>
    </p>
   </div>
   <div class='ocr_carea' id='block_1_46' title="bbox 2050 2082 3635 2150">
    <p class='ocr_par' dir='ltr' id='par_1_46' title="bbox 2050 2082 3635 2150">
     <span class='ocr_line' id='line_1_46' title="bbox 2050 2082 3635 2150; baseline 0.005 -16"><span class='ocrx_word' id='word_1_331' title='bbox 2050 2096 2154 2150; x_wconf 69' lang='lat'><strong>803</strong></span> <span class='ocrx_word' id='word_1_332' title='bbox 2191 2089 2377 2137; x_wconf 89' lang='lat' dir='ltr'><strong>utatur</strong></span> <span class='ocrx_word' id='word_1_333' title='bbox 2404 2082 2470 2136; x_wconf 88' lang='lat' dir='ltr'><strong>ad</strong></span> <span class='ocrx_word' id='word_1_334' title='bbox 2518 2097 2737 2138; x_wconf 87' lang='lat' dir='ltr'><strong>omnem</strong></span> <span class='ocrx_word' id='word_1_335' title='bbox 2784 2098 3120 2150; x_wconf 88' lang='lat' dir='ltr'><strong>sermonem,</strong></span> <span class='ocrx_word' id='word_1_336' title='bbox 3162 2100 3275 2140; x_wconf 90' lang='lat' dir='ltr'><strong>non</strong></span> <span class='ocrx_word' id='word_1_337' title='bbox 3303 2096 3483 2141; x_wconf 81' lang='lat' dir='ltr'><strong>tamen</strong></span> <span class='ocrx_word' id='word_1_338' title='bbox 3511 2103 3635 2142; x_wconf 73' lang='grc'><strong>0111·-</strong></span> 
     </span>
    </p>
   </div>
   <div class='ocr_carea' id='block_1_47' title="bbox 2050 2172 3636 2246">
    <p class='ocr_par' dir='ltr' id='par_1_47' title="bbox 2050 2172 3636 2246">
     <span class='ocr_line' id='line_1_47' title="bbox 2050 2172 3636 2246; baseline 0.006 -18"><span class='ocrx_word' id='word_1_339' title='bbox 2050 2172 2185 2228; x_wconf 88' lang='lat' dir='ltr'><strong>nino</strong></span> <span class='ocrx_word' id='word_1_340' title='bbox 2211 2173 2406 2239; x_wconf 87' lang='lat' dir='ltr'><strong>libere,</strong></span> <span class='ocrx_word' id='word_1_341' title='bbox 2448 2190 2552 2231; x_wconf 90' lang='lat' dir='ltr'><strong>nec</strong></span> <span class='ocrx_word' id='word_1_342' title='bbox 2581 2185 2641 2231; x_wconf 88' lang='lat' dir='ltr'><strong>ut</strong></span> <span class='ocrx_word' id='word_1_343' title='bbox 2690 2177 2845 2246; x_wconf 88' lang='lat' dir='ltr'><strong>prius</strong></span> <span class='ocrx_word' id='word_1_344' title='bbox 2874 2179 3020 2232; x_wconf 88' lang='lat' dir='ltr'><strong>clara</strong></span> <span class='ocrx_word' id='word_1_345' title='bbox 3049 2188 3106 2233; x_wconf 90' lang='lat' dir='ltr'><strong>et</strong></span> <span class='ocrx_word' id='word_1_346' title='bbox 3156 2195 3378 2245; x_wconf 82' lang='lat' dir='ltr'><strong>canora,</strong></span> <span class='ocrx_word' id='word_1_347' title='bbox 3409 2181 3505 2236; x_wconf 87' lang='lat' dir='ltr'><strong>sed</strong></span> <span class='ocrx_word' id='word_1_348' title='bbox 3535 2182 3636 2237; x_wconf 82' lang='lat' dir='ltr'><strong>be-</strong></span> 
     </span>
    </p>
   </div>
   <div class='ocr_carea' id='block_1_48' title="bbox 2051 2265 3636 2341">
    <p class='ocr_par' dir='ltr' id='par_1_48' title="bbox 2051 2265 3636 2341">
     <span class='ocr_line' id='line_1_48' title="bbox 2051 2265 3636 2341; baseline 0.004 -20"><span class='ocrx_word' id='word_1_349' title='bbox 2051 2265 2177 2321; x_wconf 90' lang='lat' dir='ltr'><strong>bete</strong></span> <span class='ocrx_word' id='word_1_350' title='bbox 2220 2277 2274 2321; x_wconf 89' lang='lat' dir='ltr'><strong>et</strong></span> <span class='ocrx_word' id='word_1_351' title='bbox 2310 2266 2607 2332; x_wconf 84' lang='lat' dir='ltr'><strong>imbecilla,</strong></span> <span class='ocrx_word' id='word_1_352' title='bbox 2672 2280 2729 2324; x_wconf 91' lang='lat' dir='ltr'><strong>et</strong></span> <span class='ocrx_word' id='word_1_353' title='bbox 2775 2285 2968 2339; x_wconf 87' lang='lat' dir='ltr'><strong>parum</strong></span> <span class='ocrx_word' id='word_1_354' title='bbox 3012 2273 3316 2341; x_wconf 84' lang='lat' dir='ltr'><strong>cespitantc</strong></span> <span class='ocrx_word' id='word_1_355' title='bbox 3349 2282 3404 2327; x_wconf 89' lang='lat' dir='ltr'><strong>et</strong></span> <span class='ocrx_word' id='word_1_356' title='bbox 3438 2273 3636 2327; x_wconf 59' lang='lat' dir='ltr'><strong>balba-</strong></span> 
     </span>
    </p>
   </div>
   <div class='ocr_carea' id='block_1_49' title="bbox 2052 2359 3635 2434">
    <p class='ocr_par' dir='ltr' id='par_1_49' title="bbox 2052 2359 3635 2434">
     <span class='ocr_line' id='line_1_49' title="bbox 2052 2359 3635 2434; baseline 0.007 -23"><span class='ocrx_word' id='word_1_357' title='bbox 2052 2360 2244 2423; x_wconf 86' lang='lat' dir='ltr'><strong>tiente,</strong></span> <span class='ocrx_word' id='word_1_358' title='bbox 2277 2359 2557 2425; x_wconf 86' lang='lat' dir='ltr'><strong>erudiens,</strong></span> <span class='ocrx_word' id='word_1_359' title='bbox 2594 2375 2662 2414; x_wconf 86' lang='lat' dir='ltr'><strong>ne</strong></span> <span class='ocrx_word' id='word_1_360' title='bbox 2713 2361 2951 2431; x_wconf 85' lang='lat' dir='ltr'><strong>amplius</strong></span> <span class='ocrx_word' id='word_1_361' title='bbox 2988 2372 3214 2431; x_wconf 80' lang='lat' dir='ltr'><strong>propter</strong></span> <span class='ocrx_word' id='word_1_362' title='bbox 3257 2364 3497 2434; x_wconf 82' lang='lat' dir='ltr'><strong>linguam</strong></span> <span class='ocrx_word' id='word_1_363' title='bbox 3528 2367 3635 2422; x_wconf 86' lang='lat' dir='ltr'><strong>sibi</strong></span> 
     </span>
    </p>
   </div>
   <div class='ocr_carea' id='block_1_50' title="bbox 2053 2448 3637 2519">
    <p class='ocr_par' dir='ltr' id='par_1_50' title="bbox 2053 2448 3637 2519">
     <span class='ocr_line' id='line_1_50' title="bbox 2053 2448 3637 2519; baseline 0.006 -17"><span class='ocrx_word' id='word_1_364' title='bbox 2053 2450 2317 2518; x_wconf 88' lang='lat' dir='ltr'><strong>placeret,</strong></span> <span class='ocrx_word' id='word_1_365' title='bbox 2364 2464 2468 2505; x_wconf 86' lang='lat' dir='ltr'><strong>nec</strong></span> <span class='ocrx_word' id='word_1_366' title='bbox 2513 2464 2572 2503; x_wconf 86' lang='lat' dir='ltr'><strong>se</strong></span> <span class='ocrx_word' id='word_1_367' title='bbox 2608 2448 2677 2503; x_wconf 92' lang='lat' dir='ltr'><strong>de</strong></span> <span class='ocrx_word' id='word_1_368' title='bbox 2728 2450 2912 2505; x_wconf 80' lang='lat' dir='ltr'><strong>verbis</strong></span> <span class='ocrx_word' id='word_1_369' title='bbox 2954 2452 3211 2519; x_wconf 76' lang='lat' dir='ltr'><strong>iactaret,</strong></span> <span class='ocrx_word' id='word_1_370' title='bbox 3264 2469 3389 2508; x_wconf 90' lang='lat' dir='ltr'><strong>cum</strong></span> <span class='ocrx_word' id='word_1_371' title='bbox 3436 2470 3537 2511; x_wconf 88' lang='lat' dir='ltr'><strong>nec</strong></span> <span class='ocrx_word' id='word_1_372' title='bbox 3567 2456 3637 2511; x_wconf 87' lang='lat' dir='ltr'><strong>de</strong></span> 
     </span>
    </p>
   </div>
   <div class='ocr_carea' id='block_1_51' title="bbox 2053 2542 3633 2614">
    <p class='ocr_par' dir='ltr' id='par_1_51' title="bbox 2053 2542 3633 2614">
     <span class='ocr_line' id='line_1_51' title="bbox 2053 2542 3633 2614; baseline 0.004 -16"><span class='ocrx_word' id='word_1_373' title='bbox 2053 2543 2217 2598; x_wconf 86' lang='lat' dir='ltr'><strong>rebus</strong></span> <span class='ocrx_word' id='word_1_374' title='bbox 2240 2544 2464 2613; x_wconf 87' lang='lat' dir='ltr'><strong>quidem</strong></span> <span class='ocrx_word' id='word_1_375' title='bbox 2513 2542 2645 2613; x_wconf 87' lang='lat' dir='ltr'><strong>ipsis</strong></span> <span class='ocrx_word' id='word_1_376' title='bbox 2692 2558 2750 2598; x_wconf 90' lang='lat' dir='ltr'><strong>se</strong></span> <span class='ocrx_word' id='word_1_377' title='bbox 2796 2544 3032 2614; x_wconf 86' lang='lat' dir='ltr'><strong>jactare,</strong></span> <span class='ocrx_word' id='word_1_378' title='bbox 3086 2545 3209 2601; x_wconf 91' lang='lat' dir='ltr'><strong>viro</strong></span> <span class='ocrx_word' id='word_1_379' title='bbox 3243 2547 3390 2601; x_wconf 88' lang='lat' dir='ltr'><strong>bono</strong></span> <span class='ocrx_word' id='word_1_380' title='bbox 3430 2547 3503 2605; x_wconf 88' lang='lat' dir='ltr'><strong>sit</strong></span> <span class='ocrx_word' id='word_1_381' title='bbox 3531 2549 3633 2605; x_wconf 87' lang='lat' dir='ltr'><strong>ho-</strong></span> 
     </span>
    </p>
   </div>
   <div class='ocr_carea' id='block_1_52' title="bbox 2053 2643 2827 2689">
    <p class='ocr_par' dir='ltr' id='par_1_52' title="bbox 2053 2643 2827 2689">
     <span class='ocr_line' id='line_1_52' title="bbox 2053 2643 2827 2689; baseline 0.001 0"><span class='ocrx_word' id='word_1_382' title='bbox 2053 2643 2291 2689; x_wconf 84' lang='lat' dir='ltr'><strong>nestum.</strong></span> <span class='ocrx_word' id='word_1_383' title='bbox 2822 2658 2827 2663; x_wconf 78' lang='lat'>&#39;</span> 
     </span>
    </p>
   </div>
   <div class='ocr_carea' id='block_1_53' title="bbox 2123 2724 3635 2799">
    <p class='ocr_par' dir='ltr' id='par_1_53' title="bbox 2123 2724 3635 2799">
     <span class='ocr_line' id='line_1_53' title="bbox 2123 2724 3635 2799; baseline 0.004 -19"><span class='ocrx_word' id='word_1_384' title='bbox 2123 2724 2290 2781; x_wconf 79' lang='lat' dir='ltr'><strong>XXV.</strong></span> <span class='ocrx_word' id='word_1_385' title='bbox 2336 2726 2592 2782; x_wconf 80' lang='lat' dir='ltr'><strong>Volebam</strong></span> <span class='ocrx_word' id='word_1_386' title='bbox 2629 2744 2776 2782; x_wconf 90' lang='lat' dir='ltr'><strong>nunc</strong></span> <span class='ocrx_word' id='word_1_387' title='bbox 2826 2728 3111 2799; x_wconf 85' lang='lat' dir='ltr'><strong>imponere</strong></span> <span class='ocrx_word' id='word_1_388' title='bbox 3160 2731 3323 2785; x_wconf 81' lang='lat' dir='ltr'><strong>tinem</strong></span> <span class='ocrx_word' id='word_1_389' title='bbox 3372 2732 3635 2797; x_wconf 90' lang='lat' dir='ltr'><strong>orationi,</strong></span> 
     </span>
    </p>
   </div>
   <div class='ocr_carea' id='block_1_54' title="bbox 2054 2818 3636 2894">
    <p class='ocr_par' dir='ltr' id='par_1_54' title="bbox 2054 2818 3636 2894">
     <span class='ocr_line' id='line_1_54' title="bbox 2054 2818 3636 2894; baseline 0.002 -21"><span class='ocrx_word' id='word_1_390' title='bbox 2054 2826 2111 2873; x_wconf 88' lang='lat' dir='ltr'><strong>et</strong></span> <span class='ocrx_word' id='word_1_391' title='bbox 2141 2818 2396 2887; x_wconf 83' lang='lat' dir='ltr'><strong>amplecti</strong></span> <span class='ocrx_word' id='word_1_392' title='bbox 2429 2818 2734 2883; x_wconf 85' lang='lat' dir='ltr'><strong>silentium,</strong></span> <span class='ocrx_word' id='word_1_393' title='bbox 2767 2830 2826 2873; x_wconf 88' lang='lat' dir='ltr'><strong>ut</strong></span> <span class='ocrx_word' id='word_1_394' title='bbox 2850 2823 2941 2889; x_wconf 87' lang='lat' dir='ltr'><strong>qui</strong></span> <span class='ocrx_word' id='word_1_395' title='bbox 2976 2837 3077 2876; x_wconf 89' lang='lat' dir='ltr'><strong>nec</strong></span> <span class='ocrx_word' id='word_1_396' title='bbox 3109 2821 3339 2877; x_wconf 84' lang='lat' dir='ltr'><strong>habeam</strong></span> <span class='ocrx_word' id='word_1_397' title='bbox 3370 2824 3636 2894; x_wconf 76' lang='lat' dir='ltr'><strong>linguam,</strong></span> 
     </span>
    </p>
   </div>
   <div class='ocr_carea' id='block_1_55' title="bbox 373 2910 1954 2986">
    <p class='ocr_par' dir='ltr' id='par_1_55' title="bbox 373 2910 1954 2986">
     <span class='ocr_line' id='line_1_55' title="bbox 373 2910 1954 2986; baseline 0.004 -25"><span class='ocrx_word' id='word_1_398' title='bbox 373 2910 513 2979; x_wconf 76' lang='grc' dir='ltr'><strong>ἔχων</strong></span> <span class='ocrx_word' id='word_1_399' title='bbox 575 2910 818 2980; x_wconf 59' lang='grc' dir='ltr'><strong>θαύμασι</strong></span> <span class='ocrx_word' id='word_1_400' title='bbox 884 2910 1147 2974; x_wconf 82' lang='grc' dir='ltr'><strong>τοιούτοις</strong></span> <span class='ocrx_word' id='word_1_401' title='bbox 1183 2914 1616 2986; x_wconf 66' lang='grc' dir='ltr'><strong>συνυιιουμὲνην.</strong></span> <span class='ocrx_word' id='word_1_402' title='bbox 1663 2915 1803 2967; x_wconf 81' lang='grc' dir='ltr'><strong>Ἀλλ’</strong></span> <span class='ocrx_word' id='word_1_403' title='bbox 1834 2916 1954 2967; x_wconf 73' lang='grc' dir='ltr'><strong>ἐπεὶ</strong></span> 
     </span>
    </p>
   </div>
   <div class='ocr_carea' id='block_1_56' title="bbox 2055 2910 3643 2986">
    <p class='ocr_par' dir='ltr' id='par_1_56' title="bbox 2059 2911 3643 2986">
     <span class='ocr_line' id='line_1_56' title="bbox 2059 2911 3643 2986; baseline 0.004 -20"><span class='ocrx_word' id='word_1_404' title='bbox 2059 2927 2180 2981; x_wconf 76' lang='lat' dir='ltr'><strong>qua:</strong></span> <span class='ocrx_word' id='word_1_405' title='bbox 2205 2927 2328 2966; x_wconf 88' lang='lat' dir='ltr'><strong>cum</strong></span> <span class='ocrx_word' id='word_1_406' title='bbox 2364 2912 2531 2965; x_wconf 88' lang='lat' dir='ltr'><strong>tantis</strong></span> <span class='ocrx_word' id='word_1_407' title='bbox 2561 2911 2733 2980; x_wconf 87' lang='lat' dir='ltr'><strong>possit</strong></span> <span class='ocrx_word' id='word_1_408' title='bbox 2772 2913 2960 2966; x_wconf 81' lang='lat' dir='ltr'><strong>extolli</strong></span> <span class='ocrx_word' id='word_1_409' title='bbox 3016 2914 3319 2968; x_wconf 87' lang='lat' dir='ltr'><strong>miraculis.</strong></span> <span class='ocrx_word' id='word_1_410' title='bbox 3358 2914 3465 2970; x_wconf 81' lang='lat' dir='ltr'><strong>Sed</strong></span> <span class='ocrx_word' id='word_1_411' title='bbox 3502 2932 3643 2986; x_wconf 87' lang='lat' dir='ltr'><strong>quo-</strong></span> 
     </span>
    </p>
   </div>
   <div class='ocr_carea' id='block_1_57' title="bbox 375 2998 1954 3078">
    <p class='ocr_par' dir='ltr' id='par_1_57' title="bbox 375 3001 1954 3078">
     <span class='ocr_line' id='line_1_57' title="bbox 375 3001 1954 3078; baseline 0.005 -25"><span class='ocrx_word' id='word_1_412' title='bbox 375 3001 472 3054; x_wconf 80' lang='grc' dir='ltr'><strong>καὶ</strong></span> <span class='ocrx_word' id='word_1_413' title='bbox 518 3002 681 3065; x_wconf 75' lang='grc' dir='ltr'><strong>αὐτὸς</strong></span> <span class='ocrx_word' id='word_1_414' title='bbox 739 3001 918 3056; x_wconf 86' lang='grc' dir='ltr'><strong>ὠδίνω</strong></span> <span class='ocrx_word' id='word_1_415' title='bbox 952 3005 1051 3074; x_wconf 80' lang='grc' dir='ltr'><strong>τὴν</strong></span> <span class='ocrx_word' id='word_1_416' title='bbox 1078 3005 1344 3076; x_wconf 75' lang='grc' dir='ltr'><strong>ιξήγησιν</strong></span> <span class='ocrx_word' id='word_1_417' title='bbox 1384 3010 1452 3078; x_wconf 70' lang='grc' dir='ltr'><strong>τῇ</strong></span> <span class='ocrx_word' id='word_1_418' title='bbox 1492 3007 1627 3078; x_wconf 71' lang='grc' dir='ltr'><strong>πρὸς</strong></span> <span class='ocrx_word' id='word_1_419' title='bbox 1655 3009 1750 3061; x_wconf 69' lang='grc' dir='ltr'><strong>τὸν</strong></span> <span class='ocrx_word' id='word_1_420' title='bbox 1779 3009 1954 3077; x_wconf 82' lang='grc' dir='ltr'><strong>μέγαν</strong></span> 
     </span>
    </p>
   </div>
   <div class='ocr_carea' id='block_1_58' title="bbox 2055 2998 3645 3078">
    <p class='ocr_par' dir='ltr' id='par_1_58' title="bbox 2057 2998 3645 3068">
     <span class='ocr_line' id='line_1_58' title="bbox 2057 2998 3645 3068; baseline 0.006 -16"><span class='ocrx_word' id='word_1_421' title='bbox 2057 3000 2202 3052; x_wconf 88' lang='lat' dir='ltr'><strong>niam</strong></span> <span class='ocrx_word' id='word_1_422' title='bbox 2233 3006 2287 3052; x_wconf 86' lang='lat' dir='ltr'><strong>et</strong></span> <span class='ocrx_word' id='word_1_423' title='bbox 2315 2998 2429 3067; x_wconf 87' lang='lat' dir='ltr'><strong>ipse</strong></span> <span class='ocrx_word' id='word_1_424' title='bbox 2457 3006 2684 3068; x_wconf 84' lang='lat' dir='ltr'><strong>propter</strong></span> <span class='ocrx_word' id='word_1_425' title='bbox 2710 3015 2886 3054; x_wconf 81' lang='lat' dir='ltr'><strong>meum</strong></span> <span class='ocrx_word' id='word_1_426' title='bbox 2913 3002 2968 3055; x_wconf 91' lang='lat' dir='ltr'><strong>in</strong></span> <span class='ocrx_word' id='word_1_427' title='bbox 3005 3001 3152 3057; x_wconf 88' lang='lat' dir='ltr'><strong>hunc</strong></span> <span class='ocrx_word' id='word_1_428' title='bbox 3175 3012 3426 3059; x_wconf 81' lang='lat' dir='ltr'><strong>sanctum</strong></span> <span class='ocrx_word' id='word_1_429' title='bbox 3473 3005 3645 3061; x_wconf 73' lang='lat' dir='ltr'><strong>bene~</strong></span> 
     </span>
    </p>
   </div>
   <div class='ocr_carea' id='block_1_59' title="bbox 376 3088 1954 3172">
    <p class='ocr_par' dir='ltr' id='par_1_59' title="bbox 376 3093 1954 3172">
     <span class='ocr_line' id='line_1_59' title="bbox 376 3093 1954 3172; baseline 0.004 -25"><span class='ocrx_word' id='word_1_430' title='bbox 376 3098 605 3165; x_wconf 77' lang='grc' dir='ltr'><strong>στοργῇ,</strong></span> <span class='ocrx_word' id='word_1_431' title='bbox 636 3097 730 3159; x_wconf 72' lang='grc' dir='ltr'><strong>καὶ</strong></span> <span class='ocrx_word' id='word_1_432' title='bbox 760 3097 929 3167; x_wconf 73' lang='grc' dir='ltr'><strong>ὑμᾶς,</strong></span> <span class='ocrx_word' id='word_1_433' title='bbox 964 3097 1119 3152; x_wconf 77' lang='grc' dir='ltr'><strong>οὐδὲν</strong></span> <span class='ocrx_word' id='word_1_434' title='bbox 1141 3093 1304 3168; x_wconf 73' lang='grc' dir='ltr'><strong>⁴ἧττον</strong></span> <span class='ocrx_word' id='word_1_435' title='bbox 1334 3100 1447 3171; x_wconf 74' lang='grc' dir='ltr'><strong>ὁρῶ</strong></span> <span class='ocrx_word' id='word_1_436' title='bbox 1480 3100 1783 3172; x_wconf 66' lang='grc' dir='ltr'><strong>κεχηνότας</strong></span> <span class='ocrx_word' id='word_1_437' title='bbox 1819 3102 1954 3171; x_wconf 58' lang='grc' dir='ltr'><strong>πρὸς</strong></span> 
     </span>
    </p>
   </div>
   <div class='ocr_carea' id='block_1_60' title="bbox 2055 3088 3641 3172">
    <p class='ocr_par' dir='ltr' id='par_1_60' title="bbox 2059 3088 3641 3159">
     <span class='ocr_line' id='line_1_60' title="bbox 2059 3088 3641 3159; baseline 0.005 -18"><span class='ocrx_word' id='word_1_438' title='bbox 2059 3088 2355 3143; x_wconf 90' lang='lat' dir='ltr'><strong>volentiam</strong></span> <span class='ocrx_word' id='word_1_439' title='bbox 2387 3090 2637 3157; x_wconf 87' lang='lat' dir='ltr'><strong>parturio</strong></span> <span class='ocrx_word' id='word_1_440' title='bbox 2680 3090 3117 3159; x_wconf 80' lang='lat' dir='ltr'><strong>expositionem,</strong></span> <span class='ocrx_word' id='word_1_441' title='bbox 3161 3105 3219 3149; x_wconf 90' lang='lat' dir='ltr'><strong>et</strong></span> <span class='ocrx_word' id='word_1_442' title='bbox 3243 3110 3344 3150; x_wconf 82' lang='lat' dir='ltr'><strong>vos</strong></span> <span class='ocrx_word' id='word_1_443' title='bbox 3369 3096 3530 3151; x_wconf 84' lang='lat' dir='ltr'><strong>video</strong></span> <span class='ocrx_word' id='word_1_444' title='bbox 3556 3096 3641 3151; x_wconf 79' lang='lat' dir='ltr'><strong>ni-</strong></span> 
     </span>
    </p>
   </div>
   <div class='ocr_carea' id='block_1_61' title="bbox 374 3188 1958 3262">
    <p class='ocr_par' dir='ltr' id='par_1_61' title="bbox 374 3188 1958 3262">
     <span class='ocr_line' id='line_1_61' title="bbox 374 3188 1958 3262; baseline 0.004 -23"><span class='ocrx_word' id='word_1_445' title='bbox 374 3188 471 3256; x_wconf 76' lang='grc' dir='ltr'><strong>τὴν</strong></span> <span class='ocrx_word' id='word_1_446' title='bbox 500 3189 790 3261; x_wconf 70' lang='grc' dir='ltr'><strong>ἀκρόασιν,</strong></span> <span class='ocrx_word' id='word_1_447' title='bbox 824 3190 919 3242; x_wconf 77' lang='grc' dir='ltr'><strong>καὶ</strong></span> <span class='ocrx_word' id='word_1_448' title='bbox 944 3190 1110 3260; x_wconf 69' lang='grc' dir='ltr'><strong>ἕτερα</strong></span> <span class='ocrx_word' id='word_1_449' title='bbox 1135 3191 1300 3245; x_wconf 85' lang='grc' dir='ltr'><strong>πάλιν</strong></span> <span class='ocrx_word' id='word_1_450' title='bbox 1322 3191 1431 3243; x_wconf 86' lang='grc' dir='ltr'><strong>τῶν</strong></span> <span class='ocrx_word' id='word_1_451' title='bbox 1457 3191 1754 3262; x_wconf 77' lang='grc' dir='ltr'><strong>θαυμάτων</strong></span> <span class='ocrx_word' id='word_1_452' title='bbox 1783 3209 1958 3262; x_wconf 85' lang='grc' dir='ltr'><strong>προσ-</strong></span> 
     </span>
    </p>
   </div>
   <div class='ocr_carea' id='block_1_62' title="bbox 375 3279 1952 3354">
    <p class='ocr_par' dir='ltr' id='par_1_62' title="bbox 375 3279 1952 3354">
     <span class='ocr_line' id='line_1_62' title="bbox 375 3279 1952 3354; baseline 0.005 -23"><span class='ocrx_word' id='word_1_453' title='bbox 375 3279 551 3351; x_wconf 65' lang='grc' dir='ltr'><strong>θήσω,</strong></span> <span class='ocrx_word' id='word_1_454' title='bbox 602 3279 811 3350; x_wconf 73' lang='grc' dir='ltr'><strong>βέλτιον</strong></span> <span class='ocrx_word' id='word_1_455' title='bbox 846 3283 1201 3352; x_wconf 79' lang='grc' dir='ltr'><strong>ἡγησάμενος</strong></span> <span class='ocrx_word' id='word_1_456' title='bbox 1233 3282 1381 3346; x_wconf 77' lang='grc' dir='ltr'><strong>ὅπως</strong></span> <span class='ocrx_word' id='word_1_457' title='bbox 1413 3284 1480 3336; x_wconf 85' lang='grc' dir='ltr'><strong>ἀν</strong></span> <span class='ocrx_word' id='word_1_458' title='bbox 1511 3282 1622 3353; x_wconf 84' lang='grc' dir='ltr'><strong>ἔχω</strong></span> <span class='ocrx_word' id='word_1_459' title='bbox 1665 3284 1952 3354; x_wconf 70' lang='grc' dir='ltr'><strong>δυνάμεως</strong></span> 
     </span>
    </p>
   </div>
   <div class='ocr_carea' id='block_1_63' title="bbox 376 3370 1956 3445">
    <p class='ocr_par' dir='ltr' id='par_1_63' title="bbox 376 3370 1956 3445">
     <span class='ocr_line' id='line_1_63' title="bbox 376 3370 1956 3445; baseline 0.003 -23"><span class='ocrx_word' id='word_1_460' title='bbox 376 3370 548 3423; x_wconf 77' lang='grc' dir='ltr'><strong>ταῦτα</strong></span> <span class='ocrx_word' id='word_1_461' title='bbox 580 3370 899 3438; x_wconf 76' lang='grc' dir='ltr'><strong>διεξελθεῖν,</strong></span> <span class='ocrx_word' id='word_1_462' title='bbox 943 3373 974 3443; x_wconf 78' lang='grc' dir='ltr'><strong>ἢ</strong></span> <span class='ocrx_word' id='word_1_463' title='bbox 1004 3371 1149 3428; x_wconf 70' lang='grc' dir='ltr'><strong>οὕτω</strong></span> <span class='ocrx_word' id='word_1_464' title='bbox 1175 3375 1498 3428; x_wconf 67' lang='grc' dir='ltr'><strong>καταλιπεῖν</strong></span> <span class='ocrx_word' id='word_1_465' title='bbox 1545 3375 1956 3445; x_wconf 72' lang='grc' dir='ltr'><strong>ἀμνημόνευτα,</strong></span> 
     </span>
    </p>
   </div>
   <div class='ocr_carea' id='block_1_64' title="bbox 378 3463 1959 3539">
    <p class='ocr_par' dir='ltr' id='par_1_64' title="bbox 378 3463 1959 3539">
     <span class='ocr_line' id='line_1_64' title="bbox 378 3463 1959 3539; baseline 0.003 -24"><span class='ocrx_word' id='word_1_466' title='bbox 378 3463 586 3534; x_wconf 69' lang='grc' dir='ltr'><strong>πολλὴν</strong></span> <span class='ocrx_word' id='word_1_467' title='bbox 647 3464 777 3534; x_wconf 79' lang='grc' dir='ltr'><strong>ὑμῖν</strong></span> <span class='ocrx_word' id='word_1_468' title='bbox 840 3464 1118 3535; x_wconf 76' lang='grc' dir='ltr'><strong>δυνάμενα</strong></span> <span class='ocrx_word' id='word_1_469' title='bbox 1178 3468 1277 3537; x_wconf 76' lang='grc' dir='ltr'><strong>τὴν</strong></span> <span class='ocrx_word' id='word_1_470' title='bbox 1352 3466 1628 3536; x_wconf 71' lang='grc' dir='ltr'><strong>ὠφέλειαν</strong></span> <span class='ocrx_word' id='word_1_471' title='bbox 1672 3468 1959 3539; x_wconf 82' lang='grc' dir='ltr'><strong>παρέχειν.</strong></span> 
     </span>
    </p>
   </div>
   <div class='ocr_carea' id='block_1_65' title="bbox 380 3553 1957 3625">
    <p class='ocr_par' dir='ltr' id='par_1_65' title="bbox 380 3553 1957 3625">
     <span class='ocr_line' id='line_1_65' title="bbox 380 3553 1957 3625; baseline 0.004 -20"><span class='ocrx_word' id='word_1_472' title='bbox 380 3553 566 3625; x_wconf 74' lang='grc' dir='ltr'><strong>Είοῄει</strong></span> <span class='ocrx_word' id='word_1_473' title='bbox 600 3556 734 3612; x_wconf 82' lang='grc' dir='ltr'><strong>ποτὲ</strong></span> <span class='ocrx_word' id='word_1_474' title='bbox 792 3558 917 3609; x_wconf 84' lang='grc' dir='ltr'><strong>ναόν</strong></span> <span class='ocrx_word' id='word_1_475' title='bbox 946 3572 1067 3609; x_wconf 88' lang='grc' dir='ltr'><strong>τινα</strong></span> <span class='ocrx_word' id='word_1_476' title='bbox 1096 3556 1198 3623; x_wconf 84' lang='grc' dir='ltr'><strong>τῆς</strong></span> <span class='ocrx_word' id='word_1_477' title='bbox 1261 3557 1427 3611; x_wconf 63' lang='grc' dir='ltr'><strong>αὐτοῦ</strong></span> <span class='ocrx_word' id='word_1_478' title='bbox 1494 3557 1703 3622; x_wconf 84' lang='grc' dir='ltr'><strong>πόλεως</strong></span> <span class='ocrx_word' id='word_1_479' title='bbox 1751 3561 1780 3611; x_wconf 86' lang='grc' dir='ltr'><strong>ό</strong></span> <span class='ocrx_word' id='word_1_480' title='bbox 1816 3559 1957 3621; x_wconf 71' lang='grc' dir='ltr'><strong>θεῖος</strong></span> 
     </span>
    </p>
   </div>
   <div class='ocr_carea' id='block_1_66' title="bbox 380 3643 1959 3721">
    <p class='ocr_par' dir='ltr' id='par_1_66' title="bbox 380 3643 1959 3721">
     <span class='ocr_line' id='line_1_66' title="bbox 380 3643 1959 3721; baseline 0.004 -21"><span class='ocrx_word' id='word_1_481' title='bbox 380 3643 537 3711; x_wconf 69' lang='grc' dir='ltr'><strong>οὗτος</strong></span> <span class='ocrx_word' id='word_1_482' title='bbox 567 3648 728 3719; x_wconf 71' lang='grc' dir='ltr'><strong>ἀνὴρ,</strong></span> <span class='ocrx_word' id='word_1_483' title='bbox 759 3649 859 3710; x_wconf 80' lang='grc' dir='ltr'><strong>τὰς</strong></span> <span class='ocrx_word' id='word_1_484' title='bbox 890 3649 1181 3720; x_wconf 73' lang='grc' dir='ltr'><strong>ἑσπερίους</strong></span> <span class='ocrx_word' id='word_1_485' title='bbox 1219 3649 1386 3721; x_wconf 73' lang='grc' dir='ltr'><strong>ᾠδάς,</strong></span> <span class='ocrx_word' id='word_1_486' title='bbox 1417 3649 1491 3713; x_wconf 85' lang='grc' dir='ltr'><strong>ὡς</strong></span> <span class='ocrx_word' id='word_1_487' title='bbox 1522 3650 1666 3717; x_wconf 74' lang='grc' dir='ltr'><strong>ἔθος,</strong></span> <span class='ocrx_word' id='word_1_488' title='bbox 1708 3652 1927 3707; x_wconf 74' lang='grc' dir='ltr'><strong>ἐπιτελέ</strong></span> <span class='ocrx_word' id='word_1_489' title='bbox 1947 3680 1959 3690; x_wconf 88' lang='grc'>·</span> 
     </span>
    </p>
   </div>
   <div class='ocr_carea' id='block_1_67' title="bbox 383 3739 1960 3816">
    <p class='ocr_par' dir='ltr' id='par_1_67' title="bbox 383 3739 1960 3816">
     <span class='ocr_line' id='line_1_67' title="bbox 383 3739 1960 3816; baseline 0.004 -23"><span class='ocrx_word' id='word_1_490' title='bbox 383 3758 510 3795; x_wconf 89' lang='grc' dir='ltr'><strong>σων.</strong></span> <span class='ocrx_word' id='word_1_491' title='bbox 548 3739 707 3793; x_wconf 81' lang='grc' dir='ltr'><strong>Οὖτω</strong></span> <span class='ocrx_word' id='word_1_492' title='bbox 736 3740 793 3793; x_wconf 81' lang='grc' dir='ltr'><em>δέ</em></span> <span class='ocrx_word' id='word_1_493' title='bbox 831 3758 947 3804; x_wconf 77' lang='grc' dir='ltr'><strong>πως</strong></span> <span class='ocrx_word' id='word_1_494' title='bbox 980 3742 1323 3813; x_wconf 81' lang='grc' dir='ltr'><strong>συνενεχθὲν,</strong></span> <span class='ocrx_word' id='word_1_495' title='bbox 1366 3744 1468 3797; x_wconf 67' lang='grc' dir='ltr'><strong>οὒκ</strong></span> <span class='ocrx_word' id='word_1_496' title='bbox 1517 3741 1587 3816; x_wconf 85' lang='grc' dir='ltr'><strong>ἦν</strong></span> <span class='ocrx_word' id='word_1_497' title='bbox 1629 3744 1785 3815; x_wconf 78' lang='grc' dir='ltr'><strong>όχλος</strong></span> <span class='ocrx_word' id='word_1_498' title='bbox 1825 3747 1960 3816; x_wconf 61' lang='grc' dir='ltr'><strong>προς</strong></span> 
     </span>
    </p>
   </div>
   <div class='ocr_carea' id='block_1_68' title="bbox 381 3830 1963 3907">
    <p class='ocr_par' dir='ltr' id='par_1_68' title="bbox 381 3830 1963 3907">
     <span class='ocr_line' id='line_1_68' title="bbox 381 3830 1963 3907; baseline 0.003 -23"><span class='ocrx_word' id='word_1_499' title='bbox 381 3832 471 3885; x_wconf 78' lang='grc' dir='ltr'><strong>τὸν</strong></span> <span class='ocrx_word' id='word_1_500' title='bbox 507 3833 656 3887; x_wconf 87' lang='grc' dir='ltr'><strong>ναόν.</strong></span> <span class='ocrx_word' id='word_1_501' title='bbox 703 3832 857 3886; x_wconf 73' lang='grc' dir='ltr'><strong>Ἐπεὶ</strong></span> <span class='ocrx_word' id='word_1_502' title='bbox 896 3830 991 3887; x_wconf 79' lang='grc' dir='ltr'><strong>οὖν</strong></span> <span class='ocrx_word' id='word_1_503' title='bbox 1016 3834 1191 3897; x_wconf 80' lang='grc' dir='ltr'><strong>οὐδεὶς</strong></span> <span class='ocrx_word' id='word_1_504' title='bbox 1226 3836 1405 3906; x_wconf 75' lang='grc' dir='ltr'><strong>παρῆν</strong></span> <span class='ocrx_word' id='word_1_505' title='bbox 1437 3836 1625 3904; x_wconf 73' lang='grc' dir='ltr'><strong>ἔτερος</strong></span> <span class='ocrx_word' id='word_1_506' title='bbox 1650 3840 1698 3890; x_wconf 75' lang='grc' dir='ltr'><strong>εἰ</strong></span> <span class='ocrx_word' id='word_1_507' title='bbox 1734 3837 1809 3907; x_wconf 76' lang='grc' dir='ltr'><strong>μὴ</strong></span> <span class='ocrx_word' id='word_1_508' title='bbox 1835 3839 1963 3893; x_wconf 78' lang='grc' dir='ltr'><strong>ὅσον</strong></span> 
     </span>
    </p>
   </div>
   <div class='ocr_carea' id='block_1_69' title="bbox 382 3920 1961 3994">
    <p class='ocr_par' dir='ltr' id='par_1_69' title="bbox 382 3920 1961 3994">
     <span class='ocr_line' id='line_1_69' title="bbox 382 3920 1961 3994; baseline 0.006 -21"><span class='ocrx_word' id='word_1_509' title='bbox 382 3920 440 3973; x_wconf 78' lang='grc' dir='ltr'><strong>ὲν</strong></span> <span class='ocrx_word' id='word_1_510' title='bbox 466 3923 767 3990; x_wconf 72' lang='grc' dir='ltr'><strong>νεωκόροις</strong></span> <span class='ocrx_word' id='word_1_511' title='bbox 802 3924 895 3976; x_wconf 69' lang='grc' dir='ltr'><strong>καὶ</strong></span> <span class='ocrx_word' id='word_1_512' title='bbox 926 3923 1284 3994; x_wconf 79' lang='grc' dir='ltr'><strong>λειτουργοῖς,</strong></span> <span class='ocrx_word' id='word_1_513' title='bbox 1308 3925 1527 3979; x_wconf 83' lang='grc' dir='ltr'><strong>κελεύει</strong></span> <span class='ocrx_word' id='word_1_514' title='bbox 1557 3927 1784 3981; x_wconf 78' lang='grc' dir='ltr'><strong>πλείονα</strong></span> <span class='ocrx_word' id='word_1_515' title='bbox 1816 3930 1876 3981; x_wconf 87' lang='grc' dir='ltr'><strong>τό</strong></span> <span class='ocrx_word' id='word_1_516' title='bbox 1902 3945 1961 3983; x_wconf 82' lang='grc' dir='ltr'><strong>τε</strong></span> 
     </span>
    </p>
   </div>
   <div class='ocr_carea' id='block_1_70' title="bbox 385 4015 1962 4091">
    <p class='ocr_par' dir='ltr' id='par_1_70' title="bbox 385 4015 1962 4091">
     <span class='ocr_line' id='line_1_70' title="bbox 385 4015 1962 4091; baseline 0.004 -23"><span class='ocrx_word' id='word_1_517' title='bbox 385 4015 494 4068; x_wconf 80' lang='grc' dir='ltr'><strong>τῶν</strong></span> <span class='ocrx_word' id='word_1_518' title='bbox 520 4015 770 4084; x_wconf 79' lang='grc' dir='ltr'><strong>συνήθων</strong></span> <span class='ocrx_word' id='word_1_519' title='bbox 804 4015 1014 4085; x_wconf 74' lang='grc' dir='ltr'><strong>ἀνάψαι</strong></span> <span class='ocrx_word' id='word_1_520' title='bbox 1042 4018 1111 4070; x_wconf 76' lang='grc' dir='ltr'><strong>τά</strong></span> <span class='ocrx_word' id='word_1_521' title='bbox 1142 4018 1320 4087; x_wconf 81' lang='grc' dir='ltr'><strong>φῶτα,</strong></span> <span class='ocrx_word' id='word_1_522' title='bbox 1370 4020 1467 4073; x_wconf 81' lang='grc' dir='ltr'><strong>καὶ</strong></span> <span class='ocrx_word' id='word_1_523' title='bbox 1497 4022 1659 4084; x_wconf 81' lang='grc' dir='ltr'><strong>αὐτὸς</strong></span> <span class='ocrx_word' id='word_1_524' title='bbox 1704 4022 1803 4091; x_wconf 79' lang='grc' dir='ltr'><strong>μὲν</strong></span> <span class='ocrx_word' id='word_1_525' title='bbox 1834 4039 1962 4077; x_wconf 66' lang='grc' dir='ltr'><strong>κατε</strong></span> 
     </span>
    </p>
   </div>
   <div class='ocr_carea' id='block_1_71' title="bbox 386 4106 1965 4183">
    <p class='ocr_par' dir='ltr' id='par_1_71' title="bbox 386 4106 1965 4183">
     <span class='ocr_line' id='line_1_71' title="bbox 386 4106 1965 4183; baseline 0.004 -24"><span class='ocrx_word' id='word_1_526' title='bbox 386 4108 614 4177; x_wconf 70' lang='grc' dir='ltr'><strong>αντικρὺ</strong></span> <span class='ocrx_word' id='word_1_527' title='bbox 684 4106 776 4161; x_wconf 71' lang='grc' dir='ltr'><strong>τοῦ</strong></span> <span class='ocrx_word' id='word_1_528' title='bbox 856 4107 1245 4179; x_wconf 83' lang='grc' dir='ltr'><strong>θυσιαστηρίου</strong></span> <span class='ocrx_word' id='word_1_529' title='bbox 1306 4111 1530 4180; x_wconf 81' lang='grc' dir='ltr'><strong>φαιδρὸς</strong></span> <span class='ocrx_word' id='word_1_530' title='bbox 1586 4113 1794 4177; x_wconf 77' lang='grc' dir='ltr'><strong>ἵστατο,</strong></span> <span class='ocrx_word' id='word_1_531' title='bbox 1863 4116 1965 4183; x_wconf 77' lang='grc' dir='ltr'><strong>τὴν</strong></span> 
     </span>
    </p>
   </div>
   <div class='ocr_carea' id='block_1_72' title="bbox 389 4199 1967 4276">
    <p class='ocr_par' dir='ltr' id='par_1_72' title="bbox 389 4199 1967 4276">
     <span class='ocr_line' id='line_1_72' title="bbox 389 4199 1967 4276; baseline 0.007 -28"><span class='ocrx_word' id='word_1_532' title='bbox 389 4199 649 4255; x_wconf 79' lang='grc' dir='ltr'><strong>εξωθυῖαν</strong></span> <span class='ocrx_word' id='word_1_533' title='bbox 682 4202 909 4271; x_wconf 77' lang='grc' dir='ltr'><strong>εἰρήνην</strong></span> <span class='ocrx_word' id='word_1_534' title='bbox 937 4200 1264 4269; x_wconf 67' lang='grc' dir='ltr'><strong>ἑπιφωνῶνθ</strong></span> <span class='ocrx_word' id='word_1_535' title='bbox 1285 4203 1407 4255; x_wconf 75' lang='grc' dir='ltr'><strong>ἐπεὶ</strong></span> <span class='ocrx_word' id='word_1_536' title='bbox 1442 4202 1501 4255; x_wconf 78' lang='grc' dir='ltr'><strong>δὲ</strong></span> <span class='ocrx_word' id='word_1_537' title='bbox 1536 4204 1629 4257; x_wconf 82' lang='grc' dir='ltr'><strong>καὶ</strong></span> <span class='ocrx_word' id='word_1_538' title='bbox 1662 4205 1721 4257; x_wconf 80' lang='grc' dir='ltr'><strong>τὸ</strong></span> <span class='ocrx_word' id='word_1_539' title='bbox 1760 4204 1967 4276; x_wconf 79' lang='grc' dir='ltr'><strong>πλῆθος</strong></span> 
     </span>
    </p>
   </div>
   <div class='ocr_carea' id='block_1_73' title="bbox 390 4287 1963 4366">
    <p class='ocr_par' dir='ltr' id='par_1_73' title="bbox 390 4287 1963 4366">
     <span class='ocr_line' id='line_1_73' title="bbox 390 4287 1963 4366; baseline 0.003 -24"><span class='ocrx_word' id='word_1_540' title='bbox 390 4291 488 4342; x_wconf 82' lang='grc' dir='ltr'><strong>οὐκ</strong></span> <span class='ocrx_word' id='word_1_541' title='bbox 515 4287 609 4361; x_wconf 80' lang='grc' dir='ltr'><strong>ἦν,</strong></span> <span class='ocrx_word' id='word_1_542' title='bbox 672 4292 747 4352; x_wconf 84' lang='grc' dir='ltr'><strong>ὡς</strong></span> <span class='ocrx_word' id='word_1_543' title='bbox 820 4291 1004 4358; x_wconf 78' lang='grc' dir='ltr'><strong>εἴωθε,</strong></span> <span class='ocrx_word' id='word_1_544' title='bbox 1065 4295 1165 4364; x_wconf 77' lang='grc' dir='ltr'><strong>τὴν</strong></span> <span class='ocrx_word' id='word_1_545' title='bbox 1214 4294 1513 4364; x_wconf 85' lang='grc' dir='ltr'><strong>ἀπόκρισιν</strong></span> <span class='ocrx_word' id='word_1_546' title='bbox 1574 4298 1963 4366; x_wconf 81' lang='grc' dir='ltr'><strong>ποιησόμενον,</strong></span> 
     </span>
    </p>
   </div>
   <div class='ocr_carea' id='block_1_74' title="bbox 389 4381 1967 4455">
    <p class='ocr_par' dir='ltr' id='par_1_74' title="bbox 389 4381 1967 4455">
     <span class='ocr_line' id='line_1_74' title="bbox 389 4381 1967 4455; baseline 0.001 -19"><span class='ocrx_word' id='word_1_547' title='bbox 389 4383 538 4455; x_wconf 74' lang='grc' dir='ltr'><strong>φωνή</strong></span> <span class='ocrx_word' id='word_1_548' title='bbox 568 4399 654 4445; x_wconf 85' lang='grc' dir='ltr'><strong>τις</strong></span> <span class='ocrx_word' id='word_1_549' title='bbox 686 4381 895 4437; x_wconf 80' lang='grc' dir='ltr'><strong>ἀνωθεν</strong></span> <span class='ocrx_word' id='word_1_550' title='bbox 932 4383 1145 4437; x_wconf 81' lang='grc' dir='ltr'><strong>πολλῶν</strong></span> <span class='ocrx_word' id='word_1_551' title='bbox 1186 4383 1448 4438; x_wconf 79' lang='grc' dir='ltr'><strong>ἀκούεται</strong></span> <span class='ocrx_word' id='word_1_552' title='bbox 1506 4386 1810 4455; x_wconf 80' lang='grc' dir='ltr'><strong>μυριάδων,</strong></span> <span class='ocrx_word' id='word_1_553' title='bbox 1855 4386 1967 4441; x_wconf 72' lang='grc' dir='ltr'><strong>Καὶ</strong></span> 
     </span>
    </p>
   </div>
   <div class='ocr_carea' id='block_1_75' title="bbox 2059 3179 3646 3260">
    <p class='ocr_par' dir='ltr' id='par_1_75' title="bbox 2059 3179 3646 3260">
     <span class='ocr_line' id='line_1_75' title="bbox 2059 3179 3646 3260; baseline 0.007 -28"><span class='ocrx_word' id='word_1_554' title='bbox 2059 3179 2363 3234; x_wconf 88' lang='lat' dir='ltr'><strong>hilominus</strong></span> <span class='ocrx_word' id='word_1_555' title='bbox 2393 3194 2487 3233; x_wconf 88' lang='lat' dir='ltr'><strong>ore</strong></span> <span class='ocrx_word' id='word_1_556' title='bbox 2523 3180 2708 3237; x_wconf 89' lang='lat' dir='ltr'><strong>hiante</strong></span> <span class='ocrx_word' id='word_1_557' title='bbox 2742 3181 2808 3234; x_wconf 89' lang='lat' dir='ltr'><strong>ad</strong></span> <span class='ocrx_word' id='word_1_558' title='bbox 2836 3182 3177 3238; x_wconf 88' lang='lat' dir='ltr'><strong>audiendum</strong></span> <span class='ocrx_word' id='word_1_559' title='bbox 3217 3197 3483 3252; x_wconf 82' lang='lat' dir='ltr'><strong>attentos,</strong></span> <span class='ocrx_word' id='word_1_560' title='bbox 3508 3188 3646 3260; x_wconf 85' lang='lat' dir='ltr'><strong>adji-</strong></span> 
     </span>
    </p>
   </div>
   <div class='ocr_carea' id='block_1_76' title="bbox 2058 3272 3643 3344">
    <p class='ocr_par' dir='ltr' id='par_1_76' title="bbox 2058 3272 3643 3344">
     <span class='ocr_line' id='line_1_76' title="bbox 2058 3272 3643 3344; baseline 0.008 -19"><span class='ocrx_word' id='word_1_561' title='bbox 2058 3272 2197 3326; x_wconf 87' lang='lat' dir='ltr'><strong>ciam</strong></span> <span class='ocrx_word' id='word_1_562' title='bbox 2234 3288 2424 3327; x_wconf 89' lang='lat' dir='ltr'><strong>rursus</strong></span> <span class='ocrx_word' id='word_1_563' title='bbox 2449 3272 2554 3326; x_wconf 89' lang='lat' dir='ltr'><strong>alia</strong></span> <span class='ocrx_word' id='word_1_564' title='bbox 2587 3272 2851 3327; x_wconf 88' lang='lat' dir='ltr'><strong>miracula</strong></span> <span class='ocrx_word' id='word_1_565' title='bbox 2882 3290 2897 3328; x_wconf 82' lang='lat' dir='ltr'><strong><em>z</em></strong></span> <span class='ocrx_word' id='word_1_566' title='bbox 2932 3276 3134 3331; x_wconf 87' lang='lat' dir='ltr'><strong>melius</strong></span> <span class='ocrx_word' id='word_1_567' title='bbox 3163 3291 3285 3333; x_wconf 86' lang='lat' dir='ltr'><strong>esse</strong></span> <span class='ocrx_word' id='word_1_568' title='bbox 3314 3278 3545 3344; x_wconf 85' lang='lat' dir='ltr'><strong>ducens,</strong></span> <span class='ocrx_word' id='word_1_569' title='bbox 3578 3298 3643 3337; x_wconf 84' lang='lat' dir='ltr'><strong>ca</strong></span> 
     </span>
    </p>
   </div>
   <div class='ocr_carea' id='block_1_77' title="bbox 2058 3367 3644 3437">
    <p class='ocr_par' dir='ltr' id='par_1_77' title="bbox 2058 3367 3644 3437">
     <span class='ocr_line' id='line_1_77' title="bbox 2058 3367 3644 3437; baseline 0.005 -18"><span class='ocrx_word' id='word_1_570' title='bbox 2058 3367 2338 3436; x_wconf 88' lang='lat' dir='ltr'><strong>quomodo</strong></span> <span class='ocrx_word' id='word_1_571' title='bbox 2388 3374 2580 3434; x_wconf 89' lang='lat' dir='ltr'><strong>potero</strong></span> <span class='ocrx_word' id='word_1_572' title='bbox 2627 3367 2905 3437; x_wconf 72' lang='lat' dir='ltr'><strong>persequi,</strong></span> <span class='ocrx_word' id='word_1_573' title='bbox 2954 3383 3144 3437; x_wconf 87' lang='lat' dir='ltr'><strong>quam,</strong></span> <span class='ocrx_word' id='word_1_574' title='bbox 3174 3370 3220 3424; x_wconf 89' lang='lat' dir='ltr'><strong>si</strong></span> <span class='ocrx_word' id='word_1_575' title='bbox 3261 3385 3326 3425; x_wconf 87' lang='lat' dir='ltr'><strong>ea</strong></span> <span class='ocrx_word' id='word_1_576' title='bbox 3363 3374 3644 3427; x_wconf 79' lang='lat' dir='ltr'><strong>memoria:</strong></span> 
     </span>
    </p>
   </div>
   <div class='ocr_carea' id='block_1_78' title="bbox 2059 3458 3646 3534">
    <p class='ocr_par' dir='ltr' id='par_1_78' title="bbox 2059 3458 3646 3534">
     <span class='ocr_line' id='line_1_78' title="bbox 2059 3458 3646 3534; baseline 0.006 -21"><span class='ocrx_word' id='word_1_577' title='bbox 2059 3473 2174 3513; x_wconf 92' lang='lat' dir='ltr'><strong>non</strong></span> <span class='ocrx_word' id='word_1_578' title='bbox 2213 3458 2577 3522; x_wconf 82' lang='lat' dir='ltr'><strong>mandavero.</strong></span> <span class='ocrx_word' id='word_1_579' title='bbox 2603 3476 2703 3516; x_wconf 90' lang='lat' dir='ltr'><strong>vos</strong></span> <span class='ocrx_word' id='word_1_580' title='bbox 2737 3461 2830 3515; x_wconf 89' lang='lat' dir='ltr'><strong>illa</strong></span> <span class='ocrx_word' id='word_1_581' title='bbox 2858 3461 3116 3517; x_wconf 81' lang='lat' dir='ltr'><strong>fraudare</strong></span> <span class='ocrx_word' id='word_1_582' title='bbox 3140 3464 3395 3521; x_wconf 83' lang='lat' dir='ltr'><strong>utilitate.</strong></span> <span class='ocrx_word' id='word_1_583' title='bbox 3430 3467 3646 3534; x_wconf 71' lang='lat' dir='ltr'><strong>ingres-</strong></span> 
     </span>
    </p>
   </div>
   <div class='ocr_carea' id='block_1_79' title="bbox 2062 3551 3644 3624">
    <p class='ocr_par' dir='ltr' id='par_1_79' title="bbox 2062 3551 3644 3624">
     <span class='ocr_line' id='line_1_79' title="bbox 2062 3551 3644 3624; baseline 0.005 -18"><span class='ocrx_word' id='word_1_584' title='bbox 2062 3565 2157 3606; x_wconf 86' lang='lat' dir='ltr'><strong>sus</strong></span> <span class='ocrx_word' id='word_1_585' title='bbox 2183 3559 2304 3605; x_wconf 90' lang='lat' dir='ltr'><strong>erat</strong></span> <span class='ocrx_word' id='word_1_586' title='bbox 2331 3551 2627 3620; x_wconf 88' lang='lat' dir='ltr'><strong>aliquando</strong></span> <span class='ocrx_word' id='word_1_587' title='bbox 2658 3553 2936 3623; x_wconf 85' lang='lat' dir='ltr'><strong>quoddam</strong></span> <span class='ocrx_word' id='word_1_588' title='bbox 2966 3556 3232 3624; x_wconf 88' lang='lat' dir='ltr'><strong>templum</strong></span> <span class='ocrx_word' id='word_1_589' title='bbox 3262 3572 3376 3613; x_wconf 71' lang='lat' dir='ltr'><strong>sua:</strong></span> <span class='ocrx_word' id='word_1_590' title='bbox 3400 3560 3644 3614; x_wconf 77' lang='lat' dir='ltr'><strong>civitatis</strong></span> 
     </span>
    </p>
   </div>
   <div class='ocr_carea' id='block_1_80' title="bbox 2061 3642 3646 3718">
    <p class='ocr_par' dir='ltr' id='par_1_80' title="bbox 2061 3642 3646 3718">
     <span class='ocr_line' id='line_1_80' title="bbox 2061 3642 3646 3718; baseline 0.005 -22"><span class='ocrx_word' id='word_1_591' title='bbox 2061 3642 2156 3698; x_wconf 82' lang='lat' dir='ltr'><strong>hic</strong></span> <span class='ocrx_word' id='word_1_592' title='bbox 2214 3643 2299 3697; x_wconf 90' lang='lat' dir='ltr'><strong>vir</strong></span> <span class='ocrx_word' id='word_1_593' title='bbox 2347 3642 2591 3708; x_wconf 83' lang='lat' dir='ltr'><strong>divinus,</strong></span> <span class='ocrx_word' id='word_1_594' title='bbox 2642 3644 2710 3699; x_wconf 88' lang='lat' dir='ltr'><strong>de</strong></span> <span class='ocrx_word' id='word_1_595' title='bbox 2754 3660 2909 3700; x_wconf 87' lang='lat' dir='ltr'><strong>more</strong></span> <span class='ocrx_word' id='word_1_596' title='bbox 2959 3649 3271 3716; x_wconf 82' lang='lat' dir='ltr'><strong>vespertina</strong></span> <span class='ocrx_word' id='word_1_597' title='bbox 3318 3659 3646 3718; x_wconf 82' lang='lat' dir='ltr'><strong>peracturus</strong></span> 
     </span>
    </p>
   </div>
   <div class='ocr_carea' id='block_1_81' title="bbox 2061 3734 3648 3809">
    <p class='ocr_par' dir='ltr' id='par_1_81' title="bbox 2061 3734 3648 3809">
     <span class='ocr_line' id='line_1_81' title="bbox 2061 3734 3648 3809; baseline 0.004 -18"><span class='ocrx_word' id='word_1_598' title='bbox 2061 3735 2292 3791; x_wconf 87' lang='lat' dir='ltr'><strong>cantica.</strong></span> <span class='ocrx_word' id='word_1_599' title='bbox 2321 3734 2399 3790; x_wconf 81' lang='lat' dir='ltr'><strong>Ita</strong></span> <span class='ocrx_word' id='word_1_600' title='bbox 2432 3745 2617 3791; x_wconf 87' lang='lat' dir='ltr'><strong>autem</strong></span> <span class='ocrx_word' id='word_1_601' title='bbox 2642 3737 2973 3808; x_wconf 74' lang='lat' dir='ltr'><strong>contigerat,</strong></span> <span class='ocrx_word' id='word_1_602' title='bbox 3005 3747 3065 3795; x_wconf 93' lang='lat' dir='ltr'><strong>ut</strong></span> <span class='ocrx_word' id='word_1_603' title='bbox 3095 3740 3332 3809; x_wconf 85' lang='lat' dir='ltr'><strong>populus</strong></span> <span class='ocrx_word' id='word_1_604' title='bbox 3361 3756 3471 3795; x_wconf 88' lang='lat' dir='ltr'><strong>non</strong></span> <span class='ocrx_word' id='word_1_605' title='bbox 3497 3754 3648 3797; x_wconf 80' lang='lat' dir='ltr'><strong>esset</strong></span> 
     </span>
    </p>
   </div>
   <div class='ocr_carea' id='block_1_82' title="bbox 2064 3827 3647 3898">
    <p class='ocr_par' dir='ltr' id='par_1_82' title="bbox 2064 3827 3647 3898">
     <span class='ocr_line' id='line_1_82' title="bbox 2064 3827 3647 3898; baseline 0.005 -17"><span class='ocrx_word' id='word_1_606' title='bbox 2064 3830 2118 3881; x_wconf 91' lang='lat' dir='ltr'><strong>in</strong></span> <span class='ocrx_word' id='word_1_607' title='bbox 2156 3828 2377 3897; x_wconf 83' lang='lat' dir='ltr'><strong>templo.</strong></span> <span class='ocrx_word' id='word_1_608' title='bbox 2412 3827 2549 3883; x_wconf 87' lang='lat' dir='ltr'><strong>Cum</strong></span> <span class='ocrx_word' id='word_1_609' title='bbox 2587 3844 2721 3898; x_wconf 81' lang='lat' dir='ltr'><strong>ergo</strong></span> <span class='ocrx_word' id='word_1_610' title='bbox 2748 3830 2934 3885; x_wconf 88' lang='lat' dir='ltr'><strong>nullus</strong></span> <span class='ocrx_word' id='word_1_611' title='bbox 2959 3840 3106 3887; x_wconf 84' lang='lat' dir='ltr'><strong>esset</strong></span> <span class='ocrx_word' id='word_1_612' title='bbox 3129 3832 3291 3897; x_wconf 88' lang='lat' dir='ltr'><strong>alius,</strong></span> <span class='ocrx_word' id='word_1_613' title='bbox 3321 3833 3425 3887; x_wconf 44' lang='lat' dir='ltr'><strong>nisi</strong></span> <span class='ocrx_word' id='word_1_614' title='bbox 3454 3832 3647 3889; x_wconf 64' lang='lat' dir='ltr'><strong>adimi</strong></span> 
     </span>
    </p>
   </div>
   <div class='ocr_carea' id='block_1_83' title="bbox 2066 3920 3650 3991">
    <p class='ocr_par' dir='ltr' id='par_1_83' title="bbox 2066 3920 3650 3991">
     <span class='ocr_line' id='line_1_83' title="bbox 2066 3920 3650 3991; baseline 0.002 -18"><span class='ocrx_word' id='word_1_615' title='bbox 2066 3928 2276 3974; x_wconf 88' lang='lat' dir='ltr'><strong>tantum</strong></span> <span class='ocrx_word' id='word_1_616' title='bbox 2300 3928 2356 3975; x_wconf 90' lang='lat' dir='ltr'><strong>et</strong></span> <span class='ocrx_word' id='word_1_617' title='bbox 2390 3920 2655 3984; x_wconf 70' lang='lat' dir='ltr'><strong>ministri,</strong></span> <span class='ocrx_word' id='word_1_618' title='bbox 2683 3921 2839 3991; x_wconf 83' lang='lat' dir='ltr'><strong>jubet</strong></span> <span class='ocrx_word' id='word_1_619' title='bbox 2890 3921 3055 3976; x_wconf 85' lang='lat' dir='ltr'><strong>solito</strong></span> <span class='ocrx_word' id='word_1_620' title='bbox 3092 3922 3246 3991; x_wconf 81' lang='lat' dir='ltr'><strong>plura</strong></span> <span class='ocrx_word' id='word_1_621' title='bbox 3283 3922 3511 3975; x_wconf 84' lang='lat' dir='ltr'><strong>accendi</strong></span> <span class='ocrx_word' id='word_1_622' title='bbox 3562 3922 3650 3976; x_wconf 90' lang='lat' dir='ltr'><strong>lu-</strong></span> 
     </span>
    </p>
   </div>
   <div class='ocr_carea' id='block_1_84' title="bbox 2065 4011 3647 4082">
    <p class='ocr_par' dir='ltr' id='par_1_84' title="bbox 2065 4011 3647 4082">
     <span class='ocr_line' id='line_1_84' title="bbox 2065 4011 3647 4082; baseline 0.002 -17"><span class='ocrx_word' id='word_1_623' title='bbox 2065 4011 2248 4075; x_wconf 79' lang='lat' dir='ltr'><strong>mina;</strong></span> <span class='ocrx_word' id='word_1_624' title='bbox 2277 4021 2331 4066; x_wconf 92' lang='lat' dir='ltr'><strong>et</strong></span> <span class='ocrx_word' id='word_1_625' title='bbox 2365 4016 2480 4082; x_wconf 87' lang='lat' dir='ltr'><strong>ipse</strong></span> <span class='ocrx_word' id='word_1_626' title='bbox 2505 4012 2727 4081; x_wconf 86' lang='lat' dir='ltr'><strong>quidem</strong></span> <span class='ocrx_word' id='word_1_627' title='bbox 2757 4013 2915 4067; x_wconf 64' lang='lat' dir='ltr'><strong>laetus</strong></span> <span class='ocrx_word' id='word_1_628' title='bbox 2940 4013 3121 4067; x_wconf 88' lang='lat' dir='ltr'><strong>stabat</strong></span> <span class='ocrx_word' id='word_1_629' title='bbox 3155 4029 3220 4067; x_wconf 79' lang='lat' dir='ltr'><strong>ex</strong></span> <span class='ocrx_word' id='word_1_630' title='bbox 3252 4012 3489 4068; x_wconf 84' lang='lat' dir='ltr'><strong>adverso</strong></span> <span class='ocrx_word' id='word_1_631' title='bbox 3516 4027 3647 4078; x_wconf 68' lang='lat' dir='ltr'><strong>arat,</strong></span> 
     </span>
    </p>
   </div>
   <div class='ocr_carea' id='block_1_85' title="bbox 2066 4103 3650 4173">
    <p class='ocr_par' dir='ltr' id='par_1_85' title="bbox 2066 4103 3650 4173">
     <span class='ocr_line' id='line_1_85' title="bbox 2066 4103 3650 4173; baseline 0.001 -16"><span class='ocrx_word' id='word_1_632' title='bbox 2066 4118 2256 4173; x_wconf 80' lang='lat' dir='ltr'><strong>pacem</strong></span> <span class='ocrx_word' id='word_1_633' title='bbox 2290 4103 2604 4159; x_wconf 81' lang='lat' dir='ltr'><strong>acelamans</strong></span> <span class='ocrx_word' id='word_1_634' title='bbox 2638 4114 2985 4159; x_wconf 86' lang='lat' dir='ltr'><strong>consuetam.</strong></span> <span class='ocrx_word' id='word_1_635' title='bbox 3025 4104 3161 4158; x_wconf 89' lang='lat' dir='ltr'><strong>Cum</strong></span> <span class='ocrx_word' id='word_1_636' title='bbox 3191 4112 3380 4158; x_wconf 87' lang='lat' dir='ltr'><strong>autem</strong></span> <span class='ocrx_word' id='word_1_637' title='bbox 3420 4118 3528 4157; x_wconf 89' lang='lat' dir='ltr'><strong>nou</strong></span> <span class='ocrx_word' id='word_1_638' title='bbox 3554 4118 3650 4158; x_wconf 88' lang='lat' dir='ltr'><strong>es-</strong></span> 
     </span>
    </p>
   </div>
   <div class='ocr_carea' id='block_1_86' title="bbox 2067 4194 3647 4266">
    <p class='ocr_par' dir='ltr' id='par_1_86' title="bbox 2067 4194 3647 4266">
     <span class='ocr_line' id='line_1_86' title="bbox 2067 4194 3647 4266; baseline 0.001 -17"><span class='ocrx_word' id='word_1_639' title='bbox 2067 4205 2172 4259; x_wconf 89' lang='lat' dir='ltr'><strong>set,</strong></span> <span class='ocrx_word' id='word_1_640' title='bbox 2206 4204 2266 4250; x_wconf 90' lang='lat' dir='ltr'><strong>ut</strong></span> <span class='ocrx_word' id='word_1_641' title='bbox 2304 4194 2537 4259; x_wconf 77' lang='lat' dir='ltr'><strong>solebat,</strong></span> <span class='ocrx_word' id='word_1_642' title='bbox 2585 4197 2825 4266; x_wconf 84' lang='lat' dir='ltr'><strong>populus</strong></span> <span class='ocrx_word' id='word_1_643' title='bbox 2872 4210 3262 4265; x_wconf 81' lang='lat' dir='ltr'><strong>responsurus.</strong></span> <span class='ocrx_word' id='word_1_644' title='bbox 3296 4195 3520 4249; x_wconf 86' lang='lat' dir='ltr'><strong>auditur</strong></span> <span class='ocrx_word' id='word_1_645' title='bbox 3547 4195 3647 4251; x_wconf 86' lang='lat' dir='ltr'><strong>de-</strong></span> 
     </span>
    </p>
   </div>
   <div class='ocr_carea' id='block_1_87' title="bbox 2068 4288 3653 4360">
    <p class='ocr_par' dir='ltr' id='par_1_87' title="bbox 2068 4288 3653 4360">
     <span class='ocr_line' id='line_1_87' title="bbox 2068 4288 3653 4360; baseline 0.001 -19"><span class='ocrx_word' id='word_1_646' title='bbox 2068 4302 2234 4357; x_wconf 89' lang='lat' dir='ltr'><strong>super</strong></span> <span class='ocrx_word' id='word_1_647' title='bbox 2270 4303 2371 4342; x_wconf 81' lang='lat' dir='ltr'><strong>vox</strong></span> <span class='ocrx_word' id='word_1_648' title='bbox 2398 4288 2647 4356; x_wconf 52' lang='lat' dir='ltr'><strong>quaedam</strong></span> <span class='ocrx_word' id='word_1_649' title='bbox 2679 4288 2974 4343; x_wconf 90' lang='lat' dir='ltr'><strong>multarum</strong></span> <span class='ocrx_word' id='word_1_650' title='bbox 3005 4288 3311 4360; x_wconf 84' lang='lat' dir='ltr'><strong>myriadum</strong></span> <span class='ocrx_word' id='word_1_651' title='bbox 3336 4289 3653 4344; x_wconf 87' lang='lat' dir='ltr'><strong>acclaman-</strong></span> 
     </span>
    </p>
   </div>
   <div class='ocr_carea' id='block_1_88' title="bbox 2070 4377 3652 4450">
    <p class='ocr_par' dir='ltr' id='par_1_88' title="bbox 2070 4377 3652 4450">
     <span class='ocr_line' id='line_1_88' title="bbox 2070 4377 3652 4450; baseline 0.002 -18"><span class='ocrx_word' id='word_1_652' title='bbox 2070 4378 2249 4433; x_wconf 87' lang='lat' dir='ltr'><strong>tium:</strong></span> <span class='ocrx_word' id='word_1_653' title='bbox 2284 4378 2353 4434; x_wconf 82' lang='lat' dir='ltr'><strong>Et</strong></span> <span class='ocrx_word' id='word_1_654' title='bbox 2377 4394 2501 4433; x_wconf 90' lang='lat' dir='ltr'><strong>cum</strong></span> <span class='ocrx_word' id='word_1_655' title='bbox 2545 4377 2751 4450; x_wconf 87' lang='lat' dir='ltr'><strong>Spiritu</strong></span> <span class='ocrx_word' id='word_1_656' title='bbox 2795 4388 2911 4434; x_wconf 89' lang='lat' dir='ltr'><strong>tuo.</strong></span> <span class='ocrx_word' id='word_1_657' title='bbox 2939 4379 3073 4434; x_wconf 87' lang='lat' dir='ltr'><strong>Erat</strong></span> <span class='ocrx_word' id='word_1_658' title='bbox 3119 4395 3248 4434; x_wconf 83' lang='lat' dir='ltr'><strong>vero</strong></span> <span class='ocrx_word' id='word_1_659' title='bbox 3274 4394 3376 4434; x_wconf 77' lang='lat' dir='ltr'><strong>vox</strong></span> <span class='ocrx_word' id='word_1_660' title='bbox 3402 4380 3652 4450; x_wconf 62' lang='lat' dir='ltr'><strong>quadam</strong></span> 
     </span>
    </p>
   </div>
   <div class='ocr_carea' id='block_1_89' title="bbox 388 4464 1954 4548">
    <p class='ocr_par' dir='ltr' id='par_1_89' title="bbox 388 4473 1954 4548">
     <span class='ocr_line' id='line_1_89' title="bbox 388 4473 1954 4548; baseline 0.001 -21"><span class='ocrx_word' id='word_1_661' title='bbox 388 4474 464 4546; x_wconf 82' lang='grc' dir='ltr'><strong>τῷ</strong></span> <span class='ocrx_word' id='word_1_662' title='bbox 493 4473 780 4546; x_wconf 81' lang='grc' dir='ltr'><strong>ιινεύματί</strong></span> <span class='ocrx_word' id='word_1_663' title='bbox 827 4491 944 4539; x_wconf 89' lang='grc' dir='ltr'><strong>σου,</strong></span> <span class='ocrx_word' id='word_1_664' title='bbox 997 4476 1452 4546; x_wconf 78' lang='grc' dir='ltr'><strong>ύποφωνούντων.</strong></span> <span class='ocrx_word' id='word_1_665' title='bbox 1492 4476 1556 4530; x_wconf 83' lang='grc' dir='ltr'><strong>Ἦ</strong></span> <span class='ocrx_word' id='word_1_666' title='bbox 1588 4476 1647 4530; x_wconf 83' lang='grc' dir='ltr'><strong>δὲ</strong></span> <span class='ocrx_word' id='word_1_667' title='bbox 1676 4478 1829 4548; x_wconf 76' lang='grc' dir='ltr'><strong>φωνή</strong></span> <span class='ocrx_word' id='word_1_668' title='bbox 1875 4476 1954 4547; x_wconf 72' lang='grc' dir='ltr'><strong>εμ.</strong></span> 
     </span>
    </p>
   </div>
   <div class='ocr_carea' id='block_1_90' title="bbox 2055 4464 3649 4548">
    <p class='ocr_par' dir='ltr' id='par_1_90' title="bbox 2078 4467 3649 4541">
     <span class='ocr_line' id='line_1_90' title="bbox 2078 4467 3649 4541; baseline 0.003 -21"><span class='ocrx_word' id='word_1_669' title='bbox 2078 4467 2359 4523; x_wconf 87' lang='lat' dir='ltr'><strong>modulata</strong></span> <span class='ocrx_word' id='word_1_670' title='bbox 2387 4478 2442 4524; x_wconf 87' lang='lat' dir='ltr'><strong>et</strong></span> <span class='ocrx_word' id='word_1_671' title='bbox 2484 4485 2804 4535; x_wconf 84' lang='lat' dir='ltr'><strong>numerosa,</strong></span> <span class='ocrx_word' id='word_1_672' title='bbox 2853 4480 2914 4525; x_wconf 89' lang='lat' dir='ltr'><strong>et</strong></span> <span class='ocrx_word' id='word_1_673' title='bbox 2954 4486 3077 4541; x_wconf 72' lang='lat' dir='ltr'><strong>quze</strong></span> <span class='ocrx_word' id='word_1_674' title='bbox 3121 4480 3240 4526; x_wconf 88' lang='lat' dir='ltr'><strong>erat</strong></span> <span class='ocrx_word' id='word_1_675' title='bbox 3282 4472 3649 4541; x_wconf 71' lang='lat' dir='ltr'><strong>prazstantior,</strong></span> 
     </span>
    </p>
   </div>
   <div class='ocr_carea' id='block_1_91' title="bbox 392 4562 1970 4637">
    <p class='ocr_par' dir='ltr' id='par_1_91' title="bbox 392 4562 1970 4637">
     <span class='ocr_line' id='line_1_91' title="bbox 392 4562 1970 4637; baseline 0.003 -20"><span class='ocrx_word' id='word_1_676' title='bbox 392 4567 590 4636; x_wconf 85' lang='grc' dir='ltr'><strong>μουσός</strong></span> <span class='ocrx_word' id='word_1_677' title='bbox 623 4582 708 4627; x_wconf 78' lang='grc' dir='ltr'><strong>τις</strong></span> <span class='ocrx_word' id='word_1_678' title='bbox 736 4566 833 4619; x_wconf 81' lang='grc' dir='ltr'><strong>καὶ</strong></span> <span class='ocrx_word' id='word_1_679' title='bbox 857 4562 1202 4636; x_wconf 67' lang='grc' dir='ltr'><strong>ἐναρμόνιος,</strong></span> <span class='ocrx_word' id='word_1_680' title='bbox 1224 4569 1319 4618; x_wconf 84' lang='grc' dir='ltr'><strong>καί</strong></span> <span class='ocrx_word' id='word_1_681' title='bbox 1339 4566 1480 4620; x_wconf 83' lang='grc' dir='ltr'><strong>πολὺ</strong></span> <span class='ocrx_word' id='word_1_682' title='bbox 1499 4567 1561 4618; x_wconf 71' lang='grc' dir='ltr'><strong>τὸ</strong></span> <span class='ocrx_word' id='word_1_683' title='bbox 1582 4566 1970 4637; x_wconf 82' lang='grc' dir='ltr'><strong>παραλλάττον</strong></span> 
     </span>
    </p>
   </div>
   <div class='ocr_carea' id='block_1_92' title="bbox 388 4655 1969 4728">
    <p class='ocr_par' dir='ltr' id='par_1_92' title="bbox 388 4655 1969 4728">
     <span class='ocr_line' id='line_1_92' title="bbox 388 4655 1969 4728; baseline 0.001 -20"><span class='ocrx_word' id='word_1_684' title='bbox 388 4657 615 4727; x_wconf 71' lang='grc' dir='ltr'><strong>ἔχουσα,</strong></span> <span class='ocrx_word' id='word_1_685' title='bbox 650 4657 686 4726; x_wconf 77' lang='grc' dir='ltr'>ἢ</span> <span class='ocrx_word' id='word_1_686' title='bbox 717 4655 863 4711; x_wconf 77' lang='grc' dir='ltr'><strong>ὥστε</strong></span> <span class='ocrx_word' id='word_1_687' title='bbox 897 4660 991 4711; x_wconf 76' lang='grc' dir='ltr'><strong>καὶ</strong></span> <span class='ocrx_word' id='word_1_688' title='bbox 1023 4656 1376 4728; x_wconf 80' lang='grc' dir='ltr'><strong>ἀνθρωπίνην</strong></span> <span class='ocrx_word' id='word_1_689' title='bbox 1408 4657 1751 4722; x_wconf 78' lang='grc' dir='ltr'><strong>εἰκάζεσθαι.</strong></span> <span class='ocrx_word' id='word_1_690' title='bbox 1787 4656 1877 4721; x_wconf 77' lang='grc' dir='ltr'><strong>Ὧς</strong></span> <span class='ocrx_word' id='word_1_691' title='bbox 1912 4657 1969 4710; x_wconf 66' lang='grc' dir='ltr'><strong>δὲ</strong></span> 
     </span>
    </p>
   </div>
   <div class='ocr_carea' id='block_1_93' title="bbox 391 4749 1969 4820">
    <p class='ocr_par' dir='ltr' id='par_1_93' title="bbox 391 4749 1969 4820">
     <span class='ocr_line' id='line_1_93' title="bbox 391 4749 1969 4820; baseline -0.003 -14"><span class='ocrx_word' id='word_1_692' title='bbox 391 4753 488 4806; x_wconf 75' lang='grc' dir='ltr'><strong>καὶ</strong></span> <span class='ocrx_word' id='word_1_693' title='bbox 516 4752 547 4804; x_wconf 85' lang='grc' dir='ltr'><strong>ό</strong></span> <span class='ocrx_word' id='word_1_694' title='bbox 574 4750 825 4813; x_wconf 78' lang='grc' dir='ltr'><strong>διάκονος</strong></span> <span class='ocrx_word' id='word_1_695' title='bbox 855 4749 957 4820; x_wconf 77' lang='grc' dir='ltr'><strong>τὴν</strong></span> <span class='ocrx_word' id='word_1_696' title='bbox 1003 4749 1172 4820; x_wconf 72' lang='grc' dir='ltr'><strong>εὐχὴν</strong></span> <span class='ocrx_word' id='word_1_697' title='bbox 1200 4751 1473 4817; x_wconf 74' lang='grc' dir='ltr'><strong>ἐπετέλει,</strong></span> <span class='ocrx_word' id='word_1_698' title='bbox 1509 4750 1660 4820; x_wconf 82' lang='grc' dir='ltr'><strong>φόϐῳ</strong></span> <span class='ocrx_word' id='word_1_699' title='bbox 1692 4752 1969 4820; x_wconf 79' lang='grc' dir='ltr'><strong>κατάσχεο</strong></span> 
     </span>
    </p>
   </div>
   <div class='ocr_carea' id='block_1_94' title="bbox 392 4841 1973 4914">
    <p class='ocr_par' dir='ltr' id='par_1_94' title="bbox 392 4841 1973 4914">
     <span class='ocr_line' id='line_1_94' title="bbox 392 4841 1973 4914; baseline -0.001 -18"><span class='ocrx_word' id='word_1_700' title='bbox 392 4861 482 4906; x_wconf 82' lang='grc' dir='ltr'><strong>τος</strong></span> <span class='ocrx_word' id='word_1_701' title='bbox 512 4846 783 4914; x_wconf 80' lang='grc' dir='ltr'><strong>γεγονὼς,</strong></span> <span class='ocrx_word' id='word_1_702' title='bbox 819 4844 1024 4914; x_wconf 69' lang='grc' dir='ltr'><strong>ἢκουσε</strong></span> <span class='ocrx_word' id='word_1_703' title='bbox 1057 4845 1220 4897; x_wconf 85' lang='grc' dir='ltr'><strong>πάλιν</strong></span> <span class='ocrx_word' id='word_1_704' title='bbox 1279 4842 1345 4908; x_wconf 82' lang='grc' dir='ltr'><strong>(ὢ</strong></span> <span class='ocrx_word' id='word_1_705' title='bbox 1375 4843 1653 4913; x_wconf 84' lang='grc' dir='ltr'><strong>θαύματος</strong></span> <span class='ocrx_word' id='word_1_706' title='bbox 1676 4844 1714 4913; x_wconf 89' lang='lat' dir='ltr'><strong>l)</strong></span> <span class='ocrx_word' id='word_1_707' title='bbox 1754 4842 1832 4906; x_wconf 72' lang='grc' dir='ltr'><strong>τὸ,</strong></span> <span class='ocrx_word' id='word_1_708' title='bbox 1861 4841 1973 4895; x_wconf 81' lang='grc' dir='ltr'><strong>Κύ-</strong></span> 
     </span>
    </p>
   </div>
   <div class='ocr_carea' id='block_1_95' title="bbox 394 4934 1969 5006">
    <p class='ocr_par' dir='ltr' id='par_1_95' title="bbox 394 4934 1969 5006">
     <span class='ocr_line' id='line_1_95' title="bbox 394 4934 1969 5006; baseline 0 -19"><span class='ocrx_word' id='word_1_709' title='bbox 394 4951 502 5004; x_wconf 76' lang='grc' dir='ltr'><strong>ριε,</strong></span> <span class='ocrx_word' id='word_1_710' title='bbox 562 4936 813 5006; x_wconf 72' lang='grc' dir='ltr'><strong>ἐλέησον,</strong></span> <span class='ocrx_word' id='word_1_711' title='bbox 884 4935 1192 4999; x_wconf 84' lang='grc' dir='ltr'><strong>θεσπεσίως</strong></span> <span class='ocrx_word' id='word_1_712' title='bbox 1247 4935 1421 4998; x_wconf 71' lang='grc' dir='ltr'><strong>οὕτως</strong></span> <span class='ocrx_word' id='word_1_713' title='bbox 1488 4934 1969 5004; x_wconf 80' lang='grc' dir='ltr'><strong>ὑποφωνούμενον.</strong></span> 
     </span>
    </p>
   </div>
   <div class='ocr_carea' id='block_1_96' title="bbox 394 5026 1968 5100">
    <p class='ocr_par' dir='ltr' id='par_1_96' title="bbox 394 5026 1968 5100">
     <span class='ocr_line' id='line_1_96' title="bbox 394 5026 1968 5100; baseline 0.001 -22"><span class='ocrx_word' id='word_1_714' title='bbox 394 5028 502 5079; x_wconf 73' lang='grc' dir='ltr'><strong>Καὶ</strong></span> <span class='ocrx_word' id='word_1_715' title='bbox 539 5028 667 5081; x_wconf 67' lang='grc' dir='ltr'><strong>επεὶ</strong></span> <span class='ocrx_word' id='word_1_716' title='bbox 698 5031 732 5097; x_wconf 82' lang='grc' dir='ltr'><strong>ή</strong></span> <span class='ocrx_word' id='word_1_717' title='bbox 770 5027 867 5100; x_wconf 76' lang='grc' dir='ltr'><strong>βοὴ</strong></span> <span class='ocrx_word' id='word_1_718' title='bbox 902 5028 1042 5100; x_wconf 74' lang='grc' dir='ltr'><strong>αὕτη</strong></span> <span class='ocrx_word' id='word_1_719' title='bbox 1107 5030 1306 5099; x_wconf 77' lang='grc' dir='ltr'><strong>ἑαυτὴν</strong></span> <span class='ocrx_word' id='word_1_720' title='bbox 1360 5030 1456 5081; x_wconf 80' lang='grc' dir='ltr'><strong>καὶ</strong></span> <span class='ocrx_word' id='word_1_721' title='bbox 1490 5033 1601 5090; x_wconf 78' lang='grc' dir='ltr'><strong>τοῖς</strong></span> <span class='ocrx_word' id='word_1_722' title='bbox 1648 5026 1754 5094; x_wconf 76' lang='grc' dir='ltr'><strong>ἔξω</strong></span> <span class='ocrx_word' id='word_1_723' title='bbox 1797 5027 1968 5097; x_wconf 82' lang='grc' dir='ltr'><strong>δήλην</strong></span> 
     </span>
    </p>
   </div>
   <div class='ocr_carea' id='block_1_97' title="bbox 392 5116 2007 5188">
    <p class='ocr_par' dir='ltr' id='par_1_97' title="bbox 392 5116 2007 5188">
     <span class='ocr_line' id='line_1_97' title="bbox 392 5116 2007 5188; baseline -0.001 -18"><span class='ocrx_word' id='word_1_724' title='bbox 392 5119 588 5184; x_wconf 67' lang='grc' dir='ltr'><strong>ἐποίει,</strong></span> <span class='ocrx_word' id='word_1_725' title='bbox 620 5120 873 5172; x_wconf 82' lang='grc' dir='ltr'><strong>συνέθεον</strong></span> <span class='ocrx_word' id='word_1_726' title='bbox 901 5122 1123 5184; x_wconf 88' lang='grc' dir='ltr'><strong>πάντες,</strong></span> <span class='ocrx_word' id='word_1_727' title='bbox 1152 5118 1453 5183; x_wconf 83' lang='grc' dir='ltr'><strong>δεδοικότες</strong></span> <span class='ocrx_word' id='word_1_728' title='bbox 1474 5117 1612 5188; x_wconf 84' lang='grc' dir='ltr'><strong>όμοῦ</strong></span> <span class='ocrx_word' id='word_1_729' title='bbox 1645 5119 1736 5170; x_wconf 77' lang='grc' dir='ltr'><strong>καὶ</strong></span> <span class='ocrx_word' id='word_1_730' title='bbox 1758 5116 1973 5186; x_wconf 87' lang='grc' dir='ltr'><strong>θαυμά-</strong></span> <span class='ocrx_word' id='word_1_731' title='bbox 2002 5142 2007 5145; x_wconf 88' lang='grc'><strong>-</strong></span> 
     </span>
    </p>
   </div>
   <div class='ocr_carea' id='block_1_98' title="bbox 395 5207 1971 5282">
    <p class='ocr_par' dir='ltr' id='par_1_98' title="bbox 395 5207 1971 5282">
     <span class='ocr_line' id='line_1_98' title="bbox 395 5207 1971 5282; baseline -0.001 -22"><span class='ocrx_word' id='word_1_732' title='bbox 395 5209 599 5274; x_wconf 76' lang='grc' dir='ltr'><strong>ζοντες,</strong></span> <span class='ocrx_word' id='word_1_733' title='bbox 627 5211 724 5263; x_wconf 81' lang='grc' dir='ltr'><strong>καὶ</strong></span> <span class='ocrx_word' id='word_1_734' title='bbox 744 5210 875 5280; x_wconf 77' lang='grc' dir='ltr'><strong>πρὶν</strong></span> <span class='ocrx_word' id='word_1_735' title='bbox 930 5210 1033 5281; x_wconf 77' lang='grc' dir='ltr'><strong>μὲν</strong></span> <span class='ocrx_word' id='word_1_736' title='bbox 1059 5210 1191 5265; x_wconf 82' lang='grc' dir='ltr'><strong>εἴσω</strong></span> <span class='ocrx_word' id='word_1_737' title='bbox 1231 5209 1414 5282; x_wconf 82' lang='grc' dir='ltr'><strong>θυρῶν</strong></span> <span class='ocrx_word' id='word_1_738' title='bbox 1442 5207 1723 5277; x_wconf 82' lang='grc' dir='ltr'><strong>γενέσθαι,</strong></span> <span class='ocrx_word' id='word_1_739' title='bbox 1758 5208 1971 5277; x_wconf 81' lang='grc' dir='ltr'><strong>πέπλη-</strong></span> 
     </span>
    </p>
   </div>
   <div class='ocr_carea' id='block_1_99' title="bbox 396 5299 1973 5374">
    <p class='ocr_par' dir='ltr' id='par_1_99' title="bbox 396 5299 1973 5374">
     <span class='ocr_line' id='line_1_99' title="bbox 396 5299 1973 5374; baseline -0.002 -21"><span class='ocrx_word' id='word_1_740' title='bbox 396 5318 489 5354; x_wconf 86' lang='grc' dir='ltr'><strong>κτο</strong></span> <span class='ocrx_word' id='word_1_741' title='bbox 516 5303 706 5365; x_wconf 79' lang='grc' dir='ltr'><strong>αὐτοῖς</strong></span> <span class='ocrx_word' id='word_1_742' title='bbox 734 5304 768 5372; x_wconf 82' lang='grc' dir='ltr'><strong>ή</strong></span> <span class='ocrx_word' id='word_1_743' title='bbox 803 5301 941 5372; x_wconf 87' lang='grc' dir='ltr'><strong>ἀκοὴ</strong></span> <span class='ocrx_word' id='word_1_744' title='bbox 978 5306 1046 5374; x_wconf 81' lang='grc' dir='ltr'><strong>τῇ</strong></span> <span class='ocrx_word' id='word_1_745' title='bbox 1081 5301 1178 5373; x_wconf 82' lang='grc' dir='ltr'><strong>βοῇ</strong></span> <span class='ocrx_word' id='word_1_746' title='bbox 1199 5318 1214 5333; x_wconf 81' lang='grc'><em>’</em></span> <span class='ocrx_word' id='word_1_747' title='bbox 1255 5303 1380 5354; x_wconf 68' lang='grc' dir='ltr'><strong>ἐπεὶ</strong></span> <span class='ocrx_word' id='word_1_748' title='bbox 1405 5300 1461 5353; x_wconf 79' lang='grc' dir='ltr'><strong>δὲ</strong></span> <span class='ocrx_word' id='word_1_749' title='bbox 1508 5302 1603 5353; x_wconf 77' lang='grc' dir='ltr'><strong>καὶ</strong></span> <span class='ocrx_word' id='word_1_750' title='bbox 1650 5299 1783 5353; x_wconf 84' lang='grc' dir='ltr'><strong>είσω</strong></span> <span class='ocrx_word' id='word_1_751' title='bbox 1809 5299 1973 5366; x_wconf 83' lang='grc' dir='ltr'><strong>γεγό-</strong></span> 
     </span>
    </p>
   </div>
   <div class='ocr_carea' id='block_1_100' title="bbox 401 5390 1972 5465">
    <p class='ocr_par' dir='ltr' id='par_1_100' title="bbox 401 5390 1972 5465">
     <span class='ocr_line' id='line_1_100' title="bbox 401 5390 1972 5465; baseline -0.001 -20"><span class='ocrx_word' id='word_1_752' title='bbox 401 5409 573 5458; x_wconf 64' lang='grc' dir='ltr'><strong>νασιν,</strong></span> <span class='ocrx_word' id='word_1_753' title='bbox 600 5393 704 5446; x_wconf 76' lang='grc' dir='ltr'><strong>οὐκ</strong></span> <span class='ocrx_word' id='word_1_754' title='bbox 755 5392 837 5446; x_wconf 68' lang='grc' dir='ltr'><strong>ἔτι</strong></span> <span class='ocrx_word' id='word_1_755' title='bbox 867 5392 1083 5454; x_wconf 70' lang='grc' dir='ltr'><strong>οὐδενος</strong></span> <span class='ocrx_word' id='word_1_756' title='bbox 1114 5394 1315 5465; x_wconf 77' lang='grc' dir='ltr'><strong>ήκουον</strong></span> <span class='ocrx_word' id='word_1_757' title='bbox 1375 5392 1483 5445; x_wconf 74' lang='grc' dir='ltr'><strong>οὐδ’</strong></span> <span class='ocrx_word' id='word_1_758' title='bbox 1519 5390 1713 5460; x_wconf 76' lang='grc' dir='ltr'><strong>ἐώρων</strong></span> <span class='ocrx_word' id='word_1_759' title='bbox 1758 5391 1972 5457; x_wconf 70' lang='grc' dir='ltr'><strong>οὐδένα,</strong></span> 
     </span>
    </p>
   </div>
   <div class='ocr_carea' id='block_1_101' title="bbox 2074 4561 3656 4633">
    <p class='ocr_par' dir='ltr' id='par_1_101' title="bbox 2074 4561 3656 4633">
     <span class='ocr_line' id='line_1_101' title="bbox 2074 4561 3656 4633; baseline 0.002 -19"><span class='ocrx_word' id='word_1_760' title='bbox 2074 4576 2237 4631; x_wconf 88' lang='lat' dir='ltr'><strong>quam</strong></span> <span class='ocrx_word' id='word_1_761' title='bbox 2266 4571 2326 4616; x_wconf 92' lang='lat' dir='ltr'><strong>ut</strong></span> <span class='ocrx_word' id='word_1_762' title='bbox 2356 4561 2595 4615; x_wconf 83' lang='lat' dir='ltr'><strong>humana</strong></span> <span class='ocrx_word' id='word_1_763' title='bbox 2622 4576 2744 4617; x_wconf 86' lang='lat' dir='ltr'><strong>esse</strong></span> <span class='ocrx_word' id='word_1_764' title='bbox 2792 4563 3181 4633; x_wconf 87' lang='lat' dir='ltr'><strong>conjiceretur.</strong></span> <span class='ocrx_word' id='word_1_765' title='bbox 3230 4564 3525 4633; x_wconf 84' lang='lat' dir='ltr'><strong>Postquam</strong></span> <span class='ocrx_word' id='word_1_766' title='bbox 3556 4578 3656 4617; x_wconf 88' lang='lat' dir='ltr'><strong>au-</strong></span> 
     </span>
    </p>
   </div>
   <div class='ocr_carea' id='block_1_102' title="bbox 2065 4631 3658 4725">
    <p class='ocr_par' dir='ltr' id='par_1_102' title="bbox 2065 4631 3658 4725">
     <span class='ocr_line' id='line_1_102' title="bbox 2065 4631 3658 4725; baseline 0.002 -19"><span class='ocrx_word' id='word_1_767' title='bbox 2065 4631 2186 4709; x_wconf 45' lang='lat' dir='ltr'><strong>.tem</strong></span> <span class='ocrx_word' id='word_1_768' title='bbox 2220 4666 2412 4722; x_wconf 86' lang='lat' dir='ltr'><strong>preces</strong></span> <span class='ocrx_word' id='word_1_769' title='bbox 2442 4653 2650 4722; x_wconf 76' lang='lat' dir='ltr'><strong>peregit</strong></span> <span class='ocrx_word' id='word_1_770' title='bbox 2680 4631 2967 4721; x_wconf 81' lang='lat' dir='ltr'><strong>diaconus,</strong></span> <span class='ocrx_word' id='word_1_771' title='bbox 2995 4658 3194 4709; x_wconf 78' lang='lat' dir='ltr'><strong>timore</strong></span> <span class='ocrx_word' id='word_1_772' title='bbox 3220 4631 3507 4725; x_wconf 80' lang='lat' dir='ltr'><strong>correptus</strong></span> <span class='ocrx_word' id='word_1_773' title='bbox 3529 4671 3658 4709; x_wconf 89' lang='lat' dir='ltr'><strong>rur-</strong></span> 
     </span>
    </p>
   </div>
   <div class='ocr_carea' id='block_1_103' title="bbox 2072 4745 3657 4818">
    <p class='ocr_par' dir='ltr' id='par_1_103' title="bbox 2072 4745 3657 4818">
     <span class='ocr_line' id='line_1_103' title="bbox 2072 4745 3657 4818; baseline 0.001 -17"><span class='ocrx_word' id='word_1_774' title='bbox 2072 4761 2167 4801; x_wconf 88' lang='lat' dir='ltr'><strong>sus</strong></span> <span class='ocrx_word' id='word_1_775' title='bbox 2198 4746 2409 4800; x_wconf 85' lang='lat' dir='ltr'><strong>audivit</strong></span> <span class='ocrx_word' id='word_1_776' title='bbox 2433 4745 2488 4817; x_wconf 91' lang='grc' dir='ltr'><strong>(ο</strong></span> <span class='ocrx_word' id='word_1_777' title='bbox 2516 4747 2849 4801; x_wconf 85' lang='lat' dir='ltr'><strong>miraculum</strong></span> <span class='ocrx_word' id='word_1_778' title='bbox 2870 4748 2910 4816; x_wconf 71' lang='grc' dir='ltr'><strong>ε)</strong></span> <span class='ocrx_word' id='word_1_779' title='bbox 2941 4765 2955 4802; x_wconf 89' lang='grc'>;</span> <span class='ocrx_word' id='word_1_780' title='bbox 2986 4747 3150 4818; x_wconf 81' lang='lat' dir='ltr'><strong>Kyrie</strong></span> <span class='ocrx_word' id='word_1_781' title='bbox 3169 4748 3433 4811; x_wconf 78' lang='lat' dir='ltr'><strong>eleeison,</strong></span> <span class='ocrx_word' id='word_1_782' title='bbox 3469 4747 3657 4802; x_wconf 88' lang='lat' dir='ltr'><strong>divine</strong></span> 
     </span>
    </p>
   </div>
   <div class='ocr_carea' id='block_1_104' title="bbox 2070 4836 3660 4910">
    <p class='ocr_par' dir='ltr' id='par_1_104' title="bbox 2070 4836 3660 4910">
     <span class='ocr_line' id='line_1_104' title="bbox 2070 4836 3660 4910; baseline 0.003 -20"><span class='ocrx_word' id='word_1_783' title='bbox 2070 4836 2452 4893; x_wconf 87' lang='lat' dir='ltr'><strong>acclamatum.</strong></span> <span class='ocrx_word' id='word_1_784' title='bbox 2508 4838 2643 4893; x_wconf 78' lang='lat' dir='ltr'><strong>Nam</strong></span> <span class='ocrx_word' id='word_1_785' title='bbox 2690 4840 3010 4910; x_wconf 86' lang='lat' dir='ltr'><strong>priusquam</strong></span> <span class='ocrx_word' id='word_1_786' title='bbox 3066 4851 3255 4909; x_wconf 89' lang='lat' dir='ltr'><strong>portas</strong></span> <span class='ocrx_word' id='word_1_787' title='bbox 3300 4839 3660 4909; x_wconf 78' lang='lat' dir='ltr'><strong>ingrederen-</strong></span> 
     </span>
    </p>
   </div>
   <div class='ocr_carea' id='block_1_105' title="bbox 2072 4930 3658 5000">
    <p class='ocr_par' dir='ltr' id='par_1_105' title="bbox 2072 4930 3658 5000">
     <span class='ocr_line' id='line_1_105' title="bbox 2072 4930 3658 5000; baseline 0.003 -20"><span class='ocrx_word' id='word_1_788' title='bbox 2072 4936 2182 4991; x_wconf 90' lang='lat' dir='ltr'><strong>tur,</strong></span> <span class='ocrx_word' id='word_1_789' title='bbox 2224 4943 2384 4981; x_wconf 82' lang='lat' dir='ltr'><strong>aures</strong></span> <span class='ocrx_word' id='word_1_790' title='bbox 2428 4944 2564 4985; x_wconf 84' lang='lat' dir='ltr'><strong>voce</strong></span> <span class='ocrx_word' id='word_1_791' title='bbox 2616 4932 3088 5000; x_wconf 84' lang='lat' dir='ltr'><strong>percutiebantur.</strong></span> <span class='ocrx_word' id='word_1_792' title='bbox 3137 4930 3274 4986; x_wconf 91' lang='lat' dir='ltr'><strong>Cum</strong></span> <span class='ocrx_word' id='word_1_793' title='bbox 3334 4941 3518 4985; x_wconf 88' lang='lat' dir='ltr'><strong>autem</strong></span> <span class='ocrx_word' id='word_1_794' title='bbox 3568 4931 3658 4986; x_wconf 85' lang='lat' dir='ltr'><strong>in-</strong></span> 
     </span>
    </p>
   </div>
   <div class='ocr_carea' id='block_1_106' title="bbox 2074 5016 3657 5090">
    <p class='ocr_par' dir='ltr' id='par_1_106' title="bbox 2074 5016 3657 5090">
     <span class='ocr_line' id='line_1_106' title="bbox 2074 5016 3657 5090; baseline 0.003 -19"><span class='ocrx_word' id='word_1_795' title='bbox 2074 5017 2249 5087; x_wconf 77' lang='lat' dir='ltr'><strong>gressi</strong></span> <span class='ocrx_word' id='word_1_796' title='bbox 2295 5029 2501 5085; x_wconf 89' lang='lat' dir='ltr'><strong>essent,</strong></span> <span class='ocrx_word' id='word_1_797' title='bbox 2551 5022 2766 5075; x_wconf 88' lang='lat' dir='ltr'><strong>nullum</strong></span> <span class='ocrx_word' id='word_1_798' title='bbox 2820 5016 3057 5090; x_wconf 82' lang='lat' dir='ltr'><strong>amplius</strong></span> <span class='ocrx_word' id='word_1_799' title='bbox 3106 5019 3423 5080; x_wconf 84' lang='lat' dir='ltr'><strong>audiebant,</strong></span> <span class='ocrx_word' id='word_1_800' title='bbox 3474 5034 3657 5090; x_wconf 87' lang='lat' dir='ltr'><strong>neque</strong></span> 
     </span>
    </p>
   </div>
   <div class='ocr_carea' id='block_1_107' title="bbox 2074 5111 3658 5182">
    <p class='ocr_par' dir='ltr' id='par_1_107' title="bbox 2074 5111 3658 5182">
     <span class='ocr_line' id='line_1_107' title="bbox 2074 5111 3658 5182; baseline 0.001 -19"><span class='ocrx_word' id='word_1_801' title='bbox 2074 5111 2248 5164; x_wconf 87' lang='lat' dir='ltr'><strong>ullum</strong></span> <span class='ocrx_word' id='word_1_802' title='bbox 2276 5111 2558 5177; x_wconf 87' lang='lat' dir='ltr'><strong>videbant,</strong></span> <span class='ocrx_word' id='word_1_803' title='bbox 2608 5122 2807 5182; x_wconf 67' lang='lat' dir='ltr'><strong>praeter</strong></span> <span class='ocrx_word' id='word_1_804' title='bbox 2851 5113 3088 5182; x_wconf 86' lang='lat' dir='ltr'><strong>justum,</strong></span> <span class='ocrx_word' id='word_1_805' title='bbox 3121 5120 3178 5167; x_wconf 86' lang='lat' dir='ltr'><strong>et</strong></span> <span class='ocrx_word' id='word_1_806' title='bbox 3227 5126 3435 5180; x_wconf 82' lang='lat' dir='ltr'><strong>paucos</strong></span> <span class='ocrx_word' id='word_1_807' title='bbox 3479 5126 3545 5165; x_wconf 81' lang='lat' dir='ltr'><strong>ex</strong></span> <span class='ocrx_word' id='word_1_808' title='bbox 3590 5111 3658 5165; x_wconf 72' lang='lat' dir='ltr'><strong>iis</strong></span> 
     </span>
    </p>
   </div>
   <div class='ocr_carea' id='block_1_108' title="bbox 2074 5203 3655 5276">
    <p class='ocr_par' dir='ltr' id='par_1_108' title="bbox 2074 5203 3655 5276">
     <span class='ocr_line' id='line_1_108' title="bbox 2074 5203 3655 5276; baseline 0 -18"><span class='ocrx_word' id='word_1_809' title='bbox 2074 5205 2169 5275; x_wconf 91' lang='lat' dir='ltr'><strong>qui</strong></span> <span class='ocrx_word' id='word_1_810' title='bbox 2199 5205 2251 5260; x_wconf 90' lang='lat' dir='ltr'><strong>ei</strong></span> <span class='ocrx_word' id='word_1_811' title='bbox 2277 5204 2705 5262; x_wconf 82' lang='lat' dir='ltr'><strong>ministrabant:</strong></span> <span class='ocrx_word' id='word_1_812' title='bbox 2735 5205 2830 5275; x_wconf 91' lang='lat' dir='ltr'><strong>qui</strong></span> <span class='ocrx_word' id='word_1_813' title='bbox 2881 5206 2984 5275; x_wconf 72' lang='lat' dir='ltr'><strong>ipsi</strong></span> <span class='ocrx_word' id='word_1_814' title='bbox 3041 5219 3261 5276; x_wconf 83' lang='lat' dir='ltr'><strong>quoque</strong></span> <span class='ocrx_word' id='word_1_815' title='bbox 3311 5203 3655 5259; x_wconf 84' lang='lat' dir='ltr'><strong>dicebautse</strong></span> 
     </span>
    </p>
   </div>
   <div class='ocr_carea' id='block_1_109' title="bbox 2073 5297 3652 5370">
    <p class='ocr_par' dir='ltr' id='par_1_109' title="bbox 2073 5297 3652 5370">
     <span class='ocr_line' id='line_1_109' title="bbox 2073 5297 3652 5370; baseline -0.002 -18"><span class='ocrx_word' id='word_1_816' title='bbox 2073 5300 2351 5357; x_wconf 86' lang='lat' dir='ltr'><strong>neminem</strong></span> <span class='ocrx_word' id='word_1_817' title='bbox 2397 5300 2623 5370; x_wconf 83' lang='lat' dir='ltr'><strong>quidem</strong></span> <span class='ocrx_word' id='word_1_818' title='bbox 2672 5300 2961 5370; x_wconf 86' lang='lat' dir='ltr'><strong>hucusque</strong></span> <span class='ocrx_word' id='word_1_819' title='bbox 3013 5300 3226 5363; x_wconf 87' lang='lat' dir='ltr'><strong>videre,</strong></span> <span class='ocrx_word' id='word_1_820' title='bbox 3282 5297 3480 5352; x_wconf 88' lang='lat' dir='ltr'><strong>audire</strong></span> <span class='ocrx_word' id='word_1_821' title='bbox 3519 5313 3652 5351; x_wconf 80' lang='lat' dir='ltr'><strong>vero</strong></span> 
     </span>
    </p>
   </div>
   <div class='ocr_carea' id='block_1_110' title="bbox 2078 5392 3279 5450">
    <p class='ocr_par' dir='ltr' id='par_1_110' title="bbox 2078 5392 3279 5450">
     <span class='ocr_line' id='line_1_110' title="bbox 2078 5392 3279 5450; baseline 0.002 -3"><span class='ocrx_word' id='word_1_822' title='bbox 2078 5393 2403 5450; x_wconf 80' lang='lat' dir='ltr'><strong>emittentes</strong></span> <span class='ocrx_word' id='word_1_823' title='bbox 2424 5407 2616 5448; x_wconf 81' lang='lat' dir='ltr'><strong>vocem</strong></span> <span class='ocrx_word' id='word_1_824' title='bbox 2650 5393 2853 5447; x_wconf 70' lang='lat' dir='ltr'><strong>divina:</strong></span> <span class='ocrx_word' id='word_1_825' title='bbox 2875 5392 3279 5449; x_wconf 80' lang='lat' dir='ltr'><strong>exsultationis.</strong></span> 
     </span>
    </p>
   </div>
   <div class='ocr_carea' id='block_1_111' title="bbox 390 5485 3657 5561">
    <p class='ocr_par' dir='ltr' id='par_1_111' title="bbox 390 5485 3657 5561">
     <span class='ocr_line' id='line_1_111' title="bbox 390 5485 3657 5561; baseline 0 -18"><span class='ocrx_word' id='word_1_826' title='bbox 390 5493 473 5543; x_wconf 74' lang='grc' dir='ltr'><strong>ὅτι</strong></span> <span class='ocrx_word' id='word_1_827' title='bbox 502 5488 578 5560; x_wconf 80' lang='grc' dir='ltr'><strong>μὴ</strong></span> <span class='ocrx_word' id='word_1_828' title='bbox 603 5490 698 5543; x_wconf 75' lang='grc' dir='ltr'><strong>τὸν</strong></span> <span class='ocrx_word' id='word_1_829' title='bbox 729 5489 962 5555; x_wconf 80' lang='grc' dir='ltr'><strong>δίκαιον,</strong></span> <span class='ocrx_word' id='word_1_830' title='bbox 1003 5489 1100 5543; x_wconf 76' lang='grc' dir='ltr'><strong>καὶ</strong></span> <span class='ocrx_word' id='word_1_831' title='bbox 1122 5487 1342 5556; x_wconf 80' lang='grc' dir='ltr'><strong>ὀλίγους</strong></span> <span class='ocrx_word' id='word_1_832' title='bbox 1368 5487 1478 5543; x_wconf 83' lang='grc' dir='ltr'><strong>τῶν</strong></span> <span class='ocrx_word' id='word_1_833' title='bbox 1503 5488 1597 5541; x_wconf 80' lang='grc' dir='ltr'><strong>ὑπ’</strong></span> <span class='ocrx_word' id='word_1_834' title='bbox 1623 5485 1812 5550; x_wconf 82' lang='grc' dir='ltr'><strong>αὑτὸν,</strong></span> <span class='ocrx_word' id='word_1_835' title='bbox 1849 5487 1965 5555; x_wconf 83' lang='grc' dir='ltr'><strong>οἶγε</strong></span> <span class='ocrx_word' id='word_1_836' title='bbox 2007 5490 2104 5543; x_wconf 70' lang='grc' dir='ltr'><strong>καὶ</strong></span> <span class='ocrx_word' id='word_1_837' title='bbox 2135 5491 2290 5544; x_wconf 73' lang='grc' dir='ltr'><strong>αὐτοὶ</strong></span> <span class='ocrx_word' id='word_1_838' title='bbox 2335 5490 2577 5559; x_wconf 73' lang='grc' dir='ltr'><strong>ἔφασκον</strong></span> <span class='ocrx_word' id='word_1_839' title='bbox 2612 5491 2818 5561; x_wconf 82' lang='grc' dir='ltr'><strong>μηδένα</strong></span> <span class='ocrx_word' id='word_1_840' title='bbox 2886 5490 2986 5561; x_wconf 83' lang='grc' dir='ltr'><strong>μὲν</strong></span> <span class='ocrx_word' id='word_1_841' title='bbox 3061 5491 3192 5561; x_wconf 77' lang='grc' dir='ltr'><strong>ἄχρι</strong></span> <span class='ocrx_word' id='word_1_842' title='bbox 3238 5490 3333 5544; x_wconf 78' lang='grc' dir='ltr'><strong>καὶ</strong></span> <span class='ocrx_word' id='word_1_843' title='bbox 3380 5489 3473 5543; x_wconf 82' lang='grc' dir='ltr'><strong>νῦν</strong></span> <span class='ocrx_word' id='word_1_844' title='bbox 3500 5491 3657 5560; x_wconf 78' lang='grc' dir='ltr'><strong>ὀρᾷν,</strong></span> 
     </span>
    </p>
   </div>
   <div class='ocr_carea' id='block_1_112' title="bbox 396 5582 1968 5657">
    <p class='ocr_par' dir='ltr' id='par_1_112' title="bbox 396 5582 1968 5657">
     <span class='ocr_line' id='line_1_112' title="bbox 396 5582 1968 5657; baseline 0.001 -21"><span class='ocrx_word' id='word_1_845' title='bbox 396 5588 581 5656; x_wconf 69' lang='grc' dir='ltr'><strong>φωνὴν</strong></span> <span class='ocrx_word' id='word_1_846' title='bbox 619 5586 679 5640; x_wconf 80' lang='grc' dir='ltr'><strong>δὲ</strong></span> <span class='ocrx_word' id='word_1_847' title='bbox 732 5583 1077 5657; x_wconf 72' lang='grc' dir='ltr'><strong>προϊεμένων</strong></span> <span class='ocrx_word' id='word_1_848' title='bbox 1110 5582 1334 5639; x_wconf 85' lang='grc' dir='ltr'><strong>ἀκούειν</strong></span> <span class='ocrx_word' id='word_1_849' title='bbox 1365 5584 1519 5647; x_wconf 84' lang='grc' dir='ltr'><strong>θείας</strong></span> <span class='ocrx_word' id='word_1_850' title='bbox 1562 5583 1968 5652; x_wconf 77' lang='grc' dir='ltr'><strong>ἀγαλλιάσεως.</strong></span> 
     </span>
    </p>
   </div>
   <div class='ocr_carea' id='block_1_113' title="bbox 465 5682 1976 5755">
    <p class='ocr_par' dir='ltr' id='par_1_113' title="bbox 465 5682 1976 5755">
     <span class='ocr_line' id='line_1_113' title="bbox 465 5682 1976 5755; baseline -0.001 -19"><span class='ocrx_word' id='word_1_851' title='bbox 465 5682 586 5737; x_wconf 81' lang='grc' dir='ltr'><strong>ΚΘ’.</strong></span> <span class='ocrx_word' id='word_1_852' title='bbox 643 5686 779 5739; x_wconf 68' lang='grc' dir='ltr'><strong>Οὒδὲ</strong></span> <span class='ocrx_word' id='word_1_853' title='bbox 832 5683 994 5739; x_wconf 80' lang='grc' dir='ltr'><strong>τοῦτο</strong></span> <span class='ocrx_word' id='word_1_854' title='bbox 1049 5684 1156 5755; x_wconf 74' lang='grc' dir='ltr'><strong>χρὴ</strong></span> <span class='ocrx_word' id='word_1_855' title='bbox 1208 5682 1506 5753; x_wconf 82' lang='grc' dir='ltr'><strong>σιωπῆσαι,</strong></span> <span class='ocrx_word' id='word_1_856' title='bbox 1557 5684 1652 5737; x_wconf 78' lang='grc' dir='ltr'><strong>καὶ</strong></span> <span class='ocrx_word' id='word_1_857' title='bbox 1676 5684 1976 5754; x_wconf 78' lang='grc' dir='ltr'><strong>ὄτιπροσ-</strong></span> 
     </span>
    </p>
   </div>
   <div class='ocr_carea' id='block_1_114' title="bbox 2153 5674 3663 5748">
    <p class='ocr_par' dir='ltr' id='par_1_114' title="bbox 2153 5674 3663 5748">
     <span class='ocr_line' id='line_1_114' title="bbox 2153 5674 3663 5748; baseline -0.003 -16"><span class='ocrx_word' id='word_1_858' title='bbox 2153 5676 2347 5732; x_wconf 78' lang='grc' dir='ltr'><strong>ΧΧΙΧ.</strong></span> <span class='ocrx_word' id='word_1_859' title='bbox 2389 5677 2503 5734; x_wconf 80' lang='lat' dir='ltr'><strong>Nec</strong></span> <span class='ocrx_word' id='word_1_860' title='bbox 2550 5676 2656 5731; x_wconf 88' lang='lat' dir='ltr'><strong>hoc</strong></span> <span class='ocrx_word' id='word_1_861' title='bbox 2689 5682 2911 5748; x_wconf 74' lang='lat' dir='ltr'><strong>quoqtte</strong></span> <span class='ocrx_word' id='word_1_862' title='bbox 2962 5685 3047 5731; x_wconf 87' lang='lat' dir='ltr'><strong>est</strong></span> <span class='ocrx_word' id='word_1_863' title='bbox 3078 5674 3298 5731; x_wconf 78' lang='lat' dir='ltr'><strong>silentio</strong></span> <span class='ocrx_word' id='word_1_864' title='bbox 3342 5675 3663 5745; x_wconf 64' lang='lat' dir='ltr'><strong>praeterunt-</strong></span> 
     </span>
    </p>
   </div>
   <div class='ocr_carea' id='block_1_115' title="bbox 396 5767 1954 5848">
    <p class='ocr_par' dir='ltr' id='par_1_115' title="bbox 396 5775 1954 5848">
     <span class='ocr_line' id='line_1_115' title="bbox 396 5775 1954 5848; baseline 0.003 -22"><span class='ocrx_word' id='word_1_865' title='bbox 396 5775 528 5847; x_wconf 75' lang='grc' dir='ltr'><strong>ἧκον</strong></span> <span class='ocrx_word' id='word_1_866' title='bbox 560 5780 756 5844; x_wconf 74' lang='grc' dir='ltr'><strong>εἰπεῖν,</strong></span> <span class='ocrx_word' id='word_1_867' title='bbox 803 5777 1138 5841; x_wconf 77' lang='grc' dir='ltr'><strong>ἀκούσαντες</strong></span> <span class='ocrx_word' id='word_1_868' title='bbox 1173 5776 1409 5833; x_wconf 69' lang='grc' dir='ltr'><strong>εἴσεσθε.</strong></span> <span class='ocrx_word' id='word_1_869' title='bbox 1474 5778 1608 5832; x_wconf 66' lang='lat' dir='ltr'><strong>[Iovi</strong></span> <span class='ocrx_word' id='word_1_870' title='bbox 1668 5778 1776 5848; x_wconf 81' lang='grc' dir='ltr'><strong>γάρ</strong></span> <span class='ocrx_word' id='word_1_871' title='bbox 1806 5777 1954 5831; x_wconf 57' lang='grc' dir='ltr'><strong>πάλιν</strong></span> 
     </span>
    </p>
   </div>
   <div class='ocr_carea' id='block_1_116' title="bbox 2055 5767 3661 5848">
    <p class='ocr_par' dir='ltr' id='par_1_116' title="bbox 2074 5767 3661 5843">
     <span class='ocr_line' id='line_1_116' title="bbox 2074 5767 3661 5843; baseline -0.004 -13"><span class='ocrx_word' id='word_1_872' title='bbox 2074 5771 2325 5840; x_wconf 82' lang='lat' dir='ltr'><strong>tendum,</strong></span> <span class='ocrx_word' id='word_1_873' title='bbox 2355 5780 2412 5829; x_wconf 89' lang='lat' dir='ltr'><strong>et</strong></span> <span class='ocrx_word' id='word_1_874' title='bbox 2441 5770 2586 5843; x_wconf 88' lang='lat' dir='ltr'><strong>quod</strong></span> <span class='ocrx_word' id='word_1_875' title='bbox 2632 5770 2684 5825; x_wconf 89' lang='lat' dir='ltr'><strong>id</strong></span> <span class='ocrx_word' id='word_1_876' title='bbox 2716 5770 2903 5827; x_wconf 77' lang='lat' dir='ltr'><strong>dicere</strong></span> <span class='ocrx_word' id='word_1_877' title='bbox 2956 5769 3272 5835; x_wconf 83' lang='lat' dir='ltr'><strong>conveniat,</strong></span> <span class='ocrx_word' id='word_1_878' title='bbox 3306 5767 3494 5823; x_wconf 86' lang='lat' dir='ltr'><strong>scietis</strong></span> <span class='ocrx_word' id='word_1_879' title='bbox 3536 5780 3661 5823; x_wconf 80' lang='lat' dir='ltr'><strong>cum</strong></span> 
     </span>
    </p>
   </div>
  </div>
