4102 6376
428 293 532 359 451

1670 263 1956 328 MENSIS
1990 257 2445 324 DECEMBEB.

3579 250 3689 314 4’2

430 404 777 465 audiveritis.
811 399 945 454 Nam
986 410 1116 453 cum
1167 387 1547 462 vespertinum
1583 382 1862 439 canticum
1908 375 2007 431 ali-

2126 374 2205 446 ;ῆς
2235 371 2531 444 έσπερινῆς
2564 368 2714 440 αὐτῷ
2748 365 3023 439 μεσούσης
3064 362 3231 437 ᾠδῆς,
3260 360 3323 415 τδ
3352 360 3449 417 τοῦ
3495 361 3689 434 λύχνου

431 495 654 570 quando
678 499 825 548 esset
854 488 1185 558 perductum
1216 481 1283 537 ad
1341 477 1606 570 medium,
1637 474 1747 545 jam
1780 468 2004 539 quidem

428 569 671 643 lucerna:
716 578 1009 637 deficiebat
1041 576 1247 639 oleum,
1299 569 1449 626 aliud
1497 577 1680 622 autem
1729 578 1836 617 non
1887 575 2009 615 esse

430 688 563 735 tunc
598 674 926 744 contigerat,
975 684 1171 741 parum
1202 681 1335 721 vero
1365 664 1577 727 aberat,
1621 658 1754 730 quin
1782 657 2010 710 lucerna

431 768 899 837 exstingueretur.
928 761 1025 816 llle
1050 767 1234 813 autem
1266 756 1569 826 angebatur
1591 750 1798 815 animo,
1830 756 1892 802 ut
1914 743 2009 814 qui

432 860 605 915 nollet
636 855 1018 928 imperfectum
1054 852 1370 921 relinquere
1416 844 1806 901 ministerium.
1834 838 2011 896 Proti-

428 966 537 1006 nus
581 957 765 1004 autem
796 947 1000 1004 virtute
1049 943 1288 1015 quadam
1336 953 1460 1012 quae
1490 953 1599 992 non
1645 933 1874 990 cadebat
1908 929 2008 986 sub

434 1040 647 1107 oculos,
680 1039 907 1094 lucerna
941 1036 1164 1109 quidem
1210 1040 1386 1089 scatet
1410 1034 1554 1094 oleo,
1589 1023 2012 1097 superfunditur

430 1146 562 1187 vero
596 1130 777 1186 oleum
804 1129 979 1184 instar
1010 1126 1200 1193 fontis,
1245 1134 1301 1180 et
1332 1139 1457 1179 cum
1493 1135 1619 1177 vasa
1648 1117 2014 1189 subjecissent

432 1221 645 1287 aeditui,
679 1220 1029 1291 excipiebant
1058 1217 1112 1272 id
1144 1215 1291 1286 quod
1325 1211 1623 1269 deﬂuebat.
1658 1210 1790 1263 Tam
1830 1204 2011 1277 copio-

430 1329 547 1370 sam
580 1312 815 1368 habebat
866 1311 958 1366 ille
1010 1322 1241 1380 magnus
1288 1307 1397 1360 vim
1431 1304 1690 1360 scalentis
1739 1298 1925 1371 gratia:
1956 1298 2013 1351 in

431 1405 641 1469 anima,
672 1417 784 1459 non
817 1403 1004 1458 minus
1032 1416 1198 1472 quam
1229 1397 1360 1455 illud
1397 1394 1599 1452 sensile
1628 1394 1811 1449 oleum
1841 1391 1895 1445 in
1924 1389 2013 1443 lu-

429 1511 615 1551 cerna.
646 1497 825 1565 Atque
860 1494 1007 1564 quod
1043 1507 1107 1548 ea
1139 1490 1388 1562 quidem,
1419 1503 1542 1558 qua:
1570 1491 1729 1541 erant
1774 1482 1831 1537 in
1882 1494 2015 1551 pro-

427 1588 604 1643 fundo
618 1585 832 1649 animm,
849 1585 1036 1641 videre
1052 1590 1268 1655 poterat
1284 1581 1401 1637 sine
1431 1578 1846 1649 impedimento,
1860 1573 2015 1644 prius

425 1680 540 1749 jam
569 1679 870 1734 declaravit
894 1676 1107 1743 oratio;
1135 1671 1444 1731 declarabit
1493 1680 1679 1726 autem
1729 1680 2008 1735 nuncque.

2112 464 2211 535 μὲν
2239 464 2419 517 ἔλαιον
2476 460 2726 525 ἐξέλιπεν
2771 457 2897 528 ἤδη.
2934 455 3125 526 ἕτερον
3156 452 3213 506 δὲ
3241 451 3384 506 οὕτω
3416 452 3603 525 τυχὸν,
3627 453 3692 507 οὐ

2109 555 2314 627 παρῆν.
2343 552 2417 608 Τό
2446 569 2511 621 γε
2546 549 2654 622 μὴν
2704 547 3043 620 θρυαλλίδιον
3071 543 3242 613 ἐγγὺς
3260 536 3330 613 ἦν
3356 540 3692 614 ἀποσϐῆναι.

2124 646 2186 700 '0
2207 647 2265 700 δὲ
2294 645 2521 717 ἠθύμει,
2550 641 2716 711 ἀτελῆ
2752 640 2849 709 τὴν
2881 637 3229 708 λειτουργίαν
3269 634 3602 701 παραλιπεῖν
3631 636 3693 688 οὐ

2114 741 2457 813 βουλόμενος.
2491 737 2699 791 Αὐτίκα
2731 733 2827 788 οὖν
2852 733 3071 803 ἀοράτῳ
3097 729 3328 800 δυνάμει
3360 725 3693 798 ὑπερδλύζει

2116 833 2472 906 μένὸλύχνος
2505 829 2694 900 ἐλαίῳ.
2732 826 3084 896 ’Υπερχείται
3129 820 3188 876 δέ
3226 822 3289 875 τὸ
3324 820 3503 874 ἔλαιον
3530 836 3696 891 κρου-

2112 926 2292 998 νηδδν,
2334 927 2429 979 xati.
2464 923 2636 993 σκεύη
2669 919 2967 980 ὑποθέντες
2994 916 3045 970 οἱ
3080 913 3364 982 νεωκόροι,
3392 912 3454 964 τὸ
3488 913 3696 984 καταρ-

2115 1019 2238 1092 ρέον
2287 1016 2557 1087 ἐδέχοντο.
2602 1011 2760 1066 Οὕτω
2788 1007 3045 1079 δαψιλοῦς
3072 1009 3099 1060 ὁ
3137 1005 3314 1076 μέγας
3359 1002 3571 1073 ἐτρύφα
3598 1003 3699 1071 τῆς

2113 1112 2356 1183 χάριτος,
2392 1105 2841 1177 ὑπερὸλυζούσης
2885 1099 3042 1154 οὐδὲν
3073 1094 3239 1170 ἦττον
3278 1095 3339 1149 ἐν
3377 1097 3444 1166 τῇ
3485 1093 3697 1148 ἐκείνου

2113 1207 2259 1274 ψυχῇ
2284 1202 2413 1273 ἣτῷ
2452 1199 2633 1269 λύχνῳ
2666 1196 2811 1266 φημὶ
2835 1195 2896 1247 τὸ
2923 1191 3184 1262 αἰσθητὸν
3210 1188 3412 1243 ἔλαιον.
3442 1184 3698 1274 Ὃτιῖμέν

2114 1273 2328 1352 οὖνκαὶ
2352 1295 2419 1347 τὰ
2453 1297 2510 1345 ἐν
2534 1291 2611 1361 τῷ
2648 1288 2807 1361 βάθει
2863 1287 2962 1355 τῆς
2990 1283 3175 1355 ψυχῆς
3208 1279 3514 1342 ἀκωλύτως
3541 1273 3698 1348 εἶχεν

2114 1392 2267 1462 ὁρᾷν,
2294 1389 2434 1457 ἔφθη
2496 1385 2594 1438 καὶ
2630 1383 2897 1454 πρότερον
2924 1379 2953 1432 ὁ
2985 1378 3146 1446 λόγος
3185 1373 3453 1447 δηλώσας,
3483 1372 3572 1426 ὅτι
3604 1370 3700 1425 καὶ

2116 1484 2290 1553 πόρνη
2334 1482 2447 1544 τοῖς
2499 1476 2743 1546 ἐλέγχοις
2798 1469 3140 1526 ἐϐελτιοῦτω
3184 1464 3419 1539 δηλώσει
3477 1463 3534 1519 δὲ
3603 1463 3699 1517 καὶ

2117 1577 2187 1631 τά
2211 1573 2327 1627 νῦν.

830 1729 1124 1825 civitas—in
1152 1729 1332 1840 Cypro
1356 1763 1606 1836 ejusdem
1632 1729 2010 1824 nominis-cu-

2191 1760 2271 1815 A'.
2304 1759 2463 1811 Ἔστι
2518 1753 2672 1816 πόλις
2718 1752 2777 1807 ἐν
2829 1749 3041 1820 Κύπρῳ
3078 1745 3370 1818 ὁμώνυμος
3423 1743 3482 1796 ἐν
3524 1739 3698 1812 Λιϐύῃ

426 1865 519 1935 jus
562 1863 775 1936 Cyrene
824 1862 880 1918 in
919 1861 1107 1934 Lybia.
1145 1861 1225 1915 Ad
1269 1872 1388 1915 eam
1429 1873 1499 1912 ex
1546 1852 2012 1925 Trimmythunte,

431 1971 560 2011 cum
587 1970 721 2011 usus
744 1955 817 2010 ita
838 1961 1082 2017 voearet,
1102 1951 1287 2007 abibat
1317 1962 1545 2020 magnus
1568 1944 1850 2016 Spiridon.
1874 1943 2009 1997 Eum

432 2056 616 2102 autem
634 2045 967 2116 sequebatur
984 2042 1319 2116 Triphyllius
1336 2055 1553 2111 quoque
1572 2038 1900 2110 discipulus,
1916 2034 2012 2109 qui

430 2140 541 2212 jam
557 2136 1000 2194 Callinicensium
1028 2134 1266 2191 civitatis
1286 2134 1369 2203 (ut
1391 2134 1565 2187 visum
1591 2130 1769 2186 fuerat
1792 2131 1846 2186 in
1864 2146 2016 2189 som-

436 2229 543 2296 uis)
581 2229 760 2283 factus
784 2236 903 2283 erat
934 2226 1184 2281 antistes.
1224 2225 1361 2279 Cum
1396 2237 1528 2277 vero
1556 2223 1737 2277 visum
1790 2233 1937 2279 esset
1965 2225 2017 2280 ei

435 2318 626 2374 venire
655 2333 755 2388 per
783 2317 977 2373 urbem
1010 2316 1244 2387 Cythera
1273 2322 1330 2369 et
1358 2321 1622 2379 montem,
1667 2312 1764 2384 qui
1811 2313 2014 2370 dicitur

443 2405 989 2479 Pentadaetylus,ubi
1014 2404 1120 2461 fuit
1146 2404 1203 2459 in
1232 2404 1373 2470 loco,
1402 2403 1496 2475 qui
1524 2403 1727 2459 dicitur
1750 2404 2013 2476 Patymne

435 2504 546 2571 (est
590 2507 773 2555 autem
808 2498 855 2554 is
888 2499 1045 2553 locus
1094 2498 1272 2552 bonus
1317 2505 1374 2552 et
1409 2510 1679 2560 amamus,
1723 2506 1781 2551 et
1827 2498 2016 2555 multis

444 2591 611 2646 rebus
654 2590 917 2663 jucundis
958 2589 1229 2654 aﬂuens),
1269 2587 1602 2658 Tripliyilius
1642 2603 1711 2644 eo
1757 2588 1881 2645 loco
1920 2591 2017 2647 de-

447 2682 707 2748 lectatus,
747 2681 1028 2737 desiderat
1059 2681 1174 2751 ipse
1206 2694 1426 2750 quoque
1476 2679 1594 2734 fieri
1626 2679 1882 2738 dominus
1912 2684 2017 2738 ali-

435 2774 593 2846 cujus
614 2774 729 2845 agri
760 2775 817 2828 in
847 2770 1132 2843 Patymna,
1165 2782 1221 2826 et
1253 2787 1379 2826 eum
1421 2786 1535 2827 sua
1568 2787 1888 2830 consecrare
1915 2774 2017 2831 Ec-

439 2866 640 2922 clesiae.
691 2864 820 2920 Haec
862 2863 1285 2936 magnifaciebat
1328 2863 1688 2934 Triphyllius,
1727 2874 1785 2921 et
1831 2867 2017 2925 animo

439 2959 715 3022 versabat,
744 2972 868 3028 quae
895 2971 1074 3027 neque
1101 2956 1437 3027 eii‘ugiebant
1459 2964 1815 3027 conSpectum
1846 2957 2019 3017 inter-

2121 1852 2375 1925 Κυρήνη.
2433 1846 2578 1919 Πρὸς
2627 1843 2832 1912 ταύτην
2869 1843 2932 1894 ἐκ
2990 1836 3404 1909 Τριμιθούντων
3444 1836 3472 1887 δ
3502 1831 3697 1904 μέγας,

2119 1946 2305 2002 ἐκάλει
2326 1938 2608 2013 γὰρχρεία
2629 1954 2734 2002 τις,
2761 1935 2953 2006 ἀπῄει.
2999 1931 3301 2001 Ἐπόμενος
3326 1927 3381 1982 δὲ
3430 1926 3579 1998 αὖτῷ
3606 1924 3702 1981 καὶ

2121 2037 2452 2112 Τριφύλλιος
2483 2035 2513 2088 ὁ
2545 2031 2806 2103 φοιτητὴς
2836 2023 2926 2100 ἦν,
2955 2026 3056 2097 ήδη
3087 2024 3188 2094 τῆς
3231 2020 3343 2076 τῶν
3379 2018 3703 2112 Rana“?

2124 2110 2264 2189 σέων
2285 2129 2491 2191 πόλεως
2517 2124 2661 2180 κατά
2711 2121 2803 2176 τὸν
2842 2120 3048 2191 δνειρον
3104 2115 3206 2186 τὴν
3237 2111 3528 2185 προεδρίαν
3544 2110 3703 2164 ἀπει-

2119 2224 2331 2297 ληφὼς.
2363 2221 2532 2288 Δόξας
2579 2217 2674 2272 οὖν
2716 2215 2807 2269 διά
2834 2231 2894 2267 τε
2919 2208 3231 2280 Κυθερείας
3265 2207 3496 2270 πόλεωξ,
3520 2204 3607 2259 διά
3640 2220 3703 2256 τε

2123 2295 2571 2371 Πενταδακτύλου
2610 2307 2705 2362 τοῦ
2760 2306 2923 2378 ὅρους
2976 2302 3196 2368 ἐλθεῖν,
3253 2301 3377 2354 ἐπεὶ
3412 2296 3556 2353 κατά
3604 2295 3704 2368 τὴν

2122 2407 2427 2478 λεγομένην
2484 2401 2791 2471 Παρύμνην
2855 2396 3107 2465 ἐγένοντο
3188 2392 3390 2463 (χῶρος
3443 2388 3501 2443 δὲ
3547 2383 3708 2451 οὗτος

2120 2499 2326 2571 ἀγαθὸς
2356 2499 2447 2553 καὶ
2470 2495 2720 2566 τερπνὸς,
2757 2490 2856 2545 καὶ
2914 2487 3131 2547 πολλοῖς
3164 2484 3273 2539 τῶν
3330 2483 3503 2554 ἡδέων
3529 2481 3701 2534 κατά-

2123 2592 2337 2665 κομος),
2361 2586 2756 2660 δΤριφύλλιος,
2784 2582 2864 2653 τῷ
2892 2581 3041 2650 τόπῳ
3070 2577 3278 2650 ἡσθεὶς,
3337 2577 3437 2647 ἐρᾷ
3465 2577 3558 2630 καὶ
3608 2576 3706 2629 αὖ·

2123 2687 2215 2749 τὸς
2247 2685 2391 2747 τινος
2424 2683 2482 2734 ἐν
2538 2676 2693 2749 Παρύ
2708 2691 2818 2749 μνη
2866 2673 3139 2742 δεσπότης
3192 2669 3472 2739 γενέσθαι,
3504 2669 3602 2723 καὶ
3636 2671 3702 2739 τῇ

2125 2774 2248 2830 κατ’
2300 2770 2464 2828 αὑτὸν
2487 2767 2754 2840 ἐκκλησίᾳ
2779 2766 2969 2820 τοῦτον
2993 2761 3427 2834 ἀφοσιώσασθαι.
3467 2760 3651 2813 Ταῦτα
3679 2762 3709 2812 δ

2124 2865 2448 2939 Τριφύλλιος
2494 2860 2623 2932 περὶ
2680 2857 2875 2912 πολλοῦ
2928 2872 2989 2911 τε
3047 2851 3183 2927 εἷχε,
3239 2852 3334 2907 καὶ
3392 2851 3539 2906 κατά
3581 2849 3707 2903 νοῦν

2124 2959 2408 3029 ἔστρεφεν,
2441 2953 2504 3007 οὗ
2546 2953 2654 3023 μὴν
2709 2948 2918 3004 ἀθέατα
2946 2946 3085 3012 ὅλως
3116 2947 3231 3009 τοῖς
3251 2943 3399 2998 ἔιδον
3428 2941 3523 2996 τοῦ
3556 2943 3707 2995 Σπυ-

441 3066 641 3107 norum
669 3050 955 3107 oculorum
990 3047 1329 3118 Spiridonis;
1355 3049 1451 3103 sed
1479 3056 1535 3104 et
1568 3049 1660 3104 ille
1690 3050 1917 3120 pulchre
1944 3053 2022 3108 vi-

2128 3050 2351 3131 ρίδωνος
2407 3045 2709 3117 ὀφθαλμοῖς
2729 3057 2745 3073 ⁶
2782 3041 2921 3097 ἀλλά
2948 3040 3045 3094 καὶ
3097 3037 3238 3093 εἶδεν
3269 3037 3475 3100 ἐκεῖνος
3500 3034 3707 3100 καλῶς,

438 3142 541 3208 dit,
566 3148 621 3198 et
644 3139 860 3212 placide
892 3139 1253 3210 reprehendit
1281 3137 1616 3209 discipulum
1645 3155 1661 3193 :
1690 3140 1736 3198 0
1766 3157 2018 3211 cumam,

439 3233 653 3299 dicens,
683 3248 719 3288 ο
763 3231 1054 3301 Triphylii,
1102 3230 1219 3286 haec
1277 3243 1417 3284 vana
1464 3240 1523 3284 et
1571 3231 1763 3286 insana
1806 3233 2027 3290 assidue

446 3334 632 3383 mente
663 3325 889 3380 versas?
918 3337 1079 3395 agros
1108 3321 1339 3392 cupiens
1361 3331 1418 3378 et
1442 3320 1656 3389 vineas,
1684 3338 1807 3394 quae
1836 3339 2027 3381 revera

443 3416 665 3487 quidem
694 3422 828 3470 sunt
859 3415 1066 3469 nullius
1092 3414 1290 3485 pretii;
1322 3413 1499 3470 solum
1529 3423 1711 3471 autem
1742 3416 2026 3482 videntur.

441 3518 502 3564 et
539 3505 765 3562 nomine
804 3506 1142 3561 demulcent.
1193 3504 1473 3562 Habemus
1521 3508 1927 3577 possessionem
1972 3510 2028 3565 in

440 3597 620 3663 cmlis,
651 3612 776 3668 quae
804 3610 917 3651 non
961 3603 1146 3666 potest
1189 3594 1393 3651 auferri
1429 3611 1444 3650 :
1483 3597 1753 3654 habemus
1802 3598 2028 3655 domum

443 3704 557 3743 non
604 3685 973 3743 manufactam
998 3687 1042 3741 ⁸.
1092 3685 1189 3742 llla
1233 3701 1592 3759 persequere,
1640 3688 1751 3745 illis
1782 3690 1867 3746 vel
1902 3700 2030 3747 ante

447 3791 665 3850 tempus
693 3793 791 3850 spe
822 3778 1028 3847 fruere,
1054 3793 1177 3849 qua:
1199 3794 1309 3834 non
1340 3789 1572 3850 possunt
1597 3779 1666 3834 ab
1695 3780 1806 3836 alio
1836 3788 2027 3836 trans-

446 3872 582 3930 ferri
616 3871 685 3928 ad
715 3872 973 3937 alterum,
1022 3870 1119 3926 sed
1149 3871 1243 3942 qui
1274 3885 1466 3928 eorum
1522 3873 1690 3927 semel
1735 3870 1904 3928 fuerit
1931 3872 2034 3928 do.

450 3964 656 4028 minus,
688 3972 875 4020 manet
925 3962 1136 4018 habens
1188 3963 1589 4028 hereditatem,
1640 3977 1764 4033 quae
1806 3963 2036 4021 minima

449 4058 724 4114 aufertur.
759 4056 885 4112 Haec
928 4070 1054 4111 eum
1088 4055 1355 4111 audiisset
1390 4053 1752 4126 Triphyllius,
1804 4069 1912 4110 non
1949 4063 2033 4111 te-

453 4165 606 4206 mere
634 4147 832 4215 audiit,
859 4146 955 4203 sed
987 4146 1184 4202 melior
1207 4145 1385 4202 evasit
1412 4144 1619 4211 animo,
1649 4155 1705 4201 et
1734 4160 1798 4202 ea
1836 4147 2035 4205 celavit

451 4241 506 4297 in
535 4239 719 4295 cordis
766 4239 1166 4309 penetralibus,
1212 4244 1271 4293 et
1317 4237 1532 4308 rogavit
1581 4248 1860 4305 sanetum,
1889 4249 1951 4292 ut
1984 4239 2035 4294 ei

450 4333 796 4402 ignosceret;
821 4337 880 4385 et
910 4336 1100 4399 postea
1128 4328 1295 4384 vitam
1330 4330 1443 4399 egit
1472 4337 1787 4384 accuratam
1819 4338 1876 4385 et
1905 4346 2037 4401 per-

2127 3126 2223 3198 καὶ
2249 3143 2342 3196 τὸν
2377 3139 2628 3212 μαθητὴν
2671 3135 2863 3208 πρᾴως
2926 3133 3178 3206 ηλεγξεν,
3241 3125 3315 3184 Ὦ
3356 3128 3410 3184 τί
3439 3145 3588 3195 ποτε,
3619 3128 3711 3182 λέο

2125 3252 2256 3306 γων,
2284 3231 2601 3306 Τριφύλλιε,
2642 3229 2714 3282 τὰ
2762 3227 2895 3282 κενά
2924 3224 3079 3278 ταυτὶ
3100 3223 3194 3278 καὶ
3218 3224 3423 3294 μάταια
3460 3222 3710 3294 στρέφων

2125 3332 2184 3383 ἐν
2235 3326 2436 3398 καρδία
2492 3320 2783 3388 διατελεῖς,
2821 3319 3009 3391 ἀγρῶν
3037 3316 3133 3373 καὶ
3162 3316 3517 3385 ἀμπελώνων
3541 3315 3709 3387 ἐρῶν,

2127 3418 2245 3473 ἔστι
2270 3418 2370 3488 μὲν
2400 3415 2538 3488 πρὸς
2562 3413 2826 3485 ἀλήθειαν
2870 3413 3103 3477 οὐδενὸς,
3149 3409 3367 3466 δοκοῦσι
3403 3410 3462 3465 δέ
3524 3412 3710 3481 μόνον,

2128 3513 2221 3565 καὶ
2251 3511 2501 3579 θέλγουσι
2529 3507 2610 3579 τῷ
2636 3508 2904 3576 ὀνόματι;
2941 3503 3184 3577 ’Έχομεν
3218 3504 3415 3574 κτῆσιν
3451 3504 3509 3558 ἐν
3542 3502 3712 3574 οὐρα-

2127 3605 2242 3666 νοῖς
2285 3599 2650 3671 ἀναφαίρετον
2691 3613 2708 3630 ’
2756 3598 2957 3670 ἔχομεν
2984 3597 3200 3653 οἰκείαν
3240 3595 3656 3668 ἀχειροποίητον
3692 3609 3710 3628 ο

2128 3694 2357 3751 ἐκείνων
2399 3691 2526 3764 ἔχου
2549 3706 2566 3724 ο
2606 3691 2831 3745 ἐκείνων
2890 3690 2988 3743 καὶ
3019 3688 3126 3760 πρὸ
3157 3685 3260 3760 τῆς
3284 3685 3432 3758 ὥρας
3470 3686 3712 3741 ἀπόλαυε

2128 3787 2250 3849 ταῖς
2279 3784 2515 3850 ἐλπίσιν,
2558 3776 2637 3838 ὧν
2669 3783 2772 3837 οὐκ
2820 3782 2938 3836 ἐστι
2972 3782 3268 3851 μετάθεσις
3301 3781 3384 3845 είς
3430 3778 3621 3852 ἕτερον
3648 3779 3710 3847 ἐξ

2132 3877 2349 3948 ἐτέρου,
2382 3875 2501 3930 ἀλλ’
2537 3875 2598 3939 δς
2624 3874 2692 3930 ἂν
2742 3872 2892 3939 ἅπαξ
2924 3873 3104 3926 αὐτῶν
3124 3871 3268 3945 ὀφθῇ
3293 3871 3507 3942 κύριος,
3538 3871 3711 3941 μένει,

2137 3970 2341 4040 κλῆρον
2374 3967 2514 4038 ἔχων
2540 3966 2795 4037 οὐδαμῶς
2821 3965 3253 4035 ἀφαιρούμενον.
3308 3963 3502 4020 Ταῦτα
3555 3962 3719 4017 ἀκού.

2136 4079 2309 4117 σαντα
2338 4061 2433 4113 τὸν
2458 4058 2812 4132 Τριφύλλιον,
2843 4060 2919 4130 μὴ
2949 4056 3138 4121 ἀπλῶς
3168 4057 3423 4123 ἀκοῦσαι,
3453 4057 3593 4111 ἀλλὰ
3621 4059 3716 4113 καὶ

2137 4149 2499 4221 βελτιωθῆναι
2553 4150 2655 4219 τὴν
2711 4144 2963 4219 γνώμην,
3016 4147 3112 4200 καὶ
3165 4146 3401 4217 καρδίας
3447 4145 3586 4201 αὐτὰ
3617 4164 3719 4199 1:1-

2139 4245 2311 4316 μείοις
2334 4241 2630 4315 ἐγκρύψαι,
2652 4237 2913 4310 δεηθῆναί
2938 4254 2999 4292 τε
3031 4236 3127 4294 τοῦ
3164 4237 3350 4306 ἁγίου,
3383 4236 3716 4309 συγγνώμης

2136 4338 2344 4407 τυχεῖν,
2393 4335 2491 4388 καὶ
2547 4333 2609 4387 τὸ
2655 4331 2791 4403 μετά
2837 4330 3012 4384 ταῦτα
3077 4330 3214 4400 πρὸς
3266 4331 3558 4401 ἀκρίόειαν
3591 4331 3717 4402 ζῇν,

451 4424 675 4484 tectam,
707 4422 847 4475 adeo
882 4429 943 4475 ut
972 4419 1129 4476 fieret
1164 4434 1262 4476 vas
1292 4420 1586 4476 electionis
1629 4420 1860 4486 Christi,
1890 4423 2022 4479 sicut

2137 4427 2278 4481 ὥστε
2311 4426 2406 4481 καὶ
2463 4423 2660 4489 σκεῦος
2694 4422 2930 4493 ἐκλογῆς
2963 4420 3243 4489 γενέσθαι,
3280 4422 3425 4475 κατά
3482 4423 3660 4476 Παῦλο
3681 4444 3715 4489 ι,

454 4514 660 4571 Paulus
682 4513 724 4579 ’,
756 4521 813 4568 et
851 4511 1275 4568 innumerabilia
1317 4512 1461 4567 dona
1497 4511 1572 4568 sit
1607 4524 1915 4571 assecutus.
1944 4515 2037 4573 Sic

455 4620 690 4677 magnus
716 4604 974 4677 Spiridon
998 4604 1137 4660 alios
1164 4604 1389 4674 quidem
1413 4604 1726 4678 corrigebat
1754 4608 2003 4665 volentes
2020 4651 2037 4678 ,

453 4698 597 4754 alios
621 4697 788 4754 etiam
826 4696 1070 4764 invitos;
1134 4697 1203 4751 iis
1223 4706 1430 4763 autem,
1472 4699 1567 4770 qui
1634 4700 2039 4756 correctionem

457 4787 726 4846 nolebant
756 4787 1069 4856 admittere,
1094 4787 1271 4843 malus
1297 4789 1587 4845 eveniebat
1609 4789 1790 4847 exitus
1813 4806 1827 4846 :
1849 4790 2039 4861 cujus-

457 4882 608 4939 modi
659 4890 743 4938 est
775 4882 881 4938 hoc
910 4880 1058 4953 quod
1086 4882 1362 4952 sequitur.

526 4973 718 5030 XXXI.
759 4973 991 5041 Quidam
1017 4983 1181 5029 nauta
1203 4982 1290 5029 est
1311 4972 1555 5044 ejusdem
1586 4970 1847 5039 civitatis,
1878 4975 2039 5049 cujus

451 5075 701 5132 sanctus,
730 5081 857 5121 eum
896 5080 1126 5136 peregre
1160 5065 1357 5121 fuisset
1388 5064 1688 5136 profectus,
1723 5075 1780 5123 et
1825 5073 2040 5137 tempus

451 5159 697 5216 duorum
726 5173 1002 5214 annorum
1021 5157 1458 5227 consumpsisset
1480 5158 1535 5211 in
1572 5157 2038 5229 peregrinatione,

457 5266 715 5307 reversus
741 5260 859 5319 est;
891 5261 949 5306 et
978 5266 1104 5305 eum
1130 5249 1199 5305 ad
1229 5251 1451 5305 charam
1492 5248 2035 5319 rediisset'patriani,

456 5343 683 5397 domum
734 5357 888 5398 suam
937 5341 1152 5398 invenit
1185 5341 1504 5399 inimicam:
1550 5350 1740 5410 aperte
1791 5340 1941 5395 enim
1987 5344 2039 5397 ei

457 5436 644 5491 iuerat
671 5434 975 5492 adulterata
1003 5435 1221 5490 mulier.
1259 5434 1393 5490 Nam
1421 5445 1478 5490 et
1521 5442 1709 5489 certus
1732 5440 1854 5488 erat
1885 5435 2041 5490 testis

462 5538 650 5584 tumor
668 5528 831 5598 uteri,
865 5537 922 5585 et
951 5529 1113 5592 fetus,
1137 5527 1231 5598 qui
1261 5527 1313 5582 in
1341 5541 1408 5583 eo
1426 5526 1766 5599 gestabatur.
1790 5525 2039 5601 llleprgo

540 5722 623 5776 ιιι
654 5720 783 5779 Cor.
816 5736 871 5785 ν,
905 5719 958 5775 ι.
1032 5717 1053 5749 ⁸
1084 5716 1205 5772 Act.
1238 5732 1311 5782 ιι,
1342 5714 1431 5771 l5.

2136 4513 2399 4586 Χριστοῦ,
2423 4515 2517 4568 καὶ
2557 4513 2769 4584 μυρίων
2828 4510 3129 4581 ἀξιωθῆναι
3178 4510 3291 4565 τῶν
3334 4512 3717 4582 χαρισμάτων.

2138 4608 2328 4672 Οὕτως
2355 4609 2384 4662 ὁ
2420 4606 2593 4676 μέγας
2617 4603 2712 4667 οὓς
2754 4604 2853 4676 μὲν
2882 4603 3127 4671 ἑκόντας,
3151 4602 3246 4667 οὓς
3269 4602 3327 4657 δέ
3363 4605 3460 4658 καὶ
3486 4603 3722 4667 ἄκοντας

2139 4699 2532 4770 ἐπαιδαγώγει,
2554 4699 2648 4752 καὶ
2682 4699 2796 4762 τοῖς
2831 4696 2908 4770 μὴ
2939 4695 3285 4769 βουλομένοις
3336 4694 3597 4762 δέξασθαι
3621 4696 3721 4766 τὴν

2140 4789 2540 4859 παιδαγωγίαν,
2565 4789 2626 4842 οὐ
2674 4789 2839 4844 καλὸν
2883 4788 3107 4860 ἀπήντα
3148 4787 3212 4842 τδ
3274 4786 3468 4853 τέλοςο
3522 4780 3634 4843 οἷον
3662 4787 3719 4841 δὲ

2148 4885 2247 4939 καὶ
2277 4882 2459 4938 τοῦτο.

2211 4974 2339 5031 AA'.
2369 4973 2780 5046 Θαλαττουργός
2805 4991 2891 5031 τις
2910 4973 3011 5045 τῆς
3042 4974 3216 5047 αὐτῆς
3241 4974 3321 5046 τῷ
3342 4973 3484 5045 ἀγίῳ
3510 4973 3721 5040 πόλεως

2139 5069 2426 5139 ἀπόδημος
2464 5065 2731 5136 γεγονὼς,
2759 5066 2855 5119 καὶ
2882 5066 3079 5138 χρόνον
3114 5068 3179 5137 τῇ
3210 5066 3494 5140 ἀποδημίᾳ
3521 5067 3721 5139 τρίψας

2142 5160 2359 5232 συχνὸν,
2418 5157 2513 5212 δύο
2567 5159 2709 5215 ὅλων
2737 5160 2876 5214 ἐτῶν
2899 5160 3199 5230 ἐπανῆκεν,
3227 5162 3322 5214 καὶ
3352 5161 3589 5235 πατρίδα
3623 5162 3725 5234 τὴν

2139 5251 2302 5323 φίλην
2324 5249 2637 5314 ἀπολαϐὼν,
2694 5252 2795 5321 τὴν
2834 5251 3017 5307 οίκίαν
3046 5248 3172 5325 εὗρε
3201 5253 3403 5326 κομιδῆ
3432 5254 3722 5324 πολεμίαν.

2140 5345 2487 5414 Μεμοίχευτο
2519 5342 2627 5414 γὰρ
2654 5342 2806 5415 αὐτῷ
2853 5346 2889 5415 η
2938 5347 3076 5417 γυνὴ
3116 5346 3389 5418 φανερῶς.
3452 5346 3608 5399 Ἐπεὶ
3634 5351 3729 5400 καὶ

2143 5433 2354 5507 μάρτυς
2386 5429 2458 5507 ἦν
2525 5431 2783 5506 ἀψευδὴς,
2815 5433 2845 5487 ὃ
2883 5451 2944 5487 τε
2984 5437 3081 5507 τῆς
3132 5437 3369 5508 γαστρὸς
3416 5437 3597 5508 ὄγκος,
3632 5436 3731 5491 καὶ

2141 5528 2207 5582 τὸ
2243 5525 2690 5599 κυοφορούμενον
2738 5526 2999 5601 ἔμϐρυον.
3028 5528 3246 5602 Μικροῦ
3282 5530 3381 5604 μὲν
3404 5527 3495 5587 οὖν
3521 5531 3731 5595 ἐκεῖνος

3164 5825 3168 5828 ι
3224 5811 3257 5835 si
