4102 6376
318 293 429 354 453

1559 293 1736 356 VlTA
1769 294 1835 355 S.
1877 295 2352 364 SPYRIDONIS.

3471 311 3583 373 854

316 408 486 470 εὐθὺς
544 408 642 460 καὶ
687 405 748 459 τὸ
790 405 1014 474 γύναιον
1040 408 1108 462 ἂν
1159 407 1507 478 διεχρήσατο·
1538 407 1750 470 Μεστὺς
1773 408 1902 479 γὰρ,

2009 427 2199 481 parum
2253 414 2427 468 adluit
2499 415 2628 485 quin
2685 432 2907 472 uxorem
2963 415 3299 474 interﬁceret
3335 436 3350 472 :
3386 421 3586 477 Plenus

319 500 480 570 φησὶ,
507 499 674 568 ζήλου
715 499 886 567 θυμὸς
921 499 1113 567 ἀνδρὸς
1145 499 1342 567 αὐτῆς.
1379 499 1549 560 Μόλις
1579 499 1635 551 δὲ
1666 499 1758 553 τοῦ
1801 499 1896 551 θυ-

324 587 430 662 μοῐι⁹
475 591 767 662 γενόμενος
825 591 1125 661 ἐγκρατὴς,
1184 591 1279 643 καὶ
1332 589 1764 658 διασκεψάμενος
1821 589 1896 654 ώς

319 682 446 738 οετε
475 685 748 736 συνοικεῖν
775 682 913 751 αὐτῇ
937 681 1032 733 τοῦ
1067 680 1254 734 λοιποῦ
1276 681 1440 733 καλὸν
1467 679 1588 734 οὔτε
1611 680 1718 749 μὴν
1747 680 1902 733 ἀναι-

323 779 466 846 ρεῖεν
495 774 556 828 τὸ
605 774 708 844 μὲν
775 773 886 845 γὰρ
926 773 1144 844 ἐκείνης
1188 771 1458 840 ἀπώλεια,
1504 773 1562 826 τὸ
1591 773 1648 826 δὲ
1696 773 1902 835 ὄνειδος

318 867 425 920 αίιτ
442 866 472 933 ξ)
511 864 599 917 διὰ
628 864 766 934 βίου,
794 863 890 918 καὶ
916 862 1141 934 καρδίας
1169 864 1325 935 τῆξις
1351 865 1523 934 πέρας
1546 863 1647 917 οὐκ
1682 863 1899 932 ἔχουσα,

320 957 531 1026 ταύτην
562 959 662 1027 μὲν
715 956 1057 1022 καταλείπει,
1105 957 1244 1024 πρὸς
1287 957 1345 1009 δὲ
1381 956 1471 1011 τὸν
1511 955 1666 1024 ἅγιον
1699 956 1901 1010 αὐτίκα

322 1052 514 1119 φοιτᾷ.
558 1050 670 1104 Καὶ
700 1048 888 1103 πάντα
934 1048 1078 1101 κατά
1112 1049 1279 1119 μέρος
1309 1048 1584 1116 διασαφεῖ,
1630 1049 1730 1118 τὴν
1765 1048 1904 1100 ἀπο-

321 1141 386 1210 δη
397 1143 548 1210 μίαν,
581 1140 670 1194 τὸν
704 1140 924 1210 χρόνον,
959 1140 1058 1209 τὴν
1113 1141 1385 1210 μοιχείαν,
1414 1139 1511 1192 καὶ
1545 1140 1751 1209 ταύτης
1804 1140 1904 1208 τὴν

323 1235 765 1303 ἀπαράγραπτον
820 1235 928 1288 ἀπὸ
973 1235 1072 1303 τῆς
1129 1233 1369 1305 γαστρὸς
1405 1234 1736 1304 μαρτυρίαν.
1774 1229 1902 1286 Εἶτα

323 1324 376 1379 τί
393 1327 580 1389 πάθοι,
607 1327 724 1386 πῶς
743 1326 977 1394 ἐνέγκοι,
996 1328 1048 1378 τί
1075 1327 1204 1394 περὶ
1224 1328 1372 1380 τοῦῗε
1399 1329 1676 1396 πο.ήσειεν
1702 1328 1901 1397 ἐρωτᾷ,

327 1418 425 1470 καὶ
458 1421 541 1470 ὅτι
593 1417 853 1471 ἀπολύειν
911 1419 1010 1488 μὲν
1055 1419 1219 1482 αὐτὸς
1249 1420 1346 1488 τὴν
1397 1422 1632 1486 γυναῖκα
1687 1419 1903 1485 διέγνω,

328 1511 580 1580 βούλεται
612 1511 667 1563 δὲ
705 1510 917 1578 μαθεῖν,
946 1512 994 1564 εί
1037 1513 1131 1564 καὶ
1159 1511 1309 1580 αύτῷ
1335 1511 1494 1565 τοῦτο
1526 1513 1797 1575 συνεσκεῖ.
1846 1513 1904 1566 ὐ

326 1603 385 1656 δὲ
422 1604 633 1655 ἐκεῖνον
673 1603 773 1673 μὲν
807 1602 1076 1672 Θαυμάζει
1105 1619 1163 1654 τε
1194 1603 1293 1671 τῆς
1314 1601 1564 1674 γνώμης,
1590 1605 1681 1656 καὶ
1707 1601 1909 1656 οίκτεί-

327 1714 416 1767 ρει
443 1697 542 1766 τῆς
575 1697 882 1766 συμφορᾶς,
916 1695 1016 1766 τὴν
1064 1697 1301 1763 γυναῖκα
1342 1695 1399 1748 δὲ
1459 1697 1904 1766 μεταστέλλεται,

1999 505 2170 567 enim.
2213 507 2412 575 inquit,
2448 509 2524 561 ira
2555 517 2639 562 cst
2705 509 2855 563 zelus
2889 510 2986 564 viri
3017 510 3137 580 ejus
3185 511 3252 565 ‘°.
3306 510 3443 565 Cum
3498 514 3585 568 vix

2002 607 2184 652 autem
2205 599 2338 652 iram
2361 601 2718 666 cohibuisset,
2735 611 2791 656 et
2809 604 3230 665 considerasset.
3244 606 3389 672 quod
3410 623 3587 676 neque

2002 699 2150 744 esset
2175 691 2224 744 ei
2258 691 2552 746 honestum
2585 708 2708 746 cum
2738 709 2800 747 ea
2836 695 3072 763 amplius
3100 697 3373 759 habitare,
3404 714 3586 767 neque

2003 781 2208 834 bonum
2240 797 2358 835 eam
2395 782 2709 838 interﬁcere
2741 785 2869 851 (hoc
2897 786 3068 851 enim,
3103 787 3250 841 illius
3291 803 3439 842 esset
3466 790 3586 842 exi-

2006 872 2182 936 tium;
2214 872 2344 926 illud
2386 888 2537 937 vero,
2571 884 2896 944 perpetuum
2937 878 2986 931 ei
3039 878 3092 931 in
3131 878 3241 932 vita
3294 879 3584 948 probrum,

2003 971 2059 1017 et
2107 963 2288 1018 cordis
2319 965 2618 1028 cruciatus,
2649 966 2741 1035 qui
2791 965 2951 1020 tinem
3001 982 3113 1020 non
3161 968 3434 1032 haberet),
3463 983 3586 1022 eam

2004 1054 2226 1123 quidem
2278 1054 2574 1123 relinquit;
2630 1055 2878 1124 protinus
2931 1071 3063 1110 vero
3117 1057 3270 1110 venit
3326 1057 3393 1110 ad
3463 1073 3591 1110 san-

2005 1155 2175 1211 ctum,
2211 1155 2266 1200 et
2297 1147 2480 1200 omnia
2515 1147 2793 1216 sigillatim
2827 1148 3024 1217 aperit,
3060 1148 3584 1217 peregrinationem,
3637 1133 3645 1152 ’

2008 1247 2243 1307 tempus,
2293 1239 2641 1304 adulterium,
2699 1250 2756 1296 et
2808 1243 2955 1295 omni
3017 1243 3341 1309 exceptione
3399 1243 3582 1312 majus

2008 1331 2149 1384 uteri
2180 1331 2300 1399 ejus
2337 1331 2736 1386 testimonium.
2781 1331 2986 1385 Deinde
3035 1333 3166 1399 quid
3202 1341 3411 1401 ageret,
3445 1347 3588 1400 quo-

2007 1421 2170 1473 modo
2204 1421 2392 1484 ferret,
2432 1421 2564 1490 quid
2602 1421 2669 1475 de
2705 1421 2809 1476 hac
2855 1437 2914 1475 re
2963 1421 3197 1476 sentiret
3243 1422 3588 1484 sciscitatur;

2007 1521 2062 1565 et
2090 1511 2224 1565 dicit
2257 1527 2314 1566 se
2346 1513 2483 1567 velle
2514 1513 2736 1583 quidem
2788 1513 3069 1568 dimittere
3103 1528 3354 1578 uxorem,
3388 1528 3592 1582 cupere

2007 1612 2189 1657 autem
2223 1605 2388 1669 scire,
2423 1621 2492 1660 an
2545 1605 2652 1660 hoc
2698 1622 2921 1676 quoque
2965 1607 3014 1660 ei
3067 1606 3140 1660 ita
3192 1606 3462 1660 videatur.
3499 1606 3592 1660 Ille

2008 1711 2139 1751 vero
2167 1696 2314 1751 illius
2340 1697 2562 1766 quidem
2595 1708 2832 1752 mentem
2854 1698 3195 1761 admiratur;
3220 1697 3471 1766 deplorat
3495 1713 3594 1750 au.

325 1789 426 1843 καὶ
453 1789 515 1842 ού
558 1788 888 1842 πυνθάνεται
949 1790 1071 1859 μέν,
1123 1788 1476 1858 παρέλκουσα
1513 1789 1620 1859 γὰρ
1650 1790 1681 1858 ἡ
1707 1787 1903 1850 πεῦσις

2008 1795 2116 1842 tem
2151 1797 2207 1842 et
2253 1788 2550 1843 miseratur
2597 1789 3007 1855 calamitatem;
3039 1791 3274 1844 accersit
3308 1804 3437 1843 vero
3472 1804 3594 1842 mu-

328 1883 424 1935 καὶ
453 1881 708 1951 περιττὴ,
734 1881 861 1933 ἐπεὶ
882 1881 964 1943 τίς
1008 1881 1073 1934 ἂν
1123 1881 1217 1934 καὶ
1253 1881 1566 1951 πιστότερον
1589 1879 1904 1950 ἀπήγγελλε

325 1975 430 2043 τῆς
459 1974 721 2041 γαστρός;
751 1972 822 2035 ώς
849 1973 1010 2042 δήλου
1041 1971 1098 2024 δὲ
1127 1971 1221 2024 τοῦ
1282 1973 1605 2041 πράγματος
1633 1972 1804 2035 ὄντος,
1839 1969 1905 2023 Τί

324 2068 392 2136 δή
427 2083 582 2126 ποτε,
609 2066 780 2132 λέγει,
805 2063 1079 2120 παθοῦσα.
1107 2066 1308 2134 ἑαυτήν
1335 2081 1394 2117 τε
1429 2062 1601 2125 οὕτως
1624 2062 1903 2132 αἰσχύνειε

325 2161 423 2212 καὶ
469 2159 558 2211 τδν
607 2158 797 2226 ἄνδρα.
842 2159 906 2209 'II
939 2158 1017 2222 δὲ,
1052 2158 1244 2225 ἰταμὸν
1275 2156 1476 2228 γὰρτῷ
1493 2157 1604 2208 ὄντι
1631 2157 1768 2226 γυνὴ
1811 2157 1906 2208 καὶ

324 2250 601 2320 προπετὲς
625 2249 716 2302 καὶ
757 2248 1131 2318 ἀναίσχυντον,
1163 2249 1333 2300 ἐπειδ’
1365 2251 1429 2300 ἂν
1453 2247 1602 2312 ἅπαξ
1632 2248 1904 2317 ἀπόθηται

328 2343 433 2410 τὴν
469 2343 628 2405 αἰδῶ,
661 2340 954 2408 ψεύδεσθαι
983 2341 1280 2412 διαρῤήδην
1295 2339 1548 2410 οὐδαμῶς
1574 2340 1772 2409 ᾐδεῖτο,
1811 2342 1906 2391 καὶ

329 2433 524 2503 μηδενὶ
547 2433 693 2504 ἄλλῳ
725 2431 1026 2502 πλησιάσαι
1075 2431 1324 2501 φανερῶς
1363 2431 1675 2486 διετείνετο.
1705 2431 1810 2484 Τοῦ
1849 2430 1906 2483 δὲ

329 2524 488 2592 ἁγίου
540 2526 632 2577 τὸν
683 2524 782 2591 τῆς
829 2523 1143 2593 ἀποδημίας
1196 2524 1388 2592 χρόνον
1441 2525 1786 2590 ἐπειπόντος,
1829 2523 1906 2586 ὡς

327 2617 509 2687 ταύτῃ
572 2613 667 2668 τοῦ
721 2615 950 2684 ψεύδους
1009 2613 1329 2684 ἐλέγχεσθαι
1357 2615 1684 2683 δυναμένου,
1715 2617 1902 2685 ἐκείνη

328 2708 455 2761 οὐδὲ
496 2706 672 2771 οὓτως
722 2707 868 2774 ύνρίει
929 2705 1027 2775 τῆς
1053 2707 1354 2767 ἀναιδείας,
1403 2706 1518 2759 ἀλλ’
1551 2707 1802 2776 ἐθορύϐει
1843 2709 1904 2762 τὸ

330 2798 614 2869 κάθαρμα,
644 2799 742 2853 καὶ
771 2798 1074 2866 ἀντιλέγειν
1107 2798 1142 2868 ὴ
1170 2797 1478 2867 πάντολμος
1510 2799 1795 2868 ἐπειρᾶτο,
1828 2800 1905 2864 ὡς

329 2895 458 2956 τοὺς
489 2893 810 2958 ἀκούοντας,
869 2894 970 2964 τῆς
1007 2892 1309 2960 ἀπολογίας
1375 2892 1512 2964 αὐτῇ
1553 2893 1906 2963 χαλεπαίνειν

335 2988 536 3056 μᾶλλον
569 2987 599 3054 ἢ
631 2988 728 3058 τῆς
764 2987 1034 3058 μοιχείας.
1063 2987 1178 3056 Ἐφ’
1199 2988 1322 3040 ὅσον
1357 2987 1488 3056 γὰρ,
1525 2987 1785 3055 ἔφασκεν,
1815 2986 1906 3040 ἐπὶ

2004 1878 2216 1943 lierem,
2245 1887 2299 1933 ct
2331 1895 2440 1934 non
2468 1879 2768 1950 interrogat
2802 1880 3051 1950 quidem,
3103 1895 3232 1932 uu;n
3288 1880 3338 1932 id
3373 1879 3594 1935 fecisset

2007 1974 2175 2037 (esset
2203 1973 2348 2026 enim
2382 1987 2791 2041 supervacanea
2843 1974 3242 2044 interrogatio;
3280 1974 3405 2042 quis
3439 1974 3589 2028 enim

2007 2064 2059 2117 id
2093 2064 2290 2118 melius
2327 2064 2626 2126 renuntiet,
2664 2079 2826 2132 quam
2862 2073 3076 2130 uterus,
3107 2081 3232 2118 cum
3265 2065 3333 2118 sit
3359 2081 3448 2119 res
3478 2082 3594 2119 ma-

2006 2157 2227 2218 nifesta)
2257 2176 2270 2212 :
2309 2157 2404 2212 sed
2434 2174 2533 2212 cur
2562 2158 2642 2211 sie
2676 2157 2849 2212 virum
2883 2157 3159 2213 aﬂ‘ccissct
3193 2158 3398 2226 probro
3426 2167 3479 2212 et
3501 2158 3595 2211 dc-

2005 2249 2242 2306 decore?
2275 2249 2369 2306 llla
2399 2258 2581 2303 autem
2620 2250 2726 2315 (est
2759 2250 2905 2303 enim
2936 2250 3136 2304 mulier
3172 2264 3260 2302 res
3302 2249 3592 2319 impudens

2007 2349 2058 2395 et
2099 2339 2411 2408 temeraria)
2446 2354 2569 2394 cum
2600 2340 2866 2408 pudorem
2891 2341 3058 2395 semel
3085 2341 3351 2406 exuisset,
3383 2356 3595 2410 nequa-

2007 2446 2170 2501 quam
2227 2430 2449 2484 mentiri
2489 2439 2676 2500 aperte
2725 2430 3112 2497 erubescebat,
3153 2442 3211 2486 et
3271 2441 3594 2486 constanter

2008 2523 2335 2587 alﬁrmabat,
2397 2538 2456 2578 se
2503 2540 2626 2578 cum
2678 2524 2833 2578 nullo
2867 2524 2978 2579 alio
3033 2540 3148 2578 rem
3182 2524 3463 2579 habuisse.
3497 2525 3594 2579 illo

2007 2630 2142 2670 vero
2175 2623 2370 2669 contra
2399 2624 2616 2686 tempus
2637 2616 2903 2671 aﬂ‘ercnte
2925 2616 3209 2678 absentiae,
3234 2626 3424 2684 utpote
3445 2615 3593 2686 quod

2007 2722 2106 2777 per
2134 2722 2252 2759 eam
2282 2717 2464 2776 posset
2495 2708 2646 2777 argui
2671 2706 3042 2770 mendacium,
3069 2721 3135 2762 ea
3167 2722 3237 2761 ne
3266 2707 3347 2760 sic
3367 2706 3592 2775 quidem

2006 2796 2308 2868 quidquam
2345 2797 2555 2851 remisit
2587 2797 2654 2852 de
2704 2796 3044 2866 impudentia
3074 2813 3089 2850 :
3125 2797 3223 2850 sed
3282 2799 3590 2850 tumultua-

2007 2889 2170 2944 batur
2195 2888 2556 2954 exsecranda,
2602 2897 2655 2942 et
2701 2888 3084 2944 contradicere
3121 2889 3433 2942 conabatur
3467 2903 3592 2940 mu-

2007 2982 2111 3036 lier
2167 2981 2557 3042 audacissima.
2616 2980 2753 3035 adeo
2814 2988 2874 3033 ut
2924 2981 3018 3049 qui
3090 2979 3410 3040 audiebant.
3471 2979 3594 3046 ejus

335 3077 491 3146 ξένης
511 3073 579 3147 ἦν
614 3082 641 3130 ὀ
669 3079 830 3147 ἀνὴρ,
862 3079 953 3129 ἐπὶ
980 3075 1232 3130 τοσοῦτον
1261 3073 1330 3148 ἦν
1375 3095 1464 3146 μοι
1491 3077 1584 3130 καὶ
1619 3076 1679 3129 τὸ
1709 3075 1905 3146 βρέφος

2010 3071 2420 3142 τεεροιιείὸιιειη
2475 3073 2676 3142 aegrius
2727 3070 2936 3125 ferrent
3009 3087 3172 3141 quam
3232 3069 3591 3125 adulterium.

333 3173 393 3224 ἐν
415 3173 482 3242 τῇ
509 3171 730 3241 γαστρὶ,
765 3173 833 3224 ἵν’
860 3171 994 3241 ὁμοῦ
1019 3189 1077 3223 τε
1114 3173 1322 3233 ἐκεῖνος
1352 3171 1451 3238 τῆς
1496 3169 1784 3240 ἀλλοτρίας
1815 3172 1910 3223 καὶ

331 3265 490 3318 τοῦτο
519 3266 621 3333 τῆς
663 3266 803 3334 ἐμῆς
825 3263 1079 3334 προέλθοι
1109 3264 1370 3332 γαστρός.
1413 3263 1504 3326 Ὠς
1530 3261 1622 3316 οὖν
1649 3262 1820 3316 ταῦτά
1848 3279 1908 3314 τε

333 3358 428 3410 καὶ
455 3355 680 3426 μείζονα
715 3355 920 3410 τούτων
978 3356 1112 3425 πρὸς
1150 3357 1247 3409 τὸν
1289 3356 1466 3422 μέγαν
1536 3355 1910 3425 ἀπηναισχύν-

330 3468 434 3515 τει,
461 3450 526 3503 ού
559 3450 666 3520 μὴν
691 3449 829 3502 ἀλλά
856 3449 950 3502 καὶ
970 3451 1210 3520 τάραχον
1241 3443 1354 3502 οἷον
1391 3448 1622 3502 κινοῦσα
1655 3450 1748 3502 καὶ
1780 3449 1910 3519 βοῆς

332 3543 670 3614 ἐμπιπλῶσα
709 3543 810 3614 τὴν
867 3541 1045 3606 πόλιν,
1086 3542 1179 3594 καὶ
1235 3540 1310 3606 ώς
1353 3542 1419 3595 ἂν
1473 3542 1808 3612 ἀδικουμένη
1841 3541 1911 3596 τὰ

333 3636 722 3706 χαλεπώτατα,
756 3635 885 3698 τοὺς
939 3637 1214 3706 παρόντας
1266 3634 1402 3706 πρὸς
1442 3635 1656 3704 ἄμυναν
1705 3651 1911 3704 συγκα·

333 3729 522 3792 ἰοῦσα,
550 3729 578 3780 ὁ
604 3727 914 3798 πραότατος
945 3728 1175 3792 ἐκεῖνος,
1200 3727 1325 3781 οὐδὲ
1375 3727 1550 3792 οὕτως
1586 3726 1910 3780 ὑποσαλλων

332 3821 502 3893 αὐτὴν
534 3824 600 3892 τῇ
671 3822 822 3892 δίκῃ,
860 3820 938 3891 τῷ
973 3822 1122 3892 φόϐῳ
1173 3821 1230 3874 δέ
1257 3822 1462 3890 ταύτης
1511 3820 1715 3890 μᾶλλον
1773 3821 1912 3890 πρδς

337 3914 630 3982 μετάνοιαν
657 3911 1072 3983 ἐπισπώμενος,
1128 3913 1191 3965 Ei
1244 3904 1435 3982 μὲν,ὣ
1479 3912 1666 3980 γύναι,
1720 3911 1909 3980 φησὶν,

334 4006 525 4078 ὥσπερ
550 4007 631 4069 είς
687 4006 936 4076 μεγάλην
985 4004 1284 4070 ἐξώκειλας
1312 4003 1612 4074 ἁμαρτίαν,
1644 4002 1791 4056 οὕτω
1845 4003 1908 4072 δὴ

334 4100 428 4152 καὶ
460 4099 706 4169 μεγάλην
737 4098 1030 4170 εἰσήγαγες
1061 4097 1158 4167 τὴν
1195 4098 1506 4166 μετάνοιαν,
1539 4093 1682 4164 τάχα
1727 4095 1792 4146 ἂν
1818 4093 1912 4147 καὶ

334 4192 504 4262 πολλή
550 4208 632 4244 σοι
684 4190 1065 4262 περιελείπετο
1093 4189 1367 4259 σωτηρίας
1410 4187 1586 4247 ἐλπίς.
1640 4186 1774 4240 Οὐδὲ
1812 4187 1910 4254 μία

335 4284 443 4354 γὰρ
490 4281 667 4342 οὕτως
701 4281 978 4352 ἁμαρτίας
1048 4281 1221 4350 ἰσχὺς,
1279 4278 1354 4340 ώς
1420 4276 1494 4347 μὴ
1524 4277 1620 4346 τῆς
1647 4273 1742 4327 τοῦ
1773 4271 1908 4326 Θεοῦ

333 4373 601 4443 ἡττᾶσθαι
654 4370 1094 4442 φιλανθρωπίας.
1147 4370 1300 4423 Ἐπεὶ
1353 4368 1409 4420 δὲ
1441 4369 1508 4438 τῇ
1565 4372 1780 4438 μοιχείᾳ
1811 4365 1909 4435 μὲν

2008 3163 2276 3229 Quamdiu
2310 3163 2482 3227 enim,
2517 3163 2720 3222 aiebat.
2760 3162 2866 3217 fuit
2897 3164 3126 3216 maritus
3155 3177 3330 3225 meus,
3383 3160 3592 3215 tamdiu

2009 3256 2114 3312 fuit
2140 3256 2274 3310 mihi
2308 3255 2488 3311 infans
2516 3257 2568 3310 in
2597 3267 2779 3318 utero.
2814 3265 2874 3309 ut
2903 3255 3064 3310 simul
3095 3265 3152 3310 et
3173 3255 3264 3310 ille
3296 3270 3361 3307 ex
3392 3254 3590 3318 aliena,

2007 3360 2063 3407 et
2100 3351 2190 3406 hic
2223 3366 2290 3406 ex
2324 3367 2446 3407 meo
2478 3363 2634 3406 utero
2671 3351 2942 3420 prodiret.
2973 3349 3110 3406 Cum
3140 3350 3259 3403 haec
3283 3358 3339 3404 et
3365 3349 3452 3402 his
3475 3364 3593 3400 ma-

2003 3443 2126 3513 jora
2179 3458 2375 3513 magno
2426 3443 2780 3512 impudenter
2829 3441 3040 3497 diceret
3104 3440 3406 3511 Spiridoni,
3458 3441 3591 3507 quin

2008 3536 2173 3591 etiam
2225 3535 2521 3590 tumultum
2574 3535 2864 3601 excitaret,
2911 3543 2967 3590 et
3012 3533 3406 3588 vociferatione
3437 3546 3592 3585 eom-

2009 3627 2185 3698 pleret
2213 3627 2518 3690 civitatem,
2550 3633 2606 3681 et
2643 3635 2901 3696 tanquam
2928 3625 3252 3695 gravissima
3282 3624 3478 3678 atl'ecta
3505 3623 3592 3676 in-

2002 3718 2173 3790 juria,
2201 3733 2296 3772 eos
2325 3717 2419 3786 qui
2448 3717 2698 3780 aderant,
2733 3727 2958 3771 vocaret
2988 3716 3055 3769 ad
3091 3730 3249 3786 opem
3281 3713 3589 3777 ferendam,

2010 3811 2099 3865 vir
2157 3809 2247 3865 ille
2308 3809 2634 3863 mitissimus
2683 3825 2752 3863 ne
2803 3809 2884 3862 sic
2935 3807 3160 3877 quidem
3209 3822 3329 3861 eam
3383 3804 3594 3874 judicio

2009 3899 2327 3969 Subjiciens,
2355 3899 2451 3954 sed
2479 3914 2600 3951 eam
2635 3908 2777 3950 netu
2815 3899 2996 3963 potius
3024 3895 3305 3948 attrahcns
3323 3893 3388 3946 ad
3419 3893 3596 3961 ιιωηὶ-

2011 3991 2238 4045 tentiam
2265 4008 2276 4042 :
2315 3989 2370 4042 Si
2405 3987 2653 4057 quidem,
2683 4004 2715 4041 o
2739 3987 2958 4048 mulier,
2988 3986 3186 4054 inquit,
3218 3985 3364 4038 sicut
3395 3984 3449 4036 in
3477 3999 3592 4037 uta-

2009 4097 2176 4153 gnum
2213 4083 2464 4151 prolapsa
2496 4095 2556 4132 es
2579 4087 2890 4148 peccatum,
2924 4077 2997 4130 ita
3029 4075 3195 4130 etiam
3228 4089 3476 4142 magnam
3507 4074 3594 4128 in-

2010 4173 2262 4230 duxisses
2319 4171 2726 4242 pmnitentiam,
2780 4169 3013 4222 fortasse
3056 4167 3219 4221 etiam
3263 4166 3360 4220 tibi
3399 4181 3594 4235 magna

2010 4267 2418 4334 relinqueretur
2445 4278 2570 4332 spes
2592 4261 2809 4316 salutis.
2843 4260 3001 4314 Nulla
3038 4267 3124 4313 est
3155 4259 3300 4313 enim
3340 4266 3486 4312 tanta
3513 4259 3596 4312 vis

2011 4352 2242 4424 peccati,
2272 4367 2393 4421 qua:
2423 4365 2532 4404 non
2565 4365 2593 4404 a
2629 4349 2723 4404 Dei
2770 4357 3062 4419 superetur
3094 4347 3409 4401 clementia.
3441 4350 3591 4412 Quo-

332 4440 430 4538 τὴν
445 4467 780 4536 ἀπόγνωσιν,
797 4440 870 4536 τῇ-
888 4463 1196 4533 ἀπογνώσει
1220 4462 1276 4516 δὲ
1304 4461 1510 4533 καὶτὴν
1523 4460 1906 4530 ἀναισχυντίαν

2015 4447 2160 4500 niam
2194 4452 2374 4498 autem
2401 4442 2674 4497 adulterio
2707 4441 2928 4511 quidem
2974 4441 3442 4510 desperationem,
3491 4440 3590 4495 de-

334 4559 628 4628 ώδίνησας,
671 4557 880 4610 δίκαιον
922 4555 1020 4626 μὲν
1070 4551 1139 4626 ἦν
1171 4555 1241 4608 τὰ
1271 4554 1526 4625 ἐπίχειρα
1555 4552 1762 4606 τούτων
1785 4555 1908 4604 ἐπι-

336 4652 538 4720 γνῶναί
587 4667 670 4716 σε,
701 4650 794 4702 καὶ
821 4649 1000 4714 ὀξεῖαν
1029 4649 1329 4718 ὑποστῆναι
1354 4647 1452 4716 τὴν
1487 4644 1730 4698 κόλασιν.
1762 4643 1908 4712 Πλὴν

332 4743 470 4796 ἀλλὰ
490 4745 585 4796 καὶ
606 4741 689 4794 ἐτι
712 4740 896 4812 χώραν
918 4740 1292 4813 προτείνοντες
1312 4737 1616 4808 μετανοίας,
1651 4735 1909 4806 καθαρῶς

331 4832 505 4887 ταῦτα
536 4830 1012 4902 προαγορεύομεν,
1047 4831 1121 4894 ib;
1151 4831 1252 4884 οὐκ
1286 4829 1352 4883 ἂν
1399 4831 1479 4893 είς
1502 4829 1618 4900 φῶς
1651 4845 1734 4881 σοι
1763 4827 1913 4880 τουτῖ⁵

331 4926 392 4979 τὸ
409 4923 858 4995 κυοφορούμενον
880 4922 1090 4989 ἐξέλθοι
1121 4923 1275 4988 ποτὶ,
1301 4921 1406 4984 iw;
1437 4922 1503 4975 ἂν
1528 4920 1603 4992 μὴ
1639 4919 1736 4973 καὶ
1771 4919 1911 4990 αὐτῇ

330 5019 393 5070 τὸ
415 5019 517 5088 τῆς
551 5017 814 5086 ἀληθείας
867 5017 1070 5085 φέγγος
1097 5017 1204 5071 ὑπὸ
1239 5014 1396 5084 βαθεῖ
1433 5013 1618 5066 σκότει
1645 5012 1739 5066 τοῦ
1770 5011 1909 5082 ψεύ-

331 5110 455 5174 δους
473 5109 699 5183 ἀπόσχῃ
754 5109 1074 5172 καλύπτειν,
1135 5107 1402 5177 κρύπτειν
1426 5105 1674 5176 οἰομένῃ.
1707 5104 1804 5158 καὶ
1840 5102 1908 5156 τὰ

332 5205 577 5274 τυφλοῖς,
624 5205 654 5257 ὃ
714 5219 869 5274 φασι,
913 5201 1300 5274 καθορώμενα.
1341 5201 1420 5254 Τὰ
1450 5200 1680 5270 ῥήματα
1732 5195 1909 5251 ταῦτα

331 5301 644 5370 πράγματα
701 5296 771 5350 δι’
816 5295 1002 5366 ὀλίγου
1057 5296 1124 5366 τῇ
1153 5293 1376 5364 γυναικὶ
1401 5291 1638 5360 γίνεται.
1678 5291 1774 5344 καὶ
1800 5291 1908 5361 πρὸ

329 5393 427 5460 τῆς
444 5393 596 5463 ὧρας
622 5390 714 5444 τοῦ
743 5390 964 5444 τοκετοῦ
987 5389 1172 5452 ὠδῖνες
1202 5385 1370 5457 αὐτὴν
1426 5386 1673 5456 δριμεῖαι
1719 5383 1910 5437 διαλα-

331 5484 558 5552 ϐοῦσαι,
619 5484 788 5550 ὀξέως
852 5484 955 5550 μὲν
1009 5482 1274 5551 ἔστρεφον
1315 5479 1414 5550 τὴν
1465 5477 1728 5548 γαστέρα,
1759 5476 1822 5528 τὸ
1851 5475 1908 5529 δὲ

331 5577 574 5648 ἐμὸρυον
638 5575 793 5628 οὐδὲν
851 5570 1012 5648 ἦττον
1060 5574 1231 5645 ἔνδον,
1257 5573 1500 5640 ἐπεῖχον,
1529 5571 1626 5625 καὶ
1666 5569 1694 5624 ὃ
1721 5569 1906 5623 κακῶν

407 5757 448 5787 ³⁸
482 5757 648 5812 Prov.
681 5769 753 5822 τι,
786 5755 868 5808 ιιι.

2015 4537 2325 4609 speratione
2356 4551 2485 4592 vero
2510 4534 2903 4605 impudentiam
2939 4534 3105 4589 etiam
3133 4532 3462 4604 parturiisti,
3488 4534 3578 4602 jn-

2014 4642 2160 4686 stum
2195 4630 2418 4700 quidem
2461 4641 2599 4695 erat,
2634 4638 2691 4682 ut
2724 4639 2779 4684 tu
2823 4629 3022 4682 horum
3056 4631 3279 4698 prmmia
3326 4642 3594 4698 agnosce.

2017 4742 2126 4792 res,
2150 4735 2207 4780 et
2249 4725 2404 4779 velox
2461 4724 2677 4779 subires
2723 4723 3076 4793 supplicium.
3108 4721 3597 4777 Verumenimvcro

2016 4819 2197 4874 adhuc
2227 4818 2323 4873 tibi
2357 4819 2663 4888 pmbentes
2689 4817 2871 4872 locum
2921 4815 3283 4885 paenitentia,
3315 4813 3418 4866 hoc
3451 4813 3597 4866 dilu-

2015 4915 2138 4970 cide
2170 4913 2538 4983 prtedicimus,
2576 4912 2722 4966 hunc
2756 4911 2930 4965 fetum
2960 4924 3068 4962 non
3104 4923 3225 4962 esse
3255 4905 3352 4960 tibi
3399 4905 3451 4957 in
3503 4904 3559 4956 lu
3581 4931 3594 4945 ο

2015 5021 2135 5062 cem
2164 5005 2462 5068 exiturum,
2493 5005 2668 5057 donec
2696 5003 2810 5072 ipsa
2843 5002 3022 5055 lucem
3054 4997 3302 5052 veritatis
3331 4995 3435 5050 sub
3467 5010 3597 5063 pro-

2014 5099 2202 5155 fundis
2238 5098 2507 5152 mendacii
2562 5096 2804 5151 tenebris
2833 5094 3012 5148 celare
3059 5090 3357 5153 destiteris,
3392 5103 3453 5141 ea
3495 5102 3595 5139 vo-

2014 5194 2136 5249 lens
2186 5201 2386 5261 tegere,
2419 5206 2540 5260 quze
2594 5189 2678 5244 vel
2726 5187 2796 5242 ab
2846 5186 2980 5255 ipsis
3015 5184 3176 5239 caacis
3222 5182 3497 5245 videntur,
3535 5187 3599 5232 ut

2012 5288 2188 5342 aiunt.
2236 5283 2361 5338 Haec
2408 5281 2573 5339 verba
2606 5281 2673 5336 ad
2723 5295 2836 5335 rem
2887 5277 3052 5348 paulo
3099 5283 3224 5345 post
3273 5274 3596 5343 rediguntur

2014 5377 2256 5442 mulieri,
2289 5387 2343 5432 et
2385 5384 2512 5430 ante
2548 5383 2762 5442 tempus
2798 5383 2987 5440 partus
3041 5383 3238 5440 graves
3279 5381 3399 5422 eam
3435 5365 3592 5419 inn-

2012 5470 2208 5527 dentes
2231 5469 2469 5530 dolores,
2501 5466 2704 5522 acriter
2736 5463 2960 5535 quidem
2986 5460 3316 5530 torquebant
3346 5467 3592 5521 uti-rum,

2013 5564 2184 5620 t‘ctum
2212 5570 2396 5618 autem
2420 5559 2595 5616 nihilo
2617 5558 2798 5616 secius
2825 5555 2978 5612 intus
2995 5552 3342 5620 retinebant;
3371 5560 3424 5606 et
3445 5547 3596 5619 quod
