4102 6376
533 265 642 330 455

1774 265 2060 325 MENSIS
2096 267 2344 328 DECEM
2357 267 2503 328 BER
2518 315 2532 330 .

3693 272 3798 337 4:35

523 390 608 434 est
646 379 910 434 malorum
943 378 1191 434 omnium
1248 386 1576 444 extremum,
1611 393 1736 436 cum
1765 394 1834 433 ne
1867 379 1946 434 sic
1990 381 2101 449 qui

2218 381 2444 451 ἔσχατον
2477 385 2555 436 ὅτι
2588 384 2725 455 μηδὲ
2753 383 2894 438 οὕτω
2921 383 3254 455 πειθομένην
3276 384 3495 452 ὑφεῖναι
3527 387 3625 454 τῆς
3661 389 3798 441 ἀποο

523 472 647 527 dem
677 472 979 541 quidquam
1013 472 1080 525 de
1114 487 1212 524 sua
1252 472 1562 526 remitteret
1608 472 1943 542 pervicacia,
1979 489 2101 526 eam

527 561 904 614 transmittunt
933 560 1000 613 ad
1033 570 1263 615 mortem
1292 562 1527 617 maxime
1555 565 1955 618 miserabilem.
1975 565 2106 632 Ejus

524 651 852 706 calamitatis
906 653 1047 706 alius
1114 655 1340 723 quidem
1397 658 1776 723 misereretur,
1826 673 1927 726 ego
1975 672 2106 712 vero

521 743 679 796 mala:
711 743 934 808 mentis,
964 754 1020 798 et
1050 747 1136 799 cui
1171 763 1278 801 non
1322 749 1500 817 potuit
1531 749 1702 804 ullum
1735 750 1988 806 adhiberi
2021 767 2107 806 rc-

523 833 785 888 rnedium.
818 835 1183 900 Quamobrem
1217 839 1404 893 dicunt
1445 852 1695 897 sanctum
1726 857 1982 912 magnum
2007 843 2106 897 do-

521 927 637 983 lore
671 930 972 1000 accepisse,
1023 940 1078 985 et
1125 932 1392 1003 laerymas
1442 936 1696 990 emisisse
1729 952 1795 990 ex
1824 937 2020 1000 oculis,
2050 947 2107 992 et

521 1019 828 1090 adjecisse:
869 1021 990 1076 Non
1045 1025 1282 1092 amplius
1332 1025 1592 1094 judicabo
1639 1027 1785 1081 inter
1831 1027 2102 1092 homines,

524 1122 785 1168 cumtam
823 1114 934 1168 cito
979 1129 1075 1168 eos
1111 1117 1335 1170 invadat
1387 1118 1600 1187 prolata
1635 1119 1935 1173 sententia.
1983 1120 2107 1176 Haac

521 1219 644 1272 qua:
671 1205 784 1259 visa
813 1215 867 1259 et
897 1206 1082 1259 audita
1117 1206 1354 1272 fuerant,
1385 1208 1692 1263 etfecerunt
1720 1219 1779 1263 ut
1810 1219 1958 1265 esset
1995 1227 2110 1265 ma-

523 1311 627 1365 gna
667 1295 722 1349 in
774 1307 1022 1351 sanctum
1059 1300 1404 1354 reverentia;
1455 1309 1510 1354 et
1539 1301 1663 1355 ideo
1715 1302 1804 1369 pic
1849 1314 1906 1357 et
1945 1313 2106 1358 caule

527 1401 652 1440 eum
690 1391 1066 1455 attendebaut,
1099 1401 1154 1444 et
1203 1407 1328 1444 cum
1366 1393 1560 1447 timore
1608 1394 1672 1448 ad
1717 1410 1844 1448 eum
1879 1397 2109 1463 aspicie-

455 1497 462 1503 ’
528 1479 680 1546 bant,
706 1483 846 1536 sicut
873 1485 1037 1537 etiam
1066 1485 1194 1538 olim
1221 1485 1286 1539 ad
1316 1487 1616 1556 apostolos,
1641 1489 1734 1556 qui
1765 1489 1817 1541 in
1841 1490 2106 1544 Ananiam

520 1583 577 1628 et
610 1574 896 1643 Saphiram
931 1578 1096 1630 modo
1122 1577 1369 1632 fecerant
1405 1579 1730 1634 miraculum
1760 1581 1823 1632 ιι.

2215 473 2382 537 νοὶας,
2413 475 2632 546 ἐλεεινῷ
2668 476 2884 547 θανάτῳ
2915 480 3363 546 παραπέμπουσι
3399 481 3493 530 καὶ
3515 479 3797 552 οἰκτίστῳ.

2214 565 2432 636 Ταύτην
2467 567 2628 630 ἄλλος
2679 568 2778 638 μὲν
2805 570 2870 622 ἄν
2900 585 2986 631 τις
3043 568 3143 635 τῆς
3169 573 3455 641 συμφορᾶς
3483 570 3752 645 ᾤκτειρεν
3781 590 3796 607 ·

2215 656 2396 722 ὲγὼδὲ
2427 662 2525 728 τῆς
2543 659 2770 729 γνώμης
2822 660 2924 730 τῆς
2971 663 3216 732 πονηρᾶς
3247 663 3343 716 καὶ
3388 663 3796 732 ἁθεραπεύτου,

2219 753 2304 816 ἐφ’
2332 745 2374 818 ᾧ
2410 753 2507 805 καὶ
2554 754 2646 806 τὸν
2678 753 2859 822 ἄτιον,
2881 755 3039 822 φασὶ,
3079 757 3283 824 μᾶλλον
3315 759 3796 829 περιπαθήσαντα,

2213 841 2448 912 δάκρυόν
2477 860 2536 894 τε
2583 845 2800 912 ἀφεῖναι
2831 845 2938 898 τῶν
2973 845 3272 917 ὀφθαλμῶν
3329 852 3422 901 καὶ
3473 851 3798 918 προσθέντα,

2215 935 2330 987 υὺκ
2359 935 2440 987 ἔτι
2469 935 2563 988 τοῦ
2588 935 2800 1002 λοιποῦ,
2852 939 3035 1004 φάναι,
3088 939 3297 993 δικάσω
3328 943 3434 994 τινὶ
3463 943 3789 1013 ἀνθρώπων,

2214 1024 2388 1088 οὕτως
2438 1026 2606 1090 ὀξέως
2661 1027 3290 1098 ἐπικαταλαμϐανούσης
3316 1033 3417 1099 τῆς
3451 1035 3796 1103 ἀποφάσεως.

2217 1116 2404 1172 Ταῦτα
2426 1118 2572 1182 ὅσοις
2611 1119 2786 1187 ὀρατὰ
2811 1136 2869 1172 τε
2913 1121 3006 1173 καὶ
3058 1121 3302 1174 ἀκουστὰ
3341 1123 3561 1191 γέγονε,
3598 1127 3800 1196 πολλὴν

2215 1210 2400 1272 αὑτοῖς
2428 1211 2592 1279 ἐνῆκε
2643 1212 2742 1281 τὴν
2800 1211 2937 1281 πρὸς
2989 1215 3082 1265 τὸν
3145 1214 3321 1283 μέγαν
3379 1216 3536 1282 αἰδῶ,
3599 1222 3690 1272 καί
3714 1221 3800 1274 διὰ

2214 1301 2372 1354 τοῦτο
2398 1302 2645 1364 εὐλαϐῶς
2671 1320 2730 1355 τε
2768 1307 3056 1374 προσεῖχον
3099 1305 3272 1376 αὐτῷ,
3300 1309 3393 1361 καὶ
3425 1309 3574 1379 φόϐῳ
3624 1327 3797 1381 προσε

2215 1393 2467 1458 ἔϐλεπον,
2513 1394 2658 1447 καθὰ
2716 1398 2813 1447 καὶ
2867 1397 3034 1450 πάλαι
3094 1401 3206 1460 τοῖς
3256 1400 3606 1468 ἀποστόλοις,
3670 1404 3798 1473 ἄρτι

2214 1502 2273 1537 τε
2323 1485 2864 1558 θαυματουργηκόσι,
2919 1491 2988 1543 τὰ
3051 1491 3180 1561 περὶ
3221 1491 3478 1547 Ἀνανίαν
3525 1497 3800 1550 7.03231:-

2217 1580 2434 1649 φεῖραν.

595 1665 808 1718 ΧΧΧΙΙ.
852 1665 958 1721 Sed
1001 1668 1118 1722 lucc
1171 1669 1395 1738 quidem
1439 1681 1524 1724 est
1563 1674 1808 1728 narratio
1844 1674 2101 1745 improba:

2286 1669 2410 1725 AB’.
2460 1672 2620 1727 Ἀλλὰ
2647 1672 2807 1728 τοῦτο
2839 1674 2938 1744 μὲν
2968 1680 3215 1748 πονηρᾶς
3245 1679 3338 1734 καὶ
3372 1681 3583 1752 φαύλης
3610 1699 3800 1752 γυναι·

527 1760 850 1813 etscelcsta:
905 1759 1176 1815 mulieris.
1240 1761 1547 1832 Adjiciatur
1609 1776 1794 1820 autem
1864 1769 2107 1823 narratio

522 1867 742 1919 quoque
791 1853 859 1906 de
909 1869 970 1908 ea
1007 1871 1128 1924 quae
1173 1865 1323 1910 recte
1372 1867 1426 1911 et
1463 1866 1521 1911 ut
1565 1868 1835 1928 upon-teat,
1896 1863 2109 1917 amabat

526 1949 804 2001 maritum.
845 1948 1039 2003 Mulier
1086 1951 1334 2020 quasdam
1371 1953 1594 2008 nomine
1623 1954 1954 2024 Sophronia,
1987 1973 2108 2026 qua:

523 2037 774 2092 moribus
799 2051 918 2094 erat
947 2042 1228 2096 moderata
1269 2052 1322 2096 et
1359 2045 1466 2113 pia,
1510 2061 1618 2099 non
1652 2047 1887 2102 habebat
1943 2050 2108 2103 mari-

526 2136 664 2191 tum,
695 2130 787 2198 qui
813 2139 959 2187 esset
986 2133 1234 2203 ejusdem
1261 2136 1418 2206 cujus
1444 2137 1556 2205 ipsa
1583 2139 1638 2192 in
1665 2138 1770 2192 fide
1797 2143 2104 2209 sententia',

525 2218 619 2270 sed
657 2219 746 2272 ille
777 2236 1021 2274 errorem
1064 2227 1286 2278 tenebat
1325 2228 1635 2296 gentilium.
1690 2230 1780 2283 Illa
1813 2245 1944 2283 vero
1995 2248 2104 2287 non

524 2308 923 2366 intermittebat
959 2314 1023 2367 ad
1058 2325 1306 2369 sanctum
1363 2320 1654 2382 ventitare.
1691 2334 1748 2376 et
1786 2337 1908 2377 eum
1942 2325 2106 2380 vehe-

522 2409 739 2453 menter
773 2418 989 2470 rogare,
1026 2413 1087 2458 'ut
1123 2409 1378 2461 maritum
1433 2410 1697 2466 liberaret
1737 2413 1804 2466 ab
1859 2414 2099 2472 insania.
2144 2415 2146 2417 ’

516 2489 626 2543 Sed
662 2508 764 2547 nec
785 2495 902 2564 ejus
927 2499 1160 2553 maritus
1187 2499 1539 2568 prohibebat,
1565 2507 1860 2572 quominus
1891 2508 2105 2563 veniret

521 2585 590 2638 a‘d
629 2597 879 2640 sanctum
904 2607 916 2640 :
946 2590 1144 2656 partim
1171 2592 1415 2660 quidem,
1450 2603 1508 2647 ut
1531 2597 1624 2664 qui
1658 2597 1932 2666 ignoraret
1964 2616 2104 2669 qua-

527 2693 652 2730 nam
717 2678 784 2732 de
819 2695 980 2734 causa
1044 2682 1112 2735 ad
1153 2700 1278 2736 eum
1340 2687 1648 2751 accederet,
1703 2691 1896 2758 partim
1953 2709 2100 2758 vero,

517 2769 662 2838 quod
689 2771 831 2840 apud
864 2788 987 2826 eum
1013 2789 1234 2844 quoque
1260 2790 1486 2834 sanctus
1520 2782 1573 2834 in
1623 2797 1814 2852 magna
1868 2785 2105 2842 habere-

519 2871 609 2915 tur
626 2865 954 2918 reverentia.
979 2866 1112 2920 Nam
1139 2869 1255 2937 ipse
1273 2886 1489 2942 quoque
1513 2874 1578 2928 ad
1604 2874 1755 2928 illum
1778 2879 2100 2945 ventitabat,

517 2964 575 3008 et
608 2971 674 3009 co
701 2965 956 3026 tanquam
990 2961 1168 3014 amico
1203 2963 1479 3026 utebatur,
1519 2975 1575 3020 et
1613 2967 1766 3021 illum
1805 2971 2100 3037 honorare,

2217 1759 2313 1822 κὸς
2341 1760 2402 1812 τὸ
2431 1761 2699 1833 διήγημαο
2733 1764 3044 1834 προκείσθω
3084 1767 3141 1820 δὲ
3201 1770 3290 1821 καὶ
3321 1769 3515 1841 καλῆς.
3546 1771 3683 1844 Γυνή
3715 1790 3797 1837 τις

2215 1850 2458 1920 τοῦνομα
2481 1853 2788 1922 Σωφρονία,
2819 1856 2915 1908 καὶ
2943 1854 3034 1908 τὸν
3085 1859 3289 1928 τρόπον
3322 1859 3379 1913 δὲ
3409 1861 3642 1932 σώφρων
3663 1859 3797 1917 οὖσα

2215 1941 2310 1992 καὶ
2339 1941 2705 2014 εὐσεϐὴς,ούκ
2734 1941 2846 2014 εἶχε
2881 1946 2970 1999 τον
2998 1946 3167 2017 ἄνδρα
3201 1950 3299 2002 καὶ
3323 1954 3447 2020 περὶ
3480 1953 3582 2022 τὴν
3613 1954 3798 2007 πίστιν

2213 2035 2490 2104 ὁμόδοξον,
2518 2036 2657 2089 ἀλλὰ
2706 2038 2920 2108 πλάνης
2962 2037 3030 2110 ἦν
3089 2043 3294 2106 ἐκεῖνος
3336 2045 3436 2113 τῆς
3462 2045 3570 2098 τῶν
3611 2046 3800 2118 Ἑλλή-

2213 2139 2321 2176 νων
2353 2126 2850 2194 μεταποιούμενος.
2900 2131 2963 2182 Ἠ
3004 2131 3060 2184 δὲ
3101 2133 3202 2185 οὑκ
3233 2134 3372 2187 ἀνίει
3402 2135 3478 2206 τῷ
3503 2137 3645 2207 ἁγίῳ
3683 2156 3800 2206 φοι-

2212 2215 2363 2268 τῶσα
2412 2218 2506 2269 καὶ
2557 2219 2784 2291 δεομένη
2829 2223 3050 2291 θερμῶς
3095 2225 3197 2294 τῆς
3259 2227 3457 2294 μανίας
3488 2229 3793 2293 ἀπαλλάξαι

2213 2308 2302 2360 τὸν
2337 2307 2524 2378 ἄνδρα.
2569 2309 2643 2361 Ού
2707 2311 2813 2380 μὴν
2883 2313 3002 2365 οὑδὲ
3035 2314 3063 2367 ό
3097 2316 3300 2388 ταύτης
3355 2319 3494 2390 ἀνὴρ
3521 2323 3616 2384 τὰς
3660 2325 3798 2392 πρὸς

2211 2400 2302 2450 τὸν
2334 2397 2490 2465 ἅγιον
2521 2399 2737 2468 ἀφίξεις
2767 2403 3034 2472 ἀπεῖργεν
3067 2405 3228 2476 αὑτῇ,
3255 2407 3412 2461 τοῦτο
3444 2409 3543 2478 μὲν
3600 2414 3694 2465 καὶ
3721 2413 3800 2477 ὡς

2211 2489 2432 2556 ἄγνοιαν
2479 2489 2639 2560 ἔχων,
2672 2487 2733 2546 οὗ
2770 2494 2930 2563 χάριν
2954 2495 3098 2566 αὑτῷ
3136 2499 3500 2567 παραϐάλλοι,
3535 2501 3696 2556 τοῦτο
3738 2504 3798 2556 δὲ

2213 2582 2304 2632 καί
2323 2581 2398 2643 ὡς
2423 2582 2514 2635 τὸν
2547 2583 2718 2651 μέγαν
2747 2585 2837 2638 διὰ
2878 2586 3080 2656 πολλῆς
3111 2590 3242 2658 ὅσης
3267 2590 3451 2654 αἰδοῦς
3481 2595 3792 2663 τιθέμενος·

2213 2675 2336 2726 ἐπεὶ
2368 2676 2463 2728 καὶ
2492 2677 2656 2739 αὐτὸς
2731 2674 2886 2741 οὗτος
2923 2680 3054 2750 παρ’
3099 2682 3307 2736 ἐκεῖνον
3339 2686 3562 2751 ἐφοίτα,
3598 2687 3692 2739 καὶ
3720 2688 3798 2752 ὡς

2213 2765 2352 2838 φίλῳ
2385 2767 2452 2820 τὰ
2503 2767 2674 2822 πολλὰ
2710 2770 2930 2841 ἐχρῆτο,
2963 2772 3059 2825 καὶ
3092 2773 3255 2843 τιμὴν
3323 2777 3458 2830 ἰδίαν
3509 2782 3691 2848 ἡγεῖτο
3729 2781 3796 2833 τὸ

2212 2859 2421 2912 ἐκεῖνον
2467 2862 2659 2932 τιμᾷνο
2696 2863 2810 2917 ἐστι
2845 2864 2902 2918 δὲ
2931 2864 3018 2917 ὅτε
3055 2867 3148 2918 καὶ
3186 2867 3214 2918 0
3240 2867 3411 2936 μέγας
3449 2870 3578 2940 παρ’
3632 2873 3798 2926 αὑτὸν

2212 2953 2515 3020 ἀφικνεῖτο.
2563 2953 2651 3016 Ὠς
2712 2953 2807 3008 οὖν
2858 2955 3032 3019 οὑτως
3087 2957 3327 3024 ἐξένιζον
3380 2961 3646 3033 ἀλλήλους
3701 2965 3798 3018 καὶ

519 3049 802 3115 proprium
830 3065 989 3103 suum
1025 3051 1267 3107 ducebat
1298 3055 1587 3112 honorem.
1617 3059 1890 3115 Praeterea
1918 3077 2098 3117 autem

2208 3043 2511 3107 ὲξενίζοντο
2561 3047 2988 3116 συνεστιώμενοί
3014 3066 3144 3103 ποτε
3195 3052 3291 3106 καὶ
3322 3055 3790 3123 συνδειπνοῦντες,

521 3147 749 3203 magnus
803 3152 1024 3206 quoque
1071 3139 1330 3209 Spiridon
1361 3145 1429 3198 ad
1469 3163 1596 3199 eum
1644 3151 1920 3206 veniebat.
1963 3153 2103 3208 Cum

517 3242 650 3295 ergo
679 3229 759 3281 sic
784 3244 842 3282 se
904 3230 1142 3285 invicem
1194 3233 1432 3303 hospitio
1461 3241 1772 3310 acciperent
1803 3253 1858 3298 et
1890 3247 2105 3316 accipe-

518 3329 732 3378 rentur.
807 3322 1123 3376 convivium
1194 3327 1524 3396 quandoque
1599 3333 1758 3387 simul
1827 3335 2102 3403 ineuntes,

517 3420 743 3462 sanctus
793 3419 1101 3479 opportune
1147 3414 1340 3467 volens
1385 3427 1608 3486 captare
1657 3422 1892 3474 amicum
1942 3439 2102 3479 suum

519 3499 800 3567 gentilem,
844 3517 1169 3569 conversus,
1211 3506 1292 3560 eis
1315 3509 1688 3577 audientibus,
1721 3513 1855 3568 dicit
1886 3517 2101 3570 cuidam

520 3603 588 3641 ex
616 3589 682 3643 iis
709 3591 801 3658 qui
830 3593 1255 3652 ministrabant:
1287 3599 1448 3664 Puer,
1500 3603 1700 3672 inquit,
1747 3618 1967 3675 parvus,
2006 3610 2101 3678 qui

521 3693 656 3734 meat:
706 3678 831 3734 fidei
891 3683 992 3736 fuit
1054 3689 1404 3755 commissus,
1445 3701 1503 3745 ut
1557 3679 1784 3763 gregem
1829 3710 2100 3765 pasceret,

518 3773 756 3842 graviori
781 3790 978 3832 somno
1005 3792 1323 3850 oppressus,
1352 3785 1592 3852 peduces
1612 3787 1944 3854 perdiderat.
1965 3788 2101 3844 Cum

517 3878 645 3918 eum
669 3877 852 3921 autem
879 3869 1183 3927 dimisisset
1211 3890 1458 3941 sunmus,
1485 3877 1776 3949 diligenter
1802 3891 2098 3949 scrutatus,

521 3957 728 4015 invenit
745 3977 938 4018 omnes
956 3965 1117 4021 simul
1164 3969 1458 4026 absconsas
1481 3973 1535 4027 in
1561 3976 1794 4043 quadam
1815 3979 2098 4047 spelunca.

517 4048 844 4120 Priusquam
876 4070 1006 4109 vero
1035 4072 1128 4113 eas
1164 4059 1488 4129 invenisset,
1524 4064 1590 4118 ad
1629 4081 1727 4121 nos
1777 4068 1924 4122 misit
1955 4085 2099 4123 nun-

521 4139 678 4202 tium,
713 4143 806 4210 qui
843 4144 1178 4216 significaret
1224 4150 1699 4220 qund‘evenerat.
1759 4158 1854 4212 lllc
1912 4170 2096 4215 autem

516 4233 769 4296 accessit,
793 4244 850 4289 et
879 4246 986 4291 stat
1017 4255 1114 4308 pro
1153 4241 1384 4297 foribus.
1417 4245 1496 4300 Tu
1533 4263 1664 4303 vero
1693 4247 1992 4318 descende,
2041 4261 2097 4308 et

441 4377 450 4384 ,
517 4325 566 4376 ei
594 4328 788 4380 nuntio
829 4329 1096 4398 signiﬁca,
1150 4349 1344 4389 omnes
1390 4351 1512 4392 esse
1568 4339 1838 4406 inventas,
1889 4351 1944 4396 et
1994 4359 2096 4398 nec

2207 3139 2234 3189 0
2298 3138 2453 3201 ἅγιος
2501 3138 2833 3211 εὑαφόρμως
2889 3143 2982 3194 τὸν
3048 3143 3286 3215 Ἕλληνα
3333 3146 3487 3215 φίλον
3551 3150 3795 3220 θηρᾶσαι

2207 3225 2552 3298 βουλόμενος,
2613 3235 2876 3302 στραφεὶς
2939 3235 3018 3295 ei;
3077 3238 3312 3304 ἐπήκοον
3341 3242 3520 3294 αὑτῶν
3549 3261 3654 3296 τινι
3684 3245 3794 3296 τῶν

2207 3319 2644 3388 ὑπηρετούντων,
2680 3321 2738 3375 Ὀ
2763 3326 2890 3387 παῖς
2911 3325 2938 3376 0
2972 3326 3194 3396 μικρὸς,
3225 3328 3354 3400 ἔφη,
3379 3332 3406 3383 0
3435 3331 3495 3384 τὸ
3541 3336 3794 3404 ποίμνιον

2205 3410 2392 3478 νέμειν
2426 3429 2515 3481 μοι
2547 3414 2886 3478 πιστευθεὶς,
2932 3415 3085 3488 ὕπνῳ
3117 3418 3403 3492 βαθυτέρῳ
3433 3427 3795 3496 κατασχεθεὶς

2202 3500 2543 3557 ἀπολωλέκει
2599 3506 2667 3558 τὰ
2727 3505 3042 3578 θρέμματα.
3105 3511 3211 3563 Τοῦ
3275 3512 3445 3567 ὕπνου
3478 3515 3534 3569 δὲ
3572 3518 3794 3583 ἀνέντος

2210 3593 2374 3645 αὑτὸν
2427 3595 2573 3647 πάνυ
2611 3597 2814 3668 σφόδρα
2881 3601 3206 3672 ἐρευνήσας,
3269 3599 3426 3676 εὗρεν
3450 3609 3508 3664 ὲν
3541 3610 3793 3681 τπηλαίῳ

2201 3690 2308 3739 τινὶ
2352 3688 2531 3741 πάντα
2586 3692 2722 3760 ὁμοῦ
2786 3698 3144 3764 κρυπτόμενα
3172 3715 3186 3729 ·
3252 3699 3446 3768 φθάνοι
3489 3702 3544 3755 δὲ
3577 3707 3706 3775 πρὶν
3753 3707 3788 3776 ἥ

2201 3777 2376 3832 ταῦτα
2406 3781 2605 3851 εὑρεῖν,
2671 3785 2905 3853 ἄγγελον
2954 3787 3029 3851 ὼς
3071 3791 3216 3860 ἡμᾶς
3251 3793 3598 3848 ἀποστέλλων
3621 3797 3784 3866 δῆλον

2201 3872 2262 3923 τὸ
2292 3872 2498 3941 συρὸἁν
2529 3877 2911 3947 ποιησόμενον.
2940 3881 3048 3932 Καὶ
3071 3881 3151 3949 ὃς,
3178 3883 3278 3953 ἥδη
3309 3891 3781 3957 παραγενόμενοῖ,

2199 3964 2307 4033 πρὸ
2335 3965 2442 4017 τῶν
2489 3968 2672 4020 πυλῶν
2711 3969 2947 4027 ἵσταται.
2987 3973 3147 4027 Ἀλλὰ
3185 3978 3248 4028 σὺ
3286 3977 3584 4048 κατελθὼν,
3611 3975 3655 4033 ὧ
3692 3979 3792 4038 οὗ·

2200 4071 2316 4120 τος,
2346 4057 2618 4126 γνώρισον
2655 4061 2804 4130 αὑτῴ
2833 4064 2895 4134 δὴ
2919 4063 2996 4134 τῷ
3015 4066 3236 4138 ἀγγέλῳ
3263 4069 3345 4123 ὅτι
3379 4069 3606 4140 εὕρηται
3629 4077 3794 4144 ἀκρι-

2201 4149 2312 4211 ϐῶς
2344 4151 2542 4215 πάντα,
2594 4154 2690 4206 καὶ
2723 4155 2846 4208 οὑδὲ
2891 4155 2949 4214 ἓν
2989 4158 3129 4212 ἐνδεῖ
3161 4159 3237 4229 τῷ
3283 4163 3542 4234 ποιμνίῳ.
3583 4165 3792 4218 Ἤκου-

2203 4258 2294 4294 σεν
2325 4245 2352 4294 0
2399 4243 2690 4314 ὑπηρετῶν
2739 4246 2936 4313 ταῦτα,
3002 4251 3098 4302 καὶ
3131 4251 3384 4305 ἀπελθὼν
3412 4265 3547 4324 πρ’.ς
3596 4257 3787 4325 τάχος,

2199 4335 2278 4404 τῷ
2312 4337 2416 4408 πρὸ
2447 4337 2556 4389 τῶν
2597 4337 2782 4393 πυλῶν
2807 4340 3156 4412 διεσάφησεν.
3179 4342 3346 4398 οὔπω
3375 4348 3473 4418 τῆς
3501 4348 3785 4419 τραπέζης

521 4432 682 4470 uuam
711 4419 933 4486 quidem
960 4421 1150 4478 deesse
1171 4429 1342 4496 gregi.
1363 4429 1591 4484 Audivit
1621 4405 1889 4498 minister,
1917 4443 1972 4489 et
1997 4436 2094 4491 ab-

2209 4405 2490 4498 ἀρθείσης,
2558 4429 2746 4502 ἕτερος
2803 4405 3246 4504 αὑθιςνόγγελος
3277 4405 3565 4509 παρελθὼν
3605 4405 3788 4497 πάντα.

523 4508 642 4562 iens
688 4511 923 4566 maxima
961 4516 1266 4582 celeritate,
1314 4520 1366 4574 ei
1399 4520 1747 4590 signiﬁcavit,
1789 4525 1881 4594 qui
1913 4527 2095 4581 stabat

522 4613 620 4666 pro
653 4599 885 4657 foribus.
931 4604 1119 4661 Mensa
1167 4611 1412 4664 nondum
1443 4613 1684 4679 sublata,
1735 4617 1876 4670 alius
1903 4634 2094 4674 rursus

520 4689 748 4743 veniens
773 4693 1020 4758 nuntius,
1056 4701 1339 4756 renuntiat
1380 4703 1562 4755 omnia
1595 4704 1871 4772 similiter,
1902 4707 2094 4762 inven-

523 4788 606 4832 tas
632 4779 895 4849 peduces,
929 4793 987 4839 et
1014 4785 1217 4855 locum,
1246 4799 1303 4844 et
1351 4806 1420 4846 ne
1451 4807 1614 4847 unam
1647 4795 1870 4863 quidem
1897 4797 2090 4854 deesse

521 4886 772 4928 numero.
800 4871 924 4929 litae
950 4876 1094 4932 dicta
1127 4879 1194 4933 iis
1217 4895 1337 4950 quae
1360 4895 1581 4938 sanctus
1609 4883 1841 4949 dixerat,
1869 4889 2094 4942 omnino

520 4965 929 5033 convenientia,
989 4986 1247 5042 magnum
1301 4985 1583 5046 stuporem
1653 4978 1961 5047 iniecerunt
2015 4982 2092 5036 illi

523 5054 845 5117 idololatria,
881 5069 939 5113 et
959 5072 1210 5116 sanctum
1240 5080 1337 5133 pro
1369 5067 1480 5120 Deo
1513 5067 1767 5134 habebat,
1803 5079 1859 5124 et
1907 5070 2095 5125 obser-

521 5152 714 5202 vabat:
761 5159 818 5204 ct
861 5153 1082 5208 volebat
1122 5156 1312 5211 eadem
1368 5157 1568 5224 facere,
1625 5177 1745 5229 quae
1813 5161 2090 5232 Lycaones

520 5236 813 5306 aliquando
859 5241 1136 5300 faciebant
1166 5246 1427 5303 Barnabas
1485 5259 1540 5304 et
1568 5249 1737 5304 Paulo
1777 5253 1841 5317 ⁸⁸,
1892 5270 2089 5325 nempe

519 5329 569 5377 ci
623 5339 813 5387 tauros
843 5337 1172 5400 sacrificare,
1203 5349 1259 5393 et
1294 5339 1349 5395 in
1395 5341 1665 5396 vestibulo
1695 5358 1930 5400 coronas
1966 5361 2091 5402 sus-

521 5419 782 5485 pendere.
817 5425 914 5482 llle
941 5444 1071 5483 vero
1100 5431 1242 5487 sicut
1265 5432 1364 5494 illi,
1401 5435 1450 5487 ei
1488 5434 1662 5490 dixit:
1692 5437 1810 5492 Non
1846 5454 1946 5509 ego
1969 5455 2090 5497 sum

519 5506 686 5575 Deus,
720 5516 814 5568 sed
850 5531 1046 5581 servus
1075 5520 1170 5581 Dei
1203 5524 1404 5591 potius,
1440 5523 1606 5580 homo
1638 5527 1734 5596 qui
1761 5506 2091 5586 sum—obno-

1845 5668 1889 5694 ιι.
1902 5681 1922 5712 η,

594 5699 632 5729 ¹¹
664 5699 783 5753 Act.
822 5717 872 5768 v,
909 5703 927 5755 1
969 5719 1119 5776 seqq.
1201 5708 1243 5740 ”
1281 5709 1396 5765 Act.
1423 5726 1529 5766 xw.

2197 4521 2400 4590 ὁμοίως
2456 4523 2763 4592 ἀπήγγειλε
2821 4525 2919 4596 τὴν
2975 4527 3197 4600 εὕρεσιν
3232 4533 3324 4584 καὶ
3355 4531 3445 4586 τὸν
3466 4535 3653 4599 τόπον,
3687 4537 3791 4590 καὶ

2199 4615 2283 4669 ὅτι
2347 4616 2515 4686 μηδὲν
2579 4618 2895 4674 ἐλλείπωνό
2929 4621 3167 4692 ἀριθμὸς
3199 4620 3285 4695 ἦν.
3335 4624 3522 4680 Ταῦτα
3571 4630 3792 4697 συνῳδὶ

2197 4709 2518 4762 παντάπασι
2547 4708 2623 4779 τῷ
2648 4711 2788 4781 ἁγίῳ
2813 4713 3070 4782 ῥηθέντα,
3127 4716 3330 4788 πολλὴν
3384 4717 3647 4790 ἔκπληξιν
3679 4723 3788 4791 ἑμ-

2202 4799 2436 4868 ϐεϐληκε
2466 4800 2544 4870 τῷ
2610 4800 2995 4876 εἰδωλολατρῃ,
3074 4807 3168 4859 καὶ
3218 4807 3290 4872 ὼς
3327 4809 3445 4878 Θεῷ
3478 4812 3558 4880 τῷ
3584 4812 3786 4882 δικαίῳ

2204 4893 2488 4961 προσέχων
2520 4888 2610 4963 ἦν,
2633 4895 2810 4948 καὶτὰ
2831 4897 2972 4950 αύτὰ
2994 4901 3168 4952 ποιεῖν
3187 4900 3465 4968 ἠϐούλετο,
3495 4902 3529 4956 ἃ
3553 4903 3617 4971 δή
3651 4921 3792 4958 ποτε

2202 4979 2296 5032 καὶ
2329 4982 2608 5044 Λυκάονες
2641 4983 2775 5051 πρὸς
2802 4983 3092 5056 Βαρνάϐαν
3149 4993 3244 5042 καὶ
3296 4991 3509 5045 Παῦλον
3541 4993 3786 5058 ἐποίουν,

2200 5069 2350 5124 θύειν
2401 5073 2550 5141 αὑτῴ
2619 5075 2873 5144 ταύρους,
2914 5081 3009 5131 καὶ
3049 5080 3146 5134 τοῦ
3199 5082 3443 5148 πυλῶνος
3489 5087 3790 5156 στέμματα

2201 5162 2457 5234 ὲξαρτᾷν.
2501 5167 2558 5219 Ὀ
2593 5166 2668 5234 δὲ,
2707 5167 2901 5240 ῶσπερ
2956 5173 3227 5241 κάκεῖνοι,
3262 5177 3399 5245 πρὸς
3448 5177 3634 5245 αὑτὸν,
3667 5179 3791 5233 Οὐκ

2197 5255 2306 5323 ἑγὼ
2333 5257 2486 5321 Θεὸς,
2523 5253 2697 5326 εἶπεν,
2725 5261 2862 5317 ἀλλὰ
2895 5262 3084 5328 δοῦλος
3120 5265 3259 5320 Θεοῦ
3297 5267 3528 5338 μᾶλλον,
3563 5270 3795 5339 ἄνθρω-

2198 5366 2297 5412 πος
2331 5352 2415 5403 σοὶ
2440 5352 2800 5423 ὁμοιοπαθής.
2858 5356 2930 5408 Τὸ
2967 5355 3021 5409 δὲ
3047 5358 3225 5423 καλῶς
3257 5361 3460 5414 εἰδέναι
3493 5361 3587 5413 τὸν
3614 5361 3789 5432 μόνον

2197 5441 2333 5495 Θεὸν
2367 5443 2526 5499 τοῦτό
2588 5464 2681 5515 μοι
2741 5449 2838 5503 καὶ
2890 5449 2950 5502 τὸ
2980 5451 3151 5504 ταῦτα
3218 5453 3417 5507 ειδέναι
3467 5456 3786 5525 χαρίζεται.

2203 5535 2302 5589 ’ον
2331 5536 2380 5590 εἰ
2408 5537 2501 5590 καί
2558 5540 2622 5592 σὺ
2654 5540 2933 5610 Δεσπότην
3005 5544 3383 5617 ὁμολογήσεις,
3415 5549 3535 5619 εἴσῃ
3559 5550 3790 5613 πάντως
