4094 6384
312 1323 327 1404 ξ

364 333 474 399 457

1587 331 1765 392 VITA
1807 333 1867 391 S.
1911 331 2384 394 SI’YRIDON'IS.

3506 334 3613 397 458

350 444 638 518 ἀκριϐείᾳ,
695 437 806 497 οἷον
852 441 919 514 δὴ
970 441 1099 513 παρ’
1123 440 1319 513 ἐκείνῳ
1352 442 1553 513 κράτος
1588 442 1803 512 ἄμαχον
1848 448 1938 497 καὶ

2049 445 2171 500 sius
2217 444 2449 509 eisdem,
2500 444 2701 515 quibus
2741 454 2818 508 tu,
2880 445 3286 514 aﬂ‘ectionibus.
3328 446 3399 504 Ut
3430 458 3614 503 autem

352 536 533 607 ἰσχύς.
574 535 687 589 Καὶ
733 536 762 587 ὁ
793 534 1085 603 μὲνδσιος
1144 534 1322 589 ταῦτα
1348 546 1363 563 ’
1420 536 1456 603 ἠ
1483 533 1542 587 δὲ
1589 533 1939 603 φιλόχριστος

351 626 571 696 πλέονῆ
598 624 883 696 φίλανδρος
908 624 1002 679 τοῦ
1032 624 1337 696 παραδόξου
1377 624 1569 678 τούτου
1606 628 1937 695 πράγματος

348 718 441 774 οἷα
496 717 694 786 καιροῦ
757 719 1135 789 προσήκοντος
1175 717 1473 788 λαϐομένη,
1536 718 1631 770 καὶ
1695 718 1766 769 τὰ
1798 719 1940 785 παρ’

354 811 557 879 εαυτῆς
589 808 870 879 ἁρμοδίως
891 808 1359 877 προσενεγκοῐωα,
1398 807 1577 861 πείθει
1621 808 1714 860 τὸν
1740 809 1932 879 ἄνδρα,

351 909 538 961 πᾶσαν
578 905 677 975 μὲν
711 904 811 974 τὴν
847 902 1086 970 ματαίαν
1140 902 1511 971 ἐξομόσασθαι
1563 901 1796 972 πλάνην,
1844 904 1939 956 καὶ

300 1010 310 1025 ·
349 999 416 1053 τὸ
463 999 594 1068 περὶ
623 997 697 1051 τὰ
725 996 922 1051 είδωλα
945 995 1110 1058 σέϐας
1140 994 1572 1065 ὲκμυκτηρίσαι,
1601 994 1938 1064 μεταμαθεῖν

362 1091 421 1145 δὲ
447 1090 631 1153 καλῶς
690 1089 793 1160 τὴν
829 1089 1139 1152 εὐσέϐειαν,
1187 1085 1284 1141 καὶ
1321 1087 1415 1139 τὸν
1450 1086 1687 1157 Χριστὸν
1714 1085 1937 1139 ἐνδύσαο

354 1180 483 1234 σθαι
506 1179 597 1234 διὰ
620 1178 720 1232 τοῦ
743 1178 1141 1248 βαπτίσματος.

423 1449 548 1505 ΔΡ.
578 1448 643 1502 EI
675 1447 736 1500 τὸ
769 1444 895 1513 ἑξῆς
942 1442 1191 1513 διήγημα
1259 1442 1439 1512 σιωπῇ
1474 1441 1780 1513 κρύψομεν,
1819 1442 1938 1504 πῶς

353 1543 477 1612 οὐχὶ
499 1542 626 1603 τοὺς
664 1539 943 1608 ἀκροατὰς
987 1537 1256 1607 μεγίστης
1275 1534 1343 1590 ἂν
1386 1535 1655 1603 ὠφελείας
1700 1535 1936 1588 ἀποστε-

354 1636 636 1706 ρήσωμεν,
670 1631 908 1701 μάλιστα
942 1632 1080 1696 μετά
1112 1626 1207 1682 τοῦ
1239 1627 1522 1698 ὠφελίμου
1554 1630 1651 1682 καὶ
1686 1627 1821 1681 πολὺ
1874 1626 1936 1681 τὺ

353 1725 549 1795 χάριεν
621 1720 1107 1789 συνεπαγομένους
1168 1716 1429 1788 Δεγέσθω
1498 1716 1788 1788 τοιγαροῦν
1842 1716 1939 1771 καὶ

2042 544 2188 589 recte
2218 536 2405 595 sciam,
2445 535 2674 604 largitur
2707 534 2783 598 is,
2819 549 2983 605 quem
3012 537 3056 591 si
3092 547 3149 592 tu
3178 551 3397 606 quoque
3430 538 3617 592 Domi-

2041 643 2171 680 num
2197 626 2371 681 lucris
2400 626 2711 693 confessus,
2746 636 3001 683 accurate
3020 628 3246 683 omnino
3270 630 3429 695 scies,
3451 646 3615 700 quam

2038 719 2114 773 sit
2167 719 2313 789 apud
2350 720 2505 773 illum
2555 720 2993 790 inexpugnabilis
3043 721 3287 791 potentia
3316 730 3374 777 et
3403 730 3618 794 quanta:

2044 808 2210 864 vires.
2245 810 2340 863 Illa
2374 824 2503 864 vero
2541 808 2746 865 Christi
2778 809 2950 879 magis
3002 825 3212 875 amans,
3268 829 3430 882 quam
3487 816 3616 878 viri,

2042 900 2144 955 hac
2178 916 2237 954 re
2287 912 2546 969 tanquam
2596 909 2912 971 opportuna
2965 902 3147 971 aliqua
3197 918 3417 974 arrepta
3462 920 3621 962 occa-

2040 990 2216 1054 sione,
2260 1006 2325 1046 ex
2349 1007 2407 1045 se
2438 1006 2657 1060 quoque
2681 1006 2745 1045 ea
2774 993 3033 1058 atterens,
3064 1007 3188 1061 quae
3233 994 3286 1046 ei
3318 996 3617 1050 convenie-

2041 1082 2196 1146 baut,
2225 1083 2422 1136 marito
2469 1082 2782 1152 persuadet,
2822 1093 2884 1137 ut
2911 1098 3130 1137 omnem
3160 1084 3383 1153 quidem
3414 1101 3616 1141 vanum

2040 1176 2251 1246 abjuret
2303 1191 2572 1239 errorem,
2632 1184 2689 1230 et
2724 1176 2932 1231 cultum
2991 1177 3220 1232 irrideat
3292 1179 3621 1234 simulacro-

2040 1282 2198 1321 rum:
2228 1275 2377 1322 recte
2404 1275 2588 1323 autem
2617 1268 2795 1322 discat
2824 1282 3006 1322 veram
3038 1269 3324 1338 pietatem,
3370 1277 3430 1326 et
3462 1269 3625 1326 Chri-

2039 1368 2187 1413 stum
2216 1358 2407 1413 induat
2437 1375 2534 1428 per
2564 1359 2917 1429 baptismum.

2112 1448 2356 1505 XXXIII.
2408 1449 2465 1505 Si
2492 1465 2634 1513 eam.
2673 1466 2795 1521 qua:
2825 1451 3089 1522 deinceps
3119 1453 3393 1523 sequitur,
3424 1469 3621 1509 narra-

2040 1541 2246 1594 tionem
2282 1539 2504 1594 silentio
2539 1540 2856 1604 texerimus,
2892 1542 3169 1611 quomodo
3221 1559 3332 1597 non
3379 1545 3622 1614 privabi-

2038 1647 2161 1689 mus
2215 1632 2494 1688 auditores
2550 1634 2783 1688 maxima
2810 1633 3069 1698 utilitate,
3121 1650 3246 1689 cum
3296 1635 3457 1689 simul
3492 1652 3621 1692 eum

2040 1726 2189 1789 utili,
2271 1726 2503 1780 multum
2574 1727 2736 1781 etiam
2797 1727 3022 1783 inducat
3085 1727 3488 1794 iucunditatis?
3529 1730 3624 1784 Di—

353 1817 513 1882 αὕτδ,
543 1814 641 1868 καὶ
685 1814 855 1875 ἀκοὰς
896 1811 1131 1864 ἑστιάτω
1171 1811 1270 1874 τὰς
1296 1808 1642 1878 φιλοκάλους.
1683 1809 1820 1862 Φασὶ
1850 1807 1938 1861 τὸν

2046 1824 2201 1868 catur
2230 1829 2361 1884 ergo
2402 1816 2518 1870 haec
2557 1831 2798 1885 quoque.
2833 1816 3038 1871 Ferunt
3065 1831 3322 1886 maguum
3369 1818 3624 1887 Spiriilo-

357 1905 533 1975 μέγαν
556 1904 703 1957 κατὰ
760 1902 896 1955 πολὺ
926 1903 988 1955 τὸ
1022 1901 1242 1971 μέτριον
1293 1901 1390 1953 καὶ
1418 1898 1593 1969 τύφου
1655 1898 1934 1968 κεκαθαρ-

355 1997 539 2067 μενον,
558 1993 824 2063 θεοφιλῶς
865 1993 967 2064 μὲν
1006 1993 1108 2062 τῆς
1167 1992 1477 2059 ἐπισκοπῆς
1507 1989 1752 2061 ἔχεσθαι,
1780 1989 1933 2041 οὐδὲν

353 2090 411 2142 δὲ
446 2084 632 2160 ἦττον,
663 2086 759 2139 καλ⁸
788 2084 898 2140 τῶν
925 2083 1263 2154 θρεμμάτων
1307 2081 1748 2153 μεταποιεῖσθαι.
1767 2080 1935 2150 ’Δωρὶ

352 2180 486 2249 γοῦν
526 2195 657 2231 ποτε
720 2177 830 2229 τῶν
876 2176 1088 2229 νυκτῶν
1138 2175 1415 2239 κλέπται,
1466 2174 1587 2235 ταῖς
1639 2170 1934 2225 ἐπαύλεσιν

352 2271 694 2335 ἐπελθόντες,
756 2269 877 2322 τινὰ
937 2267 1047 2320 τῶν
1103 2264 1268 2320 αὑτοῦ
1305 2264 1641 2335 θρεμμάτων
1698 2262 1932 2319 ἐσύλων.

349 2364 488 2425 θεὸς
518 2362 574 2415 δὲ
602 2363 631 2414 ό
666 2360 761 2413 τοῦ
791 2358 1048 2429 ποιμένος
1099 2357 1498 2427 ἐπιμελόμενος
1528 2355 1649 2408 οὐδὲ
1694 2355 1802 2407 τῶν
1834 2354 1938 2407 ὑπ’

353 2457 507 2526 αὐτῷ
546 2454 986 2522 ποιμαινομένων
1053 2451 1272 2520 ἠμέλει.
1311 2448 1451 2502 Ἀλλ’
1477 2449 1526 2501 οἱ
1556 2449 1736 2518 φῶρες
1762 2438 1932 2512 οὗτοι,

350 2552 574 2620 δεσμοῖς
602 2548 869 2618 ἀφύκτοις
908 2544 1155 2616 ἀοράτως
1219 2542 1675 2614 περιληφθέντας,
1698 2540 1796 2605 τὰς
1825 2544 1939 2611 χεῖ-

356 2661 460 2716 ρας
494 2644 757 2697 ἐδέδεντο.
822 2640 937 2701 Καὶ
1001 2640 1307 2709 ἀναχωρεῖν
1359 2635 1474 2690 οὐδ’
1529 2636 1667 2697 ὅλως
1698 2634 1932 2687 ἀνίεντο.

357 2736 598 2807 Ὀρθρος
618 2736 717 2805 ﬂor;
751 2733 955 2803 παρῆν,
997 2730 1095 2784 καὶ
1134 2731 1297 2799 γνοὺς
1323 2732 1349 2782 ὁ
1402 2731 1578 2799 μέγας
1601 2726 1663 2780 τὸ
1691 2725 1936 2795 γεγονὸς,

353 2826 457 2889 τὰς
480 2829 666 2895 χεῖρας
724 2824 923 2884 αὐτοὺς
952 2822 1176 2892 ἔχοντας
1227 2820 1404 2873 ὀπίσω
1427 2817 1808 2889 περιηγμέναις
1839 2816 1938 2869 καὶ

349 2918 648 2988 δεδεμένας
680 2916 822 2979 ἰδὼν,
855 2915 991 2984 εὐχῇ
1053 2911 1155 2983 μὲν
1182 2910 1368 2974 αὐτοῖς
1398 2911 1489 2964 τὸν
1514 2909 1714 2980 δεσμὸν
1742 2908 1934 2978 ἀνῆκε,

354 3009 592 3063 πλεῖστα
614 3009 670 3062 δὲ
701 3010 1059 3078 παραινέσας,
1107 3007 1172 3059 ὲκ
1199 3003 1426 3058 δικαίων
1455 3003 1632 3057 πόνων
1663 3001 1734 3055 τὶ
1763 3002 1935 3069 ἁναγυ

2047 1920 2196 1971 nem,
2231 1916 2397 1976 prout
2447 1914 2570 1962 erat
2601 1908 3064 1973 modestissimus,
3094 1918 3150 1964 et
3178 1910 3247 1963 ab
3286 1912 3435 1965 omni
3482 1911 3622 1966 fastu

2045 2006 2104 2052 et
2132 1997 2394 2067 superbia
2443 1998 2681 2061 alienus,
2734 1999 2994 2067 prazclare
3043 1999 3265 2067 quidem
3354 2009 3410 2055 et
3457 2016 3624 2056 sance

2049 2088 2429 2158 episcopatum
2488 2104 2648 2143 suum
2715 2089 3151 2152 administrasse.
3206 2090 3378 2146 nihilo
3443 2093 3625 2147 secius

2042 2191 2230 2236 autem
2276 2180 2460 2235 ovium
2513 2195 2737 2250 quoque
2775 2196 2965 2235 curam
3006 2182 3261 2250 gessisse.
3292 2182 3624 2252 Intempesta

2048 2282 2180 2322 vero
2236 2277 2400 2322 nocte
2424 2269 2700 2323 stabulum
2731 2268 2907 2323 adorti
2966 2269 3229 2335 latrones,
3279 2271 3628 2327 suﬂuraban-

2060 2367 2150 2413 tur
2174 2359 2441 2429 quasdam
2469 2375 2534 2413 ex
2567 2361 2688 2430 ejus
2735 2361 3054 2431 pecudibus.
3089 2363 3233 2417 Deus
3282 2371 3491 2431 autem,
3527 2366 3625 2435 qui

2046 2465 2231 2504 curam
2268 2449 2495 2519 gerebat
2532 2450 2795 2519 pastoris,
2827 2467 2897 2506 ne
2926 2466 3058 2506 oves
3082 2453 3306 2523 quidem
3349 2469 3485 2523 quas
3532 2471 3627 2525 pa-

2052 2541 2262 2601 scebat,
2298 2539 2561 2609 neglexit.
2590 2541 2697 2596 Sed
2743 2542 2894 2597 fures
2924 2543 3013 2598 isti
3046 2544 3481 2611 inevitabilibus,
3503 2563 3626 2617 quae

2051 2630 2154 2685 sub
2190 2640 2467 2699 aspectum
2494 2647 2603 2685 non
2630 2633 2924 2699 cadebant,
2949 2636 3187 2691 vinculis
3215 2639 3623 2708 comprehensi,

2048 2731 2105 2775 et
2135 2721 2337 2775 vinctis
2361 2732 2519 2777 erant
2560 2724 2836 2790 manibus,
2877 2734 2935 2781 et
2966 2742 3076 2781 non
3116 2737 3368 2796 poterant
3397 2729 3625 2786 omnino

2053 2812 2333 2869 recedere.
2374 2813 2493 2869 1am
2518 2830 2678 2871 mane
2711 2815 2922 2883 aderat,
2950 2825 3151 2874 etcum
3175 2836 3403 2892 magnus
3426 2837 3628 2893 cogno-

2055 2902 2225 2958 visset
2274 2904 2563 2973 Spiridon,
2604 2910 2751 2978 quod
2800 2908 3003 2965 factum
3046 2910 3245 2978 fuerat,
3296 2913 3490 2968 videns
3542 2912 3626 2969 eis

2049 3011 2247 3051 manus
2283 3014 2425 3068 pone
2460 2999 2725 3056 adductas
2746 3011 2802 3057 et
2836 3004 3067 3070 vinctas,
3109 3006 3369 3075 precibus
3400 3006 3624 3075 quidem

356 3106 493 3158 καῖα
525 3100 871 3172 πορίζεσθαι,
929 3098 1027 3153 καὶ
1070 3100 1224 3169 κριὸν
1250 3097 1432 3161 αὐτοῖς
1480 3095 1770 3167 ὲπορέγει,
1823 3095 1938 3148 Ἰνα

2046 3086 2128 3142 eis
2158 3087 2421 3143 relaxavit
2443 3090 2724 3146 vinculum
2760 3110 2776 3148 :
2816 3108 2941 3148 cum
2980 3095 3275 3164 plurimum
3314 3104 3495 3152 autem
3528 3111 3625 3153 eos

358 3166 650 3266 μὴ’μάττίν
674 3166 1268 3263 ὴῒρυπνηκότες-ἦτε,
1324 3166 1622 3259 χαριέντως
1671 3185 1936 3256 ἐπιφθεγ-

2046 3178 2443 3247 admonuisset,
2481 3194 2631 3238 ntex
2663 3184 2825 3255 justis
2855 3185 3137 3242 laboribus
3181 3197 3455 3258 pararent.
3484 3203 3612 3259 qua:

355 3289 610 3358 ξάμενος.
646 3284 790 3354 Πλὴν
808 3284 945 3337 ἀλλὰ
974 3284 1069 3336 καὶ
1120 3282 1250 3335 ἄλλο
1274 3280 1353 3351 τῷ
1376 3279 1593 3350 ῥηθέντι
1616 3280 1937 3335 ἀκολουθεῖν

357 3380 638 3449 ὥρμηται,
701 3375 832 3446 παρ’
872 3374 1021 3428 οὐδὲν
1071 3373 1283 3427 ἐκείνου
1329 3372 1428 3442 τὴν
1461 3371 1657 3442 ἡδονὴν
1689 3369 1942 3424 ἐλαττού-

360 3488 547 3539 μενον.

431 3648 552 3704 AA'.
582 3644 998 3718 Τριμιθούντιός
1020 3659 1103 3707 τις
1130 3642 1291 3713 ἀνὴρ,
1319 3640 1447 3713 νηὸς
1490 3639 1679 3708 κύριος
1717 3637 1816 3704 ὢν,
1850 3638 1944 3693 καὶ

359 3742 495 3813 πρὸς
531 3739 802 3810 ἐμπορίαν
861 3734 1061 3807 χρυσοῦ
1125 3734 1362 3803 δεηθεὶς,
1394 3730 1747 3801 πρόσεισιτῷ
1797 3730 1942 3799 ἁγίῳ

361 3835 495 3905 παρ’
526 3830 695 3886 αὑτοῦ
724 3830 1050 3901 ληψόμενος.
1078 3828 1190 3881 Καὶ
1215 3826 1294 3891 ὃς,
1331 3825 1475 3894 μετά
1505 3824 1613 3877 τῶν
1645 3823 1821 3879 ἄλλων
1844 3822 1942 3876 καὶ

361 3927 567 3997 ταύτης
598 3924 915 3993 πληρωτὴς,
946 3920 1022 3974 ὦν
1055 3920 1151 3991 τῆς
1185 3919 1423 3988 ἐντολῆς,
1462 3918 1499 3989 ἢ
1535 3936 1553 3968 ι
1587 3917 1690 3970 Τὸν
1724 3915 1946 3969 θέλοντα

360 4019 514 4089 παρά
563 4015 659 4069 σοῦ
704 4012 1077 4076 δανείσασθαι,
1100 4012 1300 4081 φάσκει
1331 4050 1346 4075 ,
1388 4010 1463 4080 μὴ
1504 4009 1887 4077 ἀποστραφῇς,
1920 4024 1941 4058 ι

358 4113 496 4180 ὅπερ
540 4106 693 4176 αὐτῷ
749 4105 959 4174 προσῆν
1021 4096 1225 4171 ὀλίγον,
1268 4102 1366 4154 καὶ
1414 4098 1574 4153 τοῦτο
1632 4096 1939 4166 ἀναγκαίας

359 4203 522 4274 χάριν
540 4204 642 4270 τῆς
663 4197 971 4266 ἐπισκοπῆς
1002 4195 1215 4267 χρείας,
1229 4192 1526 4264 ἐγχειρίζει
1549 4189 1869 4261 προθύμως.
1884 4185 1945 4240 '0

361 4294 439 4359 δὲ,
463 4292 622 4345 τοῦτο
673 4286 880 4352 λαϐὼν,
907 4287 1001 4341 καὶ
1031 4286 1122 4340 τὸν
1153 4284 1432 4338 ἀπόπλουν
1475 4280 1665 4349 δεξιῶς
1699 4279 1945 4348 θέμενος,

362 4386 487 4441 ἐπεὶ
510 4386 753 4454 ἐπανῆκε
788 4380 890 4435 σὺν
938 4379 1142 4450 κέρδει,
1198 4377 1450 4446 πρόσεισι
1479 4374 1560 4444 τῷ
1603 4374 1744 4440 ἁγίῳ
1774 4388 1944 4424 κατα-

363 4475 545 4545 θήσων
568 4471 632 4523 τὸ
675 4471 919 4541 ὄφλημα,
979 4468 1073 4522 καὶ
1105 4466 1264 4530 αὐτὸς
1290 4466 1445 4519 οὐδὲν
1493 4462 1940 4533 περιεργασάμεο

364 4583 475 4631 νος,
497 4564 621 4617 οὔτε
651 4564 746 4617 τὸν
783 4561 1038 4633 ἀριθμὸν,
1074 4559 1267 4629 ὥσπερ
1291 4558 1431 4621 ἔθος,
1462 4558 1574 4619 τοῖς
1601 4554 1819 4616 πολλοῖς
1850 4553 1943 4605 λοοι

364 4659 686 4727 γισάμενος,
739 4653 906 4708 αὑτὸν
966 4653 1175 4706 ἐκεῖνον
1236 4651 1550 4704 ἀναστάντα
1593 4645 1825 4710 κελεύει,
1886 4647 1945 4697 ὲν

365 4751 561 4819 ἐκείνῳ
592 4744 926 4801 καταθέσθαι
949 4742 1027 4815 τῷ
1060 4741 1267 4807 σκεύει,
1290 4740 1349 4806 ἐξ
1391 4730 1453 4791 οὗ
1490 4737 1557 4807 δὴ
1590 4738 1683 4790 καὶ
1718 4736 1778 4789 τὸ
1810 4732 1946 4804 πρό-

362 4856 521 4911 τερον
552 4840 689 4893 αὐτὸ
749 4832 987 4907 εἰληφὼς
1047 4830 1136 4907 ἦν.
1167 4834 1280 4887 Καὶ
1340 4831 1462 4885 τότε
1490 4830 1587 4901 μὲν
1615 4830 1675 4882 τὸ
1702 4826 1938 4899 χρηστὸν

364 4932 455 4983 τοῦ
490 4928 772 4983 δανειστοῦ
818 4929 913 4980 καλ⁸
959 4927 1256 4997 ἄπραγμον
1287 4924 1315 4977 ό
1341 4921 1587 4992 ἔμπορος
1649 4917 1941 4980 αἰδεσθεὶς.

363 5021 480 5072 ἐκεῖ
506 5020 615 5072 -τὺν
651 5016 874 5088 χρυσὸν,
930 5015 1121 5086 ὥσπερ
1154 5017 1265 5086 ἄρα
1306 5012 1402 5067 καὶ
1454 5009 1774 5080 ἐκελεύσθη,
1807 5025 1940 5061 κατ-

365 5114 549 5165 έθετο’
582 5112 657 5176 ὡς
686 5111 742 5164 δὲ
774 5112 869 5162 καὶ
919 5108 1076 5174 αὖθις
1108 5107 1208 5179 τῆς
1241 5105 1434 5177 χρείας
1469 5103 1633 5156 αὑτὸν
1691 5100 1941 5171 ἐπειγού-

366 5222 489 5276 σης,
517 5204 662 5259 οὕτω
688 5205 789 5274 μὲν
835 5203 1066 5271 ετοίμως
1088 5201 1417 5270 ὲλᾶμὸανεν,
1440 5195 1581 5250 οὕτω
1611 5194 1667 5248 δὲ
1698 5196 1790 5247 καὶ
1821 5193 1943 5248 ἀδό-

365 5297 471 5359 λως
497 5297 664 5358 αὐτὸς
718 5293 1056 5354 κατετίθετο,
1108 5291 1200 5343 καὶ
1249 5290 1340 5342 τὸν
1369 5287 1571 5358 τρόπον
1600 5283 1785 5339 τοῦτον
1806 5283 1937 5336 πολ-

366 5389 525 5453 λάκις
579 5388 810 5456 ἐγίνετο,
872 5384 1047 5447 πάθος
1098 5382 1388 5455 ὑποτρέχει
1423 5379 1793 5451 φιλαργυρίας
1846 5378 1938 5430 τὸν

367 5482 632 5552 ἔμπορον,
686 5480 782 5532 καὶ
836 5479 1081 5541 ἀπίστως
1125 5476 1262 5547 πρὸς
1315 5476 1405 5528 τὸν
1472 5474 1802 5526 πιστευόντα
1850 5470 1945 5523 καὶ

367 5572 624 5645 πονηρῶς
694 5570 1013 5634 διατίθεται,
1059 5570 1155 5622 καὶ
1196 5570 1293 5637 τὴν
1322 5564 1582 5637 ἀλήθειαν
1616 5560 1941 5632 διαφθείρει,

442 5750 488 5784 ⁸³
519 5748 713 5805 Matth.
749 5765 803 5814 ν,
830 5749 919 5804 42.

640 5846 914 5905 Ρλτιιοι..
942 5843 1059 5904 Gn.
1101 5841 1301 5905 CXVI.

2045 3277 2201 3323 erant
2241 3269 2345 3324 sibi
2387 3273 2718 3338 necessaria,
2767 3274 2852 3330 eis
2894 3275 3060 3330 etiam
3122 3277 3331 3346 praebet
3370 3279 3622 3343 arietem,

2045 3359 2228 3428 lepide
2274 3362 2527 3418 elocutus
2564 3382 2577 3417 :
2610 3365 2689 3421 Ne
2714 3365 2915 3421 frustra
2946 3369 3319 3436 vigilaveritis.
3355 3369 3624 3425 Caeterum

2047 3451 2195 3505 aliud
2248 3468 2471 3523 quoque
2518 3469 2576 3509 se
2647 3456 2830 3522 oﬂ‘ert,
2887 3459 3075 3513 volens
3133 3460 3290 3529 sequi
3349 3460 3426 3525 id,
3475 3460 3623 3530 quod

2051 3542 2261 3597 dictum
2307 3555 2413 3608 est.
2465 3546 2613 3616 quod
2650 3549 2730 3602 illi
2780 3549 2915 3604 nihil
2942 3550 3476 3620 ceditjucunditate.

2120 3635 2361 3692 XXXIV.
2403 3638 2500 3694 Vir
2531 3638 2756 3709 quidam
2802 3640 3350 3711 Trimmytbuntinus
3374 3652 3497 3698 erat
3526 3657 3625 3697 na-

2047 3729 2132 3782 vis
2161 3728 2500 3791 «lominus,et
2527 3744 2653 3784 cum
2694 3746 2830 3785 auro
2861 3746 3001 3802 opus
3032 3732 3261 3788 haberet
3304 3733 3372 3787 ad
3403 3748 3619 3789 merca-

2048 3826 2248 3881 turam,
2279 3820 2489 3873 accedit
2515 3819 2584 3873 ad
2633 3830 2904 3886 sanetum,
2933 3823 3007 3877 ab
3035 3838 3102 3877 eo
3135 3833 3482 3894 accepturus.
3525 3825 3637 3879 Ille?

2046 3917 2230 3963 autem
2255 3908 2418 3979 hujus
2444 3925 2665 3980 quoque
2686 3914 2944 3981 praecepti
2971 3928 3096 3968 cum
3121 3915 3245 3973 aliis
3268 3917 3619 3985 adimpletor,

2048 4001 2195 4070 quod
2222 3999 2388 4055 dicit:
2421 4019 2439 4052 ι
2463 4001 2623 4067 Eum,
2642 4003 2783 4071 quia
2807 4013 2857 4057 te
2880 4004 3117 4059 voluerit
3143 4014 3334 4059 mutuo
3350 4006 3620 4076 accipere,

2048 4106 2118 4145 ne
2162 4092 2529 4154 averseris",
2559 4111 2577 4143 ι
2604 4092 2655 4147 id
2695 4109 2931 4163 paucum
2965 4095 3111 4164 quod
3153 4095 3408 4163 habebat,
3458 4098 3621 4167 idque

2048 4192 2303 4251 paratum
2354 4193 2579 4252 propter
2629 4185 3002 4239 necessarium
3055 4201 3215 4241 usum
3246 4187 3619 4260 episcopatus,

2048 4271 2100 4325 ei
2147 4270 2375 4325 tradidit
2417 4281 2672 4343 prompto
2720 4282 2777 4328 et
2824 4274 2996 4329 alacri
3060 4276 3263 4331 animo.
3325 4277 3421 4335 lIle
3472 4294 3621 4347 vero,

2048 4361 2142 4432 qui
2195 4361 2247 4416 id
2292 4374 2601 4433 acceperat,
2646 4380 2772 4419 cum
2827 4366 2878 4420 ei
2917 4364 3095 4423 fausta
3146 4376 3203 4423 et
3244 4368 3374 4424 felix
3402 4386 3623 4429 succes-

2050 4454 2216 4508 sisset
2276 4456 2572 4526 navigatio,
2635 4465 2693 4511 et
2749 4472 2874 4511 cum
2922 4457 3080 4513 lucro
3136 4470 3285 4515 esset
3341 4476 3620 4528 reversus,

2046 4545 2259 4599 accedit
2286 4546 2354 4600 ad
2387 4557 2662 4614 sanctum,
2697 4546 2946 4604 debitum
2985 4550 3286 4607 soluturus.
3317 4552 3414 4609 Ille
3442 4563 3624 4609 autem

2051 4652 2161 4691 non
2212 4637 2432 4693 curiose
2491 4649 2788 4707 scrutatus,
2844 4657 2948 4698 nec
3015 4644 3211 4698 multis
3245 4645 3626 4708 ratiocinatus,

2048 4728 2209 4799 jubet
2237 4729 2395 4784 illum
2438 4730 2616 4799 ipsum
2655 4732 2752 4802 qui
2784 4733 3067 4799 attulerat,
3107 4750 3376 4804 reponere
3432 4736 3488 4790 in
3531 4735 3628 4791 illo

2048 4821 2168 4892 ipso
2196 4837 2346 4886 vase,
2375 4837 2444 4878 ex
2479 4838 2588 4893 quo
2612 4822 2666 4876 id
2703 4824 2859 4893 prius
2884 4835 3211 4894 sumpserat.
3252 4825 3321 4879 Et
3348 4833 3479 4880 tunc
3501 4823 3623 4894 qui-

2048 4913 2174 4967 dem
2215 4914 2333 4983 ejus
2365 4913 2462 4984 qui
2508 4921 2703 4967 mutuo
2756 4912 3008 4979 dederat,
3042 4913 3311 4968 reveritus
3348 4922 3621 4970 mercator

2044 5005 2370 5071 bonitatem,
2400 5013 2513 5061 eta
2560 5004 2905 5077 negotiorum
2949 5004 3320 5063 sollicitudine
3364 5005 3626 5061 remotio—

2046 5110 2197 5160 nem,
2242 5094 2356 5149 illic
2407 5110 2603 5149 aurum
2652 5095 2924 5165 deposuit,
2984 5095 3127 5150 sicut
3182 5095 3367 5165 jussus
3420 5095 3624 5152 fuerat.

2047 5187 2183 5242 Cum
2214 5197 2397 5243 autem
2435 5202 2535 5242 usu
2562 5203 2688 5242 eum
2729 5203 2925 5242 rursus
2980 5195 3234 5259 urgente,
3266 5186 3348 5243 sic
3400 5187 3623 5258 quidem

2048 5289 2301 5351 prompte
2352 5281 2647 5350 acciperet,
2702 5289 2758 5333 et
2810 5280 2888 5333 sic
2922 5278 3041 5348 ipse
3080 5294 3272 5334 rursus
3324 5279 3445 5335 sine
3497 5278 3627 5357 dolo

2050 5382 2364 5442 reponeret,
2400 5380 2455 5427 et
2494 5372 2599 5425 hoc
2642 5385 2785 5440 saepe
2836 5369 3012 5437 fieret,
3070 5371 3221 5426 subit
3268 5382 3629 5428 mercatorem

2051 5466 2242 5520 vitium
2271 5462 2530 5526 avaritiar,
2566 5462 2966 5532 infideliterque
2998 5471 3056 5518 et
3106 5462 3344 5534 maligne
3376 5479 3437 5519 se
3487 5462 3631 5533 gerit

2053 5557 2106 5613 in
2139 5572 2288 5625 eum,
2321 5556 2414 5626 qui
2438 5555 2715 5623 credebat,
2747 5563 2804 5613 et
2833 5555 3002 5612 violat
3044 5557 3373 5613 veritatem:
3409 5563 3465 5613 ct
3504 5569 3630 5610 cum

3167 5825 3241 5884 15
