4102 6376
494 369 599 435 tu

1718 356 2001 422 MENSIS
2039 354 2466 423 DECEMBER.

3625 353 3731 416 {C0

498 485 747 542 maleﬁcii
806 480 1085 538 materiam
1161 479 1461 535 invenisset
1524 476 1856 542 libertatem,
1912 476 2068 547 lingit

2195 474 2429 530 ιπόθισίν
2469 490 2527 527 τε
2573 467 2909 541 κακουργίας
2975 463 3229 537 εὑρηκὼς
3266 463 3366 537 τὴν
3404 462 3738 534 ἐλευθερίαν,

497 578 725 651 quidem
757 590 816 629 se
850 586 1138 643 reponere.
1166 571 1303 626 Cum
1335 586 1466 625 vero
1517 569 1659 624 nihil
1709 566 2062 638 reposuisset,

496 668 592 723 sed
628 682 721 721 vas
752 679 983 720 vacuum
1031 663 1335 728 clausisset,
1367 662 1611 718 recessit.
1648 659 1757 716 Sed
1815 666 2066 714 sanctum

497 776 607 815 non
628 760 712 813 sic
733 758 981 828 permisit
1004 756 1206 826 decipi,
1242 775 1260 807 ι
1294 757 1388 826 qui
1411 752 1829 824 comprehendit
1854 751 2071 820 sapien-

499 863 587 909 tes
617 853 671 906 in
706 851 911 905 malitia
950 864 1198 911 eorum,»
1236 860 1293 901 ut
1323 862 1475 901 sacra
1509 845 1700 899 dicunt
1733 840 1964 912 Eloquia
1988 841 2067 896 “:

468 959 555 1005 ,οι
584 965 652 1006 ne
680 947 1002 1017 simplicitas
1025 952 1081 998 et
1103 939 1402 997 liberalitas
1447 937 1607 992 facile
1653 943 1836 1005 posset
1865 932 2068 1003 decipi,

499 1052 557 1098 et
600 1041 760 1096 facile
806 1038 1208 1106 despiceretur,
1238 1041 1295 1087 et
1321 1028 1654 1099 contemptui
1681 1028 1978 1082 haberetur
1999 1024 2070 1080 ab

501 1131 886 1194 astutioribus,
928 1129 1053 1182 vide
1081 1122 1545 1194 quemadmodum
1580 1119 1799 1188 sapiens
1827 1127 1884 1173 et
1923 1118 2071 1188 justa

500 1225 599 1283 Dei
635 1220 979 1294 providentia
1013 1233 1137 1272 eum
1172 1215 1264 1285 qui
1318 1212 1575 1284 injuriam
1612 1212 1791 1266 facere
1814 1219 1933 1264 erat
1974 1223 2073 1277 ag-

503 1328 744 1386 gressus.
779 1318 840 1365 ut
866 1307 972 1363 sibi
995 1308 1175 1377 potius
1209 1303 1530 1365 malefaciat,
1560 1299 1746 1355 eilicit.
1781 1298 1915 1352 Nam
1946 1312 2071 1352 cum

506 1408 560 1461 in
583 1403 894 1473 sumptibus
914 1414 1107 1454 aurum
1139 1393 1583 1463 consumpsisset,
1613 1406 1720 1444 non
1741 1392 1806 1444 ad
1836 1390 2071 1453 lucrum,

503 1503 561 1550 et
606 1493 806 1548 deinde
860 1490 1113 1544 redactus
1143 1494 1289 1542 esset
1327 1488 1392 1539 ad
1428 1483 1691 1552 inopiam,
1730 1480 1932 1549 prioris
1968 1479 2071 1533 via:

506 1585 761 1641 meminit
782 1624 798 1647 ,
829 1593 885 1637 et
925 1582 1152 1636 veniens
1183 1578 1251 1633 ad
1282 1591 1534 1639 magnum
1562 1573 1933 1644 Spiridonem,
1973 1586 2075 1625 au-

505 1693 652 1744 rum,
683 1675 828 1746 quod
862 1688 970 1728 non
992 1678 1333 1743 reposuerat,
1363 1670 1663 1739 quasrebat,
1702 1674 1761 1721 ut
1787 1665 1882 1735 qui
1915 1679 2075 1734 repo-

508 1768 729 1821 suisset.
757 1765 912 1819 lllum
946 1778 1078 1818 vero
1108 1777 1215 1817 non
1245 1760 1404 1815 latuit
1451 1758 1669 1829 quidem
1711 1755 2074 1810 maleﬁcium:

507 1857 719 1930 placide
763 1867 970 1921 autem,
1002 1862 1063 1909 ut
1093 1854 1323 1914 solebat,
1350 1852 1513 1921 jussit
1558 1859 1617 1904 ut
1670 1849 1773 1903 iret
1822 1857 1878 1902 et
1933 1847 2079 1902 acci-

510 1959 681 2020 peret.
722 1950 815 2004 Ille
853 1963 1004 2011 vero,
1045 1956 1300 2015 tanquam
1333 1943 1425 2013 qui
1481 1943 1618 1996 nihil
1672 1952 1829 2010 turpe
1863 1940 2081 1993 fecisset

509 2049 569 2093 et
598 2037 890 2097 illiberale,
928 2035 1065 2089 abiit
1123 2044 1451 2102 accepturus
1499 2031 1551 2085 id
1599 2030 1744 2099 quod
1782 2029 2082 2098 repositum

511 2130 711 2184 fuerat.
742 2127 987 2196 Cumque
1016 2125 1342 2194 aperuisset,
1364 2130 1421 2176 et
1448 2137 1541 2175 vas
1563 2120 1722 2174 inane
1747 2119 2081 2190 rcpcriisset,

511 2219 786 2292 quomodo
817 2217 982 2272 etiam
1015 2216 1333 2283 reliquerat,
1376 2211 1480 2266 hoc
1523 2212 1745 2280 quidem
1780 2221 1969 2265 sancto
2003 2226 2085 2264 reo

511 2310 765 2371 nuntiat,
804 2322 933 2362 eum
966 2304 1287 2359 exis-limans
1317 2302 1371 2356 id
1406 2307 1595 2356 latere.
1649 2300 1743 2354 llic
1772 2314 1953 2352 autem
1998 2299 2088 2367 ju-

514 2402 607 2456 bet
631 2414 756 2456 eum
785 2410 1038 2467 quaerere
1070 2393 1422 2461 diligentius:
1452 2393 1530 2447 Ex
1558 2407 1665 2460 quo
1690 2390 1859 2451 enim,
1890 2390 2084 2458 inquit,

515 2484 575 2546 tu
609 2486 924 2558 reposuisti,
978 2485 1185 2538 nullius
1228 2484 1455 2538 alterius
1492 2496 1708 2546 manus,
1743 2481 1886 2550 quod
1922 2481 2090 2548 depo-

516 2581 685 2638 situm
714 2578 915 2643 fuerat,
946 2582 1297 2642 acceperunt.
1333 2574 1428 2628 Ille
1461 2589 1592 2627 vero
1620 2573 1837 2626 simulat
1867 2586 1924 2625 sc
1967 2586 2090 2623 rur-

518 2687 619 2727 sus
641 2668 896 2725 scrutari.
923 2666 1059 2721 Cum
1090 2675 1271 2719 autem
1309 2664 1541 2719 inveniri
1570 2680 1678 2717 non
1710 2672 1911 2732 posset.
1942 2660 2088 2732 quod

514 2780 709 2822 revera
735 2779 846 2818 non
877 2769 1018 2824 crat,
1048 2769 1106 2814 et
1139 2774 1253 2828 pra:
1287 2773 1345 2812 se
1375 2756 1554 2811 ferens
1586 2754 1968 2825 ignorantiam,
2009 2753 2092 2806 di-

515 2866 668 2915 ceret
694 2856 784 2911 ille
812 2867 1023 2918 rursus,
1056 2866 1114 2907 se
1144 2849 1282 2905 nzhil
1306 2849 1574 2911 invenire,
1607 2847 1689 2900 vir
1716 2846 1806 2900 ille
1846 2846 2023 2900 bonus
2039 2853 2094 2899 et

517 2950 701 3006 mitis:
729 2947 787 3003 Si
813 2963 969 3011 vere,
1008 2944 1208 3013 inquit,
1244 2940 1605 3010 reposuisses,
1645 2937 1788 3007 quod
1822 2935 2096 3004 reposuis-

519 3059 630 3109 σεδ,
656 3042 813 3099 facile
836 3040 1131 3095 invenires.
1161 3034 1257 3091 Sin
1282 3050 1434 3101 vero,
1456 3031 1600 3103 quod
1629 3030 1770 3100 apud
1798 3039 1848 3083 te
1870 3028 2092 3093 mansit,

2167 565 2501 621 καταθέσθαι
2565 564 2663 635 μὲν
2715 559 3095 631 ὑποκρίνεται,
3159 556 3323 628 μηδὲν
3373 557 3432 611 δὲ
3461 556 3739 621 καταθεὶς,

2167 655 2304 709 ἀλλὰ
2330 654 2486 708 κενὸν
2503 653 2564 706 τὸ
2592 652 2784 715 σκεῦος
2832 647 3282 719 ἀσφαλισάμενος
3322 644 3518 717 ᾤχετο.
3589 646 3743 701 Ἀλλ’

2168 749 2268 819 οὐχ
2294 747 2466 808 οὕτως
2502 747 2598 816 ὲᾷν
2626 744 2818 814 ἔμελλε
2864 740 3350 813 παρακρουσθῆναι
3383 741 3475 793 τὸν
3537 740 3691 806 ἅγιον
3713 740 3743 790 ὁ

2168 840 2538 912 δρασσόμενος
2608 838 2736 899 τοὺς
2797 834 2995 903 σοφοὺς
3020 835 3078 886 ὲν
3109 836 3175 902 τῇ
3204 832 3509 902 πανουργίᾳ
3537 831 3741 893 αὐτῶν,

2170 932 2246 995 ὡς
2272 933 2341 986 τὰ
2377 931 2499 1001 ἱερά
2529 929 2701 999 δήπου
2730 928 2865 995 φασὶ
2897 925 3075 993 λόγια,
3108 924 3194 976 ἵνα
3220 923 3296 993 μὴ
3324 927 3386 975 τὸ
3405 921 3741 976 ἀπλοῖκόντε

2172 1024 2269 1078 καὶ
2300 1022 2607 1091 ἐλευθέριον
2654 1017 3063 1086 εὐεξαπάτητον
3106 1011 3164 1088 ᾖ,
3202 1016 3296 1069 καὶ
3331 1014 3775 1085 καταφρονῆται·

2176 1116 2374 1189 ῥᾳδίως
2418 1114 2525 1168 ὑπὸ
2578 1112 2690 1167 τῶν
2747 1110 3203 1180 πανουργοτέρων
3243 1108 3343 1163 καὶ
3385 1107 3744 1178 ἀτιμὰζηται.

2176 1209 2318 1280 Ὅρα
2349 1208 2532 1261 τοίνυν
2566 1208 2714 1269 ὅπως
2737 1206 2770 1276 ή
2792 1205 2932 1274 σοφὴ
2964 1203 3060 1257 καὶ
3079 1200 3265 1255 δικαία
3294 1200 3390 1254 τοῦ
3441 1201 3579 1253 Θεοῦ
3613 1201 3746 1270 πρό-

2174 1319 2292 1357 νοια
2323 1302 2415 1356 τὸν
2467 1300 2747 1371 ἀδικήσειν
2778 1298 3210 1368 ἐπιχειρήσαντα
3265 1291 3458 1347 ἑαυτὸν
3487 1292 3749 1360 ἀδικῆσαι

2180 1393 2381 1465 μᾶλλον
2448 1388 2882 1462 παρασκευάζει.
2944 1385 3221 1447 Δαπάναις
3286 1381 3524 1452 γὰρ,ὼς
3551 1381 3748 1446 ἔοικεν,

2175 1487 2238 1541 ού
2285 1486 2422 1557 πρδς
2471 1484 2661 1555 κέρδος
2714 1481 2946 1550 ὁρώσαις
2997 1480 3057 1532 τὸ
3108 1476 3338 1549 χρυσίον
3394 1474 3691 1544 ἀνηλωκὼς
3731 1511 3749 1538 ,

2177 1580 2368 1634 ἔπειτα
2398 1580 2535 1647 πρὸς
2586 1576 2821 1643 ἀπορίαν
2874 1573 3095 1635 ἐλάσας,
3123 1570 3242 1625 ὁδοῦ
3282 1569 3443 1622 πάλιν
3476 1568 3751 1637 μέμνηται

2176 1674 2276 1744 τῆς
2305 1673 2598 1744 προτέρας,
2624 1670 2719 1723 καὶ
2749 1667 2887 1740 πρὸς
2910 1667 3002 1719 τὸν
3053 1664 3226 1735 μέγαν
3257 1663 3445 1726 ἐλθὼν,
3471 1662 3500 1713 δ
3531 1663 3605 1731 μὴ
3626 1675 3755 1712 κατ-

2179 1767 2332 1820 έθετο
2395 1764 2638 1836 χρυσίον,
2681 1761 2758 1824 ὡς
2801 1759 3059 1821 καταθεὶς
3105 1758 3377 1826 ἐπεζήτει.
3426 1752 3622 1806 uvas
3654 1752 3755 1805 οὐκ

2183 1859 2343 1913 ἔλαθε
2398 1858 2498 1927 μὲν
2548 1858 2608 1908 τὸ
2666 1852 3057 1922 κακούργημα,
3101 1850 3291 1920 πράως
3339 1847 3401 1899 δὲ
3433 1843 3605 1906 οὕτως
3632 1845 3756 1896 ἐκέ-

2182 1952 2362 2018 λευεν,
2428 1948 2623 2017 ὥσπερ
2679 1945 2824 2008 ἔθος,
2881 1942 3186 1997 ἀπελθόντα
3238 1938 3447 1992 λαϐεῖν.
3491 1937 3549 1988 '0
3576 1936 3756 2000 δὲ,ὼς

2187 2046 2353 2115 μηδὲν
2418 2042 2608 2095 σκαιὸν
2666 2040 2868 2109 δράσας
2926 2037 3020 2090 καὶ
3072 2029 3646 2102 ἀνελεύθερον,ἀπῄει
3696 2031 3756 2082 τὸ

2183 2134 2343 2203 δῆθεν
2375 2127 2721 2197 καταϐληθὲν
2750 2126 3057 2195 ληψόμενος
3090 2124 3183 2174 καὶ
3211 2120 3504 2185 διανοίξας,
3536 2118 3633 2170 καὶ
3668 2131 3758 2168 κε-

2185 2231 2274 2285 νὸν
2330 2227 2391 2280 τὸ
2458 2222 2650 2285 σκεῦος
2703 2221 2900 2289 εὑρὼν,
2947 2218 3136 2286 ὥσπερ
3176 2215 3240 2281 δὴ
3300 2212 3395 2265 καὶ
3442 2211 3754 2273 κατέλιπεν,

2186 2315 2519 2387 ἀπαγγέλλει
2577 2314 2674 2383 μὲν
2728 2309 2885 2363 τοῦτο
2936 2307 3069 2377 πρὸς
3117 2306 3210 2358 τὸν
3271 2303 3427 2369 ἅγιον
3478 2303 3759 2354 λανθάνειν

2187 2415 2456 2485 οἰόμενος,
2491 2408 2682 2463 ἀκούει
2715 2407 2771 2459 δὲ
2830 2404 3225 2473 ἀκριϐέστερον
3283 2397 3585 2465 ἐπιζητῆσαι
3618 2411 3632 2426 ο
3671 2393 3762 2457 Ἐξ

2188 2508 2309 2559 ὅτου
2336 2507 2464 2573 γὰρ,
2495 2502 2755 2572 ἕφη.·καὶ
2784 2496 3011 2549 κατέθου
3039 2495 3125 2558 σὺ,
3156 2490 3370 2552 ούδενδς
3393 2489 3555 2543 ἄλλον
3582 2491 3764 2557 χεῖρες

2188 2598 2251 2651 τὸ
2280 2594 2625 2665 καταϐληθὲν
2656 2590 2939 2658 εἰλήφασι.
3001 2588 3112 2640 Καὶ
3163 2582 3221 2645 ὃς
3248 2582 3413 2635 πάλιν
3450 2580 3767 2650 προσποιεῖ-

2188 2706 2280 2743 ται
2335 2687 2432 2757 μὲν
2461 2686 2690 2755 ὲρευνᾷν
2722 2699 2737 2715 ο
2775 2681 2900 2733 ἐπεὶ
2934 2677 2991 2730 δὲ
3013 2675 3276 2729 ἀδύνατον
3299 2667 3439 2724 εἶναι
3471 2671 3500 2725 ὃ
3534 2671 3608 2740 μὴ
3636 2670 3769 2738 ἀλη-

2192 2780 2299 2842 θῶς
2327 2775 2418 2849 ἦν,
2467 2778 2819 2848 σκηψάμενος
2848 2773 3099 2840 ἄγνοιαν,
3135 2768 3293 2820 οὐδὲν
3326 2765 3430 2833 ἔφη
3488 2763 3655 2815 πάλιν
3707 2760 3768 2814 τδ

2192 2870 2459 2939 παράπαν
2490 2870 2691 2938 εὑρεῖν.
2735 2867 2798 2921 '0
2854 2865 2910 2918 δὲ
2933 2863 3174 2933 χρηστὸς
3206 2859 3298 2911 καὶ
3349 2858 3525 2926 πρᾶος
3557 2856 3764 2915 ἐκεῖνος

2193 2965 2352 3033 ἀνὴρ,
2402 2963 2461 3014 Εἰ
2490 2963 2608 3032 μὲν,
2649 2953 2695 3012 ὧ
2739 2958 2988 3027 φίλτατε,
3032 2953 3158 3022 ἔφη,
3207 2951 3422 3021 ἀληθῶς
3463 2946 3766 3015 ἐτύγχανες

2196 3054 2480 3125 τεθεικὼς,
2510 3047 2668 3122 εὗρες
2726 3052 2792 3104 ἂν
2843 3050 2939 3102 καὶ
2974 3047 3002 3101 ὃ
3047 3045 3371 3105 κατέθεικας
3408 3040 3681 3110 εὐχερῶςο
3721 3037 3772 3088 εί

522 3135 581 3191 id
616 3149 765 3190 nunc
797 3132 997 3203 quaeris
1043 3146 1074 3185 a
1125 3128 1309 3195 nobis,
1371 3125 1512 3181 scias
1544 3134 1597 3178 te
1658 3124 1835 3191 ipsqu
1891 3120 2092 3190 potius,

2202 3151 2258 3204 δὲ
2288 3150 2316 3202 ὃ
2344 3148 2493 3218 παρὰ
2521 3146 2604 3198 σοὶ
2632 3146 2836 3213 ἔμεινε,
2859 3141 3017 3195 τοῦτο
3066 3137 3163 3193 νῦν
3215 3136 3347 3206 παρ’
3390 3134 3549 3205 ἡμῶν
3583 3127 3771 3182 λαϐεῖν

523 3239 689 3295 quam
720 3237 823 3278 nos
851 3221 1054 3290 decipi.
1084 3218 1199 3273 Hoc
1229 3232 1353 3272 cum
1384 3215 1473 3268 ille
1501 3212 1821 3274 audivisset,
1845 3221 1901 3265 et
1934 3210 2098 3264 sintut

534 3316 770 3372 haberet
802 3311 1193 3368 conscientiam
1230 3323 1352 3361 eum
1384 3306 1543 3361 tacite
1577 3303 2097 3373 reprehendentem,

525 3406 754 3463 minime
783 3404 944 3467 tulit,
991 3401 1084 3458 sed
1119 3398 1269 3455 humi
1300 3397 1485 3453 statim
1520 3395 1773 3466 procidit,
1811 3405 1869 3448 et
1916 3407 2101 3448 sacros

530 3499 683 3555 illius
732 3498 903 3566 pedes
954 3493 1315 3563 prehensans,
1378 3490 1516 3559 petit
1566 3487 1802 3541 veniam.
1870 3485 2103 3540 Sanctus

531 3598 714 3643 autem
746 3584 1051 3657 promptius
1082 3582 1316 3644 remisit,
1341 3595 1504 3649 quam
1538 3577 1629 3631 ille
1661 3577 1850 3647 petiit;
1887 3578 1953 3630 de
1996 3591 2100 3630 cae-

533 3691 651 3734 tero
697 3692 831 3732 vero
860 3684 945 3732 est
971 3674 1312 3734 adhortatus.
1342 3685 1410 3724 ne
1437 3670 1612 3724 aliena
1641 3669 1720 3723 sic
1746 3669 2098 3736 concupisce-

533 3780 641 3838 ret,
690 3784 876 3838 neque
910 3765 1049 3822 dolis
1089 3773 1146 3820 et
1173 3762 1474 3819 mendaciis
1510 3762 1778 3832 pollueret
1823 3760 2106 3815 conscien-

534 3858 687 3916 tiam.
721 3859 858 3914 Nam
874 3855 1020 3927 quod
1054 3870 1122 3912 ex
1147 3853 1438 3925 ejusmodi,
1461 3851 1659 3922 inquit,
1692 3850 1856 3904 rebus
1884 3855 2106 3919 paratur

529 3952 769 4018 lucrum,
832 3965 948 4006 non
984 3958 1089 4022 Vest
1127 3947 1354 4004 omnino
1414 3945 1652 4010 lucrum,
1698 3942 1793 3998 sed
1846 3942 2103 3996 damnum

533 4045 907 4101 manifestum.

607 4275 824 4332 XXXV.
888 4273 1024 4330 Cum
1069 4273 1236 4328 unius
1286 4271 1467 4328 adhuc
1501 4284 1567 4325 ex
1617 4267 1791 4324 sancti
1831 4264 2110 4321 miraculis

539 4366 857 4422 meminerit
887 4364 1084 4429 oratio,
1122 4364 1281 4419 vadet
1329 4363 1395 4417 ad
1426 4363 1546 4433 ejus
1590 4361 1900 4416 decessum.
1939 4357 2111 4412 Aiunt

540 4459 685 4530 quod
717 4473 842 4512 cum
874 4466 1094 4510 sanctus
1125 4462 1271 4510 esset
1313 4452 1492 4508 adhuc
1544 4462 1841 4522 superstes,
1870 4458 1925 4506 et
1967 4464 2109 4519 pra:-

2199 3244 2467 3312 ὲκζητείς’
2502 3239 2613 3292 ἴσθι
2649 3235 2875 3291 σεαυτὸν
2930 3233 3130 3305 μᾶλλον
3174 3232 3317 3302 ἥπερ
3349 3230 3496 3297 ἡμᾶς
3525 3223 3773 3295 παραλο-

2198 3335 2514 3405 γιζόμενος.
2600 3330 2771 3384 Τοῦτο
2829 3332 3039 3382 ἐκεῖνον
3110 3325 3471 3386 ἀκούσαντα,
3527 3320 3623 3372 καὶ
3679 3316 3775 3369 τὸν

2200 3430 2440 3501 κρυπτὸν
2472 3427 2592 3498 ἅμα
2631 3420 3116 3491 συνεφαπτόμενον
3145 3417 3341 3488 ἔχοντα
3375 3413 3475 3476 τῆς
3526 3408 3778 3478 συνειδή-

2204 3500 2342 3581 σεως
2401 3518 2646 3586 ἔλεγχον,
2696 3512 2966 3584 μηδαμῶς
3028 3510 3279 3577 ἐνεγκεῖν
3310 3546 3326 3570 ,
3391 3504 3513 3558 ἀλλ’
3574 3500 3777 3561 εὐθέως

2203 3613 2339 3683 πρὸς
2367 3610 2473 3680 γῆν
2507 3626 2566 3663 τε
2598 3607 2955 3668 καταπεσεῖν,
2995 3604 3088 3656 καὶ
3118 3601 3225 3655 τῶν
3246 3600 3408 3670 ίερῶν
3436 3597 3645 3651 ἐκείνου
3674 3610 3779 3647 πο-

2202 3704 2308 3758 δῶν
2336 3703 2615 3773 ἀψάμενον
2671 3696 3004 3767 συγγνώμην
3032 3696 3206 3748 αἰτεῖν
3232 3709 3248 3725 ο
3295 3691 3385 3745 τὸν
3424 3690 3480 3742 δὲ
3501 3687 3778 3758 ἑτοιμότε-

2205 3811 2299 3868 ρον
2354 3794 2452 3864 μὲν
2469 3794 2710 3862 ἀφεῖναι,
2751 3790 2784 3859 ἤ
2819 3789 3026 3842 ἐκεῖνον
3059 3784 3411 3853 αἰτήσασθαι,
3442 3779 3777 3850 παραινέσαι

2204 3887 2261 3941 δὲ
2292 3885 2387 3940 τοῦ
2430 3883 2622 3939 λοιποῦ
2684 3882 2758 3953 μὴ
2784 3880 2930 3935 οὕτω
2962 3877 3077 3931 τῶν
3123 3873 3423 3944 ἀλλοτρίων
3468 3870 3779 3939 ἐπιθυμεῖν,

2208 3983 2344 4054 μηδὲ
2372 3982 2543 4045 δόλοις
2588 3978 2683 4033 καὶ
2731 3975 2955 4047 ψεύδεσι
2980 3969 3367 4040 καταμιαίνειν
3415 3965 3477 4019 τδ
3515 3964 3778 4025 συνεδός.

2207 4077 2282 4129 Τὸ
2302 4076 2411 4146 γὰρ
2439 4074 2501 4126 ἐκ
2522 4071 2802 4133 τοιούτων,
2830 4068 2986 4139 φησὶ,
3012 4061 3470 4134 περιποιούμενον
3495 4057 3556 4110 οὗ
3590 4054 3782 4124 κέρδος

2208 4169 2367 4234 ὅλως,
2406 4166 2541 4222 αλλά
2573 4164 2747 4236 ζημία
2778 4163 2973 4230 σαφής.

2280 4256 2406 4314 AE'.
2449 4257 2598 4319 Ἐνὸς
2647 4255 2727 4308 ετι
2788 4254 2896 4307 τῶν
2917 4251 3011 4305 τοῦ
3047 4249 3210 4318 ἁγίου
3250 4244 3564 4319 μνησθεῖςδ
3591 4241 3779 4310 λόγος’

2211 4350 2310 4404 ἐπὶ
2349 4348 2447 4419 τῆν
2497 4347 2758 4418 τελευτὴν
2806 4344 2970 4399 αὐτοῦ
3015 4342 3302 4414 βαδιεῖται.
3340 4339 3509 4392 Φασὶν
3561 4336 3667 4401 ὅτι,
3685 4349 3788 4385 πε-

2220 4443 2428 4515 ριόντος
2451 4441 2548 4495 τοῦ
2591 4438 2751 4509 ἀγίου
2794 4440 2889 4491 καὶ
2947 4436 3046 4506 τῆς
3088 4429 3398 4499 ἐπισκοπῆς
3434 4426 3790 4498 προεδρεύονο

520 4559 692 4604 λοσε-»ει
730 4546 1097 4618 episcopatui,
1139 4544 1449 4615 patriarcha
1476 4543 1875 4597 Alexandrinus
1905 4540 2092 4595 indicta

2213 4553 2331 4600 τος,
2374 4535 2403 4586 ὁ
2448 4536 2791 4604 πατριάρχης
2836 4525 3270 4597 Ἀλεξανδρείας,
3315 4522 3532 4576 σύνοδον
3568 4534 3792 4591 παραγ-

541 4640 752 4712 synodo
785 4636 1028 4692 omnium
1052 4638 1143 4707 qui
1167 4635 1218 4689 ei
1245 4632 1475 4704 suhjecti
1505 4642 1680 4695 erant,
1702 4632 2106 4702 episcoporum,

541 4731 762 4787 volehat
789 4728 1020 4799 gentiles
1054 4735 1262 4781 statuas
1308 4737 1363 4780 et
1417 4724 1679 4792 imagines
1728 4723 2111 4778 communibus

543 4822 803 4893 precibus
827 4828 1096 4882 evertere,
1123 4826 1180 4873 et
1206 4832 1299 4873 eas
1330 4814 1385 4870 in
1409 4824 1607 4870 terram
1636 4813 1897 4884 dejicere.
1927 4812 2112 4868 Rebus

543 4914 691 4970 enim
728 4910 995 4983 ejusmodi
1031 4910 1210 4965 adhuc
1254 4908 1410 4979 plena
1457 4916 1576 4963 erat
1628 4905 1853 4961 civitas:
1887 4913 1943 4958 ct
1975 4920 2113 4974 quo-

545 5001 710 5058 modo
746 5003 965 5065 Paulus,
994 5001 1110 5070 ipse
1142 5015 1358 5070 quoque
1410 4998 1853 5053 inﬂammabatur
1895 4996 2110 5067 spiritu,

544 5103 601 5150 et
650 5092 905 5147 ardenter
941 5090 1187 5162 spirabat
1244 5089 1504 5144 adversus
1564 5088 1917 5159 impietatem.
1975 5085 2112 5141 Cum

548 5197 743 5238 omnes
775 5196 905 5252 ergo
925 5180 1354 5245 concurrissent,
1378 5187 1436 5233 et
1457 5193 1515 5234 se
1539 5177 1817 5232 dedissent
1839 5177 2110 5247 precibus,

523 5266 670 5329 'alire
700 5272 924 5343 quidem
956 5279 1150 5327 statuae
1186 5271 1278 5325 Dei
1323 5281 1461 5324 nutu
1497 5279 1553 5324 et
1586 5269 1797 5324 viribus
1838 5267 2116 5322 devoluta:

546 5365 779 5420 fuerunt
802 5375 859 5419 et
881 5365 937 5418 in
964 5373 1166 5419 terram
1188 5361 1434 5433 dejectre,
1453 5376 1521 5416 ex
1548 5361 1619 5415 iis
1641 5371 1823 5416 autem
1849 5375 1956 5414 una
1978 5359 2113 5422 sola,

522 5472 529 5480 ·
551 5460 652 5514 etsi
682 5467 739 5512 et
755 5457 1077 5526 separatim.
1097 5463 1151 5511 et
1166 5454 1326 5510 simul
1345 5469 1468 5510 cum
1487 5454 1580 5509 illo
1595 5453 1901 5524 patriarcha
1920 5452 2118 5506 multas

552 5560 743 5615 preces
757 5544 1373 5613 fudissent,manehatin
1390 5560 1491 5601 suo
1510 5545 1631 5601 loco
1650 5562 1664 5600 :
1682 5560 1789 5600 non
1809 5541 1953 5615 quod
1978 5544 2121 5597 Deus

555 5650 667 5689 non
682 5636 1009 5701 attenderet,
1031 5645 1125 5688 aut
1149 5634 1451 5707 despiceret
1470 5651 1648 5692 sacras
1670 5637 1886 5692 illorum
1907 5648 2118 5706 preces,

633 5816 680 5850 ⁵⁵
705 5813 829 5872 Job.
868 5829 918 5881 ι’,
950 5814 1059 5879 l3;
1094 5816 1113 5869 I
1146 5814 1271 5869 Cor.
1311 5826 1392 5876 tu.
1426 5818 1511 5872 i9.

2209 4627 2398 4697 γείλας
2413 4624 2521 4677 τῶν
2547 4624 2637 4676 ὑπ’
2659 4621 2807 4688 αύτῷ
2834 4621 3054 4674 πάντων
3081 4616 3395 4671 ἐπισκόπων
3414 4608 3793 4675 ταἚλληνικά

2213 4719 2379 4786 ξόανα
2411 4717 2505 4770 καὶ
2532 4715 2852 4784 ἀγάλματα,
2900 4710 3067 4779 εὐχῆς
3109 4708 3297 4777 κοινῆς
3326 4706 3588 4774 τρόπαιον
3626 4698 3795 4772 {160:5-

2211 4811 2333 4864 λετο
2358 4808 2567 4872 θέσθαι,
2593 4808 2687 4860 καὶ
2716 4806 2794 4868 εἰς
2823 4805 2926 4875 γῆν
2970 4802 3146 4855 ταῦτα
3172 4798 3518 4854 καταϐαλεῖν·
3552 4795 3633 4847 ἔτι
3683 4792 3796 4862 γὰρ

2215 4902 2603 4972 ἀναπέπληστο
2649 4899 2759 4953 τῶν
2823 4898 3085 4951 τοιούτων
3137 4896 3171 4965 ἡ
3247 4892 3424 4954 πόλις,
3498 4886 3597 4941 καὶ
3648 4885 3801 4939 καθά

2223 4997 2436 5062 Παῦλος
2485 4996 2831 5066 ὲνεπίπρατο
2879 4992 2976 5046 καὶ
2998 4985 3157 5054 οὗτος
3186 4988 3246 5043 τδ
3269 4987 3508 5055 πνεῦμα,
3536 4985 3628 5036 καὶ
3656 4982 3801 5051 θερ-

2225 5094 2323 5164 μὸν
2360 5086 2513 5145 ἔπνει
2568 5089 2711 5143 κατά
2756 5088 2858 5156 τῆς
2910 5084 3188 5145 ἀσεϐείας.
3234 5081 3458 5135 Πάντων
3484 5072 3580 5129 οὖν
3613 5073 3804 5126 συνδυ-

2219 5159 2602 5251 δραμηκότων,
2624 5178 2718 5231 καὶ
2747 5180 2828 5239 εἰς
2851 5174 3015 5245 εὐχὴν
3039 5170 3266 5232 ἑαυτοὺς
3291 5167 3578 5225 ἐκδόντων,
3601 5166 3668 5215 τα
3697 5159 3803 5228 μὲν

2222 5271 2359 5325 ἄλλα
2419 5270 2530 5323 τῶν
2560 5268 2765 5335 ξοάνων
2819 5266 3053 5336 νεύματι
3092 5262 3186 5316 τοῦ
3221 5260 3358 5314 Θεοῦ
3399 5258 3497 5311 καὶ
3520 5256 3665 5326 ίσχῢι
3693 5254 3807 5305 διε-

2221 5362 2424 5418 δονεῖτό
2446 5379 2505 5415 τε
2551 5362 2648 5415 καὶ
2687 5363 2767 5422 είς
2803 5358 2909 5430 γῆν
2962 5353 3333 5411 κατεϐάλλετο
3358 5362 3373 5379 ⁶
3414 5348 3476 5403 ἔν
3504 5347 3560 5401 δὲ
3588 5344 3800 5400 τούτων

2229 5455 2412 5526 μόνον,
2443 5453 2625 5507 καίτοι
2663 5450 2867 5513 πολλὰς
2896 5446 3020 5500 καθ’
3056 5446 3153 5498 ενα
3178 5460 3236 5496 τε
3264 5441 3361 5494 καὶ
3411 5436 3549 5509 όμοῦ
3583 5435 3683 5498 τὰς
3711 5433 3807 5487 εύο

2224 5523 2325 5613 νὰς
2350 5542 2447 5595 σὺν
2477 5540 2627 5612 αὐτῷ
2665 5540 2841 5611 δήπου
2891 5535 2971 5607 τῷ
3016 5532 3335 5603 πατριάρχῃ
3381 5523 3805 5613 ποιησαμένων,

2226 5609 2386 5703 ἔμενε
2414 5632 2556 5686 κατὰ
2599 5609 2821 5702 νχώῥαν,
2856 5627 2916 5680 ού
2945 5625 3040 5680 τοῦ
3076 5623 3209 5677 Θεοῦ
3245 5623 3321 5693 μὴ
3368 5618 3731 5691 προσέχοντος
3766 5609 3806 5681 ἢ
