4094 6384
360 377 462 442 461

1596 369 1772 432 ῊΤΑ
1814 374 1878 434 S.
1915 367 2394 434 SPYRIDONIS.

3495 374 3602 436 ιπι

351 491 712 560 ἀτιμάζοντος
784 488 881 551 τὰς
952 487 1175 541 ἐκείνων
1238 488 1423 558 εὐχὰς,
1485 487 1602 540 ἀλλ’
1650 488 1918 558 οίκονομίσ

2039 489 2134 544 sed
2165 489 2268 542 hoc
2297 486 2528 556 sapienti
2552 486 2785 541 consilio
2825 487 2989 542 vellet
3018 502 3116 542 suo
3138 486 3343 542 famulo
3375 487 3602 556 gloriam

350 583 530 652 τοιᾷδε
559 584 694 650 σοφῇ
758 579 1005 642 θέλοντος
1035 580 1127 632 τὸν
1163 580 1363 632 ἑαυτοῦ
1406 579 1627 646 δοξάσαι
1657 580 1929 650 θεραπευ-

351 674 473 742 τὴν,
508 675 599 725 καὶ
624 671 794 735 δεῖξαι
826 672 886 723 τό
919 687 981 738 γε
1005 673 1116 732 τοῖς
1154 672 1370 732 πολλοῖς
1395 670 1786 740 ἀγνοούμενον,
1817 666 1930 735 οἷος

354 767 464 834 ἄρα
481 766 767 836 Σπυρξδων
801 766 860 815 ἐν
894 767 1237 826 ἐπισκόποις.
1275 764 1486 826 Νυκτὸς
1511 760 1602 818 οὖν
1627 765 1728 833 ἤδη
1759 781 1932 816 καταο

351 858 653 923 λαϐούσης,
706 857 870 915 αὐτὸς
937 857 1038 922 μὲν
1101 858 1129 907 ὁ
1175 856 1528 924 πατριάρχης
1579 856 1674 907 καὶ
1726 855 1806 907 ἔτι
1861 857 1928 924 τῇ

346 951 480 1018 εύχῇ
516 947 920 1018 προσκείμενος
954 944 1054 1018 ἦν’
1103 947 1225 1000 θεία
1263 947 1321 999 δέ
1367 965 1451 1010 τις
1477 946 1599 1016 δψις
1630 946 1778 1015 αὐτῷ
1827 952 1932 999 πα-

351 1059 483 1111 ραστ
496 1043 603 1093 ᾶσα
631 1041 706 1110 μὴ
728 1041 962 1108 ἀθυμεῖν
1001 1039 1237 1107 ἔφασκεν
1265 1041 1347 1092 ὃτι
1385 1039 1461 1109 μὴ
1487 1040 1547 1090 τὸ
1581 1039 1803 1092 εἴδωλον
1830 1055 1928 1092 κα-

345 1131 597 1192 ταπέσοι,
644 1131 956 1199 Σπυρίδωνι
1005 1132 1118 1199 γὰρ
1151 1131 1528 1200 τεταμίευται,
1557 1134 1619 1183 τδ
1665 1131 1759 1182 ὑπ’
1785 1131 1929 1184 ὲκεί-

347 1240 438 1273 νου
461 1221 527 1290 δὴ
560 1219 724 1272 τοῦτο
773 1221 870 1272 καὶ
930 1219 1095 1288 μόνου
1132 1223 1487 1283 καταπεσεῖν,
1553 1221 1696 1274 ἀλλά
1729 1221 1926 1274 θᾶττον

346 1314 511 1367 αὑτὸν
553 1315 618 1366 ἐκ
659 1313 889 1381 Κύπρου
948 1311 1289 1382 μετάκλητον
1323 1314 1525 1365 ποιεῖν.
1579 1312 1692 1381 Τῆς
1725 1313 1924 1382 Τριμι-

333 1404 567 1468 ,θοῦντος
593 1404 700 1472 γὰρ
739 1406 1040 1466 ἐπίσκοπος
1074 1407 1102 1455 ὸ
1145 1405 1308 1473 ἁνήρ.
1346 1405 1585 1475 Πράττει
1621 1408 1742 1461 κατ’
1790 1409 1927 1461 αὐτὸ

331 1481 410 1565 ’δὴ
453 1497 514 1548 τὸ
546 1495 986 1562 κεκελευσμένον
1015 1495 1044 1546 δ
1074 1494 1442 1564 πατριάρχης,
1481 1497 1577 1548 καὶ
1617 1497 1928 1567 γράμματα

347 1584 598 1652 πέμψας,
635 1583 1027 1652 μετακαλεῖται
1071 1583 1162 1634 τὸν
1207 1582 1381 1648 ἅγιον.
1437 1583 1517 1636 Τὰ
1538 1587 1842 1654 γράμματα
1868 1586 1924 1639 δὲ

347 1675 541 1743 ἐδήλου
571 1675 670 1743 τήν
705 1691 765 1726 τε
803 1671 989 1725 αἰτίαν
1012 1672 1114 1742 τῆς
1144 1673 1538 1743 μετακλήσεως
1573 1678 1671 1728 καὶ
1700 1676 1800 1747 τὴν
1824 1696 1926 1747 φα-

348 1769 535 1819 νεῖσαν
589 1765 731 1832 δψιν,
795 1767 890 1817 καὶ
949 1766 1026 1826 ὡς
1078 1765 1334 1833 οὐδαμῶς
1396 1771 1768 1838 παραιτητέον
1823 1772 1922 1841 τὴν

2038 579 2304 645 tribucre,
2337 588 2393 634 et
2421 579 2711 633 ostendere
2744 579 2796 633 id
2827 579 2972 649 quod
3005 595 3034 634 a
3071 582 3258 635 multis
3313 579 3603 650 ignoraba-

2034 680 2140 732 tur,
2175 671 2354 738 qualis
2395 679 2542 724 esset
2594 671 2737 725 inter
2779 672 3078 740 cpiscOpos
3126 669 3406 738 Spiridon.
3464 667 3602 725 Cum

2035 777 2141 815 nox
2187 777 2318 833 ergo
2343 763 2452 832 jam
2488 762 2856 827 adventasset,
2891 765 3006 832 ipse
3037 764 3257 832 quidem
3291 763 3599 833 patriarcha

2031 851 2213 906 adhuc
2265 853 2493 906 vacabat
2534 852 2794 917 orationi,
2831 852 3081 921 quasdam
3134 869 3267 908 vero
3326 854 3510 907 divina
3547 854 3598 908 ei

2035 957 2308 1012 apparens
2348 943 2507 1006 visio,
2541 943 2855 1012 jussiteum
2895 957 3003 996 non
3054 944 3180 1012 angi
3227 943 3430 1008 animo,
3457 946 3601 1012 quod

2030 1051 2140 1090 non
2199 1033 2419 1089 caderet
2468 1034 2845 1097 simulacrum,
2883 1043 3220 1088 reservatum
3273 1035 3418 1087 enim
3484 1050 3606 1088 esse

2032 1127 2332 1197 Spiridoni,
2375 1134 2435 1181 ut
2480 1128 2534 1181 id
2586 1126 2656 1181 ab
2681 1143 2750 1181 eo
2787 1128 2905 1180 solo
2949 1125 3304 1181 deturbatum
3352 1126 3604 1181 caderet:

2031 1219 2126 1274 sed
2163 1234 2288 1273 cum
2339 1234 2466 1273 eum
2515 1220 2921 1288 quamprimum
2962 1234 2993 1272 e
3038 1219 3216 1289 Cypro
3272 1227 3601 1272 accerseret.

2030 1312 2082 1366 Is
2129 1311 2276 1367 enim
2329 1319 2434 1376 est,
2481 1310 2684 1375 aiebat,
2714 1311 3009 1380 episcopus
3045 1309 3599 1379 Trimmytlutntinus.

2035 1401 2210 1467 Fecit,
2241 1412 2300 1456 ut
2323 1404 2374 1456 ei
2401 1403 2729 1471 imperatum
2763 1402 2960 1468 fuerat,
2999 1404 3342 1472 patriaréba;
3374 1411 3431 1456 et
3461 1403 3608 1456 litte-

2032 1495 2110 1549 ris
2151 1496 2217 1548 ad
2270 1509 2396 1548 eum
2431 1494 2635 1557 missis,
2677 1494 2910 1549 accersit
2959 1505 3208 1549 sanctum
3246 1512 3260 1548 :
3310 1505 3366 1549 et
3410 1494 3607 1550 littera:

2033 1587 2418 1656 significabant
2499 1599 2720 1640 causam
2781 1602 2882 1640 cur
2936 1595 3332 1650 accerseretur,
3385 1597 3440 1640 et
3482 1601 3602 1640 eam

2027 1696 2149 1750 quae
2217 1687 2568 1747 apparuerat,
2619 1678 2919 1732 visionem:
2967 1687 3023 1733 et
3081 1693 3425 1746 nequaquam
3479 1692 3600 1731 esse

2027 1770 2396 1826 recusandum
2442 1770 2756 1824 adventum.
2789 1769 2880 1824 llle
2907 1779 3088 1822 autem
3125 1777 3278 1837 paret
3313 1771 3602 1822 continuo.

348 1859 552 1925 ἄφιξιν.
591 1857 648 1908 '0
669 1857 724 1909 δὲ
751 1855 911 1918 εὐθὺς
943 1855 1207 1922 πείθεται,
1245 1856 1360 1926 ἅμα
1396 1861 1506 1929 γὰρ
1540 1859 1703 1928 ἔληγέ
1731 1878 1790 1913 τε
1823 1838 1918 1931 τῆς

2028 1862 2200 1917 Simul
2250 1872 2415 1930 atque
2444 1862 2592 1914 enim
2641 1859 2803 1914 desiit
2847 1860 3052 1929 legere,
3085 1875 3208 1927 quae
3251 1860 3452 1927 scripta
3487 1857 3606 1912 fuc-

351 1949 720 2016 ἀναγνὼσεως
737 1949 846 2002 τῶν
899 1948 1249 2018 γραφέντων,
1279 1950 1502 2018 καὶτῆς
1545 1952 1663 2004 (ἰδοῦ
1699 1953 1920 2024 ἤρχετο·

345 2043 535 2094 πλοίου
559 2057 617 2092 τε
652 2039 846 2102 ἐπιϐὰς
895 2039 1129 2092 ἀπέπλει
1187 2042 1324 2110 πρὸς
1362 2041 1792 2113 Ἀλεξάνδρειαν.
1852 2046 1926 2098 Τδ

350 2133 450 2202 μὲν
482 2131 577 2184 οῦν
634 2133 815 2182 πλοῖον
845 2132 1201 2201 προσορμίζει
1253 2134 1394 2186 κατά
1431 2135 1530 2202 τὴν
1581 2135 1726 2187 Νέαν
1767 2136 1923 2190 πόλιν

345 2225 647 2292 (ἐπίσημος
675 2223 732 2275 δὲ
799 2217 953 2286 οὗτος
1000 2223 1406 2294 Ἀλεξανδρείας
1471 2225 1694 2297 λιμήν)⁶
1762 2229 1924 2292 αὐτὸς

344 2315 423 2376 δὲ,
459 2317 558 2383 τῆς
583 2315 721 2378 νεὼς
747 2315 1082 2380 ἀποϐαίνων,
1107 2316 1304 2386 ηὔχετο
1337 2319 1476 2370 κατὰ
1508 2319 1652 2384 νοῦν,
1687 2321 1780 2374 καὶ
1806 2322 1922 2391 ἅμα

343 2408 478 2460 οἵτε
506 2406 666 2469 πόδες
695 2406 904 2459 ἐκείνου
951 2408 1050 2477 τῆς
1083 2409 1184 2476 γῆς
1237 2408 1552 2473 ἐπέϐαινον,
1581 2414 1677 2466 καὶ
1710 2415 1769 2467 τὸ
1801 2433 1928 2484 μια-

345 2494 443 2562 ρὸν
479 2494 710 2564 ἄγαλμα
733 2497 831 2548 καὶ
857 2495 1022 2564 εὐχῆς
1053 2496 1306 2563 γενέσθαι
1337 2499 1546 2552 πολλῶν
1567 2505 1814 2572 κρεῖττον
1835 2523 1924 2574 φι-

344 2586 689 2655 λονεικῆσαν,
750 2587 899 2655 αὐτῷ
930 2585 1102 2656 δήπου
1129 2587 1244 2658 ναῷ
1280 2595 1925 2664 συγκατεστρέφετο,κα“ι

343 2685 426 2745 εἰς
475 2682 601 2751 χοῦν
633 2682 972 2736 ἐλεπτύνετο.
1011 2683 1185 2736 Τοῦτο
1239 2688 1335 2737 καὶ
1363 2687 1463 2754 τὴν
1490 2689 1584 2741 τοῦ
1613 2691 1773 2757 ἁγίου
1801 2694 1925 2746 ἐπι-

343 2776 550 2844 δημξαν
609 2775 836 2844 μηδέπω
879 2773 1044 2842 δήλην
1098 2774 1265 2828 οὖσαν
1292 2777 1369 2844 τῷ
1430 2779 1594 2849 Πάπα
1644 2786 1921 2854 γνωρίζει.

354 2867 448 2928 Ὠς
489 2866 598 2934 γὰρ
633 2866 937 2933 αὐτόματον
979 2867 1156 2919 ἐκεῖνο
1188 2868 1601 2938 καταϐληθῆναι
1621 2873 1680 2926 τὸ
1702 2876 1925 2929 εἴδωλον

341 2961 391 3010 οἱ
438 2959 742 3028 ἑωρακότες
765 2958 1118 3025 ἀνήγγειλαν,
1153 2960 1181 3010 ὁ
1216 2962 1402 3022 πάπας
1435 2963 1616 3025 εὐθὺς,
1640 2961 1714 3016 Ὠ
1747 2967 1909 3034 φίλοι,

341 3044 491 3109 εἷπε,
545 3047 826 3113 Σπυρίδων
883 3051 946 3101 ἐκ
1007 3049 1422 3118 Τριμιθοῦντος.
1471 3054 1921 3111 Κὰκεῖνοισπεύ-

345 3153 540 3197 σαντες
575 3138 839 3205 ιὰπαντᾷν
893 3139 1002 3206 γὰρ
1049 3138 1363 3192 ἐκελεύοντο
1409 3141 1540 3206 παρ’
1598 3143 1813 3213 αὐτοῦ),
1841 3146 1922 3199 ἔτι

345 3229 485 3297 7:95;
518 3230 583 3295 τῇ
609 3226 875 3278 ἀποϐάσει
903 3228 991 3279 τὸν
1017 3228 1198 3296 μέγαν
1238 3227 1556 3284 κατέλαϐον.
1587 3231 1682 3295 Τίς
1714 3233 1805 3286 οῦν
1828 3231 1922 3290 οῦ-

341 3336 433 3379 τος
465 3321 722 3384 ἐσχατιὰν
744 3318 844 3386 γῆν
871 3318 1056 3381 οἰκῶν,
1117 3320 1346 3389 ἀνήκοος
1375 3321 1530 3373 τοῦδε
1559 3326 1919 3396 περιελείφθη

345 3410 444 3462 τοῦ
476 3410 800 3478 θαύματος;
871 3411 1158 3477 Ἐγνωσαν
1215 3412 1312 3479 μὲν
1360 3412 1666 3480 Βυζάντιοι,
1702 3417 1844 3483 ἔγνω
1862 3419 1920 3471 δὲ

340 3500 822 3568 αῦτδςοκρατὼν,
889 3501 1116 3571 ᾔσθοντο
1153 3499 1208 3552 δὲ
1259 3501 1353 3554 καὶ
1402 3505 1573 3557 πᾶσαι
1631 3507 1814 3570 πόλεις
1861 3511 1917 3562 αἱ

337 3592 632 3658 διαμέσου,
704 3591 797 3642 καὶ
855 3589 1055 3661 μικροῦ
1102 3592 1286 3644 πᾶσαν
1339 3593 1439 3662 τὴν
1487 3595 1816 3667 οἰκουμένην
1857 3599 1918 3651 τὸ

342 3682 530 3750 θαῦμα
578 3680 893 3751 διαδραμὸν,
922 3683 1022 3734 οὐκ
1044 3680 1192 3735 ἐστιν
1222 3683 1420 3744 εἰπεῖν,
1457 3683 1590 3751 ὅσην
1625 3690 1834 3749 πιστοῖς
1857 3705 1917 3741 τε

343 3777 439 3825 καὶ
462 3772 711 3832 ἀπίστοις
756 3768 1164 3840 ἐμνηστεύσατο
1228 3772 1328 3841 τὴν
1378 3771 1667 3838 ὠφέλειαν,
1698 3773 1775 3836 ὼς
1807 3777 1916 3828 τῶν

340 3865 444 3934 μὲν
473 3860 918 3931 μεταϐαλλόντων
977 3861 1113 3932 πρὸς
1143 3861 1242 3932 τὴν
1288 3863 1593 3928 εὐσέϐειαν,
1625 3866 1721 3917 καὶ
1750 3867 1810 3919 τὸ
1845 3869 1916 3920 ie-

343 3953 438 4019 ρδν
495 3949 778 4018 βάπτισμα
829 3948 1164 4018 δεχομένων,
1225 3949 1335 4002 τῶν
1366 3951 1422 4003 δὲ
1450 3949 1799 4022 βεϐαιότερον
1825 3957 1918 4008 ἐπὶ

338 4046 418 4114 τῷ
446 4044 684 4113 θεμελίῳ
747 4043 951 4112 ταύτης
983 4044 1413 4114 στηριζομένων.
1446 4047 1633 4100 Ταῦτα
1656 4051 1718 4101 ού
1775 4051 1906 4122 ψιλή

340 4151 428 4197 τις
457 4137 549 4186 καὶ
572 4134 937 4196 ἀϐασάνιστος
988 4137 1149 4205 ἀκοὴ,
1180 4135 1316 4189 ἀλλά
1349 4138 1444 4189 καὶ
1474 4140 1505 4207 ἡ
1547 4139 1711 4192 εἰκὼν
1742 4141 1912 4212 φθέγι

335 4244 496 4294 γεται
517 4228 610 4278 καὶ
641 4243 827 4295 συμμσ
841 4227 1030 4296 ρτυρεί
1058 4243 1072 4257 ·
1100 4229 1202 4298 ἦγε
1255 4229 1318 4300 δὴ
1345 4229 1558 4297 μεταξὺ
1590 4231 1791 4304 ἕστηκε
1813 4235 1910 4289 τοῦ

335 4336 398 4371 τε
433 4317 783 4390 ’Δρχοντικοῦ
832 4317 1128 4386 λεγομένου
1161 4319 1430 4385 πυλῶνος,
1492 4325 1588 4376 καὶ
1630 4325 1726 4378 τοῦ
1775 4327 1906 4381 ναοῦ

337 4413 507 4479 φημὶ,
541 4409 954 4479 Τριμιθουντος,
979 4408 1105 4462 ἔνθα
1158 4411 1218 4462 τὸ
1247 4410 1389 4478 ἱερὸν
1422 4413 1763 4484 Σπυρίδωνος
1789 4417 1902 4471 λεί·

2028 1964 2172 2021 rant,
2207 1954 2312 2008 iter
2359 1952 2504 2012 iniit,
2535 1962 2591 2006 et
2636 1967 2831 2005 navem
2885 1951 3282 2015 conscendens,
3330 1951 3604 2020 navigavit

2031 2046 2444 2100 Alexandriam.
2486 2045 2662 2113 Atque
2697 2043 2852 2098 navis
2877 2043 3100 2112 quidem
3127 2042 3350 2112 appellit
3384 2042 3598 2111 Neapo-

2027 2136 2120 2189 lim
2167 2137 2273 2204 (est
2312 2143 2495 2189 autem
2550 2135 2640 2188 hic
2679 2134 2906 2202 insignis
2961 2143 3160 2204 portus.
3198 2132 3599 2200 Alexandri»);

2026 2222 2140 2290 ipse
2182 2237 2312 2274 vero
2357 2222 2425 2275 de
2466 2236 2603 2274 nave
2641 2221 3001 2286 descendens,
3025 2221 3420 2275 exsecrandam
3461 2221 3600 2274 ima-

2026 2312 2228 2380 ginem,
2302 2327 2426 2366 cum
2490 2312 2678 2367 multis
2737 2313 2973 2380 templis,
3039 2314 3294 2380 precibus
3356 2311 3602 2367 nondum

2027 2403 2283 2473 peractis,
2319 2403 2538 2468 evertit,
2581 2412 2638 2456 et
2667 2403 2719 2455 in
2760 2403 3040 2472 pulverem
3092 2403 3436 2457 comminuit.
3487 2401 3602 2458 Hoc

2025 2495 2196 2548 sancti
2222 2493 2537 2560 adventum,
2562 2493 2654 2562 qui
2680 2492 2923 2546 nondum
2941 2500 3060 2546 erat
3084 2493 3424 2556 manifestus,
3450 2506 3604 2562 papae

2025 2588 2317 2656 significat.
2371 2585 2507 2638 Cum
2561 2585 2709 2638 enim
2763 2585 2857 2654 qui
2907 2583 3042 2638 illud
3092 2586 3446 2639 simulacrum
3503 2601 3603 2640 sua

2025 2686 2220 2745 sponte
2268 2676 2534 2730 cecidisse
2570 2676 2842 2741 viderant,
2900 2677 2950 2730 ei
2982 2677 3412 2742 renuntiassent,
3462 2693 3603 2748 papa

2025 2770 2286 2822 continuo
2313 2785 2327 2821 :
2356 2767 2400 2821 Ο
2425 2768 2608 2832 amici,
2635 2768 2832 2838 inquit,
2855 2767 3010 2822 adest
3042 2768 3298 2838 Spiridon
3329 2786 3395 2824 ex
3424 2771 3604 2824 'I‘rim-

2025 2861 2332 2932 mythuute.
2365 2859 2445 2913 Illi
2473 2869 2658 2913 autem
2691 2872 3066 2930 prmparantes
3099 2866 3214 2930 (eos
3245 2861 3389 2915 enim
3415 2865 3600 2933 jusse-

2025 2962 2109 3006 rat
2131 2953 2178 3007 ei
2207 2952 2285 3006 ire
2321 2952 2573 3021 obviam)
2599 2953 2946 3007 oﬂenderunt
2987 2970 3264 3024 magnum,
3297 2957 3387 3024 qui
3419 2956 3601 3010 adhuc

2025 3042 2408 3096 descendebat.
2433 3041 2580 3107 Quos
2599 3042 2736 3095 adeo
2763 3053 3002 3097 remotos
3027 3043 3230 3097 habitat
3257 3045 3409 3099 orbis
3437 3045 3597 3111 fines,

2025 3135 2116 3206 qui
2147 3151 2252 3189 non
2279 3135 2382 3189 hoc
2423 3135 2746 3188 miraculum
2786 3136 3057 3204 acceperit
3084 3134 3602 3214 auditione?._Novc-

2026 3238 2150 3283 runt
2174 3229 2391 3298 quidem
2409 3228 2714 3298 Byzantini,
2740 3229 2890 3282 novit
2916 3237 3094 3281 autem
3127 3227 3243 3297 ipse
3277 3210 3593 3298 imperator.

2026 3322 2323 3377 Senserunt
2359 3336 2549 3374 omnes
2577 3336 2796 3390 quoque
2826 3322 3011 3386 urbes,
3045 3337 3168 3390 quae
3206 3321 3594 3378 intercedunt:

2025 3425 2081 3468 et
2116 3415 2430 3466 universum
2459 3412 2572 3467 fere
2604 3413 2789 3466 orbem
2827 3423 2987 3466 terrae
3018 3415 3320 3482 pervadens
3357 3415 3597 3468 miracu-

2023 3505 2155 3567 lum,
2194 3505 2300 3558 dici
2332 3521 2438 3558 non
2492 3513 2690 3574 potest,
2739 3515 2998 3573 quantam
3051 3506 3256 3574 pararit
3306 3506 3595 3559 utilitatem

2024 3606 2128 3649 tam
2167 3596 2440 3660 fidelibus,
2477 3611 2638 3664 quam
2692 3595 3041 3660 inﬁdelibus;
3072 3596 3158 3649 his
3195 3595 3418 3665 quidem
3461 3611 3597 3650 con-

2019 3688 2193 3741 versis
2217 3687 2284 3740 ad
2315 3688 2595 3756 pietatem,
2625 3695 2678 3740 et
2707 3702 2920 3741 sacrum
2959 3687 3288 3756 baptismum
3322 3690 3597 3758 accipien-

2023 3781 2207 3835 tibus:
2246 3780 2355 3834 illis
2411 3790 2593 3833 autem
2659 3780 2912 3834 stabilius
2961 3779 3203 3835 fundatis
3250 3795 3416 3850 super
3479 3782 3599 3851 ejus

2019 3883 2256 3944 petram.
2303 3871 2428 3924 Hac
2454 3885 2562 3924 non
2591 3869 2838 3938 quaadam
2870 3871 3012 3924 nuda
3041 3871 3336 3924 etminime
3366 3873 3595 3940 probata

2019 3962 2250 4026 auditio,
2283 3960 2379 4016 sed
2410 3961 2574 4014 etiam
2625 3960 2800 4028 imago
2833 3960 3078 4028 loquitur
3101 3969 3158 4014 et
3194 3970 3446 4026 testatur,
3474 3979 3596 4032 qua:

2021 4065 2128 4110 stat
2161 4057 2304 4108 inter
2360 4053 2657 4122 porticum,
2721 4052 2814 4120 qui
2869 4052 3072 4106 dicitur
3120 4053 3506 4115 Archouticus,
3541 4065 3597 4108 ct

2023 4145 2286 4215 templum
2320 4143 2800 4212 Trimmythuutis,
2831 4142 2922 4196 ubi
2970 4153 3098 4196 sunt
3132 4158 3301 4198 sacrae
3346 4144 3596 4214 reliquiae.

2024 4237 2352 4310 Spiridonis.
2383 4237 2566 4307 Atque
2601 4237 2692 4292 his
2741 4237 2959 4306 quidem
2991 4250 3114 4290 cum
3169 4237 3292 4292 aliis
3330 4237 3592 4305 dimissis,

2017 4331 2390 4386 accedendum
2443 4338 2551 4396 est,
2587 4339 2650 4385 ut
2693 4344 2882 4384 sumus
2933 4328 3189 4401 polliciti,
3227 4329 3297 4384 ad
3348 4331 3588 4386 divinam

2010 4425 2157 4478 illius
2189 4431 2441 4477 mortem.

334 4501 527 4570 ψανον,
578 4502 746 4554 κατὰ·
771 4501 939 4572 μέρος
989 4501 1130 4570 μετὰ
1190 4502 1282 4556 καὶ
1329 4503 1506 4559 ἄλλων
1549 4507 1952 4583 ἐξηγουμένη.ι
2001 4515 2162 4572 Ἀλλά
2227 4519 2336 4588 γὰρ
2389 4516 2497 4571 τῶν
2535 4515 2710 4570 ἄλλων
2752 4515 3079 4586 ἀφεμένους,
3107 4516 3185 4580 ὡς
3215 4517 3250 4588 ἡ
3277 4516 3568 4589 ὑπόσχεσις

341 4599 437 4647 ἐπὶ
470 4595 568 4665 τὴν
603 4593 754 4646 θείαν
786 4595 996 4646 ἐκείνου
1030 4593 1286 4666 τελευτὴν
1320 4594 1620 4664 βαδιστέον.

410 4689 552 4755 AG".
584 4691 788 4758 Θέρους
819 4681 887 4756 ἦν
933 4689 962 4739 ό
1006 4689 1220 4758 καιρὸς,
1280 4691 1372 4742 καὶ
1424 4692 1495 4742 τὰ
1521 4691 1648 4757 λήῖα
1696 4695 1916 4766 δαψιλῆ,

2093 4693 2332 4752 XXXVI.
2374 4695 2616 4762 Tempus
2649 4700 2768 4747 erat
2795 4693 3022 4761 astatis,
3048 4704 3104 4750 et
3137 4695 3336 4752 uberes
3377 4707 3591 4769 segetes

338 4782 438 4833 καὶ
485 4781 514 4831 ό
555 4780 767 4849 καρπὸς
817 4777 1082 4848 εῦσταχυς
1125 4781 1221 4831 καὶ
1251 4780 1513 4850 πολύχους
1545 4779 1612 4854 ἦν
1640 4785 1717 4854 τῷ
1749 4788 1906 4856 ἁγίῳ.

346 4874 408 4923 Ὀ
435 4872 492 4923 δὲ
549 4871 848 4941 αὐτουργὸς
899 4869 972 4922 ὢν
1017 4871 1085 4922 τὰ
1141 4871 1392 4935 πλεῖστα,
1436 4875 1531 4925 καὶ
1579 4878 1701 4939 ταῖς
1756 4880 1911 4948 χερσὶ

333 4965 641 5033 χρώμενος,
689 4965 871 5032 ᾱρπην
922 4963 1186 5030 λαμϐάνει
1247 4965 1312 5032 τῇ
1371 4964 1556 5035 δεξιᾷ,
1617 4970 1709 5020 καὶ
1764 4971 1912 5039 ἀμᾷν

333 5056 585 5125 ἄρχεται,
620 5056 809 5122 Ἀιρνω
849 5055 904 5105 δὲ
935 5055 1165 5122 ψεκάδες
1215 5053 1337 5106 λίαν
1399 5055 1615 5123 λεπταὶ,
1657 5060 1908 5129 μηδαμοῦ

329 5148 459 5198 τότε
483 5141 578 5198 τοῦ
600 5147 737 5199 Θεοῦ
770 5145 984 5212 ὕοντος,
1027 5147 1194 5216 μόνην
1226 5148 1322 5214 τὴν
1357 5148 1508 5216 ίερὰν
1537 5151 1748 5204 ἐκείνου
1781 5155 1912 5221 βά).-

336 5236 488 5290 λουσι
517 5238 782 5306 κεφαλὴν,
815 5236 1119 5296 δεικνύντος
1169 5236 1318 5307 αὐτῷ
1367 5237 1462 5290 τοῦ
1498 5238 1656 5292 Θείου
1700 5241 1782 5295 δτι
1808 5245 1912 5296 κά-

332 5335 512 5392 κεῖνος
547 5331 758 5383 θαλλων
788 5332 908 5391 ταῖς
943 5331 1164 5398 ἀρεταῖς
1196 5323 1283 5383 οἷα
1315 5347 1367 5383 τι
1395 5331 1560 5383 καλὸν
1600 5333 1752 5402 λήϊον
1785 5340 1908 5400 ταῖς

328 5424 552 5491 δρόσοις
612 5423 894 5492 βάλλεται,
951 5423 1043 5473 καὶ
1093 5409 1316 5492 ὅτιπερ
1365 5411 1490 5475 ὅσον
1524 5423 1700 5486 οῦπω,
1734 5430 1829 5479 καὶ
1881 5431 1910 5482 ὁ

332 5516 547 5582 καρπὸς
576 5511 728 5574 οὗτος
775 5513 854 5581 τῷ
884 5511 1120 5584 δεσπότῃ
1163 5511 1260 5564 καὶ
1303 5505 1533 5586 γεωργῷ
1585 5519 1910 5588 συγκομῑξε..

329 5625 445 5658 ται.
474 5605 661 5676 Τούτῳ
693 5607 746 5658 δὲ
773 5606 854 5676 τῷ
885 5605 1172 5675 παραδόξῳ
1219 5607 1312 5659 καὶ
1348 5608 1475 5660 ἄλλο
1501 5627 1552 5661 τι
1599 5613 1911 5679 παραδοξό-

331 5715 490 5768 τερον
517 5697 823 5766 ἠκολούθει.
871 5698 956 5759 Ὠς
997 5697 1105 5767 γὰρ
1135 5699 1365 5762 ἐκεῖνος,
1399 5700 1497 5769 τὴν
1537 5701 1784 5771 κεφαλὴν
1816 5704 1912 5754 αύ-

334 5790 426 5842 τοῦ
475 5791 543 5859 τῇ
595 5788 745 5859 δεξιᾷ
780 5788 1090 5859 κατασχὼν,
1138 5790 1246 5852 τοῖς
1279 5789 1550 5860 παροῦσιν
1593 5794 1802 5845 ἐδείκνυ
1843 5797 1906 5862 τῇ

331 5885 508 5954 δρόσῳ
539 5881 856 5950 θάλλουσαν,
911 5884 1099 5955 τρίχες
1146 5883 1346 5946 εὐθέως
1391 5883 1584 5948 ξανθαί
1608 5901 1660 5938 τι
1695 5888 1782 5936 καὶ
1819 5888 1910 5952 μι-

2013 4785 2333 4852 fructusque
2360 4781 2615 4851 copiosus
2641 4789 2695 4834 et
2725 4782 3006 4851 multiplex
3036 4795 3152 4837 erat
3209 4794 3421 4840 sancto.
3465 4787 3590 4856 Ipse

2014 4886 2218 4940 autem,
2258 4885 2317 4927 ut
2347 4875 2439 4942 qui
2487 4873 2601 4926 suis
2642 4871 2897 4926 manibus
2927 4874 3220 4941 plurimum
3255 4885 3500 4931 uteretur
3529 4878 3585 4932 in

2014 4984 2178 5039 opere
2215 4966 2486 5030 faciendo,
2532 4965 2723 5019 dextra
2775 4966 2976 5034 accipit
3033 4965 3248 5031 falcem,
3289 4980 3344 5022 et
3398 4969 3588 5042 incipit

2016 5070 2255 5115 metere:
2285 5070 2510 5128 repente
2541 5073 2670 5112 vero
2694 5058 2985 5112 admodum
3021 5067 3212 5114 tenues
3236 5070 3402 5130 gutta
3424 5064 3584 5128 roris,

2017 5151 2127 5204 Deo
2167 5161 2294 5203 tunc
2358 5149 2584 5202 minime
2644 5148 2885 5216 pluente,
2944 5147 3119 5201 solum
3177 5157 3391 5203 sacrum
3439 5150 3586 5205 illius

2017 5255 2181 5313 caput
2229 5251 2422 5313 petunt
2456 5258 2470 5297 :
2506 5241 2614 5295 Deo
2649 5241 2752 5294 hoc
2780 5242 2830 5294 ei
2886 5240 3232 5303 osmndente,
3288 5242 3434 5310 quod
3495 5244 3585 5298 illc

2013 5351 2233 5407 quoque
2277 5335 2477 5388 ﬂorens
2531 5333 2844 5395 virtutibus,
2880 5341 3134 5398 tanquam
3193 5333 3421 5403 pulchra
3472 5335 3588 5390 ali-

2013 5445 2117 5498 qua
2146 5441 2320 5496 seges,
2357 5439 2480 5478 rore
2516 5423 2812 5492 appetitur,
2842 5433 2899 5476 et
2948 5425 3091 5490 quod
3141 5422 3288 5478 illico
3322 5424 3413 5477 hic
3443 5441 3584 5493 quo-

2015 5535 2121 5589 que
2168 5517 2378 5571 fruetus
2417 5527 2665 5582 portatur
2702 5514 2767 5567 ad
2815 5515 3103 5568 Daminum
3157 5523 3214 5568 et
3269 5516 3580 5585 agricolam.

2015 5608 2168 5662 Hauc
2207 5623 2318 5659 rem
2351 5604 2729 5659 admirabilem
2764 5603 2869 5657 alia
2898 5618 3117 5673 quoque
3143 5618 3435 5660 consecuta
3479 5607 3582 5662 fuit

2014 5699 2410 5755 admirabilior.
2460 5698 2595 5751 Cum
2637 5695 2786 5749 enim
2838 5695 2928 5749 ille
2963 5711 3121 5749 suum
3163 5708 3328 5766 caput
3390 5707 3583 5756 tenens

2015 5793 2224 5851 dextra,
2262 5791 2328 5842 iis
2352 5789 2442 5858 qui
2478 5789 2726 5850 aderant,
2769 5787 3094 5843 ostendebat
3123 5790 3419 5856 roscidum,
3451 5807 3590 5848 con-

2016 5889 2169 5938 tinuo
2198 5882 2378 5954 capilli
2411 5881 2770 5938 efﬂoruerunt
2817 5879 2978 5962 simul
3011 5881 3155 5948 flavi,
3190 5879 3327 5954 nigri
3361 5893 3418 5940 et
3441 5883 3550 5943 albt
3589 5875 3598 5945 ἲ
