4102 6376
533 357 644 421 463

1736 350 2024 410 MENSIS
2063 349 2498 410 DECEMBER.

3703 346 3809 410 ιοι

534 467 838 528 nescimus,
879 462 1141 532 quidnam
1171 459 1280 516 Deo
1310 474 1406 530 per
1461 459 1578 516 haec
1607 457 1973 528 signiﬁcante.
2031 456 2125 512 Ille

2235 459 2438 522 λαιναι,
2471 459 2566 511 καὶ
2603 457 2797 511 λευκαὶ
2831 456 3052 526 σύναμα
3083 455 3381 526 ἐπήνθουν,
3423 459 3522 511 οὐκ
3551 453 3669 512 οἶδα
3713 460 3813 528 μὲν

536 569 724 613 autem
792 569 942 618 eum,
983 559 1046 606 ut
1098 550 1339 614 videtur,
1391 549 1740 620 cognovisset
1775 566 1788 603 :
1824 548 2041 613 Sciatis,
2086 563 2120 602 ο

539 648 727 708 amici.
769 646 907 700 dixit
950 644 1340 715 praesentibus,
1378 642 1526 712 quod
1587 658 1690 712 ego
1729 642 1953 711 quidem
2009 641 2120 711 jam

533 744 743 799 excedo
770 755 803 794 e
837 753 1102 808 corpore;
1143 752 1335 807 magna
1361 751 1496 790 vero
1539 734 1706 805 glnria
1733 734 1998 789 Dominus
2016 731 2120 787 mei

536 847 800 890 excessus
841 827 1212 883 cireutndabit
1244 827 1590 890 memoriam,
1625 833 1683 880 et
1709 823 1896 878 multis
1937 822 2120 876 homi-

537 925 705 982 nibus
741 924 860 978 dies
904 922 1011 976 mei
1064 921 1337 976 adventus
1369 923 1474 975 erit
1523 919 1647 974 festi
1700 929 2119 988 arginnentum:

540 1018 707 1088 idque
737 1016 916 1072 omnis
957 1025 1088 1069 aetas
1132 1020 1356 1084 peraget
1387 1011 1671 1082 splendide
1721 1019 1778 1066 et
1811 1010 2121 1079 magnifice,

542 1126 650 1170 tam
681 1127 977 1184 puerorum
1037 1125 1199 1179 quam
1223 1110 1485 1180 juvenum
1513 1117 1565 1162 et
1597 1122 1811 1161 senum.
1833 1105 1972 1161 Cum
2007 1107 2124 1161 hate

541 1217 595 1264 et
638 1208 809 1261 multa
845 1206 950 1259 alia
985 1203 1216 1258 dixisset
1258 1210 1313 1256 et
1361 1201 1718 1272 praedixisset,
1766 1209 1820 1254 et
1854 1201 1957 1254 alia
2001 1215 2122 1268 qua:

544 1298 833 1370 oportebat
878 1295 1275 1360 admonuisset,
1321 1305 1378 1348 et
1421 1293 1687 1362 quidquid
1739 1302 1857 1347 erat
1918 1293 2122 1345 bonum

543 1398 598 1445 et
660 1390 899 1443 salutare
961 1388 1103 1457 apud
1161 1402 1256 1442 eos
1310 1387 1406 1455 qui
1454 1387 1704 1448 aderant,
1748 1385 2019 1446 oratione,
2065 1393 2125 1437 ut

547 1482 715 1537 semel
763 1481 968 1542 dicam,
1017 1488 1163 1533 esset
1193 1488 1518 1545 persecutus
1564 1490 1618 1532 et
1663 1477 1896 1531 maxime
1939 1477 2006 1531 de
2035 1493 2126 1546 ge-

546 1575 720 1629 nerali
768 1583 823 1629 et
871 1573 1118 1628 omnium
1159 1573 1394 1625 aliarum
1426 1572 1694 1625 virtutum
1748 1570 2002 1635 maxima,
2057 1569 2125 1622 de

548 1668 838 1732 charitate,
895 1666 1138 1734 inquam,
1177 1664 1232 1717 in
1286 1665 1458 1719 Deum
1509 1674 1565 1718 et
1607 1665 1917 1733 proximum
1953 1663 2128 1716 disse.-

551 1761 776 1822 ruisset,
814 1775 921 1812 non
953 1758 1128 1811 multo
1161 1767 1304 1828 post,
1361 1765 1422 1811 ut
1473 1757 1708 1821 dixerat,
1742 1766 1946 1810 castam
1977 1757 2124 1810 illam

2227 547 2254 600 ὃ
2282 563 2336 599 τι
2361 549 2454 601 τοῦ
2483 545 2624 600 Θεοῦ
2671 547 2759 601 διὰ
2805 545 3018 599 τούτων
3047 543 3522 614 ὕποσημαίνοντος
3558 561 3571 574 ·
3603 547 3812 610 ἐκεῖνος

2225 638 2308 704 δὲ,
2333 638 2406 700 ὡς
2440 639 2610 700 ἔοικε,
2643 639 2832 706 γνοὺς,
2865 639 3033 701 Ἰστε,
3073 635 3241 704 φίλοι,
3284 635 3418 707 πρὸς
3442 638 3572 700 τοὺς
3606 640 3812 706 παρόν-

2225 746 2325 792 τας
2362 725 2539 792 εἶπεν,
2570 729 2644 792 ὡς
2679 729 2793 796 ἐγὼ
2833 729 2932 798 μὲν
2980 728 3080 799 ἤδη
3133 727 3228 781 τοῦ
3277 729 3531 798 σώματος
3560 729 3811 800 ἐκδημιῖη

2227 822 2398 892 πολλῇ
2459 821 2516 874 δὲ
2554 821 2682 894 δόξῃ
2715 823 2743 874 ό
2779 821 2986 892 Κύριος
3031 819 3130 889 τὴν
3171 820 3313 891 ἐμὴν
3361 821 3460 890 τῆς
3505 822 3814 892 ἀποδημίας

2231 917 2456 985 μνήμην
2481 931 2550 967 πε
2562 914 2779 985 ριόαλεῖ
2805 914 2899 968 καὶ
2932 913 3146 976 πολλοῖς
3176 913 3287 965 τῶν
3318 911 3681 983 άνθρώπωνή
3713 913 3813 982 τῆς

2226 1006 2489 1075 τελευτῆς
2515 1007 2614 1076 τῆς
2650 1007 2791 1076 ἐμῆς
2841 1005 3028 1075 ἡμέρα
3074 1004 3336 1066 ὑπόθεσις
3387 1003 3587 1074 ἑορτῆς
3635 1004 3812 1071 ἔσται,

2229 1097 2326 1150 καὶ
2357 1098 2662 1166 φιλοτίμως
2701 1096 2909 1167 ταύτην
2938 1097 3124 1167 ἡλικία
3155 1099 3307 1150 πᾶσα
3338 1096 3647 1149 ἐπιτελέσει
3675 1098 3813 1150 νέων

2227 1207 2285 1242 τε
2313 1191 2408 1243 καὶ
2443 1191 2625 1257 μέσων
2661 1190 2752 1241 καὶ
2797 1190 3068 1243 παλαιῶν.
3105 1188 3291 1242 Ταῦτα
3327 1190 3422 1242 καὶ
3449 1189 3622 1242 πολλὰ
3650 1189 3813 1258 ἕτερα

2233 1281 2406 1333 εἰπών
2440 1298 2499 1334 τε
2529 1285 2624 1335 καὶ
2664 1281 3089 1352 προαγορεύσας
3115 1319 3131 1346 ,
3168 1282 3306 1334 ἀλλὰ
3341 1268 3841 1352 καὶ-παραινέσαςξ

3822 1342 3841 1406 l

2229 1378 2298 1430 τὰ
2322 1377 2534 1440 δέοντα,
2568 1379 2662 1431 καὶ
2691 1380 2798 1430 πᾶν
2821 1378 2985 1430 καλὸν
3014 1377 3106 1428 καὶ
3140 1378 3408 1445 σωτήριον
3445 1378 3502 1428 ἐν
3536 1377 3841 1468 κεφαλαίῳῖ

2232 1471 2371 1539 πρὸς
2406 1472 2530 1534 τοὺς
2561 1471 2840 1540 παρόντας
2883 1469 3198 1534 διεξελθὼν,
3250 1471 3344 1522 καὶ
3382 1470 3562 1538 πολλῷ
3617 1469 3818 1538 μᾶλλον

2239 1580 2306 1614 πε
2319 1567 2370 1631 pl.
2398 1563 2502 1632 τῆς
2536 1565 2914 1634 γενικωτάτης
2941 1564 3036 1618 καὶ
3071 1563 3263 1616 πασῶν
3287 1562 3396 1615 τῶν
3419 1561 3597 1616 ἄλλων
3630 1563 3818 1630 μείζο-

2232 1674 2323 1720 νος
2357 1658 2583 1726 ἀρετῆς,
2617 1659 2714 1726 τῆς
2748 1658 2828 1718 είς
2879 1656 2972 1709 τὸν
3014 1655 3151 1708 Θεὸν
3208 1656 3455 1723 ἀγάπης,
3495 1655 3663 1723 λέγω,
3719 1656 3816 1707 καὶ

2231 1749 2324 1802 τοῦ
2386 1749 2636 1819 πλησίον,
2673 1749 2792 1818 μετ’
2818 1749 2880 1801 οὐ
2915 1747 3074 1812 πολὺ,
3108 1747 3300 1818 ὥσπερ
3341 1747 3405 1817 δὴ
3443 1750 3536 1800 καὶ
3566 1748 3692 1816 ἔφη,
3720 1747 3821 1817 τὴν

545 1862 602 1907 et
651 1868 861 1906 sacram
901 1851 1088 1905 emisit
1137 1852 1403 1916 animam,
1454 1851 1506 1905 in
1551 1852 1870 1919 angelorum
1907 1851 2130 1919 quidem

2240 1841 2414 1910 ἁγνὴν
2451 1841 2671 1910 ἐκείνην
2721 1839 2815 1892 καὶ
2887 1839 3042 1910 ἱερὰν
3080 1835 3259 1909 ἀφῆκε
3313 1838 3512 1908 ψυχὴν,
3567 1839 3822 1906 ἀγγέλοις

545 1947 780 2003 chorum
817 1946 1015 2000 merito
1070 1945 1381 2000 admissus:
1435 1960 1616 2016 neque
1656 1953 1850 1999 tamen
1903 1945 2128 1998 omnino

543 2039 837 2096 discedens
872 2038 940 2092 ab
972 2039 1309 2102 hominibus,
1337 2038 1433 2092 sed
1488 2053 1637 2091 nunc
1683 2052 1904 2107 quoque
1956 2037 2129 2090 maxi-

549 2147 689 2185 mam
716 2145 903 2185 euram
938 2145 1154 2198 gerens,
1191 2128 1410 2198 quando
1435 2128 1616 2182 etDco
1641 2138 1721 2181 est
1747 2128 2128 2196 propinquior,

548 2231 604 2276 et
629 2223 821 2292 majori
853 2221 997 2290 apud
1026 2236 1152 2275 eum
1185 2220 1387 2275 ﬁducia
1433 2221 1604 2274 utitur
1627 2228 1682 2272 et
1728 2219 2000 2272 libertate.
2039 2221 2135 2272 At-

549 2329 657 2383 que
695 2314 865 2367 multa
898 2311 1121 2382 quidem
1178 2321 1302 2381 post
1355 2313 1474 2382 ejus
1551 2311 1838 2365 decessum
1885 2323 1940 2364 et
1991 2310 2133 2366 facta

551 2414 682 2458 sunt
731 2405 799 2458 ab
847 2405 962 2470 illo,
999 2413 1055 2459 et
1089 2405 1270 2459 adhuc
1299 2403 1459 2457 ﬁunt.
1529 2402 1638 2457 Nos
1691 2413 1898 2469 autem,
1944 2419 2014 2456 ne
2077 2415 2130 2458 et

553 2495 661 2550 ﬁne
709 2497 835 2550 vita:
886 2495 1138 2565 protinus
1187 2499 1352 2549 etiam
1402 2494 1922 2549 eireutnseribamus
1968 2498 2133 2549 mira-

551 2589 696 2655 cula,
757 2603 934 2658 neque
964 2602 1156 2642 rursus
1181 2587 1538 2658 seriptionem
1611 2588 1838 2642 nimium
1871 2590 2132 2642 extenda-

551 2695 850 2741 mus.cum
901 2681 1067 2734 unius
1104 2688 1195 2733 aut
1248 2679 1483 2734 duorum
1535 2681 1968 2746 meminerimus,
2025 2682 2136 2735 Dea

553 2774 796 2838 volente,
842 2773 1001 2827 ﬁnem
1054 2772 1401 2842 imponemus
1444 2774 1704 2828 orationi.

627 2865 895 2921 XXXVII.
934 2866 1081 2920 Dixit
1109 2865 1330 2936 quidam
1369 2881 1435 2920 ex
1482 2865 1550 2920 iis
1608 2866 1700 2935 qui
1759 2874 1886 2920 sunt
1933 2866 2137 2920 Christi

550 2971 820 3021 amantes,
881 2965 938 3012 et
992 2966 1241 3011 sanetum
1300 2957 1521 3026 quidem
1599 2956 1859 3011 ardenter
1928 2969 2136 3024 amant,

555 3059 742 3104 amant
769 3058 953 3103 autem
998 3051 1358 3103 nihilominus
1409 3051 1574 3102 etiam
1623 3050 1944 3112 veritatem,
1992 3049 2139 3119 quod

554 3159 679 3198 eum
709 3144 828 3212 ejus
845 3142 963 3196 dies
986 3141 1158 3195 festus
1179 3141 1552 3196 celebraretur
1597 3140 1930 3209 (celebratur
1956 3152 2139 3196 autem

551 3233 879 3289 duodecimo
908 3233 1113 3286 mensis
1163 3233 1540 3300 Decembris),
1583 3234 1815 3287 accessit
1860 3233 1974 3302 ipse
2006 3251 2143 3304 quo-

553 3340 659 3394 que
693 3327 756 3378 ad
800 3324 1136 3393 sepulcrum,
1167 3332 1423 3394 tanquam
1449 3325 1630 3377 vivum
1647 3324 2004 3388 allocuturus,
2031 3344 2144 3380 rna-

551 3430 713 3486 gnam
765 3415 820 3468 in
861 3431 988 3469 eum
1028 3415 1183 3468 vultu
1215 3416 1532 3485 signiﬁcans
1563 3417 1924 3470 rever-entiam
1959 3426 2014 3470 et
2048 3435 2142 3472 ve-

551 3507 924 3562 nerationem.
957 3505 1093 3560 Cum
1132 3516 1315 3560 autem
1350 3522 1520 3576 prope
1574 3506 1791 3572 fuisset,
1845 3520 1901 3562 et
1952 3509 2142 3562 oculos

557 3608 706 3652 esset
754 3597 1103 3662 admoturus,
1139 3598 1358 3652 dicebat
1387 3615 1444 3653 sc
1479 3607 1682 3652 tantam
1723 3599 1964 3653 divinam
2016 3617 2142 3656 sen-

558 3709 696 3749 SIssc
744 3695 1122 3747 visitationem
1173 3693 1326 3747 intus
1376 3703 1719 3763 Operantem,
1778 3705 1832 3749 et
1865 3710 1962 3749 cor
2020 3698 2140 3767 ejus

554 3787 692 3840 adeo
720 3796 1061 3856 penetrasse,
1097 3793 1157 3840 ut
1207 3786 1442 3840 sublime
1472 3786 1694 3855 quidem
1744 3787 1912 3842 luerit
1949 3799 2140 3857 raptus

554 3879 774 3948 Spiritu,
825 3888 883 3932 et
913 3879 1077 3944 solas,
1115 3893 1236 3948 quin
1264 3878 1374 3932 illic
1404 3886 1551 3943 sunt,
1593 3879 1802 3934 visione
1833 3883 2140 3950 perciperet

551 3970 1025 4040 pulchritudines:
1075 3970 1279 4024 oblitus
1309 3970 1531 4039 quidem
1581 3973 1828 4025 omnium
1883 3983 2135 4027 terreno-

553 4079 703 4130 rum;
738 4065 942 4120 oblitus
972 4079 1103 4118 vero
1131 4064 1302 4134 ipsius
1330 4079 1546 4134 quoque
1577 4065 1846 4134 corporis,
1877 4067 2138 4135 vocisque

551 4162 607 4208 et
641 4156 916 4210 sermonis
950 4173 1116 4226 prope
1161 4172 1393 4225 expers:
1422 4157 1643 4226 jejunus
1671 4173 1911 4227 quoque,
1953 4169 2005 4212 et
2036 4174 2136 4212 ne-

552 4261 660 4313 que
691 4249 832 4316 apud
875 4248 1045 4301 ullum
1080 4264 1267 4302 vocent
1294 4248 1572 4311 emittcns,
1608 4263 1786 4316 neque
1818 4249 2001 4303 cibum
2042 4257 2131 4303 aut

555 4343 744 4406 potum
804 4346 917 4390 tuto
978 4338 1070 4391 illo
1124 4339 1210 4392 die
1251 4338 1571 4403 admittens,
1616 4341 1720 4394 nisi
1763 4342 1939 4394 solum
1985 4340 2132 4408 quod

554 4425 788 4493 Sumpsit
816 4427 1062 4480 divinum
1091 4443 1291 4498 corpus
1323 4437 1376 4482 et
1409 4430 1729 4500 sanguinem
1766 4430 2129 4483 Dominicum.

2515 1951 2536 1996 ;
2591 1930 2962 2002 συγχορευτὴς
3021 1931 3338 2001 γενόμενος,
3399 1933 3461 1984 οὐ
3531 1933 3640 2001 μὴν
3693 1931 3819 1984 οὐδὲ

2237 2026 2423 2078 τέλεον
2485 2025 2855 2093 ἀφιστάμενος
2903 2026 3012 2078 τῶν
3061 2025 3389 2095 ἀνθρώπων,
3417 2023 3556 2078 ἀλλὰ
3580 2023 3676 2077 καλ⁵
3712 2025 3822 2094 μά-

2239 2118 2396 2170 λιστα
2426 2116 2521 2170 νῦν
2551 2116 2976 2187 προϊστάμενον,
3007 2117 3096 2170 ὅτε
3130 2118 3228 2171 καὶ
3280 2117 3674 2188 πλησιέστερός
3703 2119 3825 2170 ἐστι

2237 2210 2314 2278 τῷ
2345 2209 2488 2278 Θεῷ,
2515 2210 2611 2263 καὶ
2647 2210 2856 2279 μείζονι
2902 2213 2969 2281 τῇ
3011 2211 3152 2281 πρὸς
3193 2210 3358 2264 αὐτὸν
3385 2213 3651 2282 κέχρηται
3682 2214 3827 2284 παῤ-

2240 2305 2429 2376 ῥησί-ᾳ.
2461 2304 2643 2357 Πολλὰ
2677 2305 2778 2375 μὲν
2805 2300 2897 2358 οὖν
2930 2305 3026 2356 καὶ
3050 2305 3120 2357 τά
3151 2305 3288 2373 μετὰ
3318 2304 3417 2374 τὴν
3446 2303 3700 2374 τελευτὴν
3731 2305 3826 2357 ὑπ’

2237 2399 2454 2450 ἐκείνου
2488 2398 2753 2465 γεγονότα
2785 2413 2846 2450 τε
2891 2397 2984 2449 καὶ
3033 2400 3118 2460 είς
3165 2397 3246 2449 ἔτι
3297 2398 3580 2466 γινόμενα.
3630 2397 3824 2467 Ἡμεῖς

2235 2491 2293 2544 δὲ
2337 2491 2426 2543 ἵνα
2467 2491 2606 2562 μήτε
2656 2489 2734 2560 τῷ
2781 2490 2925 2543 τέλει
2958 2489 3055 2543 τοῦ
3110 2492 3227 2561 βίου
3277 2491 3826 2561 συμπεριγράψωμεν

2239 2583 2403 2645 εὐθὺς
2428 2583 2614 2637 καὶτὰ
2648 2582 2909 2652 θαύματα
2941 2623 2956 2648 ,
2999 2585 3136 2654 μήτε
3188 2585 3353 2637 πάλιν
3395 2583 3492 2636 ἐπὶ
3542 2583 3676 2636 πολὺ
3726 2585 3828 2652 τὴν

2242 2677 2463 2747 γραφὴν
2490 2677 2840 2746 ἐκτείνωμεν,
2879 2677 3055 2748 ἐνὸςῆ
3101 2676 3195 2730 δύο
3247 2677 3706 2748 ἐπιμνησθέντες,
3735 2677 3832 2730 τὸν

2243 2770 2402 2837 λόγον
2434 2772 2491 2822 ἐν
2522 2768 2643 2837 Θεῷ
2675 2769 3130 2833 καταπαύσομεν.

2316 2863 2438 2916 ΛΖ’.
2479 2861 2687 2931 Εῐρηκέ
2713 2878 2799 2923 τις
2823 2861 2930 2913 τῶν
2965 2861 3355 2930 φιλοχρίστων,
3395 2863 3492 2916 καὶ
3523 2863 3829 2930 φιλούντων

2250 2953 2349 3021 μὲν
2374 2952 2538 3006 διαπύ
2550 2970 2657 3023 ρω;
2679 2953 2770 3006 τὸν
2793 2954 2969 3021 ἆγιον,
3007 2954 3311 3022 φιλούντων
3342 2956 3396 3009 δὲ
3420 2957 3517 3026 οὐχ
3542 2952 3702 3029 ἦττον
3732 2958 3831 3011 καὶ

2245 3045 2346 3114 τὴν
2388 3045 2670 3114 ἀλήθειαν,
2719 3045 2803 3098 ὅτι
2864 3047 2966 3115 τῆς
3019 3047 3220 3116 ἑορτῆς
3277 3047 3448 3100 αὑτοῦ
3493 3050 3832 3121 τελουμένης

2249 3137 2509 3200 (τελεῖται
2591 3137 2650 3189 δὲ
2711 3137 3025 3206 δωδεκάτην
3093 3137 3185 3191 τοῦ
3242 3140 3585 3211 Δεκεμϐρίου
3657 3141 3832 3212 μηνὸς

2169 3196 2210 3253 C
2246 3227 2497 3298 ἄγοντος)
2545 3227 2778 3298 προσῄει
2833 3229 2928 3282 καὶ
2985 3223 3142 3290 οὗτος
3197 3230 3278 3300 τῷ
3337 3236 3517 3302 τάφῳ,
3575 3234 3834 3307 καθάπερ

2248 3318 2410 3382 ζῶντι
2435 3321 2648 3389 μέλλων
2675 3325 3014 3391 περιτυχεῖν,
3050 3322 3252 3392 πολλὴν
3275 3324 3382 3375 ἀπὸ
3410 3325 3504 3376 τοῦ
3535 3327 3835 3395 προσώπου

2249 3413 2536 3482 σημαίνων
2569 3414 2669 3484 τὴν
2696 3415 2834 3485 πρὸς
2867 3415 3035 3468 αὑτὸν
3063 3415 3198 3469 αίδὼ
3227 3417 3320 3468 καὶ
3345 3417 3654 3472 εὐλάϐειαν.
3674 3419 3835 3473 Ἐπεὶ

2245 3505 2301 3556 δὲ
2372 3507 2469 3558 καὶ
2523 3506 2757 3576 πλησίον
2817 3504 2930 3576 ἦν,
2997 3510 3092 3560 καὶ
3149 3509 3479 3576 παραθεῖναι
3533 3511 3633 3572 τὰς
3676 3511 3836 3581 ὄψεις

2247 3596 2464 3665 ἔμελλε,
2503 3598 2810 3668 Τοσαύτης,
2840 3601 3046 3662 ἐκεῖνος
3083 3600 3288 3667 ἔλεγεν,
3329 3603 3633 3669 ἐπισκοπῆς
3677 3602 3835 3667 θείας

2247 3689 2500 3760 ᾐσθόμην
2539 3691 2690 3743 ἔνδον
2716 3692 3146 3762 ἐνεργουμένης,
3173 3695 3268 3746 καὶ
3301 3693 3475 3757 οὕτως
3508 3696 3679 3766 αὐτην
3724 3714 3834 3764 μου

2245 3782 2530 3852 διελήλυθε
2562 3783 2664 3854 τὴν
2717 3785 2970 3854 καρδίαν,
3014 3786 3092 3849 ὡς
3135 3787 3413 3856 μετέωρόν
3455 3806 3522 3858 με
3573 3789 3838 3856 γενέσθαι

2241 3872 2318 3942 τῷ
2369 3875 2667 3944 πνεύματι,
2737 3877 2832 3928 καὶ
2887 3877 3027 3946 μόνα
3074 3877 3144 3931 τά
3184 3878 3396 3932 ἐκεῖθεν
3462 3882 3834 3948 φαντάζεσθαι

2243 3964 2455 4034 κάλλη,
2521 3967 2910 4035 ἐπιλαθόμενον
2975 3970 3074 4040 μὲν
3132 3971 3238 4023 τῶν
3323 3971 3527 4042 γηΐνων
3587 3974 3835 4040 πάντων,

2241 4055 2642 4125 ἐπιλαθόμενον
2699 4057 2757 4111 δὲ
2813 4060 2908 4111 καὶ
2959 4061 3125 4114 αὑτοῦ
3185 4061 3461 4132 σώματος,
3496 4068 3592 4117 καὶ
3643 4066 3836 4135 σχεδὸν

2244 4147 2460 4214 ἄφωνόν
2509 4165 2568 4200 τε
2623 4150 2718 4202 καὶ
2761 4152 3058 4221 ἄφθογγον,
3107 4154 3184 4214 ὡς
3225 4156 3280 4208 δὲ
3332 4159 3426 4209 καὶ
3461 4159 3646 4210 ἄσιτον
3676 4161 3834 4222 ὄντα,

2240 4240 2337 4290 καὶ
2366 4241 2503 4309 μήτε
2538 4241 2678 4310 πρός
2709 4259 2830 4294 τινα
2857 4245 3041 4312 φωνὴν
3077 4247 3425 4316 προϊέμενον,
3460 4250 3597 4318 μήτε
3623 4253 3842 4322 τροφὴν

2239 4331 2270 4402 ἢ
2308 4333 2471 4385 πόσιν
2505 4335 2635 4405 παρ’
2660 4335 2791 4404 ὃλην
2822 4337 3038 4405 ἐκείνην
3071 4339 3170 4408 τὴν
3209 4343 3428 4411 ἡμέραν
3460 4347 3840 4411 προσιέμενον

2237 4423 2402 4487 ὅλως,
2451 4426 2533 4477 ὅτι
2575 4427 2649 4496 μὴ
2691 4428 2854 4497 μόνου
2911 4430 3289 4500 μεταλαχόντα
3343 4434 3436 4485 τοῦ
3486 4437 3842 4490 Δεσποτικοῦ

552 4517 728 4571 Porro
779 4527 962 4572 autem
1024 4517 1158 4572 alias
1218 4535 1435 4588 quoque
1473 4521 1524 4574 ei
1557 4521 1766 4575 exstitit
1809 4523 2130 4576 miraculum

2240 4518 2334 4570 καὶ
2366 4517 2514 4569 θείου
2557 4518 2815 4589 σώματός
2849 4537 2909 4572 τε
2939 4522 3034 4574 καὶ
3068 4523 3323 4592 αἵματος.
3376 4526 3603 4578 Ἀλλοτε
3639 4532 3843 4596 μέντοι

551 4607 889 4674 evidentius;
923 4619 1007 4664 est
1037 4627 1166 4665 vero
1194 4612 1389 4667 modus
1425 4613 1490 4667 ad
1543 4614 1880 4668 narrandum
1926 4615 2131 4685 jucun-

2241 4611 2337 4662 καὶ
2367 4611 2766 4682 ἐναργέστερον
2807 4614 2958 4683 αὐτῷ
2989 4616 3052 4667 τὸ
3102 4617 3291 4685 θαῦμα
3342 4619 3609 4687 κατέστη,
3657 4622 3756 4673 καὶ
3807 4621 3843 4673 ὁ

557 4700 839 4754 dissitnus.
876 4701 969 4755 Ille
1000 4703 1250 4772 quidem,
1296 4713 1356 4757 ut
1396 4705 1552 4770 dixit,
1586 4722 1711 4760 cum
1762 4723 1889 4761 eum
1947 4723 2131 4762 rursus

2240 4701 2441 4768 τρόπος
2498 4700 2790 4764 διεξελθεῖν
2844 4701 3226 4771 χαριέστατος.
3303 4705 3360 4757 '0
3415 4707 3535 4774 μὲν,
3571 4707 3648 4768 ὡς
3698 4709 3847 4779 ἔφη,

555 4794 679 4864 ejus
704 4795 822 4850 dies
845 4795 1020 4851 festus
1043 4796 1320 4860 invitaret.
1353 4801 1583 4855 accessit
1611 4800 2131 4871 Trimmythuntem,

2248 4791 2345 4858 τῆς
2385 4793 2583 4863 ἐορτῆς
2619 4794 2784 4846 αὑτὸν
2817 4795 2972 4858 αὖθις
3000 4797 3432 4868 παρακαλούσης
3455 4838 3469 4862 ,
3505 4801 3584 4861 είς
3627 4801 3849 4869 Τριμι-

561 4900 618 4943 et
673 4903 914 4958 capsam,
956 4905 1077 4959 qua:
1109 4890 1284 4947 sancti
1338 4893 1651 4947 continebat
1720 4894 1999 4962 reliquias,
2047 4893 2131 4947 ad«

2245 4882 2440 4935 θοῦντα
2482 4885 2804 4954 γενόμενος,
2856 4888 2949 4940 καὶ
3001 4887 3100 4958 τὴν
3147 4889 3306 4959 σορὸν
3349 4890 3385 4960 ἢ
3419 4893 3487 4943 τά
3517 4890 3614 4942 τοῦ
3670 4892 3848 4959 ἁγίου

556 4995 723 5036 orans
772 4989 825 5036 et
873 4983 1231 5051 amplectens,
1262 4983 1520 5038 similiter
1552 4985 1771 5055 quidem
1829 4985 2019 5039 habuit
2048 5001 2131 5040 cor

2247 4975 2479 5045 λείψανα
2520 4980 2788 5047 περιεῖχε,
2830 4979 3158 5048 προσκυνῶν
3189 4997 3247 5032 τε
3293 4983 3390 5032 καὶ
3419 4982 3848 5050 ἀσπαζόμενος,

560 5074 830 5143 repletum
876 5073 1117 5142 lumine;
1171 5075 1428 5145 impletus
1473 5085 1558 5132 est
1600 5087 1780 5130 autem
1827 5079 1876 5131 ei
1921 5093 2131 5148 quoque

2247 5068 2540 5138 ἐπληρώθη
2582 5070 2682 5139 μὲν
2715 5070 2917 5140 ὁμοίως
2950 5072 3049 5143 τὴν
3084 5073 3313 5143 καρδίαν
3349 5077 3549 5142 φωτὸς,
3581 5075 3856 5148 ἐπλήσθη

559 5163 778 5219 animus
843 5165 1146 5235 voluptate,
1202 5175 1259 5220 et
1307 5181 1556 5236 quaenam
1617 5167 1761 5220 bona
1824 5176 2131 5236 exspectant

2244 5162 2302 5214 δέ
2336 5161 2435 5233 τὴν
2467 5161 2647 5233 ψυχὴν
2679 5163 2894 5233 ἡδονῆς,
2931 5166 3024 5217 καὶ
3054 5163 3143 5220 οἷα
3172 5165 3239 5217 τὰ
3284 5167 3411 5228 τοὺς
3444 5167 3631 5232 ἁγίους
3680 5183 3862 5238 περι-

558 5263 800 5320 sanctos,
850 5271 947 5326 per
974 5257 1265 5326 praesentia
1295 5299 1310 5322 ,
1360 5257 1540 5327 quoad
1590 5258 1711 5327 ejus
1769 5258 1888 5311 ﬁeri
1939 5261 2131 5327 potuit,

2252 5254 2488 5325 μένοντα
2515 5255 2700 5324 ἀγαθὰ
2733 5257 2820 5310 διὰ
2847 5255 2956 5310 τῶν
2987 5260 3276 5328 παρόντων
3311 5259 3386 5322 ὼς
3409 5261 3531 5313 ἐνὸν
3567 5262 3855 5329 ἐτεκμαί-

557 5346 821 5418 conjeeit.
849 5347 1057 5404 Deinde
1089 5349 1188 5403 ivit
1216 5348 1284 5404 ad
1321 5349 1617 5416 nundinas,
1643 5359 1704 5405 ut
1744 5352 2131 5420 supellectilem

2250 5365 2377 5418 ρετο
2402 5363 2416 5378 ο
2452 5347 2650 5403 ἔπειτα
2704 5352 2800 5403 καὶ⁵
2853 5353 2936 5415 είς
2979 5353 3080 5422 τὴν
3125 5357 3439 5424 πανήγυριν
3475 5352 3586 5426 ᾔει,
3618 5353 3858 5409 ἔπιπλα.

556 5443 852 5512 quamdam
901 5451 1132 5508 emeret,
1187 5451 1245 5496 et
1277 5443 1627 5508 vestimenta,
1683 5451 1744 5496 ut
1778 5443 1845 5498 iis
1890 5443 2131 5500 indueret

2246 5441 2309 5512 δή
2335 5458 2457 5494 τινα
2479 5441 2797 5511 ὠνήσασθαι
2832 5445 2928 5498 καὶ
2960 5444 3274 5521 ἐσθήματα⁹
3306 5448 3503 5517 πένησι
3537 5446 3633 5500 καὶ
3686 5448 3857 5499 ἁπό-

555 5545 832 5601 panperes
865 5541 920 5587 et
962 5548 1188 5604 egenos,
1237 5542 1425 5603 utpote
1453 5534 1600 5603 quod
1649 5544 1863 5606 tempus
1901 5537 2029 5590 anni
2076 5536 2131 5590 ad

2248 5553 2365 5608 ροις
2426 5536 2748 5607 περιϐολὴν,
2801 5539 2896 5592 ἅτε
2948 5537 3014 5609 δὴ
3071 5539 3168 5592 καὶ
3209 5541 3306 5609 τῆς
3339 5538 3490 5610 ὥρας
3534 5541 3616 5602 είς
3671 5539 3864 5594 τοῦτο

559 5621 616 5675 id
642 5631 890 5687 voearet,
919 5635 1039 5678 erat
1059 5627 1206 5678 enim
1234 5624 1430 5696 frigus.
1462 5626 1598 5680 Cum
1625 5643 1688 5681 ea
1720 5645 1851 5699 ergo
1879 5628 2131 5682 adornas-

2249 5629 2550 5699 καλούσης,
2587 5628 2763 5699 ψῦχος
2791 5629 2901 5700 γὰρ
2930 5626 3020 5700 ἦν.
3071 5632 3224 5684 Ἐπεὶ
3267 5627 3364 5685 οὖν
3403 5632 3861 5700 ἐνεσκευάσατο,

555 5725 662 5777 set,
705 5727 758 5770 et
813 5717 1038 5770 domum
1088 5716 1332 5771 eundum
1366 5729 1530 5784 esset,
1589 5736 1689 5774 usu
1732 5721 1804 5775 ita
1856 5733 2131 5791 poscente,

2249 5722 2344 5774 καὶ
2382 5723 2487 5775 ἔδει
2521 5725 2718 5793 φοιτᾷν
2761 5723 2949 5777 οἴκαδε
2985 5724 3178 5796 χρείας
3221 5723 3578 5794 ἐπειγούσης,
3602 5723 3865 5794 συνδρο..

553 5819 702 5862 erat-
727 5809 950 5893 quidem
1007 5811 1235 5880 nubium
1297 5826 1624 5879 concursus,
1661 5824 1716 5867 ut
1763 5816 1895 5870 διιίρι
1931 5813 2131 5880 hieme;

2253 5813 2329 5887 μὴ
2358 5815 2476 5885 μὲν,
2511 5810 2601 5870 οἵα
2633 5814 2932 5886 χειμῶνος,
2965 5817 3144 5887 νεφῶν
3187 5811 3278 5885 ἦν,
3318 5814 3532 5885 ὄμϐρου
3561 5815 3616 5868 δὲ
3657 5831 3871 5872 κατα.-
