4094 6384
367 369 476 435 ιιι

1578 364 1759 428 νιΤΑ
1800 364 1860 424 S.
1906 359 2375 424 SPYRIDONIS

3509 348 3617 411 ιθε

366 489 509 558 φορά
541 485 822 556 ὴπειλεῖτο
874 482 1105 556 σφοδρά,
1158 482 1256 539 καὶ
1298 485 1331 554 ἠ
1370 481 1595 554 φροντὶς
1646 481 1708 535 ού
1766 486 1942 551 μικρά

2070 474 2461 534 ntentabantur
2485 480 2669 529 autem
2707 470 2875 527 mina:
2893 465 3240 525 vehementis
3264 464 3462 529 futurae
3492 464 3616 534 plu-

364 580 512 634 οὕτω
534 576 1002 648 ταλαιπωροῦντι,
1043 578 1138 630 καὶ
1166 575 1261 630 τὸν
1284 574 1488 646 φόρτον
1527 574 1824 644 παραδόντι
1865 569 1943 641 τῷ

372 675 541 744 ύετῷ,
576 672 677 743 τὴν
706 675 765 736 ἐς
794 671 863 726 τὰ
893 673 1071 726 οἰκεῖα
1097 671 1321 739 τέμνειν
1370 670 1511 724 ὀδόν.
1569 667 1941 739 Προὸάλλεται

368 764 502 833 γοῦν
530 767 632 835 τὴν
662 762 878 835 ἀγαθὴν
907 762 1121 827 ὲλπεδα,
1163 763 1262 816 καὶ
1316 761 1387 816 τὰ
1425 760 1653 823 ἔπιπλα,
1700 759 1797 813 καὶ
1836 759 1946 812 πᾶν

366 859 490 911 ὅσον
520 858 578 907 ὲν
611 856 912 924 ἐσθήμασι,
944 856 1058 914 τοῖς
1098 853 1415 921 ὑποζυγίοις
1443 852 1750 922 ἐνθέμενος,
1778 850 1944 914 αὐτὸς

366 948 448 1016 τῷ
471 946 664 1000 τούτου
701 945 1031 1016 προστρέχει
1058 944 1195 1012 ναῷ,
1226 946 1319 997 καὶ
1342 943 1417 1008 ὡς
1443 940 1557 1014 εἶχε
1588 948 1653 1016 τῇ
1685 944 1829 1015 θήκῃ
1856 962 1946 998 πε-

373 1039 641 1114 ριχυθεὶς,
667 1037 764 1090 καὶ
807 1034 895 1090 οἷα
940 1036 1106 1101 ζῶντι
1141 1035 1366 1105 θερμῶς
1416 1038 1677 1107 περιφὺς,
1711 1038 1942 1090 αἰτεῖται

368 1131 704 1199 κοινωνῆσαι
768 1127 920 1199 αύτῷ
972 1129 1074 1199 τῆς
1127 1130 1292 1193 ὀδοῦ,
1326 1130 1421 1182 καὶ
1460 1126 1688 1200 ἡγεμὼν
1740 1128 1947 1197 ἀγαθὸς

371 1224 628 1292 γενέσθαι
661 1221 814 1291 αύτῷ
843 1238 904 1274 τε
932 1224 1029 1275 καὶ
1056 1224 1173 1286 τοῖς
1208 1221 1307 1275 σὺν
1341 1220 1491 1290 αὐτῷ
1523 1222 1694 1274 πᾶσιν
1719 1260 1736 1285 ,
1780 1218 1947 1274 εὔπο-

375 1314 471 1387 ρόν
525 1331 584 1367 τε
630 1315 815 1375 αὐτοῖς
859 1314 957 1384 τὴν
989 1313 1107 1368 ὁδον
1143 1313 1372 1383 ποιῆσαι
1418 1312 1528 1367 τῶν
1565 1313 1796 1383 ὄμϐρων
1846 1314 1946 1384 τὴν

374 1406 609 1476 ἀπειλὴν
640 1408 734 1459 καὶ
760 1407 1088 1477 πνευμάτων
1115 1407 1411 1477 ἐπισχόντα
1438 1405 1539 1476 τὴν
1568 1405 1713 1477 βίαν.
1760 1407 1820 1460 '0
1850 1408 1950 1476 μὲν

375 1497 549 1550 ταῦτα
600 1496 898 1565 εὐξάμενος
949 1497 1053 1565 τῆς
1123 1496 1514 1569 Τριμιθοῦντος
1566 1496 1737 1569 ἐξῄει.
1791 1496 1851 1549 Ὀ
1891 1497 1951 1551 δὲ

378 1590 555 1658 ἅγιος,
620 1589 810 1661 ὥσπερ
864 1589 961 1644 καὶ
1022 1584 1180 1654 οὗτος
1233 1590 1485 1660 ηὔξατο,
1544 1590 1645 1644 οὐκ
1701 1590 1951 1661 ἀοράτως

385 1684 571 1753 μόνον,
602 1683 741 1736 ἀλλὰ
768 1682 865 1735 καὶ
907 1683 1120 1754 ὁρατῶς
1172 1683 1273 1755 ἤδη
1313 1683 1403 1737 διὰ
1433 1683 1617 1752 πάσης
1648 1685 1797 1755 αύτῴ
1848 1683 1952 1753 τῆς

381 1775 533 1840 ὀδοῦ,
587 1775 842 1846 καθάπερ
880 1776 991 1828 τῶν
1020 1777 1319 1847 ὁδοιπόρων
1359 1773 1460 1843 εἷς,
1503 1779 1820 1848 συμπαρῆν.
1888 1777 1950 1830 Ὀ

2045 572 2167 638 viaz;
2201 578 2259 625 et
2284 584 2393 625 non
2427 581 2618 638 parum
2636 572 2754 620 erat
2786 561 3074 625 sollicitus,
3103 574 3233 615 num
3261 559 3338 614 ita
3361 555 3614 619 amictus,

2056 677 2183 717 cum
2232 675 2377 716 onus
2426 657 2741 713 tradidisset
2779 655 2999 725 pluviae,
3029 653 3259 710 deberet
3290 650 3617 722 compendio

2046 753 2273 807 domum
2298 752 2404 806 iter
2430 749 2667 820 ingredi.
2708 748 2910 802 Bonam
2939 747 3121 815 itaque
3168 759 3316 814 spem
3356 743 3460 799 sibi
3493 757 3620 813 pro-

2047 844 2231 915 ponit:
2259 852 2465 897 etcum
2499 840 2916 911 supellectilem,
2949 848 3004 891 et
3035 836 3301 906 quidquid
3356 844 3476 890 erat
3517 849 3615 889 ve-

2047 936 2237 999 stium,
2249 933 2516 1004 iumentis
2543 930 2908 1001 imposuisset,
2927 931 3041 997 ipse
3065 927 3241 982 currit
3261 925 3327 980 ad
3358 924 3618 994 templum

2052 1019 2287 1085 Domini,
2331 1030 2389 1076 et
2416 1018 2597 1074 loculo
2627 1016 3013 1078 circumfusus,
3056 1024 3113 1070 et
3143 1024 3396 1084 tauquam
3435 1014 3618 1069 vivum

2048 1113 2306 1169 ardenter
2332 1113 2637 1183 amplexus,
2682 1118 2856 1180 rogat,
2889 1116 2949 1162 ut
2975 1107 3047 1162 sit
3092 1106 3146 1162 ei
3190 1109 3290 1162 via:
3330 1121 3517 1162 comes
3564 1114 3623 1162 et

2050 1204 2230 1260 bonus
2255 1206 2386 1264 dux,
2416 1203 2578 1272 eique
2611 1212 2669 1257 et
2694 1201 2807 1256 suis
2830 1200 3088 1256 omnibus
3129 1199 3367 1255 faustum
3398 1208 3455 1255 et
3494 1198 3624 1254 felix

2054 1296 2160 1350 iter
2226 1295 2486 1365 prmbeat,
2538 1293 2795 1347 imbrium
2845 1292 3021 1346 minas
3066 1300 3122 1347 et
3162 1291 3272 1344 vim
3320 1291 3624 1362 reprimens

2051 1397 2364 1441 ventorum.
2394 1386 2489 1440 Ille
2528 1384 2753 1455 quidem
2789 1383 2905 1439 haec
2941 1392 3217 1454 precatus,
3242 1383 3408 1438 exite
3441 1382 3624 1436 Trim-

2053 1479 2360 1551 mythunte.
2423 1477 2655 1533 Sanctus
2687 1486 2893 1542 autem,
2928 1476 3070 1531 sicut
3096 1476 3210 1545 ipse
3239 1475 3417 1531 fuerat
3438 1489 3627 1545 preca-

2056 1580 2163 1634 tus,
2195 1586 2304 1624 non
2337 1569 2512 1624 solum
2538 1568 2753 1639 fugiens
2786 1567 3061 1629 obtutum,
3103 1566 3198 1622 sed
3232 1566 3397 1621 etiam
3427 1565 3628 1621 cadens

2052 1662 2157 1716 sub
2186 1662 2397 1727 oculos,
2434 1676 2533 1731 per
2572 1669 2736 1714 totam
2765 1661 2906 1714 viam
2926 1660 3089 1714 simul
3120 1658 3333 1722 aderat,
3367 1667 3627 1727 tanquam

2057 1768 2202 1807 unus
2225 1767 2291 1807 ex
2315 1752 2641 1807 viatoribus.
2668 1753 2855 1807 Pluvia
2880 1767 3009 1806 vero
3030 1768 3094 1806 ex
3120 1751 3440 1806 confusione
3461 1750 3627 1816 aeris,

383 1869 442 1922 δέ
496 1885 560 1936 γε
608 1841 839 1939 δμὸρος,
874 1870 941 1939 τῇ
976 1885 1034 1921 τε
1072 1868 1168 1922 τοῦ
1208 1841 1379 1940 ⁷ἀέρος
1433 1841 1791 1941 συγχύσει-τῇ
1827 1888 1951 1924 συν-

2070 1852 2114 1899 at
2140 1858 2411 1898 concursu
2445 1844 2696 1904 nubium.
2721 1852 2782 1897 ut
2804 1843 2973 1897 semel
3020 1841 3218 1905 dicam,
3250 1841 3624 1912 impendebat:

386 1959 596 2013 ελεύσει
618 1974 678 2014 τε
710 1959 820 2011 τῶν
843 1959 1135 2027 νεφῶν,ὠς
1161 1963 1363 2027 εἰπεῖν,
1391 1962 1694 2032 ἐπήρτητο,
1725 1965 1790 2033 τῇ
1825 1963 1953 2015 τού-

384 2067 480 2103 του
505 2050 561 2103 δὲ
584 2051 811 2119 δυνάμει
842 2053 1127 2120 κατείχετο
1154 2094 1169 2117 ,
1216 2052 1311 2106 καὶ
1341 2052 1441 2122 τῆς
1472 2055 1643 2121 φορᾶς
1694 2054 1954 2107 ἀνεστέλο

386 2142 531 2197 λετο.
561 2141 692 2197 Ὅτε
713 2143 771 2196 δὲ
798 2144 892 2197 καὶ
914 2143 1006 2196 τὸν
1031 2138 1179 2197 οἷκον
1214 2143 1516 2197 κατέλαϐεν
1546 2147 1573 2197 6
1604 2144 1766 2215 ἀνὴρ,
1797 2146 1825 2197 ό
1856 2146 1955 2214 μὲν

385 2234 584 2287 αὐτίκα
650 2234 863 2302 γίνεται
921 2235 1136 2303 ἀφανής
1166 2250 1180 2265 ο
1213 2234 1310 2288 τοῦ
1349 2235 1407 2287 δὲ
1456 2236 1618 2288 πάλιν
1670 2238 1702 2303 ἡ
1757 2237 1957 2304 καρδία

386 2325 529 2392 φωτὶ
572 2325 797 2395 ἀρρήτῳ
858 2322 1294 2393 περιελάμπετο,
1357 2322 1453 2376 καὶ
1512 2324 1656 2395 χαρᾷ
1702 2322 1957 2392 διεχεῖτο,

390 2414 645 2484 καθάπερ
693 2417 982 2487 ἁψαμένης
1031 2416 1203 2484 αὐτῆς
1274 2415 1370 2469 τοῦ
1433 2415 1593 2483 ἁγίου
1628 2455 1644 2480 ,
1714 2418 1808 2469 καὶ
1858 2416 1957 2486 τῆς

390 2509 600 2571 οἰκείας
637 2510 962 2578 μεταδόντος
993 2510 1338 2579 εὐφροσύνης
1371 2508 1467 2563 καὶ
1497 2509 1717 2580 ἡδονῆς.
1760 2508 1961 2563 Ἢνικα

388 2599 445 2652 δὲ
472 2603 501 2652 6
537 2600 638 2669 μὲν
669 2600 825 2666 ἅγιος
853 2600 1089 2670 ἀφανὴς,
1121 2601 1150 2652 ό
1187 2599 1245 2653 δὲ
1285 2599 1425 2669 ἀνὴρ
1457 2601 1598 2653 εῐσω·
1632 2601 1824 2668 γέγονε
1859 2600 1961 2670 τῆς

389 2691 590 2752 οἰκίας,
653 2690 853 2743 αὐτίκα
901 2692 997 2743 καὶ
1051 2690 1205 2753 ὑετὸς
1261 2689 1579 2758 ἠκολούθει,
1657 2689 1803 2742 πάνυ
1858 2690 1962 2759 μὲν

396 2783 677 2854 ῥαγδαῖος,
710 2782 855 2836 οὕτω
884 2783 938 2835 δὲ
980 2783 1073 2836 καὶ
1104 2782 1439 2852 παρατείνας
1475 2782 1726 2843 ἐπιπολὺ,
1758 2782 1835 2847 ὡς
1866 2784 1963 2836 καλ⁵

390 2879 471 2939 εἰς
498 2879 650 2944 τρεῖς
692 2875 821 2938 ὅλας
850 2875 1062 2943 ἡμέρας
1113 2874 1187 2945 μὴ
1217 2875 1481 2927 ἐκλιπεῖν.
1531 2875 1641 2926 Καὶ
1672 2875 1794 2927 τότε
1849 2874 1950 2943 μὲν

386 2968 536 3020 οὕτω
566 2966 665 3036 τὴν
699 2967 1025 3035 δυσχέρειαν
1058 2966 1158 3037 τῆς
1187 2965 1333 3025 ὁδοῦ,
1372 2966 1560 3020 ἄλλοτε
1591 2964 1647 3020 δὲ
1674 2966 1769 3021 καὶ
1796 2966 1965 3038 ἄλλην

392 3059 633 3127 ἀθυμίαν
664 3058 813 3127 αύτῷ
852 3059 1116 3113 διέλυσεν.

462 3152 594 3205 Aw,
637 3151 854 3220 Ἡμέρα
889 3152 987 3218 μὲν
1017 3153 1117 3219 τῆς
1150 3151 1343 3219 ἑορτῆς
1377 3152 1541 3220 ἤγετο
1566 3150 1660 3204 τοῦ
1696 3150 1958 3220 μεγάλου,
1991 3184 2033 3224 η

391 3247 597 3313 ἄπορον
619 3243 676 3297 δὲ
699 3244 775 3312 τῷ
805 3243 958 3314 ἀνδρὶ
982 3239 1292 3313 ἀπαντῆσαι
1322 3244 1505 3308 πάλιν,
1530 3243 1625 3297 καὶ
1645 3244 1706 3297 τὸ
1729 3246 1966 3315 πρᾶγμα

399 3337 660 3407 συμφορά
703 3336 881 3388 ἐδόκει
916 3334 1088 3406 αύτῷ,
1126 3337 1218 3389 καὶ
1255 3335 1323 3388 δι’
1364 3337 1528 3406 εὐχῆς
1561 3336 1826 3402 ἐποιεῖτο,
1866 3338 1966 3407 τῆς

396 3428 664 3498 συνήθους
700 3428 1009 3494 ἐπισκοπῆς
1035 3444 1093 3479 τε
1128 3428 1222 3480 καὶ
1254 3425 1478 3496 χάριτος
1512 3427 1587 3497 μὴ
1647 3429 1965 3497 ἀποτυχεῖν.

395 3520 463 3574 Ti
500 3520 594 3572 οὖν
624 3518 782 3573 οὔπω
832 3519 1006 3590 πέρας
1060 3518 1366 3589 ὲλόιμὸανεν
1407 3520 1439 3589 ἡ
1484 3519 1642 3588 εὐχὴ,
1674 3519 1771 3572 καὶ
1815 3521 1968 3589 παρὰ

394 3613 488 3665 τὸν
546 3613 675 3665 ναὸν
734 3611 913 3676 ἔδοξεν
974 3612 1217 3676 ἀπιέναι,
1281 3611 1377 3664 καὶ
1426 3610 1545 3681 ἅμα
1594 3611 1694 3679 τῆς
1757 3611 1965 3667 ἐκείνου

396 3702 595 3774 ᾔσθετο
642 3705 951 3770 παρουσίας
996 3703 1089 3755 καὶ
1119 3701 1223 3771 τῆς
1254 3702 1313 3766 ἐξ
1340 3700 1495 3765 ἔθους
1526 3701 1846 3772 ἐλλάμψεως
1876 3704 1969 3757 καὶ

399 3794 745 3863 γλυκύτητος
794 3792 1099 3854 ἐκοινώνει,
1144 3793 1283 3863 πρός
1329 3810 1386 3845 τε
1412 3797 1504 3846 τὸν
1542 3795 1667 3847 ναὸν
1694 3796 1972 3848 συνεισελ-

397 3888 515 3942 θεῖν
546 3888 694 3957 αύτῷ
728 3886 891 3958 ἐῴκει
922 3886 1017 3939 καὶ
1043 3885 1205 3949 αὐτὸς
1230 3886 1690 3955 προσευξόμενος,
1718 3887 1813 3940 καὶ
1842 3904 1971 3941 συν-

398 3982 540 4033 εῖναι
595 3980 724 4047 παρ’
771 3977 902 4047 ὅλην
956 3976 1105 4045 αὐτῷ
1150 3975 1251 4045 τὴν
1307 3976 1638 4043 δοξολογέαν,
1678 3972 1797 4030 εἶτα
1867 3976 1963 4030 καὶ

402 4071 613 4132 πάντας
667 4068 1041 4139 εύλογήσαντα
1101 4067 1230 4129 τοὺς
1273 4066 1576 4136 παρόντας,
1631 4068 1725 4120 ἐπὶ
1775 4067 1966 4130 τέλους

400 4162 727 4229 ἀποστῆναι.

470 4256 599 4310 ΔΘ’.
644 4251 801 4323 Ἐμοὶ
852 4254 952 4322 μὲν
1004 4255 1032 4307 ό
1085 4252 1244 4322 λόγος
1297 4253 1344 4305 εἰ
1401 4252 1496 4306 καὶ
1539 4252 1614 4321 μὴ
1651 4253 1722 4307 τὰ
1757 4252 1971 4308 ἐκείνου

405 4348 608 4412 πάντα,
653 4347 775 4401 ἀλλ’
810 4343 904 4401 οὖν
931 4347 1205 4416 ἀρκοῦντα
1233 4348 1350 4409 τοῖς
1380 4345 1692 4415 φιλαρέτοις
1728 4345 1973 4416 εἴρηκεν.

404 4441 593 4505 Ὅπως
633 4441 816 4494 δὲκαὶ
860 4438 984 4493 καθ’
1036 4440 1275 4508 ἑκάστην
1330 4438 1438 4490 τῶν
1483 4438 1759 4507 δεομένων
1808 4440 1973 4494 αὐτοῦ

2054 1935 2174 2006 ejus
2189 1942 2367 1988 autem
2384 1935 2584 1987 virtute
2601 1933 2978 1999 cohibebatur,
2993 1940 3049 1989 et
3071 1932 3471 2001 reprimebatur
3485 1932 3629 1988 illius

2055 2024 2315 2093 impetus.
2347 2022 2578 2089 Quando
2617 2038 2747 2077 vero
2776 2027 2822 2077 is
2850 2021 3362 2092 pervcnitdomum,
3387 2021 3476 2077 ille
3509 2020 3632 2092 qui-

2056 2115 2183 2169 dem
2232 2114 2485 2185 protinus
2522 2115 2839 2168 evanescit:
2881 2115 3005 2186 ejus
3063 2124 3247 2169 autem
3301 2129 3397 2168 cor
3443 2127 3633 2170 rursus

2063 2206 2327 2261 ineffabili
2362 2207 2483 2261 luce
2532 2204 2936 2272 illustrabatur,
2972 2215 3028 2259 et
3057 2205 3254 2275 gaudio
3287 2204 3632 2259 diffundeba-

2061 2306 2175 2363 tur,
2222 2298 2451 2367 perinde
2489 2313 2556 2352 ac
2605 2298 2654 2354 si
2707 2306 2930 2352 sanctus
2955 2297 3008 2351 id
3040 2298 3326 2366 tetigisset,
3359 2307 3415 2352 et
3455 2297 3634 2368 ipsum

2060 2388 2412 2458 impertiisset
2445 2402 2543 2442 sua
2584 2387 2769 2442 laetitia
2803 2396 2858 2441 et
2905 2372 3208 2456 voluptate.
3272 2386 3408 2441 Cum
3446 2394 3631 2441 autem

2062 2486 2285 2532 sanctus
2314 2476 2534 2547 quidem
2570 2476 2905 2541 evanuisset,
2936 2477 3020 2532 vir
3048 2492 3178 2531 vero
3213 2476 3435 2531 domum
3490 2485 3639 2531 esset

2062 2567 2365 2637 ingressus,
2432 2567 2616 2621 statim
2675 2567 2899 2637 quidem
2976 2567 3269 2622 admodum
3342 2567 3640 2623 vehemens

2062 2658 2244 2728 pluvia
2274 2668 2358 2714 est
2386 2665 2698 2724 consecuta,
2724 2674 2845 2728 qua:
2865 2658 3068 2713 tamdiu
3087 2658 3325 2723 duravit,
3352 2669 3409 2713 ut
3428 2668 3537 2714 tres
3561 2669 3643 2713 to-

2064 2761 2149 2806 tos
2180 2751 2297 2806 dies
2321 2764 2429 2804 non
2482 2751 2767 2806 defecerit.
2822 2752 2891 2806 Et
2928 2767 3079 2807 nunc
3124 2752 3347 2822 quidem
3405 2752 3485 2807 sic
3540 2752 3641 2807 vim

2065 2841 2461 2907 difficultatem,
2493 2843 2629 2897 alias
2671 2851 2854 2897 autem
2900 2845 2949 2898 ei
3000 2846 3163 2898 etiam
3196 2845 3354 2899 aliam
3427 2844 3637 2916 depulit

2065 2934 2237 2990 animi
2264 2934 2665 3008 :egritudinem.

2139 3155 2425 3212 XXXVIII.
2456 3156 2736 3228 Agebatur
2768 3156 2991 3227 quidem
3051 3157 3170 3212 dies
3228 3158 3399 3213 festus
3460 3160 3639 3230 magni

2077 3251 2387 3323 Spiridonis
2405 3269 2420 3320 ;
2439 3266 2570 3329 ‘non
2602 3250 2803 3305 licebat
2829 3258 3013 3305 autem
3041 3249 3171 3305 huic
3199 3251 3318 3305 viro
3343 3267 3411 3306 eo
3434 3252 3642 3317 venire,

2075 3356 2132 3401 et
2163 3361 2225 3401 ea
2262 3361 2351 3400 res
2387 3346 2438 3400 ei
2466 3343 2712 3416 qumdam
2760 3344 2942 3414 gravis
3001 3342 3293 3397 videbatur
3343 3343 3642 3409 calamitas,

2078 3438 2432 3509 rogabatque,
2468 3452 2537 3490 ne
2576 3442 2838 3490 consueta
2872 3434 3190 3489 visitatione
3236 3434 3546 3503 privaretur
3589 3443 3647 3489 et

2077 3529 2268 3598 gratia.
2303 3527 2444 3594 Quid
2482 3527 2686 3597 igitur?
2727 3526 2983 3582 Nondum
3041 3524 3207 3579 finita:
3231 3534 3387 3579 erant
3436 3539 3647 3595 preces,

2076 3628 2134 3674 et
2169 3619 2321 3673 visus
2358 3629 2441 3675 est
2474 3618 2578 3674 sibi
2613 3622 2691 3674 ire
2722 3618 2789 3673 ad
2830 3618 3116 3689 templum,
3170 3624 3228 3671 et
3284 3616 3445 3671 simul
3501 3616 3651 3671 illius

2082 3712 2252 3766 sensit
2283 3711 2599 3773 adventum,
2622 3711 3143 3779 illuminationisque
3164 3718 3219 3763 et
3247 3708 3553 3763 dulcedinis
3583 3708 3652 3763 de

2082 3819 2233 3857 more
2257 3803 2357 3857 fuit
2389 3805 2658 3872 particeps
2680 3811 2736 3857 et
2787 3802 2891 3857 sibi
2939 3802 3094 3857 visus
3146 3808 3230 3856 est
3257 3804 3517 3871 templum
3562 3801 3651 3855 in-

2083 3896 2258 3967 gredi,
2285 3904 2495 3950 etcum
2532 3895 2649 3964 ipse
2679 3903 2824 3948 esset
2874 3903 3150 3963 precatus,
3207 3892 3377 3946 fuisse
3417 3907 3539 3946 cum
3586 3907 3655 3947 eo

2082 4002 2183 4058 per
2213 3995 2381 4041 totam
2431 3984 2911 4055 glorificationem.
2944 3986 3044 4051 Qui
3079 4000 3204 4039 cum
3255 3984 3530 4049 omnibus,
3561 3988 3653 4056 qui

2084 4079 2336 4138 aderant,
2368 4076 2989 4137 benedixisset,tandem
3032 4076 3285 4130 recessit.

2153 4168 2532 4225 XXXIXMihi
2550 4170 2765 4239 quidem
2779 4168 2975 4231 oratio,
2994 4166 3150 4221 sinon
3172 4181 3256 4221 res
3278 4180 3467 4221 omnes
3487 4166 3654 4227 illius.

2083 4273 2139 4319 at
2158 4278 2250 4318 eas
2272 4261 2493 4332 quidem
2517 4268 2663 4315 certe
2687 4259 2845 4323 dixit,
2867 4272 2988 4328 qua:
3023 4258 3152 4314 viris
3181 4257 3337 4311 bonis
3362 4264 3420 4311 et
3439 4256 3658 4311 virtutis

2087 4355 2349 4412 studiosis
2378 4352 2672 4407 sufficiunt.
2689 4351 2974 4417 Quomodo
2998 4360 3176 4406 autem
3198 4348 3447 4420 quotidie
3466 4364 3658 4403 eorum

2088 4449 2184 4520 qui
2210 4465 2334 4504 eum
2371 4455 2583 4517 rogant,
2604 4461 2792 4500 curam
2824 4453 2998 4515 gerat,
3035 4451 3092 4498 ct
3122 4458 3218 4497 eos
3250 4450 3517 4511 protegat,
3546 4455 3656 4495 non

404 4537 748 4604 περιέχεται,
787 4534 888 4586 οὐκ
926 4531 993 4585 ἂν
1033 4531 1191 4593 ἄλλος
1240 4531 1317 4594 ὡς
1362 4531 1643 4602 προσῆκον
1699 4532 1844 4585 εἴποι
1895 4533 1964 4587 ὅτι

2083 4541 2196 4602 alii,
2218 4550 2388 4610 utpar
2409 4548 2512 4602 est,
2537 4537 2797 4601 dixerint,
2821 4551 2984 4607 quam
3022 4536 3057 4590 ii
3079 4536 3203 4600 soli,
3230 4535 3324 4604 qui
3350 4536 3470 4605 ejus
3490 4534 3658 4588 mira-

407 4627 483 4695 μὴ
515 4625 674 4679 αὐτοὶ
706 4623 857 4693 μόνοι
896 4624 945 4676 οἱ
998 4622 1096 4676 καὶ
1140 4623 1249 4674 τῶν
1288 4620 1455 4675 αὑτοῦ
1498 4621 1792 4691 θαυμάτων
1849 4624 1971 4676 ὅσαι

404 4711 547 4790 ὧραι
589 4719 687 4770 καὶ
734 4718 832 4785 τῆς
872 4715 1096 4786 χάριτος
1127 4714 1516 4777 ἀπολαύοντες.
1551 4715 1673 4785 Χρὴ
1730 4714 1786 4767 δὲ
1840 4717 1976 4786 μηδὲ

404 4810 569 4863 τοῦτο
614 4810 893 4880 ζημιῶσαι
928 4811 1056 4871 τοὺς
1091 4806 1379 4877 φιλοθέους
1403 4848 1417 4872 ,
1467 4807 1522 4862 εῐ
1551 4825 1635 4872 τις
1685 4808 1752 4862 ἂν
1784 4806 1976 4880 ζητοίη

403 4901 707 4972 διαπορῶν,
740 4901 907 4954 πόθεν
948 4900 980 4971 ἡ
1014 4901 1251 4970 τοσαύτη
1285 4900 1597 4969 Σπυρίδωνι
1628 4900 1735 4955 τῶν
1758 4900 1977 4972 θαυμά-

402 5013 514 5049 των
542 4996 816 5058 θάλασσα,
852 4995 947 5046 καὶ
974 4994 1027 5046 τί
1058 5010 1187 5045 ποτε
1218 4993 1325 5062 ἄρα
1352 4992 1761 5064 κατωρθωκὼς,
1805 4992 1978 5058 οὕτως

408 5089 567 5159 ὤφθη
621 5088 700 5158 τῷ
758 5086 1011 5159 Δεσπότῃ
1065 5088 1483 5157 κεχαρισμένος,
1527 5088 1657 5143 ἴστω
1686 5087 1761 5151 ὡς
1800 5088 1979 5141 πάντα

410 5186 507 5256 μὲν
541 5182 696 5253 αύτῷ
744 5180 999 5251 καθάπερ
1039 5182 1103 5234 ὲκ
1170 5181 1493 5250 συμφωνίας
1548 5181 1859 5252 συνέδραμε
1912 5182 1982 5234 τὰ

406 5277 572 5340 καλὰ,
613 5277 711 5331 καὶ
743 5275 869 5346 ὄρος
918 5268 1073 5338 οὗτος
1116 5274 1394 5338 πολιτείας
1431 5274 1661 5346 ἀρίστης
1704 5277 1930 5344 γέγονεν
1961 5292 1978 5307 ο

409 5372 467 5426 ἓν
500 5373 560 5426 δέ
581 5389 635 5426 τι
658 5372 827 5424 οἱονεὶ
852 5369 1145 5441 γνώρισμα
1174 5370 1268 5424 καὶ
1297 5370 1627 5440 παράσημον
1661 5369 1769 5423 τῶν
1806 5369 1981 5423 ἄλλων

406 5466 672 5536 διαφέρον
719 5463 1070 5534 Σπυρίδωνος
1117 5458 1275 5534 ἦν,ή
1327 5462 1428 5532 τῆς
1476 5460 1984 5532 ταπεινοφροσύνης

411 5561 507 5615 καλ⁵
540 5559 904 5630 μετριότητος
939 5559 1021 5619 εἰς
1051 5558 1222 5627 ἄκρον
1256 5553 1557 5626 ὑπερϐολὴ,
1585 5554 1680 5607 καὶ
1704 5554 1764 5606 τὸ
1780 5553 1981 5623 μικροῦ

413 5653 627 5715 πάντας
661 5651 779 5705 ὅσοι
844 5649 1139 5720 θαυμάτων
1197 5648 1421 5720 χάριτος
1464 5646 1774 5718 ἠξιώθησαν
1809 5645 1981 5718 ὑπερ-

417 5743 676 5809 εαλόντα,
712 5739 882 5813 μηδὲν
912 5738 1104 5794 ἑαυτὸν
1127 5737 1398 5808 ἡγεῖσθαι,
1435 5736 1573 5807 μηδὲ
1611 5733 1722 5790 τῶν
1751 5734 1984 5789 εὐτελῶν

417 5850 561 5897 τινμς
604 5832 698 5888 καὶ
724 5830 1012 5903 ἁμαρτιῶν
1049 5827 1250 5900 πλήθει
1277 5826 1668 5898 βαρυνομένων
1703 5825 1984 5893 διαφέρειν

2083 4632 2225 4688 culis
2255 4630 2487 4702 singulis
2515 4628 2667 4683 horis
2700 4626 2958 4681 fruuntur
2984 4635 3040 4681 et
3060 4626 3249 4697 gratia.
3283 4626 3657 4695 Oportetvero

2083 4740 2154 4781 ne
2180 4724 2284 4779 hoc
2314 4721 2536 4793 quidem
2561 4719 2817 4774 fraudare
2845 4717 2995 4771 viros
3009 4716 3157 4787 pios:
3191 4716 3235 4769 si
3262 4717 3388 4784 quis
3405 4714 3660 4769 dubitans

2084 4823 2317 4888 quaerat,
2358 4812 2630 4868 undenam
2671 4811 2742 4866 sit
2768 4810 3047 4880 Spiridoni
3076 4817 3284 4862 tantum
3320 4820 3472 4861 mare
3497 4804 3662 4859 mira—

2088 4909 2367 4971 culorum,
2398 4915 2454 4961 et
2479 4906 2803 4975 quibusnam
2838 4899 3141 4956 benefactis
3170 4898 3426 4952 effectum
3473 4903 3578 4957 est,
3602 4903 3661 4948 ut

2086 5009 2233 5056 esset
2264 5009 2370 5054 tam
2402 5009 2588 5069 gratus
2625 4995 2876 5060 Domino,
2902 4994 3040 5049 sciat
3064 4991 3249 5045 omnia
3272 4988 3492 5059 quidem
3517 4988 3658 5042 bona

2087 5102 2144 5149 et
2169 5092 2423 5157 honesta,
2459 5097 2718 5158 tanquam
2754 5102 2821 5142 ex
2856 5099 3126 5141 consensu
3171 5083 3227 5137 in
3248 5095 3374 5136 eum
3421 5093 3657 5134 concuro

2090 5183 2251 5246 risse,
2295 5190 2351 5236 et
2373 5194 2496 5235 eum
2523 5177 2690 5233 fuisse
2738 5172 3199 5246 praestantissima:
3230 5170 3356 5225 vita:
3384 5167 3660 5237 exemplar

2090 5273 2399 5329 definitum.
2452 5270 2632 5327 Unum
2691 5276 2877 5321 autem
2923 5264 3159 5335 signum,
3201 5274 3313 5330 quo
3361 5270 3658 5327 cognosce-

2090 5379 2243 5420 retur
2264 5362 2545 5435 Spiridon,
2564 5368 2620 5416 et
2640 5359 2851 5428 insigne
2873 5355 3102 5410 aliorum
3125 5347 3656 5421 praestantissimum,

2088 5466 2211 5514 erat
2236 5471 2449 5511 summa
2494 5452 2779 5507 humilitas
2824 5457 2881 5505 et
2934 5445 3165 5517 insignis
3216 5441 3555 5499 moderatio:
3603 5448 3661 5495 et

2090 5549 2237 5621 quod
2286 5563 2412 5603 cum
2463 5560 2653 5601 omnes
2682 5543 2795 5598 fere
2849 5542 2988 5596 alios
3033 5545 3338 5609 superaret,
3377 5534 3470 5605 qui
3528 5542 3658 5589 sunt

2091 5638 2482 5696 miraculorum
2537 5633 2765 5704 gratiam
2822 5628 3126 5693 consecuti,
3179 5643 3238 5683 se
3275 5625 3416 5680 nihil
3471 5622 3659 5678 existi-

2094 5738 2288 5792 maret,
2321 5741 2497 5797 neque
2530 5731 2745 5795 putaret
2770 5737 2829 5778 se
2862 5730 3123 5793 praestare
3165 5717 3330 5774 alicui
3366 5730 3434 5772 ex
3460 5712 3661 5769 vilibus

2094 5834 2150 5881 et
2202 5818 2432 5880 abiectis
2474 5827 2530 5874 et
2590 5815 2827 5887 gravatis
2868 5822 3220 5884 peccatorum
3277 5803 3655 5867 multitudine.
