4102 6376
472 351 580 416 46⁸1

1737 349 2022 410 MENSIS
2062 350 2310 412 DECEM
2322 352 2489 413 BER.

3608 348 3716 416 ιδε

476 469 630 522 Talia
685 464 926 536 quidem‘
962 468 1093 518 sunt
1141 460 1265 533 ejus
1308 460 1434 518 vita;
1466 460 1775 525 benefacta,
1803 463 1929 518 talia
1951 480 2047 519 an-

2152 467 2351 520 δοκιῐν.
2375 462 2617 518 Τοιαῦτα
2647 462 2747 534 μὶν
2770 462 2921 533 αὐτῷ
2946 462 3041 519 τοῦ
3070 463 3187 534 βίου
3211 460 3280 517 τὸ.
3293 461 3716 534 κατορθώματα,

474 574 587 614 ηιοηι
623 556 908 611 miracula.
959 553 1308 610 Concedatur
1337 568 1472 610 vero
1515 554 1672 611 nobis
1712 570 1953 625 quoque,
1985 565 2046 611 ut

477 650 625 705 illius
655 649 836 718 aliqua
865 648 884 715 (
900 646 989 702 vix
1017 646 1163 702 enim
1191 646 1309 702 ﬁeri
1349 654 1549 717 potest,
1584 656 1648 702 ut
1684 649 1900 715 omnia)
1927 650 2047 720 ejus

475 740 677 796 auxilio
725 738 1061 794 imitemur:
1111 746 1171 793 ut
1252 736 1554 793 efficiamur
1583 737 1745 792 etiam
1802 753 1928 793 cum
1978 754 2047 794 eo

414 846 421 855 '
478 831 774 902 participes
817 843 1132 898 paratarum
1178 831 1476 893 bonorum,
1513 829 1686 900 gratia
1709 841 1765 885 et
1795 831 2047 900 benigni-

478 930 587 976 tate
621 921 839 975 Domini
882 920 1055 975 nostri
1102 920 1230 975 Jesu
1284 919 1521 976 Christi:
1563 934 1689 974 cum
1739 934 1849 989 quo
1902 919 2048 973 Patri

476 1012 638 1089 simul
669 1028 794 1067 cum
826 1022 1018 1067 sancto
1065 1010 1299 1081 Spiritu,
1333 1009 1529 1079 gloria,
1563 1010 1759 1072 honor.
1806 1008 2047 1078 potentia

475 1114 532 1159 et
561 1104 831 1167 adoratio,
866 1120 1014 1160 nunc
1044 1112 1101 1159 et
1131 1118 1371 1174 semper,
1424 1111 1481 1157 et
1522 1101 1579 1156 in
1631 1101 1828 1157 saecula
1869 1116 2047 1156 saecu-

476 1198 679 1253 lorum.
709 1197 905 1254 Amen.

2154 554 2378 611 τοιαῦτα
2411 556 2468 609 δὲ
2498 556 2591 608 καὶ
2623 556 2692 609 τὰ
2731 556 3009 625 θαύματα.
3066 554 3278 609 Γένοιτο
3342 555 3399 608 δὲ
3452 556 3545 608 καὶ
3578 556 3722 626 ἡμῖν

2148 663 2270 700 τινα
2307 646 2417 698 τῶν
2439 646 2655 699 ἐκείνου
2687 646 2769 717 (τὸ
2816 645 2925 715 γάρ
2971 646 3151 700 πάντα
3187 646 3362 698 εἰπεῖν
3394 642 3592 715 μικροῦ
3622 644 3716 697 καὶ

2150 737 2434 807 ἀδύνατον)
2473 737 2695 809 βοηθείᾳ
2734 740 2801 807 τῇ
2862 738 3028 791 αὑτοῦ
3074 737 3449 807 μιμήσασθαι,
3495 737 3585 790 ἵνα
3617 738 3713 791 καὶ

2154 830 2412 883 κοινωνοὶ
2433 829 2542 881 τῶν
2579 828 3006 899 ἡτοιμασμένων
3040 829 3189 897 αὐτῷ
3241 828 3534 897 γενώμεθα
3585 828 3720 895 ἀγα-

2153 920 2263 974 θῶν
2310 920 2495 990 χάριτι
2545 922 2639 995 καὶ
2691 919 3076 991 φιλανθρωπίᾳ
3125 919 3220 973 τοῦ
3289 920 3495 990 Κυρίου
3565 919 3723 989 ἡμῶν

2155 1009 2331 1079 ἰησοῦ
2370 1008 2634 1079 Χριστοῦ,
2672 1006 2792 1079 μεθ’
2831 1002 2893 1061 οὗ
2927 1008 3004 1078 τῷ
3057 1009 3253 1077 Πατρὶ,
3290 1008 3410 1078 ἅμα
3455 1006 3534 1077 τῷ
3584 1006 3724 1074 ἀγῖω
3771 1000 3782 1070 ξ

2157 1099 2439 1170 ῐινεύματι
2459 1099 2609 1164 δόξα,
2649 1099 2784 1169 τιμὴ
2815 1100 2911 1152 καὶ⁵
2973 1100 3349 1169 προσκύνησις
3376 1098 3472 1152 νῦν
3516 1100 3612 1155 καὶ
3635 1099 3726 1153 ἀεὶ

2166 1193 2263 1246 καὶ
2305 1193 2384 1254 εἰς
2410 1192 2535 1255 τοὺς
2567 1192 2772 1254 αἰῶνας
2800 1191 2910 1246 τῶν
2950 1190 3181 1245 αἰώνων.
3212 1192 3408 1263 Ἀμήν.

484 1340 3696 1370 MM

1164 1506 1650 1602 ΑΘΛΗΣΙΣ
1722 1510 1950 1598 ΤΩΝ
2025 1504 2364 1593 ΑΓΙΩΝ
2439 1504 3029 1594 ΜΑΡΤΥΡΩΝ

1585 1703 2684 1856 ΕΥΣΤΡΑΤΙΟΥ,

657 1941 1970 2047 ΑΥΞΕΝΤΙΟΥΪΕΥΓΕΝΙΟΥ.
2030 1956 2048 2038 ]

2152 1947 2682 2040 λΡΔΑΡΙΟΥ,
2742 1943 2937 2034 ΚΑΙ
3010 1943 3548 2036 ΟΡΕΣΤΟΥδ

1015 2314 1650 2410 CERTAMEN
1726 2308 2441 2403 SANCTOBUM
2522 2301 3201 2395 MARTYRUM

1670 2522 2501 2665 EUSTRATU,

730 2768 1382 2890 AUXENTII,
1456 2767 2013 2888 EUGENII,
2089 2763 2681 2855 MARDABII
2766 2760 2914 2850 ΕΤ
2984 2756 3523 2851 ORESTIS.

1061 2969 1256 3033 (Latine
1282 2966 1413 3032 apud
1443 2964 1643 3020 Surium
1669 2968 1729 3019 ad
1747 2968 1880 3019 diem
1916 2965 1973 3016 i5
2004 2964 2324 3027 Decembris;
2346 2966 2517 3018 Graece
2539 2973 2602 3011 et
2625 2959 2734 3011 cod.
2763 2959 2965 3012 Cobiin.
3000 2957 3135 3021 υτ.)

553 3297 595 3353 ι.
615 3296 924 3366 imperante
943 3291 1277 3348 Diocletiano
1292 3303 1347 3349 et
1362 3293 1710 3359 Maximiano,
1731 3295 2047 3352 universum

2222 3295 2303 3350 A'.
2368 3290 2752 3349 Βασιλεύοντος
2798 3284 3182 3354 Διοκλητιανοῦ
3235 3282 3330 3338 καὶ
3373 3281 3721 3352 Μαξιμιανοῦ

480 3388 853 3446 Romanorum
884 3384 1178 3454 imperium
1220 3386 1549 3453 completum
1584 3384 1762 3440 fuerat
1789 3385 1939 3440 cultu
1972 3385 2049 3441 εἰσ

482 3477 874 3541 mulacrorum,
902 3484 957 3531 et
985 3491 1176 3532 omnes
1204 3476 1456 3531 homines
1482 3476 1674 3546 perciti
1707 3485 1894 3531 mutua
1920 3492 2055 3545 qua-

480 3573 605 3624 ifam
653 3567 798 3622 inter
836 3582 894 3622 se
925 3566 1158 3621 invicem
1202 3567 1571 3629 mmulatione,
1604 3568 1961 3638 proficiebant
1995 3566 2050 3622 in

482 3662 584 3719 hac
608 3658 741 3713 falsa
765 3658 1062 3727 religione;
1094 3660 1326 3713 maxime
1352 3674 1472 3715 cum
1497 3660 1675 3714 edicta
1702 3660 2050 3730 imperatoria

480 3751 763 3820 quotidie,
814 3763 876 3805 ut
920 3751 1089 3806 semel
1141 3751 1362 3816 dicam,
1422 3753 1773 3810 mitterentur
1820 3752 1889 3807 ad
1942 3753 2049 3807 loci

483 3844 856 3917 magistratus,
903 3843 1336 3914 quaejubebant,
1369 3852 1430 3899 ut
1468 3843 1721 3901 Calendis
1766 3844 2054 3914 magnifice

481 3938 815 3995 oll‘errentur
847 3935 954 3991 diis
981 3936 1248 3992 sacriﬁcia
1281 3953 1297 3992 :
1326 3944 1381 3991 et
1410 3936 1546 4001 fore,
1577 3946 1637 3992 ut
1664 3936 1732 3992 ab
1763 3937 2054 4007 imperato-

483 4024 635 4079 ribus
684 4023 948 4079 honorein
984 4034 1474 4095 consequerentur.
1517 4025 1709 4095 eisque
1756 4026 1871 4079 noti
1919 4041 2050 4080 ενα·

479 4119 693 4184 derent,
734 4118 827 4188 qui
877 4116 945 4172 ad
994 4118 1111 4174 ham
1161 4133 1320 4173 suum
1373 4117 1615 4173 studium
1668 4118 2051 4182 contulissent,

478 4208 877 4279 significabant.
928 4209 970 4264 li
1006 4218 1211 4275 autem,
1243 4210 1337 4280 qui
1373 4210 1429 4264 in
1474 4211 1553 4263 eis
1585 4209 1830 4264 colendis
1867 4217 2053 4263 essent

476 4302 663 4373 aliquo
692 4301 856 4356 modo
884 4302 1165 4367 socordes,
1194 4310 1250 4357 et
1276 4303 1341 4354 ad
1369 4300 1531 4356 aliam
1568 4300 1896 4354 inclinarent
1924 4300 2053 4356 reli-

477 4392 716 4462 gionem,
744 4390 942 4459 privati
978 4390 1042 4445 iis
1071 4390 1251 4455 bonis,
1280 4404 1399 4461 qua:
1431 4388 1727 4453 habebant,
1755 4399 1878 4457 post
1909 4389 2050 4442 mul-

478 4492 565 4541 tos
597 4482 874 4537 cruciatus
921 4481 1328 4553 subjicerentur
1379 4481 1574 4536 mortis
1625 4488 1885 4536 extrema:
1925 4496 2053 4536 sen-

2154 3390 2303 3443 πᾶσα
2332 3389 2367 3457 ἠ
2393 3387 2501 3439 τῶν
2544 3382 2832 3453 Ῥωμαίων
2859 3379 3002 3451 ἀρχὴ
3041 3378 3140 3448 τῆς
3166 3375 3328 3432 ἀθέου
3361 3376 3467 3428 τῶν
3487 3374 3723 3429 εἰδώλων

2154 3483 2515 3550 ἐπεπλήρωτο
2548 3475 2830 3548 λατρείας,
2865 3474 2960 3526 καὶ
3006 3470 3207 3532 πάντες
3237 3468 3540 3534 ἄνθρωποι,
3576 3465 3725 3537 ζήλῳ

2152 3574 2233 3646 τῷ
2295 3573 2431 3641 πρὸς
2481 3568 2745 3638 ἀλλήλους
2800 3564 3119 3624 λυττῶντες,
3175 3560 3268 3612 ἐπὶ
3326 3559 3427 3628 τὴν
3469 3556 3725 3627 τοιαύτην

2156 3666 2494 3736 προέκοπτον
2555 3660 2893 3733 θρησκείαν,
2954 3656 3193 3727 μάλιστα
3250 3652 3360 3705 τῶν
3426 3649 3726 3723 βασιλικῶν

2155 3754 2547 3823 θεεπισμάτων
2576 3753 2695 3806 καθ’
2727 3751 2987 3818 ἑκάστην,
3019 3746 3095 3809 ὡς
3138 3747 3329 3806 εἰπεῖν,
3361 3757 3725 3811 καταπεμποο

2157 3853 2338 3920 μένων
2382 3850 2439 3901 ἐν
2496 3849 2617 3910 ταῖς
2673 3843 3016 3916 ἱερομηνίαις
3065 3836 3362 3908 φιλοτίμως
3417 3837 3533 3897 τοῖς
3585 3833 3725 3895 Θεοῖς

2155 3940 2564 4013 προσφέρεσθαι
2602 3938 2699 4000 τὰς
2741 3934 2952 3997 θυσίας,
3001 3934 3168 4003 τιμῆς
3213 3947 3275 3983 τε
3321 3928 3582 3999 μεγίστης
3631 3924 3728 3979 καὶ

2154 4034 2409 4104 γνώσεως
2436 4029 2723 4103 βασιλικῆς
2753 4027 3059 4092 ἀξιοῦσθαι,
3080 4024 3208 4083 τοὺς
3240 4022 3372 4093 περὶ
3401 4020 3468 4073 τὰ
3503 4015 3727 4074 τοιαῦτα

2155 4126 2585 4187 ἐσπουδακότας,
2615 4123 2743 4183 τοὺς
2781 4120 2839 4172 δὲ
2869 4118 3010 4171 κατὰ
3038 4134 3161 4170 τινα
3189 4114 3393 4185 τρὸπον
3418 4107 3729 4183 ῥᾳθυμοῦνσ

2151 4237 2253 4282 τας
2287 4218 2416 4288 περὶ
2442 4216 2501 4270 τδ
2525 4215 2763 4270 τοιοῦτον
2807 4212 2993 4278 σέϐας,
3029 4210 3121 4262 καὶ
3151 4210 3233 4271 εἰς
3270 4207 3464 4277 ἁτέραν
3492 4203 3726 4258 ἀπονεύ-

2152 4327 2314 4375 οντας
2338 4307 2654 4381 θρησκείαν,
2682 4304 3010 4371 ξενωθέντας
3033 4303 3129 4371 τῆς
3160 4301 3514 4370 ὑπαρχούσης
3546 4298 3729 4356 αὐτοῖς

2153 4401 2513 4474 περιουσίας,
2570 4396 2709 4469 μετά
2761 4395 2965 4457 πολλὰς
3042 4394 3140 4458 τὰς
3198 4392 3464 4463 βασάνους
3519 4388 3615 4442 καὶ
3663 4390 3729 4457 τῇ

2154 4494 2445 4563 τελευταίᾳ
2475 4492 2571 4545 τοῦ
2632 4490 2865 4545 θανάτου
2909 4484 3218 4554 ὑπάγεσθαι
3267 4484 3454 4555 ψήφῳ.
3501 4480 3610 4534 Ἦν
3637 4475 3732 4532 οὖν

479 4573 683 4628 ιειιιὶιε.
720 4572 851 4627 Erat
885 4576 1068 4642 itaque
1108 4588 1298 4644 magna
1345 4572 1653 4645 persecutio
1684 4573 1738 4627 in
1776 4582 1890 4629 toto
1919 4572 2048 4628 orbe

2153 4588 2394 4656 διωγμὸς
2429 4584 2601 4655 μέγας
2626 4582 2707 4645 εἰς
2731 4582 2911 4635 πᾶσαν
2933 4581 3032 4647 τὴν
3062 4578 3393 4646 οἰκουμένην
3415 4575 3525 4628 τῶν
3556 4575 3732 4627 ἁπαν-

482 4677 775 4731 tcrrarum,
807 4680 930 4720 cum
962 4674 1231 4737 quotquot
1261 4673 1416 4720 erant
1452 4665 1655 4738 ubique
1693 4664 2043 4736 magistratus

475 4767 533 4816 ct
563 4759 841 4829 prirsides,
874 4774 1123 4830 magnam
1154 4774 1339 4815 curam
1368 4769 1641 4829 gererent,
1674 4769 1733 4813 ut
1759 4758 1826 4816 de
1861 4757 2042 4815 medio

480 4853 732 4910 tollerent
768 4852 1083 4906 universum
1119 4850 1551 4908 Cbr'stianorum
1581 4866 1772 4920 genus.

550 4944 613 5000 ll.
648 4943 859 5000 Accidit
905 4955 1111 5009 autem,
1156 4953 1217 4996 ut
1263 4959 1385 4998 cum
1431 4945 1524 4999 illo
1568 4953 1811 5013 tempore
1842 4941 1909 5001 ad
1941 4942 2042 4997 hos

478 5047 740 5106 tyrannos
770 5044 915 5089 esset
940 5034 1200 5100 delatum,
1238 5034 1382 5105 quod
1417 5043 1525 5089 tota
1567 5049 1757 5103 magna
1785 5031 2043 5088 Armenia

478 5139 535 5182 et
563 5125 903 5197 Cappadocia
950 5125 1165 5181 illorum
1201 5128 1383 5183 edicto
1428 5135 1815 5197 repugnarent,
1850 5127 2042 5196 etiam

484 5223 767 5278 unanimes
794 5230 1106 5292 spectarent
1130 5236 1322 5278 omnes
1345 5223 1409 5277 ad
1441 5222 1822 5284 defectionem.
1851 5222 2048 5275 immu-

479 5313 699 5371 tabilem
756 5313 1021 5370 habentes
1065 5315 1306 5370 animum
1354 5316 1409 5372 in
1457 5313 1742 5368 Dominum
1798 5322 2043 5368 nostrum

474 5407 663 5463 Jesum
712 5406 1013 5474 Christum,
1089 5417 1312 5482 propter
1369 5408 1483 5463 haec
1532 5407 1635 5464 fuit
1687 5406 2048 5463 conturbatus

476 5498 660 5556 Caesar
700 5500 1111 5567 Diocletianus;
1144 5510 1200 5556 et
1237 5515 1360 5556 cum
1407 5513 1598 5556 omnes
1625 5513 1755 5556 suos
1798 5497 2047 5551 accersi-

478 5591 647 5646 visset
679 5606 956 5660 proceres.
988 5600 1044 5647 et
1078 5592 1253 5647 tribus
1285 5591 1480 5648 diebus
1508 5606 1538 5646 a
1579 5605 1735 5648 mane
1781 5604 1951 5661 usque
1981 5590 2049 5642 ad

482 5694 767 5750 vesperam
788 5695 912 5737 cum
934 5681 1015 5737 eis
1036 5682 1422 5747 consultassel.
1440 5682 1695 5754 deposuit
1715 5697 1831 5745 eos,
1851 5681 2050 5752 quibus

479 5772 780 5830 commissa
798 5772 1013 5829 fuerant
1035 5775 1306 5830 rectiones
1335 5783 1687 5847 utrarumque
1709 5773 1903 5829 harum
1925 5787 2051 5845 gen-

2149 4677 2321 4751 ταχοῦ
2374 4676 2675 4747 ἀρχόντων,
2720 4670 2811 4726 διὰ
2853 4670 3055 4739 πολλῆς
3098 4667 3377 4739 φροντίδος
3430 4665 3731 4737 τιθεμένων

2143 4772 2335 4842 ἐξᾶραι
2384 4770 2532 4825 ἆπαν
2560 4765 2623 4821 τδ
2646 4764 2753 4819 τῶν
2780 4760 3125 4832 Χριστιανῶν
3155 4758 3331 4829 γένος.

2219 4948 2295 5005 B'.
2353 4946 2445 5000 Ἐν
2478 4943 2534 4999 δὲ
2571 4943 2649 5015 τῷ
2691 4939 2872 5014 καιρῷ
2916 4937 3150 5009 ἐκείνῳ,
3199 4933 3572 5004 ἀνενεχθέντος
3617 4934 3731 4994 τοῖς

2146 5040 2431 5112 τυράννοις
2462 5035 2675 5099 τούτοις
2731 5033 2806 5096 ὡς
2863 5031 3050 5086 ἅπασα
3113 5029 3147 5098 η
3202 5025 3415 5096 μεγάλη
3466 5022 3729 5092 ’Δρμενία

2150 5133 2245 5185 καὶ
2291 5126 2666 5184 Καππαδοκία
2712 5125 2965 5178 ἀντεῖπον
3016 5118 3094 5190 τῷ
3141 5116 3475 5186 θεσπὲσματι
3527 5114 3728 5178 αὐτῶν,

2149 5223 2244 5275 καὶ
2288 5222 2389 5291 ἤδη
2430 5220 2509 5284 εἰς
2543 5215 2881 5271 ἀποστασίαν
2920 5210 3237 5285 ὀμοφρόνως
3271 5210 3471 5269 πάντες
3501 5206 3728 5277 δρῶσιν,

2148 5314 2486 5385 ἀμετάθετον
2513 5310 2612 5381 τὴν
2645 5309 2873 5379 γνώμην
2919 5306 3135 5379 ἔχοντες
3161 5304 3262 5375 τὴν
3293 5304 3364 5365 εἰς
3399 5302 3490 5354 τὸν
3523 5300 3731 5370 Κύριον

2152 5403 2310 5475 ἡμῶν
2368 5399 2578 5472 Ἰησοῦν
2628 5397 2867 5467 Χριστόν
2898 5410 2911 5424 ·
2966 5394 3243 5464 ἐταράχθη
3292 5391 3385 5444 ἐπὶ
3446 5388 3656 5449 τούτοις
3702 5390 3732 5441 6

2153 5497 2368 5565 Καῖσαρ
2405 5490 2812 5562 Διοκλητιανδς,
2859 5488 2954 5541 καὶ
2989 5486 3199 5547 πάντας
3233 5485 3357 5545 τοὺς
3395 5480 3730 5553 μεγιστᾶνας

2151 5586 2316 5640 αὑτοῦ
2380 5583 2918 5654 προσκαλεσάμενος,
2972 5579 3065 5631 καὶ
3111 5578 3206 5630 ἐπὶ
3255 5576 3435 5645 τρισὶν
3486 5572 3728 5644 ἡμέραις

2151 5678 2320 5734 ἕωθεν
2359 5677 2463 5740 ἕως
2495 5677 2737 5748 ἑσπέρας
2789 5672 3159 5740 ἐκκλησιάσας
3211 5669 3332 5738 μετ’
3362 5666 3565 5728 αὐτῶν,
3602 5681 3730 5733 μετ-

2156 5772 2349 5841 έστησε
2399 5769 2497 5841 μὲν
2547 5768 2672 5830 τοῦς
2728 5766 2826 5837 ἤδη
2891 5764 3360 5832 πεπιττευμένους
3405 5759 3501 5823 ca;
3550 5758 3723 5831 ἀρχὰς
