4094 6384
1437 267 1858 284 om

414 291 525 358 59

1230 264 2291 353 immanissima
2307 271 2857 353 ἑῖὲόᾶϊῡίἱῠὲἀῖ
3562 288 3669 355 ιτο

418 401 697 472 ἑκατέρων
725 399 932 454 τούτων
968 398 1080 454 τῶν
1120 399 1312 465 ἐθνῶν,
1344 400 1601 471 εὐηθείας
1627 398 1808 453 αὐτῶν
1861 415 1993 450 κατι

2105 399 2257 465 tium,
2287 415 2382 455 eos
2411 400 2775 471 simplicitatis
2804 401 3067 456 damnans
3097 410 3155 456 et
3187 402 3454 458 stultitia.
3522 402 3670 459 llisit

417 490 676 559 εγνωκώς
705 506 721 522 ·
768 488 1119 554 ἐξαπέστειλε
1152 490 1208 544 δὲ
1248 489 1447 558 ἄνδρας
1495 489 1589 542 δύο
1636 491 1700 541 ἐκ
1747 489 1846 559 τῆς
1886 487 1995 541 τῶν

428 583 701 651 Ἐλλήνων
750 582 939 653 χώρας
985 581 1346 653 ὁρμωμένους
1398 583 1457 635 έν
1498 582 1779 653 ἐπιστήμῃ
1824 581 1993 650 πολλῇ

412 675 519 743 τῆς
548 671 816 743 πατρῴας
860 670 1200 733 παιδεύσεως
1239 670 1606 740 ὑπάρχοντας,
1645 670 1853 732 δεινοὺς
1902 670 1995 722 καὶ

414 768 648 837 ἀπηνεῖς
674 766 754 837 τῷ
792 765 1128 837 φρονήματι,
1158 765 1255 818 καὶ
1283 765 1423 828 ὀξεῖς
1449 767 1531 827 εἰς
1566 764 1628 818 τὸ
1654 768 1864 834 νοῆσαι,
1900 765 1996 817 καὶ

415 859 596 925 λέγειν
658 856 1160 928 προχειροτάτους,
1230 855 1654 926 ἀνεξερεύνητον
1705 856 1853 921 ἅπαξ
1902 856 1996 909 τὸν

415 952 620 1019 τρόπον
653 948 1053 1017 κεκτημένους,
1095 948 1190 1002 καὶ
1232 947 1332 1018 τὴν
1380 947 1741 1016 πανουργίαν,
1785 942 1859 1001 ὧν
1900 951 1996 1001 τὸν

421 1042 519 1111 μὶν
571 1040 669 1094 ενα
719 1040 930 1092 Λυσίαν
984 1037 1208 1107 ὀνόματι
1261 1037 1479 1090 πάντων
1512 1037 1622 1090 τῶν
1669 1038 1996 1107 λιμιτανέων

416 1128 803 1197 ἐπιτροπεύειν
854 1126 1113 1182 ἐκέλευσε
1139 1143 1154 1157 ·
1200 1126 1293 1180 τὸν
1327 1127 1384 1179 δὲ
1413 1126 1598 1198 ἕτερον
1644 1128 1997 1198 Ἀγρικόλαον

415 1222 515 1292 τὴν
567 1219 945 1290 προσηγορίαν
982 1218 1085 1287 τὴν
1139 1221 1240 1289 τῆς
1287 1218 1552 1287 ἐπαρξίας
1593 1219 1775 1290 πάσης
1819 1221 1996 1291 ἀρχὴν

417 1315 627 1368 διέπειν
647 1312 979 1382 ἐπέτρεψεν,
1002 1309 1401 1380 ὑπηρετεῖσθαι
1432 1327 1492 1362 τε
1524 1311 1708 1375 αὐτοῖς
1734 1315 1805 1365 οὐρ
1830 1313 1995 1382 μόνον

416 1406 517 1476 τὴν
554 1404 663 1457 τῶν
693 1401 1023 1473 λιμιτανέων
1052 1404 1213 1471 χεῖρα
1241 1400 1529 1465 θεσπίσας,
1559 1401 1696 1455 ἀλλὰ
1725 1402 1818 1455 καὶ
1850 1402 1995 1456 ἅπαν

418 1498 480 1550 τὸ
507 1495 927 1567 στρατιωτικὸν,
964 1495 1027 1548 τὸ
1067 1496 1128 1547 ἐν
1178 1497 1299 1557 ταῖς
1347 1493 1774 1565 πλησιαζούσαις
1807 1495 1993 1548 πόλεσι

420 1586 841 1655 καθιδρυμένον.

493 1675 568 1728 1".
621 1673 992 1728 Ἐπιστάντων
1021 1666 1115 1727 οῦν
1147 1673 1327 1727 αὐτῶν
1351 1676 1472 1739 τατς
1516 1673 1811 1743 ἐπαρχίαις
1859 1671 1995 1726 ταύ-

419 1782 538 1828 ττιις
567 1765 885 1835 παραυτίκα
913 1767 1062 1819 πᾶσα
1091 1766 1271 1835 ἡλικία
1295 1765 1403 1819 τῶν
1432 1764 1736 1835 ἀνθρώπων
1762 1764 1995 1833 ἀφειδῶς

421 1857 768 1921 ἐξεκόπτετο,
817 1859 958 1927 μήτε
999 1858 1331 1927 προφάσεως
1378 1857 1775 1928 εὑρισκομίνης
1806 1856 1995 1909 εύκαί-

423 1966 540 2020 ρου,
578 1951 783 2021 μικρᾶς
826 1950 884 2003 δὲ
922 1949 1182 2019 διαϐολῆς
1226 1949 1324 2002 καὶ
1364 1950 1463 2018 τῆς
1490 1948 1761 2019 τυχούσης
1796 1948 1829 2018 ἢ
1866 1946 1996 2018 παρ’

422 2041 654 2111 ἐχθρῶν,
687 2041 718 2111 ἢ
766 2041 918 2109 παρά
954 2040 1265 2094 κακοθελῶν
1306 2039 1516 2109 ἀνδρῶν
1543 2039 1998 2109 παρακολουθού-

425 2149 546 2201 σης.
586 2133 660 2183 Τὸ
683 2132 740 2185 δὲ
770 2131 977 2202 πλῆθος
1006 2131 1114 2184 τῶν
1143 2131 1487 2201 Χριστιανῶν
1513 2132 1854 2200 ἁνηρευνᾶτο
1901 2131 1996 2184 καὶ

425 2224 884 2293 συνελαμὸἁνετο,
914 2224 1036 2278 καθ’
1067 2223 1304 2293 ἑκάστην
1327 2222 1706 2295 ἀναρίθμητον
1730 2221 1824 2275 καὶ
1855 2239 1999 2291 παρ-

421 2316 624 2369 εδιδοτο
650 2318 760 2378 τοῖς
788 2316 1104 2386 αίμοὸόροις
1121 2316 1331 2380 τούτοις
1356 2315 1567 2386 θηρίοις
1593 2318 1671 2379 είς
1698 2314 1994 2369 ἀπώλειαν.

424 2410 629 2474 Λυσίας
651 2410 834 2466 τοίνυν
863 2415 891 2464 ὁ
914 2412 1064 2476 δοὺξ,
1096 2410 1191 2474 τὰς
1218 2411 1507 2482 διατριϐὰς
1530 2414 1588 2464 ὲν
1606 2414 1685 2481 τῇ
1711 2409 1999 2464 Σαταλέων

426 2504 770 2572 ποιοᾶμενος,
829 2504 881 2556 ετ
927 2519 1079 2566 τινας
1131 2502 1354 2572 εὕρισκε
1413 2505 1512 2574 τῆς
1560 2501 1745 2574 χώρας
1795 2501 1999 2569 ταύτης

425 2592 624 2661 ἄνδρας
673 2611 733 2646 τε
773 2596 868 2647 καὶ
911 2598 1179 2662 γυναῖκας
1222 2595 1432 2661 ἁγίους,
1471 2597 1610 2664 μετὰ
1652 2593 1856 2656 πολλὰς
1898 2593 1998 2656 τὰς

428 2688 728 2757 ἐρωτήσεις
753 2690 847 2741 καὶ
887 2690 1157 2758 βασάνους
1214 2689 1579 2757 παρέπεμπεν
1612 2689 1718 2741 ὑπὸ
1751 2688 1994 2757 ἀσφαλε-

430 2780 630 2849 στάτην
660 2780 905 2850 φριυρὰν
928 2780 1242 2849 δεδεμένους
1274 2781 1350 2851 τῷ
1366 2780 1699 2851 Ἀγρικολέιῳ
1726 2781 1784 2830 ἐν
1810 2782 1877 2848 τῇ
1904 2780 2000 2832 Σε-

431 2871 716 2940 ϐαστηνῶν
770 2874 1128 2945 μητροπόλει,
1161 2875 1299 2943 πρὸς
1329 2875 1391 2926 τὸ
1428 2875 1559 2943 παρ’
1593 2872 1801 2925 ἐκείνου
1840 2876 1999 2927 ἀναι-

428 2964 658 3033 ρεθῆναι
684 2966 903 3028 αὐτοὺς,
949 2970 1042 3021 καὶ
1089 2967 1165 3038 μὴ
1205 2967 1431 3035 ἐαθῆναι
1472 2969 1530 3020 ὲν
1570 2969 1635 3037 τῇ
1687 2967 1795 3038 ἰδίᾳ
1823 2964 1998 3038 χώρᾳ,

427 3058 574 3120 ὅπως
602 3058 677 3128 μὴ
700 3058 938 3127 τύχωσιν
963 3060 1281 3129 ἐπιμελείας
1314 3059 1418 3113 ὑπὸ
1448 3059 1556 3112 τῶν
1581 3058 1799 3111 οίκείων
1831 3058 2000 3126 φίλων

427 3149 461 3217 ἢ
499 3149 802 3216 συγγενῶν,
834 3152 971 3218 μήτε
1000 3152 1068 3203 τὰ
1093 3150 1320 3220 σώματα
1350 3149 1530 3203 αὐτῶν
1550 3153 1614 3221 τῇ
1644 3147 1999 3220 προσηκούσῃ

427 3239 551 3309 ὁσία
585 3242 729 3310 ταφῇ
767 3241 1167 3311 παραδοθῶσιν,
1207 3241 1410 3310 ὁμοίως
1456 3246 1552 3294 καὶ
1594 3242 1691 3294 τοῦ
1739 3242 2001 3311 ἄρχοντος

427 3333 525 3401 τῆς
547 3334 817 3404 ἐπαρχίας
840 3334 1300 3404 παραπέμποντος
1320 3336 1446 3396 τοὺς
1473 3334 1581 3387 ἀπὸ
1608 3335 1706 3403 τῆς
1730 3334 2004 3402 Σεϐαστη-

429 3424 534 3475 νῶν
594 3425 949 3495 ὁρμωμένους
990 3428 1069 3488 είς
1110 3426 1208 3494 τὴν
1257 3426 1543 3480 Σαταλέων
1588 3426 1653 3477 ἐκ
1693 3423 2000 3495 κακούργου

431 3516 678 3584 σκέψεως
724 3517 891 3570 πάλαι
936 3517 1236 3588 γενομένης
1288 3516 1419 3588 παρ’
1462 3516 1663 3570 αὐτῶν.
1718 3518 2003 3585 Ἔγνωσαν

431 3611 538 3680 γὰρ
584 3611 680 3663 καὶ
729 3611 886 3664 τοῦτο
912 3612 971 3664 ὲν
1005 3613 1070 3681 τῇ
1105 3612 1445 3681 ἀνοσιουργῷ
1477 3611 1660 3663 αὐτῶν
1694 3610 1889 3681 γνώμῃ
1937 3611 1999 3664 οὐ

432 3703 627 3771 μικρὸν
662 3702 828 3773 μέρος
875 3702 1094 3758 ἔσεσθαι
1138 3702 1410 3775 τιμωρίας
1454 3705 1571 3767 τοῖς
1619 3703 1879 3775 ἀθληταῖς
1907 3702 2003 3757 τοῦ

428 3795 694 3865 Χριστοῦ.

496 3887 570 3943 Δ¹.
610 3887 831 3945 Τούτων
859 3890 1003 3946 οὓτω
1037 3894 1342 3964 γινομένων
1363 3895 1700 3966 Εὑστράτιός
1728 3914 1816 3962 τις
1847 3914 2007 3969 σκρι-

429 3980 637 4050 νιάριος
671 3983 773 4050 τῆς
812 3984 1072 4057 δουκικῆς
1121 3986 1387 4059 ὑπάρχων
1434 3990 1664 4054 τάξεως,
1708 3992 1804 4044 καὶ
1848 4008 2007 4063 πρω-

427 4073 597 4126 τεύων
638 4074 698 4127 ἐν
736 4076 873 4146 αὐτῇ
897 4076 993 4147 ,τῷ
1039 4078 1162 4131 τότε
1189 4079 1389 4150 χρόνῳ,
1438 4081 1579 4152 ἀνὴρ
1613 4080 1869 4152 θεοσεϐὴς
1913 4082 2007 4136 καὶ

429 4158 771 4237 φοϐούμενος
818 4169 909 4223 τὸν
963 4169 1119 4236 Θεὸν,
1175 4171 1273 4225 καὶ
1322 4174 1712 4245 ἀνεπιλήπτως
1762 4176 1854 4229 τὸν
1896 4176 2009 4246 βίον

427 4258 594 4312 αὑτοῦ
660 4260 1099 4332 πολιτευόμενος,
1137 4263 1338 4334 ἠθύμει
1389 4267 1482 4319 ἐπὶ
1541 4269 1655 4329 τοῖς
1704 4269 2010 4336 γινομένοις

427 4350 550 4406 καθ’
585 4352 849 4424 ἐκάστην,
880 4356 977 4408 καὶ
1001 4356 1299 4410 ἐποτνιᾶτο
1329 4357 1469 4427 πρὸς
1496 4357 1588 4411 τὸν
1621 4358 1823 4427 Κύριον
1853 4359 2009 4428 ἡμῶν

2102 504 2229 546 vero
2254 490 2392 546 duos
2431 491 2598 554 viros,
2628 494 2721 561 qui
2748 508 2778 544 e
2804 490 3009 546 Greecia
3050 492 3326 548 ducebant
3354 493 3623 565 originem
3646 536 3661 556 .

2097 584 2286 654 patria:
2326 592 2509 639 autem
2550 585 2812 639 doctrina:
2840 600 3086 654 magnam
3136 587 3416 641 consecuti
3449 587 3671 642 fuerant

2096 674 2497 744 cognitionem;
2536 688 2691 729 erant
2729 690 2858 729 vero
2906 676 3144 746 ingentis
3171 687 3227 731 et
3271 677 3528 732 immanis
3556 678 3671 748 spi-

2101 767 2262 832 ritus,
2294 781 2450 820 acres
2477 766 2544 819 ad
2577 766 2946 834 cogitandum,
2974 777 3033 819 et
3059 767 3124 820 ad
3155 767 3449 823 dicendum
3483 782 3671 837 prom-

2096 857 2330 928 ptissimi
2360 901 2378 923 ,
2404 867 2462 913 et
2502 859 2597 926 qui
2642 874 2826 912 mores
2868 857 3140 913 habebant
3185 866 3240 913 et
3288 860 3666 921 calliditatem.

2097 966 2219 1021 quae
2264 965 2373 1004 non
2420 957 2673 1019 poterant
2714 949 3023 1019 indagando
3061 958 3116 1003 et
3146 950 3542 1019 perscrutanda
3571 964 3668 1005 eo-

2096 1041 2304 1112 gnosci.
2356 1041 2435 1096 Ex
2481 1042 2682 1109 quibus
2728 1056 2854 1095 cum
2914 1056 3081 1094 unum
3135 1039 3395 1110 quidem,
3448 1039 3671 1096 nomine

2094 1131 2346 1202 Lysiam,
2391 1133 2646 1202 juSsissct
2695 1147 2882 1186 curam
2928 1146 3118 1201 gerere
3161 1131 3407 1186 omnium
3461 1130 3670 1185 limita-

2098 1240 2328 1279 neorum
2360 1244 2375 1280 :
2403 1226 2660 1290 alterum,
2689 1225 2782 1295 qui
2815 1224 3112 1279 vocabatur
3136 1223 3481 1294 Agricolaus.
3508 1223 3671 1292 jussit

2098 1320 2267 1373 totius
2315 1318 2649 1387 praefectum
2682 1316 3065 1371 administrare
3115 1316 3406 1386 imperium
3439 1332 3453 1367 :
3482 1315 3676 1370 decer-

2097 1428 2255 1477 nens,
2289 1420 2487 1467 utnon
2542 1412 2717 1467 solum
2764 1412 2845 1467 eis
2893 1411 3198 1467 dcserviret
3246 1424 3439 1464 manus
3466 1408 3670 1464 limita-

2097 1519 2351 1569 neorum,
2377 1504 2472 1559 sed
2503 1504 2667 1559 etiam
2702 1504 3020 1574 quicunque
3057 1502 3263 1558 milites
3295 1511 3459 1558 erant
3486 1501 3669 1557 collati

2098 1596 2153 1651 in
2185 1596 2511 1665 propinquis
2540 1595 2879 1650 civitatibus.

2170 1685 2261 1739 lli.
2306 1684 2441 1739 Cum
2490 1683 2546 1739 hi
2590 1699 2723 1751 ergo
2771 1686 2824 1739 in
2872 1686 2969 1739 has
3002 1683 3285 1739 venissent
3336 1681 3667 1751 provincias.

2098 1778 2350 1848 protinus
2379 1780 2557 1831 omnis
2586 1785 2718 1833 aetas
2757 1777 3038 1831 hominum
3076 1775 3586 1830 ἱιηιιιίεετῖοιιτὰιιιτ
3611 1781 3671 1826 et

2097 1871 2305 1940 absque
2355 1871 2462 1926 ulla
2498 1871 2653 1926 venia
2672 1871 3094 1927 exscindebatur
3125 1887 3140 1922 :
3171 1883 3295 1923 cum
3336 1879 3516 1935 neque
3559 1863 3669 1918 ulla

2099 1962 2439 2019 inveniretur
2457 1972 2765 2033 opportuna
2789 1962 3036 2023 occasio;
3062 1975 3221 2030 parva
3245 1970 3424 2012 autem
3447 1977 3461 2007 ι
3483 1963 3503 2009 ι
3523 1968 3671 2022 qua:-

2099 2056 2230 2110 libet
2277 2056 2572 2119 calumnia,
2613 2062 2709 2108 aut
2753 2053 2822 2108 ab
2870 2050 3127 2113 inimicis,
3170 2057 3263 2102 aut
3308 2064 3337 2100 a
3390 2040 3674 2100 malevolis

2101 2144 2415 2200 hominibus
2460 2153 2803 2213 sequeretur.
2847 2136 3270 2195 lnnumerabilis
3313 2147 3443 2187 vero
3486 2127 3675 2184 multi-

2102 2237 2233 2293 tudo
2275 2235 2717 2291 Christianorum
2766 2232 3144 2301 indagabatur.
3170 2237 3226 2281 et
3253 2222 3497 2295 quotidie
3527 2233 3677 2274 com-

2100 2328 2565 2400 prehendehatur.
2591 2337 2645 2380 et
2665 2326 2752 2380 his
2773 2322 3116 2394 sanguivoris
3136 2320 3327 2374 bestiis
3352 2314 3669 2371 tradebatur

2101 2422 2168 2476 ad
2202 2421 2504 2476 interitum.
2538 2421 2655 2474 Dux
2686 2434 2815 2486 ergo
2844 2416 3029 2487 Lysias
3054 2426 3278 2467 versans
3309 2409 3361 2461 in
3394 2403 3671 2462 Sateleon.

2101 2516 2145 2571 si
2184 2504 2345 2586 hujus
2394 2515 2633 2583 regionis
2678 2510 2995 2566 inveniebat
3021 2507 3236 2576 aliquos
3280 2509 3502 2557 sanctos
3528 2496 3676 2549 virus

2100 2617 2156 2662 et
2187 2615 2403 2661 sanctas
2439 2605 2688 2665 fetutinas,
2726 2611 2843 2670 post
2890 2601 3089 2654 multas
3133 2588 3593 2661 interrogationes
3618 2593 3675 2639 et

2103 2708 2397 2755 tormenta.
2423 2697 2526 2751 sub
2551 2695 2817 2749 tutissima
2844 2690 3092 2746 custodia
3124 2683 3529 2742 Iransmittebat
3555 2678 3674 2733 vin-

2101 2801 2220 2845 ctos
2249 2789 2317 2843 ad
2350 2789 2693 2858 Agricolaum
2722 2785 2780 2837 in
2814 2781 3160 2851 metropolim
3193 2778 3625 2832 Sebastenorum
3658 2784 3672 2820 :

2104 2890 2164 2934 ut
2191 2881 2260 2935 ab
2295 2880 2388 2933 illo
2429 2878 2496 2932 de
2543 2877 2722 2930 medio
2768 2874 3090 2929 tollerentur
3126 2879 3183 2923 et
3211 2882 3321 2922 non
3360 2865 3677 2919 sinerentur

2104 2974 2159 3028 in
2189 2987 2286 3026 sua
2319 2971 2558 3041 regione,
2591 2978 2646 3022 et
2674 2982 2777 3020 nec
2814 2980 3000 3020 eorum
3046 2959 3261 3030 cngnati
3291 2968 3348 3012 et
3379 2947 3675 3009 necessarii

2107 3066 2271 3119 ullam
2321 3079 2509 3118 eorum
2564 3076 2748 3117 curam
2798 3066 3088 3130 gererent,
3137 3069 3238 3107 nec
3285 3053 3430 3123 iusta
3479 3046 3676 3100 tierent

2103 3173 2292 3213 eorum
2327 3154 2684 3224 corporibus,
2737 3150 3033 3222 provincia:
3075 3160 3293 3217 quoque
3328 3138 3557 3213 praeside
3589 3134 3669 3193 Ii-

2103 3251 2306 3306 militer
2329 3247 2735 3303 transmittente
2762 3260 2880 3302 eos.
2904 3242 2995 3306 qui
3029 3240 3169 3309 apud
3201 3237 3534 3293 Sebasteuos
3554 3228 3671 3285 orti

2103 3354 2279 3404 erant.
2329 3340 2604 3399 Sateleon.
2661 3338 2765 3392 hoc
2808 3334 3058 3405 improbo
3106 3331 3197 3386 diu
3248 3336 3376 3383 ante
3423 3326 3566 3379 inter
3610 3334 3671 3376 se

2104 3434 2242 3490 inito
2272 3434 2519 3488 consilio.
2556 3429 2721 3499 Impia
2753 3428 2901 3483 enim
2936 3440 3033 3482 sua
3065 3432 3247 3476 mente
3278 3421 3669 3488 cognmerant,

2104 3526 2309 3583 Christi
2352 3524 2573 3580 athletis
2613 3538 2723 3578 non
2758 3520 3002 3575 futurum
3046 3517 3150 3571 hoc
3193 3524 3416 3585 parram
3464 3513 3672 3574 partem

2105 3618 2381 3691 supplicii.

2186 3893 2274 3948 IV.
2305 3892 2443 3945 Cum
2472 3890 2589 3944 haec
2617 3889 2698 3943 sic
2731 3886 2946 3947 tierent.
2973 3880 3195 3954 quidam
3229 3876 3558 3937 Eustratius.
3583 3871 3681 3943 qui

2108 3994 2228 4042 erat
2251 3984 2461 4043 ducalis
2480 3979 2693 4036 ordinis
2712 3977 3033 4040 scriuarius,
3051 3983 3106 4030 et
3125 3988 3191 4027 eo
3210 3982 3455 4039 tempore
3478 3966 3684 4035 prima!

2110 4087 2294 4149 partes
2322 4078 2375 4132 in
2402 4091 2469 4131 eo
2491 4072 2796 4132 obtinebat,
2829 4072 2911 4123 vir
2940 4068 3065 4138 pius
3094 4075 3152 4120 et
3174 4065 3346 4118 Deum
3375 4061 3593 4119 timens,
3622 4064 3682 4111 et

2111 4170 2207 4240 qui
2250 4170 2415 4223 vitam
2445 4167 2642 4238 agebat
2671 4165 2807 4219 citra
2845 4161 3009 4215 ullam
3044 4154 3550 4228 reprehensionem,
3582 4163 3681 4202 an-

2111 4263 2343 4332 gebatur
2390 4259 2574 4313 animo
2621 4266 2845 4327 propter
2872 4269 2934 4309 ea
2981 4266 3104 4322 quae
3136 4248 3338 4303 ﬁebant
3385 4240 3685 4314 quotidie:

2113 4354 2546 4424 suppliciterque
2609 4361 2665 4403 et
2720 4344 3106 4403 miserabiliter
3154 4337 3560 4397 vociferabatur
3616 4332 3685 4388 ad

440 4442 649 4512 Ἰησοῦν
682 4444 944 4513 Χριστὸν,
991 4447 1217 4519 νηστείᾳ
1268 4425 2002 4519 καὶ-προσευχῇ-προσκαρ·

2117 4447 2405 4501 Dominum
2465 4452 2713 4497 nostrum
2764 4441 2949 4497 Iesum
3000 4435 3321 4498 Christum,
3371 4432 3427 4486 in
3477 4425 3687 4519 jejunio

424 4536 622 4606 τερῶν,
654 4537 805 4599 ὃπως
846 4537 1005 4600 ῖλεως
1033 4537 1259 4608 γένηται
1294 4541 1410 4602 τοῖς
1453 4539 1663 4603 δούλοις
1694 4539 1883 4607 αὐτοῦ,
1914 4541 2010 4593 καὶ

429 4626 697 4698 amt/qm
724 4626 816 4680 τὸν
842 4626 969 4681 λαὸν
1008 4628 1199 4682 αὑτοῦ.
1225 4632 1284 4683 ἐν
1309 4629 1556 4701 σωτηρίᾳ
1580 4631 1674 4685 καὶ
1710 4631 2010 4702 ἀνακλήσει

427 4718 534 4771 τῶν
567 4717 779 4783 κακῶν,
821 4718 1087 4789 ἐπεθύμει
1127 4718 1184 4772 δὲ
1210 4719 1400 4774 θέσθαι
1430 4722 1523 4773 καὶ
1556 4720 1722 4784 αὐτὸς
1757 4722 1850 4776 τὸν
1894 4722 2010 4775 ἴσον

425 4812 538 4872 τοῖς
577 4809 757 4875 ἀγίοις
805 4810 1015 4877 ἀγῶνα,
1043 4812 1137 4863 καὶ
1157 4810 1464 4881 ’ἀξιωθῆναι
1518 4813 1613 4866 τοῦ
1661 4814 1963 4886 μαρτυρίου
1994 4828 2009 4847 ⁸

427 4900 566 4954 ἀλλὰ
594 4902 699 4972 τὴν
727 4901 989 4971 ποικίλην
1014 4903 1272 4973 ἀπειλὴν,
1316 4907 1415 4959 καὶ
1458 4904 1559 4977 τὴν
1600 4906 2013 4977 ἀνυπέρϐλητον

427 4995 722 5064 ἀπήνειαν,
750 4995 847 5048 καὶ
874 4996 976 5065 τὴν
1003 4996 1383 5068 πολυμήχανον
1411 4998 1757 5069 κατασκευὴν
1784 4996 1880 5051 τοῦ
1909 4997 2012 5068 ἀρ·-

432 5104 616 5156 χοντος
643 5087 918 5155 ἐφοϐεῖτο.
947 5087 1141 5159 Ὅμως
1180 5091 1493 5160 ἀπόπειραν
1522 5106 1646 5142 τινα
1669 5093 1763 5144 καὶ
1781 5086 2012 5158 δοκιμὴν

428 5180 668 5233 ἐποιεῖτο
716 5178 814 5233 τοῦ
862 5179 1229 5251 προκειμένου
1285 5181 1452 5234 αὐτοῦ
1511 5180 1713 5234 σκοποῦ
1780 5180 2009 5233 τοιάνδε.

431 5271 625 5325 Λαϐὼν
645 5272 759 5344 γὰρ
789 5273 889 5343 τὴν
930 5271 1110 5344 ζώνην
1142 5274 1334 5338 αὐτοῦ,
1357 5275 1561 5327 δέδωκε
1586 5273 1666 5344 τῷ
1705 5274 2013 5344 πιστοτάτῳ

434 5365 599 5418 αὐτοῦ
631 5366 847 5437 οίκέτῃ,
878 5366 973 5419 καὶ
999 5366 1287 5420 ἐκέλευσεν
1320 5366 1661 5435 ἀποκομίσαι
1694 5365 1902 5435 ταύτην
1933 5367 2013 5429 είς

435 5454 532 5521 τὴν
571 5454 1009 5527 ’Δραυρακηνῶν
1061 5456 1380 5527 ἐκκλησίαν,
1435 5456 1560 5509 ὅθεν
1584 5457 1678 5510 καὶ
1707 5456 1870 5518 αὐτὸς
1902 5453 2013 5525 ὦρ-

438 5560 595 5614 μητο,
627 5546 724 5599 καὶ
759 5546 1063 5600 ἀποθέσθαι
1096 5546 1156 5600 ἐν
1190 5547 1272 5617 τῷ
1320 5546 1698 5618 θυσιαστηρίῳ
1725 5564 1741 5581 ’
1767 5546 1930 5601 αὑτὸν
1956 5544 2014 5599 δὲ

437 5634 648 5700 τοῦτον,
681 5638 739 5689 ἐν
763 5637 843 5707 τῷ
885 5637 1134 5709 λεληθότι
1185 5637 1618 5707 κατακρύψαντα
1669 5636 1880 5699 ἐαυτὸν,
1907 5654 2012 5689 πα.

443 5729 841 5799 ρεφυλάττειν·
875 5732 967 5786 καὶ
996 5735 1044 5787 εί
1093 5734 1191 5803 μὲν
1234 5733 1334 5787 ῖδοι
1367 5733 1655 5799 Δύξέντιόν
1681 5750 1801 5787 τινα
1828 5731 2013 5787 δοῦλον

2111 4550 2472 4609 perseverans
2519 4544 2575 4589 et
2620 4530 2899 4596 oratione,
2954 4537 3014 4584 ut
3062 4526 3334 4600 propitius
3377 4530 3524 4579 esset
3569 4518 3686 4573 suis

2112 4629 2351 4691 famulis,
2382 4638 2439 4683 et
2472 4627 2784 4681 intueretur
2820 4622 3081 4693 populum
3124 4633 3286 4675 suum
3318 4616 3373 4671 in
3406 4614 3600 4673 salute.
3624 4624 3687 4669 et

2113 4723 2168 4777 in
2224 4720 2494 4776 malorum
2554 4715 2948 4774 consolatione.
3005 4712 3272 4783 Cupiebat
3330 4720 3516 4765 autem
3568 4707 3686 4777 ipse

2112 4830 2330 4885 quoque
2370 4813 2513 4868 idem
2539 4852 2554 4875 ,
2598 4809 2743 4880 quod
2787 4807 3001 4871 sancti,
3042 4805 3231 4859 subire
3273 4813 3588 4863 certamen,
3630 4807 3688 4853 et

2112 4906 2331 4975 assequi
2369 4904 2712 4972 martyrium,
2753 4900 2851 4955 sed
2891 4899 3075 4953 varias
3118 4897 3295 4950 minas
3330 4900 3387 4948 et
3422 4890 3683 4946 saevitiam

2115 4995 2561 5067 insuperabilem,
2599 4992 3069 5062 multiplicemque
3108 4986 3449 5042 molitionem
3479 4993 3537 5039 et
3570 4997 3688 5039 ma-

2113 5088 2482 5146 chinationem
2542 5085 2791 5156 praesidis
2854 5080 3295 5154 pertimescebat.
3350 5077 3447 5134 Sui
3503 5085 3681 5131 tamen

2114 5181 2265 5252 scopi
2288 5189 2344 5236 et
2364 5178 2597 5235 instituti
2628 5175 3087 5248 periclitationem
3113 5172 3347 5227 faciebat
3373 5172 3475 5224 hoc
3496 5167 3680 5222 modo:

2115 5289 2240 5327 nam
2266 5286 2610 5328 cunrzonam
2639 5285 2793 5324 suam
2821 5267 3142 5336 accepisset,
3171 5263 3324 5319 dedit
3355 5261 3557 5317 tamqu
3579 5274 3681 5314 suo

2118 5365 2472 5427 ﬁdelissimo,
2521 5372 2579 5417 et
2622 5361 2789 5432 jussit
2838 5375 2958 5415 eam
3012 5367 3230 5427 portare
3283 5356 3341 5409 in
3396 5352 3682 5409 ecclesiam

2116 5460 2616 5519 Arauracenurum,
2643 5467 2706 5508 ex
2729 5467 2837 5522 qua
2859 5458 3221 5523 processerat,
3239 5457 3294 5502 et
3311 5446 3365 5501 in
3394 5460 3488 5500 ara
3518 5442 3689 5513 depo«

2115 5562 2246 5602 nere
2274 5562 2289 5613 ;
2321 5560 2449 5601 eum
2484 5545 2661 5614 ipsum
2697 5553 2904 5605 autem,
2939 5555 3065 5595 cum
3090 5555 3212 5595 eam
3246 5540 3480 5594 latenter
3502 5535 3691 5592 occul-

2120 5639 2337 5701 taverit,
2387 5648 2645 5702 servare;
2688 5641 2744 5687 et
2792 5632 2835 5687 si
2884 5630 3082 5687 viderit
3127 5628 3349 5701 quidem
3395 5624 3685 5697 quemdam

2117 5729 2447 5787 Auxentium
2480 5728 2574 5784 Dei
2606 5743 2845 5795 servum,
2891 5725 2977 5784 cui
3022 5723 3206 5785 ferunt
3234 5736 3423 5780 omnes
3471 5716 3689 5793 pietatis
