4094 6384
424 235 524 301 471

1639 236 1920 297 MENSIS
1960 236 2398 298 DECEMBER.

3572 227 3678 292 ΗΞ

424 337 826 420 testimonium,
855 350 948 424 qui
979 366 1046 408 eo
1078 360 1322 424 tempore
1356 345 1478 409 erat
1509 353 1797 425 presbyter
1834 353 1997 424 hujus

2113 350 2259 417 θεοῦ,
2316 347 2812 421 μεμαρτυρημένον
2862 346 2977 406 τοῖς
3030 345 3196 398 πᾶσιν
3254 343 3343 397 ἐπ’
3397 342 3677 416 εὐλαϐείᾳ,

427 447 697 511 ecclesiae,
742 447 1047 516 ingressum
1093 445 1159 501 ad
1191 446 1485 511 orandum,
1527 462 1647 502 eam
1686 445 1993 509 sustulisse,

424 547 488 594 ut
520 538 719 593 habeat
755 553 972 603 zonam,
1017 538 1218 602 sinere,
1254 549 1311 594 et
1354 540 1421 593 ad
1460 539 1637 609 ipsum
1683 540 1907 594 reverti.
1940 536 1997 593 Si

424 627 622 698 aliquis
659 638 843 683 autem
876 629 1017 684 alius
1048 631 1153 685 hoc
1181 630 1367 697 faciat,
1411 646 1756 700 nequaquam
1788 632 1837 685 ei
1873 646 1998 699 per-

425 717 665 784 mittere,
712 721 808 775 sed
847 736 967 775 eam
1004 737 1194 776 zonam
1242 732 1514 792 repetere,
1562 723 1667 776 hoc
1714 722 1768 777 in
1816 733 1999 776 mente

420 811 695 881 judicans,
733 812 877 882 quod
914 812 960 867 si
997 814 1285 884 presbyter
1317 831 1511 868 zonam
1561 814 1873 877 abstulerit,
1910 813 1997 869 fu-

424 912 607 957 turum
635 903 708 958 sit
731 902 784 957 id
817 903 1063 981 divinum
1091 904 1379 958 consilium
1407 914 1463 960 et
1490 904 1854 973 providentia,
1878 918 2000 972 qttte

424 993 696 1064 signiﬁcet
738 994 954 1050 felicem
990 1010 1302 1050 successum
1345 995 1611 1066 martyrii,
1661 996 1805 1066 quod
1851 996 2001 1050 desi-

428 1086 607 1141 derat.
659 1085 755 1141 Sin
804 1103 935 1141 vero
985 1087 1090 1141 hoc
1138 1102 1247 1141 non
1298 1087 1573 1149 evenerit,
1625 1086 1825 1142 debere
1872 1101 1998 1141 eum

429 1179 625 1243 latere,
658 1194 761 1235 nec
799 1179 1004 1236 audere
1035 1180 1113 1236 uti
1144 1179 1345 1236 ﬁducia
1374 1190 1431 1236 et
1461 1180 1681 1236 dicendi
1724 1180 1999 1236 libertate.

502 1441 567 1497 V.
590 1440 727 1498 Cum
761 1442 868 1499 ltoc
889 1457 1019 1514 ergo
1045 1445 1246 1501 factum
1282 1457 1448 1512 esset,
1473 1457 1529 1502 et
1553 1448 1787 1504 famulus
1817 1451 2004 1520 paucis

429 1542 557 1603 post
600 1533 797 1589 diebus
832 1537 1169 1601 revertisset,
1221 1546 1275 1592 et
1321 1538 1549 1594 dixisset
1595 1540 1742 1609 quod
1789 1555 1853 1595 ea
1888 1541 2004 1610 ipsa

430 1626 605 1693 liora,
653 1642 760 1698 qua
805 1644 997 1684 zonam
1045 1630 1098 1684 in
1149 1644 1241 1685 ara
1291 1640 1589 1701 posuerat,
1635 1633 1780 1688 sicut
1817 1634 2006 1704 jussus

430 1716 645 1781 fuerat,
695 1717 983 1789 presbyter
1023 1718 1352 1786 Aux‘entius,
1400 1730 1658 1791 tanquam
1706 1721 1776 1777 ab
1819 1722 2005 1792 aliquo

431 1814 654 1881 missus,
701 1815 984 1885 ingressus
1016 1816 1087 1871 sit
1131 1817 1446 1881 ecclesiam,
1495 1826 1551 1871 et
1599 1833 1792 1872 zonam
1844 1833 2005 1873 acce-

428 1904 591 1971 perit.
627 1906 724 1960 His
755 1906 979 1974 auditis,
1017 1908 1232 1964 laetatus
1271 1919 1356 1963 est
1383 1909 1468 1964 vir
1501 1910 1648 1979 pius,
1680 1918 1738 1964 et
1768 1925 1834 1964 ex
1865 1925 2008 1979 prae-

431 1994 576 2050 torio
617 1997 891 2067 accipiens
930 2013 1121 2054 omnes
1164 2015 1296 2056 suos
1341 2000 1549 2055 amicos
1592 2001 1726 2054 liora
1762 2000 2001 2070 prandii,

428 2087 582 2144 venit
618 2090 798 2158 laetus,
834 2098 891 2147 et
927 2107 1176 2163 magnam
1210 2093 1397 2150 vultus
1435 2093 1795 2160 alacritatem,
1836 2109 2010 2163 quan-

430 2189 541 2234 tam
575 2196 855 2252 nunquam
890 2193 1077 2249 antea,
1111 2186 1408 2240 ostendens
1446 2187 1500 2239 in
1535 2187 1789 2241 convivio
1820 2203 1836 2241 :
1871 2186 2009 2241 adeo

432 2277 495 2324 ut
521 2282 749 2342 propter
776 2273 1050 2328 insuetum
1075 2275 1182 2329 hoc
1204 2276 1579 2343 spectaculum
1605 2277 2012 2331 adducerentur

434 2377 627 2417 omnes
654 2363 709 2416 in
736 2362 1174 2429 admirationem,
1203 2372 1259 2418 et
1290 2365 1431 2419 scire
1470 2380 1687 2419 causam
1715 2367 1897 2435 magni
1932 2366 2014 2420 fa-

434 2463 641 2510 cerent.
672 2454 822 2510 Unus
854 2464 1037 2510 autem
1066 2470 1133 2510 ex
1166 2455 1237 2511 iis
1269 2459 1361 2526 qui
1393 2457 1557 2511 simul
1587 2457 2008 2524 aceumbebaut,

431 2549 593 2596 aetate
622 2541 831 2612 junior,
864 2544 985 2613 ejus
1017 2545 1218 2600 cltarus
1250 2545 1461 2602 amicus
1501 2554 1558 2600 et
1604 2547 1761 2612 civis,
1790 2548 2012 2603 nomine

433 2632 984 2703 Eugenius,iidenter
1009 2651 1134 2690 eum
1153 2646 1565 2706 percunctatur,
1595 2637 1783 2693 dicens
1815 2656 1828 2692 :
1857 2639 2012 2693 Nun-

436 2725 594 2796 quid,
624 2742 659 2781 ο
687 2726 925 2784 maxime
964 2729 1228 2798 Eustrati,
1264 2740 1556 2802 prapterea
1585 2734 1730 2802 quod
1761 2748 1793 2788 a
1820 2742 2013 2789 nostro

432 2819 667 2889 praeside
695 2819 753 2874 in
796 2821 1094 2876 crastinum
1122 2823 1269 2879 diem
1318 2833 1447 2880 sunt
1474 2835 1683 2895 parata,
1711 2837 1769 2882 et
1798 2827 2012 2896 publice

434 2910 791 2979 producenda
828 2914 1012 2969 omnia
1057 2923 1454 2971 tormentorum
1507 2918 1866 2974 instrumenta
1913 2920 2013 2974 ad-

431 3016 630 3059 versus
655 3004 1021 3072 Christianos,
1049 3007 1282 3062 accessit
1314 3007 1410 3062 tibi
1442 3009 1698 3076 profusus
1727 3010 1817 3066 hic
1841 3011 2005 3077 risus,
2038 3031 2082 3091 α

437 3100 502 3147 ιιι
526 3094 619 3165 qui
648 3110 716 3150 ex
742 3110 809 3150 eo
832 3111 1021 3166 speres
1043 3097 1249 3167 aliquid
1278 3098 1519 3153 lucrari?
1544 3099 1659 3154 Hoc
1690 3116 1820 3154 vero
1851 3101 2012 3167 dixit,

435 3196 732 3258 prepterea
767 3189 911 3259 quod
956 3189 1012 3243 in
1059 3189 1213 3244 illum
1257 3205 1463 3246 annum
1506 3202 1652 3248 esset
1689 3192 1802 3262 ipse
1848 3193 2014 3248 Com-

437 3281 853 3337 mentariensis.
879 3282 1113 3339 Sanctus
1138 3292 1321 3339 autem
1348 3284 1632 3354 respondit
1659 3286 1971 3342 Eustratius
1997 3303 2012 3341 :

438 3368 611 3425 Recte
636 3369 983 3438 existimasti,
1011 3387 1044 3426 ο
1071 3373 1267 3428 amice.
1300 3372 1472 3443 Spero
1496 3374 1643 3429 enim
1673 3391 1771 3446 ego
1797 3391 2015 3446 quoque

438 3460 530 3516 die
561 3462 815 3531 sequenti
862 3477 930 3517 ex
977 3462 1078 3519 bac
1104 3479 1165 3519 re
1208 3466 1493 3535 consequi,
1542 3466 1883 3531 thesaurum,
1919 3469 2013 3537 qui

445 3551 651 3606 auferri
698 3568 809 3607 non
854 3563 1053 3623 potest.
1091 3556 1352 3625 Sequenti
1399 3572 1529 3610 vero
1578 3557 1664 3612 die
1711 3557 1922 3628 Lysias,
1964 3559 2015 3614 ei

439 3652 626 3698 erecto
653 3645 870 3699 excelso
903 3644 1161 3699 tribunali
1194 3645 1249 3699 in
1282 3645 1459 3700 media
1494 3646 1713 3702 civitate
1747 3648 1799 3702 in
1831 3648 2016 3718 signo-

441 3734 629 3801 stasio,
656 3735 821 3806 jussit
848 3751 1061 3802 omnes,
1087 3737 1183 3807 qui
1211 3749 1368 3793 erant
1397 3738 1453 3793 in
1484 3739 1753 3804 custodia,
1786 3741 2014 3810 produci

440 3838 502 3887 ut
532 3829 1025 3902 interrogarentur.
1055 3827 1291 3887 Sanctus
1318 3835 1504 3886 autem
1540 3829 1851 3886 Eustratius
1886 3847 2016 3901 pro-

390 3958 397 3967 .
439 3923 616 3978 fectus
643 3922 700 3978 in
741 3937 1044 3991 carcerem,
1076 3924 1286 3995 rogavit
1318 3937 1509 3979 omnes
1551 3933 1785 3989 sanctos,
1823 3932 1881 3977 ut
1917 3938 2015 3992 pro

437 4028 505 4069 eo
544 4023 789 4070 orarent.
835 4015 981 4071 Dixit
1021 4017 1192 4082 enim,
1225 4031 1285 4071 se
1328 4017 1423 4072 illo
1455 4015 1545 4073 die
1576 4016 1822 4072 futurum
1869 4017 2015 4088 paris

438 4106 649 4163 socium
702 4108 1040 4164 certaminis.
1089 4107 1227 4163 Cum
1271 4123 1464 4164 omnes
1509 4116 1691 4163 autem
1742 4118 2011 4173 orassent,

438 4207 495 4252 et
518 4214 696 4268 genua
739 4199 1042 4265 ﬂexissent,
1079 4207 1136 4255 et
1166 4209 1473 4256 extremum
1510 4200 1678 4253 Amen
1726 4200 2011 4266 dixissent,

438 4292 615 4345 secuti
643 4303 1053 4363 suntsanctum
1085 4292 1446 4357 Eustratium,
1480 4307 1606 4348 cum
1635 4307 1733 4348 eos
1764 4300 2015 4348 tenerent

444 4380 671 4438 milites.

2100 442 2478 514 πρεσϐύτερον
2501 439 2579 510 τῷ
2617 438 2737 492 τότε
2780 438 2958 508 χρόνῳ
2996 436 3318 506 ὑπάρχοντα
3354 435 3453 502 τῆς
3488 435 3687 507 ἐκκλη-

2104 537 2224 599 σίας
2254 534 2481 605 ταύτης,
2517 531 2831 585 εἰσελθόντα
2850 529 2945 584 τοῦ
2981 529 3241 592 εὔξασθαι
3273 530 3555 598 ἐπάραντα
3586 530 3685 581 αὑ-

2101 628 2222 696 τὴν,
2259 629 2421 681 ἐᾶσαι
2468 625 2614 694 ἔχειν
2653 624 2752 693 τὴν
2793 622 2971 693 ζώνην
3016 621 3111 675 καὶ
3145 622 3511 692 ἀναστρέφειν
3549 623 3689 691 προς

2100 719 2264 772 αὑτόν
2284 734 2301 749 °
2331 719 2380 770 εί
2406 716 2462 770 δὲ
2492 717 2578 768 ’ἐτε
2589 716 2678 785 ρός
2703 732 2789 778 τις
2815 713 2975 766 τοῦτο
3000 716 3165 778 ποιεῖ,
3187 713 3450 782 μηδαμῶς
3470 728 3688 781 συγχω-

2105 815 2220 883 ρεῖν
2274 809 2446 877 αὑτῷ,
2502 808 2639 862 ἀλλὰ
2669 806 3114 860 ἀνακαλέσασθαι
3163 804 3313 873 αὑτῷ
3366 804 3467 873 τὴν
3514 802 3687 872 αὑτὴν

2103 903 2304 974 ζώνην,
2340 901 2500 954 τοῦτο
2535 901 2728 970 κρίνας
2753 901 2811 951 ἐν
2840 901 2906 969 τῇ
2947 898 3160 968 διανοίᾳ
3185 897 3280 959 ὡς.
3315 896 3414 947 είὸ
3439 894 3685 966 πρεσϐύο

2101 1012 2261 1066 τερος
2302 994 2664 1062 ἁπενέγκοιτο
2708 991 2809 1062 τὴν
2858 991 3054 1060 ζώνην,
3100 989 3416 1058 οἰκονομίαν
3461 989 3688 1042 ἔσεσθαι

2104 1087 2293 1158 θεῖκὴν
2322 1085 2746 1156 προμηνύουσαν
2790 1082 2941 1153 αὑτῷ
2980 1082 3080 1143 τὴν
3115 1080 3211 1134 τοῦ
3243 1081 3689 1151 ὲπιθυμουμένου

2103 1179 2249 1250 αὑτῷ
2285 1177 2587 1250 μαρτυρίου
2635 1176 2924 1246 ἐπιτυχίαν
2952 1193 2965 1206 ·
3030 1176 3078 1227 εί
3126 1173 3184 1226 δὲ
3247 1173 3322 1242 μὴ
3380 1173 3689 1241 ἀπαντήσοι

2101 1271 2284 1336 τοῦτο,
2339 1267 2479 1324 εἶναι
2536 1269 2699 1323 αὑτὸν
2739 1270 2799 1323 ἐν
2851 1269 2932 1341 τῷ
2959 1266 3210 1337 λεληθότι
3266 1268 3363 1319 καὶ
3420 1265 3689 1336 μηδαμῶς

2102 1364 2309 1437 τολμᾷν
2331 1361 2830 1434 παρρησιάζεσθαι.

2179 1450 2257 1507 Ε’.
2315 1450 2618 1521 Γενομένου
2671 1448 2766 1502 οὑν
2809 1448 3003 1502 τούτου
3048 1449 3145 1503 καὶ
3186 1450 3284 1502 τοῦ
3329 1447 3522 1509 παιδὸς
3570 1446 3694 1515 μετ’

2107 1542 2294 1611 ὀλίγας
2348 1540 2564 1611 ἡμέρας
2617 1539 3062 1609 ὑποστρέψαντος
3132 1539 3231 1591 καὶ
3283 1538 3570 1608 εἰρηκότος
3613 1535 3694 1597 ὡς

2106 1634 2230 1689 κατ’
2249 1632 2418 1702 αὑτὴν
2440 1631 2537 1702 τὴν
2560 1630 2709 1703 ὤραν
2733 1630 2829 1684 τοῦ
2861 1631 3023 1684 αὑτὸν
3049 1631 3355 1683 τεθεικέναι
3383 1629 3483 1696 τὴν
3516 1625 3696 1696 ζώνην

2109 1732 2168 1784 ὲν
2188 1728 2265 1798 τῷ
2298 1725 2699 1796 θυσιαστηρίῳ,
2725 1723 2914 1786 καθὼς
2950 1723 3377 1795 προσετέτακτο.
3413 1722 3506 1774 τὸν
3526 1736 3698 1790 πρεσο

2110 1815 2338 1884 σύτερον
2363 1812 2681 1879 Αὑξέντιον,
2720 1812 2910 1882 ὥσπερ
2944 1812 3002 1879 ἐξ
3034 1810 3343 1879 ἀποστολῆς
3375 1826 3523 1874 τινος
3579 1809 3696 1862 εισ-

2109 1905 2430 1976 εληλυθέναι
2488 1906 2568 1968 είς
2598 1905 2706 1976 τὴν
2760 1904 3060 1973 ἐκκλησίαν
3112 1906 3206 1957 καὶ
3258 1903 3539 1972 εἰληφέναι
3595 1900 3698 1972 τὴν

2120 1998 2321 2068 ζώνην,
2382 1997 2625 2060 ἀκούσας
2697 1995 2872 2050 ταῦτα
2926 1997 3099 2067 ὲχάρη
3152 1998 3182 2049 ό
3228 1995 3494 2063 θεοσεϐὴς
3540 1988 3699 2057 οὗτος

2111 2091 2269 2162 ἀνὴρ,
2310 2092 2408 2146 καὶ
2455 2089 2641 2144 λαϐὼν
2681 2090 2788 2144 ἀπὸ
2820 2089 2915 2143 τοῦ
2947 2089 3294 2160 Πραιτωρίου
3328 2090 3544 2151 πάντας
3569 2087 3699 2150 τοὺς

2112 2184 2304 2253 φίλους
2333 2183 2497 2237 αὑτοῦ
2523 2185 2580 2237 ἐν
2603 2186 2673 2255 τῇ
2701 2182 2822 2254 ὥρᾳ
2847 2182 2942 2236 τοῦ
2984 2184 3233 2254 ἀρίστου,
3263 2177 3430 2251 ἦλθεν
3462 2181 3700 2249 εὔφραι-

2112 2275 2358 2345 νὸμενος,
2409 2277 2505 2329 καὶ
2556 2275 2765 2347 πολλήν
2814 2293 2937 2329 τινα
2980 2274 3059 2343 τῷ
3098 2273 3375 2345 προσώπῳ
3408 2271 3574 2327 αὑτοῦ
3618 2271 3699 2336 ὡς

2114 2368 2175 2420 οὑ
2208 2366 2431 2420 πώποτε
2457 2366 2649 2421 ἄλλοτε
2678 2367 2778 2437 τὴν
2810 2367 3144 2438 φαιδρότητα
3164 2364 3607 2435 ἐπιδεικνύμενος
3641 2366 3700 2417 ὲν

2111 2459 2191 2530 τῷ
2223 2459 2536 2530 συμποσίῳ,
2561 2459 2702 2513 ὥστε
2737 2460 2831 2512 ἐπὶ
2851 2458 2931 2529 τῷ
2964 2459 3229 2531 ἀσυνήθει
3259 2460 3435 2528 τούτῳ
3462 2456 3700 2525 θεάματι

2112 2551 2209 2604 τοῦ
2260 2551 2454 2620 ἀνδρὸς
2519 2549 2827 2616 ξενίζεσθαι
2882 2551 3095 2613 πάντας
3170 2551 3265 2603 καὶ
3316 2550 3447 2619 περὶ
3500 2547 3701 2601 πολλοῦ

2114 2644 2389 2699 ποιεῖσθαι
2439 2643 2734 2714 μανθάνειν
2787 2644 2889 2713 τὴν
2942 2643 3149 2696 αίτίαν.
3206 2637 3302 2701 Εἷς
3337 2642 3397 2695 δέ
3454 2657 3541 2704 τις
3590 2640 3701 2693 τῶν

2116 2730 2627 2799 συνανακειμένων,
2674 2730 2946 2801 νεώτερος
2994 2730 3095 2799 τὴν
3145 2730 3365 2801 ἠλικίαν
3414 2730 3696 2800 ὑπάρχων,

2117 2823 2261 2875 πάνυ
2296 2821 2449 2891 φίλος
2499 2821 2667 2875 αὑτοῦ
2716 2822 2814 2874 καὶ
2863 2822 3226 2893 συμπολίτης,
3280 2822 3537 2889 Εὑγένιος
3574 2818 3723 2879 τοῦ(

2114 2928 2278 2980 νομα,
2315 2911 2600 2983 θαρρήσας
2625 2912 2960 2966 πυνθάνεται
2989 2914 3121 2984 παρ’
3156 2913 3327 2968 αὑτοῦ
3356 2914 3532 2982 λέγων
3559 2929 3576 2944 ⁸
3610 2913 3701 2984 Μή

2115 3017 2189 3066 τι,
2234 3001 2459 3070 μέγιστε
2498 3001 2821 3073 Εὑστρὰτιε,
2883 3003 2971 3056 διά
3032 3005 3094 3056 τὸ
3142 3004 3547 3075 προστετάχθαι
3597 3004 3703 3057 ὑπὸ

2114 3092 2211 3145 τοῦ
2259 3094 2520 3165 ἄρχοντος
2567 3095 2726 3166 ἡμῶν
2752 3096 3183 3167 εὐτρεπισθῆναι
3234 3100 3315 3161 είς
3368 3098 3468 3169 τὴν
3512 3096 3705 3165 αὔριον

2115 3185 2385 3256 δημοσίαν
2443 3188 2672 3258 πρόοδον
2724 3189 2904 3243 πάντα
2968 3193 3035 3243 τά
3099 3191 3207 3247 τῶν
3259 3191 3704 3262 βασανιστηρίων

2115 3281 2325 3350 εργανα
2350 3282 2496 3334 κατά
2514 3282 2624 3334 τῶν
2648 3283 3016 3353 Χριστιανῶν,
3053 3286 3085 3354 ή
3112 3283 3336 3355 τοιαύτη
3361 3283 3456 3337 τοῦ
3491 3282 3704 3353 μειδιά-

2121 3388 2288 3441 ματος
2316 3374 2602 3441 φιλοτιμία
2635 3375 2940 3446 προσετέθη
2974 3392 3078 3440 σοι,
3110 3376 3417 3447 κερδαίνειν
3447 3392 3502 3427 τι
3537 3390 3708 3461 προσ.-

2115 3460 2344 3514 δοκῶντι
2374 3475 2390 3525 ;
2424 3458 2558 3514 Εῐπε
2597 3462 2654 3515 δὲ
2698 3463 2857 3516 τοῦτο
2885 3464 2974 3518 διὰ
3016 3465 3077 3517 τὸ
3120 3466 3200 3528 είς
3234 3467 3443 3518 ἐκεῖνον
3467 3463 3559 3517 τὸν
3591 3458 3705 3517 ἐνιζ-

2117 3552 2284 3606 αυτὸν
2312 3558 2747 3625 κομενταρήσιον
2785 3556 2948 3610 αὑτὸν
3006 3557 3297 3629 ὑπάρχειν.
3349 3558 3411 3611 Ὀ
3452 3556 3507 3609 δὲ
3548 3556 3705 3624 ἅγιος

2118 3644 2452 3714 Εὑστρὰτιος
2507 3646 2889 3716 ἀπεκρίνατοο
2945 3648 3147 3709 Καλῶς
3209 3647 3500 3710 ὑπέλαϐες,
3554 3645 3703 3715 φίλε.

2117 3736 2229 3788 Καὶ
2258 3736 2368 3806 γὰρ
2427 3737 2732 3808 ἐκδέχομαι
2774 3739 3145 3809 ἀναφαίρετον
3193 3739 3470 3810 θησαυρὸν
3507 3741 3572 3792 ὲκ
3599 3742 3705 3808 τῆς

2115 3827 2372 3898 τοιαύτης
2425 3829 2615 3898 χρείας
2660 3828 2816 3896 κάγὼ
2848 3833 2915 3900 τῇ
2957 3831 3085 3899 ἑξῆς
3129 3832 3479 3900 πορίσασθαι.
3531 3833 3609 3902 Τῇ
3641 3833 3702 3885 δὲ
3790 3826 3798 3833 ’

2118 3920 2381 3990 ἐπαύριον
2412 3924 2440 3974 ὁ
2469 3922 2700 3987 Λυσίας,
2730 3921 2979 3992 βήματος
3017 3923 3167 3993 αὐτῷ
3200 3914 3459 3992 ἀρθέντος
3495 3924 3700 3995 ὑψηλοῦ

2117 4013 2173 4066 ὲν
2206 4013 2357 4083 μέσῳ
2391 4017 2491 4082 τῆς
2527 4014 2735 4076 πόλεως
2763 4015 2823 4067 ἐν
2854 4014 2934 4082 τῷ
2974 4017 3357 4086 σιγνοστασίῳ,
3401 4018 3702 4087 προσέταξε

2117 4106 2243 4168 τοὺς
2268 4107 2327 4158 ὲν
2357 4107 2423 4175 τῇ
2462 4107 2680 4176 φρουρᾷ
2703 4105 2953 4171 ἅπαντας
2985 4107 3221 4177 ἀχθῆναι
3254 4108 3391 4177 πρὸς
3418 4109 3521 4181 τὴν
3563 4108 3704 4178 ἐρώ-

2116 4213 2297 4267 τησιν.
2348 4198 2411 4250 '0
2454 4198 2512 4250 δὲ
2562 4198 2897 4270 Εὑστράτιος
2954 4199 3208 4253 ἀπελθὼν
3258 4201 3318 4252 ὲν
3366 4202 3432 4269 τῇ
3484 4199 3700 4272 φυλακῇ

2118 4290 2426 4359 παρεκάλει
2456 4290 2667 4354 πάντας
2690 4291 2819 4354 τοὺς
2842 4290 3032 4360 ἁγίους
3055 4290 3312 4363 εὔχεσθαι
3336 4291 3481 4362 ὑπὲρ
3510 4291 3699 4344 αὑτοῦ.

2056 4374 2098 4429 D
2131 4384 2341 4453 Ἔφησε
2378 4383 2488 4454 γὰρ
2536 4386 2632 4438 καὶ
2674 4383 2837 4448 αὑτὸς
2883 4385 3009 4437 κατ’
3067 4384 3285 4454 ἐκείνην
3336 4383 3436 4456 τὴν
3489 4384 3702 4455 ἡμέραν

446 4475 700 4545 μετέχειν
744 4476 839 4530 τοῦ
891 4478 1008 4531 ῐσου
1070 4476 1259 4539 αὑτοῖς
1301 4463 1532 4543 ἀγῶνος.
1582 4475 1692 4528 Καὶ
1736 4474 2022 4545 εὐξάμενοι
2062 4476 2288 4542 πάντες,
2348 4476 2444 4530 καὶ
2476 4479 2806 4547 ποιήσαντες
2865 4475 3236 4545 γονυκλισίαν,
3264 4476 3360 4531 καὶ
3387 4475 3703 4542 τελέσαντες

440 4566 505 4621 τὸ
554 4567 750 4639 Ἀμὴν,
773 4568 1150 4641 ἠκολούθησαν
1172 4567 1250 4638 τῷ
1282 4567 1422 4638 ἁγίῳ
1454 4567 1793 4639 Εὑστρατίῳ,
1840 4569 2201 4641 κατεχόμενοι
2234 4569 2342 4623 ὑπὸ
2371 4569 2483 4623 τῶν
2508 4570 2879 4641 στρατιωτῶν.

514 4664 604 4721 Vl.
640 4666 774 4720 Cum
823 4674 1005 4718 autem
1053 4661 1270 4726 cohors,
1309 4671 1367 4719 ut
1409 4672 1793 4728 consueverat,
1841 4663 2019 4718 adsti-

441 4759 602 4814 tisset
633 4764 762 4813 ante
787 4756 1054 4827 iudicem.
1085 4755 1250 4828 jussit
1283 4754 1470 4827 Lysias
1503 4755 1785 4825 sigillatim
1814 4755 2016 4812 adduci

443 4852 510 4906 ad
539 4866 699 4905 suum
726 4849 965 4904 tribunal
989 4864 1104 4913 eos,
1128 4852 1221 4918 qui
1249 4846 1402 4918 prius
1432 4848 1645 4903 fuerant
1674 4849 2015 4921 interrogati.

444 4946 753 5001 Eustratius
795 4940 933 4997 dixit
963 4941 1487 4998 Commentarieusis
1530 4959 1543 4995 :
1585 4941 1810 4998 Litteris
1843 4943 2018 5013 impe-

441 5037 666 5092 ratoriis
708 5036 882 5105 pridie
909 5049 1100 5090 rursus
1133 5034 1290 5090 lectis
1320 5035 1374 5089 in
1419 5034 1656 5105 judicio,
1679 5050 1800 5105 quae
1829 5036 2018 5092 decer-

451 5129 676 5191 nebant,
704 5140 764 5184 ut
818 5143 1009 5183 omnes
1035 5128 1129 5198 qui
1165 5126 1373 5198 ubique
1406 5128 1829 5183 inveniebantur
1856 5128 2020 5183 Chri»

443 5230 495 5275 ει
521 5221 632 5285 ani,
668 5221 1046 5292 cujuscunque
1093 5229 1281 5276 essent
1324 5219 1626 5288 dignitatis,
1662 5218 1874 5291 judicio
1923 5228 2016 5274 tuo

442 5312 870 5382 subjicerentur,
921 5313 1258 5379 Auxentius,
1308 5313 1402 5384 qui
1456 5313 1584 5368 olim
1636 5312 1858 5383 quidem
1916 5310 2019 5366 iuit

441 5404 640 5474 opibus
680 5416 737 5460 et
783 5405 892 5460 vita
939 5413 1061 5461 acta
1108 5405 1356 5476 insignis,
1408 5403 1689 5475 probatior
1738 5410 1925 5459 autem
1962 5412 2019 5458 et

443 5498 692 5552 ornatior
728 5512 795 5552 ex
824 5513 888 5553 ea
923 5513 1045 5568 qua:
1083 5514 1231 5553 nunc
1278 5499 1326 5552 ei
1364 5498 1583 5554 inventa
1617 5507 1701 5553 est
1737 5496 2019 5568 generosi-

447 5596 556 5642 tate
583 5597 638 5641 et
673 5587 840 5641 animi
877 5588 1220 5653 fortitudine,
1250 5599 1310 5642 ut
1342 5589 1434 5658 qui
1469 5591 1540 5643 sit
1581 5604 1776 5644 servus
1815 5587 2018 5643 Christi

448 5680 610 5750 Regis
640 5680 895 5751 calceus,
926 5680 1119 5754 paucis
1153 5682 1237 5735 his
1265 5694 1391 5738 ante
1433 5683 1624 5738 diebus
1666 5683 1928 5739 assistens
1962 5682 2015 5734 in

2198 4665 2294 4731 ς’.
2332 4661 2447 4732 Τῆς
2477 4664 2532 4717 δὲ
2562 4664 2771 4728 τάξεως
2791 4664 2935 4718 κατά
2961 4663 3062 4737 τὴν
3093 4666 3354 4719 εἰωθυῖαν
3384 4664 3703 4718 ἀκολουθίαν

2126 4756 2492 4825 παραστάσης
2531 4753 2611 4822 τῷ
2660 4752 2957 4817 δικάζοντι,
2993 4755 3021 4805 ό
3049 4753 3256 4816 Λυσίας
3302 4750 3556 4822 πρώτους
3599 4751 3702 4821 ἤδη

2126 4847 2222 4900 καὶ
2248 4844 2473 4916 πρώτην
2521 4843 2792 4915 ἐρώτησιν
2832 4841 3184 4913 δεξαμένους.
3231 4843 3567 4914 Εὑστράτιος
3597 4842 3705 4897 Κο-

2127 4941 2493 5012 μενταρήσιος
2516 4935 2671 4993 εἶπεν
2699 4952 2715 4968 ⁸
2749 4936 3039 4991 Συλλαὸὦν
3070 4936 3370 5009 βασιλικῶν
3395 4932 3555 4999 αὖθις
3575 4936 3704 4988 ἀνα-

2126 5031 2475 5101 γνωσθεισῶν
2497 5034 2562 5102 τῇ
2590 5030 2895 5102 προτεραίᾳ
2924 5030 3017 5083 ἐπὶ
3048 5029 3142 5084 τοῦ
3176 5027 3563 5099 δεκαστηρίου,
3594 5026 3702 5079 τῶν

2127 5122 2502 5189 θεσπιζουσῶν
2521 5125 2649 5187 τοὺς
2669 5126 2955 5194 ἁπανταχῇ
2984 5123 3406 5192 εὑρισκομένους
3437 5121 3482 5174 Χ
3492 5135 3701 5191 ριστια-

2127 5218 2253 5281 νοὺς
2279 5217 2490 5281 πάντας
2517 5218 2637 5282 οἵας
2676 5216 2949 5288 δηποτοῦν
2994 5216 3151 5282 ἀξίας
3187 5214 3539 5285 ὑπάρχοντας
3577 5216 3704 5269 συλ-

2123 5310 2430 5382 ληφθέντας
2477 5312 2543 5380 τῇ
2594 5312 2659 5380 σῇ
2722 5307 3036 5379 ὑπαχθῆναι
3083 5308 3287 5377 κρίσει,
3341 5306 3632 5372 Λὺξέντιος
3669 5310 3699 5361 ό

2124 5405 2292 5459 πάλαι
2331 5404 2430 5476 μὲν
2459 5402 2764 5475 περιφανὴς
2789 5402 2928 5473 τύχῃ
2962 5403 3056 5455 καὶ
3088 5400 3357 5471 πολιτείᾳ,
3394 5399 3698 5471 εὐδοκιμώ-

2120 5497 2282 5569 τερός
2319 5513 2380 5550 τε
2425 5497 2521 5550 καὶ
2570 5495 2941 5566 κοσμιώτερος
2985 5496 3051 5549 ὲκ
3099 5494 3198 5564 τῆς
3231 5494 3349 5547 νυνὶ
3381 5493 3699 5565 εὑρεθείσης

2125 5590 2272 5659 αὐτῷ
2322 5590 2723 5660 γενναιότητος,
2781 5588 2877 5642 ἅτε
2923 5587 3019 5641 τοῦ
3057 5584 3388 5658 ἐπουρανίου
3433 5585 3697 5657 βασιλέως

2127 5682 2362 5751 Χριστοῦ
2411 5680 2593 5744 δοῦλος
2638 5679 2922 5753 ὑπάρχων,
2956 5678 3063 5750 πρὸ
3088 5676 3290 5747 ὀλίγων
3317 5676 3525 5731 τούτων
3558 5677 3697 5746 ἡμε-
