4102 6376
297 332 405 395 m
1125 341 1597 409 MARTYRIUM
1634 330 1703 411 s.’
1739 352 2157 417 EUSTRATII
2200 355 2297 417 ET
2332 357 2748 423 scamnum.
3444 365 3550 432 ιτι

304 443 418 512 ρῶν
462 441 897 543 παραστάςιὲπὶ
935 445 1032 498 τοῦ
1082 447 1332 519 βήματος
1376 454 1593 521 τούτου,
1641 459 1733 513 τὸν
1780 462 1879 532 τῆς

1984 465 2086 520 hoc
2132 467 2412 532 tribunali,
2463 472 2726 540 transegit
2777 478 3053 526 certamen
3103 471 3549 543 immortalitatis,

300 534 606 597 ἀθανασίας
653 534 943 606 διήθλησεν
979 538 1189 606 ἀγῶνα,
1226 541 1326 611 τὴν
1368 544 1487 615 σὴν,
1535 541 1580 600 ὧ
1625 549 1876 618 δικαστά,

1984 567 2152 621 tuam,
2183 575 2218 613 ο
2246 561 2433 629 judex,
2468 576 2703 632 arguens
2745 563 3101 634 impietatem,
3140 566 3434 621 verborum
3465 584 3551 623 sa-

300 626 571 696 ἀθεότητα
597 626 844 694 ἐλέγξας,
880 632 1041 702 σοφίᾳ
1062 632 1256 701 λόγων,
1280 638 1376 692 καὶ
1400 640 1646 713 ὑπομονῇ
1677 643 1876 714 ἔργων,

1983 649 2185 718 pientis
2229 626 2284 703 et
2329 626 2559 717 operum
2598 626 2886 707 tolerantia
2931 662 3027 708 :et
3069 626 3326 724 quoniam
3357 657 3553 712 abillo

299 720 421 815 sunt
452 720 684 815 ἐπείπερ
735 722 847 815 ἀπὸ
897 723 999 815 τῆς
1044 727 1166 781 τότε
1219 729 1434 799 ἡμέρας
1486 735 1877 805 κατειρχθέντα

1983 734 2069 793 die
2090 756 2213 794 eum
2241 740 2511 795 inclusum
2536 742 2588 795 in
2609 744 2825 811 publica
2846 720 3319 815 custodia-iussisti
3347 748 3545 803 adduci

298 810 465 864 αὐτὸν
490 811 548 862 ἐν
580 810 820 882 δημοσίᾳ
855 812 1070 885 φυλακῇ
1106 819 1447 886 προσέταξας
1473 823 1714 894 τήμερον
1760 825 1880 895 ἅμα

1983 830 2144 885 hodie
2190 832 2610 887 examinandum
2645 849 2768 888 eum
2813 846 2980 899 ccetu,
3014 837 3109 905 qui
3155 852 3279 893 cum
3309 855 3376 894 eo
3408 852 3546 905 erat,

297 902 367 970 τῇ
403 900 637 973 συνούσῃ
656 902 804 971 αὑτῷ
836 904 971 975 ἁγίᾳ
1002 908 1220 979 συνοδίᾳ
1248 908 1403 972 αὖθις
1435 912 1528 965 ἐπὶ
1560 914 1660 985 τὴν
1690 914 1879 979 ἐξέτα-

1983 933 2127 978 stant
2173 939 2387 980 mecum
2427 940 2619 981 omnes
2664 927 2793 981 forti
2836 936 2892 983 et
2939 927 3166 985 robusto
3192 932 3397 997 animo,
3429 942 3550 989 tuas

300 1009 390 1045 σιν
429 994 682 1062 ἀχθῆναι,
712 996 1010 1065 ἑστήκασιν
1033 999 1272 1064 ἅπαντες
1302 1003 1421 1073 ἅμα
1466 1006 1615 1074 ἐμοὶ,
1644 1007 1877 1080 ἀνδρείῳ

1983 1015 2286 1077 machinas,
2324 1031 2443 1085 quae
2473 1034 2501 1071 a
2532 1028 2686 1087 patre
2729 1029 2827 1075 tuo
2864 1019 3080 1076 diabolo
3128 1032 3259 1079 sunt
3292 994 3393 1079 tibi
3419 1040 3548 1095 sug-

297 1085 397 1188 καὶ
431 1085 848 1188 ρωμαλέωτέρῳ
884 1088 964 1155 τῷ
1014 1093 1326 1162 φρονήματι
1351 1095 1450 1158 τὰς
1483 1097 1582 1158 σὰς
1629 1100 1879 1169 μηχανὰς

1983 1117 2163 1180 gestae,
2193 1108 2461 1164 dedecore
2491 1085 2765 1174 aii‘ecturi,
2813 1120 2870 1168 et
2897 1114 3124 1169 omnino
3160 1116 3416 1173 deleturi.
3454 1085 3550 1173 liis

255 1192 270 1275 ἰ
297 1175 400 1238 τὰς
423 1175 529 1228 ὑπὸ
554 1176 650 1230 τοῦ
664 1179 1012 1276 ,πατρός-σου
1039 1182 1133 1235 τοῦ
1155 1182 1403 1276 διαϐόλου
1432 1187 1877 1261 ὑποϐαλλομένας

1983 1175 2185 1252 auditis
2234 1196 2460 1270 Lysias,
2510 1200 2650 1255 banc
2701 1201 3037 1272 inopinatam
3091 1205 3191 1259 viri
3248 1207 3551 1263 admiratus

300 1278 385 1315 σοι
424 1268 784 1334 καταισχῦναι
829 1268 928 1320 καὶ
963 1269 1260 1345 ἀφανισμῷ
1302 1275 1496 1349 τελείῳ
1542 1280 1878 1349 πτραδοῦναι

1983 1268 2316 1359 libertatem,
2359 1301 2417 1348 et
2458 1293 2661 1349 caedem
2704 1268 3040 1367 spirantibus
3082 1301 3256 1355 oculis
3299 1316 3423 1356 eum
3463 1302 3549 1357 in-

296 1355 630 1462 δερείλοντες.
665 1358 851 1413 Ταῦτα
880 1363 1120 1428 ἀκούσας
1151 1366 1179 1418 ὁ
1201 1367 1428 1436 Λυσίας,
1451 1371 1546 1425 καὶ
1573 1374 1638 1442 τῇ
1668 1374 1877 1444 ἀπροσ-

1983 1382 2188 1447 tuitus,
2240 1397 2310 1437 ex
2355 1383 2467 1440 imo
2512 1394 2732 1455 pectore
2777 1399 2835 1443 et
2888 1390 3152 1447 iracundo
3200 1392 3318 1461 ejus
3365 1395 3549 1449 animo

267 1443 512 1561 ⁵δοιιιήτορ
547 1446 724 1561 ταύτης
764 1452 1061 1561 παρῤηῆσίρ..
1100 1455 1216 1561 τοῦ.
1247 1458 1444 1561 ἀνδρὸς
1485 1443 1877 1536 ὲκθαμϐηθεὶς,

1983 1475 2183 1531 emisso
2211 1475 2469 1546 suspirio,
2514 1491 2649 1532 voce
2684 1479 2947 1546 intonuit,
2988 1483 3071 1536 sic
3128 1481 3552 1539 dicens:Acer-

270 1538 469 1644 ’φονίιρ
496 1555 556 1591 τε
593 1539 672 1610 τῷ
698 1540 909 1610 ὄμματι
940 1544 1142 1616 βλέψας
1168 1549 1251 1613 είς
1294 1550 1461 1605 αὑτὸν
1502 1554 1601 1607 καὶ
1640 1555 1751 1609 ἀπὸ
1780 1575 1881 1610 κα-

1983 1563 2108 1619 bius
2155 1538 2322 1629 mihi,
2354 1581 2519 1636 quam
2546 1583 2788 1639 unquam
2816 1581 3001 1636 antea,
3028 1573 3235 1628 exstitit
3271 1573 3377 1631 hoc
3404 1576 3553 1644 judi-

297 1628 544 1683 τωτάτου
589 1632 822 1703 στήθους
851 1638 1160 1707 στεναγμὸν
1205 1643 1270 1696 ὲκ
1315 1643 1417 1713 τῆς
1460 1644 1678 1713 ὀργίλου
1710 1645 1877 1702 αὑτοῦ

1983 1653 2152 1718 cium,
2175 1664 2232 1710 et
2251 1656 2436 1712 (ἔπειτα
2463 1661 2637 1728 patria
2660 1663 2983 1718 austeritate
3011 1666 3303 1734 repletum,
3329 1628 3550 1722 oratore

297 1723 478 1827 «ξυχῇς
500 1725 858 1796 ἀναπέμψας,
885 1728 1177 1804 ἐδρύντησε
1201 1738 1267 1806 τῇ
1294 1738 1444 1805 φωνῇ
1472 1737 1646 1806 λέγων
1666 1739 1838 1803 οὕτως
1859 1756 1873 1771 ·

1985 1743 2118 1797 mibi
2149 1747 2430 1814 proposito
2465 1723 2732 1804 scelerato
2766 1752 2871 1806 hoc
2903 1723 3179 1809 caruitice.
3210 1723 3301 1810 Abi
3322 1769 3391 1810 eo
3419 1772 3549 1827 ergo

298 1816 528 1885 Φαιδρόν
558 1836 646 1912 μοι
680 1820 779 1892 τὴν
803 1825 1048 1895 τήμερον
1076 1824 1154 1890 ὡς
1182 1827 1245 1880 οὐ
1273 1827 1494 1883 πώποτε
1524 1832 1585 1885 τὺ
1615 1832 1877 1904 δικαστή-

1983 1843 2158 1891 stante
2207 1812 2452 1904 tollatur,
2476 1855 2585 1909 qua
2619 1841 2845 1898 indutus
2893 1852 2998 1912 est,
3028 1846 3164 1901 larua
3196 1857 3250 1901 et
3281 1863 3417 1902 zona
3452 1812 3552 1905 :Uet

304 1925 420 2003 ριον
449 1911 714 2003 κατέστη,
748 1915 848 1968 καὶ
873 1916 975 1986 τῆς
1023 1918 1286 1991 πατρῴας
1328 1921 1650 1993 Ἑλληνικῆς
1677 1927 1882 1997 αὐστη-

1983 1942 2044 1983 ex
2066 1928 2154 1984 his
2198 1930 2371 2001 signis
2413 1933 2668 1987 ostendat
2713 1936 2993 2003 omnibus,
3027 1953 3086 1993 se
3116 1939 3355 1993 alienum
3390 1941 3458 1994 ab
3488 1955 3552 1994 ea

302 1999 426 2097 ρίας
439 2001 913 2097 πεπληρωμένον,
945 2009 1176 2081 ῥήτορός
1208 2029 1297 2081 μοι
1326 2012 1423 2067 τοῦ
1467 2014 1663 2084 δημίου
1690 2016 1879 2072 τούτου

1983 2035 2099 2088 qua:
2123 2019 2191 2074 ad
2220 1999 2398 2089 ipsum
2423 2022 2734 2091 pertinebat
2766 1999 3071 2097 hucusque,
3101 2029 3321 2083 militia.
3345 2029 3553 2085 Deinde

299 2092 395 2146 καὶ
427 2093 716 2166 ἀλιτηρίου
752 2101 1143 2171 προκειμένου.
1192 2103 1443 2175 Ἀρθήτω
1483 2106 1614 2175 γοῦν
1654 2109 1684 2161 ὀ
1711 2109 1884 2173 ἑστὼς

1983 2112 2162 2168 nudus
2201 2118 2467 2184 corpore”,
2518 2116 2853 2189 funibusque
2900 2092 3156 2191 expansis
3201 2123 3461 2178 manibus
3497 2130 3553 2178 et

300 2192 397 2254 τῆς
424 2192 812 2262 περικειμένης
838 2192 990 2262 αὑτῷ
1034 2194 1263 2265 χλαίνης
1293 2197 1387 2251 καὶ
1431 2197 1628 2269 ζώνης,
1680 2200 1777 2254 καὶ
1816 2202 1883 2255 ἐκ

1983 2204 2233 2275 pedibus,
2262 2207 2416 2262 humi
2446 2217 2727 2278 extensus,
2772 2220 2964 2283 pergat
3006 2214 3233 2284 exsequi
3271 2229 3415 2281 eam,
3443 2228 3554 2285 qua

298 2278 507 2335 τούτων
558 2282 667 2335 τῶν
714 2286 960 2355 σημείων
1001 2288 1265 2343 δεικνύτω
1322 2291 1517 2346 ἑαυτὸν
1570 2291 1722 2356 ξένον
1767 2297 1881 2359 τοῖς

1981 2310 2040 2351 se
2070 2296 2335 2363 defendit,
2370 2301 2716 2358 concionem.

300 2374 437 2426 πᾶσι
464 2374 565 2444 τῆς
589 2378 900 2449 προσούσης
925 2379 1072 2450 αὐτῷ
1103 2380 1233 2452 ἄχρι
1261 2383 1362 2453 τῆς
1386 2383 1548 2455 δεῦρο
1570 2387 1881 2453 στρατείας,
1917 2382 2019 2441 εἷθ’
2062 2389 2227 2456 οὕτω,
2297 2392 2507 2462 γυμνὸς
2551 2391 2632 2463 τῷ
2678 2393 2915 2465 σώματι,
2989 2396 3243 2466 σχοινίοις
3280 2396 3554 2464 διαταθεὶς

299 2466 490 2556 χεῖρας
526 2466 621 2519 καὶ
649 2468 817 2533 πόδας
846 2470 1172 2541 ήπλωμένος
1199 2474 1258 2527 ὲν
1291 2477 1360 2546 τῇ
1389 2478 1485 2547 γῇ,
1530 2477 1740 2547 ἑχέσθω
1772 2478 1869 2549 τῆς
1910 2479 2318 2553 δορυφορούσης
2338 2482 2503 2537 αὐτὸν
2531 2467 2893 2556 δημηγορίας.

371 2554 447 2610 Ζ’.
487 2558 690 2614 Τούτου
719 2561 774 2614 δὲ
804 2564 944 2632 μετά
981 2563 1180 2619 πολλοῦ
1212 2567 1309 2620 τοῦ
1335 2567 1534 2639 τάχους
1561 2569 1874 2639 γενομένου,

300 2647 330 2699 ὁ
361 2646 488 2714 δοὺξ
525 2644 682 2704 εἶπεν
703 2668 718 2683 ο
748 2653 956 2722 Μηδείς
987 2671 1069 2709 σοι
1123 2659 1452 2729 μετάμελος,
1483 2657 1529 2717 ὦ
1553 2663 1876 2735 Εὑστράτιε,

2051 2573 2168 2631 VII.
2218 2573 2333 2629 Hoc
2376 2585 2558 2630 autem
2609 2576 2756 2633 facto
2801 2578 3038 2634 maxima
3086 2579 3386 2648 celeritate,
3419 2582 3558 2639 dixit

1981 2667 2091 2723 dux
2124 2687 2137 2722 :
2169 2668 2352 2733 Nulla,
2384 2683 2417 2722 ο
2451 2669 2716 2733 Eustrati,
2752 2670 2970 2725 duceris
3008 2673 3329 2741 poenitentia
3364 2674 3436 2729 ob
3465 2691 3554 2742 ea,

300 2740 395 2832 ἐπὶ
440 2745 556 2804 τοῖς
589 2742 849 2814 ὀλεθρίως
896 2764 982 2801 σοι
1024 2750 1389 2820 ἑναρχθείσιν,
1433 2753 1520 2808 ἵνα
1551 2755 1699 2821 ἅπαξ
1741 2757 1882 2809 ἀπο-

1983 2775 2102 2832 quae
2132 2775 2163 2815 a
2191 2771 2243 2815 te
2274 2769 2402 2816 sunt
2428 2761 2681 2815 inchoata
2700 2740 3025 2830 perniciose,
3053 2773 3113 2816 ut
3142 2778 3265 2832 qua:
3293 2764 3430 2818 mihi
3464 2740 3567 2831 in,“

302 2831 484 2904 φύγῃς
512 2839 580 2907 τῇ
613 2837 891 2910 προσούσῃ
918 2857 1008 2908 μοι
1036 2843 1424 2916 φιλανθρωπίᾳ
1444 2846 1544 2917 τὴν
1574 2847 1876 2918 τιμωρίαν;

1983 2862 2064 2909 est
2094 2853 2412 2917 clementia,
2458 2853 2689 2923 etl'ugias
2727 2855 3099 2924 supplicium?
3135 2831 3230 2911 sed
3277 2856 3554 2922 exordire,

300 2926 444 2981 ἀλλά
495 2931 857 2999 προοιμιάζου
896 2936 992 2988 καὶ
1020 2935 1150 3005 λέγε
1181 2939 1287 3008 πρὸ
1333 2940 1442 2993 τῶν
1492 2939 1744 3009 βασάνων
1783 2943 1882 2996 σὺν

1986 2953 2043 3000 et
2079 2929 2176 3000 dic
2220 2952 2349 3001 ante
2385 2953 2680 3009 tormenta,
2726 2959 2853 3000 cum
2899 2954 2994 3000 tuo
3040 2946 3284 3011 nomine,
3318 2947 3559 3016 patriam

302 3018 379 3086 τῷ
412 3019 656 3090 πατρῴῳ
685 3022 912 3091 ὀνόματι
947 3028 1040 3078 καὶ
1094 3027 1193 3098 τὴν
1239 3031 1637 3100 ἐνεγκαμένην,
1670 3034 1883 3087 καὶτὸν

1986 3052 2203 3107 quoque
2227 3051 2350 3107 qua:
2375 3045 2426 3091 te
2452 3036 2578 3091 tulit
2609 3056 2623 3092 :
2653 3046 2709 3093 et
2736 3038 2885 3107 aperi
2918 3037 3081 3094 nobis
3103 3038 3405 3094 novitatem
3436 3041 3559 3110 ejus

304 3113 601 3182 καινισμον
629 3114 731 3183 τῆς
770 3114 1144 3190 λανθανούσης
1190 3123 1249 3174 ὲν
1284 3124 1366 3176 σοὶ
1401 3125 1703 3195 θρησκείας
1730 3127 1879 3196 μάλα

1985 3144 2104 3199 qua:
2134 3130 2188 3183 in
2230 3138 2283 3183 te
2317 3128 2522 3184 latebat
2554 3128 2854 3200 religionis.
2894 3128 3041 3184 Dixit
3076 3140 3300 3185 sanctus
3333 3130 3558 3185 Eustra—

304 3204 613 3273 σαφήνισον
645 3207 795 3275 ἡμῖν.
857 3209 919 3262 '0
964 3187 1121 3279 ἆγιος
1163 3187 1503 3285 Εὑστράτιοςν
1537 3187 1745 3273 einen:
1789 3220 1883 3274 Ἐκ

1985 3218 2094 3273 tius
2138 3235 2154 3275 :
2186 3219 2356 3274 Natus
2392 3234 2513 3274 sum
2550 3220 2605 3273 in
2637 3220 2898 3289 oppidulo
2926 3220 3431 3286 Arauracenorum,
3452 3236 3554 3275 ιιο-

301 3297 402 3366 τῆς
444 3298 875 3369 ’Λραυρακηνῶν
919 3300 1188 3373 ὥρμημαι
1227 3306 1503 3378 πολίχνης,
1550 3308 1886 3380 Εύστράτιος

302 3388 585 3458 τοῦνομα,
638 3392 943 3462 Κυρισίκης
1000 3394 1102 3464 τὴν
1153 3397 1488 3467 ἐπωνυμίαν,
1533 3403 1599 3471 τῇ
1657 3401 1886 3473 πατρῴᾳ

300 3482 595 3552 διαλέκτῳ,
635 3483 819 3548 δοῦλος
844 3485 900 3538 δὲ
933 3487 1165 3556 ὑπάρχω
1196 3489 1288 3542 τοῦ
1318 3493 1590 3546 Δεσπότου
1615 3495 1722 3547 τῶν
1749 3496 1886 3548 ὅλων

302 3576 464 3642 Θεοῦ,
502 3578 600 3630 καὶ
636 3580 730 3633 τςῦ
759 3581 1136 3652 προσκυνητοῦ
1169 3582 1299 3637 Υίοῦ
1331 3586 1499 3641 αὑτοῦ
1536 3589 1712 3658 Ἰησοῦ
1751 3590 1887 3659 Χρι-

305 3666 458 3732 στοῦ,
523 3670 620 3722 καὶ
672 3670 765 3723 τοῦ
816 3672 972 3738 ἁγίου
1019 3674 1376 3741 Πνεύματος·
1434 3676 1499 3731 lx
1557 3680 1887 3748 σπαργάνων

308 3760 597 3830 μητρικῶν
640 3762 799 3816 τοῦτο
827 3763 888 3816 τδ
935 3764 1096 3829 σεύας
1130 3767 1401 3835 διδαχθεὶς
1448 3772 1759 3840 προσκυνῶ.
1825 3773 1885 3825 '0

304 3850 425 3917 δοίθξ
460 3847 618 3905 εἶπεν
648 3871 662 3885 ο
700 3855 1092 3911 Κατατιθέσθω
1122 3860 1155 3928 ή
1205 3860 1379 3924 τάξις,
1416 3862 1583 3915 πόσον
1620 3862 1738 3926 ἔτος
1769 3864 1886 3918 δια-

307 3941 418 3994 νύει
461 3936 620 4006 οὗτος
654 3945 712 3997 ὲν
751 3948 815 4016 τῇ
851 3948 1107 4016 στρατεία
1132 3948 1346 4020 ταύτης
1389 3951 1453 4002 'H
1498 3953 1649 4016 τάξις
1690 3949 1843 4006 εἶπεν
1866 3967 1881 3985 ⁸

306 4033 566 4088 Εἰκοστὺν
604 4037 835 4105 ἓὸδομον
884 4039 1003 4100 ἔτος
1064 4040 1363 4110 πληροῦται
1414 4044 1473 4097 ὲν
1526 4044 1604 4113 τῷ
1656 4046 1883 4116 παρόντι

307 4126 561 4195 ἐνιαυτῷ,
598 4129 692 4195 ἀφ’
724 4120 785 4180 οὗ
831 4130 1028 4200 χρόνου
1072 4133 1264 4201 μικρὸς
1292 4132 1368 4187 ὣν
1397 4135 1478 4188 ἔτι
1511 4136 1608 4207 τὴν
1643 4137 1884 4206 ἠλικίαν,

304 4214 402 4286 τὴν
453 4217 549 4271 τοῦ
610 4219 979 4289 ἑκσκάπτορος
1026 4224 1314 4294 ἐπλήρωσε
1376 4228 1585 4296 χρείαν.
1649 4227 1708 4280 '0
1760 4228 1885 4297 δοὺξ

302 4301 457 4359 εἶπεν
483 4324 499 4338 ο
545 4307 661 4360 Νῦν
702 4310 863 4378 ὀρῶν,
916 4304 963 4364 ὦ
1007 4312 1331 4384 Εὑστράτιτ,
1368 4318 1461 4371 τὸν
1504 4318 1885 4390 ἐπηρτημένον

304 4395 366 4460 ἐξ
417 4397 707 4463 ἀπειθείας
761 4417 845 4455 σοι
880 4402 1141 4471 κίνδυνον,
1185 4408 1280 4459 καὶ
1311 4408 1629 4478 ἀνασφήλας
1675 4412 1739 4464 ὲκ
1785 4411 1885 4480 τῆς

302 4488 723 4594 προσπεσούνης
754 4508 868 4594 ,σοι
925 4493 1140 4562 μανίας,
1204 4494 1442 4567 σώφρονι
1498 4499 1579 4568 τῷ
1638 4500 1882 4572 λογισμῷ
1913 4534 1959 4594 D

303 4581 674 4648 χρησάμενος,
707 4582 782 4655 μὴ
810 4584 1118 4656 καταλίπῃς
1161 4585 1262 4656 τὴν
1304 4587 1363 4640 ἐν
1390 4591 1667 4652 τοσούτοις
1698 4590 1880 4647 ἐτεσιν

299 4668 584 4731 εὐτάκτως
612 4687 694 4724 σοι
730 4672 1093 4742 συναχθείσαν
1124 4675 1434 4745 στρατείαν,
1469 4675 1744 4745 τὴνιῖλεω
1771 4682 1879 4738 τῶν

297 4758 444 4813 θεῶν
492 4760 729 4831 δύναμιν
777 4766 1246 4837 ἐπικαλεσάμενος
1301 4770 1397 4824 καὶ
1447 4770 1546 4842 τὴν
1593 4773 1881 4843 εὐμένειαν

293 4851 409 4905 τῶν
456 4854 827 4924 κρατούντων,
880 4860 977 4912 καὶ
1026 4860 1126 4931 τὴν
1155 4860 1248 4915 τοῦ
1282 4844 1634 4934 δικαστηρίου
1695 4867 1884 4935 φιλανθ

295 4945 573 5015 θρωπίαν.
655 4950 714 5003 '0
765 4952 921 5019 ἅγιος
986 4954 1316 5025 Εὑστράτιος
1366 4954 1519 5012 εἶπεν
1544 4976 1561 4992 ·
1615 4962 1880 5030 Δαίμοσιν

290 5038 604 5109 ἀλιτηρίοις
628 5043 721 5097 καὶ⁵
745 5047 957 5114 κωφοῖς
984 5046 1197 5113 ξοάνοις
1227 5049 1332 5103 ὑπὸ
1361 5050 1667 5121 ἀνθρώπων
1708 5067 1878 5109 καταλ-

292 5132 689 5188 σκευασθείσιν
736 5135 917 5199 οὐδεὶς
976 5137 1199 5193 πώποτε
1249 5140 1556 5211 ἀνθρώπων
1615 5144 1875 5215 λογισμοῦ

288 5220 493 5289 κύριος
511 5222 590 5275 ὢν
616 5230 950 5295 προσκυνεῖν
990 5230 1335 5302 προστάττει.
1366 5234 1599 5305 Είρηται
1635 5238 1742 5306 γάρ
1769 5255 1873 5292 που

286 5310 359 5365 ιν
384 5314 504 5375 ταῖς
535 5316 666 5387 παρ’
704 5319 843 5388 ἡμῖν
873 5318 1047 5384 θείαις
1091 5322 1336 5392 Γραφαίς
1368 5338 1383 5353 '
1431 5343 1451 5376 ι
1482 5325 1627 5390 Θεοὶ,
1684 5328 1734 5381 οἳ
1785 5329 1879 5384 τὸν

285 5402 529 5472 οὐρανὸν
566 5408 664 5462 καὶ
687 5410 789 5481 τὴν
816 5412 921 5481 γῆν
947 5414 1049 5467 οὑκ
1072 5417 1354 5485 ἐποίησαν,
1401 5418 1810 5479 ἁπολέσθωσαν.
1853 5440 1872 5474 ι

297 5494 372 5547 Ὀ
400 5496 529 5563 δοίιξ
564 5494 722 5554 εἶπεν
743 5518 757 5532 ’
812 5502 977 5558 Ἀλλά
1013 5507 1266 5577 ἀνέχεται
1295 5508 1583 5578 ἄνθρωπος
1612 5510 1875 5583 λογισμοῦ

286 5585 494 5659 κύριος
565 5594 973 5668 ὲσταυρωμένῳ
1046 5600 1404 5670 προσανέχειν
1463 5600 1581 5671 θεῴ
1608 5640 1622 5666 ,
1687 5602 1875 5674 ὥσπερ

380 5770 636 5829 'Jcrem.
678 5789 731 5842 κ,
762 5776 846 5832 ll.

1985 3311 2132 3365 mine
2163 3311 2493 3375 Eustratius,
2526 3312 2849 3381 cognomine
2880 3311 3151 3381 Cyrisices
3184 3321 3409 3381 paterno
3439 3328 3557 3368 ser-

1986 3418 2167 3460 mone.
2193 3403 2326 3456 Sum
2347 3410 2530 3457 autem
2554 3417 2745 3458 servus
2765 3402 2883 3467 Dei,
2907 3403 3121 3457 Domini
3146 3403 3554 3469 universorum,

1985 3499 2040 3546 et
2059 3490 2323 3546 adorandi
2346 3493 2466 3562 ejus
2488 3490 2609 3545 Filii
2630 3490 2757 3546 Jesu
2776 3489 3007 3556 Christi,
3026 3500 3083 3546 et
3100 3492 3274 3547 sancti
3294 3491 3555 3561 Spiritus.

1984 3582 2063 3637 Ex
2091 3582 2358 3637 maternis
2386 3582 2572 3638 fasciis
2609 3582 2799 3642 didici.
2836 3598 3000 3652 quam
3031 3582 3176 3650 colo,
3208 3583 3554 3654 religionem.

1984 3673 2102 3727 Dux
2129 3673 2265 3727 dixit
2296 3688 2310 3725 :
2351 3674 2596 3743 Deponat
2643 3674 2847 3728 cohors
2867 3713 2883 3740 ,
2920 3682 3054 3743 quot
3086 3690 3261 3731 annos
3294 3677 3558 3747 transegit

1983 3763 2040 3817 in
2076 3763 2179 3817 hac
2209 3765 2441 3818 militia?
2477 3764 2691 3820 Cohors
2724 3765 2862 3820 dixit
2892 3782 2908 3819 :
2941 3766 3247 3823 Vicesimus
3291 3769 3557 3837 septimus

1983 3870 2161 3911 annus
2180 3857 2485 3925 completur
2507 3858 2612 3912 hoc
2633 3872 2799 3921 anno,
2818 3873 2884 3911 ex
2904 3872 3036 3926 quo,
3059 3872 3185 3913 cum
3208 3865 3354 3913 esset
3374 3859 3557 3912 adhuc

1983 3964 2188 4018 parvus
2218 3957 2401 4015 aetate,
2434 3948 2654 4003 functus
2687 3957 2771 4003 est
2808 3964 3038 4003 munere
3071 3948 3402 4018 exceptoris.
3440 3949 3557 4002 Dux

1984 4041 2161 4096 dixit:
2194 4041 2370 4105 Nunc,
2406 4057 2438 4094 ο
2467 4041 2728 4103 Eustrati,
2762 4041 2957 4095 videns
3000 4041 3147 4110 quod
3196 4055 3260 4094 ex
3312 4047 3402 4093 tua
3433 4040 3557 4094 ino-

1982 4134 2257 4189 bedientia
2291 4134 2387 4188 tibi
2415 4132 2659 4186 imminet
2690 4132 3017 4201 periculum,
3043 4140 3097 4184 et
3127 4130 3459 4199 resipiscens
3486 4145 3556 4185 ex

1983 4241 2071 4291 eo,
2116 4226 2210 4296 qui
2260 4225 2357 4281 tibi
2403 4225 2601 4279 accidit
2648 4225 2863 4289 furore,
2909 4224 3141 4295 sapienti
3191 4238 3351 4278 utens
3384 4223 3556 4279 ratio-

1986 4318 2286 4384 cinatione,
2318 4333 2390 4373 ne
2438 4316 2719 4387 relinquas
2755 4332 2877 4372 eam
2926 4332 3048 4386 quae
3095 4332 3125 4371 a
3173 4325 3224 4372 te
3268 4324 3350 4371 tot
3395 4315 3556 4372 annis

1984 4418 2131 4466 reete
2174 4416 2232 4464 et
2274 4409 2468 4463 ordine
2503 4416 2655 4479 gesta
2680 4416 2764 4464 est
2794 4408 3065 4475 militiam,
3099 4408 3393 4479 propitiam
3424 4408 3559 4464 deo-

1984 4516 2104 4557 rum
2150 4504 2409 4558 invocans
2451 4502 2775 4571 potentiam,
2810 4510 2867 4556 et
2896 4500 3289 4572 imperatorum
3318 4501 3557 4556 benevo~

1983 4595 2246 4662 lentiam,
2302 4603 2360 4650 et
2411 4593 2608 4665 iudicii
2680 4594 3052 4649 clementiam.
3114 4593 3263 4650 Dixit
3335 4603 3559 4651 sanctus

1982 4687 2293 4743 Eustratius
2323 4703 2338 4740 :
2368 4685 2748 4742 Exsecrandos
2782 4686 3080 4751 daemones,
3108 4696 3165 4743 et
3190 4688 3356 4743 surda
3385 4687 3558 4742 simu-

1980 4780 2127 4835 lacra
2177 4779 2245 4833 ab
2292 4778 2612 4833 hominibus
2667 4785 3029 4843 constructa,
3080 4780 3264 4833 nullus
3313 4793 3555 4847 unquam

1981 4871 2171 4936 homo,
2199 4869 2296 4940 qui
2326 4882 2552 4939 compos
2576 4876 2725 4924 esset
2752 4868 2978 4933 mentis,
3009 4869 3222 4922 censuit
3248 4868 3553 4922 adoranda.

1982 4961 2197 5018 Dictum
2221 4970 2309 5017 est
2334 4960 2485 5017 enim
2513 4959 2715 5016 alicubi
2747 4961 2803 5014 in
2829 4956 3345 5026 nostrisScripturis
3369 4974 3417 5012 :c
3449 4957 3554 5017 Dii.

1983 5055 2078 5125 qui
2126 5053 2322 5109 calum
2367 5061 2426 5108 et
2471 5061 2674 5108 terram
2703 5064 2814 5105 non
2861 5050 3131 5111 fecerunt,
3172 5055 3410 5118 pereant
3447 5049 3488 5102 ί.
3530 5066 3550 5098 ι

1984 5148 2101 5202 Dux
2138 5146 2276 5201 dixit
2305 5162 2324 5201 :
2358 5146 2473 5202 Sed
2500 5154 2659 5202 estne
2686 5144 2733 5200 is
2759 5158 2982 5214 compos
3013 5140 3234 5206 mentis,
3262 5140 3355 5209 qui
3382 5140 3552 5194 Deum

1982 5237 2175 5293 adorat
2216 5238 2561 5303 cruciﬁxum,
2613 5236 2759 5293 sicut
2797 5248 2896 5289 vos
2935 5234 3080 5303 pleni
3127 5229 3556 5301 superstitione?

1985 5327 2221 5383 Sanctus
2248 5326 2562 5383 Eustratius
2588 5326 2725 5380 dixit
2753 5344 2766 5379 :
2791 5325 2848 5379 Si
2873 5324 2970 5378 tibi
3002 5338 3111 5377 non
3141 5330 3328 5377 essent
3358 5320 3553 5374 mutati

1984 5432 2181 5474 sensus
2209 5419 2424 5482 mentis,
2446 5425 2504 5471 et
2524 5414 2998 5485 perturbationum
3025 5413 3419 5481 conspersione
3441 5424 3552 5465 non

1983 5520 2130 5567 esset
2176 5511 2243 5564 ad
2294 5525 2382 5566 res
2427 5518 2676 5564 terrenas
2725 5508 2823 5563 tibi
2872 5513 3270 5562 transmutatus
3312 5503 3550 5565 animus,

1985 5605 2330 5660 ostenderem
2364 5604 2460 5662 tibi
2492 5604 2640 5658 hunc
2666 5598 3025 5665 Cruciﬂxum,
3054 5610 3244 5654 verum
3274 5612 3396 5655 esse
3427 5595 3553 5653 Scr.
