4102 6376
458 392 467 393 ,
490 332 598 397 475

1748 324 2032 386 MENSIS
2072 323 2504 386 DECEMBER.

3645 321 3753 387 476'

491 455 738 499 valerem
773 450 831 497 et
869 439 1181 503 Dominum,
1225 442 1286 490 et
1321 434 1592 490 universae
1624 444 1822 489 creata:
1858 442 2069 489 natura:

2188 434 2335 503 ipsi;
2364 434 2414 487 οἱ
2443 429 2865 503 κακοδαιμονίας
2906 429 3245 502 ἀνάμεστοις
3300 432 3632 505 Εὐκράτιος
3676 436 3757 492 εἷο

493 535 769 600 Opiticem,
795 529 889 599 qui
925 537 1009 583 est
1063 542 1185 583 cum
1220 528 1380 582 Patre
1408 534 1534 580 ante
1591 525 1812 588 saecula,
1840 532 1897 579 et
1931 524 2072 578 inef-

495 623 647 677 fabili
717 620 982 691 sapientia
1052 635 1150 689 per
1212 619 1716 690 regenerationem,
1785 616 2071 673 suscitavit

492 723 738 769 nostram
784 712 1289 768 mortiﬁcationem.

2179 540 2321 580 πενο
2357 525 2426 578 Εί
2476 541 2559 578 σοι
2612 525 2681 578 τά
2736 524 3069 594 αἰσθητήρια
3126 526 3238 579 τῶν
3290 527 3504 596 φρενῶν
3559 529 3633 599 μὴ
3664 531 3757 601 ὴ).-

2180 615 2392 679 λοίωτο,
2427 616 2521 669 καὶ
2550 615 2630 684 τῷ
2659 614 2767 668 τῶν
2795 615 2987 669 παθῶν
3034 617 3318 687 φυράματι
3352 619 3426 690 μὴ
3459 622 3756 689 μετεσκεύ-

2177 724 2311 760 αστο
2344 706 2481 775 πρὸς
2508 706 2571 759 τὸ
2600 706 2802 774 γεῶδες
2831 708 2865 775 ἡ
2898 706 3045 776 ψυχή
3093 724 3213 769 σου,
3247 707 3423 773 ἔδειξα
3451 712 3518 765 ἄν
3548 728 3631 764 σοι
3663 716 3757 767 τὸν

495 806 922 877 ἐσταυρωμένον
951 806 1157 867 τοῦτον,
1192 804 1422 874 Σωτῆρα
1456 804 1550 858 καὶ
1583 803 1781 874 Κύριον
1805 800 2078 871 ἀληθινὸν,
2118 801 2215 853 καὶ
2246 797 2427 867 πάσης
2469 798 2702 860 κτίσεως
2753 798 3086 868 δημιουργὸν
3165 799 3317 864 ὄντα,
3375 803 3484 872 προ
3535 805 3751 868 αίὼνων

496 899 919 968 συνυπάρχοντα
944 897 1021 966 τῷ
1055 897 1248 967 [Ιατρὶ.
1282 898 1376 950 καὶ
1409 896 1573 967 σοφίᾳ
1601 897 1825 966 ἀρρήτῳ
1857 894 1945 946 διὰ
1973 894 2074 961 τῆς
2112 888 2536 957 παλιγγενεσίας
2557 888 2657 957 τὴν
2682 888 2957 959 ἡμετέραν
2990 890 3356 959 ἀνεγείραντα
3391 892 3683 959 νέκρωσιν.

570 991 707 1045 Vlll.
734 989 872 1045 Cum
904 997 1087 1043 autem
1120 988 1278 1042 vellet
1309 988 1492 1042 adhuc
1525 995 1749 1042 sanctus
1779 993 2076 1040 contexere

497 1083 832 1145 orationem,
893 1082 1302 1149 interrumpens
1353 1079 1492 1133 dixit
1547 1078 1658 1133 dux
1706 1078 2008 1133 sceleratus
2058 1094 2073 1132 :

498 1170 749 1226 Funibus
783 1174 837 1226 in
866 1186 1049 1226 aerem
1094 1172 1301 1226 feratur
1330 1171 1419 1226 bic
1451 1171 1534 1225 vir
1561 1185 1863 1240 generosus
1889 1187 1903 1224 :
1934 1168 2077 1240 ignis

497 1272 680 1317 autem
734 1263 1021 1333 congeries
1053 1276 1281 1317 accensa
1328 1261 1683 1316 admoveatur
1722 1262 1840 1331 ejus
1886 1268 2071 1330 pecto-

500 1354 656 1410 ribus
704 1358 772 1409 ad
826 1354 952 1420 hoc,
1004 1363 1063 1410 ut
1119 1354 1533 1409 comburantur.
1582 1354 1760 1422 Supra
1814 1353 2076 1409 humeros

500 1460 634 1500 vero
683 1446 978 1515 tripIFciter
1022 1461 1131 1501 uno
1176 1447 1386 1515 impetu
1424 1445 1591 1516 virgis
1635 1446 1978 1511 verberetur,
2016 1452 2078 1499 ut

503 1538 752 1592 oratione
805 1537 1092 1593 nobiscum
1133 1537 1380 1594 decertet
1418 1537 1745 1608 elegantius.
1793 1536 1929 1592 Cum
1974 1537 2079 1591 hoc

503 1638 687 1684 autem
728 1629 934 1684 faitum
962 1638 1132 1695 esset,
1158 1640 1213 1684 et
1250 1630 1438 1684 multis
1473 1630 1626 1685 boris
1658 1631 1830 1685 sancti
1866 1629 2078 1684 inferne

503 1721 713 1775 viscera
743 1728 801 1775 et
827 1729 1018 1776 venter
1036 1721 1103 1775 ab
1141 1721 1264 1791 igne
1294 1723 1572 1777 substrato
1589 1722 2075 1784 comburerentur,

2248 981 2333 1033 Ην.
2383 980 2504 1033 Ἔτι
2553 979 2610 1032 δὲ
2655 978 2746 1032 τὸν
2807 979 2965 1047 λόγον
3022 980 3295 1050 συνείρειν
3345 981 3628 1045 ἐθέλοντος
3664 985 3759 1040 τοῦ

2178 1071 2358 1141 ἁγίου,
2393 1071 2628 1140 ἐκκόψας
2658 1073 2686 1124 ὁ
2721 1072 2917 1141 μιαρὸς
2976 1071 3103 1138 δοὺξ
3150 1066 3306 1125 εἶπεν
3335 1087 3352 1104 ’
3387 1075 3759 1146 Βασταχθήτω

2177 1168 2292 1228 τοῖς
2321 1166 2578 1236 σχοινίοις
2609 1167 2691 1228 είς
2721 1166 2811 1218 τὸν
2842 1164 2982 1235 ἀέρα
3033 1167 3063 1218 ὁ
3106 1168 3371 1234 γεννάδας
3421 1164 3574 1232 οὗτος
3604 1183 3621 1201 ο
3656 1170 3760 1222 σώ-

2179 1273 2360 1328 ρευμα
2393 1257 2451 1311 δὲ
2495 1257 2662 1325 πυρὸς
2704 1258 3083 1327 ὕφαπτόμενον
3114 1258 3280 1311 αὑτοῦ
3316 1262 3394 1321 είς
3448 1261 3515 1313 τά
3563 1260 3759 1331 στέρνα

2177 1350 2392 1420 ἑχέσθω
2423 1350 2503 1411 είς
2540 1349 2602 1401 τὸ
2648 1348 2993 1418 φλέγεσθαι·
3058 1348 3299 1419 ὕπερθεν
3340 1351 3399 1404 δὲ
3439 1351 3548 1404 τῶν
3593 1348 3762 1419 ὤμων

2176 1443 2341 1512 τριχῆ
2372 1442 2432 1494 ἐν
2467 1442 2571 1511 μιᾷ
2615 1441 2760 1511 φορᾷ
2789 1440 3006 1511 ρἀδοις
3034 1442 3346 1506 τυπτέσθω,
3383 1443 3529 1505 ὅπως
3551 1444 3755 1513 κομψο-

2177 1534 2341 1603 τέραν
2371 1532 2468 1601 τὴν
2492 1532 2628 1601 πρὸς
2657 1532 2797 1601 ἡμᾶς
2828 1534 2886 1585 ὲν
2907 1536 3021 1595 τοῖς
3044 1533 3225 1600 λόγοις
3262 1536 3557 1605 ποιήσηται
3590 1535 3757 1604 agn-

2178 1621 2303 1677 λαν.
2332 1622 2631 1691 Γενομένου
2667 1622 2724 1675 δὲ
2752 1622 2946 1676 τούτου
2972 1624 3068 1676 καὶ
3098 1626 3157 1676 ὲν
3191 1624 3414 1687 πολλαῖς
3441 1628 3560 1688 ταῖς
3585 1626 3760 1696 ὥραις

2178 1712 2276 1767 τοῦ
2311 1712 2471 1779 ἀγίου
2523 1712 2772 1767 κάτωθεν
2827 1714 2894 1768 τὰ
2945 1715 3230 1786 σπλάγχνα
3274 1717 3368 1769 καὶ
3416 1718 3520 1787 τὴν
3552 1718 3764 1772 κοιλίαν

504 1819 561 1863 et
594 1809 966 1865 acerbissimis
1016 1811 1188 1880 plagis
1225 1812 1346 1880 ejus
1391 1823 1601 1883 tergum
1639 1812 1804 1882 virgis
1840 1812 2077 1882 flagella-

2188 1805 2284 1860 Sno
2312 1805 2407 1860 τοῦ
2454 1808 2902 1877 ὑποπρωθέντος
2937 1808 3110 1878 πυρὸς
3148 1809 3467 1878 καιομένου,
3521 1812 3764 1881 καιρίαις

506 1910 681 1966 retur,
746 1903 893 1958 nulla
952 1920 1056 1957 vox
1111 1905 1469 1960 emittebatur
1522 1923 1538 1960 :
1591 1904 1685 1960 sed
1741 1921 1920 1975 neque
1974 1905 2081 1962 ulla

505 1990 693 2043 vultus
748 1991 1048 2060 appliribat
1102 1994 1375 2060 mutatio,
1434 1994 1695 2064 cernique
1718 2005 1973 2064 'poterat
2028 2004 2083 2050 et

505 2081 731 2151 conjici,
754 2082 899 2151 quod
928 2082 982 2137 in
1007 2085 1187 2140 alieno
1222 2101 1456 2155 corpore
1487 2086 1703 2141 subibat
1733 2086 2080 2155 supplicium.

507 2175 803 2244 Propterea
841 2176 1260 2246 obsmpefactus
1314 2178 1824 2247 sceleratusjudex,
1850 2178 1939 2231 vix
1966 2185 2083 2232 tano

508 2266 809 2336 ili-mjussit
849 2282 973 2321 eum
1006 2269 1238 2322 relaxari
1282 2285 1312 2323 a
1350 2276 1647 2334 tormento,
1677 2277 1733 2324 et
1766 2268 1919 2324 vultu
1952 2268 2085 2322 sub-

509 2357 716 2421 ridens,
762 2358 1219 2426 dixitzQuisnam
1263 2358 2087 2415 tuusestsensus.oEustrati?

509 2445 605 2500 Vis
627 2463 848 2516 parvam
885 2450 1123 2518 aliquam
1163 2450 1324 2505 aliam
1368 2451 1754 2518 tibiimpo’sftis
1788 2450 1959 2519 plagis
1983 2464 2081 2503 ex-

510 2538 743 2606 cogitem
784 2538 1244 2596 delectationem?
1310 2543 1543 2598 Sanctus
1584 2543 1662 2597 ait
1724 2541 2082 2597 Eustratius:

511 2627 762 2684 Maxime.
805 2632 919 2684 Dux
951 2631 1090 2686 dixit
1123 2651 1136 2686 :
1166 2633 1437 2700 Quoniam
1466 2651 1594 2705 ergo
1625 2651 1745 2704 qute
1777 2635 1936 2690 nobis
1972 2635 2092 2705 pla-

512 2731 661 2782 cent.
687 2738 716 2777 a
751 2732 964 2779 tacente
999 2725 1090 2779 illo
1121 2734 1252 2780 sunt
1279 2726 1603 2796 approbata,
1640 2727 1809 2797 jubeo
1853 2727 2086 2781 muriam

511 2820 668 2867 aceto
690 2824 1155 2884 contemperatam
1190 2831 1385 2885 magno
1430 2815 1637 2872 fluento
1670 2817 1882 2871 infundi
1917 2832 2090 2871 mem-

513 2903 630 2958 bris
675 2904 799 2975 igne
849 2906 1190 2969 combustis,
1240 2917 1296 2963 et
1342 2909 1519 2963 acutis
1571 2909 1728 2964 testis
1776 2909 1993 2963 fortiter
2036 2908 2088 2963 ei

514 2995 778 3060 affricari,
826 2996 1005 3053 donec
1050 3014 1114 3053 ex
1149 3008 1339 3055 nostro
1388 3001 1695 3055 ministerio
1740 3015 1932 3055 eorum
1968 3016 2090 3069 qua:

513 3095 644 3141 sunt
690 3088 976 3159 jucunda,
1031 3090 1269 3161 plurimo
1322 3106 1483 3147 sensu
1544 3102 1803 3162 percepto
1862 3094 2092 3147 satiatus

516 3176 706 3231 fuerit.

2182 1897 2241 1952 δὲ
2264 1898 2447 1968 βολαῖς
2467 1897 2561 1952 τὸν
2584 1899 2753 1952 νῶτον
2782 1903 2903 1964 ταῖς
2928 1899 3150 1970 ῥάϐδοις
3182 1902 3611 1971 μαστιγομένου,
3643 1903 3766 1956 ούδέ

2188 1988 2287 2061 μία
2313 1989 2666 2060 ἀνεπέμπετο
2696 1992 2846 2061 φωνή
2873 2009 2885 2023 ·
2922 1991 3042 2044 ἀλλ’
3085 1990 3208 2045 οὕτε
3243 1992 3534 2056 ἀλλοίωσίς
3568 2011 3652 2058 τις
3685 1993 3763 2064 τῷ

2186 2080 2468 2154 προσώπῳ
2525 2082 2692 2137 αὑτοῦ
2751 2084 3024 2152 ἐφαίνετο,
3079 2085 3177 2137 καὶ
3234 2080 3302 2156 ἦν
3348 2085 3621 2156 θεωρῆσαι
3673 2089 3765 2139 καὶ

2186 2174 2430 2238 εἰκάσαι,
2460 2174 2537 2237 ὡς
2566 2177 2626 2228 ὲν
2677 2175 2943 2247 ἀλλοτρίῳ
2978 2177 3057 2246 τῷ
3105 2178 3318 2246 σώματι
3368 2177 3467 2246 τὴν
3492 2177 3765 2247 τιμωρίαν

2188 2263 2553 2333 ὑπομένοντα.
2602 2264 2928 2332 Ἐκπλαγεὶς
2962 2265 3019 2317 δὲ
3062 2267 3090 2318 ὁ
3125 2268 3321 2337 μιαρὸς
3363 2267 3623 2334 δικαστὴς
3675 2266 3767 2318 ἐπὶ

2186 2355 2384 2425 τούτῳ,
2442 2355 2598 2426 μόλις
2653 2357 2784 2409 ποτὲ
2831 2356 3093 2425 ἀνεθῆναι
3141 2359 3241 2427 τῆς
3293 2358 3528 2425 βασάνου
3578 2356 3768 2410 τοῦτον

2190 2449 2468 2514 ἐκέλευσε,
2518 2452 2614 2502 καὶ
2660 2450 2946 2517 ύπογε).ὦν
2974 2450 3054 2519 τῷ
3106 2450 3384 2521 προσώπῳ
3439 2445 3632 2503 εἷπεν⁸
3681 2450 3773 2503 '0-

2189 2541 2343 2594 ποῖόν
2381 2559 2474 2595 σου
2510 2542 2571 2595 τὸ
2600 2541 2878 2614 φρόνημα,
2903 2536 2949 2595 ὦ
2989 2541 3329 2613 Εὑστράτιες
3359 2542 3566 2612 φράσον
3615 2543 3765 2612 ἡμῖν.

2192 2628 2383 2682 Βούλει
2413 2630 2622 2699 μικράν
2643 2630 2884 2683 τινακαὶ
2914 2630 3110 2697 ἑτέραν
3135 2631 3257 2691 ταῖς
3285 2629 3660 2691 ἐπιτεθείσαις
3685 2644 3770 2681 σοι

2192 2720 2430 2790 πληγαῖς
2461 2720 2933 2789 ὲπισχεδιάσωμαι
2965 2721 3194 2791 τέρψιν;
3239 2721 3298 2773 ὐ
3333 2720 3490 2787 ἀγιος
3526 2719 3772 2791 Εὑστράο

2190 2830 2303 2879 τιος
2339 2810 2496 2867 εἶπεν
2525 2831 2540 2845 υ
2579 2816 2724 2869 Πάνυ
2761 2815 2862 2881 μὲν
2896 2811 3010 2869 οὖν.
3046 2815 3106 2867 ’0
3157 2812 3282 2877 δοὺξ
3305 2810 3459 2866 εἶπεν
3487 2827 3504 2842 ο
3537 2810 3773 2877 Οὐκοῦν,

2192 2908 2381 2977 ἐπειδὴ
2405 2909 2621 2961 ἅπαντα
2648 2909 2715 2960 τὰ
2745 2910 2878 2978 ἡμῖν
2905 2907 3167 2960 δοκοῦντα
3195 2906 3403 2975 ἀρεστά
3428 2907 3507 2977 τῷ
3530 2908 3773 2974 κειμένῳ

2192 2998 2603 3068 δεδοκίμασται,
2637 2998 2818 3068 ἅλμην
2851 2999 2964 3064 ὄξει
3000 2998 3470 3067 συμφυραθεῖσαν,
3507 2999 3606 3050 καὶ
3634 2995 3772 3065 κρά-

2197 3108 2369 3161 ματος
2408 3092 2602 3146 πολλοῦ
2631 3094 2951 3162 γενομένου,
2992 3091 3297 3162 ἐπαχθῆναι
3337 3093 3450 3154 τοῖς
3497 3090 3773 3158 καταφλε-

2116 3172 2158 3231 C
2193 3184 2366 3254 χθεῖσι
2430 3183 2652 3252 μέλεσιν
2712 3183 2819 3237 ὑπὸ
2874 3184 2969 3236 τοῦ
3033 3182 3206 3253 πυρὸς
3268 3182 3624 3252 προστάττω,
3678 3181 3776 3234 καὶ

517 3268 809 3338 ὀστράκοις
835 3270 1015 3335 ὀξέσιν
1060 3273 1292 3336 εὐτόνως
1337 3272 1747 3342 ἀνατρίόεσθαι,
1780 3274 1937 3346 ἄχρις
1967 3277 2092 3330 ὅτου
2130 3276 2234 3346 τῆς
2302 3277 2581 3347 ἡμετέρας
2640 3275 2946 3347 ὑπουργίας
2971 3276 3064 3329 ἐπὶ
3087 3279 3201 3338 τοῖς
3242 3274 3427 3344 ἡδέσιν
3459 3272 3610 3344 αὐτῷ
3641 3270 3776 3325 πολ-

517 3360 617 3431 λὴν
644 3363 742 3434 τὴν
772 3363 1024 3430 αίσθησιν
1054 3364 1349 3435 δεξάμενος
1375 3366 1634 3437 κορεσθῇ.

589 3455 682 3511 IX.
717 3455 851 3511 Cum
888 3474 1079 3529 magna
1115 3471 1299 3516 autem
1347 3463 1630 3517 celeritate
1674 3477 1741 3518 eo
1775 3478 1997 3536 quoque
2042 3466 2096 3522 ei

519 3548 687 3603 allato
712 3557 1007 3617 tormento,
1031 3551 1218 3606 eadem
1252 3570 1383 3608 usus
1407 3565 1492 3608 est
1517 3557 1826 3610 constantia
1848 3567 1904 3611 et
1929 3558 2096 3613 animi

520 3638 866 3707 fortitudine,
911 3651 966 3697 et
1013 3658 1191 3713 neque
1239 3645 1405 3710 ullus,
1435 3647 1802 3716 quantumvis'
1821 3649 1978 3713 levis,
2007 3664 2099 3719 ge-

525 3729 691 3784 mitus
730 3732 1059 3788 audiebatur
1089 3735 1294 3791 emitti.
1326 3737 1445 3791 Dux
1492 3736 1632 3792 dixit
1660 3756 1674 3791 :
1708 3738 1991 3809 Tanquam
2040 3740 2096 3795 in

523 3834 687 3875 scena
732 3822 1185 3892 superstitionem
1226 3836 1469 3882 ostentat
1501 3835 1558 3882 et
1590 3828 1757 3899 jactat
1807 3828 1919 3892 hic,
1953 3829 2099 3884 sicut

523 3913 678 3979 dicit,
704 3915 905 3970 athleta
934 3915 1213 3973 Crucitixi.
1240 3919 1398 3975 Nunc
1429 3934 1558 3987 ergo
1586 3920 1754 3983 dicat,
1778 3921 1823 3975 si
1859 3938 1956 3991 per
1981 3920 2100 3977 haec

525 4008 840 4077 castigatus,
870 4008 974 4063 sibi
1014 4012 1349 4079 persuaserit
1388 4012 1456 4066 ad
1504 4027 1688 4067 sacras
1720 4012 1946 4067 deorum
1977 4029 2101 4069 aras

525 4100 787 4153 accedere
837 4101 1187 4158 adoraturus.
1248 4101 1483 4159 Sanctus
1531 4103 1669 4158 dixit
1717 4105 2030 4159 Eustratius
2081 4121 2097 4160 :

526 4186 759 4257 Propter
775 4204 917 4254 eam,
938 4208 1059 4261 qua:
1080 4202 1164 4248 est
1185 4193 1240 4248 in
1268 4202 1340 4257 te,
1365 4196 1811 4263 superstitionem
1832 4204 1888 4250 et
1909 4196 2099 4250 falsam

527 4275 849 4345 religionem
905 4279 1052 4345 hac,
1104 4283 1251 4337 sicut
1296 4285 1614 4349 existimas,
1667 4285 1802 4341 mibi
1859 4287 2101 4344 inferens

528 4368 817 4437 supplicia,
854 4370 1175 4440 imprudens
1218 4382 1275 4428 et
1316 4374 1557 4431 insciens
1586 4391 1671 4432 me
1706 4378 1873 4436 hodie
1914 4380 2102 4436 multis

528 4459 761 4515 aﬂecisti
798 4460 976 4528 bonis,
1003 4478 1124 4532 quae
1152 4464 1288 4518 mihi
1324 4466 1559 4522 maxime
1601 4477 1759 4523 erant
1787 4471 1842 4525 in
1872 4472 2036 4536 votis,
2065 4487 2101 4529 o

525 4549 714 4619 juch.
751 4553 1149 4611 Circumfusam
1196 4556 1344 4612 enim
1386 4559 1675 4626 caliginem
1709 4571 1764 4617 et
1796 4563 2101 4621 obscurita-

533 4652 665 4707 tem,
697 4660 820 4715 qnm
866 4662 933 4703 ex
977 4649 1224 4704 crassitie
1257 4650 1506 4719 corporis
1536 4667 1660 4709 meo
1690 4653 1870 4710 inerat
1894 4656 2097 4725 animo,

2270 3468 2350 3522 8'.
2401 3467 2557 3522 Μετά
2606 3466 2809 3537 πολλῆς
2851 3465 2908 3519 δὲ
2949 3464 3047 3534 τῆς
3088 3462 3392 3534 ταχυτῆῖος
3433 3460 3530 3514 καὶ
3569 3459 3778 3530 ταύτης

2197 3561 2297 3628 τῆς
2325 3557 2558 3628 βασάνου
2595 3557 3053 3629 προσενεχθείσης
3096 3556 3174 3626 τῷ
3222 3556 3441 3625 ἀγίῳ,ή
3477 3552 3615 3623 αὐτὴ
3641 3569 3778 3624 καρα-

2198 3650 2358 3718 τερία
2386 3647 2455 3721 ἦν
2486 3649 2654 3720 αὐτῷ,
2685 3651 2780 3703 καὶ
2809 3648 2930 3702 οὔτε
2962 3646 3268 3717 στεναγμός
3301 3664 3381 3707 τις
3417 3646 3524 3708 ἕως
3546 3643 3639 3697 τοῦ
3678 3660 3780 3696 τυ-

2199 3738 2386 3806 χόντος
2413 3739 2643 3810 ἠκούετο
2671 3740 3115 3810 ἐκπεμπόμενος.
3162 3739 3222 3791 '0
3259 3737 3387 3802 δοὺξ
3418 3734 3571 3790 εἶπεν
3597 3751 3611 3766 ⁸
3642 3735 3777 3787 '09-

2201 3847 2307 3902 περ
2335 3834 2393 3885 ὲν
2419 3834 2590 3902 σκηνῇ
2624 3832 2726 3900 τῆς
2756 3832 2815 3883 ὲν
2859 3829 3008 3899 αύτῷ
3057 3830 3481 3898 δεισιδαιμονίας
3517 3825 3779 3891 ἐπίδειξιν

2198 3924 2300 3990 τὴν
2336 3922 2615 3993 ὑπομονὴν
2649 3926 2887 3976 ποιεῖται
2935 3922 2963 3974 ὁ
2999 3922 3241 3992 ἀθλητὴς
3273 3916 3451 3985 οὗτος,
3495 3919 3571 3983 ὥς
3617 3935 3778 3987 φησι,

2199 4014 2294 4067 τοῦ
2335 4015 2781 4086 ὲσταυρωμένου.
2808 4015 2924 4069 Νῦν
2945 4012 3077 4083 γοῦν
3118 4014 3349 4076 ιίπάτω,
3382 4014 3431 4066 εἰ
3460 4013 3518 4064 ὲν
3551 4011 3778 4073 ταύταις

2202 4107 2619 4177 σωφρονισθεὶς,
2668 4107 2935 4159 πέπεικεν
2972 4106 3168 4159 ἑαυτὸν
3192 4106 3304 4167 τοῖς
3337 4103 3630 4169 σωτηρίοις
3665 4101 3778 4154 τῶν

2202 4199 2341 4254 θεῶν
2394 4200 2680 4272 προσιέναι
2734 4199 2940 4269 βωμοῖς
3007 4198 3382 4268 προσυνήσων.
3444 4195 3783 4265 Romam;

2203 4288 2356 4347 εἴπεν
2382 4309 2397 4324 ⁸
2448 4291 2887 4361 Δεισιδαιμονίας
2917 4292 3081 4364 χάριν
3110 4292 3210 4362 τῆς
3247 4293 3307 4345 ιν
3341 4292 3426 4344 σοὶ
3467 4290 3567 4352 τάς
3607 4304 3786 4357 τιμω-

2204 4384 2327 4452 ρίας
2349 4383 2576 4451 ταύτας,
2600 4383 2676 4447 ὡς
2692 4382 2964 4454 νομίζεις,
2987 4382 3357 4454 προσαγαγών
3382 4398 3498 4452 μοι,
3521 4380 3782 4449 λεληθας,

2202 4466 2248 4527 ὦ
2298 4473 2549 4538 δικαστά,
2580 4473 2689 4527 τῶν
2714 4473 2805 4528 διά
2860 4474 3063 4542 πολλῆς
3108 4474 3277 4545 εὐχῆς
3318 4474 3781 4545 ἑπιθυμουμινων

2206 4582 2299 4637 μοι
2328 4563 2553 4632 ἀγαθῶν
2580 4564 2819 4632 ἀξιώσας
2852 4582 2920 4636 με
2959 4566 3060 4635 τὴν
3103 4566 3367 4637 τήμερον.
3400 4566 3513 4635 Τὴν
3539 4563 3651 4633 γὰρ
3676 4579 3784 4616 πε-

2205 4656 2527 4727 ρικειμένην
2560 4655 2733 4727 ἀχλὺν
2758 4655 2853 4709 καὶ
2876 4655 3203 4725 ἀμαύρωσιν
3234 4656 3300 4709 ὲκ
3323 4654 3431 4724 τῆς
3456 4651 3787 4722 σωματικῆς

533 4734 619 4789 liis
647 4750 677 4790 a
707 4751 794 4792 me
827 4741 1113 4796 tormentis
1162 4741 1457 4811 depulisti;
1495 4752 1555 4800 et
1584 4760 1706 4814 quae
1738 4748 2088 4819 principatum

2210 4748 2523 4820 παχύτητος
2580 4751 2646 4821 τῇ
2699 4751 2807 4820 ἐμῇ
2871 4747 3016 4819 ψυχῇ
3074 4748 3303 4807 ταύταις
3352 4749 3476 4811 ταῖς
3527 4745 3790 4817 βασάνοις

532 4827 776 4895 obtinet,
828 4833 1136 4897 rationem,
1191 4850 1418 4900 earum,
1474 4853 1596 4907 quae
1642 4839 1806 4910 longo
1858 4850 2106 4912 tempore

536 4917 970 4986 intentabantur,
1002 4926 1366 4981 tentationum
1400 4926 1684 4986 victricem
1717 4932 2054 4987 conservasti
2085 4948 2103 4988 :

2205 4840 2558 4905 διεσκέδασσς
2611 4839 2708 4894 ἀπ’
2758 4840 2918 4909 ἐμοῦ,
2966 4839 3063 4892 καὶ
3094 4838 3186 4893 τδν
3230 4838 3480 4908 ἡγεμόνα
3523 4835 3790 4906 λογισμὸν

2205 4931 2315 4985 τῶν
2340 4931 2400 4984 ἐν
2437 4930 2634 5002 μακρῷ
2657 4928 2737 4999 τῷ
2778 4928 2960 5001 χρόνῳ
3003 4930 3370 4999 ἐπικειμένων
3400 4926 3552 4996 αὑτῷ
3583 4942 3788 4997 πειραο

535 5019 592 5067 et
628 5013 882 5080 effecisti,
913 5024 972 5069 ut
1005 5016 1292 5072 funderem
1336 5034 1403 5074 ac
1469 5021 1809 5091 profligarem
1856 5037 1952 5078 eas
1984 5039 2088 5093 qua

2210 5022 2364 5093 σμῶν
2412 5022 2639 5093 νικητὴν
2660 5020 2755 5075 τοῦ
2798 5020 2990 5074 λοιποῦ
3021 5019 3373 5091 διεφύλαξας,
3432 5019 3527 5073 καὶ
3569 5019 3791 5090 τροπὴν

537 5102 594 5159 in
625 5120 710 5160 me
740 5121 936 5177 magno
968 5108 1172 5177 impetu
1201 5109 1579 5181 insurgebant,
1607 5113 1773 5168 animi
1810 5114 2088 5184 perturba.

2209 5114 2452 5184 είργάσω
2474 5113 2584 5166 τῶν
2616 5111 2937 5175 ὁκαθέκτως
2973 5126 3065 5180 μοι
3095 5108 3547 5179 ἐπανισταμένων
3570 5105 3789 5174 παθῶν,

538 5199 738 5261 tiones,
783 5199 937 5253 nullo
974 5201 1207 5255 tumultu
1236 5205 1663 5273 oppugnandum
1706 5206 1844 5260 mibi
1880 5205 2088 5276 largitut

2214 5204 2662 5273 ἀπερικτύπητον
2689 5202 2749 5256 τὸ
2782 5202 3045 5273 φρούριον
3081 5200 3180 5254 τοῦ
3226 5201 3285 5252 ὲν
3329 5196 3601 5269 ἀθανασίᾳ
3632 5195 3796 5250 πολι-

539 5289 851 5356 prarsidium
889 5291 1089 5347 interni
1120 5295 1370 5363 spiritus,
1395 5295 1491 5363 qui
1523 5296 1656 5350 mibi
1686 5297 1853 5351 vitam
1885 5298 2021 5366 regit
2051 5297 2088 5352 ir

2214 5297 2505 5367 τευομένου
2541 5296 2753 5350 ἔνδοθεν
2803 5294 3114 5363 πνεύματος
3159 5292 3546 5365 χαρισάμενος,
3591 5290 3650 5341 ἐν
3679 5282 3726 5356 ᾧ
3756 5290 3793 5341 ὁ

541 5379 952 5438 immortalitate
983 5401 998 5437 :
1029 5385 1083 5440 in
1114 5401 1226 5455 quo
1250 5395 1379 5442 sunt
1408 5388 1542 5442 mihi
1572 5389 1867 5445 recondita:
1909 5389 2088 5444 divitia

2216 5389 2316 5458 τῆς
2347 5388 2658 5458 ἀφθαρσίας
2706 5387 3134 5457 τεθησαύρισται
3172 5385 3422 5447 πλοῦτος,
3454 5382 3549 5435 καὶ
3574 5380 3800 5433 ὑπέδει-

544 5473 972 5543 ineorruptionis
1016 5494 1031 5532 :
1078 5488 1134 5534 et
1165 5480 1452 5536 ostendisti
1489 5481 1633 5536 viam
1668 5481 2088 5552 compendiosan

2219 5481 2319 5548 ξας
2352 5480 2471 5534 ὁδὸν
2502 5482 2764 5550 ὲπίτομον
2787 5480 2884 5535 καὶ
2912 5478 3320 5548 ἀταλαίπωρον,
3352 5477 3425 5530 δι’
3459 5471 3528 5547 ἧς
3560 5474 3800 5543 δυνήσο-

542 5572 599 5618 et
622 5565 691 5619 ab
715 5566 1008 5625 afﬂictione
1036 5581 1324 5636 remotam,
1350 5589 1447 5643 per
1476 5590 1639 5644 quam
1666 5581 1857 5645 potero
1882 5575 1935 5627 in
1962 5572 2088 5628 fictil

2220 5587 2319 5640 μαι
2347 5572 2406 5623 ἐν
2444 5570 2521 5639 τῷ
2542 5570 2848 5641 ὀστρακίνῳ
2885 5568 3063 5639 τούτῳ
3113 5567 3328 5638 σώματι
3360 5563 3644 5625 διατελῶν,
3686 5561 3801 5632 τὴν

550 5652 655 5711 hoc
680 5672 911 5728 corpore
959 5660 1161 5732 degens
1207 5664 1371 5718 vitam
1418 5665 1673 5735 amplecti
1708 5667 2030 5738 angelicam,
2061 5680 2088 5719 c

2219 5660 2519 5729 ἀγγελικὴν
2548 5661 2899 5715 ἀσπάσασθαι
2941 5656 3241 5724 πολιτείαν,
3292 5658 3386 5712 καὶ
3425 5656 3526 5725 τῆς
3556 5657 3807 5723 ὲπουρας-

550 5744 761 5801 cmlesti
791 5746 897 5803 frui
919 5750 1247 5807 aeternitate.
1271 5752 1426 5809 Nunc
1450 5754 1564 5810 scio
1596 5768 1681 5809 me
1703 5770 1824 5811 esse
1857 5755 2088 5825 templutl

2223 5752 2335 5807 νίου
2365 5752 2659 5807 ἀπολαύειν
2702 5752 3027 5824 ἀῖδιότητος.
3063 5750 3177 5805 Νῦν
3208 5746 3324 5805 οἶδα
3368 5749 3453 5803 ὅτι
3488 5744 3618 5811 ναὸς
3653 5744 3803 5798 Θεοῦ
