4102 6376
326 347 429 414 ᾹΤἹ

1162 358 1635 423 MARTYRIUM
1672 362 1729 425 S.
1776 364 2195 430 EUSTRATII
2237 372 2334 433 ET
2371 375 2782 438 SOCIORUM.

3482 377 3590 438 478

321 466 465 555 εἰμι,
497 464 597 516 καὶ
620 462 683 516 τὸ
706 463 928 555 Πνεῦμα
969 464 1135 520 αὑτοῦ
1187 468 1247 522 τὸ
1289 469 1446 539 ἅγιον
1486 472 1628 526 οἰκεῖ
1675 476 1732 527 ὲν
1762 475 1909 546 ἐμοί.

2017 479 2134 547 Dei,
2186 491 2242 538 et
2291 492 2538 539 sanctum
2585 485 2703 554 ejus
2752 485 2806 539 in
2852 498 2941 541 me
2989 483 3239 541 habitare
3293 484 3588 555 Spiri-tum.

327 572 349 606 ι
404 554 706 623 ’Λπόστητε
734 552 828 611 οὗν
877 558 972 610 ἀπ’
1028 558 1185 629 ἐμοῦ,
1232 561 1434 627 πάντες
1475 566 1524 616 οἱ
1555 566 1910 637 ἐργαζόμενοι

319 646 424 718 τὴν
456 648 715 717 ἀνομίαν,
746 649 829 701 ὃτι
883 651 1176 721 εἰσήκουσε
1220 653 1424 723 Κύριος
1468 654 1568 724 τῆς
1597 657 1779 724 φωνῆς
1812 656 1908 710 τοῦ

317 739 606 808 κλαυθμοῦ
654 757 780 807 μου.
846 742 1053 811 Κύριος
1093 739 1192 814 τὴν
1231 750 1543 818 προσευχήν
1584 767 1684 818 μου
1739 766 1909 820 προσ-

317 831 566 896 εδέξατο.
616 832 1032 901 Ἀγαλλιάσεται
1063 834 1139 898 ὡς
1183 836 1402 905 άληθῶς
1422 840 1456 908 ἡ
1489 838 1634 909 ψυχή
1684 858 1786 909 μου
1819 842 1909 894 ἐπὶ

316 922 404 991 τῷ
450 924 684 993 Κυρίῳ·
736 926 1113 995 τερφθήσεται
1150 929 1244 981 ἐπὶ
1295 929 1372 998 τῷ
1418 934 1674 1001 σωτηρίῳ
1718 933 1907 988 αὐτοῦ.

315 1015 504 1068 Πάντα
558 1017 629 1068 τὰ
679 1017 815 1069 ὀστᾶ
876 1034 980 1086 μου
1041 1020 1268 1089 ἐροῦσι*
1330 1021 1526 1091 Κύριε,
1577 1023 1771 1093 Κύριε,
1829 1025 1912 1089 τίς

316 1106 512 1175 ὅμοιός
545 1121 629 1159 σοι
665 1107 932 1176 ῥυόμενος
963 1111 1187 1180 πτωχὸν
1217 1110 1281 1165 ἐκ
1309 1112 1492 1183 χειρὸς
1525 1116 1913 1185 στερεωτέρων

316 1195 510 1258 αὑτοῦ,
548 1198 645 1249 καὶ
668 1198 776 1250 ἀπὸ
799 1197 909 1251 τῶν
934 1199 1353 1270 διαρπαζόντων
1393 1203 1557 1257 αὐτόν
1587 1223 1604 1270 ;
1646 1223 1664 1255 ι
1708 1205 1911 1258 Σπεῦδε

268 1312 273 1349 ,ν
317 1288 504 1342 τοίνυν
529 1292 626 1341 καὶ⁸
655 1289 949 1357 ἀγωνίζου,
971 1290 1224 1361 ὑπηρέτα
1255 1293 1351 1347 τοῦ
1383 1296 1791 1362 ἀντικειμένου,
1819 1297 1913 1350 καὶ

324 1378 403 1447 μὴ
438 1377 697 1448 καθυφῇς
722 1379 803 1449 τῷ
826 1380 1107 1451 προσώπῳ
1140 1399 1258 1446 σου,
1284 1384 1378 1437 καὶ
1413 1383 1708 1455 δοκίμασόν
1741 1402 1810 1456 με
1838 1387 1913 1451 ὡς

319 1469 526 1539 χρυσὸν
569 1472 628 1522 ἐν
659 1470 878 1540 καμίνῳ
911 1471 993 1525 ἔτι
1034 1475 1130 1527 καὶ
1160 1472 1265 1537 ἔτι.
1307 1474 1406 1531 καὶ
1435 1477 1534 1546 οὐχ
1567 1478 1824 1550 εὑρήσεις
1854 1481 1913 1532 ὲν

322 1561 452 1630 ἐμοὶ
490 1560 592 1614 τὸν
622 1561 710 1614 σοὶ
753 1564 1021 1631 ἐράσμιον
1057 1564 1156 1618 καὶ
1185 1564 1331 1635 ἔργῳ
1364 1566 1816 1639 ἐπιζητούμενον.
1849 1572 1912 1624 Oi

322 1652 432 1722 γὰρ
477 1653 593 1705 θεοί
622 1669 716 1706 σου
753 1653 1107 1725 βδελύγματά
1144 1657 1273 1723 είσι,
1301 1658 1400 1725 τῆς
1433 1662 1533 1728 σῆς
1559 1662 1652 1715 καὶ
1687 1661 1788 1731 τῆς
1819 1663 1913 1715 τοῦ

329 1743 600 1813 βασιλέως
632 1763 728 1799 σου
770 1746 996 1814 ἀλογίας
1025 1747 1383 1812 δεσπόζοντα.

2020 594 2038 627 ι
2073 577 2343 631 Discedite
2366 593 2496 648 ergo
2522 594 2550 632 a
2581 593 2667 632 me
2695 592 2909 643 omnes,
2934 578 3025 647 qui
3051 577 3353 647 operamini
3384 577 3589 647 iniqui-

2013 675 2174 720 tatem
2210 685 2225 721 :
2256 670 2514 736 quoniam
2555 670 2833 724 exaudivit
2887 670 3147 722 Dominus
3197 684 3384 723 vocem
3423 668 3586 722 ﬂetus

2011 756 2139 811 mei.
2172 756 2429 810 Dominus
2454 757 2892 824 deprecationem
2927 773 3101 810 meam
3133 758 3373 825 suscepit
3400 759 3440 809 '.
3473 757 3584 811 Ex-

2012 847 2238 901 sultabit
2267 862 2459 902 revera
2492 848 2671 901 anima
2707 863 2826 902 mea
2860 848 2915 902 in
2943 849 3194 908 Domino.
3222 848 3588 903 delectabitur

2014 939 2067 992 in
2101 938 2322 992 salutari
2364 943 2504 1009 ejus.
2540 939 2734 993 Omnia
2765 954 2887 994 ossa
2928 956 3044 993 mea
3076 940 3262 995 dicent
3302 958 3316 994 :
3356 940 3587 995 Domine

2013 1028 2260 1093 Domine,
2289 1031 2412 1100 quis
2440 1031 2635 1086 similis
2668 1030 2808 1085 tibi?
2836 1030 3077 1084 liberans
3109 1031 3325 1099 inopem
3358 1047 3386 1084 a
3419 1046 3583 1084 manu

2019 1127 2390 1196 potentiorum
2417 1142 2507 1190 eo,
2528 1134 2582 1180 et
2608 1141 2636 1180 a
2668 1124 3056 1194 diripientibus
3105 1139 3231 1177 eum
3263 1126 3336 1174 ’.ι
3370 1122 3586 1177 Festina

2012 1230 2143 1285 ergo
2174 1222 2230 1269 et
2260 1214 2504 1279 decerta,
2537 1215 2792 1270 minister
2828 1213 3151 1276 adversarii,
3180 1221 3236 1267 et
3266 1211 3411 1283 quod
3448 1212 3501 1265 in
3539 1220 3592 1266 te

2011 1316 2119 1367 est,
2153 1306 2289 1359 nihil
2338 1306 2553 1361 remitte
2608 1324 2622 1360 :
2673 1315 2729 1360 et
2764 1305 2934 1374 proba
2984 1319 3070 1358 me
3118 1304 3264 1358 sicut
3301 1317 3495 1356 aurum
3533 1303 3587 1357 in

2012 1397 2236 1453 fornace
2286 1398 2457 1468 magis
2506 1398 2784 1469 magisque
2822 1406 2924 1452 :et
2957 1396 3011 1450 in
3060 1411 3147 1450 me
3183 1411 3292 1450 non
3342 1392 3593 1450 invenies

2013 1489 2253 1552 sordem,
2279 1504 2399 1559 qure
2446 1500 2529 1545 est
2561 1489 2655 1543 tibi
2690 1488 2958 1546 amabilis.
2984 1495 3038 1542 et
3072 1501 3263 1542 revera
3302 1484 3587 1555 quaeritur.

2013 1581 2116 1636 Tui
2156 1583 2304 1636 enim
2343 1580 2419 1635 dii
2456 1588 2582 1635 sunt
2624 1579 3082 1642 abominationes,
3123 1592 3246 1647 qua:
3275 1585 3383 1631 tuae
3420 1585 3476 1631 et
3509 1576 3585 1631 tui

2014 1673 2363 1745 imperatoris
2399 1673 2754 1728 dominantur
2787 1670 3014 1743 egestati
3055 1668 3304 1724 rationis.

395 1834 455 1890 l’.
498 1835 559 1890 '0
584 1834 709 1900 δοὺξ
730 1832 890 1891 εἶπεν
919 1854 934 1868 ·
966 1838 1141 1908 Τάχα,
1172 1839 1246 1902 ὡς
1270 1838 1468 1906 ἔοικεν,
1501 1841 1535 1910 ἠ
1559 1843 1667 1895 τῶν
1698 1843 1911 1914 φρενῶν

2083 1853 2151 1908 X.
2188 1853 2303 1908 Dux
2327 1853 2466 1907 dixit
2490 1870 2503 1905 :
2531 1851 2728 1906 Mentis
2754 1851 3009 1913 fortasse,
3037 1859 3097 1905 ut
3121 1849 3355 1911 videtur.
3382 1847 3591 1903 emotio

325 1926 603 1997 ἑναλλαγὴ
665 1930 732 1998 τῇ
772 1928 869 1980 τοῦ
904 1927 1157 1998 σώματος
1194 1930 1491 2002 σαθρότητι
1532 1934 1911 2006 ὶπηκολούθηυ

326 2039 420 2076 σεν
447 2037 463 2053 ο
495 2020 621 2076 ὅθεν
650 2021 855 2092 πολλὴν
883 2038 1008 2075 τινα
1039 2024 1134 2076 καὶ
1175 2024 1361 2097 ἀσαφῆ
1390 2026 1744 2096 βαττολογίαν
1772 2028 1913 2096 διεξ-

325 2114 514 2184 ῆλθες.
564 2114 630 2167 Ei
671 2113 783 2184 γὰρ
828 2113 1084 2183 ἠδύνατο,
1126 2115 1202 2179 ὠς
1232 2118 1296 2171 σὺ
1327 2118 1527 2185 λέγεις,
1564 2121 1594 2173 ὁ
1641 2119 1775 2183 Θεός
1816 2137 1910 2173 σου

325 2208 535 2267 ἐκεῖνος
569 2204 869 2268 ἀθανασίας
902 2221 964 2258 σε
1008 2207 1236 2277 μέτοχον
1279 2209 1645 2278 καταστῆσαι,
1674 2210 1819 2279 τάχα
1845 2209 1911 2264 ἂν

328 2299 425 2351 καὶ
456 2298 553 2367 τῆς
577 2298 861 2367 παρούσης
900 2298 1167 2368 μάστιγος
1197 2300 1431 2369 ὲρύσατό
1456 2317 1539 2354 σε.
1586 2302 1787 2366 Ἐάσας
1816 2297 1912 2356 οὖν

328 2391 390 2443 τὸ
414 2392 510 2442 ἐπὶ
544 2390 808 2459 ματαίαις
840 2389 1056 2444 ἐλπίσιν
1078 2392 1565 2463 ὀνειροπολεῖσθαι,
1602 2393 1799 2447 σπεῦδε
1831 2396 1911 2459 είς

325 2481 427 2548 τὴν
465 2481 596 2550 παρ’
635 2481 773 2550 ὶμοῦ
820 2498 905 2535 σοι
947 2482 1419 2554 ὑποδεικνυμὲνην
1457 2485 1760 2555 σωτηρίαν.
1810 2487 1914 2539 Εὑ-

326 2572 583 2637 στράτ;ος
640 2566 832 2624 εἶπεν·
886 2571 1079 2626 Βούλει
1159 2573 1491 2642 πεισθῆναι,
1543 2577 1910 2647 πεπηρωμένο

326 2663 511 2715 πᾶσαν
536 2665 637 2733 τὴν
660 2662 771 2715 τῶν
792 2664 1171 2735 αἰσθητηρίων
1201 2665 1344 2734 ὅψιν,
1371 2667 1453 2719 ὄτι
1483 2667 1637 2720 οὐδὲν
1661 2670 1915 2723 ἀδυνατεῖ

324 2754 405 2822 τῷ
444 2754 564 2823 Θεῴ
592 2773 693 2824 μου
722 2770 740 2820 ;
771 2755 811 2807 ll
824 2756 914 2827 ρὺς
940 2756 1195 2825 βασάνοις
1225 2758 1522 2827 ὑπάρχειν,
1556 2764 1650 2812 καὶ
1694 2762 1914 2814 πάντων

326 2849 809 2913 εἱσατενισὰντων,
836 2848 1106 2917 αέφνίδιον
1130 2849 1206 2912 ὼς
1237 2853 1285 2901 εἰ
1332 2849 1549 2914 λεπίδες
1591 2853 1656 2904 ἐκ
1683 2852 1777 2904 τοῦ
1812 2851 1913 2904 σώ-

331 2957 503 3009 ματος
539 2940 708 2993 αὐτοῦ
741 2942 1153 3012 ἁπεϐλήθησαν,
1205 2944 1302 2996 καὶ
1343 2942 1474 3014 ἔστη
1522 2946 1550 2995 ὁ
1596 2945 1753 3011 ἅγιος
1793 2946 1913 3008 ὅλος

330 3030 518 3102 ὑγιὴς,
559 3033 693 3102 μηδὲ
720 3034 782 3085 τὸ
802 3034 964 3103 τυχὸν
1000 3033 1307 3105 σπάραγμα
1345 3036 1428 3097 είς
1455 3036 1516 3088 τὸ
1558 3035 1717 3105 σῶμα
1746 3033 1912 3087 αθ.τοῦ

2013 1953 2305 1999 consecuta
2333 1953 2416 1996 est
2449 1941 2697 2011 corporis
2730 1939 3163 1999 imbecillitatem
3194 1954 3210 1991 :
3241 1953 3353 2007 quo
3384 1936 3591 1991 factum

2012 2047 2117 2097 est.
2147 2046 2207 2091 ut
2238 2036 2425 2089 multis
2465 2033 2650 2089 verbis
2685 2046 2821 2085 usus
2849 2029 2927 2085 sis
2958 2029 3213 2084 obscuris
3239 2040 3292 2081 et
3327 2040 3594 2094 superva-

2012 2129 2217 2186 caneis.
2262 2126 2317 2183 Si
2359 2127 2504 2181 enim
2546 2132 2731 2194 posset
2766 2123 2855 2177 ille
2887 2132 3036 2185 tuus,
3078 2130 3139 2175 ut
3164 2119 3323 2179 dicis,
3364 2119 3507 2173 Deus
3538 2126 3592 2172 te

2012 2221 2326 2293 participem
2350 2218 2579 2274 reddere
2596 2214 3046 2277 immortalitatis,
3071 2229 3101 2266 a
3128 2211 3378 2281 praesenti
3404 2211 3593 2277 utique

2015 2320 2069 2367 te
2092 2312 2248 2381 plaga
2288 2310 2599 2364 liberasset.
2634 2307 2854 2360 Mittens
2881 2317 3012 2373 ergo
3046 2316 3199 2355 vana:
3238 2299 3354 2369 spei
3398 2295 3592 2365 agitari

2013 2406 2262 2468 somniis,
2290 2419 2521 2476 propera
2554 2401 2620 2457 ad
2655 2401 2913 2463 salutem,
2942 2410 3066 2467 quae
3089 2411 3118 2448 a
3147 2407 3235 2447 me
3259 2389 3589 2446 ostenditur.

2013 2498 2159 2553 Dixit
2190 2494 2498 2551 Eustratius
2525 2511 2539 2547 :
2565 2492 2661 2547 Vis
2687 2488 3034 2562 persuaderi,
3060 2503 3093 2540 ο
3124 2495 3181 2540 ιιι
3209 2485 3305 2555 qui
3333 2498 3395 2539 es
3419 2482 3599 2536 orbus

2014 2590 2267 2645 omnibus
2290 2586 2561 2645 sensibus.
2592 2583 2729 2638 nihil
2761 2596 2883 2638 esse
2915 2580 3062 2649 quod
3099 2593 3256 2632 meus
3282 2591 3387 2630 non
3421 2573 3593 2643 possit

2014 2682 2194 2738 Deus?
2225 2679 2478 2742 Attende,
2506 2687 2562 2732 et
2588 2692 2677 2730 me
2706 2675 2944 2737 intuere,
2971 2686 3134 2740 quem
3165 2671 3273 2722 tuis
3306 2666 3594 2723 tormentis

2013 2773 2293 2829 existimas
2323 2779 2493 2824 morte
2520 2783 2641 2823 esse
2674 2768 2983 2820 multatum.
3010 2762 3261 2830 Cumque
3319 2772 3511 2813 omnes
3536 2756 3591 2810 iu

2014 2882 2140 2921 cum
2190 2862 2509 2917 tlelixissent
2562 2858 2784 2921 oculos,
2849 2861 3076 2924 repente
3126 2850 3297 2905 veluti
3344 2846 3592 2919 quaedam

2014 2970 2310 3029 squamune
2351 2954 2538 3024 ejecta:
2567 2961 2692 3007 sunt
2730 2965 2798 3005 ex
2842 2946 2964 3017 ejus
3008 2958 3240 3013 corpore
3289 2958 3304 2995 :
3346 2950 3404 2996 et
3440 2939 3595 2994 stetit

2016 3058 2239 3106 sanctus
2285 3056 2432 3101 totus
2477 3057 2664 3103 sanus,
2696 3054 2903 3109 corpus
2949 3036 3085 3091 nihil
3130 3035 3337 3089 habens
3366 3030 3595 3087 omnino

328 3124 497 3195 ἔχων.
527 3127 887 3189 Δοξασαντων
908 3124 964 3178 δὲ
989 3127 1211 3181 πάντων
1250 3127 1344 3180 ἐπὶ
1375 3127 1454 3196 τῷ
1497 3128 1746 3195 γεγονότι
1784 3128 1912 3181 θαύ-

2019 3145 2337 3197 laceratum.
2373 3136 2510 3191 Cum
2552 3142 2775 3205 prepter
2821 3129 3145 3184 miraculum
3197 3135 3404 3187 autem,
3440 3121 3588 3192 quod

334 3234 470 3287 ματι
508 3220 603 3269 τὶν
644 3217 801 3280 Θεὸν,
829 3218 1089 3285 Εὺγὲνιός
1124 3236 1206 3281 τις
1239 3220 1304 3272 ὲκ
1331 3220 1431 3290 τῆς
1486 3221 1916 3291 Ἀραυρακηνῶν

330 3309 425 3363 καὶ
459 3309 624 3371 αὐτὸς
677 3309 940 3380 ὑπάρχων
992 3309 1270 3381 πολίχνης,
1300 3310 1648 3379 ὀφφικιάλιος
1682 3312 1782 3382 τῆς
1812 3314 1915 3366 αὐ·

298 3405 427 3472 ·τῆ;
467 3404 703 3468 τάξεως,
765 3404 859 3456 καὶ
910 3405 1248 3474 παραμένων
1292 3402 1368 3474 τῷ
1398 3404 1539 3474 ἁγίῳ
1595 3406 1917 3476 Εὑστρατίῳ

326 3498 363 3550 ἁ
398 3497 599 3565 εὸόησε
641 3498 792 3564 φωνῇ
825 3495 1036 3565 μεγάλῃ
1072 3494 1248 3563 λέγων
1284 3511 1301 3529 ·
1342 3496 1541 3560 Λυσία,
1581 3498 1737 3565 κάγὼ
1784 3499 1918 3567 Χρι-

333 3588 555 3649 στιανός
585 3587 724 3655 εἰμι,
764 3588 860 3639 καὶ
886 3588 983 3655 τὴν
1029 3586 1331 3656 θρησκείαν
1368 3604 1463 3640 σου
1507 3588 1912 3658 ἁναθεματίζω,

329 3682 429 3733 καὶ
455 3679 535 3748 τῷ
566 3678 959 3748 προστάγματι
986 3677 1096 3731 τῶν
1145 3679 1435 3748 βασιλέων,
1485 3682 1580 3734 καὶ
1605 3680 1685 3751 τῷ
1715 3681 1793 3751 σῷ
1825 3681 1916 3735 θε-

333 3774 545 3844 λήματι
573 3773 995 3844 ἀντιτάσσομαι,
1029 3773 1104 3837 ὡς
1127 3775 1222 3826 καὶ
1256 3776 1285 3827 ὀ
1320 3774 1510 3846 κύριός
1544 3792 1646 3844 μου
1676 3775 1920 3846 Εὑστρά-

332 3883 466 3926 τιος.
498 3864 786 3935 Θυμωθεὶς
812 3861 907 3918 οὖν
935 3865 1030 3916 ἐπὶ
1055 3864 1271 3926 τούτοις
1297 3867 1325 3917 ὁ
1365 3865 1514 3929 δοὺξ,
1560 3867 1653 3917 καὶ
1715 3866 1918 3937 δυσφηο

337 3958 518 4026 μήσας
577 3956 801 4019 ἱκανῶς,
847 3953 1103 4008 ἐκέλευσε
1161 3956 1254 4008 καὶ
1314 3954 1478 4009 αὐτὸν
1541 3955 1918 4024 συλληφθέντα

335 4048 568 4115 ἀχθῆναι
596 4048 676 4109 είς
708 4047 768 4099 τὸ
798 4046 987 4115 μέσον,
1022 4046 1117 4099 καὶ
1138 4045 1456 4115 διελὰλησεν
1484 4047 1656 4109 οὕτως
1692 4063 1707 4078 ο

404 4138 509 4192 lA’.
529 4138 642 4207 Τῆς
677 4138 822 4191 κατὰ
853 4137 961 4190 τῶν
987 4137 1412 4208 δυστιμωρήτωι
1450 4140 1657 4192 τούτων
1705 4136 1917 4207 ἐρωτή-

338 4244 477 4291 σεως
511 4227 773 4298 εὐκαίρου
801 4226 1062 4296 δεομένης
1096 4228 1318 4298 σχολῆς,
1367 4227 1439 4281 τὰ
1491 4228 1587 4281 νῦν
1615 4229 1673 4282 δὲ
1700 4228 1920 4295 ὲπειγόυ

339 4335 507 4390 μενος
539 4322 621 4380 εἰς
649 4320 750 4389 τὴν
784 4320 894 4373 τῶν
987 4319 1267 4391 δημοσίων
1314 4322 1658 4392 πραγμάτων
1708 4321 1916 4392 συνήθη

336 4411 653 4481 ἀντίληψιν,
727 4411 821 4465 τὸν
892 4412 1262 4482 μαγγανείαις
1318 4414 1675 4483 τερατοποιὺν
1728 4412 1918 4468 τοῦτον

2020 3235 2222 3290 factum
2267 3232 2469 3292 fuerat,
2499 3241 2689 3283 omnes
2718 3225 2887 3278 Deum
2920 3220 3335 3292 gloriticassent,
3367 3213 3592 3284 quidam

2020 3304 2298 3396 Eugenius
2330 3323 2416 3376 vir
2460 3320 2861 3379 Arauracenus,
2905 3313 3002 3383 qui
3044 3321 3165 3367 erat
3208 3310 3325 3376 ipse
3372 3318 3594 3376 quoque

2021 3394 2264 3488 oppiduli
2301 3412 2547 3469 oiIicialis
2575 3409 2818 3480 ejusdem
2853 3405 3118 3467 cohortis,
3149 3410 3206 3456 et
3239 3394 3594 3488 permanebat

2021 3486 2162 3580 apud
2194 3515 2440 3563 sanctum
2472 3503 2832 3563 Eustratium,
2860 3511 3053 3566 magna
3079 3507 3214 3548 voce
3242 3486 3591 3549 exclamavit,

2020 3604 2206 3658 dicens
2231 3619 2242 3652 :
2271 3600 2450 3671 Lysia,
2469 3612 2569 3668 ego
2589 3609 2808 3665 quoque
2828 3607 2948 3646 sum
2973 3585 3342 3646 Christianus,
3364 3590 3422 3638 et
3444 3592 3593 3636 tuam

2020 3694 2423 3750 anathematizo
2456 3689 2797 3758 religionem,
2826 3695 2883 3741 et
2910 3682 3087 3752 jnssui
3120 3681 3510 3750 imperatorum
3537 3677 3594 3726 et

2022 3795 2128 3841 tua;
2175 3786 2370 3839 resisto
2414 3779 2701 3841 voluntati,
2746 3778 2889 3831 sicut
2933 3775 3099 3829 etiam
3137 3770 3395 3826 dominus
3437 3775 3594 3816 meus

2020 3874 2343 3929 Eustratius.
2404 3873 2517 3921 Dux
2553 3880 2683 3935 ergo
2733 3874 2957 3933 propter
3004 3862 3121 3915 haec
3167 3858 3502 3924 indignatus,
3529 3859 3589 3905 et

2022 3980 2147 4020 cum
2204 3969 2557 4019 exsecratus.
2618 3956 2796 4027 ipsum
2854 3968 3074 4023 quoque
3132 3946 3591 4018 comprehensum

2014 4053 2176 4126 jussit
2209 4051 2334 4105 duci
2367 4050 2420 4102 in
2452 4046 2791 4103 medium.et
2821 4046 2900 4098 sic
2923 4053 3012 4098 est
3033 4041 3273 4096 citatus:

2091 4143 2181 4200 XI.
2215 4143 2350 4197 Cum
2386 4141 2604 4201 horum,
2632 4150 2770 4207 quos
2803 4132 2998 4203 punire
3032 4141 3117 4187 est
3147 4128 3387 4193 dicile,
3417 4126 3592 4183 intor-

2023 4237 2229 4308 rogatio
2275 4244 2521 4301 tempore
2564 4238 2621 4281 et
2663 4226 2780 4281 otio
2825 4239 2966 4294 opus
3010 4222 3210 4277 habeat
3252 4226 3589 4290 opportuno,

2021 4345 2169 4388 nunc
2215 4336 2398 4381 autem
2434 4335 2635 4392 urgear
2681 4316 2749 4373 ad
2802 4313 3212 4385 suscipiendam
3272 4317 3594 4367 consuetam

2023 4416 2549 4489 rerumpublicarum
2594 4409 2993 4474 defensionem,
3038 4407 3189 4461 hunc
3230 4401 3593 4473 praestigiato-

341 4478 685 4574 Εὐστρατιον
709 4504 806 4557 καὶ
849 4478 1108 4571 Εὑγὲννιον
1137 4505 1231 4559 τὸν
1286 4478 1605 4573 ἀρτίφανῶς
1644 4505 1920 4575 ὁμόφρονα

2023 4530 2137 4571 rem
2191 4478 2249 4566 et
2304 4503 2768 4564 incantationibus
2830 4498 3222 4555 miraculorum
3274 4493 3594 4549 effectorem

344 4594 516 4665 αὐτῷ,
588 4594 1000 4663 σιδηρωθέντας
1057 4596 1201 4647 κατὰ
1231 4594 1435 4656 παντὸς
1510 4592 1607 4647 τοῦ
1670 4593 1924 4664 σώματος

2024 4602 2361 4663 Eustratium
2415 4607 2473 4654 et
2522 4595 2862 4666 Eugenium,
2911 4605 3075 4662 quem
3125 4603 3304 4657 nuper
3346 4582 3599 4655 apparuit

342 4686 729 4756 ἀναληφθῆναι
763 4688 843 4749 εις
902 4686 964 4739 τὸ
1010 4687 1384 4757 δεσμωτήριον
1415 4688 1775 4758 προστάττω,
1805 4687 1922 4756 ἅμα

2020 4697 2168 4752 idem
2204 4690 2353 4763 quod
2384 4691 2502 4759 ipse
2527 4686 2750 4747 sentire,
2779 4692 2895 4739 toto
2923 4694 3157 4751 corpore
3201 4677 3348 4732 [erro
3382 4675 3596 4729 vinctos

344 4777 458 4834 τοῖς
485 4772 702 4834 λοιποῖς
727 4772 1246 4842 φυλαχθησομένους
1284 4790 1399 4842 μοι,
1447 4774 1505 4827 ὲν
1533 4774 1698 4845 ἑτέρᾳ
1725 4773 1915 4838 ἐξετά-

2018 4790 2188 4860 juheo
2235 4781 2433 4853 conjici
2467 4780 2523 4834 in
2551 4791 2834 4833 carcerem
2879 4788 3005 4829 cum
3046 4770 3296 4839 reliquis,
3327 4765 3422 4836 qui
3466 4769 3599 4819 sunt

352 4880 457 4918 σεε.
497 4865 609 4916 Και
642 4863 816 4917 ταῦτα
839 4866 1266 4935 ἀποφηνάμενος
1296 4866 1497 4935 ἀνέστη
1527 4866 1623 4923 τοῦ
1657 4869 1921 4938 βήματος.

2023 4858 2161 4936 mihi
2204 4873 2458 4933 servandi
2490 4872 2556 4926 ad
2597 4870 2759 4924 aliam
2798 4862 3281 4922 examinatiouem.
3314 4858 3437 4910 Haec
3469 4867 3594 4908 cum

353 4957 413 5007 Oi
436 4954 496 5008 δὲ
526 4955 678 5022 ἅγιοι
708 4957 910 5026 ἧγοντο
951 4961 1156 5022 πάντες
1191 4962 1479 5028 χαίροντες
1531 4961 1628 5012 καὶ
1654 4960 1926 5025 ἀγαλλιῶ-

2032 4968 2458 5042 pronuntiassct,
2493 4958 2779 5018 descendit
2821 4971 2852 5012 e
2902 4953 3183 5009 tribunali.
3230 4947 3414 5003 Sancti
3465 4958 3595 4999 vero

355 5060 514 5115 μενοι
544 5047 641 5100 ἐπὶ
685 5048 751 5118 τῇ
803 5050 1044 5120 τοσαύτῃ
1088 5051 1344 5121 ὑπομονῇ
1380 5052 1474 5102 καὶ
1501 5050 1769 5121 καρτερία
1826 5050 1925 5103 τοῦ

2031 5060 2372 5115 ducebantur
2411 5067 2603 5109 omnes
2635 5050 2744 5106 laeti
2770 5059 2828 5102 et
2854 5044 3189 5101 exsultantes
3219 5045 3440 5108 propter
3469 5044 3595 5090 tan-

348 5134 511 5202 ἁγίλιυ
552 5138 914 5210 Εὐστρατίου,
942 5141 1038 5194 καὶ
1099 5143 1192 5194 ἐπὶ
1243 5144 1308 5211 τῇ
1341 5141 1610 5211 γενομένῃ
1656 5142 1737 5202 είς
1761 5140 1927 5195 αὑτὸν

355 5230 618 5300 σωτηρίῳ
680 5231 1088 5306 θαυματοποιία
1145 5235 1238 5288 τοῦ
1273 5233 1483 5301 Κυρίου
1516 5232 1704 5302 ἡμῶν
1746 5232 1922 5302 Ἰησοῦ

349 5316 622 5387 Χρισιοῦ.
658 5322 747 5385 Ὠς
775 5324 832 5375 δὲ
866 5324 1120 5394 εἰσῆλθον
1148 5325 1228 5388 είς
1258 5325 1359 5393 τὴν
1387 5322 1664 5393 φυλακὴι,
1698 5323 1932 5393 ἔψαλλον

347 5412 559 5478 πάντες
589 5418 693 5487 μιᾷ
721 5421 965 5489 φωνῇοοι
1006 5420 1144 5473 Ἰδοὺ
1179 5420 1263 5484 δὴ,
1297 5420 1348 5472 τί
1384 5420 1570 5482 καλὸν,
1616 5420 1647 5487 ἢ
1694 5420 1746 5472 τί
1797 5439 1925 5487 τερα

349 5503 514 5572 πνὸν,
542 5506 657 5559 ἀλλ’
684 5507 717 5577 ἢ
748 5510 809 5560 τὸ
842 5513 1119 5563 κατοικεῖν
1148 5508 1408 5577 ἀδελφοὺς
1434 5510 1723 5563 ὲπιτοαυτό
1745 5527 1792 5576 ς»
1835 5514 1930 5565 καὶ

348 5589 424 5645 τά
447 5596 598 5667 ἑξῆς,
652 5601 753 5657 καὶ
784 5600 923 5672 μετὰ
949 5600 1012 5655 τὸ
1052 5600 1335 5671 πληρῶσαι
1384 5601 1482 5671 τὴν
1536 5601 1705 5671 εὐχὴν
1747 5604 1928 5655 ἐκαθί-

430 5794 448 5824 ⁸
487 5792 629 5854 Psal.
664 5790 736 5853 ni,
764 5792 813 5845 9.
850 5791 866 5819 ³
894 5791 1042 5845 Paul.
1078 5804 1254 5850 xaxw,
1290 5789 1374 5843 lb’.

1453 5789 1469 5815 ‘
1506 5786 1644 5841 Psaf.
1688 5799 1884 5841 cum.
1925 5784 1964 5835 l.

2028 5160 2139 5205 tam
2169 5145 2513 5202 tolerantiam
2537 5139 2712 5197 sancti
2743 5135 3027 5198 Eustratii,
3051 5143 3414 5197 constansque
3441 5126 3595 5181 testi-

2032 5242 2295 5304 monium,
2328 5246 2387 5294 et
2421 5245 2642 5306 prOpter
2678 5233 2939 5291 salutare,
2967 5225 3111 5295 quod
3152 5224 3204 5276 in
3241 5225 3358 5290 ipso
3389 5221 3590 5274 factum

2030 5342 2131 5400 est,
2164 5331 2484 5385 miraculum
2530 5322 2746 5380 Domini
2791 5316 2964 5375 nostri
3006 5317 3133 5370 Jesu
3170 5312 3398 5367 Christi.
3439 5312 3594 5364 Post~

2031 5437 2192 5491 quam
2242 5427 2420 5474 autem
2464 5414 2695 5484 ingressi
2740 5420 2870 5466 sunt
2920 5405 3247 5464 custodiam,
3295 5402 3595 5470 psallebant

2030 5525 2222 5564 omnes
2260 5523 2366 5562 una
2404 5521 2535 5560 voce
2568 5521 2585 5558 :
2617 5523 2633 5553 ι
2671 5503 2810 5556 Ecce
2839 5499 2969 5568 quid
2997 5511 3152 5566 teque
3186 5496 3391 5550 bonum
3425 5504 3479 5548 et
3508 5494 3596 5562 ju—

2031 5601 2293 5663 cundum,
2341 5605 2503 5666 atque
2548 5595 2792 5649 habitare
2839 5590 3038 5646 fratres
3086 5589 3140 5643 in
3191 5600 3361 5643 unum
3388 5587 3447 5639 ‘?
3488 5605 3505 5636 ι
3536 5593 3594 5640 et
