4102 6376
473 357 587 421 ιω

1710 344 1995 407 MENSIS
2047 323 2481 406 DECEMBERI

3620 348 3737 420 [80

472 483 597 537 quae
640 471 949 533 sequuntur
993 479 1007 515 :
1056 468 1112 515 et
1148 468 1439 530 postquam
1488 470 1685 529 preces
1715 457 2056 527 implessent,

2162 454 2314 520 ζοντο
2339 454 2720 528 διδασκόμενοι
2752 453 2859 511 ύπδ
2883 456 2983 512 τοῦ
3012 458 3173 529 ἁγίου
3227 458 3592 533 Εύστρατίου,
3634 464 3733 522 καὶ

474 558 731 613 sedentes
752 552 1095 607 ducebantur
1113 567 1144 606 a
1168 559 1360 607 sancto
1379 549 1683 614 Eustratio,
1704 547 2057 619 promptique

472 660 535 704 et
563 649 775 701 alacres
805 643 876 699 ab
903 657 970 697 eo
993 641 1371 698 reddebantur
1398 641 1464 697 ad
1495 640 1826 712 propositam
1851 640 1934 696 eis
1956 640 2055 696 de-

476 738 860 794 certationem.

546 828 661 883 Xll.
706 828 802 883 Die
849 828 940 883 illo
988 827 1044 882 in
1090 827 1177 882 his
1230 834 1529 890 transacto,
1576 825 1826 897 sequenti
1894 833 2056 881 nocte

475 920 583 974 dux
617 934 745 975 cum
779 919 1130 984 surrexisset,
1163 918 1441 989 professus
1473 929 1560 974 est
1597 934 1658 975 se
1702 919 1842 975 velle
1882 918 1961 972 ire
1988 917 2054 971 ad

471 1013 750 1068 civitatem
782 1013 1240 1081 Nicopolitanam,
1279 1021 1336 1069 et
1380 1013 1599 1067 interim
1648 1011 1778 1066 dum
1813 1012 1957 1067 soliti
1989 1011 2058 1065 ad

478 1107 585 1161 iter
626 1119 684 1158 se
734 1105 1003 1174 parabant
1036 1104 1295 1168 ministri,
1339 1104 1574 1174 prosiliit
1608 1104 1724 1172 ipse
1772 1103 1828 1157 in
1869 1110 2058 1157 custo-

485 1197 650 1257 diam,
678 1176 773 1249 ubi
794 1205 951 1250 erant
973 1196 1170 1259 sancti,
1192 1203 1248 1250 et
1269 1196 1444 1250 solum
1474 1195 1693 1250 beatum
1718 1194 2058 1249 Eustratium

473 1286 631 1357 jubet
664 1287 802 1340 trahi
836 1286 998 1341 foras.
1027 1286 1164 1341 Cum
1198 1296 1377 1343 autem
1405 1294 1552 1341 esset
1586 1285 1877 1348 adductus,
1907 1285 2060 1340 vultu

478 1377 678 1433 ridenti
701 1378 897 1433 dixitei
919 1395 933 1431 :
955 1378 1189 1444 Laitare,
1209 1378 1527 1434 charissime
1546 1378 1809 1434 Eustrati.
1828 1376 2062 1432 Sanctus

482 1485 616 1525 vero
656 1470 941 1539 respondit
981 1488 995 1524 :
1035 1470 1182 1525 Deus
1212 1471 1582 1539 omnipotens,
1612 1471 1700 1526 cui
1733 1484 1832 1542 ego
1859 1472 2060 1536 servio,

484 1569 536 1615 te
562 1560 803 1616 vicissim
852 1560 1015 1630 digne
1061 1563 1281 1626 salutet,
1312 1577 1346 1616 o
1371 1560 1558 1632 judex.
1606 1561 1725 1615 Dux
1779 1561 1912 1616 dicit
1942 1579 1955 1616 :
1984 1562 2062 1616 De

480 1653 597 1709 Deo
625 1655 696 1709 sit
732 1654 829 1708 tibi
861 1669 1031 1716 curae,
1057 1654 1109 1709 in
1141 1656 1431 1724 praesentia
1458 1664 1640 1711 autem
1667 1669 1799 1725 cape
1827 1663 1883 1709 et
1911 1663 2063 1726 gesta

2155 549 2733 620 προθυμοποιούμενοι
2771 551 2855 616 είς
2882 549 2976 606 τὸν
3016 553 3384 624 προκείμενον
3418 555 3604 621 αὐτοῖς
3636 561 3736 631 τῆς

2156 641 2439 713 ἀθλήσεως
2470 642 2687 713 ἀγῶνα.

2232 817 2335 874 ῙΒ’.
2376 820 2468 874 Ἐν
2512 820 2726 887 τούτοις
2775 826 2877 894 τῆς
2913 822 3132 896 ἡμέρας
3190 823 3409 895 ἐκείνης
3440 827 3734 882 ιτελεσθεί-

2162 926 2286 981 σης,
2340 912 2407 981 τῇ
2439 912 2668 986 ἐπιούσῃ
2723 917 2880 971 νυκτὶ¹
2935 917 3178 980 ἀναστάς
3230 919 3258 970 6
3312 917 3460 984 δοὺξ,
3495 920 3587 993 ἐπὶ
3639 920 3738 986 τὴν

2160 999 2541 1055 Νικοπολιτῶν
2589 1003 2915 1072 ἐπείγεσθαι
2988 1005 3363 1075 ἐπηγγείλατο
3391 1005 3597 1059 ’πόλινο
3641 1006 3739 1059 καλ⁵

2159 1092 2220 1143 ὲν
2248 1091 2492 1162 τοσούτῳ
2545 1094 2648 1163 τῆς
2703 1096 2970 1165 συνήθους
3023 1096 3172 1165 αὐτῷ
3235 1097 3547 1166 ὑπηρεσίας
3595 1098 3738 1151 κατά

2158 1181 2259 1253 τὴν
2291 1183 2602 1254 ὁδοιπορίαν
2631 1185 3128 1258 εὐτρεπιζομὲνης,
3159 1187 3326 1250 αὐτὸς
3353 1190 3434 1252 είς
3488 1188 3588 1256 τὴν
3640 1207 3740 1259 φυ-

2160 1274 2335 1346 λακὴν
2355 1277 2549 1346 ἥλατο,
2582 1276 2713 1332 ἔνθα
2741 1274 2888 1349 ἦσαν
2923 1280 2975 1333 oi
3002 1279 3169 1348 ἆγιοι,
3192 1280 3290 1332 καὶ
3315 1280 3478 1349 μόνον
3502 1281 3598 1333 τὸν
3627 1299 3738 1350 μα-

2162 1366 2356 1438 κιᾲριον
2379 1367 2716 1439 Εὑστράτιον
2742 1370 2956 1425 κελεύει
2985 1372 3322 1443 ἑλκυσθῆναι
3349 1374 3479 1440 ἔξω.
3516 1376 3736 1445 Ἀχθέν-

2165 1472 2258 1518 τος
2314 1456 2372 1510 δὲ
2435 1458 2625 1525 αὑτοῦ,
2680 1460 3079 1530 ὑπομειδιάσας
3110 1462 3187 1531 τῷ
3239 1463 3542 1535 προσώπῳ,
3587 1460 3740 1517 εἶπεν

2163 1550 2299 1621 πρὸς
2333 1551 2519 1605 αὐτόν’
2550 1552 2804 1623 Χαίροις,
2849 1555 3285 1625 προσφιλέστατε
3316 1556 3637 1626 Εὐστράτιε.
3679 1557 3738 1611 ὀ

2163 1638 2220 1692 δὲ
2253 1638 2408 1707 ἅγιος
2454 1642 2793 1710 ἁπεκρίνατο
2822 1658 2840 1676 ·
2882 1643 2941 1695 '0
2976 1641 3109 1707 Θεὸς
3149 1645 3178 1696 ὁ
3228 1647 3650 1715 παντοκράτωρ,
3689 1638 3735 1714 ᾧ

484 1745 647 1806 hanc,
673 1761 792 1815 qua:
818 1746 914 1801 tibi
945 1745 1127 1810 datur,
1153 1746 1454 1815 crepidatn,
1483 1755 1543 1801 ut
1571 1747 1745 1801 libens
1773 1746 2058 1801 nobiscum

2164 1730 2275 1803 ἐγὼ
2297 1732 2568 1803 λατρεύω,
2605 1734 2766 1798 αὑτός
2813 1753 2873 1788 σε
2906 1737 3310 1791 ἀντασπάσοιτο
3340 1737 3537 1805 ἀξίως,
3577 1733 3622 1792 ὧ
3656 1741 3735 1794 δι-

483 1836 589 1889 iter
615 1836 814 1899 facias;
848 1848 966 1891 erat
991 1852 1119 1891 vero
1149 1838 1369 1906 crepida
1399 1839 1573 1907 longis
1598 1848 1654 1893 et
1682 1838 1859 1892 acutis
1891 1836 2058 1892 clavis

2166 1824 2366 1878 καστά.
2397 1824 2464 1877 '0
2497 1825 2625 1892 δοὺξ
2674 1823 2862 1880 εἶπεν⁹
2896 1828 3033 1897 Περὶ
3054 1828 3149 1881 τοῦ
3186 1828 3323 1882 Θεοῦ
3354 1848 3445 1882 σου
3474 1829 3602 1898 ἐμοὶ
3634 1848 3734 1900 με-

482 1926 761 1985 transiixa,
792 1936 851 1980 ut
884 1935 1141 1996 tanquam
1191 1927 1370 1981 tibulis
1401 1927 1775 1996 perforaretur
1801 1925 2062 1995 quaelibet

481 2031 608 2085 pars
640 2017 841 2086 pedum
885 2019 1026 2087 ejus.
1058 2018 1196 2074 Cum
1226 2019 1330 2074 hac
1369 2033 1500 2089 ergo
1547 2018 1766 2087 crepida
1795 2032 1920 2072 eum
1968 2019 2060 2071 in-

480 2109 709 2171 cluisset,
738 2119 795 2164 et
819 2110 950 2164 loris
977 2109 1341 2174 astrinxisset,
1367 2126 1469 2166 suo
1497 2110 1803 2181 obsignavit
1830 2113 2058 2174 annulo,

481 2207 537 2253 et
558 2200 724 2269 jussit
747 2216 895 2263 eum.
925 2201 1057 2256 dum
1087 2202 1409 2267 duceretur,
1440 2217 1539 2271 per
1566 2212 1734 2258 totam
1764 2203 1906 2257 viam
1938 2217 2059 2256 ver-

480 2291 665 2347 berari
703 2300 758 2347 et
789 2294 935 2347 trahi
978 2309 1104 2348 cum
1149 2294 1381 2364 reliquis
1429 2296 1656 2349 sanctis.
1706 2295 1824 2366 Ipse
1872 2303 2057 2349 autem

479 2397 604 2436 cum
636 2391 773 2445 toto,
801 2383 893 2453 qui
926 2399 1050 2438 cum
1084 2400 1151 2439 eo
1184 2394 1322 2450 erat,
1351 2387 1595 2441 exercitu
1631 2387 1736 2440 iter
1765 2400 2062 2456 perseque-

483 2474 663 2535 batur,
691 2483 748 2527 et
774 2486 895 2544 post
934 2476 1076 2532 duos
1099 2477 1220 2532 dies
1250 2484 1622 2546 pervenerunt
1649 2476 1718 2531 ad
1747 2477 2056 2541 castellum,

482 2567 628 2635 quod
673 2576 757 2621 est
812 2582 977 2637 [πορθ
1027 2571 1426 2625 Arauracenos.
1475 2569 1611 2624 Cum
1656 2568 1830 2624 sancti
1873 2577 2058 2625 autem

484 2660 870 2718 accessissent.
903 2671 1175 2730 quotquot
1197 2673 1355 2716 erant
1384 2662 1530 2716 illius
1564 2661 1821 2731 regionis,
1852 2662 2061 2731 egressi

476 2759 611 2804 sunt
656 2751 721 2805 ad
756 2755 1150 2821 spectaculum,
1184 2753 1559 2809 desiderantes
1604 2754 1791 2809 videre
1836 2755 2059 2810 beatum

480 2842 842 2898 Eustratium.
874 2846 1068 2900 Nullus
1119 2861 1247 2902 vero
1286 2856 1549 2916 cognatus
1578 2862 1681 2901 nec
1723 2846 1929 2901 amicus
1958 2862 2060 2901 au-

480 2934 646 2990 debat
668 2937 717 2990 ei
741 2939 1203 3008 appropinquare,
1228 2946 1296 2993 n‘e
1320 2938 1425 3008 ipsi
1450 2953 1671 3007 quoque
1695 2939 2063 3007 comprehen-

480 3025 780 3094 dereutur;
832 3028 938 3084 hoc
975 3030 1120 3083 enim
1163 3044 1194 3085 a
1232 3030 1500 3085 scelerato
1544 3029 1683 3084 duce
1730 3029 2057 3097 quibusdam

475 3116 588 3185 jam
625 3118 947 3186 imperaturo
980 3120 1182 3175 fuerat.

2167 1914 2327 1979 λέτω,
2368 1917 2448 1979 είς
2482 1917 2544 1970 τὸ
2571 1918 2747 1988 παρὸν
2774 1919 2832 1971 δὲ
2860 1918 3045 1972 λαϐὼν
3072 1921 3172 1991 τὴν
3202 1921 3598 1989 ἐπιδεδομένην
3654 1938 3735 1975 σοι

2169 2009 2415 2080 κρηπῖδα
2437 2010 2617 2080 φόρει,
2649 2012 2797 2074 ὅπως
2835 2012 3077 2082 ἄσμενος
3105 2013 3204 2082 τὴν
3235 2012 3356 2082 μεθ’
3411 2014 3443 2083 ὴ
3454 2014 3573 2083 μῶν
3602 2014 3739 2067 ὁδοι-

2168 2101 2369 2171 πορίαν
2425 2105 2656 2174 ποιήσῃ.
2695 2103 2762 2157 Ἦ
2811 2103 2869 2157 δὲ
2919 2108 3126 2176 κρηπὶς
3175 2101 3245 2176 ἦν
3308 2106 3739 2176 διαπεπαρμένη

2168 2193 2317 2262 ἥλοις
2386 2197 2619 2266 μακροῖς
2675 2194 2772 2248 καὶ
2829 2195 3049 2260 ὀξέσιν,
3104 2196 3246 2250 ὥστε
3309 2197 3739 2267 διαπερονῶθαι

2169 2285 2317 2339 ἅπαν
2346 2286 2409 2338 τὸ
2445 2288 2611 2357 μέρος
2667 2288 2777 2341 τῶν
2827 2289 3007 2342 ποδῶν
3060 2289 3251 2344 αὐτοῦ.
3300 2289 3608 2360 ’Υποδήτας
3643 2284 3741 2342 οὖν

2168 2376 2331 2430 αὐτὸν
2359 2379 2457 2432 καὶ
2487 2379 2720 2448 σφίγξας
2755 2383 2872 2445 τοῖς
2929 2381 3109 2450 ἱμᾶσι,
3158 2375 3236 2448 τῷ
3263 2380 3539 2450 δακτυλίῳ
3570 2379 3739 2434 αὐτοῦ

2167 2471 2493 2542 ἐσφράγισε,
2526 2474 2621 2524 καὶ⁸
2645 2472 2952 2543 προσέταξε
3003 2472 3343 2541 τυπτόμενον
3370 2473 3466 2526 καὶ
3499 2474 3741 2543 συρόμε-

2168 2581 2258 2618 νον
2286 2563 2453 2618 αὐτὸν
2502 2564 2732 2633 ἄγεσθαι
2782 2564 2965 2617 πᾶσαν
3000 2563 3099 2634 τὴν
3137 2563 3259 2616 ὁδὸν
3312 2562 3456 2632 μετὰ
3508 2564 3605 2616 καὶ
3628 2562 3741 2616 τῶν

2167 2655 2372 2709 λοιπῶν
2411 2654 2606 2723 ἁγίων.
2641 2655 2816 2717 Αὐτὸς
2859 2654 2913 2708 δὲ
2945 2655 3124 2724 εἴχετο
3155 2654 3273 2722 ἅμα
3298 2655 3464 2707 παντὶ
3493 2654 3573 2724 τῷ
3611 2671 3740 2708 συν-

2167 2750 2283 2802 όντι
2310 2748 2463 2818 αὐτῷ
2494 2749 2713 2825 στρατῴ
2746 2750 2844 2818 τῆς
2876 2746 3024 2815 ὁδοῦ,
3069 2748 3166 2801 καὶ
3220 2747 3360 2818 μετὰ
3403 2746 3498 2800 δύο
3524 2746 3741 2817 ἡμέρας

2167 2842 2249 2904 είς
2298 2841 2360 2893 τὸ
2395 2840 2623 2910 πλησίον
2666 2840 3026 2912 Ἀραυράκων
3077 2840 3434 2910 κατήχθησαν
3478 2840 3738 2909 κάστρον.

2171 2933 2648 3003 Παραγενομένων
2678 2932 2735 2984 δὲ
2756 2931 2866 2985 τῶν
2892 2931 3086 3000 ἁγίων,
3118 2932 3319 2994 πάντες
3351 2930 3402 2984 οἱ
3422 2931 3523 2999 τῆς
3555 2930 3739 3002 χώρας

2172 3024 2392 3085 ἐκείνης
2452 3023 2529 3085 ὡς
2558 3024 2638 3084 εἰς
2686 3022 2816 3076 Θέαν
2871 3023 3124 3094 ἐξῄεσαν,
3170 3024 3563 3086 ἐπιποθοῦντες
3607 3022 3738 3076 ἰδεῖν

2169 3116 2260 3170 τὸν
2294 3115 2566 3185 μακάριον
2598 3115 2953 3185 Εὐστράτιον.
3012 3116 3201 3180 Οὐδεὶς
3236 3116 3294 3169 δὲ
3352 3115 3477 3169 οὔτε
3539 3132 3743 3185 συγγε-

479 3209 606 3270 νῶν,
634 3208 759 3263 οὔτε
807 3212 985 3278 φίλων
1036 3212 1337 3281 πλησιάσαι
1379 3212 1529 3281 αὐτῷ
1560 3211 1806 3281 ιὲτόλμα,
1844 3213 1931 3265 ἵνα
1988 3211 2065 3283 μὴ
2124 3209 2221 3263 καὶ
2251 3207 2409 3261 αὐτοὶ
2446 3206 2797 3277 συλληφθῶσι
2825 3223 2839 3236 ·
2889 3208 3242 3280 παρήγγελτο
3292 3209 3402 3279 γάρ
3450 3207 3612 3262 τοῦτο
3637 3208 3742 3279 ἤδη

477 3304 622 3354 τισὶν
646 3302 751 3354 ὑπὸ
781 3303 874 3354 τοῦ
915 3303 1113 3373 μιαροῦ
1163 3305 1373 3366 δουκὸς.

549 3392 687 3447 Xlil.
722 3394 952 3458 Quidam
982 3405 1164 3448 autem
1195 3394 1521 3460 Mardarius,
1545 3396 1632 3450 vir
1661 3397 1881 3467 quidem
1910 3406 2060 3452 sorte
2088 3399 2132 3462 C

488 3486 735 3555 privatus
757 3494 811 3540 et
837 3500 941 3539 suo
973 3494 1288 3550 contentus,
1317 3503 1441 3542 cum
1469 3488 1578 3543 illis
1608 3489 1807 3545 diebus
1836 3489 2061 3544 domum

479 3578 585 3632 sibi
619 3577 1036 3646 construxisset,
1077 3580 1288 3647 tegebat
1316 3581 1561 3637 domum.
1606 3580 1745 3637 Cum
1785 3584 1839 3637 iu
1869 3598 2062 3639 omnes

478 3674 662 3724 autem
719 3680 938 3725 sanctos
991 3671 1271 3727 deﬁxisset
1343 3675 1565 3740 oculos,
1627 3675 1761 3730 vidit
1817 3677 2061 3732 medium

480 3778 672 3818 eorum
721 3772 976 3831 tanquam
1018 3763 1229 3817 stellam
1271 3765 1537 3836 insignem
1575 3767 1911 3823 Eustratium
1952 3786 1967 3823 :
2004 3779 2061 3824 et

481 3870 606 3909 cum
644 3855 753 3909 cito
799 3870 830 3909 e
883 3855 1047 3911 domo
1098 3857 1491 3921 descendisset,
1546 3860 1684 3915 dixit
1735 3863 1891 3916 uxori
1946 3879 2060 3918 suae

480 3960 738 4001 sermone
787 3948 1093 4005 Armenio;
1128 3947 1313 4014 Vides,
1355 3966 1389 4005 o
1433 3967 1589 4016 uxor,
1625 3967 1751 4007 eum
1801 3954 1894 4023 qui
1942 3964 2061 4009 erat

480 4038 735 4092 dominus
783 4040 923 4107 eius,
955 4054 1078 4108 quae
1121 4050 1205 4095 est
1253 4038 1613 4097 circumcirca
1663 4044 1924 4112 regionis,
1962 4046 2057 4113 qui

479 4137 534 4179 et
567 4140 767 4197 genere
801 4138 855 4181 et
897 4130 1094 4199 Opibus
1141 4140 1258 4186 erat
1315 4140 1423 4187 tam
1476 4133 1727 4203 insignis,
1763 4146 1818 4188 et
1850 4136 2056 4190 tamdiu

479 4217 653 4272 fuerat
690 4219 900 4273 militia:
949 4220 1168 4287 clarus,
1220 4225 1682 4291 quemadmodum
1724 4226 1911 4279 omnia
1960 4227 2058 4280 de-

481 4312 752 4377 spexerit.
796 4321 854 4365 et
896 4312 1031 4376 abit,
1060 4322 1121 4366 ut
1168 4313 1277 4369 Deo
1313 4316 1404 4369 (lat
1436 4327 1587 4386 grata
1635 4318 1835 4380 hostia,
1867 4330 1922 4373 et
1967 4335 2057 4373 re-

479 4410 644 4468 gnum
673 4401 897 4456 caeleste
927 4405 1331 4473 consequatur?
1364 4405 1562 4461 Beatus
1596 4407 1708 4472 ille,
1740 4409 1885 4477 quod
1913 4419 1970 4463 et
2001 4408 2056 4464 in

479 4490 583 4544 hac
602 4490 712 4544 vita
741 4490 907 4546 fuerit
926 4494 1217 4562 gloriosus,
1239 4504 1295 4549 et
1317 4498 1459 4565 apud
1487 4497 1776 4552 Dominum
1805 4509 2055 4556 nostrum

476 4581 551 4636 sit
602 4595 851 4652 magnam
903 4582 1189 4640 habiturus
1239 4586 1519 4652 ﬁduciam,
1569 4597 1624 4644 et
1669 4605 1793 4646 cum
1847 4594 2056 4664 angelis

480 4672 742 4730 ineli‘abili
772 4676 1051 4745 voluptate
1098 4677 1387 4734 fruiturus.
1424 4679 1654 4752 Egregia
1687 4694 1871 4739 autem
1908 4686 2056 4740 illius

481 4782 621 4822 uxor
668 4770 951 4839 respondit
988 4787 1003 4824 :
1041 4770 1368 4827 Dulcissimo
1405 4775 1617 4839 marite,
1667 4777 1800 4846 quid
1849 4778 2053 4845 obstat,

426 4853 432 4858 ’
477 4861 774 4930 quominus
801 4871 857 4915 tu
886 4877 1106 4932 quoque
1135 4878 1203 4919 eo
1231 4865 1440 4930 venias,
1486 4875 1540 4922 et
1569 4868 1843 4935 eamdem,
1889 4886 2055 4940 quam

479 4955 618 5023 ipse,
645 4956 787 5010 viam
821 4955 990 5021 ineas,
1017 4964 1074 5012 et
1099 4965 1345 5013 sanctam
1384 4962 1742 5031 consequaris
1768 4977 1897 5018 cum
1937 4963 2057 5033 ipso

480 5047 1029 5114 consummationem,
1077 5056 1139 5103 ut
1167 5048 1254 5118 _sis
1287 5048 1394 5104 mei
1442 5050 1720 5117 defensor,
1769 5063 1827 5108 et
1858 5054 2055 5109 horum

478 5150 775 5206 puerorum
820 5137 1132 5202 infantium.
1174 5150 1227 5196 et
1272 5142 1440 5197 totius
1486 5145 1564 5197 tui
1610 5147 1871 5215 generis?
1909 5148 2056 5201 Dixit

476 5224 597 5293 ejus
627 5226 857 5281 maritus
889 5216 1017 5282 :Da
1049 5230 1184 5283 mihi
1221 5231 1457 5297 calceos,
1499 5240 1558 5288 et
1590 5234 1866 5305 ingrediar
1908 5238 2053 5292 viam

478 5328 509 5368 α
547 5329 631 5369 me
671 5316 1056 5374 desideratam.
1093 5320 1181 5374 Illa
1215 5337 1348 5377 vero
1380 5323 1484 5378 hoc
1527 5323 1659 5381 fecit
1681 5327 1963 5394 velociter,
1994 5338 2052 5384 et

476 5405 599 5459 laeta
643 5422 769 5461 eum
805 5408 1033 5465 dimisit.
1082 5412 1186 5479 Qui
1221 5428 1346 5478 cum
1386 5418 1686 5486 accepisset
1728 5419 1959 5484 calceos,
1996 5428 2052 5475 et

476 5511 537 5551 se
563 5508 713 5554 veste
741 5501 1026 5568 induisset,
1055 5514 1111 5558 et
1136 5504 1277 5560 duos
1303 5521 1442 5577 quos
1471 5508 1709 5564 habebat
1735 5509 1877 5566 filios
1908 5510 2052 5567 ulnis

475 5598 624 5645 esset
662 5594 965 5663 amplexus,
1001 5598 1155 5652 stetit
1201 5597 1270 5652 ad
1319 5599 1621 5666 Orientem,
1654 5609 1711 5655 et
1758 5599 2049 5656 Dominum

479 5683 776 5749 invocavit,
823 5694 880 5740 et
917 5686 1055 5741 dixit
1090 5705 1105 5742 :
1141 5689 1389 5755 Domine,
1438 5691 1583 5747 Deus
1619 5692 1779 5747 Pater
1797 5693 2052 5763 omnipo-

480 5781 623 5838 tens,
667 5783 723 5828 et
768 5776 997 5832 Domine
1031 5778 1159 5834 Jesu
1191 5779 1528 5863 Christe,_et
1569 5793 1754 5838 sancte
1788 5783 2046 5852 Spiritus,

2250 3390 2352 3443 ll".
2379 3389 2694 3460 Μαρδὰριος
2749 3390 2808 3442 δέ
2838 3408 2922 3453 τις
2960 3391 3122 3461 ἀνὴρ,
3164 3390 3385 3463 ίδιώτης
3427 3392 3527 3464 τὴν
3568 3395 3743 3468 τύχην

2164 3483 2257 3537 καὶ
2285 3484 2342 3536 ἐν
2365 3482 2672 3555 αὐταρκείᾳ
2700 3483 2854 3554 βιῶν,
2895 3479 3045 3537 οἷκον
3095 3483 3273 3554 ἑαυτῷ
3316 3491 3740 3553 κατασκευάσας

2168 3577 2228 3631 ὲν
2279 3578 2400 3639 ταῖς
2440 3575 2679 3646 ἡμέραις
2729 3576 2989 3640 ἐκείναις,
3040 3577 3246 3629 ἐσκεπε
3319 3579 3380 3631 τὸ
3443 3578 3739 3650 δωμάτιον.

2172 3670 2463 3734 ρἈτενίσας
2517 3670 2578 3723 δὲ
2628 3672 2710 3733 είς
2762 3670 2970 3732 πάντας
3011 3672 3137 3733 τοὺς
3166 3671 3383 3739 ἁγίους,
3421 3669 3528 3725 εἶδε
3574 3675 3741 3741 μέσον

2162 3765 2342 3819 αὐτῶν
2366 3764 2442 3828 ὡς
2470 3763 2745 3834 περιφανῆ
2786 3763 2993 3834 ἀστέρα
3038 3762 3131 3816 τὸν
3175 3766 3332 3832 άγιον
3378 3766 3732 3838 Εὐστράτιον,

2162 3858 2258 3910 καὶ
2285 3857 2422 3927 ταχὺ
2456 3854 2734 3909 κατελθὼν
2760 3859 2869 3909 ἀπδ
2904 3855 2999 3909 τοῦ
3042 3857 3327 3925 δωματίου
3386 3855 3510 3912 εἷπε
3538 3864 3600 3930 τῇ
3637 3879 3737 3930 γυ-

2160 3949 2310 4001 ναικὶ
2365 3948 2531 4002 αὑτοῦ
2595 3953 2660 4019 τῇ
2712 3949 3017 4019 Ἀρμενίων
3068 3949 3376 4021 διαλέκτῳ⁶
3442 3953 3629 4024 Ὁρᾷς,
3689 3949 3736 4006 ὧ

2161 4037 2345 4106 γύναι,
2395 4040 2489 4091 τὸν
2545 4038 2735 4108 κύρ.ον
2788 4039 2888 4108 τῆς
2949 4040 3281 4109 περιοικίδος
3313 4041 3499 4112 ἡμῶν,
3554 4045 3643 4096 τον
3678 4045 3733 4096 ἑν

2160 4129 2402 4201 τοσαύτῃ
2456 4130 2785 4200 περιφανείᾳ
2832 4131 3026 4197 γένους
3077 4132 3174 4184 καὶ
3206 4134 3508 4202 χρημάτων
3563 4135 3740 4208 ὑπάρ-

2163 4237 2347 4289 χοντα,
2400 4222 2496 4274 καὶ
2554 4225 2612 4274 ἐν
2654 4222 2958 4295 τηλικαύτῃ
3019 4225 3280 4293 στρατεία
3326 4226 3733 4296 διαπρέψαντα,

2162 4312 2277 4373 πῶς
2312 4312 2534 4366 πάντων
2567 4315 2966 4381 κατεφρόνησε,
3026 4315 3119 4367 καὶ
3150 4315 3296 4384 θῦμα
3329 4316 3730 4387 εὑπρόσδεκτον

2172 4403 2248 4473 τῷ
2277 4403 2394 4473 Θεῷ
2428 4404 2727 4472 ἀπέρχεται
2771 4408 3051 4472 γενέσθαι,
3085 4408 3172 4460 ἵνα
3204 4408 3298 4461 καὶ
3329 4410 3425 4479 τῆς
3473 4412 3713 4481 ἐπουρά-

2162 4494 2277 4547 viuu
2326 4496 2642 4566 καταξιωοῇ
2694 4496 3013 4565 βασιλείας;
3060 4500 3350 4570 Μακάριος
3395 4505 3603 4565 ἐκεῖνος
3649 4502 3734 4557 ὃτι

2157 4585 2253 4636 καὶ
2282 4585 2341 4637 ὲν
2364 4586 2440 4655 τῷ
2476 4586 2574 4655 βίῳ
2619 4588 2797 4657 τούτῳ
2822 4589 3057 4660 εὐτυχὴς
3092 4592 3187 4643 καὶ
3222 4592 3469 4657 ἐπίδοξος
3498 4595 3733 4665 ὑπῆρχε,

2159 4680 2255 4732 καὶ
2281 4679 2418 4749 πρὸς
2437 4678 2530 4732 τὸν
2558 4681 2839 4749 Δεσπότην
2869 4682 3027 4750 ἡμῶν
3055 4683 3293 4754 Χριστὸν
3350 4686 3598 4756 μεγάλην
3622 4689 3736 4753 ἔξει

2159 4769 2259 4841 τὴν
2289 4769 2624 4840 παρρησίαν,
2663 4772 2752 4823 καὶ
2798 4774 2938 4841 μετά
3004 4773 3256 4841 ἀγγέλων
3311 4780 3412 4847 τῆς
3452 4778 3734 4850 ἀφθάρτου

2156 4861 2515 4925 καταξιοῦται
2548 4863 2928 4928 ἀπολαύσεως.
2971 4866 3036 4919 Ἦ
3084 4868 3143 4921 δὲ
3186 4869 3325 4942 καλὴ
3373 4873 3556 4943 ἐκείνη
3598 4874 3735 4946 γυνὴ

2159 4953 2537 5022 ἀπεκρίνατο’
2595 4954 2910 5010 Γλυκύτατε
2950 4959 3104 5030 ἆνερ,
3160 4962 3214 5014 τί
3282 4964 3485 5018 κωλύει
3536 4966 3631 5019 καὶ
3676 4966 3737 5020 σε

2161 5043 2369 5113 φθάσαι
2397 5045 2587 5111 αὑτὸν,
2608 5049 2702 5099 καὶ
2727 5049 2827 5113 τὴν
2848 5049 3018 5120 αὐτὴν
3047 5050 3200 5122 αὐτῷ
3227 5055 3566 5125 πορευθῆναι
3585 5057 3729 5124 ὁδον,

2156 5136 2253 5190 καὶ
2271 5137 2370 5207 τῆς
2399 5137 2563 5207 ἁγίας
2588 5137 2894 5208 ἀξιωθῆναι
2931 5144 3053 5212 μετ’
3075 5143 3243 5198 αὐτοῦ
3268 5146 3621 5211 τελειώσεως,
3642 5149 3732 5202 ἴνα

2162 5228 2477 5299 προστάτης
2506 5228 2643 5303 γένῃ
2674 5231 2769 5284 καὶ
2820 5232 2979 5302 ἐμοῦ,
3006 5236 3102 5288 καὶ
3127 5235 3237 5289 τῶν
3270 5238 3489 5308 μικρῶν
3524 5238 3731 5294 τούτων

2160 5318 2391 5372 παιδίων
2423 5320 2516 5371 καὶ
2540 5319 2744 5382 παντὸς
2772 5322 2865 5374 τοῦ
2900 5325 3091 5392 γένους
3119 5342 3213 5380 σου
3239 5345 3256 5394 ;
3297 5328 3355 5381 '0
3377 5329 3433 5381 δὲ
3461 5330 3600 5401 ἀνὴρ
3630 5332 3735 5384 αὖ·

2158 5410 2256 5479 τῆς
2286 5407 2412 5463 εἷπε
2435 5424 2449 5441 ο
2483 5411 2583 5472 Δός
2615 5429 2706 5480 μοι
2736 5413 2803 5466 τὰ
2838 5413 3173 5488 ὑποδήματά
3216 5437 3341 5488 μου,
3396 5423 3492 5476 καὶ
3531 5421 3737 5491 πορεύ-

2161 5519 2325 5572 σομαι
2379 5504 2481 5574 τὴν
2530 5505 2981 5579 έπιθυμουμένην
3028 5526 3119 5579 μοι
3169 5513 3309 5568 ὀδόν.
3356 5515 3420 5567 Ἦ
3465 5515 3522 5568 δὲ
3591 5517 3730 5589 ταχὺ

2155 5595 2313 5650 τοῦτο
2337 5597 2586 5667 ἐποίησε,
2622 5598 2718 5650 καὶ
2752 5598 2894 5666 μετὰ
2931 5603 3110 5673 χαρᾶς
3155 5606 3515 5680 προέπεμψεν
3540 5609 3727 5664 αὐτόν.

2158 5690 2268 5743 Καὶ
2298 5688 2481 5743 λαϐὼν
2510 5689 2826 5759 ὑπεδήσατο
2845 5734 2860 5758 ,
2899 5695 2996 5746 καὶ
3040 5696 3397 5767 περιεϐάλετο
3426 5700 3486 5753 τὸ
3509 5701 3730 5769 ἱμάτιον

2155 5784 2345 5852 αὐτοῦ,
2372 5785 2465 5837 καὶ
2493 5782 2828 5855 περιπλέξας
2855 5788 2976 5849 ταῖς
3019 5788 3288 5855 ἀγκάλαις
3331 5789 3496 5845 αὐτοῦ
3522 5794 3589 5848 τὰ
3626 5793 3732 5846 ὐπ-
