4094 6384
416 298 517 359 43f

1240 304 1717 367 MARTYRIUM
1757 305 1818 365 S.
1859 304 2285 367 EUSTRATII
2326 308 2424 369 ET
2467 308 2889 373 SOCIORUM.

3570 306 3706 379 ίδῖ

414 414 658 485 ἄρχοντα
684 415 836 487 αὐτῷ
855 416 950 474 δύο
976 418 1167 484 τέκνα,
1204 421 1336 489 ἔστη
1368 419 1512 473 κατὰ
1561 417 1855 483 ἀνατολὰς,
1901 421 2001 474 καὶ

2102 434 2211 477 una
2232 420 2513 487 divinitas,
2545 439 2655 478 una
2686 425 2883 488 virtus,
2920 424 3185 481 miserere
3210 426 3319 482 mei
3353 430 3694 495 peccatoris;

417 506 802 562 ἐπεκαλέσατο
854 509 948 563 τὸν
999 510 1134 564 Θεδν
1183 513 1280 565 καὶ
1334 504 1528 563 εἶπεν·
1584 509 1837 563 Δέσποτα
1887 509 1993 562 Θεὲ

414 598 854 671 παντοκράτωρ,
889 602 984 656 καὶ
1010 602 1188 673 Κύριε
1233 601 1409 673 Ἰησοῦ
1449 600 1680 670 Χριστὲ,
1711 602 1811 655 καὶ
1836 600 1993 667 ἅγιον

412 687 659 760 Πνεῦμα,
699 691 800 761 μία
831 693 1046 762 θεὸτης,
1087 696 1187 763 μία
1230 693 1483 764 δύναμις,
1517 693 1745 762 ἐλέησόν
1792 710 1860 764 με
1900 692 1994 747 τὸν

412 780 760 851 ἁμαρτωλὸν,
795 786 889 837 καὶ
935 786 1375 858 σπλαγχνίσθητι
1439 786 1534 839 καὶ
1568 784 1864 840 ἁντιλαῦοῦ
1892 785 1993 853 τῆς

412 872 609 943 δούλης
636 892 755 942 σου,
782 878 880 930 καὶ
904 876 1014 933 τῶν
1037 878 1133 931 δύο
1154 877 1371 947 νηπίων
1382 878 1611 941 τούτων,
1630 880 1659 931 δ
1677 876 1993 947 προστάτης

409 966 523 1021 τῶν
554 967 765 1037 χηρῶν,
826 970 924 1022 καὶ
955 970 1143 1040 πατὴρ
1182 970 1294 1023 τῶν
1348 968 1624 1041 ὀρφανῶν.
1666 967 1809 1036 Ἐγὼ
1861 971 1992 1039 γὰρ,

410 1061 686 1125 Δέσποτα,
711 1061 852 1128 μετά
884 1062 1091 1131 πολλῆς
1119 1064 1219 1133 τῆς
1241 1061 1555 1133 προθυμίας
1579 1061 1819 1132 ἔρχομαι
1852 1061 1994 1130 πρὸς

411 1148 493 1203 σέ.
526 1152 635 1204 Καὶ
662 1152 836 1207 ταῦτα
866 1153 1059 1220 εἰπὼν,
1097 1155 1438 1224 κατεφίλησε
1474 1153 1543 1208 τὰ
1583 1153 1776 1207 παιδία
1817 1153 1986 1208 αὐτοῦ

2102 510 2368 567 miserere
2406 513 2622 569 ancillas
2658 524 2787 577 tute,
2827 524 2887 570 et
2923 530 3045 571 eam
3064 517 3310 586 suscipe,
3338 528 3396 571 ct
3423 518 3526 574 hos
3554 520 3694 575 duos

2101 599 2486 673 inlanteslqui
2510 619 2573 660 es
2600 604 2857 661 defensor
2887 606 3201 676 viduarum,
3228 618 3285 663 et
3311 620 3463 678 pater
3490 611 3694 679 orpha-

2103 709 2326 753 norum.
2359 695 2475 766 Ego
2520 695 2693 761 enim,
2726 698 2977 765 Domine,
3027 714 3151 755 eum
3205 716 3401 772 magno
3435 713 3491 757 ct
3522 703 3695 759 alacri

2097 786 2269 843 animi
2304 787 2490 845 studio
2518 788 2585 843 ad
2621 798 2673 844 te
2703 792 2885 846 venio.
2922 791 3051 846 Haec
3080 808 3210 848 cum
3243 795 3493 858 dixisset.
3526 810 3693 850 oscu-

2097 879 2244 937 latus
2273 888 2358 937 est
2390 896 2522 938 suos
2557 881 2719 946 ﬁlios,
2754 894 2809 939 et
2842 885 2984 941 disit
3011 904 3025 940 :
3057 886 3216 941 Salva
3256 888 3335 943 sis
3365 891 3587 951 mulier.
3624 899 3686 945 et

2100 969 2216 1025 noli
2240 970 2381 1026 allici
2411 971 2653 1037 tristitia.
2685 989 2789 1029 nec
2818 972 2908 1039 lle,
2940 976 3034 1029 sed
3058 975 3237 1043 gaude
3259 983 3314 1028 ct
3344 978 3578 1032 exs-ulta.
3610 977 3690 1032 Te

2099 1059 2249 1114 enim
2283 1068 2339 1114 et
2377 1061 2522 1117 ﬁlios
2569 1078 2721 1118 meos
2762 1072 2820 1118 ct
2864 1065 3102 1119 animam
3150 1066 3368 1136 depono
3418 1070 3475 1122 in
3523 1082 3693 1123 manu

2101 1152 2232 1211 boni
2261 1154 2359 1209 Dei
2391 1155 2587 1217 nostri.
2617 1155 2712 1225 qui
2746 1164 2926 1225 potest
2952 1159 3161 1213 omnia.

410 1243 508 1297 καὶ
538 1240 693 1297 εἶπεν
714 1261 729 1276 ο
769 1245 977 1311 Σώζου,
1021 1247 1216 1315 γύναι,
1255 1247 1330 1316 μὴ
1352 1244 1527 1299 λυποῦ
1586 1245 1721 1316 μηδὲ
1766 1244 1994 1315 δάκρυε,
2034 1242 2173 1298 ἀλλὰ
2205 1246 2365 1314 χαῖρε
2398 1246 2493 1300 καὶ
2566 1246 2834 1314 ἀγαλλὶα·
2904 1250 2962 1301 σὲ
2984 1251 3095 1320 γὰρ
3117 1251 3213 1305 καὶ
3238 1252 3308 1306 τὰ
3344 1253 3533 1307 παιδία
3556 1272 3689 1325 μου,

412 1342 503 1394 καὶ
532 1344 630 1412 τὴν
657 1342 837 1413 ψυχήν
873 1361 974 1413 μου
994 1381 1013 1408 ,
1044 1346 1125 1407 είς
1169 1346 1361 1414 χεῖρας
1420 1342 1769 1413 παρατίθημι
1799 1342 1894 1395 τοῦ
1928 1341 1997 1397 τὰ
2037 1342 2217 1396 πάντα
2254 1342 2560 1411 δυναμένου
2589 1342 2797 1411 ἀγαθοῦ
2826 1343 2962 1396 Θεοῦ
2992 1347 3172 1414 ἡμῶν.

485 1441 583 1493 ιΔν.
611 1440 721 1492 Καὶ
750 1440 925 1494 ταῦτα
951 1440 1146 1504 είπὼν,
1173 1439 1433 1509 δρομαῖος
1471 1439 1688 1510 ἐξῆλθε,
1736 1441 1828 1494 καὶ
1856 1441 1993 1509 πρὸς

407 1549 529 1585 τινα
562 1530 901 1601 Μουκάτορα
929 1530 1193 1598 τοῦνομα,
1248 1533 1308 1584 ἐν
1334 1533 1401 1601 τῇ
1441 1531 1869 1603 Ἀραυρακηνῶν
1893 1531 1991 1602 τὴν

410 1624 630 1694 οἴκησιν
663 1623 881 1693 ἔχοντα,
929 1624 1024 1675 καὶ
1081 1624 1436 1692 πρωτεύοντα
1489 1624 1549 1677 ἑν
1602 1624 1767 1693 αὐτῇ,
1820 1622 1991 1693 ἄνδρα

2174 1437 2313 1493 XIV.
2343 1438 2411 1492 Et
2439 1453 2565 1493 cum
2604 1438 2726 1493 [nec
2752 1438 3001 1502 dixisset,
3045 1442 3248 1496 cursim
3280 1450 3367 1498 est
3405 1459 3683 1513 egressus.

2058 1572 2063 1579 .
2098 1539 2156 1586 et
2194 1532 2348 1586 venit
2374 1531 2443 1585 ad
2474 1531 2767 1601 quemdam
2819 1532 3044 1587 nomine
3088 1534 3451 1601 Mucatorem,
3494 1539 3588 1608 qui
3630 1540 3686 1593 in

2099 1623 2322 1695 regione
2338 1625 2817 1681 Arauracenorutn
2845 1624 3085 1680 habebat
3107 1624 3598 1695 habitationetn,et
3628 1631 3683 1685 in

409 1715 685 1785 ἐπίσημον
726 1716 821 1768 καὶ
858 1715 1116 1768 πλούσιον
1150 1714 1317 1778 πάνυ,
1365 1711 1522 1786 ἦλθε,
1566 1716 1663 1768 καὶ
1710 1733 1987 1786 προσαγο-

2098 1731 2162 1770 ea
2188 1716 2475 1772 obtinebat
2506 1718 2714 1786 primas
2746 1726 2951 1786 partes,
2978 1725 3035 1771 et
3064 1725 3182 1772 erat
3209 1718 3293 1771 vir
3321 1721 3478 1774 valde
3505 1721 3691 1777 clarus

410 1806 612 1878 ρεύσας
634 1806 800 1860 αὐτὸν
833 1804 988 1860 εἶπεν
1009 1822 1023 1837 ·
1069 1808 1197 1861 Ἰδοὺ
1236 1805 1349 1874 ἐγὼ
1386 1806 1693 1877 πορεύομαι
1729 1808 1868 1878 πρὸς
1896 1808 1990 1861 τὸν

2095 1818 2152 1862 et
2179 1807 2364 1871 dives;
2403 1815 2458 1863 et
2500 1823 2624 1862 cum
2656 1823 2797 1863 eum
2847 1810 3161 1874 salutasset,
3194 1810 3336 1865 dixit
3365 1828 3382 1866 :
3412 1810 3553 1866 Ecce
3581 1828 3684 1883 ego

409 1900 562 1969 φίλον
590 1917 685 1953 σου
713 1900 807 1952 καὶ
840 1900 1113 1969 συγγενέα
1167 1900 1498 1970 Κυρισίκην,
1554 1900 1653 1953 καὶ
1696 1898 1794 1953 τοῦ
1847 1899 1986 1954 Θεοῦ

408 1988 677 2054 θέλοντος,
712 1990 926 2043 συνοδία
955 1989 1108 2057 αὑτῷ
1143 1990 1391 2060 γίνομαι,
1422 1989 1523 2043 καὶ
1551 1989 1672 2059 μετ’
1707 1990 1875 2045 αὐτοῦ
1895 1992 1987 2045 τὸν

404 2085 503 2152 τῆς
532 2082 817 2153 ἀθλήσεως
856 2083 1120 2153 ὑπομενῶ
1151 2082 1364 2149 ἀγῶνα.
1394 2083 1473 2139 Σὺ
1525 2081 1618 2135 οῦν
1650 2082 1813 2149 γενοῦ
1847 2084 1987 2152 μετὰ

398 2175 534 2228 Θεὸν
560 2174 663 2243 τῆς
696 2175 955 2245 γυναικός
994 2192 1098 2245 μου
1130 2175 1447 2244 προστάτης
1478 2180 1572 2228 καί
1617 2176 1728 2230 τῶν
1772 2176 1987 2231 τέκνων

403 2286 509 2337 μου
540 2270 599 2321 ὲν
629 2268 709 2339 τῷ
740 2268 837 2338 βίῳ
866 2269 1078 2338 τούτῳ,
1116 2269 1208 2320 καὶ
1244 2268 1553 2337 γενήσομαί
1584 2284 1669 2321 σοι
1700 2268 1857 2335 κάγὼ
1889 2271 1985 2337 ἑρ-

398 2359 579 2427 γάτης
605 2358 748 2428 ὑπὲρ
774 2357 983 2427 ταύτης
1019 2357 1119 2426 τῆς
1158 2356 1381 2427 χάριτος
1406 2358 1463 2408 ὲν
1487 2359 1553 2427 τῇ
1584 2359 1770 2427 ἡμέρα
1798 2359 1984 2430 ἐκείνῃ

399 2451 491 2504 ὅτε
525 2450 915 2519 Διταριστάμεθα
937 2448 1019 2518 τῷ
1057 2448 1196 2518 Θεῷ,
1230 2448 1325 2502 καὶ
1353 2448 1447 2501 τὸν
1492 2448 1689 2517 μισθὸν
1722 2449 1975 2519 ἀπολαμ-

399 2542 608 2605 ϐάνεις.
653 2542 714 2596 Ὀ
736 2543 791 2595 δὲ
820 2541 1059 2611 εὐλαϐὴς
1095 2542 1305 2603 ἐκεῖνος
1337 2539 1480 2609 ἀνὴρ
1523 2538 1710 2593 εἶπεν·
1744 2541 1987 2595 "ames

396 2636 457 2688 ὲν
489 2636 708 2706 εἰρήνῃ.
740 2634 958 2697 τέκνον,
982 2632 1083 2701 τὴν
1120 2630 1295 2700 καλὴν
1320 2633 1573 2699 πορείαν,
1594 2630 1692 2685 καὶ
1719 2631 1796 2700 μὴ
1819 2648 1986 2700 φρον-

396 2729 554 2801 τίσῃς
585 2730 715 2798 περὶ
753 2727 973 2792 τούτου,
1004 2725 1143 2779 ἀλλὰ
1195 2724 1490 2795 πλήρωσον
1529 2741 1621 2777 σου
1650 2724 1752 2795 τὴν
1792 2724 1988 2778 ἐπιθυ·-

403 2823 534 2890 μῐαν
566 2838 579 2853 ·
616 2822 714 2891 τῆς
748 2819 858 2888 γὰρ
887 2817 1148 2887 γυναικός
1203 2835 1235 2869 σ
1255 2835 1317 2870 ου
1369 2820 1713 2887 πνευματικῇ
1745 2817 1989 2871 διαθέσει

398 2914 600 2984 ἔσομαι
659 2913 822 2983 ἀνὴρ,
879 2913 975 2966 καὶ
1005 2912 1115 2964 τῶν
1144 2910 1375 2964 παιδίων
1406 2926 1503 2961 σου
1556 2910 1763 2979 πατήρ.
1796 2910 1985 2963 Ταῦτα

400 3008 647 3069 ἀκούσας
672 3008 700 3058 ὁ
724 3004 1046 3074 Μαρδάριος
1077 3002 1175 3055 καὶ
1227 2999 1639 3070 συνταξάμενος
1678 3001 1853 3071 αὐτῷ,
1880 3002 1984 3072 ήδη

2094 1896 2235 1950 vado
2259 1896 2328 1951 ad
2369 1897 2607 1952 amicum
2633 1909 2788 1952 tuum
2821 1908 2878 1952 et
2912 1908 3204 1968 cognatum
3253 1899 3574 1970 Cyrisicem,
3602 1911 3683 1970 et,

2092 1989 2208 2043 Deo
2239 1988 2480 2055 volente,
2513 2004 2612 2044 ero
2639 1991 2689 2045 ei
2722 2005 2908 2046 comes
2937 1991 2993 2045 in
3024 1992 3129 2056 via,
3153 2003 3209 2047 et
3238 2008 3364 2048 cum
3390 2010 3458 2048 co
3484 1995 3684 2052 subibo

2096 2080 2392 2136 discrimen
2443 2083 2781 2137 certaminis.
2834 2082 2917 2137 Tu
2971 2098 3103 2150 ergo
3151 2094 3272 2139 esto
3332 2096 3452 2155 post
3509 2088 3685 2142 Deum

2097 2172 2357 2228 defensor
2384 2189 2520 2228 meae
2576 2175 2784 2236 uxoris,
2826 2182 2883 2229 et
2924 2190 3173 2230 meorum
3218 2177 3457 2233 ﬁliorum
3490 2179 3544 2233 in
3580 2180 3683 2235 hac

2093 2267 2228 2331 vita,
2275 2274 2332 2320 et
2382 2282 2482 2336 pro
2528 2266 2630 2321 hac
2678 2268 2849 2337 gratia
2897 2284 2999 2339 ego
3047 2285 3269 2340 quoque
3312 2271 3414 2327 tibi
3455 2289 3680 2343 operam

2093 2356 2309 2411 navabo
2340 2357 2396 2410 in
2425 2358 2519 2412 illo
2551 2359 2663 2423 die,
2692 2360 2916 2429 quando
2941 2375 3126 2415 coram
3169 2364 3281 2416 Deo
3311 2363 3592 2428 sistentur.
3622 2379 3686 2421 ut

2100 2451 2412 2506 mercedem
2444 2452 2705 2522 accipias.
2739 2453 2889 2507 Dixit
2914 2469 3044 2511 vero
3075 2454 3160 2509 vir
3191 2455 3281 2509 ille
3306 2457 3431 2525 pius
3458 2474 3469 2511 ε
3499 2457 3601 2513 Abi
3628 2460 3685 2511 in

2094 2553 2252 2609 pace,
2291 2541 2366 2595 ﬁli
2411 2541 2507 2605 mi,
2539 2549 2598 2597 et
2637 2542 2929 2611 pulchrum
2967 2545 3071 2598 hoc
3118 2544 3223 2599 iter
3261 2546 3488 2608 conﬁce.
3524 2556 3683 2602 etne

2094 2634 2163 2688 de
2190 2649 2260 2689 eo
2292 2634 2368 2689 sis
2405 2634 2698 2696 sollicitus.
2735 2635 3071 2690 satisfaciam
3104 2645 3200 2693 tuo
3245 2639 3549 2706 desiderio;
3583 2655 3682 2695 ero

2093 2731 2241 2782 enim
2293 2727 2529 2797 spiritali
2576 2727 2873 2805 all‘ectione
2920 2729 3111 2785 uxoris
3167 2742 3273 2784 tua:
3328 2733 3577 2796 maritus,
3627 2742 3684 2787 ct

2095 2829 2253 2889 pater
2284 2827 2502 2874 tuorum
2534 2816 2799 2874 ﬁliorum.
2832 2818 2926 2873 His
2958 2820 3183 2888 auditis,
3216 2822 3521 2876 Mardarius
3553 2838 3679 2877 cum

2094 2910 2145 2965 ei
2205 2909 2593 2976 valedixissct,
2649 2912 2758 2981 jam
2809 2909 2878 2965 de
2924 2920 3128 2966 caetero
3177 2928 3347 2983 prope
3394 2915 3681 2969 castellum

2093 3004 2245 3059 venit
2288 3005 2353 3059 ad
2385 3015 2625 3066 sanctos,
2675 3015 2733 3060 et
2765 3005 2846 3059 sic
2891 3007 3109 3060 vocavit
3155 3018 3404 3061 sanctum
3454 3008 3682 3063 Eustra-

396 3103 592 3157 λοιπὸν
620 3102 852 3174 πλησίον
880 3100 974 3154 τοῦ
998 3101 1240 3170 κὰστρου
1273 3098 1479 3168 ἔφθασε
1505 3101 1632 3160 τοὺς
1655 3098 1868 3165 ἁγίους,
1889 3100 1984 3152 καὶ

2089 3098 2229 3152 tium
2264 3116 2277 3152 :
2313 3097 2543 3151 Domine
2574 3096 2842 3167 Cyrisice,
2878 3097 3158 3168 quomodo
3199 3100 3321 3155 ovis
3347 3100 3575 3170 simplex
3607 3102 3677 3157 ad

395 3196 628 3249 ἐκάλεσε
660 3196 754 3248 τὸν
807 3195 968 3262 ἆγιον
1030 3194 1372 3264 Εὐστράτιον
1429 3190 1610 3245 οῦτωο
1666 3193 1981 3245 Δεσπόσυνε

395 3288 702 3359 Κυρισίκη,
739 3287 815 3350 ὡς
848 3285 1123 3357 πρόϐατον
1152 3286 1361 3340 ἄκακον
1391 3284 1530 3355 πρὸς
1558 3284 1652 3337 τὸν
1688 3284 1822 3338 ἴδιον
1866 3300 1986 3337 ποι-

400 3383 538 3451 μένα
560 3382 769 3450 τρέχει,
802 3378 945 3431 οὕτω
971 3376 1131 3445 κάγὼ
1154 3372 1323 3448 ἦλθον
1351 3377 1492 3446 πρὸς
1523 3377 1609 3439 σὲ,
1648 3377 1820 3431 θέλων
1849 3376 1981 3445 ὑμῖν

398 3470 745 3525 συνοδεῦσαι.
773 3470 939 3535 Δέξαι
971 3465 1066 3523 οὗν
1096 3485 1187 3539 με,
1216 3468 1315 3522 καὶ
1344 3469 1878 3540 συγκαταρίθμησον
1908 3470 1978 3539 τῇ

393 3564 529 3633 ἁγία
559 3579 657 3615 σου
684 3560 926 3631 συνοδίᾳ,
964 3560 1062 3615 καὶ
1099 3561 1446 3629 προσάγαγε,
1507 3560 1559 3613 εί
1601 3560 1698 3615 καὶ
1730 3561 1981 3626 ἀνάξιον,

398 3657 662 3725 μάρτυρα
689 3654 766 3723 τῷ
801 3653 1055 3724 Δεσπότῃ
1094 3652 1346 3723 Χριστῷ.
1402 3654 1514 3705 Καὶ
1557 3652 1737 3707 ταῦτα
1790 3652 1981 3717 εἰπὼν,

395 3748 593 3818 ἑὸόησε
621 3750 774 3817 φωνῇ
808 3747 1021 3817 μεγάλῃ
1050 3747 1228 3814 λέγων
1253 3763 1270 3779 ο
1302 3745 1630 3816 Χριστιανός
1653 3749 1772 3814 είμι
1796 3743 1977 3814 κάγὼ,

394 3839 470 3901 ὡς
505 3838 602 3891 καὶ
648 3839 678 3891 ὸ
728 3837 916 3907 κύριός
971 3854 1074 3905 μου
1128 3836 1488 3905 Εὐστράτιος.
1516 3836 1840 3901 Ἀκούσατε,
1879 3838 1981 3889 ὐπ-

395 3932 591 4002 ηρὲται
620 3931 720 3984 τοῦ
745 3930 1024 3995 διαὸόλου,
1061 3929 1368 3982 ἀκούσατε.
1414 3927 1551 3980 Τότε
1584 3927 1982 3995 συλλαϐόμενοι

394 4024 560 4076 αὑτὸν
580 4026 631 4077 oi
658 4022 1015 4092 στρατιῶται,
1044 4022 1346 4091 συνέδησαν
1371 4021 1485 4082 τοῖς
1524 4019 1734 4082 λοιποῖς
1772 4020 1978 4088 ἁγίοις,

395 4116 493 4169 καὶ
532 4114 930 4185 καθείρξαντες
950 4105 1012 4168 ’ὲν
1033 4114 1111 4183 τῷ
1135 4114 1360 4181 κάστρῳ
1384 4116 1442 4165 ἐν
1462 4110 1703 4182 δημοσίᾳ
1734 4111 1980 4182 φυλακῇ,

398 4209 710 4277 ἀνήνεγκαν
734 4208 984 4278 καὶπερὶ
1013 4207 1180 4261 αὐτοῦ
1217 4205 1293 4275 τῷ
1328 4205 1504 4259 δουκί.

384 4326 392 4361 ε
468 4300 571 4355 1Ε’.
616 4300 759 4355 Κατ’
783 4301 954 4370 αὐτὴν
985 4300 1042 4353 δὲ
1072 4300 1172 4370 τὴν
1210 4298 1360 4368 ὥραν
1390 4297 1581 4369 ὥσπερ
1604 4297 1745 4351 λέων
1776 4295 1982 4368 βρύξας

395 4394 659 4447 ἐκάθισεν
693 4394 774 4456 είς
812 4394 914 4463 τὴν
965 4392 1237 4458 ἐξέτασιν.
1283 4391 1395 4443 Καὶ
1452 4389 1836 4457 ὑποϐαλοῦσης
1874 4387 1980 4457 τῆς

2087 3190 2378 3260 proprium
2413 3189 2593 3245 currit
2640 3201 2940 3260 pastorem,
2982 3192 3057 3245 ita
3090 3207 3193 3263 ego
3235 3208 3456 3262 quoque
3499 3193 3566 3247 ad
3602 3202 3676 3259 te,

2086 3284 2282 3338 volens
2307 3299 2429 3339 esse
2458 3283 2616 3339 vobis
2643 3283 2700 3339 in
2726 3284 2814 3339 via
2846 3299 3054 3339 comes.
3086 3285 3169 3339 Me
3198 3301 3328 3355 ergo
3355 3286 3595 3356 suscipe,
3620 3297 3680 3342 et

2086 3376 2253 3439 refer,
2280 3375 2408 3430 licet
2434 3375 2747 3446 indignum,
2772 3377 2827 3431 in
2852 3392 3145 3431 numerum
3171 3378 3345 3433 sancti
3372 3378 3450 3433 tui
3475 3386 3681 3447 coetus,

2083 3477 2139 3521 et
2173 3467 2355 3522 adduc
2403 3483 2512 3534 me,
2560 3468 2665 3523 etsi
2713 3468 3025 3540 indignum,
3077 3479 3272 3524 testem
3318 3467 3539 3525 Christo
3571 3471 3687 3526 Do-

2085 3561 2259 3614 mino.
2290 3560 2360 3615 Et
2388 3560 2505 3616 haec
2535 3575 2661 3615 cum
2692 3560 2945 3624 dixisset,
2996 3562 3254 3616 clamavit
3295 3576 3431 3617 voce
3461 3577 3676 3633 magna,

2084 3648 2278 3704 dicens
2311 3666 2326 3705 :
2361 3651 2475 3721 Ego
2508 3667 2729 3721 quoque
2763 3668 2885 3707 sum
2918 3651 3290 3716 Christianus,
3319 3654 3464 3709 sicut
3512 3654 3682 3709 etiam

2085 3741 2345 3798 dominus
2388 3759 2543 3799 meus
2569 3744 2900 3799 Eustratius.
2924 3746 3148 3811 Audite,
3181 3746 3416 3800 ministri
3448 3745 3675 3810 diaboli,

2084 3833 2296 3888 audite.
2322 3834 2478 3890 Tunc
2506 3851 2631 3890 cum
2664 3837 2844 3905 ipsum
2872 3836 3073 3891 milites
3100 3836 3672 3906 comprehcndissent,

2084 3922 2410 3992 colligatum
2443 3940 2567 3978 cum
2605 3926 2833 3994 reliquis
2863 3926 3089 3990 sanctis,
3116 3938 3172 3980 et
3204 3942 3327 3980 cum
3362 3926 3418 3980 in
3450 3925 3680 3980 castello

2082 4029 2210 4069 cum
2260 4015 2627 4085 conjecissent
2678 4017 2731 4069 in
2781 4016 3059 4085 publicam
3120 4016 3451 4083 custodiam,
3495 4017 3564 4073 de
3607 4031 3683 4072 eo

2084 4120 2306 4175 quoque
2341 4106 2408 4159 ad
2446 4106 2643 4161 ducem
2683 4106 3016 4162 retulerunt.

2154 4285 2268 4341 XV.
2302 4285 2416 4339 Hac
2454 4283 2571 4352 ipsa
2601 4293 2783 4339 autem
2810 4284 2968 4348 hora,
2998 4292 3261 4354 tanquam
3305 4285 3394 4341 leo
3427 4287 3670 4359 rugiens,

2083 4377 2228 4432 sedit
2264 4376 2332 4430 ad
2383 4374 2869 4441 exanimationem,
2918 4384 2976 4429 et
3020 4390 3121 4445 pro
3165 4390 3320 4430 more
3365 4376 3679 4433 adducente

391 4486 606 4550 τάξεως
650 4490 792 4539 κατὰ
837 4486 898 4538 τὸ
950 4486 1206 4557 σύνηθες,
1244 4482 1531 4552 προσήχθη
1589 4484 1794 4550 γυμνὸς
1831 4497 1979 4550 σχοι-

2088 4469 2316 4525 cohorte
2355 4468 2706 4531 delictorum,
2756 4467 3030 4523 adductus
3072 4478 3159 4524 est
3196 4468 3401 4536 nudus,
3447 4470 3680 4525 funibus

394 4576 527 4638 νίοις
592 4577 958 4646 κατεχόμενος
988 4576 1088 4638 τὰς
1139 4578 1329 4645 χεῖρας
1379 4576 1408 4626 ὁ
1462 4575 1619 4640 ἆγιος
1664 4573 1978 4638 Αὐξέντιος,

393 4669 769 4739 παρεστώτων
839 4668 949 4723 τῶν
1021 4669 1196 4737 ἁγίων
1266 4668 1361 4720 καὶ
1429 4668 1682 4735 ὁρώντων
1749 4665 1979 4731 ἕκαστα,

394 4763 494 4816 καὶ
547 4763 683 4832 ἔστη
745 4761 958 4832 φαιδρῷ
1009 4761 1087 4832 τῷ
1142 4759 1444 4831 προσώπῳ.
1508 4758 1569 4811 '0
1617 4758 1741 4824 δοὺξ
1787 4752 1979 4810 εἶπεν

395 4857 681 4924 Δὺξέντιε,
719 4856 870 4925 ἡμᾶς
902 4856 1003 4923 μὲν
1046 4854 1229 4906 κόπων
1261 4850 1645 4914 ἀπαλλάττων,
1690 4848 1886 4900 σαυτὸν
1923 4845 1981 4898 δὲ

395 4947 675 5017 σωτηρίας
703 4944 893 5011 ἀξιῶν,
930 4943 1026 4996 νῦν
1062 4942 1193 5010 γοῦν
1215 4938 1450 5003 δίδαξον,
1483 4941 1531 4990 εἰ
1583 4938 1683 5007 τῆς
1735 4934 1979 5005 ματαίας

392 5040 612 5109 ἐκείνης
657 5044 752 5089 καὶ
803 5034 1059 5106 ὀλεθρίας
1093 5050 1179 5087 σοι
1212 5033 1457 5101 ἀπέστης
1510 5028 1845 5093 ὲνστάσεως,
1884 5026 1982 5079 καὶ

400 5133 469 5200 τῇ
502 5129 614 5183 τῶν
644 5127 787 5184 θεῶν
808 5128 1090 5199 ᾠκείωσαι
1119 5123 1477 5195 εὐμενείᾳ.⁹()
1510 5124 1668 5190 ἅγιος
1697 5121 1982 5187 Δύξὲντιος

390 5216 552 5274 εἶπεν
575 5238 590 5252 ’
621 5221 918 5291 Συντόμως
943 5222 1203 5281 ἄκουσον,
1232 5211 1280 5270 ὧ
1318 5217 1519 5282 Λυσία,
1538 5214 1750 5286 ὄμνυμί
1774 5231 1855 5267 σοι
1882 5213 1982 5283 τὴν

392 5311 593 5380 εφορον
620 5309 804 5379 δίκην,
848 5306 927 5371 ὡς
976 5305 1322 5378 ἀμετάθετός
1363 5303 1464 5375 μού
1494 5305 1642 5357 ἐστιν
1688 5304 1721 5373 ἡ
1760 5301 1978 5372 γνώμη.

397 5401 496 5455 καὶ
523 5400 623 5456 ἕνα
679 5400 818 5453 Θεὸν
857 5396 976 5454 οῖδα
1001 5399 1099 5453 καὶ
1127 5399 1293 5454 αὑτὸν
1359 5396 1613 5466 σέϐομαι,
1642 5395 1748 5448 κᾶν
1779 5393 1980 5465 μυρίας

393 5493 565 5554 ius;
593 5492 887 5565 ἂπαγάγῃς
923 5508 1017 5564 μοι
1056 5490 1275 5562 πληγὰς
1311 5490 1406 5544 καὶ
1436 5489 1734 5560 τιμωρίας,
1760 5489 1982 5557 μείζους

392 5587 507 5638 τῶν
529 5586 700 5639 πάλαι
732 5601 825 5655 μοι
854 5581 1280 5654 ἐπενεχθεισῶν,
1336 5581 1442 5635 κᾶν
1473 5581 1682 5654 σιδήρῳ
1713 5582 1812 5634 καὶ
1846 5582 1983 5650 πυρὶ

393 5676 793 5749 καταναλώσης
829 5694 918 5749 με,
964 5678 1068 5731 οὐκ
1091 5675 1159 5730 ἄν
1193 5691 1299 5747 μου
1333 5674 1556 5745 κάμψαι
1580 5673 1673 5728 τὸν
1715 5673 1980 5744 λογισμὸν

398 5769 683 5837 lanient:
734 5787 921 5850 ποτεη
952 5767 1271 5850 Τδλοιπὺν,
1307 5764 1499 5826 ποίειδ
1542 5765 1738 5833 θέλεις.
1776 5766 1913 5821 Τότε
1949 5767 1979 5822 ὸ

2084 4576 2282 4615 manus
2326 4559 2536 4615 habens
2577 4559 2794 4613 vinctas
2830 4570 3057 4615 sanctus
3097 4559 3427 4625 Auxentius,
3463 4560 3679 4615 sanctis

2083 4652 2410 4717 astantibus,
2454 4662 2512 4706 et
2542 4651 2757 4721 singula
2804 4652 3145 4707 videntibus.
3178 4652 3248 4707 Et
3289 4652 3473 4706 adhuc
3515 4652 3675 4707 vultu

2082 4744 2208 4799 lmto
2251 4745 2363 4798 dux
2397 4744 2579 4813 inquit
2621 4761 2635 4798 :
2670 4745 2930 4807 Auxenti,
2962 4759 3065 4798 nos
3102 4744 3326 4813 quidem
3374 4744 3615 4798 libemus
3638 4757 3675 4795 a.

2082 4836 2387 4901 laboribus,
2436 4844 2487 4889 te
2518 4846 2702 4890 autem
2751 4836 2929 4889 salute
2966 4835 3193 4904 dignum
3229 4848 3489 4900 censeris,
3521 4846 3675 4886 nunc

2081 4932 2275 4987 saltem
2311 4930 2471 4995 doce,
2500 4944 2569 4983 an
2603 4944 2635 4982 a
2666 4944 2802 4982 vana
2850 4928 2940 4981 illa
2982 4935 3039 4982 et
3086 4927 3182 4982 tibi
3230 4927 3540 4993 perniciosa
3574 4926 3678 4980 de-

2083 5024 2293 5078 stiteris
2322 5021 2654 5092 pervicacia,
2682 5030 2739 5075 et
2772 5036 2900 5074 cum
2931 5021 3037 5073 diis
3069 5019 3301 5073 redieris
3328 5018 3385 5071 in
3414 5018 3671 5088 gratiam.

2085 5117 2322 5172 Sanctus
2359 5115 2501 5170 dixit
2543 5114 2852 5169 Auxentius
2902 5129 2919 5167 :
2967 5112 3169 5167 Paucis
3210 5110 3361 5174 audi,
3407 5124 3441 5163 ο
3484 5107 3674 5179 Lysia,

2078 5209 2206 5278 iuro
2242 5208 2341 5264 tibi
2377 5222 2524 5271 eam,
2559 5222 2681 5276 quae
2719 5212 2918 5275 praeest
2943 5215 3001 5258 et
3031 5203 3219 5256 omnia
3248 5200 3468 5270 aspicit,
3509 5197 3675 5269 justi-

2084 5301 2240 5364 tiam,
2286 5316 2409 5356 esse
2441 5299 2577 5353 mihi
2620 5305 2859 5352 mentem
2911 5292 3332 5355 immutabilem,
3382 5284 3672 5359 unumque

2083 5394 2255 5449 Deum
2295 5408 2384 5449 me
2424 5404 2586 5446 nosse
2616 5398 2674 5444 et
2707 5390 2887 5458 ipsum
2916 5385 3121 5451 colere,
3155 5383 3377 5439 etiamsi
3415 5383 3671 5437 innume-

2083 5487 2287 5543 rabiles
2327 5486 2463 5540 alias
2505 5483 2642 5538 mihi
2684 5481 2869 5551 plagas
2915 5475 3247 5547 imposueris
3274 5485 3334 5531 et
3366 5473 3671 5535 cruciatus,

2084 5583 2320 5652 majores
2341 5579 2429 5645 iis,
2451 5576 2546 5648 qui
2565 5576 2677 5647 jam
2701 5575 2916 5647 pridem
2938 5571 3077 5628 mihi
3103 5579 3235 5626 sunt
3256 5568 3428 5633 illati;
3449 5563 3671 5622 etiamsi

2084 5687 2174 5726 me
2203 5669 2620 5735 [ει-τορεύειωεί
2650 5683 2738 5723 me
2770 5667 2897 5739 igne
2923 5664 3356 5734 consumpseris,
3381 5668 3668 5728 nunquam

2085 5764 2294 5832 poteris
2327 5776 2505 5820 meam
2548 5760 2773 5820 ﬂectere
2805 5757 3217 5830 cogitationem.
3246 5755 3323 5813 De
3351 5762 3552 5811 cetero
3576 5747 3674 5822 [ac
