4102 6376
399 283 505 347 483

1639 263 1924 328 MENSIS
1965 255 2392 325 DECEMBER.

3556 247 3655 314 εει

398 393 544 464 quod
589 391 746 447 velis.
797 389 953 444 Tunc
998 383 1109 440 dux
1161 377 1541 452 pronuntiavit
1585 379 1915 433 sententiam
1959 395 1972 432 :

2090 373 2208 438 Βοὺξ
2251 371 2604 442 ἀπεφήνατοσ
2660 367 2976 432 Αύξέντιος,
3033 366 3061 418 ὁ
3119 364 3255 434 μετᾶ
3308 363 3512 428 πολλὸς
3561 370 3658 418 τὰς

401 484 728 546 Auxentius,
759 480 852 549 qui
889 489 1012 547 post
1057 475 1228 530 multa
1258 481 1531 528 tormenta
1575 484 1632 528 et
1672 473 1973 537 cruciatus,

399 577 565 629 etiam
608 588 755 627 nunc
784 578 1073 640 permanet
1106 569 1158 621 in
1191 582 1287 621 sua
1318 566 1620 635 perniciosa
1649 564 1976 634 ignorantia,

401 681 500 735 per
520 667 568 717 ei
597 674 840 731 paratam
869 661 1033 727 gladii
1063 659 1521 728 ampmationem,
1547 658 1778 711 ferream
1802 670 1978 721 suam,

400 765 457 810 et
485 771 606 824 qua:
645 753 845 807 molliri
879 769 987 806 non
1026 760 1226 821 potest,
1260 750 1447 816 perdat
1475 749 1739 812 animam,
1769 752 1824 801 in
1857 747 1980 801 loco

402 849 587 916 aliquo
631 860 924 900 nemoroso
950 856 1007 898 ct
1035 845 1253 898 deserto
1285 841 1449 895 ﬁnem
1490 841 1655 910 hujus
1697 839 1982 894 sententia:

402 942 700 1009 accipiens,
753 947 815 992 ut
858 939 1002 1009 jusla
1051 935 1333 1004 sepultura
1380 931 1568 986 infelix
1615 934 1736 1001 ejus
1783 946 1983 1001 corpus

403 1043 619 1091 careat;
657 1031 749 1100 qui
783 1039 965 1084 autem
996 1043 1164 1082 ausus
1205 1035 1287 1079 est
1333 1039 1391 1080 se
1426 1040 1601 1093 nuper
1646 1025 1980 1093 reliquorum

403 1123 570 1178 coetui
605 1122 921 1191 adiungi-re,
967 1119 1300 1187 perducatur
1345 1116 1397 1168 in
1433 1114 1696 1178 medium,
1729 1114 1982 1168 celeriter

405 1221 806 1266 consecuturus
839 1210 1126 1273 honorem,
1159 1207 1252 1276 qui
1282 1206 1350 1260 ab
1379 1220 1447 1258 eo
1481 1205 1802 1273 requiritur.

475 1393 617 1448 XVI.
649 1393 910 1448 Sanctum
943 1405 1074 1443 vero
1103 1387 1438 1442 Mardarium
1469 1383 1811 1440 solventibus
1838 1381 1982 1436 mili-

406 1488 552 1542 tibus
577 1487 645 1540 ab
668 1485 717 1540 ei
750 1485 1017 1553 impositis
1042 1480 1362 1545 collarihus,
1394 1480 1482 1533 hic
1507 1479 1700 1532 beatus
1724 1476 1977 1530 dicebat:

406 1579 635 1631 Domine
669 1576 740 1630 mi
770 1575 1060 1643 (Iyrisices,
1084 1587 1178 1624 ora
1210 1587 1307 1640 pro
1338 1585 1446 1629 tne.
1475 1583 1604 1637 rogo
1635 1577 1722 1631 te;
1757 1575 1812 1619 et
1845 1565 1980 1620 doce

404 1687 512 1733 me,
536 1669 668 1738 quid
696 1684 816 1720 sum
845 1679 1212 1734 responsurus
1239 1663 1365 1715 huic
1385 1661 1618 1715 exitioso
1641 1669 1696 1713 et
1721 1657 1979 1728 pestifero

404 1737 634 1822 homini,
668 1774 733 1811 ne
784 1773 868 1810 me
918 1767 1176 1824 tanquam
1225 1761 1493 1822 agrestem
1539 1758 1595 1803 et
1643 1750 1986 1802 illitteratum
2019 1737 2060 1790 Β

405 1853 685 1908 hominem
753 1850 980 1904 irrideat
1042 1850 1295 1900 immanis
1354 1845 1455 1898 iste
1514 1843 1696 1910 lupus.
1748 1839 1981 1894 Sanctus

403 1959 586 1999 autem
622 1943 673 1995 ei
715 1943 853 1995 dixit
898 1941 1208 1994 Eustratius
1241 1953 1255 1989 :
1293 1937 1388 1990 Die
1419 1935 1598 1988 solum
1642 1941 1978 1992 constanter,

404 2039 574 2091 frater
605 2037 676 2090 nti
729 2034 996 2088 Mardari:
1031 2032 1162 2085 Sum
1207 2027 1572 2090 Christianus,
1614 2040 1734 2078 sum
1773 2022 1976 2078 Christi

404 2145 620 2189 servus,
663 2139 719 2181 et
767 2129 902 2180 nihil
954 2123 1101 2177 aliud
1142 2121 1495 2188 respondeas,
1529 2121 1571 2172 si
1606 2116 1739 2186 quid
1788 2123 1980 2169 contra

405 2218 550 2270 dicat
599 2225 693 2268 aut
742 2214 924 2266 faciat.
963 2213 1098 2265 Cum
1149 2224 1280 2261 vero
1328 2218 1475 2261 esset
1509 2207 1800 2269 adductus,
1844 2204 1982 2257 dixit

405 2309 606 2361 cohors
638 2323 651 2358 :
677 2307 848 2360 Adest
877 2302 1204 2357 Marilarius.
1235 2301 1350 2352 Dux
1378 2300 1514 2352 dmt
1545 2298 1685 2361 :Qui
1717 2312 1774 2350 se
1807 2309 1982 2364 nuper

407 2399 632 2452 tradidit
680 2396 1119 2464 interrogationi,
1154 2395 1199 2446 is
1224 2407 1424 2446 nomen
1465 2392 1680 2452 doceat,
1714 2388 1976 2448 studium,

405 2508 526 2561 qua:
560 2505 686 2544 eum
737 2490 861 2541 tulit
901 2487 1152 2556 patriam,
1199 2482 1593 2542 conditionem,
1628 2487 1684 2532 et
1728 2492 1978 2546 quaenam

405 2585 478 2638 sit
507 2598 555 2635 ei
590 2581 799 2648 religio.
847 2578 1152 2630 Alaidarius
1195 2576 1333 2627 dixit
1377 2590 1391 2627 :
1435 2573 1565 2627 Sum
1613 2570 1980 2624 Christianus.

405 2675 542 2728 Cum
577 2683 760 2726 autem
798 2682 1085 2738 rugaretur
1119 2668 1187 2720 ab
1221 2664 1649 2734 apparitoribus,
1685 2673 1743 2715 ut
1777 2662 1984 2715 diceret

405 2782 631 2829 nomen,
679 2774 734 2818 et
777 2763 1176 2818 conditionem,
1209 2768 1264 2811 et
1307 2758 1561 2826 patriam,
1617 2753 1984 2824 perseveravit

404 2859 640 2911 clamare
675 2874 686 2906 :
719 2854 850 2908 Sum
884 2853 1254 2906 Christianus.
1285 2849 1346 2902 tit
1379 2863 1503 2901 cuin
1541 2848 1632 2899 diu
1675 2855 1981 2916 rogaretur,

405 2949 545 3003 nihil
593 2947 738 3002 aliud
788 2947 926 3000 dixit
957 2946 1057 2999 nisi
1110 2946 1309 3006 solum,
1349 2941 1480 2996 Sum
1525 2940 1726 2994 Christi
1770 2953 1981 2994 servus.

2083 467 2351 537 βασάνους
2381 465 2476 516 καὶ
2503 461 2776 531 τιμωρίας
2803 462 2898 513 καὶ
2931 458 3026 512 νῦν
3054 461 3111 510 ὲν
3137 460 3200 528 τῇ
3232 457 3463 527 ὀλεθρίῳ
3486 457 3654 510 αὑτοῦ

2083 560 2364 628 ἐπιμένων
2400 557 2581 626 ἀνοίᾳ,
2619 555 2708 607 διὰ
2761 554 2862 623 τῆς
2909 550 3308 621 ταμιευθείσης
3362 550 3507 618 αὐτῷ
3555 549 3660 601 ὑπὸ

2080 651 2176 703 τοῦ
2209 650 2398 718 ξίφους
2430 649 2678 717 ἐκκοπῆς
2707 647 2809 717 τὴν
2857 646 3116 715 σιδηρέαν
3147 643 3312 696 αὑτοῦ
3368 639 3464 696 {at
3508 643 3661 710 ἀμει-

2081 749 2265 800 λικτον
2300 746 2585 798 ἀπολέσειε
2609 743 2810 814 ψυχήν,
2838 745 2895 797 ὲν
2943 742 3095 812 τόπῳ
3151 743 3260 793 τινὶ
3286 740 3546 793 κατάλσει
3568 740 3660 792 καὶ

2084 840 2278 908 ἐρήμῳ
2310 837 2413 904 τῆς
2439 835 2702 905 τοιαύτης
2755 835 2940 904 ψήφου
2967 833 3066 903 τὴν
3096 834 3405 903 περαίωσιν
3439 832 3662 901 δεχόμε-

2083 947 2194 994 νος,
2223 931 2372 990 ὅπως
2398 929 2497 998 τῆς
2529 929 2925 996 νενομισμένης
2956 926 3136 994 ταφῆς
3164 925 3225 975 τὸ
3251 923 3512 991 δύστηνον
3567 923 3661 975 αύ-

2084 1023 2177 1076 τοῦ
2225 1021 2546 1092 ἀμοιρήσειε
2603 1019 2784 1088 σῶμα.
2832 1019 2892 1071 ’0
2925 1018 2980 1070 δέ
3023 1033 3083 1084 γε
3119 1017 3322 1086 ἀρτίως
3378 1016 3661 1086 θαρρήσας

2085 1115 2366 1168 ἐπιδοῦναι
2399 1112 2595 1166 ἑαυτὸν
2635 1114 2701 1180 τῇ
2749 1111 2859 1162 τῶν
2888 1110 3097 1162 λοιπῶν
3133 1108 3345 1178 δημίων
3399 1109 3659 1178 συλλογῇ,

2083 1209 2308 1278 ἀχθήτω
2335 1207 2416 1269 εἰς
2443 1206 2504 1258 τὸ
2539 1205 2728 1275 μέσον,
2775 1202 3106 1273 τευξόμενος
3144 1203 3201 1255 ἐν
3223 1203 3378 1271 τάχει
3408 1201 3503 1270 τῆς
3537 1201 3661 1250 ἐπι-

2083 1298 2425 1368 ζητουμένης
2452 1296 2603 1367 αύτῷ
2625 1295 2814 1364 τιμῆς.

2153 1389 2272 1457 ις’.
2308 1389 2431 1442 Τῶν
2460 1389 2516 1441 δὲ
2549 1384 2896 1458 στρατιωτῶν
2918 1385 3158 1438 λυόντων
3189 1386 3280 1437 τὸν
3312 1385 3468 1452 ἆγιον
3503 1382 3662 1453 Μαρ-

2081 1481 2271 1553 δάριον
2295 1480 2404 1534 τῶν
2432 1479 2843 1550 περικειμένων
2865 1476 3016 1547 αὑτῴ
3049 1477 3266 1540 κλοιῶν,
3309 1479 3336 1529 ὁ
3389 1478 3660 1545 μακάριος

2083 1569 2206 1626 εἷπε
2227 1589 2240 1604 ο
2283 1569 2452 1642 Κύριέ
2478 1587 2581 1639 μου
2608 1565 3092 1638 Κυρισίκη,·εὗξαι
3117 1569 3256 1635 ὑπὲρ
3288 1567 3445 1636 ἐμοῦ,
3466 1565 3658 1634 δέομαι

2087 1682 2205 1728 σου,
2240 1665 2338 1717 καὶ
2391 1662 2606 1726 δίδαξόν
2657 1679 2724 1732 με
2757 1663 2811 1713 τί
2856 1660 3263 1730 ἀποκρινοῦμαι
3318 1660 3394 1727 τῷ
3421 1660 3659 1728 λυμεοὶινι

2088 1757 2284 1827 τούτῳ,
2319 1759 2394 1828 μή
2433 1773 2562 1809 ποτε
2592 1756 2668 1817 ὡς
2701 1755 2939 1825 χωρικδν
2988 1756 3082 1807 καὶ
3109 1755 3476 1824 ἀγράμματον
3502 1753 3659 1821 χλευ-

2087 1852 2193 1922 ἀσῃ
2223 1867 2288 1920 με
2317 1853 2344 1902 ὁ
2371 1851 2650 1919 ἀνήμερος
2685 1847 2850 1910 λύκος
2907 1840 3037 1900 οὗτο
3071 1884 3088 1900 .
3129 1847 3186 1900 '0
3244 1847 3299 1898 δὲ
3351 1847 3505 1914 ἅγιος
3555 1846 3660 1896 Εὐ-

2088 1949 2342 2016 στράτιος
2373 1939 2528 1996 εἶπεν
2549 1959 2562 1974 ⁸
2609 1942 2894 2010 Ἑπίμενε,
2936 1943 3134 2008 ἀδελφὲ
3164 1942 3472 2011 Μαρδάριε,
3497 1942 3658 2007 μόνον

2085 2034 2279 2102 λέγων,
2321 2035 2649 2104 Χριστιανός
2708 2034 2848 2102 ειμι,
2898 2033 3139 2103 Χριστοῦ
3173 2032 3358 2095 δοῦλος
3397 2033 3655 2100 ὑπάρχω,

2085 2130 2180 2179 καί
2240 2127 2404 2195 μηδὲν
2462 2126 2650 2196 ἕτερον
2705 2126 3029 2196 ἀποκρίνου,
3083 2125 3134 2178 εἰ
3162 2143 3214 2178 τι
3276 2125 3342 2178 ἂν
3397 2124 3528 2192 λέγῃ
3565 2124 3662 2175 καὶ

2085 2219 2540 2288 ποιῇ.Ἀχθέντος
2567 2217 2625 2270 δὲ
2657 2219 2848 2283 αὑτοῦ,
2897 2221 2929 2289 ἡ
2963 2219 3115 2282 τάξις
3153 2214 3328 2278 εἶπεν,
3363 2217 3658 2284 Ἐστηκεν.

2097 2311 2156 2362 '0
2194 2311 2320 2374 δοὺξ
2378 2310 2567 2364 εἶπενο
2610 2313 2673 2365 '0
2731 2312 2931 2381 ἀρτίως
2966 2310 3309 2372 ἐπιδεδωκὼς
3364 2310 3554 2362 έαυτὶν
3593 2310 3660 2379 τῇ

2085 2402 2378 2470 ἐρωτήσει,
2411 2394 2570 2464 οὗτος
2617 2401 2886 2466 διδαξάτω
2941 2403 3135 2471 ὃνομα,
3173 2402 3534 2469 ἐπιτήδευμα,
3573 2403 3661 2452 ὲν·-

2087 2493 2421 2561 εγκαμένην,
2484 2494 2691 2564 τύχην,
2762 2494 2858 2545 καὶ
2909 2495 3096 2548 ὁποῖον
3151 2493 3300 2562 αὐτῷ
3356 2493 3418 2546 τὸ
3473 2493 3660 2555 σέϐας.

2087 2584 2402 2654 Μαρδάριος
2427 2583 2579 2636 εἶπεν
2605 2601 2618 2614 ·
2655 2586 2981 2652 Χριστιανῆς
3010 2587 3148 2653 εἰμι.
3186 2585 3577 2655 Ἐρωτῶμενις
3605 2585 3660 2637 δὲ

2092 2677 2247 2743 παρὰ
2275 2676 2382 2727 τῶν
2413 2676 2692 2741 ταξιωτῶν
2751 2677 2927 2728 εἰπεῖν
2977 2679 3071 2728 καὶ
3102 2678 3164 2728 τὸ
3217 2677 3410 2745 ὄνομα,
3443 2679 3539 2729 καὶ
3567 2677 3664 2744 τὴν

2087 2767 2262 2835 τύχην
2287 2769 2382 2819 καὶ
2407 2768 2507 2836 τὴν
2536 2766 2796 2836 πατρίδα,
2833 2767 3069 2833 ἐπέμενε
3119 2769 3361 2837 κράζων,
3395 2769 3662 2836 Χριστια-

2085 2857 2183 2916 νός
2210 2857 2358 2924 εἰμι·
2411 2857 2504 2906 καὶ
2549 2857 2640 2905 ἐπὶ
2675 2856 2812 2906 πολὺ
2838 2855 3215 2926 ἐρωτώμενος,
3274 2858 3427 2910 οὐδὲν
3479 2860 3663 2928 ἕτερον

2089 2948 2298 3013 ἔλεγεν,
2330 2949 2378 2998 εἰ
2412 2946 2488 3016 μὴ
2521 2947 2711 3012 μόνον,
2747 2946 3075 3014 Χριστιανός
3109 2949 3246 3017 εἰμι,
3277 2949 3512 3018 Χριστοῦ
3541 2950 3664 3000 δοῖ-

406 3042 543 3096 Cum
569 3045 686 3112 ejus
715 3046 897 3108 itaque
922 3037 1331 3105 simplicitatem
1355 3045 1411 3087 et
1436 3034 1730 3103 puritatem
1757 3030 1985 3084 vidisset

2090 3037 2183 3099 λος
2217 3038 2470 3106 ὑπάρχω.
2521 3035 2819 3102 Ἐωρακὼς
2860 3034 2956 3090 οὖν
2986 3039 3084 3106 τὴν
3137 3039 3514 3107 ἀκεραιότητα
3563 3039 3664 3090 αὖ·

409 3135 520 3188 dux
543 3135 866 3194 sceleratus,
889 3131 1028 3183 letl
1055 3146 1066 3180 :
1093 3129 1332 3181 Terebra
1362 3126 1713 3180 terebrcntur
1742 3122 1983 3174 calcanei

408 3226 608 3294 pedum
644 3224 783 3291 ejus,
817 3230 873 3273 et
905 3220 1126 3272 funibus
1163 3217 1393 3287 trajecti,
1425 3215 1492 3269 ah
1521 3215 1654 3267 orbe
1689 3223 1821 3266 rotae
1853 3227 1988 3281 pen-

408 3318 596 3377 deant,
625 3316 924 3367 candentes
953 3321 1136 3364 autem
1165 3308 1413 3373 obclisci,
1439 3309 1560 3377 ejus
1622 3315 1774 3374 tergo
1799 3306 1989 3358 admo-

407 3415 662 3470 veantur,
697 3415 756 3456 ιιι
784 3419 850 3457 ex
897 3405 998 3456 hoc
1025 3401 1232 3454 ambitu
1271 3404 1363 3452 liat
1399 3414 1542 3452 sanae
1578 3397 1799 3459 mentis,
1831 3405 1887 3448 et
1916 3393 1985 3447 ad

408 3497 586 3551 danda
637 3508 896 3562 responsa
934 3491 1189 3545 idoneus.
1233 3488 1370 3543 Cum
1408 3490 1512 3542 hoc
1546 3498 1728 3540 autem
1777 3485 1985 3538 factum

407 3599 577 3653 esset,
601 3597 658 3640 et
687 3590 800 3656 ipse
826 3586 920 3639 diu
952 3585 1219 3654 penderet
1247 3600 1276 3635 a
1305 3582 1612 3645 calcancis;
1649 3590 1705 3633 et
1734 3589 1988 3632 ureretur

409 3680 641 3742 su’bulis,
673 3679 858 3732 eui-isit
904 3692 1118 3739 vocem,
1167 3675 1359 3728 dicens
1391 3690 1405 3726 :
1438 3672 1686 3735 Domine,
1735 3685 1836 3739 ago
1889 3669 1986 3723 tibi

409 3774 632 3841 gratias,
661 3772 808 3840 quod
839 3784 924 3822 me
957 3769 1041 3821 his
1070 3769 1230 3823 bonis
1258 3765 1334 3819 sis
1360 3764 1632 3832 dignatus.
1667 3759 1984 3814 Desideravi

410 3864 649 3918 salutare
708 3874 886 3926 tuum,
943 3869 1000 3914 et
1051 3858 1227 3912 amati
1292 3857 1468 3924 ipsutn
1524 3852 1700 3906 valde.
1759 3852 1988 3920 Suscipe

405 3961 645 4012 animam
681 3970 855 4008 meam
889 3954 944 4008 in
976 3967 1144 4022 pace;
1179 3957 1235 4004 et
1273 3963 1398 4002 cum
1431 3947 1546 4001 ham
1578 3947 1834 4010 dixisset,
1872 3955 1986 3998 tra-

411 4044 550 4098 didit
587 4046 862 4114 spiritum.

484 4331 647 4387 XVII.
697 4330 948 4386 Dimissis
991 4342 1126 4383 vero
1177 4327 1349 4382 sancti
1399 4325 1518 4396 ejus
1562 4322 1834 4392 reliquiis,
1881 4319 1992 4374 dux

2087 3131 2204 3197 τοῦ,
2237 3133 2264 3183 ὁ
2291 3128 2488 3200 μιαρὸς
2546 3129 2671 3191 δουξ
2700 3126 2852 3183 εἶπεν
2871 3145 2885 3161 ο
2924 3129 3371 3199 Τρυπηθήτωσαν
3396 3133 3445 3182 οἱ
3473 3132 3666 3198 ἀστρά-

2086 3223 2243 3290 γαλοι
2268 3221 2377 3273 τῶν
2408 3220 2588 3272 ποδῶν
2614 3220 2784 3272 αὑτοῦ
2819 3224 3100 3291 τρυπάνῃ,
3133 3225 3226 3274 καὶ
3260 3224 3515 3290 σχοινίοις
3537 3222 3663 3274 δια-

2091 3313 2467 3383 περανθέντες
2507 3313 2608 3381 τῆς
2663 3313 2894 3380 ἄντυγος
2946 3315 3413 3384 ἀναρτάσθωσανο
3489 3315 3666 3366 ὀϐελί-

2091 3422 2212 3457 σκοι
2257 3405 2313 3455 δὲ
2352 3406 2849 3472 πεπυρακτωμένοι
2913 3408 3025 3468 τοῖς
3086 3409 3451 3477 μεταφρένοις
3501 3405 3666 3459 αὑτοῦ

2088 3498 2643 3568 προσενεχθήτωσαν,
2673 3498 2822 3558 ὅπως
2875 3500 2939 3550 ὲκ
2972 3501 3070 3568 τῆς
3105 3500 3368 3567 τοιαύτης
3404 3499 3658 3568 περιόδου

2089 3589 2375 3657 φρενήρης
2403 3587 2635 3656 γένηται
2662 3589 2759 3640 καὶ
2797 3587 2982 3650 ἱκανὸς
3014 3589 3154 3657 πρὸς
3183 3589 3281 3650 τὰς
3308 3588 3659 3656 ἀποκρίσεις.

2089 3678 2296 3731 Τούτου
2351 3679 2408 3730 δὲ
2443 3680 2768 3747 γενομένου,
2832 3683 2926 3730 καὶ
2980 3681 3072 3731 ἐπὶ
3119 3680 3254 3732 πολὺ
3315 3681 3666 3749 κρεμαμένου

2091 3771 2264 3825 αὑτοῦ
2297 3772 2404 3825 ἀπὸ
2459 3771 2568 3823 τῶν
2620 3773 2985 3840 ἀστραγάλων
3041 3774 3133 3824 καὶ
3185 3774 3484 3837 καιομένου
3545 3775 3667 3833 ταῖς

2089 3862 2343 3926 σούϐλαις
2382 3863 2668 3932 ἀνέπεμψε
2711 3865 2900 3932 φωνὴν
2945 3865 3154 3931 λέγων’
3192 3864 3364 3934 Κύριε
3396 3864 3663 3924 Δέσποτα,

2095 3955 2410 4024 εὐχαριστῶ
2462 3972 2571 4021 σοι,
2630 3958 2714 4008 ὃτι
2760 3956 3108 4026 κατηξίωσάς
3165 3973 3232 4024 με
3283 3956 3390 4008 τῶν
3443 3955 3666 4022 ἀγαθῶν

2092 4048 2323 4100 τούτων.
2379 4046 2728 4114 Ἐπετιόθησα
2757 4048 2818 4100 τὸ
2854 4048 3127 4118 σωτηριόν
3159 4065 3251 4100 σου
3277 4050 3372 4101 καὶ
3404 4049 3669 4117 ἠγάπησα

2094 4139 2233 4191 αὐτὸ
2263 4139 2491 4208 σφόδρα.
2528 4140 2689 4205 Δέξαι
2716 4156 2820 4206 μου
2859 4142 2916 4192 ἐν
2944 4142 3141 4211 εἰρήνῃ
3165 4141 3264 4210 τὴν
3297 4141 3500 4210 ψυχήν.
3557 4142 3670 4193 Καὶ

2089 4229 2268 4307 ταῦτα
2299 4231 2495 4292 εἰπὼν,
2542 4229 2825 4299 παρέδωκε
2860 4230 2919 4282 τὸ
2949 4231 3188 4300 πνεῦμα.

2167 4317 2267 4374 lZ'.
2303 4320 2740 4390 Κατενεχθέντος
2773 4321 2828 4373 δὲ
2857 4321 2950 4374 τοῦ
2983 4323 3141 4390 ἁγίου
3170 4324 3339 4376 αὑτοῦ
3375 4323 3654 4394 λειψάνου,

412 4423 552 4477 dixit
597 4440 611 4475 :
647 4420 805 4474 Nudo
847 4434 1081 4487 corpore
1121 4418 1428 4471 adducatur
1473 4415 1640 4469 etiam
1674 4415 1741 4478 is,
1772 4411 1866 4480 qui
1905 4420 1985 4465 est

2097 4413 2125 4464 ὁ
2153 4411 2279 4475 δοὺξ
2307 4407 2463 4464 εἶπεν
2484 4428 2498 4442 ο
2536 4413 2906 4482 ίῖροσαγέσθω
2937 4415 3133 4483 γυμνῷ
3159 4415 3239 4480 τῷ
3275 4419 3495 4484 σώματι
3527 4419 3620 4470 καὶ
3643 4420 3673 4471 ὁ

411 4526 479 4566 ex
527 4509 869 4564 Sataleorutu
920 4507 1142 4576 regione
1189 4505 1500 4575 Eugenius,
1549 4503 1684 4573 qui,
1736 4517 1862 4556 cum
1919 4499 1988 4553 de

413 4604 694 4660 Eustratio
743 4602 1045 4655 haberetur
1095 4599 1362 4668 quastio,
1415 4613 1584 4652 ausus
1633 4605 1719 4651 est
1767 4597 1986 4663 subire,

411 4712 576 4767 quem
611 4710 718 4748 non
758 4693 882 4746 dico
929 4690 1326 4752 Christianum,
1363 4697 1418 4740 ut
1467 4688 1568 4756 ipsi
1620 4695 1870 4740 errantes
1901 4685 1988 4740 di-

411 4796 566 4851 cunt,
597 4786 693 4842 sed
731 4786 887 4854 plane
950 4782 1266 4845 achreston,
1294 4780 1398 4834 hoc
1427 4789 1534 4846 est,
1567 4778 1822 4832 inutilem.
1851 4776 1986 4832 Cum

413 4879 531 4947 ipse
569 4888 752 4932 autem
783 4875 1072 4937 astitissct,
1104 4874 1366 4925 dixerunt
1400 4870 1744 4940 apparitores
1777 4885 1790 4922 :
1819 4867 1990 4922 Adest

413 4971 712 5039 Eugenius.
741 4969 858 5022 Dux
887 4969 1020 5021 dixit
1045 4985 1058 5018 ;
1086 4966 1182 5019 Dic
1210 4962 1836 5044 mihikseeleratissime,
1863 4960 1991 5029 quis

414 5063 590 5116 malus
627 5063 839 5114 daemon
885 5070 936 5113 te
968 5059 1125 5112 malis
1169 5057 1294 5110 fatis
1335 5067 1518 5109 actum
1547 5055 1612 5108 ad
1644 5065 1844 5108 tantam
1879 5053 1986 5105 im-

414 5156 552 5222 pulit
587 5152 895 5211 audaciam,
933 5159 992 5201 ut
1026 5164 1151 5202 cum
1194 5158 1341 5201 tanta
1390 5155 1441 5200 te
1486 5147 1762 5215 ingereres
1805 5144 1989 5209 impu-

411 5241 619 5307 dentia,
653 5254 708 5297 et
739 5243 895 5295 nihili
927 5241 1142 5294 faceres
1173 5239 1367 5310 judicii
1395 5235 1815 5292 austeritatem?
1848 5232 1991 5286 Dixit

410 5345 634 5388 sanctus
662 5333 940 5401 Eugenius
981 5347 997 5385 :
1032 5331 1177 5384 Deus
1222 5345 1398 5392 meus,
1431 5330 1524 5397 qui
1555 5342 1694 5396 quos
1739 5335 1794 5380 tu
1833 5325 1989 5387 colis,

412 5427 690 5480 (laniones
743 5425 946 5490 abolet,
985 5425 1098 5492 ipse
1127 5424 1279 5477 dedit
1311 5421 1445 5476 mihi
1479 5422 1764 5482 virtutem,
1795 5429 1850 5473 et
1882 5417 1990 5471 lar-

412 5518 556 5588 gitus
599 5526 686 5572 est
738 5517 873 5572 mihi
922 5517 1173 5570 ﬁduciam
1207 5525 1263 5570 et
1308 5514 1527 5570 dicendi
1565 5514 1893 5572 libertatein,
1933 5520 1992 5565 ut

415 5621 564 5664 tuam
611 5624 907 5677 conspuam
956 5609 1356 5672 infelicitatem,
1386 5608 1616 5664 sordide
1659 5607 1834 5671 canis,
1875 5605 1992 5660 the-

415 5711 578 5753 saure
627 5698 870 5768 Satanae,
919 5701 1012 5770 qui
1065 5709 1244 5755 tecum
1293 5699 1529 5756 traditur
1577 5699 1632 5754 in
1680 5698 1988 5754 interitum.

2100 4503 2159 4556 ἐν
2187 4505 2252 4572 τῇ
2284 4503 2574 4554 Σαταλιυων
2634 4504 2927 4571 Εὐγένιος,
2985 4507 3086 4573 τῆς
3133 4509 3276 4559 κατὰ
3335 4508 3674 4580 Εύστράτιον

2099 4595 2425 4664 ἐρωτήσεως
2473 4596 2771 4665 γινομένης
2811 4596 3091 4668 τολμήσας
3123 4599 3488 4653 ἐπεισελθεῖν·
3522 4601 3581 4655 ὃν
3607 4603 3671 4654 ού

2097 4685 2241 4754 λέγω
2265 4687 2618 4756 Χριστιανὸν,
2651 4688 2726 4749 ὡς
2779 4689 2936 4741 αὐτοὶ
2996 4691 3332 4757 πλανῶνται,
3360 4692 3477 4745 ἀλλ’
3503 4696 3676 4763 ἀχρη-

2101 4792 2248 4830 στον.
2284 4778 2681 4846 Παραστάντος
2715 4777 2772 4829 δὲ
2799 4776 2992 4845 αὑτοῦ,
3025 4781 3058 4848 ή
3083 4781 3235 4844 τάξις
3266 4776 3444 4833 εἶπενο
3470 4785 3674 4850 Ἔστη-

2099 4883 2195 4918 κεν
2221 4866 2504 4933 Εύγένιος.
2544 4866 2600 4918 ’0
2634 4867 2760 4931 δοὺξ
2805 4865 2990 4922 εἶπεν·
3025 4872 3171 4938 Λέγε
3205 4890 3318 4942 μοι,
3348 4875 3671 4943 παμμίαρε,

2099 4956 2184 5018 τίς
2235 4973 2294 5008 σε
2344 4957 2582 5026 πονηρὸς
2637 4957 2872 5026 δαίμων,
2933 4962 3026 5014 ἐπὶ
3085 4963 3263 5032 κακήν
3325 4965 3675 5033 εἱμαρμένην

2098 5048 2320 5113 ἐλάσας,
2376 5050 2467 5101 ἐπὶ
2501 5050 2755 5104 τοσοῦτον
2791 5053 2966 5123 ήγαγε
3029 5054 3288 5125 θράσους,
3353 5053 3498 5107 ὥστε
3531 5056 3676 5124 μετὰ

2098 5145 2369 5212 τοσαύτης
2399 5143 2661 5197 εἰσελθεῖν
2709 5146 3004 5214 ἀναιδείας,
3035 5152 3130 5201 καὶ
3161 5150 3218 5200 ἐν
3270 5149 3462 5218 μηδενὶ
3486 5147 3676 5201 θέσθαι

2100 5236 2161 5287 τὸ
2205 5235 2478 5304 αὐστηρὸν
2523 5236 2619 5289 τοῦ
2679 5238 3072 5309 δικαστηρίους
3113 5241 3174 5294 Ὀ
3219 5244 3376 5308 ἀγιος
3420 5241 3677 5308 Εὑγένιος

2098 5322 2254 5379 εἶπεν
2276 5344 2288 5357 ο
2323 5326 2383 5379 '0
2408 5326 2542 5388 Θεός
2571 5345 2675 5397 μου
2705 5331 2734 5381 ὁ
2768 5332 3060 5400 καταργῶν
3091 5348 3186 5385 σου
3220 5335 3348 5394 τοὺς
3384 5334 3672 5401 δαίμονας,

2099 5417 2196 5483 οὓς
2227 5420 2371 5490 σέϐῃ
2401 5457 2416 5483 ,
2481 5421 2643 5485 αὐτὸς
2676 5422 3052 5494 ὲνεδυνάμωσέ
3103 5443 3191 5494 με,
3256 5430 3349 5477 καὶ
3377 5424 3677 5496 ἐχαρίσατό

2105 5530 2198 5583 μοι
2234 5515 2575 5585 παρρησίαν,
2639 5513 2726 5567 ἵνα
2760 5517 3095 5569 καταπτύσω
3143 5518 3242 5586 τῆς
3297 5517 3676 5586 ταλαιπωρίας

2101 5622 2216 5672 σου,
2247 5606 2462 5676 ρυπαρὲ
2494 5605 2646 5670 κύον,
2680 5609 2740 5660 τὸ
2771 5609 3056 5678 κειμήλιον
3077 5610 3170 5662 τοῦ
3199 5609 3432 5674 Σατανᾶ,
3458 5608 3552 5661 τοῦ
3578 5607 3678 5660 σὺν

2098 5699 2184 5748 σοὶ
2236 5697 2314 5759 εἰς
2366 5695 2644 5766 ἀπώλειαν
2699 5697 3151 5768 παραδιδομένου.
3197 5697 3254 5753 ’0
3302 5690 3429 5764 δοῦξ
3483 5693 3675 5751 εἶπεν·
