4102 6376
406 347 519 416 4δὸ

1228 346 1701 410 ΜΛΒΤΥΗΙΙΙΜ
1743 348 1813 408 8.
1846 346 2261 408 EUSTRATll
2306 351 2405 410 ET
2446 349 2857 412 SOCIORUM.

3558 354 3663 419 486

421 462 745 533 Ἐκκοπήτω
777 463 811 533 ἡ
837 460 1163 532 έφύδριστος
1203 460 1372 515 αὐτοῦ
1400 458 1618 529 γλῶττα
1638 477 1653 492 ο
1691 458 1988 528 ἀλλοτριω-

2095 462 2211 516 Dux
2256 463 2396 517 dixit
2426 482 2440 518 :
2474 462 2881 519 Contumeliosa
2916 464 3036 535 ejus
3066 465 3248 537 lingua
3275 469 3626 527 exscimlatur
3647 520 3659 534 ,

408 559 558 628 θήτω
611 555 668 608 δὲ
719 552 862 621 ξίφει
909 554 1187 625 ἑκατέρων
1232 552 1341 606 τῶν
1396 550 1618 623 χειρῶν,
1647 552 1737 604 καὶ
1766 550 1986 620 βάκλοις

410 643 802 714 συνθλασθητω
840 642 908 696 τὰ
935 641 1100 709 σκέλη
1126 641 1236 694 τῶν
1263 640 1443 695 ποδῶν
1477 638 1667 700 αὐτοῦ,
1697 642 1844 703 ὅπως
1877 659 1986 693 σω-

412 738 779 809 φρονέστερον
818 734 954 804 πρὸς
982 734 1132 802 ἡμᾶς
1181 732 1428 802 διατεθῇ.
1483 731 1701 785 Τούτων
1734 730 1797 784 δὲ
1829 748 1984 799 γενο-

411 831 611 901 μένων,
649 826 744 879 καὶ
765 826 928 887 αὐτδς
962 825 1246 892 παρέδωκε
1274 826 1335 877 τὸ
1365 823 1606 893 πνεῦμα.

480 918 587 974 ιη’.
642 917 832 971 Ταῦτα
865 918 1078 986 πράξας
1107 920 1134 969 δ
1170 917 1366 987 μιαρὸς
1392 917 1541 982 δοὺξ,
1591 917 1673 979 είς
1706 916 1769 970 τὸ
1799 915 1984 969 πεδίον

407 1010 626 1079 ἐξῆλθε,
654 1009 958 1079 γυμνάσων
1007 1008 1101 1061 τὸν
1163 1008 1415 1079 στρατόν.
1483 1006 1590 1061 Τοῦ
1638 1008 1895 1079 ἁδουμίου
1927 1009 1982 1063 δὲ

405 1104 721 1172 γινομένου,
760 1103 991 1164 ἕκαστος
1022 1100 1122 1170 τὴν
1170 1103 1228 1154 ἐν
1253 1104 1366 1163 τοῖς
1421 1101 1608 1163 ὅπλοις
1656 1102 1978 1172 ἐμπειρίαν,

408 1195 751 1264 θεωροῦντος
795 1193 891 1246 τοῦ
925 1193 1144 1256 δουκδς,
1178 1193 1565 1246 ἑπιιδείκνυτο.
1593 1193 1698 1244 Καὶ
1724 1194 1788 1256 δὴ
1830 1194 1984 1265 Ὀρέ-

410 1304 545 1358 στης
572 1305 657 1350 τις
687 1286 952 1352 τοῦνομα,
985 1286 1126 1355 ἀνὴρ
1155 1285 1466 1355 εὐμεγέθης
1526 1284 1626 1337 καὶ
1691 1287 1981 1358 εὐπρεπὴς

407 1381 487 1453 τῷ
507 1380 664 1442 εῖδει,
697 1377 835 1449 πρὸς
865 1378 1039 1445 ὄνομα
1090 1380 1184 1431 καὶ
1220 1376 1376 1440 τάξιν
1431 1375 1671 1446 κληθεὶς,
1732 1377 1979 1449 παρέστη

411 1472 490 1541 τῷ
556 1471 756 1541 Λυσίᾳ.
800 1469 1124 1530 Ἐπαινέσας
1179 1467 1236 1522 δὲ
1295 1466 1461 1520 αὐτοῦ
1523 1468 1623 1535 τὴν
1676 1468 1831 1531 θέαν,
1884 1469 1982 1522 καὶ

408 1563 585 1631 ἀληθῆ
613 1562 956 1631 στρατιώτην
984 1560 1353 1623 ἀποκαλέσας,
1388 1560 1640 1612 ἐκέλευσε
1690 1559 1831 1613 κατὰ
1880 1558 1977 1613 τοῦ

409 1653 619 1707 σκοποῦ
675 1653 858 1724 βαλεῖν
913 1659 1014 1717 τὴν
1045 1651 1264 1721 λόγχην.
1302 1650 1410 1702 Καὶ
1433 1649 1624 1702 τούτου
1671 1650 1772 1721 τὴν
1820 1654 1980 1719 χεῖρα

409 1745 705 1807 ίθύνοντος,
736 1748 830 1797 καὶ
877 1740 1192 1806 στενάξαντος
1229 1741 1289 1793 τὸ
1322 1741 1510 1806 ὁπλον,
1546 1741 1605 1793 τὸ
1641 1741 1980 1811 φορούμενον

407 1838 468 1890 έν
497 1836 576 1907 τῷ
607 1836 795 1904 στήθει
824 1835 987 1888 αὐτοῦ
1036 1834 1266 1903 χρύσεον
1294 1835 1553 1903 σταυρίον
1599 1833 1694 1887 τοῦ
1760 1836 1980 1901 ίματίου

416 1929 588 1982 αὐτοῦ
623 1927 963 1996 ἐκτιναχθὲν,
991 1926 1187 1992 ἔξωθεν
1229 1928 1492 1996 ἀνεφάνη,
1520 1925 1660 1979 ὥστε
1688 1925 1985 1980 θεάσασθαι

409 2024 646 2084 πάντας,
671 2021 821 2100 ,ἀλλὰ
873 2020 979 2090 μὴν
1024 2023 1117 2073 καὶ
1170 2020 1331 2072 αὑτὸν
1365 2020 1457 2070 τὸν
1502 2020 1728 2073 Λυσίαν.
1764 2021 1987 2090 Παραυ-

405 2115 536 2166 τίκα
570 2114 751 2165 τοίνυν
784 2114 1136 2182 προσαχθεὶς,
1181 2112 1311 2180 ἔστη
1354 2111 1584 2179 πλησίον
1635 2111 1729 2164 τοῦ
1773 2112 1983 2174 δουκός.

407 2207 518 2260 Kc:
542 2205 722 2258 λαϐὼν
762 2206 791 2258 ὁ
824 2206 1026 2268 Λυσίας
1055 2208 1120 2274 τῇ
1158 2207 1304 2274 χειρὶ
1335 2207 1427 2258 τὸν
1456 2206 1709 2275 σταυρὸν,
1741 2205 1980 2259 ἐπυνθά-

407 2314 530 2352 νετο
555 2297 605 2350 τί
638 2297 705 2348 ἂν
739 2298 823 2365 εἴη
850 2297 1032 2351 τοῦτο.
1066 2297 1159 2366 M'q
1182 2298 1278 2348 καὶ
1308 2299 1395 2362 σὺ,
1419 2302 1573 2364 φησὶ,
1637 2296 1732 2347 τοῦ
1786 2297 1986 2347 ἐσταυ-

410 2388 660 2459 ρωμένον
690 2390 1018 2458 τυγχάνειςς
1089 2389 1146 2440 ὐ
1175 2389 1229 2440 δὲ
1261 2384 1449 2440 εἶπεν·
1496 2387 1691 2450 Δοῦλος
1736 2389 1854 2457 είμι
1888 2388 1983 2441 τοῦ

408 2479 829 2548 ἐσταυρωμένον
896 2481 1170 2532 Aac-5:61:09
1254 2497 1357 2548 μου
1423 2479 1558 2532 Θεοῦ
1592 2520 1607 2542 ,
1668 2481 1762 2532 καὶ
1825 2480 1984 2532 τοῦτο

411 2573 790 2643 φυλακτήριον
838 2576 1175 2642 ὲπιφέρομαι
1219 2571 1357 2642 πρὸς
1412 2572 1730 2643 ἀποτροπὴν
1766 2574 1981 2625 πάντων

406 2665 520 2718 τῶν
550 2667 941 2734 ἐπερχομένων
972 2683 1062 2735 μοι
1084 2666 1294 2718 κακῶν.
1336 2665 1396 2717 ’0
1422 2666 1547 2729 δοὺξ
1586 2662 1741 2717 εἶπεν
1761 2682 1775 2696 ο
1816 2667 1922 2718 Καὶ
1954 2664 1983 2715 ὁ

410 2756 724 2826 θαυμαστὸς
790 2753 945 2820 οὗτος
982 2760 1345 2828 στρατιώτης,
1390 2758 1666 2821 συνδεθεὶς
1699 2758 1774 2826 τῷ
1800 2759 1981 2827 δημίῳ

408 2847 606 2916 ἐκείνῳ
638 2848 963 2916 Εὑστρατίῳ
986 2887 1000 2911 ,
1036 2849 1253 2912 σύνοδος
1285 2849 1434 2916 αὐτῲ
1469 2852 1528 2902 ὲν
1578 2851 1643 2919 τῇ
1702 2850 1983 2920 ὁδοιπορίᾳ

410 2940 653 3005 γενέσθω
673 2955 689 2970 ·
733 2941 1010 3012 εὐκαίρως
1040 2941 1143 3011 τῆς
1200 2943 1322 2994 κατ’
1353 2941 1535 2994 αὐτῶν
1565 2943 1884 3012 ἐρωτήσεως
1923 2946 1982 2995 ὲν

409 3034 475 3099 τῇ
510 3031 889 3085 Νικοπολιτῶν
939 3035 1345 3103 ἀχθησομένης.
1402 3034 1859 3103 Παραγενομένου
1919 3034 1979 3088 δὲ

410 3121 508 3176 τοῦ
540 3123 745 3176 Λυσίου
777 3126 835 3176 έν
863 3128 930 3196 τῇ
963 3124 1346 3178 Νικοπολιτῶν
1376 3125 1555 3188 πόλει,
1609 3125 1743 3178 πολὺ
1776 3126 1979 3196 πλῆθος
2011 3150 2052 3205 C

412 3213 522 3264 τῶν
570 3216 921 3283 στρατιωτῶν
976 3217 1076 3285 τῆς
1135 3215 1403 3282 λεγεῶνος
1468 3214 1570 3284 τῆς
1624 3218 1683 3271 έν
1726 3219 1790 3287 τῇ
1828 3217 1983 3270 πόλει

414 3304 719 3374 προσῆλθον
772 3305 946 3376 αὐτῷ,
1009 3307 1106 3359 καὶ
1151 3309 1350 3368 πάντες
1381 3308 1482 3377 μιᾷ
1517 3309 1666 3376 φωνῇ
1720 3308 1983 3378 ἔκραζον*

412 3398 615 3457 Λυσία,
650 3399 744 3449 καὶ
768 3400 929 3467 ἡμεῖς
979 3401 1310 3468 στρατιῶταί
1348 3401 1517 3463 ἐσμεν
1566 3401 1662 3453 τοῦ
1686 3440 1690 3444 -
1714 3405 1985 3459 Aser-.6100

410 3489 569 3561 ἡμῶν
596 3490 835 3558 Χριστοῦ
862 3506 876 3521 ·
901 3494 1044 3545 ποίει
1074 3492 1103 3545 ὃ
1135 3491 1330 3554 θέλεις.
1368 3492 1428 3545 ὐ
1465 3493 1522 3544 δὲ
1553 3493 1614 3544 τὸ
1642 3493 1741 3561 μὲν
1772 3496 1986 3564 πρῶτον

408 3584 704 3653 ἐξεπλάγη,
738 3587 1016 3653 φοϐηθεὶς,
1041 3589 1116 3659 μή
1136 3606 1187 3640 τι
1221 3587 1605 3657 νεωτερισθείη
1635 3591 1751 3641 κατ’
1782 3589 1948 3643 αὐτοῦ
1970 3604 1985 3618 ⁸

410 3671 607 3726 ἔπειτα
633 3674 689 3725 δὲ
751 3673 1010 3741 ἐγνωκὼς
1053 3677 1134 3727 ὅτι
1165 3676 1239 3736 ὡς
1286 3675 1534 3742 πρόϐατα
1576 3676 1810 3738 ἑαυτοὺς
1841 3691 1987 3745 παρ-

409 3764 647 3830 έδωκαν,
702 3765 966 3829 λύσαντες
1024 3768 1119 3818 καὶ
1160 3769 1258 3827 τὰς
1311 3765 1489 3829 ζώνας
1520 3767 1753 3830 ἑαυτῶν,
1790 3766 1984 3835 συλλη-

411 3856 616 3929 φθῆναι
646 3858 774 3920 τοὺς
805 3859 1016 3919 πάντας
1069 3859 1328 3911 ἐκέλευσε
1349 3897 1362 3922 ,
1419 3861 1514 3911 καὶ
1561 3859 1814 3921 δεθέντας
1846 3860 1981 3911 καθ-

406 3948 721 4019 ειρχθῆναι.
779 3950 919 4004 Καθ’
984 3934 1176 4005 ἑαυτὸν
1223 3949 1279 4001 δὲ
1322 3950 1634 4017 γενόμενος,
1685 3951 1984 4001 ἐσκέπτετο

407 4039 531 4102 πῶς
562 4039 629 4093 ἂν
662 4039 904 4093 διάθοιτο
931 4042 1030 4109 τὴν
1060 4040 1203 4093 κατὰ
1235 4041 1342 4092 τῶν
1364 4039 1536 4106 ἁγίων
1563 4037 1861 4103 ἀπώλειαν,
1888 4040 1983 4092 καὶ

409 4128 488 4200 μὴ
520 4129 787 4198 σύγχυσίς
810 4146 895 4191 τις
931 4133 1156 4199 γένηται
1184 4130 1387 4200 ἢπαρά
1421 4128 1826 4199 συμπολιτῶνῆ
1854 4145 1984 4197 συγ-

404 4221 583 4289 γενῶν
609 4221 812 4275 αὑτῶν.
851 4222 1186 4291 Ἐξαιρέτως
1214 4222 1270 4275 δὲ
1301 4221 1494 4274 ἐδεδίει
1542 4220 1635 4272 τὸν
1683 4221 1838 4286 ἅγιον
1881 4220 1985 4273 Εὑο

409 4310 671 4380 στράτιον
705 4310 779 4381 μή
815 4326 949 4363 ποτε
995 4308 1148 4373 αὖθις
1192 4311 1301 4363 τῶν
1330 4310 1586 4378 βασάνων
1620 4308 1770 4379 αὐτῷ
1810 4322 1983 4378 προσο

407 4404 700 4474 αγομένων
730 4405 935 4472 ὁμοίως
968 4403 1441 4474 θαυματουργήσῃ
1470 4420 1560 4468 τι,
1604 4402 1700 4455 καὶ
1726 4402 1787 4455 οὐ
1821 4402 1981 4471 μόνον

2087 569 2219 609 ense
2266 570 2400 609 vero
2452 567 2700 625 privetur
2743 557 2990 626 utrisque
3023 559 3298 626 manibus,
3347 572 3402 617 et
3452 564 3669 620 baculis

2085 645 2504 713 eonfringantur
2537 648 2656 717 ejus
2696 648 2860 713 tibiae,
2897 659 2956 703 ut
2994 650 3049 704 in
3087 666 3187 705 nos
3225 668 3283 708 se
3323 666 3475 722 gerat
3527 668 3663 711 tem-

2084 736 2385 801 perautius.
2432 733 2529 788 His
2571 746 2754 790 autem
2803 737 2982 804 factis,
3017 739 3133 808 ipse
3164 756 3385 811 quoque
3431 747 3659 801 tradidit

2085 826 2363 895 Spiritum.

2157 916 2342 972 XVIII.
2375 917 2496 974 Haec
2529 934 2653 973 cum
2687 918 2909 974 fecisset
2942 920 3053 975 dux
3085 924 3407 993 sceleratus,
3439 928 3569 982 exiit
3599 929 3651 983 in

2084 1024 2362 1078 campum,
2413 1020 2472 1064 ut
2500 1024 2783 1066 exerceret
2821 1013 3146 1068 exercitum.
3183 1015 3317 1069 Cum
3352 1030 3536 1074 autem
3570 1035 3656 1075 re-

2084 1112 2464 1163 ceinercntur,
2496 1102 2872 1171 unusquisque
2895 1106 3202 1159 ostentabat
3228 1122 3383 1161 suam
3409 1110 3463 1162 in
3487 1111 3659 1165 armis

2082 1196 2502 1262 experientiam,
2550 1194 2691 1249 duce
2747 1197 3195 1266 contemplante;
3252 1200 3473 1268 quidam
3527 1217 3660 1258 veru

2082 1284 2303 1341 Orestes
2333 1288 2575 1351 nomine,
2603 1287 2688 1340 vir
2714 1302 2981 1357 procerus
3007 1298 3063 1343 et
3092 1289 3272 1345 turma
3304 1293 3562 1358 decorus,
3591 1296 3661 1350 ad

2083 1393 2283 1432 nomen
2331 1388 2560 1432 vocatus
2604 1386 2661 1432 et
2707 1379 2994 1445 ordinem,
3047 1379 3220 1436 astitit
3271 1381 3466 1454 Lysiae.
3517 1384 3655 1439 Cum

2081 1468 2272 1541 Lysias
2319 1480 2504 1525 autem
2552 1472 2671 1541 ejus
2720 1471 3001 1527 laudasset
3051 1476 3318 1542 speciem,
3362 1484 3417 1529 et
3465 1491 3653 1531 verum

2082 1560 2407 1630 appellasset
2447 1561 2700 1627 militem,
2734 1563 2899 1631 jussit
2939 1563 3110 1629 pilum
3147 1575 3404 1634 torquere
3437 1568 3503 1620 ad
3534 1582 3660 1622 seo-

2083 1667 2232 1720 pum.
2263 1653 2398 1707 Cum
2427 1652 2473 1707 is
2499 1669 2632 1708 vero
2660 1669 2881 1708 manum
2917 1654 3227 1719 direxisset,
3253 1668 3304 1710 et
3338 1672 3491 1713 arma
3524 1676 3657 1714 con-

2082 1745 2374 1808 cussisset,
2424 1761 2546 1815 quae
2591 1747 2660 1801 ab
2706 1761 2775 1800 eo
2822 1748 2877 1801 in
2924 1758 3144 1817 pectore
3199 1751 3477 1805 ferebatur
3521 1768 3654 1807 crux

2085 1854 2274 1903 aurea,
2307 1853 2338 1892 e
2372 1849 2524 1893 veste
2556 1838 2674 1907 ejus
2721 1854 2972 1901 excussa,
3001 1842 3345 1897 extrinsecus
3378 1849 3654 1913 apparuit,

2087 1929 2162 1984 ita
2192 1939 2252 1983 ut
2279 1945 2473 1984 omnes
2513 1944 2633 1983 eam
2668 1940 2981 1991 cernerent.
3012 1942 3070 1987 et
3099 1934 3213 2003 ipse
3243 1934 3407 1989 etiam
3441 1935 3651 2005 Lysas.

2087 2018 2281 2073 Statim
2328 2031 2509 2074 autem
2548 2020 2838 2083 adductus,
2893 2023 3049 2077 stetit
3097 2039 3264 2094 prope
3315 2027 3560 2081 ducem:
3597 2038 3654 2082 ct

2086 2125 2211 2165 cum
2246 2127 2409 2165 manu
2438 2127 2660 2166 crucem
2691 2113 2993 2182 accepisset
3023 2114 3227 2185 Lysias.
3257 2119 3467 2188 rogavit
3497 2119 3659 2188 quid-

2085 2217 2210 2256 nam
2247 2202 2352 2257 hoc
2376 2211 2522 2258 esset
2560 2220 2574 2256 :
2625 2203 2888 2274 Nunquid
2920 2214 2974 2258 tu
3003 2221 3222 2276 quoque
3248 2222 3328 2273 es,
3359 2208 3558 2278 inquit,
3590 2224 3659 2263 ex

2085 2293 2154 2348 iis
2195 2295 2288 2363 qui
2337 2308 2464 2348 sunt
2508 2296 2747 2364 partium
2797 2297 3105 2351 Cruciﬁxi?
3140 2298 3236 2353 Ille
3287 2314 3418 2353 vero
3467 2300 3655 2354 dixit:

2085 2385 2218 2441 Sum
2250 2401 2445 2441 servus
2477 2388 2727 2443 cruciﬁxi
2765 2389 2976 2443 Domini
3009 2391 3113 2443 mei
3144 2392 3260 2457 Dei,
3287 2401 3342 2446 et
3370 2393 3473 2446 hoc
3502 2403 3656 2463 gesto

2086 2480 2383 2534 amuletum
2437 2481 2505 2534 ad
2554 2481 2739 2535 omnia
2795 2482 2934 2536 mala
2982 2485 3297 2549 avertenda,
3350 2500 3471 2554 quae
3523 2487 3659 2540 mihi

2086 2572 2369 2639 ingruunt.
2408 2573 2520 2626 Dux
2561 2573 2700 2626 dixit
2733 2591 2746 2627 :
2783 2573 2882 2628 llic
2914 2589 3135 2644 quoque
3182 2577 3435 2646 egregius
3480 2579 3658 2645 miles,

2083 2663 2299 2716 vinctus
2329 2677 2453 2715 cum
2495 2663 2589 2715 illo
2627 2661 2888 2715 carniﬁce
2932 2663 3231 2728 Eustratio,
3295 2662 3354 2717 ﬁt
3382 2666 3433 2717 ei
3476 2680 3663 2719 comes

2085 2752 2140 2805 in
2182 2752 2289 2812 via,
2323 2765 2446 2803 cum
2484 2760 2792 2819 Opportune
2820 2752 2890 2804 sit
2919 2751 2986 2804 de
3016 2752 3099 2806 eis
3134 2752 3383 2806 habenda
3429 2754 3660 2821 quaestio

2084 2843 2140 2896 in
2184 2844 2407 2897 civitate
2445 2842 2845 2911 Nicopolitana.
2877 2841 3015 2896 Cum
3048 2842 3289 2898 venisset
3329 2854 3512 2898 autem
3559 2845 3661 2915 Ly-

2084 2935 2194 2989 sias
2219 2935 2275 2988 in
2305 2934 2582 2989 civitatem
2620 2934 3079 3001 Nicopolitanam,
3118 2949 3309 3003 magna
3359 2935 3657 2991 multitudo

2082 3026 2312 3096 legionis
2363 3024 2634 3087 militum,
2681 3040 2802 3093 qure
2848 3032 2967 3078 erat
3015 3024 3070 3077 in
3124 3023 3369 3086 civitate,
3425 3025 3490 3079 ad
3530 3041 3656 3079 cum

2084 3127 2458 3183 accesserunt,
2484 3127 2540 3170 et
2565 3132 2755 3170 omnes
2781 3132 2890 3170 una
2922 3130 3056 3170 voce
3088 3115 3397 3169 clamabant
3428 3134 3440 3169 :
3475 3114 3658 3184 Lysia,

2087 3224 2190 3264 nos
2245 3224 2465 3278 quoque
2521 3223 2714 3262 sumus
2771 3206 2971 3260 niiiites
3028 3205 3245 3259 Domini
3301 3205 3476 3260 nostri
3526 3209 3655 3260 ,ιι-ευ

2085 3300 2325 3366 Christi;
2359 3298 2446 3354 fac
2477 3298 2622 3368 quod
2661 3298 2814 3353 velis.
2854 3297 2949 3351 Ille
2989 3311 3119 3351 vero
3158 3296 3394 3365 primum
3434 3296 3656 3365 quidem

2086 3389 2189 3443 fuit
2262 3392 2717 3459 obstupel‘acms.
2773 3390 2969 3443 timens
3018 3403 3088 3441 ne
3122 3387 3329 3456 aliquid
3379 3388 3506 3441 novi
3556 3387 3659 3441 ad-

2085 3496 2279 3535 versus
2309 3497 2436 3535 eum
2486 3482 2835 3534 innovarent.
2874 3477 3081 3532 Deinde
3114 3492 3239 3532 cum
3285 3478 3652 3548 cognovisset,

2086 3573 2232 3643 quod
2270 3572 2412 3628 sicut
2444 3587 2576 3626 oves
2608 3572 2817 3640 seipsos
2865 3570 3233 3633 tradiderunt,
3264 3569 3460 3624 solutis
3500 3570 3655 3624 zonis

2087 3671 2221 3727 suis.
2256 3665 2421 3735 jussit
2466 3664 2615 3734 ipsos
2654 3661 3071 3732 comprehendi,
3104 3671 3158 3716 et
3208 3661 3419 3716 tinctos
3457 3661 3655 3731 conﬁci

2086 3756 2139 3809 in
2173 3769 2447 3809 carcerein
2473 3770 2487 3806 :
2512 3754 2653 3823 apud
2686 3769 2743 3807 se
2769 3761 2951 3806 autem
2983 3752 3366 3806 considerabat
3396 3751 3660 3822 quemad-

2085 3846 2307 3900 modum
2366 3850 2420 3899 in
2458 3846 2663 3899 sanctis
2704 3843 2999 3913 perdendis
3056 3857 3113 3896 se
3164 3851 3399 3912 gereret,
3454 3852 3658 3899 etnon

2083 3948 2230 3991 esset
2253 3953 2282 3988 a
2306 3936 2728 4004 Nicepoiitanis,
2763 3944 2858 3989 aut
2886 3936 2953 3989 ab
2982 3949 3174 3988 eorum
3205 3936 3452 4003 cognatis
3475 3935 3657 4002 aliqua

2084 4025 2355 4080 coniuge.
2381 4025 2662 4092 Praecipue
2690 4034 2873 4077 autem
2898 4023 3122 4077 timebat
3151 4034 3401 4077 sanctum
3433 4023 3660 4079 Eustra-

2087 4118 2245 4178 tium.
2278 4133 2345 4172 ne
2378 4118 2421 4170 si
2453 4131 2648 4169 rursus
2675 4116 2723 4168 ei
2757 4114 3096 4170 inferrentur
3125 4122 3418 4179 tormenta,
3448 4113 3660 4170 faceret

2083 4209 2333 4265 similiter
2364 4208 2587 4278 aliquod
2622 4207 2947 4261 miraculum
2982 4224 2995 4258 :
3026 4218 3081 4260 et
3108 4222 3217 4261 non
3254 4206 3433 4261 solum
3464 4206 3517 4260 in
3548 4206 3654 4261 ﬁde

2083 4300 2433 4356 conﬁrmaret
2458 4317 2573 4366 eos,
2599 4301 2695 4370 qui
2719 4301 2831 4370 jam
2859 4309 3016 4354 erant
3046 4298 3366 4365 Christiani,
3395 4298 3491 4354 sed
3525 4314 3657 4369 gen-

2086 4396 2208 4450 tiles
2270 4410 2487 4464 quoque
2550 4393 2862 4447 traduceret
2912 4406 2940 4445 a
2996 4391 3146 4445 cultu
3208 4392 3653 4446 simulacrorum.

402 4496 532 4559 τοὺς
562 4495 664 4566 ἤδη
695 4494 1063 4565 Χριστιανοὺς
1100 4493 1330 4563 στηρίζῃ
1373 4496 1452 4552 εἰς
1476 4491 1574 4562 τὴν
1605 4491 1811 4555 πίστιν,
1839 4491 1976 4544 ἀλλὰ

2084 4487 2268 4542 Visum
2308 4495 2390 4539 est
2422 4499 2553 4554 ergo
2598 4483 2671 4550 ei,
2709 4499 2833 4538 cum
2882 4498 3045 4538 mane
3067 4482 3430 4547 surrexisset,
3472 4491 3654 4536 trans-

407 4588 669 4650 καὶτοὺς
726 4586 995 4654 Ἕλληνας
1049 4592 1369 4655 μεταστήσῃ
1419 4584 1522 4653 τῆς
1584 4584 1695 4637 τῶν
1744 4583 1980 4638 εἰδώλων

405 4680 728 4749 θρησκείας.
763 4676 989 4742 Ἔδοξεν
1049 4674 1142 4730 οὖν
1208 4675 1358 4745 αὑτῴ
1389 4678 1467 4745 τῇ
1505 4673 1631 4744 ἑξῆς
1681 4676 1980 4728 ἀνασίάντι

404 4773 669 4845 πρωῖθεν,
704 4772 1075 4845 παραπέμψαι
1109 4774 1166 4825 ἐν
1196 4775 1260 4841 τῇ
1306 4769 1665 4839 Σεϐαστηνῶν
1707 4767 1861 4821 πόλει
1898 4766 1977 4837 τῷ

416 4866 768 4938 Ἀγρικολάῳ
814 4868 905 4921 τὸν
951 4865 1107 4934 ἅγιον
1157 4864 1496 4931 Εὐστράτιον
1546 4863 1638 4914 καὶ
1689 4861 1779 4913 τὸν
1823 4862 1979 4927 ἆγιον

2092 4579 2311 4634 mittere
2363 4576 2430 4630 ad
2452 4575 2794 4646 Agricolaum
2822 4575 2875 4628 in
2900 4575 3179 4628 civitatem
3204 4574 3656 4638 Sebastenorum,

2081 4687 2330 4729 sanetum
2381 4672 2715 4725 Eustratium
2777 4680 2835 4726 et
2882 4678 3133 4723 sanctum
3184 4671 3455 4725 Orestem.
3514 4667 3654 4723 Cum

2081 4774 2227 4822 esset
2256 4767 2439 4832 itaque
2462 4762 2598 4829 dies,
2629 4762 2790 4831 jussit
2809 4760 2913 4814 hoc
2942 4760 2989 4813 ﬁt
3008 4760 3079 4826 ri,
3106 4759 3381 4830 publicam
3407 4758 3657 4815 scribens

2085 4856 2372 4925 epistolam
2401 4853 2470 4907 ad
2502 4852 2844 4923 Agricolaum
2881 4852 2986 4906 hoc
3018 4851 3183 4904 modo
3215 4869 3230 4906 :

418 4964 708 5032 Ὀρέστην.
740 4964 849 5016 Καὶ
894 4963 959 5033 δὴ
1005 4964 1219 5032 ἡμέρας
1253 4959 1577 5029 γενομένης,
1615 4956 1776 5010 τοῦτο
1852 4952 2154 5027 προσέταξε
2210 4950 2504 5019 γενέσθαι,
2564 4948 2784 5020 γράψας
2875 4945 3169 5015 ἐπιστολὴν
3247 4942 3485 5016 δημοσία
3580 4942 3662 5033 τῷ

418 5057 784 5130 Ἀγρικολάῳ,
823 5056 1195 5126 περιέχουσαν
1226 5053 1369 5105 οὕτω
1396 5068 1408 5081 ·

479 5147 579 5218 ιϐ’.
617 5169 635 5200 ι
662 5149 753 5215 Τῷ
780 5147 1359 5220 μεγαλοπρεπεστάτῳ
1390 5146 1618 5216 ἡγεμόνι
1636 5142 1980 5212 Ἀγρικολάῳ

403 5244 612 5304 Λυσίας
645 5241 793 5306 δούξ.
831 5241 924 5294 Ἐν
949 5242 1099 5311 πάσῃ
1129 5243 1194 5309 τῇ
1224 5240 1315 5307 ὑφ’
1345 5238 1496 5309 ἥλιον
1524 5240 1580 5290 ἐν
1603 5235 1781 5290 οὐδενὶ
1805 5233 1979 5303 ἑτέρῳ

404 5334 801 5403 ἀκριϐέστερον
828 5333 899 5387 τὰ
936 5331 1039 5400 τῆς
1073 5330 1405 5400 οἰκουμένης
1453 5330 1741 5400 ἀπόρρητα
1767 5326 1980 5394 διερευ-

406 5428 601 5482 νᾶσθαι
627 5427 705 5491 ώς
730 5427 790 5478 ὲν
818 5427 908 5478 σοὶ
940 5424 1144 5487 ειδότες
1164 5426 1212 5476 οξ
1234 5419 1504 5479 θειότατοι
1528 5420 1686 5490 ἡμῶν
1711 5417 1976 5489 βασιλεῖς,

405 5520 506 5589 τὴν
529 5520 629 5588 τῆς
665 5518 841 5590 ἀρχῆς
873 5517 1123 5584 ἐξουσίαν
1172 5514 1490 5568 δεδώκασιν.
1526 5515 1704 5566 "least
1733 5512 1842 5582 γὰρ
1880 5527 1977 5562 σα-

411 5610 526 5678 φῶς
556 5608 821 5664 δύνασθαι
853 5609 1007 5677 παρᾶ
1064 5605 1148 5660 σοὶ
1197 5603 1292 5659 καὶ
1344 5607 1441 5665 τὰς
1472 5601 1675 5662 νύκτας
1736 5604 1825 5651 an.
1858 5599 1979 5661 ταῖς

408 5701 644 5775 ἡμέραις
673 5702 752 5765 si;
779 5705 880 5772 τὴν
925 5701 1032 5755 τῶν
1072 5698 1350 5770 δημοσίων
1382 5696 1727 5765 πραγμάτων
1754 5690 1978 5759 ἀντίλη-

407 5796 501 5865 ψιν
542 5796 881 5851 ἀναλίσκειν.
926 5794 1242 5865 Ἐδάμασαν
1297 5794 1407 5861 γὰρ
1466 5789 1590 5851 τοὺς
1642 5783 1978 5855 ἁκοιμήτους

2159 5133 2302 5190 XIX.
2340 5153 2357 5186 ι
2395 5126 2930 5202 Magniﬁcentissimo
2962 5122 3253 5195 Agricolae
3285 5121 3396 5176 dux
3422 5116 3610 5192 Lysias
3640 5135 3657 5174 :

2086 5229 2224 5286 Cum
2265 5225 2322 5282 in
2351 5240 2603 5279 universa
2633 5231 2797 5279 terra.
2827 5234 2945 5288 qua:
2974 5229 3057 5271 est
3086 5216 3188 5269 sub
3212 5216 3348 5277 sole,
3384 5212 3582 5266 nemim
3604 5226 3657 5264 m

2086 5331 2313 5376 nossent
2345 5313 2675 5370 divinisstuti
2714 5311 2887 5365 nostri
2929 5309 3309 5376 imperatores,
3337 5301 3430 5370 qui
3464 5304 3659 5355 inclitis

2086 5412 2319 5469 scrutari
2356 5417 2541 5476 posset
2582 5418 2781 5457 arcana
2825 5401 2975 5456 orbis
3011 5408 3194 5457 terrm,
3229 5395 3482 5465 regendae
3527 5408 3658 5463 prc-

2086 5503 2277 5559 vinciae
2347 5499 2449 5553 tibi
2507 5494 2776 5550 dederunt
2839 5498 3185 5562 potestatem.
3239 5487 3655 5557 Aperteiennn

2086 5598 2287 5660 sciunt,
2312 5602 2363 5647 te
2387 5604 2550 5662 posse
2572 5596 2782 5649 noctes,
2822 5584 2962 5640 sicut
2989 5581 3129 5647 dies,
3162 5578 3230 5635 ad
3266 5574 3657 5662 rempublicam

2087 5660 2487 5745 defendendam
2527 5693 2874 5736 consumere.
2913 5677 3043 5744 Quae
3077 5673 3321 5730 dormire
3374 5687 3485 5727 non
3535 5660 3655 5741 piis-

2089 5786 2216 5836 sunt
2261 5775 2445 5847 itaque
2483 5770 2669 5829 stellas
2696 5769 2860 5841 prius
2898 5781 3124 5825 somnus
3161 5760 3459 5828 domuerit,
3493 5772 3658 5832 quam
