4094 6384
441 279 545 340 487

1682 275 1968 339 MENSIS
2008 271 2262 336 DECEM
2273 274 2445 338 BER.

3540 223 3694 335 ἰεδ

442 402 567 444 tuus
588 388 779 444 oculos
803 384 1050 456 sopierit,
1077 386 1259 441 donec
1281 384 1539 442 etfectum
1572 385 1738 442 fuerit
1770 386 1848 451 id,
1872 385 2019 457 quod

2144 386 2362 457 ιστέρας
2389 389 2438 440 οἱ
2466 386 2645 451 ὕπνοι,
2702 386 2735 456 ἢ
2772 385 2839 439 τὰ
2881 384 2949 439 σὰ
2974 386 3202 456 ὄμματα
3230 385 3539 456 ἐκοίμισαν,
3570 389 3700 457 πρὶν

438 482 631 539 studes
692 480 761 534 ad
818 479 1111 533 utilitatem
1174 478 1581 544 universorum,
1631 490 1690 535 et
1743 488 1803 535 ut
1849 478 2020 534 semel

440 577 644 639 dicam,
666 587 790 627 eum
813 571 956 642 apud
983 580 1035 626 te
1055 572 1233 626 solum
1255 587 1525 627 summam
1551 573 1731 629 inesse
1750 572 2022 627 vidissent

445 678 885 734 unamquamque
933 670 1167 733 partem,
1216 664 1418 719 merito
1454 665 1639 735 hujus,
1675 680 1840 735 quam
1876 678 2025 719 nunc

442 756 681 819 obtines,
717 754 1231 820 administrationis,
1262 738 1385 824 qua:
1416 756 1556 810 nihil
1616 758 1783 812 habet
1833 768 2023 811 conte-

447 846 789 911 mnendum,
830 845 1148 916 dignitatem
1180 848 1568 915 permiserunt.
1619 848 1884 914 Quocirca
1928 862 2031 917 ego

445 954 665 1009 quoque
706 940 864 993 testis
915 949 1023 992 tam
1063 939 1396 1004 multarum,
1447 956 1568 1010 qua
1619 944 1675 993 in
1723 948 1775 995 te
1812 941 2023 1003 insunt,

449 1044 632 1082 rerum
669 1028 1017 1097 praestantiae,
1049 1027 1197 1081 hunc
1233 1028 1300 1082 ad
1349 1040 1401 1083 te
1431 1030 1673 1083 vinctum
1719 1031 1876 1085 mitto
1920 1031 2029 1083 Eu-

459 1122 745 1183 stratium,
769 1120 861 1189 qui
900 1135 1092 1175 eorum
1138 1120 1233 1189 qui
1282 1120 1542 1183 dicuntur
1592 1121 2031 1177 Christianorum

450 1226 645 1280 magno
679 1213 875 1265 morbo
909 1210 1119 1267 laborat
1150 1227 1166 1264 :
1202 1211 1440 1265 maxime
1487 1225 1613 1266 cum
1650 1211 1786 1266 nihil
1823 1212 2025 1280 possim

342 1312 344 1315 '
452 1303 725 1366 invenire,
774 1301 921 1371 quod
969 1300 1203 1357 sullieiat
1244 1302 1311 1359 ad
1397 1304 1758 1357 avertendum
1804 1303 2034 1358 audacia

452 1395 573 1463 ejus
609 1401 807 1463 coepta,
840 1393 933 1447 sed
962 1395 1067 1449 etsi
1094 1394 1237 1463 ejus,
1267 1410 1390 1464 qum
1424 1394 1558 1448 mihi
1600 1396 1793 1457 servit,
1831 1394 2037 1448 militiae

456 1487 722 1540 honorem
769 1493 914 1539 esset
952 1495 1262 1551 assecutus,
1312 1488 1504 1557 majori
1559 1486 1815 1555 superbia
1850 1486 2036 1541 animo

454 1590 690 1637 erectus,
717 1576 883 1631 desiit
909 1579 959 1630 in
991 1579 1399 1632 contumeliam.
1435 1578 1590 1644 Quod
1622 1579 1667 1632 si
1697 1578 2031 1633 inti-marem

2124 478 2159 550 ἢ
2209 478 2273 532 τὸ
2317 477 2740 549 φροντιζόμενόν
2773 493 2855 531 σοι
2894 476 2990 530 ἐπὶ
3043 477 3348 548 λυσιτελεὶᾳ
3395 478 3487 531 τοῦ
3518 478 3702 532 κοινοῦ

2125 569 2526 641 ἐπιτελεσθείη,
2556 570 2652 623 καὶ
2685 570 2869 631 ἁπλῶς
2899 569 3133 622 ἕκαστον
3166 570 3372 642 ἀρετῆς
3396 570 3704 640 ἀκρότατον

2130 661 2294 732 μέρος
2316 660 2467 731 παρὰ
2502 663 2584 714 σοὶ
2621 661 2766 731 μόνῳ
2802 661 3130 731 ἑωρακότες,
3165 661 3412 726 εἰκότως,
3432 665 3535 731 τῆς
3548 661 3707 732 παρὰ

2130 753 2223 806 σοῦ
2275 753 2368 805 νῦν
2402 753 2721 823 ίθυνομένης
2779 753 2957 823 ἀρχῆς
3014 752 3167 806 οὐδὲν
3226 753 3707 822 εὐκαταφρόνητον

2129 844 2380 916 ἐχούσης,
2399 844 2497 914 τὴν
2522 844 2773 909 ἐξουσίαν
2802 845 3130 913 ἐπέτρεψαν.
3159 845 3253 898 Διδ
3285 844 3462 913 κάγὼ,
3490 847 3707 915 μάρτυς

2128 937 2206 990 ὣν
2235 937 2347 989 τῶν
2377 936 2637 990 τοιούτων
2665 954 2762 990 σου
2796 937 3316 1006 πλεονεκτημάτων,
3368 936 3708 1007 Εὑστράτιον

2131 1031 2325 1082 τοῦτον
2376 1030 2646 1099 πέπομφὰ
2677 1045 2760 1082 σοι
2793 1029 3034 1095 δέσμιον,
3064 1028 3247 1098 πολλῷ
3276 1030 3548 1100 νοσήματι
3596 1027 3709 1081 τῶν

2131 1119 2444 1188 λεγομένων
2490 1118 2841 1187 Χριστιανῶν
2887 1119 3326 1188 κεκρατημένον,
3360 1117 3440 1185 τῷ
3471 1116 3712 1184 μάλιστα

2133 1212 2432 1283 εὑρηκέναι
2464 1212 2617 1264 οὐδὲν
2680 1210 2952 1280 αὔταρκες
2978 1213 3045 1281 τῇ
3109 1210 3324 1280 πονηρᾷ
3350 1208 3518 1261 αὐτοῦ
3546 1207 3711 1275 φύσει

2137 1306 2275 1375 πρὸς
2306 1303 2630 1374 ἀποτροπὴν
2658 1305 2755 1356 τοῦ
2787 1304 2992 1356 ἀτόπου
3023 1303 3397 1373 τολμήματος,
3430 1300 3570 1354 ἀλλὰ
3601 1316 3709 1353 κλν

2135 1399 2425 1465 στρατείας
2454 1397 2555 1464 τῆς
2582 1394 3090 1466 ἐξυπηρετουμένης
3123 1410 3213 1463 μοι
3263 1392 3358 1446 καὶ
3387 1393 3551 1462 τιμῆς
3583 1392 3711 1444 ἔτυο

2135 1505 2251 1559 χεν,
2288 1476 2560 1558 ὑπεροψὶᾲ
2591 1488 2800 1557 μείζονι
2832 1489 2931 1556 τὴν
2951 1487 3178 1555 γνώμην
3200 1485 3414 1557 ἀρθεὶς,
3445 1488 3527 1547 εἰς
3549 1483 3713 1554 ’ὑϐρν

2135 1582 2390 1647 ἐξέπεσε·
2420 1580 2525 1633 κᾶν
2555 1580 2717 1649 φόϐον
2745 1580 2802 1633 δὲ
2829 1580 3077 1648 ἤλπισεν,
3107 1579 3340 1649 ἀπονοία
3383 1579 3540 1630 πάλιν
3567 1594 3715 1643 παρ-

456 1678 703 1730 mctnm,
749 1684 846 1722 sua
896 1670 1210 1739 arrogantia
1258 1670 1694 1740 circumscripsit
1744 1670 2034 1735 futurum,

2144 1673 2419 1744 εγρὰψατο
2457 1672 2517 1726 τὸ
2570 1672 2783 1742 μέλλον,
2838 1673 2937 1743 τὴν
2984 1671 3268 1741 παροῦσαν
3301 1670 3479 1741 ὁρμὴν
3511 1669 3612 1738 τῆς
3649 1670 3712 1723 ἐν

457 1760 567 1812 vim
612 1775 723 1813 suae
768 1760 1177 1827 superstitionis
1221 1761 1456 1815 reddens
1506 1762 1870 1829 potentiorem
1922 1777 1936 1816 :
1981 1767 2037 1815 et

457 1851 589 1905 licet.
618 1851 829 1903 videret
868 1850 1007 1903 alios
1033 1850 1238 1905 eisdem
1270 1850 1498 1907 allectos
1527 1853 1832 1921 suppliciis,
1859 1867 2037 1922 neque

459 1952 682 2011 prepter
722 1942 920 2003 minas,
968 1957 1089 2009 quae
1138 1942 1193 1996 in
1236 1957 1333 1996 eos
1380 1943 1830 2010 intendebantur,
1879 1958 2035 1999 suam

458 2031 720 2099 repressit
773 2031 1082 2095 audaciam,
1137 2035 1235 2087 sed
1288 2032 1434 2101 quod
1491 2043 1787 2096 evenerat,
1843 2033 2035 2087 existi-

460 2122 645 2174 mabat
674 2137 795 2175 esse
837 2122 1019 2190 potius
1050 2122 1287 2178 fortunae
1317 2124 1602 2187 insultum,
1629 2139 1793 2194 quam
1822 2124 2035 2195 suppli-

460 2214 629 2268 ciutn.
667 2213 800 2267 Eum
846 2229 997 2284 ergo,
1026 2224 1081 2267 et
1117 2214 1211 2282 qui
1260 2229 1384 2268 cum
1416 2231 1486 2268 eo
1517 2224 1604 2270 est
1646 2214 1911 2281 Orestem,
1941 2217 2036 2285 qui

461 2315 546 2359 cst
582 2304 832 2373 ejusdem
876 2305 1184 2367 sententiae,
1211 2304 1280 2359 ad
1313 2314 1460 2360 tuam
1494 2305 1651 2361 mitto
1691 2306 2036 2375 sapientiam,

462 2411 701 2466 sequens
746 2397 926 2449 edicta
963 2397 1335 2464 imperatoria.
1384 2417 1404 2447 ι
1453 2396 1591 2452 Cum
1627 2397 1727 2452 has
1769 2414 1899 2469 ergo
1946 2399 2040 2454 lit-

468 2500 610 2545 teras
648 2489 988 2558 accepissent
1025 2487 1251 2553 milites,
1281 2499 1335 2544 et
1367 2499 1587 2545 sanctos
1622 2491 1892 2546 haberent
1920 2492 2040 2546 vin-

467 2588 618 2643 ctos,
668 2579 811 2633 viam
866 2580 1357 2650 persequebantur.
1410 2583 1647 2640 Sanctus
1691 2593 1875 2639 autem
1925 2583 2040 2639 Ett-

467 2674 693 2732 stratius
749 2674 912 2730 simul
966 2690 1093 2729 cum
1136 2674 1341 2730 AOreSte
1379 2676 1457 2730 sic
1502 2675 1732 2731 canebat
1785 2678 1840 2730 in
1892 2677 1980 2731 via
2022 2692 2037 2729 :

473 2785 493 2821 ι
532 2766 683 2820 Viam
720 2766 1174 2836 jttstilicalionum
1232 2777 1444 2821 tuarum
1481 2767 1643 2838 elegi,
1691 2768 1899 2823 instrue
1933 2782 2040 2833 me,

469 2865 525 2913 et
552 2855 757 2912 discam
790 2860 1042 2912 mandata
1075 2864 1169 2913 tua
1195 2859 1243 2914 ⁸.
1286 2876 1305 2908 ι

539 3056 656 3116 ΚΧ.
700 3060 942 3129 impletis
973 3076 1103 3118 vero
1138 3063 1416 3132 precibus,
1461 3063 1639 3118 dixit:
1678 3063 1870 3121 Frater
1901 3065 2042 3122 Oreo

471 3158 601 3211 stes.
631 3166 793 3204 narra
820 3152 976 3213 mihi,
1002 3168 1107 3222 qua
1132 3154 1300 3206 animi
1328 3155 1609 3210 alacritate
1629 3168 2042 3213 consummatus

471 3242 575 3296 l'nit
607 3255 834 3296 sanctus
883 3244 1212 3306 Auxentius,
1263 3247 1409 3300 etin
1460 3261 1571 3315 quo
1616 3248 1761 3303 loco.
1808 3248 2044 3306 Sanctus

467 3346 602 3389 vero
631 3332 854 3389 Orestes
887 3335 1025 3390 dixit
1052 3355 1066 3390 :
1102 3337 1395 3406 Postquam
1426 3338 1534 3392 dux
1582 3342 1957 3409 pronuntiavit
1990 3344 2044 3399 in

469 3439 598 3482 eum
627 3426 981 3490 sententiam,
1020 3429 1235 3497 rogavit
1265 3428 1487 3495 milites,
1517 3432 1612 3500 qui
1647 3445 1775 3485 eum
1806 3433 2046 3488 abduce-

472 3516 624 3579 bant,
657 3526 716 3570 ut
741 3510 1042 3574 veniret-ad
1074 3520 1367 3575 videndam
1403 3534 1549 3577 tuam
1590 3524 1872 3588 virtutem,
1902 3534 1957 3580 et
1990 3536 2042 3581 te

468 3609 687 3677 iuberet
718 3610 916 3664 valere.
952 3610 1124 3665 Nemo
1169 3627 1300 3670 vero
1332 3629 1457 3669 eum
1503 3615 1696 3671 audire
1730 3618 2039 3689 sustinuit;

470 3708 592 3759 erat
619 3703 766 3755 enim
797 3711 1012 3773 tempus
1044 3705 1281 3774 prandii,
1312 3715 1367 3762 et
1419 3707 1753 3766 festinabant
1782 3712 1882 3778 illi,
1911 3729 2042 3768 ven-

474 3796 545 3855 tri
571 3799 893 3863 servientes,
926 3801 1154 3870 implere
1189 3802 1242 3856 id
1270 3805 1415 3873 quod
1447 3805 1528 3860 eis
1559 3804 1889 3877 imperatum
1925 3808 2047 3864 iue-

472 3900 580 3959 rat,
617 3904 673 3948 et
710 3894 986 3949 duxerunt
1037 3911 1162 3950 eum
1197 3898 1252 3951 in
1292 3899 1587 3967 quamdam
1632 3901 1850 3965 vallem,
1881 3919 2045 3973 quam

471 4001 574 4043 nos
602 4001 861 4041 vocamus
892 3986 1164 4042 Ororiant.
1196 3990 1434 4045 Veniens
1464 4003 1671 4057 autem,
1720 3996 1774 4048 in
1814 3996 1902 4049 via
1951 4012 2044 4052 ca-

471 4078 640 4135 nebat
663 4088 885 4132 sanctus
911 4080 1117 4133 :dlcati
1143 4080 1475 4136 immaculati
1506 4082 1559 4137 in
1591 4084 1700 4150 via,
1734 4085 1829 4155 qui
1855 4086 2048 4142 ambu-

474 4170 590 4228 lant
624 4171 677 4224 in
711 4173 829 4242 lege
861 4171 1079 4226 Domini
1104 4172 1147 4235 ⁸,
1186 4191 1204 4223 ι
1240 4183 1294 4227 et
1326 4188 1497 4243 usque
1544 4175 1613 4229 ad
1655 4175 1831 4246 ipsum
1862 4178 2044 4233 locum

476 4260 720 4330 implevit
736 4263 1026 4331 psalmum,
1052 4271 1107 4316 et
1130 4262 1282 4317 ﬂexis
1303 4265 1535 4334 genibus
1559 4266 1826 4323 intensius
1847 4270 2043 4324 oravit.
2074 4279 2129 4339 ι)

473 4349 610 4405 Cum
642 4366 836 4405 manus
864 4367 998 4406 vero
1040 4354 1374 4419 sustulisset,
1403 4356 1616 4426 accepit
1639 4367 1895 4429 tanquam
1943 4361 2047 4416 ob-

476 4441 764 4505 lationem,
788 4450 845 4497 et
875 4443 1012 4497 dixit
1036 4444 1262 4510 'Amen,
1296 4455 1506 4502 etcum
1542 4451 2044 4520 circumspexisset,

476 4531 616 4588 vidit
644 4549 733 4588 me
764 4548 932 4604 pr0pe
960 4550 1085 4589 eum
1117 4546 1374 4601 stantem,
1402 4550 1458 4595 et
1486 4557 1611 4596 cum
1654 4558 1740 4598 me
1766 4555 2037 4610 vocasset,

477 4622 616 4681 dixit
646 4625 777 4676 mihi
808 4625 1012 4678 acriter
1037 4641 1051 4679 :
1082 4626 1276 4681 Frater
1300 4628 1543 4696 Orestes,
1572 4633 1849 4703 alloquere
1877 4634 2051 4690 domi-

479 4731 609 4776 num
646 4716 1003 4782 Eustratinm,
1044 4727 1102 4772 et
1134 4718 1223 4773 dic
1253 4720 1307 4782 ei
1339 4730 1398 4774 ut
1434 4732 1553 4778 oret
1579 4738 1679 4794 pro
1708 4740 1814 4790 me,
1841 4734 1897 4781 et
1924 4744 2050 4782 eum

480 4809 592 4866 cito
617 4809 684 4863 ad
726 4825 809 4863 me
843 4820 1153 4877 venturum,
1183 4826 1310 4866 eum
1354 4814 1500 4867 enim
1549 4825 1845 4885 exspecto;
1892 4828 1947 4873 et
1973 4818 2051 4875 sic

479 4900 584 4957 fuit
614 4901 664 4955 ei
716 4909 878 4970 caput
910 4911 1276 4970 amputatum,
1311 4904 1585 4971 omnibus,
1616 4922 1754 4978 quos
1809 4910 2052 4981 suspicio

478 5006 599 5050 erat
619 5010 739 5049 esse
766 4992 1128 5059 Christianos,
1155 4996 1329 5064 passis
1349 5000 1812 5067 persecutionem.
1839 5001 2053 5059 Sanctae

477 5096 660 5142 autent
708 5085 829 5155 ejus
866 5086 1110 5155 reliquis:
1160 5098 1325 5140 noctu
1373 5089 1521 5143 furto
1570 5091 1797 5146 sublata:
1840 5106 1971 5148 sunt
2020 5111 2051 5148 a

477 5179 829 5249 presbyteris,
860 5177 951 5246 qui
979 5187 1140 5231 erant
1185 5177 1242 5231 in
1271 5180 1585 5235 Arauracis.
1622 5180 1749 5252 Ejus
1778 5198 1911 5238 vero
1945 5198 2039 5239 ca-

478 5281 590 5340 pite
621 5285 728 5324 non
765 5272 1006 5336 invento,
1042 5281 1335 5340 cmperunt
1360 5271 1493 5327 ﬂere
1534 5283 1591 5328 et
1622 5274 1791 5329 Deum
1835 5290 2048 5343 rogare,

480 5373 538 5416 ut
560 5365 642 5418 eis
666 5363 904 5433 aperiret
949 5373 1197 5418 sanctum
1232 5373 1397 5435 caput
1428 5365 1704 5439 martyris.
1738 5366 1831 5421 Dei
1868 5376 2049 5423 autem

478 5454 823 5525 providentia
867 5463 1019 5511 stans
1049 5458 1242 5510 cornix
1290 5471 1459 5526 super
1490 5473 1700 5513 ramum
1734 5459 1970 5524 arboris,
1997 5459 2052 5516 in

478 5563 582 5616 qua
633 5556 973 5616 eratcaput,
1014 5552 1181 5618 etrapit
1213 5548 1477 5605 clamare.
1521 5551 1661 5606 Cum
1712 5553 2054 5624 aspexissent

582 5732 601 5763 ⁸
654 5734 794 5788 Psai.
830 5752 1021 5800 cu'm,
1048 5737 1134 5792 73.
1232 5738 1254 5770 ‘
1291 5737 1437 5793 Psal.
1496 5751 1683 5805 cum,
1715 5738 1767 5793 1.

2139 1765 2288 1832 αὐτῷ
2317 1764 2743 1834 δεισιδαιμονίας
2769 1765 3115 1835 κυριωτέραν
3152 1763 3543 1832 ποιησάμενο;·
3589 1760 3693 1814 κᾶν

2142 1860 2364 1933 ἐτέρους
2410 1856 2552 1913 εἶδεν
2608 1858 2703 1911 ἐπὶ
2728 1860 2841 1920 τοῖς
2890 1858 3074 1919 αὐτοῖς
3120 1857 3507 1921 κολασθέντας,
3546 1856 3606 1908 οὗ
3644 1858 3713 1924 τῇ

2138 1954 2407 2024 ἐμπειρίᾳ
2436 1952 2534 2022 τὴν
2556 1952 2767 2020 τόλμαν
2797 1951 2894 2021 τῆς
2923 1952 2982 2004 ἐν
3009 1948 3163 2019 αὐτῷ
3191 1948 3489 2020 θρησκείας
3513 1947 3708 2001 ἐκόλα-

2141 2061 2251 2098 σεν.
2290 2043 2456 2096 Ἀλλὰ
2490 2043 2554 2095 τὸ
2577 2042 2795 2112 συμϐὰν
2824 2041 3071 2111 ἡγήσατο
3107 2040 3280 2110 τύχης
3310 2041 3577 2110 ἐπήρειαν
3616 2054 3715 2107 γε·

2140 2135 2406 2205 γενῆσθαι
2447 2134 2669 2203 μᾶλλον,
2737 2134 2839 2186 οὐκ
2908 2132 3128 2187 ἀδικίαν
3193 2133 3289 2184 τοῦ
3324 2131 3711 2194 κολασθέντος.

2140 2227 2340 2280 Τοῦτον
2363 2227 2656 2296 δεξάμενος
2687 2227 2786 2280 καὶ
2844 2226 2937 2278 τὸν
2970 2226 3070 2279 σὺν
3127 2224 3275 2295 αὐτῴ
3313 2224 3574 2294 Ὀρέστην
3613 2222 3710 2276 τοῦ

2142 2318 2310 2371 αὑτοῦ
2343 2319 2696 2390 φρονήματος
2727 2318 2880 2381 ὄντα,
2929 2320 2996 2389 τῇ
3033 2320 3099 2386 σῇ
3134 2318 3422 2386 σοφωτάτῃ
3460 2315 3714 2384 ὑπάγαγε

2147 2413 2349 2481 κρίσει,
2389 2413 2500 2472 τοῖς
2552 2409 2855 2480 βασιλικοῖς
2891 2408 3269 2473 ἐξακολουθῶν
3318 2406 3712 2476 θεσπίσμασιν.

2147 2504 2453 2575 Ἐῥρωσο.›
2481 2503 2750 2565 Λαϐόντες
2765 2502 2948 2555 τοίνυν
2968 2502 3017 2554 oi
3043 2501 3377 2572 στρατιῶται
3398 2500 3467 2552 τὰ
3493 2498 3717 2551 τοιαῦτα

2144 2594 2481 2665 γράμματα,
2520 2592 2934 2662 παραλαϐόντες
2972 2592 3028 2644 δὲ
3058 2593 3151 2644 καὶ
3190 2593 3317 2655 τοὺς
3349 2590 3539 2657 ἁγίους
3567 2588 3714 2642 δεδε-

2148 2683 2365 2753 μένους,
2431 2682 2644 2752 εἴχοντο
2672 2683 2772 2753 τῆς
2799 2682 2944 2735 ὀδοῦ.
2986 2681 3045 2737 ‘0
3084 2681 3144 2734 δὲ
3194 2682 3345 2750 ἅγιος
3381 2680 3716 2752 Εὑστρᾶτιος

2146 2776 2264 2845 ἅμα
2288 2775 2366 2845 τῷ
2413 2775 2641 2847 Ὀρέστῃ
2668 2772 2864 2844 ἔψαλλε
2894 2774 3035 2827 κατὰ
3063 2776 3163 2845 τὴν
3192 2774 3334 2829 ὁδόν·
3376 2791 3397 2825 ι
3441 2774 3594 2827 Ὀδὸν
3631 2774 3715 2826 δι-

2145 2870 2479 2938 καιωμάτων
2544 2884 2639 2921 σου
2672 2869 3037 2939 ᾑρετισάμην.
3109 2867 3396 2921 Συνέτισόν
3453 2883 3544 2937 με,
3572 2935 3591 2949 1
3618 2864 3715 2919 καὶ

2070 2944 2115 3004 C
2149 2961 2465 3031 μαθήσομαι
2500 2960 2599 3025 τὰς
2629 2961 2849 3024 ἐντολάς
2881 2978 3000 3017 σου.
3035 2978 3057 3013 ι

2216 3052 2302 3108 K'.
2343 3055 2453 3107 Kal
2485 3054 2783 3126 πληρώσας
2813 3054 2914 3126 τὴν
2959 3055 3146 3127 εὐχήν,
3176 3054 3368 3126 ἠρώτα
3412 3055 3504 3110 τὸν
3531 3054 3716 3126 μακά-

2148 3163 2262 3218 ριον
2297 3143 2563 3216 Ὀρέστην
2609 3146 2816 3215 λέγων’
2872 3144 3095 3213 Ἀδελφὲ
3147 3146 3407 3216 Ὀρέστα,
3450 3146 3713 3217 διήγησαι

2150 3254 2239 3308 μοι
2264 3239 2324 3291 ἐν
2346 3236 2478 3309 ποίᾳ
2506 3238 2789 3309 προθυμίᾳ
2822 3238 3117 3307 ἐτελειώθη
3153 3242 3180 3292 ὁ
3203 3240 3359 3308 ἅγιος
3384 3238 3706 3304 Δύξέντιος,

2147 3332 2242 3385 καὶ
2275 3333 2334 3383 ἐν
2400 3331 2539 3401 ποίῳ
2569 3332 2742 3403 τόπῳ.
2786 3330 2849 3385 ’0
2911 3332 2968 3385 δέ
3010 3332 3167 3400 ἅγιος
3205 3334 3464 3402 Ὀρέστης
3519 3326 3675 3385 εἶπεν
3700 3348 3715 3363 ο

2146 3420 2302 3474 Μετὰ
2325 3421 2386 3474 τὸ
2416 3422 2806 3493 ἀποφήνασθαι
2829 3421 2922 3475 τὸν
2949 3421 3120 3476 δοῦκα
3151 3423 3274 3475 κατ’
3308 3422 3497 3487 αὐτοῦ,
3542 3420 3718 3476 πολλὰ

2147 3515 2494 3584 παρεκάλεσε
2526 3517 2656 3579 τοὺς
2679 3516 2995 3584 ἀπάγοντας
3027 3515 3194 3568 αὐτὸν
3238 3515 3601 3585 στρατιώτας,
3626 3515 3719 3568 ίνα

2146 3607 2317 3661 ἐλθὼν
2344 3608 2431 3679 ίδῃ
2466 3608 2567 3677 τήν
2607 3611 2708 3678 σὴν
2741 3609 2943 3680 ἀρετὴν
2975 3612 3069 3662 καὶ
3103 3609 3434 3680 συντάξηταί
3469 3624 3572 3661 σοι.
3610 3609 3719 3663 Καὶ

2147 3698 2326 3761 οὐδεὶς
2390 3699 2653 3769 ἠνέσχετο
2710 3700 2944 3754 ἀκοῦσαι
2980 3700 3171 3765 αὑτοῦ,
3249 3702 3278 3770 ἢ
3355 3703 3717 3773 συγχωρῆσαι

2147 3789 2308 3843 τοῦτο
2368 3789 2594 3859 πρᾶξαι.
2631 3790 2775 3844 Ἀλλ’
2805 3792 2995 3863 ἐπειδὴ
3042 3792 3161 3864 ὥρα
3210 3788 3279 3863 ἦν
3331 3791 3427 3847 τοῦ
3487 3793 3713 3862 ἀρίστου

2149 3883 2415 3938 ἔσπευδον
2447 3885 2497 3936 oi
2528 3885 2879 3939 κοιλιόδουλοι
2915 3885 3204 3957 πληρῶσαι
3264 3886 3325 3940 τὸ
3353 3886 3717 3958 προσταχθέν.

2148 3977 2262 4029 Καὶ
2292 3976 2455 4039 εὐθὺς
2477 3976 2688 4047 ἤγαγον
2717 3978 2879 4030 αὐτὸν
2904 3979 2985 4040 είς
3004 3978 3106 4049 τὴν
3134 3979 3419 4048 φάραγγα,
3454 3979 3522 4050 ἢν
3555 3981 3716 4049 ἡμεῖς

2149 4066 2424 4137 καλοῦμεν
2466 4067 2786 4137 Ὀρὼρεισν.
2837 4070 3160 4139 Ἐρχόμενος
3194 4069 3251 4122 δὲ
3296 4073 3324 4123 ὁ
3370 4071 3529 4138 ἅγιος
3579 4070 3722 4125 κατὰ

2149 4160 2249 4231 τήν
2277 4162 2397 4214 ὁδὸν
2428 4160 2657 4230 ἔψαλλεσ
2696 4180 2715 4212 ι
2753 4162 3036 4233 Μακάριοι
3067 4163 3116 4214 οἱ
3146 4164 3375 4231 ἄμωμοι
3406 4163 3464 4216 ἐν
3491 4161 3617 4230 ὀδῷ,
3657 4163 3708 4216 oi

2151 4253 2518 4323 πορευόμενοι
2544 4254 2600 4303 ἐν
2631 4252 2782 4323 νόμῳ
2807 4253 3039 4323 Κυρίου.
3076 4268 3097 4304 ιι
3142 4252 3257 4306 Kal
3287 4252 3394 4316 ἕως
3421 4252 3592 4306 αὐτοῦ
3624 4252 3722 4307 τοῦ

2157 4341 2326 4394 τόπου
2357 4340 2644 4411 ἐπλήρωσε
2673 4342 2766 4396 τὸν
2795 4341 3031 4412 ψαλμὸν,
3058 4344 3154 4398 καὶ
3183 4342 3373 4408 κλίνας
3409 4346 3477 4397 τὸ.
3496 4345 3720 4414 γόνατα,

2153 4434 2505 4506 προσηύξατο
2574 4436 2670 4489 ἐπὶ
2734 4436 2908 4490 italu"
2935 4440 3030 4491 καὶ
3096 4436 3360 4501 ἁπλώσας
3391 4439 3491 4502 τὰς
3525 4442 3721 4510 χεῖρας

2151 4527 2343 4593 αὐτοῦ,
2380 4527 2571 4598 ὥσπερ
2604 4529 2922 4601 προσφορὰν
2966 4530 3281 4601 δεχόμενος,
3308 4530 3440 4602 ἔστη
3476 4533 3568 4585 καὶ
3598 4528 3723 4591 εἷπε

2149 4619 2210 4671 τὺ
2253 4618 2448 4689 Ἀμὴν,
2482 4619 2575 4674 καλ⁹
2642 4621 3138 4691 περιϐλεψάμενος,
3203 4619 3312 4675 εἶδέ
3365 4640 3433 4692 με
3487 4623 3724 4694 πλησίον

2149 4712 2316 4765 αὑτοῦ
2344 4712 2579 4776 ἑστῶτα,
2615 4716 2713 4765 καὶ
2741 4714 2997 4778 καλέσας,
3030 4709 3154 4769 εἰπέ
3182 4731 3276 4784 μοι
3306 4718 3364 4770 ἐν
3398 4731 3618 4788 μυστηρ
3633 4720 3718 4792 ίῳ·

2163 4805 2385 4873 Ἀδελφὲ
2427 4805 2679 4875 Ὀρέστα,
2730 4807 3181 4878 προσαγόρευσον
3231 4808 3324 4861 τὸν
3376 4810 3571 4882 κύριον
3618 4811 3725 4865 Εὐ-

2153 4899 2427 4966 στρὸπιον,
2483 4899 2577 4952 καὶ
2613 4895 2736 4952 εἷπε
2774 4900 2930 4970 αὐτῷ
2963 4899 3052 4955 ἶνα
3108 4900 3336 4973 εὔξηται
3403 4904 3545 4975 ὑπὲρ
3577 4904 3716 4975 ἐμοῦ

2155 4991 2252 5045 καὶ
2290 4990 2506 5060 ταχέως
2540 5007 2609 5060 με
2643 4991 2861 5063 φθάσῃ·
2896 4992 3190 5063 ἐκδέχομαι
3232 4995 3344 5063 γὰρ
3389 4996 3579 5049 αὐτόν.
3608 4996 3723 5049 Καὶ

2159 5082 2335 5146 οὕτως
2373 5084 2822 5154 ἁπεκεφαλίσθη,
2874 5087 3094 5140 πάντων
3136 5086 3250 5141 τῶν
3298 5088 3721 5158 ὑπονοουμένων

2154 5177 2504 5247 Χριστιανῶν
2532 5176 2966 5249 ἐκδιωχθέντων,
3001 5181 3095 5234 καὶ
3147 5181 3377 5251 μηδενὸς
3415 5182 3601 5235 ίκανοῦ
3628 5182 3723 5234 δν-

2153 5289 2244 5335 τος
2272 5271 2545 5342 τολμῆσαι
2582 5272 2950 5341 προσεγγίσαι
2989 5271 3068 5342 τῷ
3103 5274 3276 5343 τόπῳ.
3336 5274 3495 5345 [ιαρὰ
3526 5274 3581 5328 at
3609 5273 3726 5327 τῶν

2156 5359 2216 5412 ἐν
2260 5360 2629 5430 Ἀραυράκοις
2663 5362 3051 5433 πρεσϐυτέρων
3098 5363 3160 5415 τδ
3203 5364 3362 5431 ἅγιον
3403 5364 3570 5418 αὐτοῦ
3614 5364 3727 5418 λεία

2151 5452 2323 5524 ψανον
2352 5457 2411 5507 ἐν
2438 5460 2596 5509 νυκτὶ
2625 5456 2860 5528 ἐκλάπη,
2908 5456 2969 5524 ἐξ
2997 5452 3059 5513 οὗ
3092 5458 3190 5512 καὶ
3241 5459 3343 5528 τῆς
3372 5458 3619 5528 κεφαλῆς
3646 5456 3726 5530 μή

2154 5548 2501 5619 εὑρεθείσης,
2550 5548 2787 5620 ήρξαντο
2821 5549 3027 5615 πάντες
3078 5548 3315 5607 κλαίειν.
3376 5538 3490 5605 Καὶ
3509 5549 3573 5621 δὴ
3628 5565 3728 5604 κο·
