4102 6376
327 354 431 420 489

1155 349 1625 410 MARTYRIUM
1671 350 1732 410 S.
1773 350 2185 409 EUsTilA'i‘ll
2230 348 2325 407 ET
2363 346 2785 409 SOCIORUM.

3469 348 3576 409 490

512 449 598 519 εἰς
627 457 848 524 δέιδρον
876 456 1172 518 ἐπιστᾶσα,
1195 455 1431 526 ἔκρωξε,
1458 457 1553 508 καὶ
1579 456 1906 517 ἀπελθόντες

2012 471 2140 509 vero
2165 457 2229 508 ad
2265 471 2473 509 ramum
2514 454 2729 509 arboris
2779 453 3102 525 presbyteri,
3137 454 3190 508 in
3238 470 3341 526 qua
3393 459 3585 511 cornix

331 552 378 601 oi
418 546 789 618 πρεσϐύτεροι
839 537 1003 616 εὗρον
1049 548 1127 609 εἰς
1173 545 1272 617 τὴν
1305 544 1492 610 ζεῦξιν
1545 546 1649 600 τῶν
1702 548 1907 599 κλωνα-

329 642 463 710 ρὶων
485 636 580 692 τοῦ
613 636 835 706 δένδρου
865 638 1005 690 ὅπου
1033 638 1258 707 ἑστήκει
1296 639 1327 707 ἡ
1366 637 1608 709 κορώνη,
1642 641 1763 692 ἐκεῖ
1786 656 1903 691 κει-

329 730 501 800 μένην
530 729 631 799 τὴν
658 728 906 799 κεφαλὴν
940 730 1035 782 καὶ
1064 730 1406 800 ἐσιριγμένην
1464 732 1632 792 πάνυ,
1667 731 1764 783 καὶ
1817 731 1907 783 οὗ-

327 839 439 884 τως
472 821 713 889 ἄραντες
766 821 865 872 καὶ
900 820 1421 889 ,περιπτυξάμενοι,
1486 819 1797 890 μετέθηκαν
1848 822 1907 874 τὸ

326 913 587 982 λείψανον
617 910 810 975 αὑτοῦ,
838 910 938 965 τοῦ
959 910 1166 982 Κυρίου
1192 910 1693 970 κατευοδώσαντος.
1720 911 1907 965 Ταῦτα

329 1008 574 1069 ἀκούσας
606 1008 635 1059 6
662 1004 820 1073 ἅγιος
851 1003 1213 1075 Εὐστράτιος,
1264 1005 1522 1071 ἕκλαυσε,
1577 1008 1671 1059 καὶ
1705 1006 1908 1060 ἐπεκα-

325 1098 523 1151 λέσατο
554 1097 648 1151 τὸν
681 1097 814 1151 Θεὸν
839 1096 1130 1150 τελειῶσαι
1176 1097 1283 1150 καὶ
1331 1097 1426 1150 τὸν
1487 1097 1656 1150 αὐτοῦ
1684 1097 1904 1167 δρόμον,

326 1193 420 1245 καὶ
443 1187 565 1246 εἷπε
596 1190 674 1261 τῷ
712 1191 943 1261 Ὀρέστῃ
964 1206 979 1221 ’
1004 1190 1292 1259 Ἀγωμεν,
1324 1189 1541 1258 ἀδελφὲ,
1573 1190 1906 1261 σπεύσωμεν

327 1285 417 1337 καὶ
450 1284 645 1350 ἡμεῖς,
671 1282 835 1344 ὅπως
857 1280 1164 1350 φθάσωμεν
1185 1280 1374 1333 αὐτόν.

398 1374 525 1429 KA'.
562 1374 718 1428 Μετὰ
748 1374 880 1441 γοῦν
909 1374 1123 1443 ἡμέρας
1161 1371 1324 1423 πέντε
1358 1370 1606 1442 ἤχθησαν
1654 1373 1705 1425 οἱ
1757 1372 1906 1440 ἅγιοι

326 1468 407 1529 εἰς
461 1467 562 1535 τὴν
611 1465 967 1527 Σεδάστειαν,
1032 1466 1127 1517 καὶ
1185 1464 1567 1534 παρεδόθησαν
1621 1465 1728 1519 ὑπὸ
1796 1466 1906 1519 τῶν

328 1558 684 1629 στρατιωτῶν
712 1556 791 1625 τῷ
821 1556 1081 1626 ἡγεμόνι.
1108 1557 1219 1608 Καὶ
1247 1556 1541 1626 δεξάμενος
1588 1560 1616 1610 6
1649 1558 1906 1627 Ἄγρικό-

326 1650 456 1710 λαος
484 1647 588 1718 τὴν
637 1645 932 1717 ἐπιστολὴν
974 1648 1072 1700 τοῦ
1136 1646 1364 1708 Δοσίου,
1410 1648 1467 1699 ἐν
1521 1648 1906 1718 ἀσφαλεστάτη

328 1740 550 1810 φρουρᾷ
601 1738 895 1791 ἐκέλευσεν
955 1736 1159 1801 αὐτοὺς
1215 1736 1612 1804 φυλάττεσθαι.
1675 1740 1785 1791 Καὶ
1836 1742 1903 1807 τῇ

329 1832 459 1902 ἑξῆς
491 1831 701 1902 ἡμέρα,
731 1827 963 1895 καθίσας
993 1833 1088 1886 ἐπὶ
1114 1831 1211 1885 τοῦ
1256 1830 1503 1901 βήματος
1557 1829 1797 1899 δημοσίᾳ
1845 1830 1906 1881 ἑν

328 1925 395 1993 τῇ
430 1924 631 1994 ἀγορᾷ,
691 1921 927 1993 ἀχθῆναι
963 1924 1092 1986 τοὺς
1149 1922 1340 1993 άγίους
1390 1922 1672 1985 ἐκέλευσε,
1724 1921 1908 1991 πάσης

325 2014 430 2083 τῆς
459 2013 674 2071 πόλεως
704 2014 1124 2085 παρισταμένης
1156 2014 1329 2084 αὐτῷ.
1382 2012 1441 2066 '0
1471 2012 1656 2084 ἄρχων
1716 2008 1904 2066 εἶπεν·

328 2109 396 2160 Ai
449 2106 794 2176 πεμφθεῖσαι
849 2107 1133 2160 ἐπιστολαὶ
1196 2105 1350 2177 παρὰ
1390 2105 1489 2157 τοῦ
1543 2104 1907 2175 περιδλέπτου

328 2198 520 2261 δουκδς
549 2198 778 2264 Λυσίου,
823 2199 983 2270 καὶὴ
1049 2196 1588 2269 παρακολουθήσασα
1628 2196 1909 2266 ἔγγραφος

329 2290 576 2354 ἐξέτασις
623 2290 766 2344 κατὰ
793 2290 888 2343 τοῦ
936 2290 1174 2352 ἑστῶτος
1233 2289 1573 2358 Εὑστρατίου
1640 2288 1910 2358 πρότερον

328 2382 921 2447 ἁναγινωσκέσθωσαν.
988 2382 1100 2435 Καὶ
1153 2382 1294 2452 μετὰ
1353 2382 1416 2433 τὸ
1453 2379 1907 2449 ἀναγνωσθῆναι,

330 2469 515 2524 ἔσεισε
565 2471 666 2541 τὴν
719 2472 966 2543 κεφαλὴν
1022 2472 1190 2526 αὐτοῦ
1238 2473 1268 2525 6
1323 2472 1703 2541 Ἀγρικόλαος,
1777 2471 1909 2525 θαυ-

335 2563 519 2632 μάσας
549 2568 650 2632 τήν
698 2564 788 2617 τοῦ
836 2563 993 2633 ἁγίου
1043 2562 1378 2633 Εὐστρατίου
1426 2562 1622 2631 σοφίαν
1673 2562 1733 2614 ἐν
1786 2564 1908 2624 ταῖς

333 2656 700 2709 καταθέσεσιν
729 2674 742 2686 ·
775 2652 896 2711 εἶτα
924 2656 1244 2717 διελάλησεν
1279 2653 1422 2707 οὕτω
1451 2670 1467 2685 σ
1513 2653 1606 2725 Μὴ
1659 2653 1909 2723 ὑπολάμ-

333 2748 492 2811 ϐανε,
524 2741 571 2802 ὦ
616 2750 943 2818 Εὐστράτιε,
982 2747 1375 2818 παραπλησίαν
1410 2750 1476 2817 τῇ
1512 2748 1682 2801 πάλαι
1729 2748 1909 2817 κρίσει

336 2839 560 2894 ἔσεσθαί
592 2858 675 2893 σοι
699 2841 800 2911 τὴν
824 2840 1064 2893 ἐνταῦθα
1095 2841 1274 2910 δίκην.
1313 2840 1450 2909 Πρὶν
1480 2834 1574 2892 οὖν
1610 2857 1667 2891 σε
1712 2856 1909 2908 πειρα-

332 2936 498 3005 θῆναι
538 2926 768 3003 ταύτης,
805 2934 1091 2985 ὑπόκυπτε
1125 2936 1238 2996 τοῖς
1268 2932 1605 3002 θεσπίσμασι
1634 2921 1743 2985 τῶν
1768 2949 1907 3001 κρα-

333 3030 594 3094 τούντων,
628 3030 721 3080 καὶ
756 3023 1071 3097 προσελθὼν
1106 3025 1419 3094 πρόσπεσον
1467 3026 1582 3085 τοῖς
1627 3023 1907 3093 μεγίστοις

2009 547 2187 600 stabat
2222 548 2485 612 clamans,
2534 547 2721 602 vident
2772 547 2822 602 id
2866 548 3056 618 jacens
3087 562 3255 617 prope
3286 548 3584 610 cornicem,

2005 647 2213 693 etcum
2277 640 2453 707 ipsum
2488 638 2788 693 honoriﬁce
2837 640 3208 705 sustulissent,
3248 641 3590 695 sustulerunt

2007 733 2170 786 etiam
2214 744 2430 789 sanctas
2476 737 2594 804 ejus
2644 733 2921 803 reliquias,
2957 744 3011 790 et
3039 751 3134 791 eas
3186 738 3586 794 transtulerunt

2010 825 2063 877 in
2110 824 2288 879 locum
2352 842 2553 896 purum
2597 836 2654 883 et
2717 826 3011 898 insignem.
3058 827 3184 884 Haec
3210 845 3333 886 cum
3365 840 3586 888 sanctus

2006 916 2309 973 audivisset
2363 920 2694 983 Eustratius,
2750 919 2921 984 ﬂevit,
2972 928 3025 975 et
3058 919 3227 976 Deum
3292 923 3583 986 invocavit,

2006 1017 2064 1063 et
2080 1007 2483 1065 dixitOrestae:
2516 1010 2807 1082 Pergamus
2831 1002 2945 1064 ηοξ
2951 1025 3192 1082 quoque,
3240 1021 3301 1067 et
3347 1014 3415 1069 ad
3459 1029 3586 1069 eum

2006 1099 2193 1156 venire
2226 1100 2565 1157 festinemus.

2077 1372 2220 1427 XXI.
2261 1372 2516 1442 Quinque
2556 1381 2739 1428 autem
2772 1381 2893 1442 post
2922 1371 3119 1427 diebus
3155 1372 3329 1426 sancti
3358 1371 3585 1427 adducti

2008 1474 2135 1521 sunt
2184 1464 2492 1529 Sebasten;
2537 1473 2593 1519 et
2644 1464 2832 1518 traditi
2872 1472 3003 1519 sunt
3044 1480 3074 1520 a
3114 1463 3385 1518 militibus
3443 1484 3457 1518 :
3506 1473 3583 1528 et,

2009 1569 2236 1628 accepta
2283 1558 2456 1630 Lysiae
2488 1558 2740 1627 epistola,
2773 1558 3093 1628 Agricolaus
3132 1558 3297 1627 jussit
3343 1572 3441 1612 eos
3468 1573 3587 1613 ser-

2010 1651 2125 1706 vari
2155 1651 2209 1705 in
2242 1651 2512 1706 tutissima
2541 1650 2790 1706 custodia
2815 1668 2829 1704 :
2865 1659 2921 1705 et
2948 1651 3036 1706 die
3059 1651 3310 1721 sequenti
3336 1666 3460 1707 cum
3484 1668 3585 1722 pu-

2011 1740 2154 1796 blice
2189 1740 2423 1796 sedisset
2455 1742 2510 1795 in
2556 1740 2678 1794 foro
2707 1756 2807 1810 pro
2841 1741 3101 1795 tribunali
3136 1742 3189 1795 in
3223 1742 3446 1797 civitate
3477 1741 3583 1797 Se-

2011 1831 2388 1895 bastenorutn,
2436 1831 2601 1901 jussit
2629 1832 2949 1901 Agricolaus
2987 1832 3113 1887 duci
3162 1843 3403 1888 sanctos.
3443 1833 3582 1889 Uni-

2011 1937 2167 1978 vcrsa
2196 1933 2376 1978 autem
2408 1921 2629 1977 civitate
2662 1934 2987 2009 congregata
3040 1925 3106 1979 ad
3153 1940 3248 1979 eos
3293 1925 3583 1987 videndos.

2012 2014 2149 2069 dixit
2176 2014 2532 2085 Agricolaus:
2564 2014 2805 2083 Epistula
2856 2014 3019 2070 missa
3053 2015 3123 2069 ab
3154 2016 3351 2071 illustri
3398 2016 3583 2088 Lysia.

2010 2119 2068 2162 et
2100 2123 2221 2177 qure
2253 2115 2342 2161 est
2370 2116 2666 2161 consecuta
2701 2107 2919 2176 scriptis
2948 2108 3199 2161 mandata
3225 2108 3585 2170 examinatio,

2011 2199 2164 2270 prius
2192 2199 2427 2269 legatur.
2462 2199 2594 2263 Quze
2620 2208 2907 2267 postquam
2937 2198 3040 2251 fuit
3067 2197 3227 2263 lecta,
3258 2199 3337 2253 sic
3366 2198 3586 2253 locutus

2008 2298 2094 2345 est
2123 2290 2442 2361 Agricolaus
2465 2305 2479 2341 :
2506 2287 2585 2342 Ne
2619 2288 2919 2347 existimes,
2956 2302 2989 2340 ο
3034 2287 3297 2352 Eustrati,
3331 2288 3585 2342 similiter

2010 2396 2294 2438 cessurum
2327 2381 2417 2436 hic
2443 2381 2539 2435 tibi
2574 2394 2695 2435 esse
2720 2379 3071 2448 supplicium.
3101 2379 3425 2448 Priusquam
3452 2396 3585 2449 ergo

2012 2475 2180 2529 facias
2201 2473 2528 2544 perieulum,
2559 2472 2822 2527 submitte
2854 2480 2905 2525 te
2935 2470 3133 2526 edictis
3165 2471 3581 2538 imperatorum.

2013 2575 2069 2621 et
2109 2567 2399 2629 accedens,
2428 2564 2675 2620 sacriﬁca
2710 2563 2836 2618 diis.
2870 2564 3016 2618 Dixit
3050 2577 3181 2617 vero
3214 2572 3438 2619 sanctus
3479 2566 3587 2619 Eu-

2012 2658 2277 2712 slratius:
2319 2656 2365 2711 Ο
2389 2656 2580 2726 judex,
2613 2656 2954 2725 imperantne
2985 2655 3133 2726 leges
3159 2655 3322 2710 etiam
3354 2656 3587 2725 impera-

2013 2750 2244 2812 toribus,
2287 2765 2357 2803 an
2392 2748 2541 2803 non?
2586 2748 2731 2802 Dixit
2764 2762 3001 2817 praeses:
3038 2746 3286 2801 Maxime.
3338 2747 3470 2801 Nam
3504 2764 3585 2803 ea:

2012 2844 2081 2898 ab
2137 2844 2244 2897 illis
2281 2852 2591 2898 servantur.
2626 2840 2860 2893 Sanctus
2893 2839 3030 2892 dixit
3075 2838 3425 2893 Eustratius:
3463 2839 3585 2893 Tibi

2011 2951 2143 3006 ergo
2179 2943 2306 2989 ante
2333 2946 2545 2994 omnes,
2579 2941 2635 2986 et
2658 2944 2756 2985 eos
2786 2930 2974 2993 etiam,
3014 2928 3109 2999 qui
3138 2937 3315 2984 tecum
3348 2940 3495 2992 sunt,
3529 2933 3583 2984 in

2013 3025 2230 3094 scriptis
2261 3023 2392 3078 solis
2441 3021 2561 3076 sitze
2602 3028 2732 3075 sunt
2777 3020 2944 3091 leges.
2978 3019 3127 3074 Dixit
3160 3035 3404 3090 praeses:
3441 3020 3582 3075 Cur-

332 3126 500 3189 θεοῖς.
538 3124 598 3177 ὐ
634 3123 790 3191 ἅγιος
827 3121 1162 3192 Εὑστράτιος
1208 3116 1397 3173 εἶπεν·
1430 3116 1501 3172 Ὦ
1523 3119 1775 3185 δικαστά,
1806 3119 1908 3190 ἄρ-

2017 3132 2139 3171 nam
2170 3117 2272 3171 hoc
2302 3115 2462 3178 dicis,
2493 3128 2527 3168 ο
2554 3122 2719 3183 caput
2747 3112 3012 3182 impium?
3036 3111 3168 3179 Quis
3203 3128 3443 3182 unquam
3483 3129 3583 3167 au-

334 3235 527 3287 χουσιν
561 3217 612 3269 oi
646 3216 803 3283 νόμοι
836 3215 932 3267 καὶ
959 3214 1067 3267 τῶν
1101 3211 1391 3283 βασιλέων,
1417 3212 1451 3281 ἢ
1484 3212 1544 3264 οὖ
1572 3228 1588 3269 :
1633 3212 1691 3264 '0
1721 3212 1910 3281 ἄρχων

335 3305 455 3363 εἷπε
481 3324 496 3338 ⁸
529 3308 657 3360 Ναί.
694 3305 915 3375 Ἐπειδὴ
955 3304 1047 3357 καὶ
1079 3306 1441 3374 φυλάττονται
1463 3305 1595 3375 παρ’
1629 3302 1830 3356 αὐτῶν.
1852 3302 1910 3353 Ὀ

340 3403 495 3470 ἅγιος
520 3399 851 3470 Εὖστράτιπς
868 3398 1046 3452 εἶπεν·
1065 3396 1277 3451 Οὐκοῦν
1306 3398 1411 3468 πρὸ
1435 3397 1654 3450 πάντων
1682 3396 1798 3457 σοῦ,
1817 3394 1914 3450 καὶ

335 3497 445 3546 τὼν
474 3494 572 3546 σὺν
611 3493 694 3546 σοι
728 3494 966 3547 πάντων.
999 3493 1065 3545 Ἢ
1086 3495 1143 3544 ὲν
1168 3491 1462 3561 γράμμασι
1490 3490 1647 3558 μόνον
1675 3490 1908 3542 κεῖνται.

347 3588 408 3643 Ὀ
459 3587 649 3656 ἄρχων
702 3585 894 3639 εἶπεν·
952 3587 1112 3648 Τίνος
1167 3585 1325 3654 χάριν
1379 3583 1606 3635 τοιαῦτα
1672 3581 1909 3652 φθέγγῃ,

328 3681 524 3733 ἀνοσία
583 3680 833 3747 meum;
873 3680 968 3741 Τίς
1000 3679 1218 3732 ἐναντία
1263 3676 1371 3728 τῶν
1421 3676 1604 3746 νόμων
1652 3677 1912 3743 πράττειν

330 3774 465 3826 ποτε
526 3770 899 3839 τετόλμηκεν;
948 3770 1006 3823 ’0
1036 3769 1187 3837 ἅγιος
1236 3768 1568 3837 Εὑστράτιος
1604 3761 1757 3820 εἶπεν
1791 3782 1805 3795 ·
1842 3762 1915 3819 Ὦ

329 3865 581 3925 δικαστά,
629 3864 818 3933 spatii]
857 3864 1168 3933 περιέχεται
1195 3862 1273 3932 τῷ
1319 3862 1469 3930 νόμῳ
1505 3859 1603 3913 τοῦ
1648 3857 1914 3913 σεϐαστοῦ

332 3958 610 4028 Καίεαρος
632 3957 794 4009 οὕτω·
815 3955 914 4008 Βία
943 3939 1059 4024 μὲν,
1082 3955 1269 4022 φησιν,
1293 3954 1518 4005 ἀπέστω
1536 3952 1736 4014 παντὸς
1751 3951 1913 4021 λόγου

333 4050 426 4100 καὶ
454 4048 641 4117 ἔργου’
667 4047 846 4100 πειθοῖ
869 4046 923 4098 δὲ
946 4044 1252 4113 πανταχόσε
1285 4043 1674 4097 πολιτευέσθω.
1698 4044 1805 4096 Καὶ
1836 4043 1915 4094 δεῖ

332 4142 425 4193 τὸν
478 4141 783 4210 ἀρχόμενον
812 4140 959 4191 δυεῖν
993 4137 1241 4205 θάτερον,
1278 4135 1309 4205 ἢ
1339 4139 1601 4188 πείσαντα
1634 4137 1818 4205 τυχεῖν
1842 4127 1916 4185 ὧν

332 4234 695 4296 ἐσπούδακεν,
736 4233 770 4302 ἢ
805 4231 1120 4293 πεισθέντα,
1162 4231 1256 4283 σὺν
1285 4229 1512 4299 ἑκουσίᾳ
1536 4232 1602 4299 τῇ
1632 4227 1826 4299 γνώμῃ
1855 4226 1916 4278 τὸ

332 4325 808 4392 προσταττόμενον
846 4323 1126 4389 πράττειν.
1164 4322 1270 4373 Καὶ
1320 4320 1482 4373 πάλιν
1524 4321 1691 4390 ὀλίγῳ
1717 4322 1915 4391 μικρὸν

338 4417 479 4485 μετᾶ
510 4417 602 4468 τὸν
639 4415 799 4467 αὐτὸν
847 4414 1031 4483 στίχον
1060 4415 1314 4484 ἐπιφέρει
1344 4431 1360 4447 ·
1406 4413 1510 4465 Τὸν
1567 4414 1623 4465 δὲ
1675 4414 1911 4483 ἄρχοντα

333 4507 673 4575 θεσπίζομεν
711 4504 876 4573 φόϐον
924 4507 1197 4576 πραότητι
1241 4504 1473 4573 μίξαντα
1507 4504 1772 4567 δικάζειν.
1821 4506 1909 4569 Ὠς

338 4599 475 4668 μήτε
504 4598 657 4659 τινὰς
685 4596 771 4649 διὰ
805 4598 898 4649 τὸν
932 4597 1095 4665 φόϐον
1126 4594 1416 4664 δυσμενῶς
1452 4596 1619 4664 ἔχειν,
1651 4598 1791 4665 μήτε
1821 4597 1910 4650 διὰ

330 4683 433 4753 τὴν
456 4681 744 4751 πραότητα
777 4681 1147 4750 πλημμελεῖν.
1182 4680 1391 4743 Ταῦτα,
1442 4672 1487 4729 ὦ
1535 4678 1788 4743 δικαστὰ,
1817 4680 1909 4746 γέ-

331 4789 584 4841 γραπται
620 4771 816 4833 οὓτως,
851 4773 884 4842 ἦ
919 4772 1021 4836 οὖ;
1068 4772 1127 4823 Ὀ
1171 4771 1356 4841 ἄρχων
1420 4765 1541 4822 εἷπε
1588 4786 1600 4799 ο
1640 4770 1767 4823 Ναί.
1856 4771 1911 4822 Ὀ

333 4863 489 4928 ἅγιος
514 4862 858 4932 Εὐστρατιος
888 4861 1043 4912 εἶπεν
1069 4876 1083 4890 °
1118 4860 1334 4913 Οὐκοῦν
1372 4859 1568 4930 δέομαί
1606 4877 1724 4920 σου,
1766 4857 1905 4925 αὕτη

340 4956 369 5023 ὴ
400 4953 556 5017 τάξις
590 4954 685 5005 καὶ
721 4953 810 5005 ἐπ’
835 4954 958 5021 ἐμοὶ
992 4951 1370 5019 φυλαττέσθω.
1401 4952 1464 5003 '0
1492 4953 1680 5022 ἄρχων
1718 4946 1870 5003 εἶπεν
1897 4965 1911 4980 °

338 5048 446 5098 Καὶ
482 5046 578 5097 ἐπὶ
611 5045 715 5106 σοὶ,
750 5047 842 5095 καὶ
870 5044 961 5094 ἐπὶ
995 5042 1161 5096 παντὶ
1189 5042 1258 5094 τὰ
1296 5042 1405 5095 τῶν
1447 5043 1627 5110 νόμων
1651 5043 1789 5110 μετὰ
1816 5040 1910 5094 τοῦ

336 5136 656 5205 «pose/apes
723 5134 1065 5202 σεϐάσματος
1138 5135 1510 5201 φυλάττεσθαι
1573 5134 1907 5201 ἐπάναγκες.

348 5231 408 5282 '0
468 5230 623 5298 ἇγιος
676 5227 1006 5297 Εὑστρᾶτιος
1058 5221 1254 5278 εἶπεν·
1291 5225 1501 5279 Οὐκοῦν
1552 5226 1744 5296 δέομαί
1787 5243 1905 5290 σου,

339 5324 616 5393 πραότητι
648 5321 983 5390 συγκραθεὶς
1013 5320 1041 5371 6
1069 5319 1234 5388 φόϐος
1282 5335 1396 5382 σου,
1429 5319 1505 5381 ὡς
1550 5319 1769 5372 πάντων
1815 5322 1915 5389 ἐμ-

339 5416 665 5487 πειρότατος
701 5413 993 5481 πεισθῆναι
1020 5411 1291 5480 πρότερον
1321 5410 1352 5481 ἦ
1382 5416 1575 5463 πεῖσαι
1608 5411 1913 5482 θελησάτω,
1952 5408 2205 5480 λογισμῷ
2268 5407 2479 5459 ἕκαστα
2526 5404 2745 5471 κρίνων.

2014 3226 2109 3264 sus
2143 3219 2223 3264 est
2260 3208 2440 3263 facere
2472 3217 2662 3262 contra
2696 3204 2886 3275 leges?
2936 3203 3082 3259 Dixit
3109 3214 3332 3260 sanctus
3362 3205 3589 3262 Eustra-

2017 3300 2125 3354 tius
2152 3318 2165 3354 :
2217 3298 2485 3365 Quoniam
2516 3299 2595 3352 sic
2626 3297 2942 3351 continetur
2978 3298 3031 3350 in
3071 3296 3287 3368 legibus
3316 3297 3583 3355 Caesaris:

2016 3390 2110 3447 Vis
2154 3391 2378 3462 quidem
2427 3390 2570 3445 absit
2603 3390 2658 3443 in
2688 3389 2836 3443 omni
2868 3403 3120 3443 sermone
3155 3398 3211 3443 et
3260 3388 3423 3454 facto,
3458 3405 3588 3458 per-

2016 3483 2267 3539 suasione
2298 3492 2478 3536 autem
2508 3480 2692 3551 potius
2723 3479 3144 3536 administretur
3173 3480 3502 3549 respublica.
3531 3492 3589 3537 et

2017 3575 2246 3629 alterum
2277 3574 2511 3626 duorum
2544 3578 2779 3641 oportet,
2826 3580 2885 3624 ut
2924 3577 3019 3625 aut
3048 3571 3141 3640 qui
3173 3570 3423 3640 imperat,
3462 3586 3588 3639 per-

2017 3665 2244 3721 Suadeat
2275 3665 2324 3719 ei
2351 3666 2443 3735 qui
2476 3674 2629 3733 paret
2662 3664 2782 3733 ejus
2803 3662 3054 3733 imperio,
3086 3671 3147 3716 ut
3178 3672 3501 3733 assequatur
3524 3677 3589 3716 ea

2018 3773 2139 3829 quae
2162 3758 2350 3828 cupit:
2392 3768 2486 3811 aut
2533 3756 2626 3827 qui
2669 3762 2843 3826 paret,
2896 3769 3210 3823 persuasus,
3249 3769 3346 3807 sua
3395 3762 3589 3822 sponte

2021 3849 2186 3904 iaciat
2235 3850 2380 3917 quod
2412 3849 2655 3917 jubetur.
2692 3845 2757 3901 Et
2790 3862 2983 3900 rursus
3029 3846 3132 3899 hoc
3169 3844 3418 3899 continet
3468 3856 3590 3912 post

2018 3941 2271 3998 eumdem
2305 3954 2518 3992 versum
2546 3956 2559 3991 :
2593 3938 2895 3992 Statuituus
2920 3948 3127 3999 autem,
3165 3945 3225 3988 ut
3255 3950 3458 4005 prteses
3496 3938 3588 4005 ju-

2019 4036 2184 4097 dieet,
2238 4034 2475 4085 miscens
2528 4037 2733 4082 metum
2770 4028 3003 4089 lenitati,
3045 4041 3222 4095 neque
3257 4026 3420 4079 alicui
3458 4042 3589 4095 pro-

2020 4138 2140 4197 pter
2180 4135 2382 4179 tnetum
2420 4125 2529 4176 sint
2552 4121 2776 4184 infensi,
2809 4130 2865 4173 ut
2897 4135 3074 4189 neque
3098 4128 3325 4189 peccent
3366 4128 3590 4187 propter

2019 4218 2318 4273 lenitatem.
2351 4214 2496 4275 Haec,
2527 4229 2559 4265 ο
2584 4212 2771 4283 judex,
2822 4213 2896 4265 ita
2924 4213 3125 4281 scripta
3157 4220 3310 4277 sunt,
3334 4226 3401 4264 an
3439 4212 3589 4262 non?

2019 4308 2162 4365 Dixit
2189 4323 2391 4378 prmses
2415 4321 2429 4359 :
2455 4305 2613 4360 Sunt.
2650 4304 2724 4357 Te
2750 4319 2880 4373 ergo
2909 4318 3056 4374 rogo,
3084 4304 3226 4357 idem
3260 4301 3399 4356 ordo
3428 4302 3480 4355 in
3505 4318 3591 4354 me

2019 4419 2237 4474 quoque
2267 4411 2535 4457 servetur.
2568 4398 2712 4453 Dixit
2736 4413 2941 4467 praeses
2967 4416 2979 4451 :
3016 4398 3081 4450 Et
3110 4396 3162 4449 in
3194 4407 3267 4461 te,
3294 4406 3350 4450 et
3378 4396 3432 4449 in
3468 4412 3587 4452 om-

1946 4469 1987 4522 υ
2017 4513 2137 4560 nes,
2173 4496 2316 4563 leges
2347 4509 2469 4546 cum
2505 4508 2591 4556 ea,
2624 4506 2731 4560 qua
2770 4505 2866 4558 par
2889 4498 2994 4553 est,
3021 4489 3328 4543 reverentia
3366 4504 3592 4543 necesse

2018 4599 2101 4644 est
2134 4584 2429 4642 custodire.
2464 4583 2698 4638 Sanctus
2748 4582 2885 4635 dixit
2921 4580 3277 4634 Eustratius:
3316 4580 3400 4634 Sit
3430 4596 3582 4650 ergo,

2022 4696 2175 4749 rogo,
2225 4686 2350 4730 tuus
2385 4685 2582 4736 metus,
2632 4673 2854 4727 lenitate
2898 4680 3366 4741 contemperatus,
3402 4679 3459 4723 ut
3496 4670 3588 4740 qui

2019 4786 2142 4824 (“um
2196 4770 2273 4824 sis
2325 4766 2570 4822 omnium
2630 4765 3158 4836 experientissimus,
3218 4764 3353 4819 velis
3412 4763 3591 4833 potius

2019 4860 2362 4932 persuaderi,
2402 4873 2565 4929 quam
2598 4856 2950 4927 persuadere,
2975 4855 3231 4926 judicans
3259 4854 3472 4923 singula
3501 4868 3591 4905 ra-

2020 4954 2194 5008 tione.
2225 4952 2320 5006 Sin
2349 4959 2531 5005 autem
2558 4949 2662 5003 hoc
2691 4963 2799 5001 non
2828 4948 2974 5007 licet.
3010 4946 3216 5015 absque
3242 4944 3348 4997 ulla
3379 4944 3599 5023 ratione.

2015 5054 2070 5099 et
2100 5042 2609 5105 constitutionibus,
2664 5040 2818 5110 puni,
2867 5038 3080 5103 occide,
3116 5038 3201 5090 fac
3232 5035 3376 5104 quod
3431 5035 3599 5100 velis,

2017 5136 2225 5189 Prazses
2258 5132 2428 5187 dixit:
2483 5130 2637 5197 Quod
2687 5122 2839 5193 velis.
2882 5127 2971 5182 dic
3010 5125 3271 5180 audacter
3302 5135 3356 5178 et
3396 5124 3590 5182 libera.

2020 5242 2145 5281 cum
2182 5224 2415 5296 gaudeat
2444 5221 2710 5293 judicium
2746 5221 2851 5275 hoc
2881 5218 3067 5288 potius
3106 5214 3320 5269 efficere
3361 5228 3591 5284 persua-

2023 5319 2201 5373 sione.

2843 5401 2904 5451 Εί
2956 5401 3013 5451 δὲ
3062 5398 3224 5451 τοῦτο
3270 5398 3372 5451 οὐκ
3423 5397 3591 5460 ἔστιν,

339 5513 495 5575 ἐκτὸς
525 5512 706 5581 λόγων
744 5511 840 5563 καὶ
878 5507 1183 5571 ἐξετάσεων
1211 5505 1469 5577 τιμὼρει,
1524 5508 1722 5575 σφάζε,
1771 5507 1915 5561 ποίει
1954 5506 1984 5560 ὃ
2030 5508 2230 5568 θέλεις.
2295 5503 2355 5555 Ὀ
2404 5500 2588 5570 ἄρχων
2674 5495 2827 5549 εἶπεν
2861 5512 2873 5525 ’
2911 5497 2975 5548 "O
3024 5494 3205 5564 βούλει
3285 5496 3409 5562 λέγε
3456 5504 3594 5565 μετα

342 5606 686 5676 πιρῤησίας,
723 5604 1008 5672 χαίροντος
1056 5601 1151 5651 καὶ
1202 5599 1297 5651 τοῦ
1338 5600 1689 5671 δικαστηρίου
1745 5602 1921 5656 πειθοῖ
1962 5601 2163 5670 μᾶλλον
2234 5593 2630 5649 πολιτεύεσθαι.
3068 5584 3105 5661 η“

416 5700 621 5752 KB'.'O
648 5697 799 5765 ἆγιος
833 5690 1167 5760 Εὑστράτιος
1195 5686 1316 5744 εἷπε
1346 5708 1357 5719 ·
1386 5692 1505 5743 Τίνι
1544 5712 1607 5761 με
1651 5693 1917 5759 κελεύεις,

343 5790 387 5848 ὧ
421 5792 672 5853 δκαςτᾶ,
706 5788 1105 5858 προσκυνῆσαι,
1159 5784 1299 5853 Θεῷ,
1336 5784 1364 5852 ἢ
1405 5786 1541 5849 θεοῖς
1570 5804 1583 5851 ;

688 5886 956 5946 Ρλῖιιοι..
1006 5891 1119 5947 Gtt.
1170 5882 1382 5943 CXll.

1651 5786 1706 5837 Ὀ
1741 5788 1920 5854 ἄρχων

2103 5689 2265 5743 XXII.
2309 5687 2541 5741 Sanctus
2574 5683 2709 5736 dixit
2741 5682 3049 5736 Eustratius
3084 5697 3096 5735 :
3128 5680 3465 5747 Quibusnam
3492 5682 3598 5738 diis

2028 5785 2186 5854 juch
2246 5798 2328 5835 me
2390 5778 2719 5844 sacrificare,
2784 5776 3085 5847 majoribus
3140 5790 3207 5828 an
3239 5776 3597 5834 minoribus?

3096 5871 3164 5934 16
