  <div class='ocr_page' id='page_1' title='image "/cluster/home/n/w/nwhite01/storage/ocr_20150623/116/hvd.32044073502221/251.png"; bbox 0 0 4102 6376; ppageno 0'>
   <div class='ocr_carea' id='block_1_1' title="bbox 349 5052 1350 5124">
    <p class='ocr_par' dir='ltr' id='par_1_1' title="bbox 349 5052 1350 5124">
     <span class='ocr_line' id='line_1_1' title="bbox 349 5052 1350 5124; baseline 0.007 -21"><span class='ocrx_word' id='word_1_1' title='bbox 349 5052 407 5084; x_wconf 54' lang='grc' dir='ltr'><strong>λ’</strong></span> <span class='ocrx_word' id='word_1_2' title='bbox 445 5052 666 5115; x_wconf 73' lang='grc' dir='ltr'>τιςοντα</span> <span class='ocrx_word' id='word_1_3' title='bbox 696 5053 988 5124; x_wconf 83' lang='grc' dir='ltr'>μιμεῖσθαι</span> <span class='ocrx_word' id='word_1_4' title='bbox 1022 5058 1090 5108; x_wconf 77' lang='grc' dir='ltr'>τὰ</span> <span class='ocrx_word' id='word_1_5' title='bbox 1125 5056 1350 5110; x_wconf 76' lang='grc' dir='ltr'>τοιαῦτα</span> 
     </span>
    </p>
   </div>
   <div class='ocr_carea' id='block_1_2' title="bbox 449 308 551 376">
    <p class='ocr_par' dir='ltr' id='par_1_2' title="bbox 449 308 551 376">
     <span class='ocr_line' id='line_1_2' title="bbox 449 308 551 376; baseline -0.01 -1"><span class='ocrx_word' id='word_1_6' title='bbox 449 308 551 376; x_wconf 72' lang='grc'><strong>491</strong></span> 
     </span>
    </p>
   </div>
   <div class='ocr_carea' id='block_1_3' title="bbox 1706 304 2452 367">
    <p class='ocr_par' dir='ltr' id='par_1_3' title="bbox 1706 304 2452 367">
     <span class='ocr_line' id='line_1_3' title="bbox 1706 304 2452 367; baseline 0.003 -2"><span class='ocrx_word' id='word_1_7' title='bbox 1706 305 1984 365; x_wconf 79' lang='lat' dir='ltr'><strong>MENSIS</strong></span> <span class='ocrx_word' id='word_1_8' title='bbox 2006 304 2452 367; x_wconf 75' lang='lat' dir='ltr'><strong>.DECEMBER.</strong></span> 
     </span>
    </p>
   </div>
   <div class='ocr_carea' id='block_1_4' title="bbox 3597 306 3704 371">
    <p class='ocr_par' dir='ltr' id='par_1_4' title="bbox 3597 306 3704 371">
     <span class='ocr_line' id='line_1_4' title="bbox 3597 306 3704 371; baseline 0 -1"><span class='ocrx_word' id='word_1_9' title='bbox 3597 306 3704 371; x_wconf 71' lang='grc' dir='ltr'><strong>ιιι</strong></span> 
     </span>
    </p>
   </div>
   <div class='ocr_carea' id='block_1_5' title="bbox 452 408 2026 491">
    <p class='ocr_par' dir='ltr' id='par_1_5' title="bbox 452 413 2016 491">
     <span class='ocr_line' id='line_1_5' title="bbox 452 413 2016 491; baseline -0.008 -13"><span class='ocrx_word' id='word_1_10' title='bbox 452 424 600 479; x_wconf 89' lang='lat' dir='ltr'><strong>Dixit</strong></span> <span class='ocrx_word' id='word_1_11' title='bbox 655 431 900 491; x_wconf 84' lang='lat' dir='ltr'><strong>praeses:</strong></span> <span class='ocrx_word' id='word_1_12' title='bbox 930 415 1048 472; x_wconf 86' lang='lat' dir='ltr'><strong>Jovi</strong></span> <span class='ocrx_word' id='word_1_13' title='bbox 1080 415 1341 484; x_wconf 89' lang='lat' dir='ltr'><strong>primum,</strong></span> <span class='ocrx_word' id='word_1_14' title='bbox 1379 422 1433 468; x_wconf 91' lang='lat' dir='ltr'><strong>et</strong></span> <span class='ocrx_word' id='word_1_15' title='bbox 1481 423 1611 468; x_wconf 92' lang='lat' dir='ltr'><strong>tunc</strong></span> <span class='ocrx_word' id='word_1_16' title='bbox 1661 413 1924 483; x_wconf 77' lang='lat' dir='ltr'><strong>Apollini,</strong></span> <span class='ocrx_word' id='word_1_17' title='bbox 1959 421 2016 466; x_wconf 89' lang='lat' dir='ltr'><strong>et</strong></span> 
     </span>
    </p>
   </div>
   <div class='ocr_carea' id='block_1_6' title="bbox 2136 408 3708 491">
    <p class='ocr_par' dir='ltr' id='par_1_6' title="bbox 2136 408 3708 485">
     <span class='ocr_line' id='line_1_6' title="bbox 2136 408 3708 485; baseline 0.002 -21"><span class='ocrx_word' id='word_1_18' title='bbox 2136 408 2241 466; x_wconf 71' lang='grc' dir='ltr'>ιῖπε</span> <span class='ocrx_word' id='word_1_19' title='bbox 2276 427 2292 444; x_wconf 89' lang='grc'>⁶</span> <span class='ocrx_word' id='word_1_20' title='bbox 2367 411 2474 465; x_wconf 75' lang='grc' dir='ltr'><strong>Καὶ</strong></span> <span class='ocrx_word' id='word_1_21' title='bbox 2516 410 2653 481; x_wconf 84' lang='grc' dir='ltr'>Θεῷ,</span> <span class='ocrx_word' id='word_1_22' title='bbox 2701 410 2794 464; x_wconf 80' lang='grc' dir='ltr'><strong>καὶ</strong></span> <span class='ocrx_word' id='word_1_23' title='bbox 2842 410 3006 474; x_wconf 84' lang='grc' dir='ltr'>θεοῖς.</span> <span class='ocrx_word' id='word_1_24' title='bbox 3059 409 3118 464; x_wconf 87' lang='lat'><strong>&#39;0</strong></span> <span class='ocrx_word' id='word_1_25' title='bbox 3167 411 3320 478; x_wconf 73' lang='grc' dir='ltr'>ἅγιος</span> <span class='ocrx_word' id='word_1_26' title='bbox 3373 413 3708 485; x_wconf 77' lang='grc' dir='ltr'>Εὖστράτιος</span> 
     </span>
    </p>
   </div>
   <div class='ocr_carea' id='block_1_7' title="bbox 451 505 2023 584">
    <p class='ocr_par' dir='ltr' id='par_1_7' title="bbox 451 505 2023 584">
     <span class='ocr_line' id='line_1_7' title="bbox 451 505 2023 584; baseline -0.01 -14"><span class='ocrx_word' id='word_1_27' title='bbox 451 515 725 584; x_wconf 75' lang='lat' dir='ltr'><strong>Neptuno.</strong></span> <span class='ocrx_word' id='word_1_28' title='bbox 785 509 1020 564; x_wconf 81' lang='lat' dir='ltr'><strong>Sanctus</strong></span> <span class='ocrx_word' id='word_1_29' title='bbox 1061 506 1198 560; x_wconf 88' lang='lat' dir='ltr'><strong>dixit</strong></span> <span class='ocrx_word' id='word_1_30' title='bbox 1247 505 1558 560; x_wconf 86' lang='lat' dir='ltr'><strong>Eustratius</strong></span> <span class='ocrx_word' id='word_1_31' title='bbox 1604 522 1618 560; x_wconf 93' lang='lat'><strong>:</strong></span> <span class='ocrx_word' id='word_1_32' title='bbox 1683 505 2023 572; x_wconf 80' lang='lat' dir='ltr'><strong>Quibusnam</strong></span> 
     </span>
    </p>
   </div>
   <div class='ocr_carea' id='block_1_8' title="bbox 451 597 2025 677">
    <p class='ocr_par' dir='ltr' id='par_1_8' title="bbox 451 597 2025 677">
     <span class='ocr_line' id='line_1_8' title="bbox 451 597 2025 677; baseline -0.005 -19"><span class='ocrx_word' id='word_1_33' title='bbox 451 617 650 677; x_wconf 87' lang='lat' dir='ltr'><strong>parens</strong></span> <span class='ocrx_word' id='word_1_34' title='bbox 669 598 1031 670; x_wconf 87' lang='lat' dir='ltr'><strong>sapientibus,</strong></span> <span class='ocrx_word' id='word_1_35' title='bbox 1049 606 1143 652; x_wconf 89' lang='lat' dir='ltr'><strong>aut</strong></span> <span class='ocrx_word' id='word_1_36' title='bbox 1164 597 1580 668; x_wconf 87' lang='lat' dir='ltr'><strong>interpretibus,</strong></span> <span class='ocrx_word' id='word_1_37' title='bbox 1601 606 1696 652; x_wconf 89' lang='lat' dir='ltr'><strong>aut</strong></span> <span class='ocrx_word' id='word_1_38' title='bbox 1715 597 2025 668; x_wconf 74' lang='lat' dir='ltr'><strong>prophetis,</strong></span> 
     </span>
    </p>
   </div>
   <div class='ocr_carea' id='block_1_9' title="bbox 451 689 2024 758">
    <p class='ocr_par' dir='ltr' id='par_1_9' title="bbox 451 689 2024 758">
     <span class='ocr_line' id='line_1_9' title="bbox 451 689 2024 758; baseline -0.008 -6"><span class='ocrx_word' id='word_1_39' title='bbox 451 693 742 752; x_wconf 75' lang='lat' dir='ltr'><strong>invenistis</strong></span> <span class='ocrx_word' id='word_1_40' title='bbox 808 706 904 746; x_wconf 89' lang='lat' dir='ltr'><strong>eos</strong></span> <span class='ocrx_word' id='word_1_41' title='bbox 981 705 1103 745; x_wconf 89' lang='lat' dir='ltr'><strong>esse</strong></span> <span class='ocrx_word' id='word_1_42' title='bbox 1175 689 1517 744; x_wconf 87' lang='lat' dir='ltr'><strong>adorandos?</strong></span> <span class='ocrx_word' id='word_1_43' title='bbox 1577 689 1722 742; x_wconf 88' lang='lat' dir='ltr'><strong>Dixit</strong></span> <span class='ocrx_word' id='word_1_44' title='bbox 1776 703 2024 758; x_wconf 62' lang='lat' dir='ltr'><strong>praeses:</strong></span> 
     </span>
    </p>
   </div>
   <div class='ocr_carea' id='block_1_10' title="bbox 451 779 2024 848">
    <p class='ocr_par' dir='ltr' id='par_1_10' title="bbox 451 779 2024 848">
     <span class='ocr_line' id='line_1_10' title="bbox 451 779 2024 848; baseline -0.006 -6"><span class='ocrx_word' id='word_1_45' title='bbox 451 784 687 848; x_wconf 87' lang='lat' dir='ltr'><strong>Platoni,</strong></span> <span class='ocrx_word' id='word_1_46' title='bbox 741 781 1046 846; x_wconf 81' lang='lat' dir='ltr'><strong>Aristoteli,</strong></span> <span class='ocrx_word' id='word_1_47' title='bbox 1099 779 1367 843; x_wconf 83' lang='lat' dir='ltr'><strong>Hermeti,</strong></span> <span class='ocrx_word' id='word_1_48' title='bbox 1419 788 1477 834; x_wconf 92' lang='lat' dir='ltr'><strong>et</strong></span> <span class='ocrx_word' id='word_1_49' title='bbox 1512 779 1634 834; x_wconf 85' lang='lat' dir='ltr'><strong>aliis</strong></span> <span class='ocrx_word' id='word_1_50' title='bbox 1664 779 2024 848; x_wconf 81' lang='lat' dir='ltr'><strong>sapientibus,</strong></span> 
     </span>
    </p>
   </div>
   <div class='ocr_carea' id='block_1_11' title="bbox 452 869 2028 942">
    <p class='ocr_par' dir='ltr' id='par_1_11' title="bbox 452 869 2028 942">
     <span class='ocr_line' id='line_1_11' title="bbox 452 869 2028 942; baseline -0.003 -16"><span class='ocrx_word' id='word_1_51' title='bbox 452 885 592 942; x_wconf 91' lang='lat' dir='ltr'><strong>quos</strong></span> <span class='ocrx_word' id='word_1_52' title='bbox 632 870 679 926; x_wconf 83' lang='lat' dir='ltr'><strong>si</strong></span> <span class='ocrx_word' id='word_1_53' title='bbox 724 877 779 922; x_wconf 91' lang='lat' dir='ltr'><strong>tu</strong></span> <span class='ocrx_word' id='word_1_54' title='bbox 825 883 975 934; x_wconf 82' lang='lat' dir='ltr'><strong>esses</strong></span> <span class='ocrx_word' id='word_1_55' title='bbox 1009 875 1291 938; x_wconf 85' lang='lat' dir='ltr'><strong>expertus,</strong></span> <span class='ocrx_word' id='word_1_56' title='bbox 1332 883 1522 923; x_wconf 86' lang='lat' dir='ltr'><strong>eorum</strong></span> <span class='ocrx_word' id='word_1_57' title='bbox 1561 869 1770 924; x_wconf 80' lang='lat' dir='ltr'><strong>celeres</strong></span> <span class='ocrx_word' id='word_1_58' title='bbox 1819 882 2028 924; x_wconf 87' lang='lat' dir='ltr'><strong>memo-</strong></span> 
     </span>
    </p>
   </div>
   <div class='ocr_carea' id='block_1_12' title="bbox 454 956 2029 1023">
    <p class='ocr_par' dir='ltr' id='par_1_12' title="bbox 454 956 2029 1023">
     <span class='ocr_line' id='line_1_12' title="bbox 454 956 2029 1023; baseline -0.003 -7"><span class='ocrx_word' id='word_1_59' title='bbox 454 965 612 1023; x_wconf 87' lang='lat' dir='ltr'><strong>riam,</strong></span> <span class='ocrx_word' id='word_1_60' title='bbox 671 975 704 1013; x_wconf 95' lang='lat' dir='ltr'><strong>o</strong></span> <span class='ocrx_word' id='word_1_61' title='bbox 735 957 1001 1022; x_wconf 89' lang='lat' dir='ltr'><strong>Eustrati,</strong></span> <span class='ocrx_word' id='word_1_62' title='bbox 1030 971 1153 1011; x_wconf 91' lang='lat' dir='ltr'><strong>cum</strong></span> <span class='ocrx_word' id='word_1_63' title='bbox 1187 957 1300 1013; x_wconf 88' lang='lat' dir='ltr'><strong>sint</strong></span> <span class='ocrx_word' id='word_1_64' title='bbox 1346 956 1517 1011; x_wconf 85' lang='lat' dir='ltr'><strong>divini</strong></span> <span class='ocrx_word' id='word_1_65' title='bbox 1567 957 1672 1011; x_wconf 87' lang='lat' dir='ltr'><strong>viri</strong></span> <span class='ocrx_word' id='word_1_66' title='bbox 1707 966 1763 1012; x_wconf 91' lang='lat' dir='ltr'><strong>et</strong></span> <span class='ocrx_word' id='word_1_67' title='bbox 1794 956 2029 1012; x_wconf 86' lang='lat' dir='ltr'><strong>admira-</strong></span> 
     </span>
    </p>
   </div>
   <div class='ocr_carea' id='block_1_13' title="bbox 451 1047 2027 1105">
    <p class='ocr_par' dir='ltr' id='par_1_13' title="bbox 451 1047 2027 1105">
     <span class='ocr_line' id='line_1_13' title="bbox 451 1047 2027 1105; baseline -0.001 0"><span class='ocrx_word' id='word_1_68' title='bbox 451 1051 609 1105; x_wconf 85' lang='lat' dir='ltr'><strong>biles.</strong></span> <span class='ocrx_word' id='word_1_69' title='bbox 666 1049 902 1104; x_wconf 88' lang='lat' dir='ltr'><strong>Sanctus</strong></span> <span class='ocrx_word' id='word_1_70' title='bbox 944 1047 1082 1101; x_wconf 87' lang='lat' dir='ltr'><strong>dixit</strong></span> <span class='ocrx_word' id='word_1_71' title='bbox 1138 1048 1497 1103; x_wconf 87' lang='lat' dir='ltr'><strong>Eustratius:</strong></span> <span class='ocrx_word' id='word_1_72' title='bbox 1559 1049 1776 1104; x_wconf 83' lang='lat' dir='ltr'><strong>Nullius</strong></span> <span class='ocrx_word' id='word_1_73' title='bbox 1826 1049 2027 1104; x_wconf 89' lang='lat' dir='ltr'><strong>borum</strong></span> 
     </span>
    </p>
   </div>
   <div class='ocr_carea' id='block_1_14' title="bbox 454 1140 2027 1211">
    <p class='ocr_par' dir='ltr' id='par_1_14' title="bbox 454 1140 2027 1211">
     <span class='ocr_line' id='line_1_14' title="bbox 454 1140 2027 1211; baseline -0.001 -15"><span class='ocrx_word' id='word_1_74' title='bbox 454 1143 587 1196; x_wconf 91' lang='lat' dir='ltr'><strong>mihi</strong></span> <span class='ocrx_word' id='word_1_75' title='bbox 628 1149 758 1196; x_wconf 92' lang='lat' dir='ltr'><strong>sunt</strong></span> <span class='ocrx_word' id='word_1_76' title='bbox 802 1140 987 1210; x_wconf 75' lang='lat' dir='ltr'><strong>ignota</strong></span> <span class='ocrx_word' id='word_1_77' title='bbox 1027 1140 1310 1211; x_wconf 85' lang='lat' dir='ltr'><strong>mysteria,</strong></span> <span class='ocrx_word' id='word_1_78' title='bbox 1346 1141 1442 1196; x_wconf 92' lang='lat' dir='ltr'><strong>sed</strong></span> <span class='ocrx_word' id='word_1_79' title='bbox 1493 1141 1561 1195; x_wconf 89' lang='lat' dir='ltr'><strong>ab</strong></span> <span class='ocrx_word' id='word_1_80' title='bbox 1610 1144 1833 1196; x_wconf 89' lang='lat' dir='ltr'><strong>ineunte</strong></span> <span class='ocrx_word' id='word_1_81' title='bbox 1867 1151 2027 1196; x_wconf 82' lang='lat' dir='ltr'><strong>aetate</strong></span> 
     </span>
    </p>
   </div>
   <div class='ocr_carea' id='block_1_15' title="bbox 455 1232 2027 1301">
    <p class='ocr_par' dir='ltr' id='par_1_15' title="bbox 455 1232 2027 1301">
     <span class='ocr_line' id='line_1_15' title="bbox 455 1232 2027 1301; baseline -0.001 -12"><span class='ocrx_word' id='word_1_82' title='bbox 455 1249 647 1289; x_wconf 88' lang='lat' dir='ltr'><strong>eorum</strong></span> <span class='ocrx_word' id='word_1_83' title='bbox 685 1232 854 1286; x_wconf 88' lang='lat' dir='ltr'><strong>habui</strong></span> <span class='ocrx_word' id='word_1_84' title='bbox 909 1232 1332 1301; x_wconf 79' lang='lat' dir='ltr'><strong>experientiam.</strong></span> <span class='ocrx_word' id='word_1_85' title='bbox 1389 1232 1496 1299; x_wconf 85' lang='lat' dir='ltr'><strong>Qui</strong></span> <span class='ocrx_word' id='word_1_86' title='bbox 1532 1233 1698 1288; x_wconf 90' lang='lat' dir='ltr'><strong>etiam</strong></span> <span class='ocrx_word' id='word_1_87' title='bbox 1731 1233 1786 1288; x_wconf 93' lang='lat' dir='ltr'><strong>in</strong></span> <span class='ocrx_word' id='word_1_88' title='bbox 1819 1235 2027 1288; x_wconf 87' lang='lat' dir='ltr'><strong>musica</strong></span> 
     </span>
    </p>
   </div>
   <div class='ocr_carea' id='block_1_16' title="bbox 456 1324 2031 1396">
    <p class='ocr_par' dir='ltr' id='par_1_16' title="bbox 456 1324 2031 1396">
     <span class='ocr_line' id='line_1_16' title="bbox 456 1324 2031 1396; baseline 0.001 -18"><span class='ocrx_word' id='word_1_89' title='bbox 456 1326 685 1395; x_wconf 83' lang='lat' dir='ltr'><strong>pulchre</strong></span> <span class='ocrx_word' id='word_1_90' title='bbox 719 1339 840 1378; x_wconf 87' lang='lat' dir='ltr'><strong>sum</strong></span> <span class='ocrx_word' id='word_1_91' title='bbox 875 1334 1146 1389; x_wconf 89' lang='lat' dir='ltr'><strong>versatus,</strong></span> <span class='ocrx_word' id='word_1_92' title='bbox 1183 1335 1242 1379; x_wconf 90' lang='lat' dir='ltr'><strong>ut</strong></span> <span class='ocrx_word' id='word_1_93' title='bbox 1269 1324 1358 1379; x_wconf 90' lang='lat' dir='ltr'><strong>cui</strong></span> <span class='ocrx_word' id='word_1_94' title='bbox 1391 1325 1649 1396; x_wconf 75' lang='lat' dir='ltr'><strong>obtigerit</strong></span> <span class='ocrx_word' id='word_1_95' title='bbox 1682 1335 1837 1396; x_wconf 85' lang='lat' dir='ltr'><strong>pater</strong></span> <span class='ocrx_word' id='word_1_96' title='bbox 1857 1327 2031 1380; x_wconf 87' lang='lat' dir='ltr'><strong>virtu-</strong></span> 
     </span>
    </p>
   </div>
   <div class='ocr_carea' id='block_1_17' title="bbox 457 1416 2028 1489">
    <p class='ocr_par' dir='ltr' id='par_1_17' title="bbox 457 1416 2028 1489">
     <span class='ocr_line' id='line_1_17' title="bbox 457 1416 2028 1489; baseline 0.001 -17"><span class='ocrx_word' id='word_1_97' title='bbox 457 1420 527 1472; x_wconf 86' lang='lat' dir='ltr'><strong>tis</strong></span> <span class='ocrx_word' id='word_1_98' title='bbox 553 1417 836 1472; x_wconf 83' lang='lat' dir='ltr'><strong>studiosus</strong></span> <span class='ocrx_word' id='word_1_99' title='bbox 867 1433 880 1470; x_wconf 89' lang='lat'><strong>:</strong></span> <span class='ocrx_word' id='word_1_100' title='bbox 941 1425 1019 1481; x_wconf 88' lang='lat' dir='ltr'><strong>et,</strong></span> <span class='ocrx_word' id='word_1_101' title='bbox 1053 1417 1096 1471; x_wconf 90' lang='lat' dir='ltr'><strong>si</strong></span> <span class='ocrx_word' id='word_1_102' title='bbox 1129 1416 1312 1487; x_wconf 87' lang='lat' dir='ltr'><strong>jubes,</strong></span> <span class='ocrx_word' id='word_1_103' title='bbox 1355 1417 1685 1487; x_wconf 87' lang='lat' dir='ltr'><strong>incipiamus</strong></span> <span class='ocrx_word' id='word_1_104' title='bbox 1733 1419 1972 1489; x_wconf 85' lang='lat' dir='ltr'><strong>primum</strong></span> <span class='ocrx_word' id='word_1_105' title='bbox 1997 1433 2028 1473; x_wconf 86' lang='lat' dir='ltr'><strong>a</strong></span> 
     </span>
    </p>
   </div>
   <div class='ocr_carea' id='block_1_18' title="bbox 455 1508 2029 1576">
    <p class='ocr_par' dir='ltr' id='par_1_18' title="bbox 455 1508 2029 1576">
     <span class='ocr_line' id='line_1_18' title="bbox 455 1508 2029 1576; baseline -0.002 -10"><span class='ocrx_word' id='word_1_106' title='bbox 455 1511 702 1566; x_wconf 87' lang='lat' dir='ltr'><strong>Platone.</strong></span> <span class='ocrx_word' id='word_1_107' title='bbox 751 1508 898 1562; x_wconf 90' lang='lat' dir='ltr'><strong>Dixit</strong></span> <span class='ocrx_word' id='word_1_108' title='bbox 956 1522 1212 1576; x_wconf 82' lang='lat' dir='ltr'><strong>praeses:</strong></span> <span class='ocrx_word' id='word_1_109' title='bbox 1261 1509 1579 1566; x_wconf 83' lang='lat' dir='ltr'><strong>Invenimus</strong></span> <span class='ocrx_word' id='word_1_110' title='bbox 1626 1511 1908 1566; x_wconf 77' lang='lat' dir='ltr'><strong>Platonem</strong></span> <span class='ocrx_word' id='word_1_111' title='bbox 1972 1510 2029 1564; x_wconf 88' lang='lat' dir='ltr'><strong>in</strong></span> 
     </span>
    </p>
   </div>
   <div class='ocr_carea' id='block_1_19' title="bbox 454 1597 2031 1672">
    <p class='ocr_par' dir='ltr' id='par_1_19' title="bbox 454 1597 2031 1672">
     <span class='ocr_line' id='line_1_19' title="bbox 454 1597 2031 1672; baseline 0 -17"><span class='ocrx_word' id='word_1_112' title='bbox 454 1601 620 1666; x_wconf 89' lang='lat' dir='ltr'><strong>libro,</strong></span> <span class='ocrx_word' id='word_1_113' title='bbox 653 1599 746 1668; x_wconf 88' lang='lat' dir='ltr'><strong>qui</strong></span> <span class='ocrx_word' id='word_1_114' title='bbox 777 1597 1100 1653; x_wconf 86' lang='lat' dir='ltr'><strong>inscribitur</strong></span> <span class='ocrx_word' id='word_1_115' title='bbox 1123 1599 1368 1665; x_wconf 72' lang='lat' dir='ltr'><strong>Timwus,</strong></span> <span class='ocrx_word' id='word_1_116' title='bbox 1417 1599 1768 1656; x_wconf 89' lang='lat' dir='ltr'><strong>descendisse</strong></span> <span class='ocrx_word' id='word_1_117' title='bbox 1821 1602 1879 1656; x_wconf 90' lang='lat' dir='ltr'><strong>in</strong></span> <span class='ocrx_word' id='word_1_118' title='bbox 1928 1602 2031 1672; x_wconf 81' lang='lat' dir='ltr'><strong>Py-</strong></span> 
     </span>
    </p>
   </div>
   <div class='ocr_carea' id='block_1_20' title="bbox 455 1690 2030 1757">
    <p class='ocr_par' dir='ltr' id='par_1_20' title="bbox 455 1690 2030 1757">
     <span class='ocr_line' id='line_1_20' title="bbox 455 1690 2030 1757; baseline 0.001 -12"><span class='ocrx_word' id='word_1_119' title='bbox 455 1705 648 1757; x_wconf 71' lang='lat' dir='ltr'><strong>rteum,</strong></span> <span class='ocrx_word' id='word_1_120' title='bbox 704 1699 760 1744; x_wconf 93' lang='lat' dir='ltr'><strong>et</strong></span> <span class='ocrx_word' id='word_1_121' title='bbox 810 1698 1090 1757; x_wconf 87' lang='lat' dir='ltr'><strong>precatum</strong></span> <span class='ocrx_word' id='word_1_122' title='bbox 1138 1704 1262 1744; x_wconf 90' lang='lat' dir='ltr'><strong>esse</strong></span> <span class='ocrx_word' id='word_1_123' title='bbox 1329 1690 1510 1745; x_wconf 88' lang='lat' dir='ltr'><strong>deam.</strong></span> <span class='ocrx_word' id='word_1_124' title='bbox 1563 1691 1760 1747; x_wconf 84' lang='lat' dir='ltr'><strong>Tibine</strong></span> <span class='ocrx_word' id='word_1_125' title='bbox 1814 1691 2030 1747; x_wconf 88' lang='lat' dir='ltr'><strong>videtur</strong></span> 
     </span>
    </p>
   </div>
   <div class='ocr_carea' id='block_1_21' title="bbox 2126 497 3708 572">
    <p class='ocr_par' dir='ltr' id='par_1_21' title="bbox 2126 497 3708 572">
     <span class='ocr_line' id='line_1_21' title="bbox 2126 497 3708 572; baseline 0 -16"><span class='ocrx_word' id='word_1_126' title='bbox 2126 497 2308 556; x_wconf 76' lang='grc' dir='ltr'>εἶπενο</span> <span class='ocrx_word' id='word_1_127' title='bbox 2339 500 2562 565; x_wconf 73' lang='grc' dir='ltr'>Μείζονι</span> <span class='ocrx_word' id='word_1_128' title='bbox 2655 500 2750 554; x_wconf 69' lang='grc' dir='ltr'><strong>καὶ</strong></span> <span class='ocrx_word' id='word_1_129' title='bbox 2800 499 3122 566; x_wconf 73' lang='grc' dir='ltr'>ἑλάττισινς</span> <span class='ocrx_word' id='word_1_130' title='bbox 3183 501 3240 556; x_wconf 87' lang='lat'><strong>&#39;0</strong></span> <span class='ocrx_word' id='word_1_131' title='bbox 3292 504 3472 572; x_wconf 80' lang='grc' dir='ltr'>ἅρχων</span> <span class='ocrx_word' id='word_1_132' title='bbox 3549 499 3708 556; x_wconf 75' lang='grc' dir='ltr'>εἴπεο</span> 
     </span>
    </p>
   </div>
   <div class='ocr_carea' id='block_1_22' title="bbox 2132 591 3706 662">
    <p class='ocr_par' dir='ltr' id='par_1_22' title="bbox 2132 591 3706 662">
     <span class='ocr_line' id='line_1_22' title="bbox 2132 591 3706 662; baseline 0.002 -17"><span class='ocrx_word' id='word_1_133' title='bbox 2132 592 2264 646; x_wconf 86' lang='grc' dir='ltr'>Ναί.</span> <span class='ocrx_word' id='word_1_134' title='bbox 2299 591 2389 661; x_wconf 81' lang='grc' dir='ltr'>Τῷ</span> <span class='ocrx_word' id='word_1_135' title='bbox 2432 591 2517 642; x_wconf 75' lang='grc' dir='ltr'><strong>Διὶ</strong></span> <span class='ocrx_word' id='word_1_136' title='bbox 2567 591 2858 661; x_wconf 84' lang='grc' dir='ltr'>πρότερον,</span> <span class='ocrx_word' id='word_1_137' title='bbox 2912 591 3008 645; x_wconf 75' lang='grc' dir='ltr'>καὶ</span> <span class='ocrx_word' id='word_1_138' title='bbox 3065 592 3189 644; x_wconf 84' lang='grc' dir='ltr'>τότε</span> <span class='ocrx_word' id='word_1_139' title='bbox 3239 593 3320 662; x_wconf 82' lang='grc' dir='ltr'>τῷ</span> <span class='ocrx_word' id='word_1_140' title='bbox 3385 594 3706 660; x_wconf 80' lang='grc' dir='ltr'>Ἀπόλλωνι,</span> 
     </span>
    </p>
   </div>
   <div class='ocr_carea' id='block_1_23' title="bbox 2129 680 3710 754">
    <p class='ocr_par' dir='ltr' id='par_1_23' title="bbox 2129 680 3710 754">
     <span class='ocr_line' id='line_1_23' title="bbox 2129 680 3710 754; baseline 0.003 -18"><span class='ocrx_word' id='word_1_141' title='bbox 2129 683 2225 738; x_wconf 68' lang='grc' dir='ltr'><strong>καὶ⁷</strong></span> <span class='ocrx_word' id='word_1_142' title='bbox 2277 682 2596 736; x_wconf 86' lang='grc' dir='ltr'>Ποσειδῶνι.</span> <span class='ocrx_word' id='word_1_143' title='bbox 2662 683 2719 736; x_wconf 94' lang='lat'><strong>&#39;0</strong></span> <span class='ocrx_word' id='word_1_144' title='bbox 2762 683 2917 752; x_wconf 82' lang='grc' dir='ltr'>ἆγιος</span> <span class='ocrx_word' id='word_1_145' title='bbox 2965 683 3304 754; x_wconf 85' lang='grc' dir='ltr'>Εὐστράτιος</span> <span class='ocrx_word' id='word_1_146' title='bbox 3354 680 3542 738; x_wconf 74' lang='grc' dir='ltr'>εἶπενο</span> <span class='ocrx_word' id='word_1_147' title='bbox 3587 687 3710 740; x_wconf 86' lang='grc' dir='ltr'>Τίσι</span> 
     </span>
    </p>
   </div>
   <div class='ocr_carea' id='block_1_24' title="bbox 2129 775 3704 848">
    <p class='ocr_par' dir='ltr' id='par_1_24' title="bbox 2129 775 3704 848">
     <span class='ocr_line' id='line_1_24' title="bbox 2129 775 3704 848; baseline 0.003 -20"><span class='ocrx_word' id='word_1_148' title='bbox 2129 777 2314 844; x_wconf 85' lang='grc' dir='ltr'>σοφοῖς</span> <span class='ocrx_word' id='word_1_149' title='bbox 2378 775 2411 846; x_wconf 82' lang='grc' dir='ltr'>ἢ</span> <span class='ocrx_word' id='word_1_150' title='bbox 2469 775 2765 845; x_wconf 70' lang='grc' dir='ltr'><strong>ἐξηγηταῖς</strong></span> <span class='ocrx_word' id='word_1_151' title='bbox 2827 776 3166 844; x_wconf 84' lang='grc' dir='ltr'><strong>πειθόμενοι,</strong></span> <span class='ocrx_word' id='word_1_152' title='bbox 3228 776 3454 841; x_wconf 79' lang='grc' dir='ltr'><strong>τούτους</strong></span> <span class='ocrx_word' id='word_1_153' title='bbox 3513 778 3704 848; x_wconf 79' lang='grc' dir='ltr'>εὕρετε</span> 
     </span>
    </p>
   </div>
   <div class='ocr_carea' id='block_1_25' title="bbox 2127 863 3708 940">
    <p class='ocr_par' dir='ltr' id='par_1_25' title="bbox 2127 863 3708 940">
     <span class='ocr_line' id='line_1_25' title="bbox 2127 863 3708 940; baseline 0.003 -19"><span class='ocrx_word' id='word_1_154' title='bbox 2127 868 2586 939; x_wconf 84' lang='grc' dir='ltr'>προσκυνεῖσθαι;</span> <span class='ocrx_word' id='word_1_155' title='bbox 2629 867 2687 922; x_wconf 92' lang='lat'><strong>&#39;0</strong></span> <span class='ocrx_word' id='word_1_156' title='bbox 2729 866 2914 937; x_wconf 77' lang='grc' dir='ltr'>ἄρχων</span> <span class='ocrx_word' id='word_1_157' title='bbox 2984 863 3108 921; x_wconf 79' lang='grc' dir='ltr'>εἷπε</span> <span class='ocrx_word' id='word_1_158' title='bbox 3137 883 3152 898; x_wconf 84' lang='lat'><strong><em>°</em></strong></span> <span class='ocrx_word' id='word_1_159' title='bbox 3211 870 3518 934; x_wconf 74' lang='grc' dir='ltr'>Πλάτωνι,</span> <span class='ocrx_word' id='word_1_160' title='bbox 3563 872 3708 940; x_wconf 76' lang='grc' dir='ltr'>’Δρι-</span> 
     </span>
    </p>
   </div>
   <div class='ocr_carea' id='block_1_26' title="bbox 2133 956 3709 1032">
    <p class='ocr_par' dir='ltr' id='par_1_26' title="bbox 2133 956 3709 1032">
     <span class='ocr_line' id='line_1_26' title="bbox 2133 956 3709 1032; baseline 0.001 -17"><span class='ocrx_word' id='word_1_161' title='bbox 2133 960 2400 1028; x_wconf 81' lang='grc' dir='ltr'>στοτέλει,</span> <span class='ocrx_word' id='word_1_162' title='bbox 2440 959 2640 1030; x_wconf 80' lang='grc' dir='ltr'>Ἐρμῇ,</span> <span class='ocrx_word' id='word_1_163' title='bbox 2675 959 2772 1014; x_wconf 76' lang='grc' dir='ltr'>καὶ</span> <span class='ocrx_word' id='word_1_164' title='bbox 2799 962 2924 1023; x_wconf 88' lang='grc' dir='ltr'>τοῖς</span> <span class='ocrx_word' id='word_1_165' title='bbox 2956 958 3166 1025; x_wconf 84' lang='grc' dir='ltr'>λοιποῖς</span> <span class='ocrx_word' id='word_1_166' title='bbox 3193 965 3397 1032; x_wconf 80' lang='grc' dir='ltr'>σοφοῖς,</span> <span class='ocrx_word' id='word_1_167' title='bbox 3418 956 3492 1016; x_wconf 81' lang='grc' dir='ltr'>ὧν</span> <span class='ocrx_word' id='word_1_168' title='bbox 3517 966 3566 1017; x_wconf 85' lang='grc' dir='ltr'><strong>εί</strong></span> <span class='ocrx_word' id='word_1_169' title='bbox 3591 964 3709 1032; x_wconf 80' lang='grc' dir='ltr'><strong>ὲγέ-</strong></span> 
     </span>
    </p>
   </div>
   <div class='ocr_carea' id='block_1_27' title="bbox 2130 1050 3707 1123">
    <p class='ocr_par' dir='ltr' id='par_1_27' title="bbox 2130 1050 3707 1123">
     <span class='ocr_line' id='line_1_27' title="bbox 2130 1050 3707 1123; baseline 0 -17"><span class='ocrx_word' id='word_1_170' title='bbox 2130 1068 2221 1106; x_wconf 85' lang='grc' dir='ltr'><strong>νου</strong></span> <span class='ocrx_word' id='word_1_171' title='bbox 2253 1055 2309 1105; x_wconf 84' lang='grc' dir='ltr'><strong>ἐν</strong></span> <span class='ocrx_word' id='word_1_172' title='bbox 2336 1051 2540 1121; x_wconf 79' lang='grc' dir='ltr'>πείρᾳ,</span> <span class='ocrx_word' id='word_1_173' title='bbox 2578 1050 2763 1113; x_wconf 76' lang='grc' dir='ltr'>ἔσεεες</span> <span class='ocrx_word' id='word_1_174' title='bbox 2803 1052 2870 1104; x_wconf 86' lang='grc' dir='ltr'>ἂν</span> <span class='ocrx_word' id='word_1_175' title='bbox 2899 1050 3081 1104; x_wconf 85' lang='grc' dir='ltr'>αὐτῶν</span> <span class='ocrx_word' id='word_1_176' title='bbox 3109 1053 3210 1114; x_wconf 76' lang='grc' dir='ltr'>τὰς</span> <span class='ocrx_word' id='word_1_177' title='bbox 3243 1056 3488 1123; x_wconf 77' lang='grc' dir='ltr'><strong>μνήμας,</strong></span> <span class='ocrx_word' id='word_1_178' title='bbox 3523 1071 3567 1107; x_wconf 90' lang='grc' dir='ltr'><strong>ω</strong></span> <span class='ocrx_word' id='word_1_179' title='bbox 3599 1053 3707 1106; x_wconf 72' lang='grc' dir='ltr'><strong>Εὑ-</strong></span> 
     </span>
    </p>
   </div>
   <div class='ocr_carea' id='block_1_28' title="bbox 2131 1141 3709 1214">
    <p class='ocr_par' dir='ltr' id='par_1_28' title="bbox 2131 1141 3709 1214">
     <span class='ocr_line' id='line_1_28' title="bbox 2131 1141 3709 1214; baseline 0 -16"><span class='ocrx_word' id='word_1_180' title='bbox 2131 1141 2376 1214; x_wconf 87' lang='grc' dir='ltr'>στράτιε,</span> <span class='ocrx_word' id='word_1_181' title='bbox 2428 1143 2580 1204; x_wconf 81' lang='grc' dir='ltr'>ὅπως</span> <span class='ocrx_word' id='word_1_182' title='bbox 2641 1142 2955 1211; x_wconf 72' lang='grc' dir='ltr'>θαυμαστοὶ</span> <span class='ocrx_word' id='word_1_183' title='bbox 3010 1142 3104 1197; x_wconf 76' lang='grc' dir='ltr'>καὶ</span> <span class='ocrx_word' id='word_1_184' title='bbox 3161 1142 3297 1195; x_wconf 81' lang='grc' dir='ltr'>θεῖοι</span> <span class='ocrx_word' id='word_1_185' title='bbox 3369 1144 3709 1213; x_wconf 73' lang='grc' dir='ltr'><strong>ὑπάρχουσιν</strong></span> 
     </span>
    </p>
   </div>
   <div class='ocr_carea' id='block_1_29' title="bbox 2131 1229 3704 1303">
    <p class='ocr_par' dir='ltr' id='par_1_29' title="bbox 2131 1229 3704 1303">
     <span class='ocr_line' id='line_1_29' title="bbox 2131 1229 3704 1303; baseline -0.001 -16"><span class='ocrx_word' id='word_1_186' title='bbox 2131 1232 2348 1303; x_wconf 80' lang='grc' dir='ltr'>ἄνδρες.</span> <span class='ocrx_word' id='word_1_187' title='bbox 2393 1232 2452 1286; x_wconf 90' lang='lat'><strong>&#39;0</strong></span> <span class='ocrx_word' id='word_1_188' title='bbox 2488 1232 2645 1300; x_wconf 72' lang='grc' dir='ltr'>ἅγιος</span> <span class='ocrx_word' id='word_1_189' title='bbox 2679 1231 3016 1302; x_wconf 84' lang='grc' dir='ltr'>Εὐστράτιος</span> <span class='ocrx_word' id='word_1_190' title='bbox 3069 1229 3222 1286; x_wconf 81' lang='grc' dir='ltr'>εἶπεν</span> <span class='ocrx_word' id='word_1_191' title='bbox 3260 1250 3274 1264; x_wconf 77' lang='grc' dir='ltr'><strong><em>ο</em></strong></span> <span class='ocrx_word' id='word_1_192' title='bbox 3316 1233 3544 1298; x_wconf 74' lang='grc' dir='ltr'>Οὐδενὸς</span> <span class='ocrx_word' id='word_1_193' title='bbox 3579 1234 3704 1286; x_wconf 85' lang='grc' dir='ltr'>τού-</span> 
     </span>
    </p>
   </div>
   <div class='ocr_carea' id='block_1_30' title="bbox 2130 1323 3707 1398">
    <p class='ocr_par' dir='ltr' id='par_1_30' title="bbox 2130 1323 3707 1398">
     <span class='ocr_line' id='line_1_30' title="bbox 2130 1323 3707 1398; baseline 0.001 -21"><span class='ocrx_word' id='word_1_194' title='bbox 2130 1342 2243 1377; x_wconf 85' lang='grc' dir='ltr'><strong>των</strong></span> <span class='ocrx_word' id='word_1_195' title='bbox 2283 1323 2532 1395; x_wconf 79' lang='grc' dir='ltr'><strong>ἀμύητος</strong></span> <span class='ocrx_word' id='word_1_196' title='bbox 2561 1324 2815 1397; x_wconf 81' lang='grc' dir='ltr'><strong>ὑπάρχω,</strong></span> <span class='ocrx_word' id='word_1_197' title='bbox 2851 1324 2990 1378; x_wconf 78' lang='grc' dir='ltr'><strong>ἀλλά</strong></span> <span class='ocrx_word' id='word_1_198' title='bbox 3037 1325 3258 1390; x_wconf 73' lang='grc' dir='ltr'>πάντων</span> <span class='ocrx_word' id='word_1_199' title='bbox 3304 1325 3362 1378; x_wconf 81' lang='grc' dir='ltr'>ὲν</span> <span class='ocrx_word' id='word_1_200' title='bbox 3400 1327 3568 1398; x_wconf 69' lang='grc' dir='ltr'>πείρᾳ</span> <span class='ocrx_word' id='word_1_201' title='bbox 3612 1343 3707 1396; x_wconf 78' lang='grc' dir='ltr'><strong>γεσ</strong></span> 
     </span>
    </p>
   </div>
   <div class='ocr_carea' id='block_1_31' title="bbox 2129 1417 3710 1490">
    <p class='ocr_par' dir='ltr' id='par_1_31' title="bbox 2129 1417 3710 1490">
     <span class='ocr_line' id='line_1_31' title="bbox 2129 1417 3710 1490; baseline 0.002 -20"><span class='ocrx_word' id='word_1_202' title='bbox 2129 1418 2372 1488; x_wconf 76' lang='grc' dir='ltr'>γένημαι</span> <span class='ocrx_word' id='word_1_203' title='bbox 2396 1418 2460 1470; x_wconf 82' lang='grc' dir='ltr'>ὲκ</span> <span class='ocrx_word' id='word_1_204' title='bbox 2491 1419 2696 1488; x_wconf 85' lang='grc' dir='ltr'>νεαρᾶς</span> <span class='ocrx_word' id='word_1_205' title='bbox 2776 1417 2994 1488; x_wconf 72' lang='grc' dir='ltr'>ἡλικίας</span> <span class='ocrx_word' id='word_1_206' title='bbox 3046 1435 3061 1448; x_wconf 78' lang='grc' dir='ltr'><strong>ο</strong></span> <span class='ocrx_word' id='word_1_207' title='bbox 3100 1418 3446 1489; x_wconf 84' lang='grc' dir='ltr'>κατώρθιυκα</span> <span class='ocrx_word' id='word_1_208' title='bbox 3474 1421 3580 1489; x_wconf 81' lang='grc' dir='ltr'><strong>γὰρ</strong></span> <span class='ocrx_word' id='word_1_209' title='bbox 3610 1421 3710 1490; x_wconf 81' lang='grc' dir='ltr'>τὴν</span> 
     </span>
    </p>
   </div>
   <div class='ocr_carea' id='block_1_32' title="bbox 2139 1509 3708 1581">
    <p class='ocr_par' dir='ltr' id='par_1_32' title="bbox 2139 1509 3708 1581">
     <span class='ocr_line' id='line_1_32' title="bbox 2139 1509 3708 1581; baseline 0.001 -19"><span class='ocrx_word' id='word_1_210' title='bbox 2139 1509 2411 1581; x_wconf 73' lang='grc' dir='ltr'>μουσικὴν</span> <span class='ocrx_word' id='word_1_211' title='bbox 2447 1511 2630 1564; x_wconf 82' lang='grc' dir='ltr'>πᾶσαν</span> <span class='ocrx_word' id='word_1_212' title='bbox 2659 1510 2962 1578; x_wconf 84' lang='grc' dir='ltr'>φιλαρέτου</span> <span class='ocrx_word' id='word_1_213' title='bbox 2990 1509 3168 1580; x_wconf 85' lang='grc' dir='ltr'>τυχὼν</span> <span class='ocrx_word' id='word_1_214' title='bbox 3211 1511 3440 1581; x_wconf 84' lang='grc' dir='ltr'>πατρός.</span> <span class='ocrx_word' id='word_1_215' title='bbox 3493 1511 3603 1564; x_wconf 81' lang='lat' dir='ltr'><strong>Kal.</strong></span> <span class='ocrx_word' id='word_1_216' title='bbox 3659 1513 3708 1564; x_wconf 82' lang='grc' dir='ltr'><strong>εί</strong></span> 
     </span>
    </p>
   </div>
   <div class='ocr_carea' id='block_1_33' title="bbox 2136 1597 3710 1670">
    <p class='ocr_par' dir='ltr' id='par_1_33' title="bbox 2136 1597 3710 1670">
     <span class='ocr_line' id='line_1_33' title="bbox 2136 1597 3710 1670; baseline 0 -18"><span class='ocrx_word' id='word_1_217' title='bbox 2136 1598 2404 1663; x_wconf 84' lang='grc' dir='ltr'>κελεύεις,</span> <span class='ocrx_word' id='word_1_218' title='bbox 2453 1597 2755 1670; x_wconf 77' lang='grc' dir='ltr'><strong>ἀρξώμεθα</strong></span> <span class='ocrx_word' id='word_1_219' title='bbox 2807 1599 3076 1670; x_wconf 87' lang='grc' dir='ltr'>πρότερον</span> <span class='ocrx_word' id='word_1_220' title='bbox 3131 1600 3244 1652; x_wconf 76' lang='grc' dir='ltr'><strong>ἀπὸ</strong></span> <span class='ocrx_word' id='word_1_221' title='bbox 3300 1599 3613 1662; x_wconf 83' lang='grc' dir='ltr'>Πλάτωνος.</span> <span class='ocrx_word' id='word_1_222' title='bbox 3649 1599 3710 1652; x_wconf 89' lang='lat'><strong>&#39;0</strong></span> 
     </span>
    </p>
   </div>
   <div class='ocr_carea' id='block_1_34' title="bbox 2145 1685 3709 1760">
    <p class='ocr_par' dir='ltr' id='par_1_34' title="bbox 2145 1685 3709 1760">
     <span class='ocr_line' id='line_1_34' title="bbox 2145 1685 3709 1760; baseline -0.001 -16"><span class='ocrx_word' id='word_1_223' title='bbox 2145 1690 2331 1759; x_wconf 75' lang='grc' dir='ltr'>ἄρχων</span> <span class='ocrx_word' id='word_1_224' title='bbox 2385 1685 2541 1742; x_wconf 79' lang='grc' dir='ltr'>εἶπεν</span> <span class='ocrx_word' id='word_1_225' title='bbox 2575 1707 2588 1719; x_wconf 78' lang='grc' dir='ltr'><strong>ο</strong></span> <span class='ocrx_word' id='word_1_226' title='bbox 2630 1689 2973 1760; x_wconf 82' lang='grc' dir='ltr'>Εὐρίσκομεν</span> <span class='ocrx_word' id='word_1_227' title='bbox 3042 1690 3303 1743; x_wconf 85' lang='grc' dir='ltr'>Πλάτωνα</span> <span class='ocrx_word' id='word_1_228' title='bbox 3357 1691 3417 1741; x_wconf 78' lang='grc' dir='ltr'>ὲν</span> <span class='ocrx_word' id='word_1_229' title='bbox 3459 1692 3525 1760; x_wconf 73' lang='grc' dir='ltr'>τῇ</span> <span class='ocrx_word' id='word_1_230' title='bbox 3571 1689 3709 1758; x_wconf 77' lang='grc' dir='ltr'>πρὸς</span> 
     </span>
    </p>
   </div>
   <div class='ocr_carea' id='block_1_35' title="bbox 453 1759 2026 1853">
    <p class='ocr_par' dir='ltr' id='par_1_35' title="bbox 453 1782 2026 1853">
     <span class='ocr_line' id='line_1_35' title="bbox 453 1782 2026 1853; baseline 0.001 -15"><span class='ocrx_word' id='word_1_231' title='bbox 453 1782 545 1838; x_wconf 91' lang='lat' dir='ltr'><strong>hic</strong></span> <span class='ocrx_word' id='word_1_232' title='bbox 573 1797 694 1838; x_wconf 88' lang='lat' dir='ltr'><strong>esse</strong></span> <span class='ocrx_word' id='word_1_233' title='bbox 733 1783 972 1853; x_wconf 84' lang='lat' dir='ltr'><strong>sapiens,</strong></span> <span class='ocrx_word' id='word_1_234' title='bbox 1007 1798 1076 1836; x_wconf 91' lang='lat' dir='ltr'><strong>an</strong></span> <span class='ocrx_word' id='word_1_235' title='bbox 1111 1783 1260 1837; x_wconf 81' lang='lat' dir='ltr'><strong>non?</strong></span> <span class='ocrx_word' id='word_1_236' title='bbox 1309 1783 1542 1838; x_wconf 89' lang='lat' dir='ltr'><strong>Sanctus</strong></span> <span class='ocrx_word' id='word_1_237' title='bbox 1591 1783 1734 1838; x_wconf 80' lang='lat' dir='ltr'><strong>dixit</strong></span> <span class='ocrx_word' id='word_1_238' title='bbox 1799 1784 2026 1840; x_wconf 84' lang='lat' dir='ltr'><strong>Eustra-</strong></span> 
     </span>
    </p>
   </div>
   <div class='ocr_carea' id='block_1_36' title="bbox 2136 1759 3710 1853">
    <p class='ocr_par' dir='ltr' id='par_1_36' title="bbox 2136 1759 3710 1851">
     <span class='ocr_line' id='line_1_36' title="bbox 2136 1759 3710 1851; baseline 0.001 -19"><span class='ocrx_word' id='word_1_239' title='bbox 2136 1781 2366 1850; x_wconf 82' lang='grc' dir='ltr'>Τίμαιον</span> <span class='ocrx_word' id='word_1_240' title='bbox 2402 1780 2591 1851; x_wconf 76' lang='grc' dir='ltr'>βίϐλῳ,</span> <span class='ocrx_word' id='word_1_241' title='bbox 2633 1781 2716 1844; x_wconf 83' lang='grc' dir='ltr'><strong>είς</strong></span> <span class='ocrx_word' id='word_1_242' title='bbox 2744 1781 2835 1833; x_wconf 71' lang='grc' dir='ltr'>τὸν</span> <span class='ocrx_word' id='word_1_243' title='bbox 2871 1759 3104 1850; x_wconf 72' lang='grc' dir='ltr'>Πειραιᾶ</span> <span class='ocrx_word' id='word_1_244' title='bbox 3133 1759 3710 1851; x_wconf 36' lang='grc' dir='ltr'>κατελθόνταςπροσ-</span> 
     </span>
    </p>
   </div>
   <div class='ocr_carea' id='block_1_37' title="bbox 452 1873 2024 1930">
    <p class='ocr_par' dir='ltr' id='par_1_37' title="bbox 452 1873 2024 1930">
     <span class='ocr_line' id='line_1_37' title="bbox 452 1873 2024 1930; baseline 0.001 -2"><span class='ocrx_word' id='word_1_245' title='bbox 452 1875 561 1929; x_wconf 84' lang='lat' dir='ltr'><strong>tius</strong></span> <span class='ocrx_word' id='word_1_246' title='bbox 595 1891 608 1928; x_wconf 93' lang='lat'><strong>:</strong></span> <span class='ocrx_word' id='word_1_247' title='bbox 663 1873 830 1928; x_wconf 83' lang='lat' dir='ltr'><strong>Valde</strong></span> <span class='ocrx_word' id='word_1_248' title='bbox 855 1873 1188 1928; x_wconf 83' lang='lat' dir='ltr'><strong>condemnat</strong></span> <span class='ocrx_word' id='word_1_249' title='bbox 1219 1875 1372 1929; x_wconf 87' lang='lat' dir='ltr'><strong>Plato</strong></span> <span class='ocrx_word' id='word_1_250' title='bbox 1415 1873 1606 1930; x_wconf 90' lang='lat' dir='ltr'><strong>Jovem</strong></span> <span class='ocrx_word' id='word_1_251' title='bbox 1646 1875 1811 1930; x_wconf 91' lang='lat' dir='ltr'><strong>deum</strong></span> <span class='ocrx_word' id='word_1_252' title='bbox 1848 1885 2024 1930; x_wconf 91' lang='lat' dir='ltr'><strong>tuum.</strong></span> 
     </span>
    </p>
   </div>
   <div class='ocr_carea' id='block_1_38' title="bbox 451 1965 2030 2033">
    <p class='ocr_par' dir='ltr' id='par_1_38' title="bbox 451 1965 2030 2033">
     <span class='ocr_line' id='line_1_38' title="bbox 451 1965 2030 2033; baseline 0.001 -11"><span class='ocrx_word' id='word_1_253' title='bbox 451 1967 593 2022; x_wconf 76' lang='lat' dir='ltr'><strong>Audi</strong></span> <span class='ocrx_word' id='word_1_254' title='bbox 625 1976 806 2019; x_wconf 88' lang='lat' dir='ltr'><strong>autem</strong></span> <span class='ocrx_word' id='word_1_255' title='bbox 861 1965 1033 2020; x_wconf 90' lang='lat' dir='ltr'><strong>verba</strong></span> <span class='ocrx_word' id='word_1_256' title='bbox 1083 1967 1356 2022; x_wconf 86' lang='lat' dir='ltr'><strong>Platonis.</strong></span> <span class='ocrx_word' id='word_1_257' title='bbox 1410 1966 1679 2033; x_wconf 86' lang='lat' dir='ltr'><strong>Quoniam</strong></span> <span class='ocrx_word' id='word_1_258' title='bbox 1715 1983 1847 2023; x_wconf 91' lang='lat' dir='ltr'><strong>vero</strong></span> <span class='ocrx_word' id='word_1_259' title='bbox 1874 1969 2030 2024; x_wconf 80' lang='lat' dir='ltr'><strong>ince-</strong></span> 
     </span>
    </p>
   </div>
   <div class='ocr_carea' id='block_1_39' title="bbox 450 2057 2028 2129">
    <p class='ocr_par' dir='ltr' id='par_1_39' title="bbox 450 2057 2028 2129">
     <span class='ocr_line' id='line_1_39' title="bbox 450 2057 2028 2129; baseline 0.002 -19"><span class='ocrx_word' id='word_1_260' title='bbox 450 2058 579 2127; x_wconf 87' lang='lat' dir='ltr'><strong>pisti</strong></span> <span class='ocrx_word' id='word_1_261' title='bbox 609 2073 638 2110; x_wconf 92' lang='lat' dir='ltr'><strong>a</strong></span> <span class='ocrx_word' id='word_1_262' title='bbox 666 2057 882 2122; x_wconf 71' lang='lat' dir='ltr'><strong>Timteo,</strong></span> <span class='ocrx_word' id='word_1_263' title='bbox 933 2065 989 2113; x_wconf 89' lang='lat' dir='ltr'><strong>et</strong></span> <span class='ocrx_word' id='word_1_264' title='bbox 1035 2057 1292 2113; x_wconf 87' lang='lat' dir='ltr'><strong>civilibus</strong></span> <span class='ocrx_word' id='word_1_265' title='bbox 1329 2061 1449 2129; x_wconf 87' lang='lat' dir='ltr'><strong>ejus</strong></span> <span class='ocrx_word' id='word_1_266' title='bbox 1497 2059 1862 2126; x_wconf 78' lang='lat' dir='ltr'><strong>orationibus,</strong></span> <span class='ocrx_word' id='word_1_267' title='bbox 1903 2061 2028 2114; x_wconf 81' lang='lat' dir='ltr'><strong>audi</strong></span> 
     </span>
    </p>
   </div>
   <div class='ocr_carea' id='block_1_40' title="bbox 451 2146 2029 2220">
    <p class='ocr_par' dir='ltr' id='par_1_40' title="bbox 451 2146 2029 2220">
     <span class='ocr_line' id='line_1_40' title="bbox 451 2146 2029 2220; baseline 0.003 -19"><span class='ocrx_word' id='word_1_268' title='bbox 451 2147 506 2201; x_wconf 91' lang='lat' dir='ltr'><strong>in</strong></span> <span class='ocrx_word' id='word_1_269' title='bbox 565 2146 814 2202; x_wconf 88' lang='lat' dir='ltr'><strong>secundo</strong></span> <span class='ocrx_word' id='word_1_270' title='bbox 843 2148 965 2218; x_wconf 86' lang='lat' dir='ltr'><strong>ejus</strong></span> <span class='ocrx_word' id='word_1_271' title='bbox 1018 2147 1165 2202; x_wconf 90' lang='lat' dir='ltr'><strong>libro</strong></span> <span class='ocrx_word' id='word_1_272' title='bbox 1211 2163 1300 2215; x_wconf 90' lang='lat' dir='ltr'><strong>ea,</strong></span> <span class='ocrx_word' id='word_1_273' title='bbox 1346 2165 1467 2218; x_wconf 73' lang='lat' dir='ltr'><strong>qua:</strong></span> <span class='ocrx_word' id='word_1_274' title='bbox 1511 2149 1591 2204; x_wconf 92' lang='lat' dir='ltr'><strong>sic</strong></span> <span class='ocrx_word' id='word_1_275' title='bbox 1635 2159 1763 2204; x_wconf 88' lang='lat' dir='ltr'><strong>sunt</strong></span> <span class='ocrx_word' id='word_1_276' title='bbox 1810 2152 2029 2220; x_wconf 88' lang='lat' dir='ltr'><strong>posita:</strong></span> 
     </span>
    </p>
   </div>
   <div class='ocr_carea' id='block_1_41' title="bbox 449 2236 2034 2304">
    <p class='ocr_par' dir='ltr' id='par_1_41' title="bbox 449 2236 2034 2304">
     <span class='ocr_line' id='line_1_41' title="bbox 449 2236 2034 2304; baseline 0.003 -14"><span class='ocrx_word' id='word_1_277' title='bbox 449 2236 592 2290; x_wconf 90' lang='lat' dir='ltr'><strong>Deus</strong></span> <span class='ocrx_word' id='word_1_278' title='bbox 627 2236 886 2304; x_wconf 86' lang='lat' dir='ltr'><strong>quoniam</strong></span> <span class='ocrx_word' id='word_1_279' title='bbox 940 2245 1025 2290; x_wconf 90' lang='lat' dir='ltr'><strong>est</strong></span> <span class='ocrx_word' id='word_1_280' title='bbox 1073 2236 1268 2304; x_wconf 90' lang='lat' dir='ltr'><strong>bonus,</strong></span> <span class='ocrx_word' id='word_1_281' title='bbox 1301 2238 1547 2292; x_wconf 90' lang='lat' dir='ltr'><strong>omnium</strong></span> <span class='ocrx_word' id='word_1_282' title='bbox 1603 2239 1867 2294; x_wconf 82' lang='lat' dir='ltr'><strong>bonorum</strong></span> <span class='ocrx_word' id='word_1_283' title='bbox 1914 2241 2034 2295; x_wconf 77' lang='lat' dir='ltr'><strong>fue-</strong></span> 
     </span>
    </p>
   </div>
   <div class='ocr_carea' id='block_1_42' title="bbox 451 2326 2032 2399">
    <p class='ocr_par' dir='ltr' id='par_1_42' title="bbox 451 2326 2032 2399">
     <span class='ocr_line' id='line_1_42' title="bbox 451 2326 2032 2399; baseline 0.004 -20"><span class='ocrx_word' id='word_1_284' title='bbox 451 2335 525 2379; x_wconf 91' lang='lat' dir='ltr'><strong>r.t</strong></span> <span class='ocrx_word' id='word_1_285' title='bbox 570 2341 756 2386; x_wconf 86' lang='lat' dir='ltr'><strong>causa.</strong></span> <span class='ocrx_word' id='word_1_286' title='bbox 812 2326 954 2380; x_wconf 85' lang='lat' dir='ltr'><strong>sicut</strong></span> <span class='ocrx_word' id='word_1_287' title='bbox 1011 2326 1286 2399; x_wconf 78' lang='lat' dir='ltr'><strong>dicimus:</strong></span> <span class='ocrx_word' id='word_1_288' title='bbox 1371 2329 1638 2384; x_wconf 87' lang='lat' dir='ltr'><strong>malorum</strong></span> <span class='ocrx_word' id='word_1_289' title='bbox 1694 2339 1880 2386; x_wconf 86' lang='lat' dir='ltr'><strong>autem</strong></span> <span class='ocrx_word' id='word_1_290' title='bbox 1931 2347 2032 2386; x_wconf 89' lang='lat' dir='ltr'><strong>ne-</strong></span> 
     </span>
    </p>
   </div>
   <div class='ocr_carea' id='block_1_43' title="bbox 451 2415 2030 2487">
    <p class='ocr_par' dir='ltr' id='par_1_43' title="bbox 451 2415 2030 2487">
     <span class='ocr_line' id='line_1_43' title="bbox 451 2415 2030 2487; baseline 0.005 -19"><span class='ocrx_word' id='word_1_291' title='bbox 451 2430 727 2484; x_wconf 80' lang='lat' dir='ltr'><strong>quaquam</strong></span> <span class='ocrx_word' id='word_1_292' title='bbox 756 2429 946 2468; x_wconf 87' lang='lat' dir='ltr'><strong>causa.</strong></span> <span class='ocrx_word' id='word_1_293' title='bbox 982 2415 1051 2469; x_wconf 88' lang='lat' dir='ltr'><strong>Et</strong></span> <span class='ocrx_word' id='word_1_294' title='bbox 1080 2416 1352 2471; x_wconf 92' lang='lat' dir='ltr'><strong>bonorum</strong></span> <span class='ocrx_word' id='word_1_295' title='bbox 1374 2418 1596 2487; x_wconf 89' lang='lat' dir='ltr'><strong>quidem</strong></span> <span class='ocrx_word' id='word_1_296' title='bbox 1620 2420 1830 2473; x_wconf 90' lang='lat' dir='ltr'><strong>nullum</strong></span> <span class='ocrx_word' id='word_1_297' title='bbox 1862 2420 2030 2476; x_wconf 89' lang='lat' dir='ltr'><strong>alium</strong></span> 
     </span>
    </p>
   </div>
   <div class='ocr_carea' id='block_1_44' title="bbox 450 2505 2030 2570">
    <p class='ocr_par' dir='ltr' id='par_1_44' title="bbox 450 2505 2030 2570">
     <span class='ocr_line' id='line_1_44' title="bbox 450 2505 2030 2570; baseline 0.006 -13"><span class='ocrx_word' id='word_1_298' title='bbox 450 2505 705 2559; x_wconf 88' lang='lat' dir='ltr'><strong>dicemus</strong></span> <span class='ocrx_word' id='word_1_299' title='bbox 725 2519 848 2558; x_wconf 88' lang='lat' dir='ltr'><strong>esse</strong></span> <span class='ocrx_word' id='word_1_300' title='bbox 873 2519 1120 2570; x_wconf 86' lang='lat' dir='ltr'><strong>causam,</strong></span> <span class='ocrx_word' id='word_1_301' title='bbox 1151 2507 1259 2561; x_wconf 91' lang='lat' dir='ltr'><strong>nisi</strong></span> <span class='ocrx_word' id='word_1_302' title='bbox 1296 2507 1468 2562; x_wconf 90' lang='lat' dir='ltr'><strong>Deum</strong></span> <span class='ocrx_word' id='word_1_303' title='bbox 1497 2525 1514 2564; x_wconf 95' lang='lat'><strong>:</strong></span> <span class='ocrx_word' id='word_1_304' title='bbox 1546 2509 1815 2564; x_wconf 91' lang='lat' dir='ltr'><strong>malorum</strong></span> <span class='ocrx_word' id='word_1_305' title='bbox 1847 2522 2030 2567; x_wconf 78' lang='lat' dir='ltr'><strong>autem</strong></span> 
     </span>
    </p>
   </div>
   <div class='ocr_carea' id='block_1_45' title="bbox 451 2596 2030 2673">
    <p class='ocr_par' dir='ltr' id='par_1_45' title="bbox 451 2596 2030 2673">
     <span class='ocr_line' id='line_1_45' title="bbox 451 2596 2030 2673; baseline 0.004 -23"><span class='ocrx_word' id='word_1_306' title='bbox 451 2612 561 2650; x_wconf 91' lang='lat' dir='ltr'><strong>non</strong></span> <span class='ocrx_word' id='word_1_307' title='bbox 585 2611 706 2650; x_wconf 85' lang='lat' dir='ltr'><strong>esse</strong></span> <span class='ocrx_word' id='word_1_308' title='bbox 735 2611 978 2650; x_wconf 81' lang='lat' dir='ltr'><strong>causam.</strong></span> <span class='ocrx_word' id='word_1_309' title='bbox 1031 2596 1136 2651; x_wconf 83' lang='lat' dir='ltr'><strong>Sed</strong></span> <span class='ocrx_word' id='word_1_310' title='bbox 1187 2599 1320 2668; x_wconf 91' lang='lat' dir='ltr'><strong>quid</strong></span> <span class='ocrx_word' id='word_1_311' title='bbox 1371 2613 1512 2669; x_wconf 89' lang='lat' dir='ltr'><strong>opus</strong></span> <span class='ocrx_word' id='word_1_312' title='bbox 1543 2610 1625 2654; x_wconf 89' lang='lat' dir='ltr'><strong>est</strong></span> <span class='ocrx_word' id='word_1_313' title='bbox 1655 2603 1721 2655; x_wconf 87' lang='lat' dir='ltr'><strong>ab</strong></span> <span class='ocrx_word' id='word_1_314' title='bbox 1746 2602 1853 2657; x_wconf 90' lang='lat' dir='ltr'><strong>alio</strong></span> <span class='ocrx_word' id='word_1_315' title='bbox 1879 2619 2030 2673; x_wconf 75' lang='lat' dir='ltr'><strong>qua:-</strong></span> 
     </span>
    </p>
   </div>
   <div class='ocr_carea' id='block_1_46' title="bbox 455 2685 2032 2756">
    <p class='ocr_par' dir='ltr' id='par_1_46' title="bbox 455 2685 2032 2756">
     <span class='ocr_line' id='line_1_46' title="bbox 455 2685 2032 2756; baseline 0.004 -15"><span class='ocrx_word' id='word_1_316' title='bbox 455 2687 617 2741; x_wconf 80' lang='lat' dir='ltr'><strong>rere?</strong></span> <span class='ocrx_word' id='word_1_317' title='bbox 652 2685 771 2741; x_wconf 75' lang='lat' dir='ltr'><strong>Non</strong></span> <span class='ocrx_word' id='word_1_318' title='bbox 815 2696 898 2740; x_wconf 90' lang='lat' dir='ltr'><strong>est</strong></span> <span class='ocrx_word' id='word_1_319' title='bbox 938 2701 1070 2756; x_wconf 78' lang='lat' dir='ltr'><strong>ergo</strong></span> <span class='ocrx_word' id='word_1_320' title='bbox 1105 2687 1483 2744; x_wconf 84' lang='lat' dir='ltr'><strong>admittendus</strong></span> <span class='ocrx_word' id='word_1_321' title='bbox 1512 2691 1784 2746; x_wconf 88' lang='lat' dir='ltr'><strong>llomerus</strong></span> <span class='ocrx_word' id='word_1_322' title='bbox 1834 2703 1890 2747; x_wconf 91' lang='lat' dir='ltr'><strong>et</strong></span> <span class='ocrx_word' id='word_1_323' title='bbox 1941 2694 2032 2747; x_wconf 88' lang='lat' dir='ltr'><strong>alii</strong></span> 
     </span>
    </p>
   </div>
   <div class='ocr_carea' id='block_1_47' title="bbox 452 2777 2026 2850">
    <p class='ocr_par' dir='ltr' id='par_1_47' title="bbox 452 2777 2026 2850">
     <span class='ocr_line' id='line_1_47' title="bbox 452 2777 2026 2850; baseline 0.004 -19"><span class='ocrx_word' id='word_1_324' title='bbox 452 2788 651 2850; x_wconf 84' lang='lat' dir='ltr'><strong>poetae,</strong></span> <span class='ocrx_word' id='word_1_325' title='bbox 683 2777 775 2846; x_wconf 87' lang='lat' dir='ltr'><strong>qui</strong></span> <span class='ocrx_word' id='word_1_326' title='bbox 819 2778 1226 2833; x_wconf 89' lang='lat' dir='ltr'><strong>dicuntJovem</strong></span> <span class='ocrx_word' id='word_1_327' title='bbox 1255 2795 1375 2835; x_wconf 88' lang='lat' dir='ltr'><strong>esse</strong></span> <span class='ocrx_word' id='word_1_328' title='bbox 1420 2792 1705 2836; x_wconf 90' lang='lat' dir='ltr'><strong>auctorem</strong></span> <span class='ocrx_word' id='word_1_329' title='bbox 1757 2785 2026 2838; x_wconf 88' lang='lat' dir='ltr'><strong>bonorum</strong></span> 
     </span>
    </p>
   </div>
   <div class='ocr_carea' id='block_1_48' title="bbox 453 2866 2028 2940">
    <p class='ocr_par' dir='ltr' id='par_1_48' title="bbox 453 2866 2028 2940">
     <span class='ocr_line' id='line_1_48' title="bbox 453 2866 2028 2940; baseline 0.004 -20"><span class='ocrx_word' id='word_1_330' title='bbox 453 2877 510 2920; x_wconf 89' lang='lat' dir='ltr'><strong>et</strong></span> <span class='ocrx_word' id='word_1_331' title='bbox 543 2867 833 2920; x_wconf 86' lang='lat' dir='ltr'><strong>malorum.</strong></span> <span class='ocrx_word' id='word_1_332' title='bbox 871 2866 1065 2923; x_wconf 83' lang='lat' dir='ltr'><strong>Violati</strong></span> <span class='ocrx_word' id='word_1_333' title='bbox 1112 2882 1242 2938; x_wconf 78' lang='lat' dir='ltr'><strong>ergo</strong></span> <span class='ocrx_word' id='word_1_334' title='bbox 1287 2868 1651 2940; x_wconf 89' lang='lat' dir='ltr'><strong>jurisjurandi</strong></span> <span class='ocrx_word' id='word_1_335' title='bbox 1704 2880 1758 2925; x_wconf 92' lang='lat' dir='ltr'><strong>et</strong></span> <span class='ocrx_word' id='word_1_336' title='bbox 1815 2872 2028 2926; x_wconf 82' lang='lat' dir='ltr'><strong>confusi</strong></span> 
     </span>
    </p>
   </div>
   <div class='ocr_carea' id='block_1_49' title="bbox 452 2953 2024 3025">
    <p class='ocr_par' dir='ltr' id='par_1_49' title="bbox 452 2953 2024 3025">
     <span class='ocr_line' id='line_1_49' title="bbox 452 2953 2024 3025; baseline 0.003 -15"><span class='ocrx_word' id='word_1_337' title='bbox 452 2955 680 3010; x_wconf 79' lang='lat' dir='ltr'><strong>fmderis</strong></span> <span class='ocrx_word' id='word_1_338' title='bbox 703 2971 733 3008; x_wconf 91' lang='lat' dir='ltr'><strong>a</strong></span> <span class='ocrx_word' id='word_1_339' title='bbox 757 2953 1008 3009; x_wconf 87' lang='lat' dir='ltr'><strong>Pandoro</strong></span> <span class='ocrx_word' id='word_1_340' title='bbox 1043 2955 1308 3012; x_wconf 88' lang='lat' dir='ltr'><strong>adversus</strong></span> <span class='ocrx_word' id='word_1_341' title='bbox 1333 2957 1554 3013; x_wconf 76' lang='lat' dir='ltr'><strong>Grzecos</strong></span> <span class='ocrx_word' id='word_1_342' title='bbox 1581 2959 1878 3025; x_wconf 89' lang='lat' dir='ltr'><strong>rationem,</strong></span> <span class='ocrx_word' id='word_1_343' title='bbox 1913 2977 2024 3015; x_wconf 91' lang='lat' dir='ltr'><strong>non</strong></span> 
     </span>
    </p>
   </div>
   <div class='ocr_carea' id='block_1_50' title="bbox 453 3045 2026 3121">
    <p class='ocr_par' dir='ltr' id='par_1_50' title="bbox 453 3045 2026 3121">
     <span class='ocr_line' id='line_1_50' title="bbox 453 3045 2026 3121; baseline 0.004 -22"><span class='ocrx_word' id='word_1_344' title='bbox 453 3046 544 3100; x_wconf 90' lang='lat' dir='ltr'><strong>hic</strong></span> <span class='ocrx_word' id='word_1_345' title='bbox 572 3045 806 3116; x_wconf 76' lang='lat' dir='ltr'><strong>Jupiter,</strong></span> <span class='ocrx_word' id='word_1_346' title='bbox 841 3057 900 3098; x_wconf 91' lang='lat' dir='ltr'><strong>ut</strong></span> <span class='ocrx_word' id='word_1_347' title='bbox 949 3046 1084 3100; x_wconf 86' lang='lat' dir='ltr'><strong>dicit</strong></span> <span class='ocrx_word' id='word_1_348' title='bbox 1117 3047 1304 3113; x_wconf 90' lang='lat' dir='ltr'><strong>Poeta,</strong></span> <span class='ocrx_word' id='word_1_349' title='bbox 1343 3057 1659 3118; x_wconf 86' lang='lat' dir='ltr'><strong>procuravit</strong></span> <span class='ocrx_word' id='word_1_350' title='bbox 1704 3068 1803 3121; x_wconf 89' lang='lat' dir='ltr'><strong>per</strong></span> <span class='ocrx_word' id='word_1_351' title='bbox 1825 3054 2026 3108; x_wconf 81' lang='lat' dir='ltr'><strong>Miner-</strong></span> 
     </span>
    </p>
   </div>
   <div class='ocr_carea' id='block_1_51' title="bbox 453 3137 2022 3213">
    <p class='ocr_par' dir='ltr' id='par_1_51' title="bbox 453 3137 2022 3213">
     <span class='ocr_line' id='line_1_51' title="bbox 453 3137 2022 3213; baseline 0.004 -21"><span class='ocrx_word' id='word_1_352' title='bbox 453 3155 596 3194; x_wconf 86' lang='lat' dir='ltr'><strong>vam.</strong></span> <span class='ocrx_word' id='word_1_353' title='bbox 641 3137 760 3192; x_wconf 83' lang='lat' dir='ltr'><strong>Non</strong></span> <span class='ocrx_word' id='word_1_354' title='bbox 796 3138 1144 3195; x_wconf 82' lang='lat' dir='ltr'><strong>laudabimus</strong></span> <span class='ocrx_word' id='word_1_355' title='bbox 1182 3148 1364 3194; x_wconf 91' lang='lat' dir='ltr'><strong>autem</strong></span> <span class='ocrx_word' id='word_1_356' title='bbox 1411 3144 1726 3211; x_wconf 88' lang='lat' dir='ltr'><strong>optionem,</strong></span> <span class='ocrx_word' id='word_1_357' title='bbox 1763 3143 1830 3198; x_wconf 90' lang='lat' dir='ltr'><strong>ad</strong></span> <span class='ocrx_word' id='word_1_358' title='bbox 1859 3159 2022 3213; x_wconf 89' lang='lat' dir='ltr'><strong>quam</strong></span> 
     </span>
    </p>
   </div>
   <div class='ocr_carea' id='block_1_52' title="bbox 451 3231 2023 3301">
    <p class='ocr_par' dir='ltr' id='par_1_52' title="bbox 451 3231 2023 3301">
     <span class='ocr_line' id='line_1_52' title="bbox 451 3231 2023 3301; baseline 0.003 -15"><span class='ocrx_word' id='word_1_359' title='bbox 451 3234 569 3301; x_wconf 86' lang='lat' dir='ltr'><strong>ipse</strong></span> <span class='ocrx_word' id='word_1_360' title='bbox 599 3232 754 3287; x_wconf 89' lang='lat' dir='ltr'><strong>duxit</strong></span> <span class='ocrx_word' id='word_1_361' title='bbox 795 3246 890 3285; x_wconf 83' lang='lat' dir='ltr'><strong>eos</strong></span> <span class='ocrx_word' id='word_1_362' title='bbox 929 3246 1068 3300; x_wconf 90' lang='lat' dir='ltr'><strong>quos</strong></span> <span class='ocrx_word' id='word_1_363' title='bbox 1097 3243 1152 3286; x_wconf 90' lang='lat' dir='ltr'><strong>tu</strong></span> <span class='ocrx_word' id='word_1_364' title='bbox 1187 3231 1318 3287; x_wconf 92' lang='lat' dir='ltr'><strong>deos</strong></span> <span class='ocrx_word' id='word_1_365' title='bbox 1356 3233 1659 3288; x_wconf 80' lang='lat' dir='ltr'><strong>existimas.</strong></span> <span class='ocrx_word' id='word_1_366' title='bbox 1708 3235 1850 3289; x_wconf 88' lang='lat' dir='ltr'><strong>Dixit</strong></span> <span class='ocrx_word' id='word_1_367' title='bbox 1892 3250 2023 3291; x_wconf 91' lang='lat' dir='ltr'><strong>vero</strong></span> 
     </span>
    </p>
   </div>
   <div class='ocr_carea' id='block_1_53' title="bbox 449 3321 2025 3395">
    <p class='ocr_par' dir='ltr' id='par_1_53' title="bbox 449 3321 2025 3395">
     <span class='ocr_line' id='line_1_53' title="bbox 449 3321 2025 3395; baseline 0.003 -17"><span class='ocrx_word' id='word_1_368' title='bbox 449 3321 764 3392; x_wconf 62' lang='lat' dir='ltr'><strong>Eschylus,</strong></span> <span class='ocrx_word' id='word_1_369' title='bbox 816 3322 985 3376; x_wconf 91' lang='lat' dir='ltr'><strong>Deum</strong></span> <span class='ocrx_word' id='word_1_370' title='bbox 1027 3338 1250 3378; x_wconf 88' lang='lat' dir='ltr'><strong>causam</strong></span> <span class='ocrx_word' id='word_1_371' title='bbox 1313 3326 1619 3395; x_wconf 88' lang='lat' dir='ltr'><strong>producere</strong></span> <span class='ocrx_word' id='word_1_372' title='bbox 1677 3328 2025 3395; x_wconf 90' lang='lat' dir='ltr'><strong>mortalibus,</strong></span> 
     </span>
    </p>
   </div>
   <div class='ocr_carea' id='block_1_54' title="bbox 450 3412 2024 3488">
    <p class='ocr_par' dir='ltr' id='par_1_54' title="bbox 450 3412 2024 3488">
     <span class='ocr_line' id='line_1_54' title="bbox 450 3412 2024 3488; baseline 0.006 -22"><span class='ocrx_word' id='word_1_373' title='bbox 450 3414 673 3483; x_wconf 85' lang='lat' dir='ltr'><strong>quando</strong></span> <span class='ocrx_word' id='word_1_374' title='bbox 699 3412 814 3467; x_wconf 89' lang='lat' dir='ltr'><strong>vult</strong></span> <span class='ocrx_word' id='word_1_375' title='bbox 857 3415 1047 3468; x_wconf 86' lang='lat' dir='ltr'><strong>domos</strong></span> <span class='ocrx_word' id='word_1_376' title='bbox 1074 3414 1336 3484; x_wconf 75' lang='lat' dir='ltr'><strong>afﬂigere,</strong></span> <span class='ocrx_word' id='word_1_377' title='bbox 1367 3426 1423 3471; x_wconf 92' lang='lat' dir='ltr'><strong>et</strong></span> <span class='ocrx_word' id='word_1_378' title='bbox 1455 3427 1706 3474; x_wconf 85' lang='lat' dir='ltr'><strong>evertere</strong></span> <span class='ocrx_word' id='word_1_379' title='bbox 1739 3419 2024 3488; x_wconf 77' lang='lat' dir='ltr'><strong>funditus;</strong></span> 
     </span>
    </p>
   </div>
   <div class='ocr_carea' id='block_1_55' title="bbox 452 3505 2023 3571">
    <p class='ocr_par' dir='ltr' id='par_1_55' title="bbox 452 3505 2023 3571">
     <span class='ocr_line' id='line_1_55' title="bbox 452 3505 2023 3571; baseline 0.007 -12"><span class='ocrx_word' id='word_1_380' title='bbox 452 3505 608 3559; x_wconf 86' lang='lat' dir='ltr'><strong>Plato</strong></span> <span class='ocrx_word' id='word_1_381' title='bbox 637 3516 818 3558; x_wconf 89' lang='lat' dir='ltr'><strong>autem</strong></span> <span class='ocrx_word' id='word_1_382' title='bbox 864 3505 922 3559; x_wconf 93' lang='lat' dir='ltr'><strong>in</strong></span> <span class='ocrx_word' id='word_1_383' title='bbox 977 3521 1076 3561; x_wconf 91' lang='lat' dir='ltr'><strong>sua</strong></span> <span class='ocrx_word' id='word_1_384' title='bbox 1142 3509 1366 3563; x_wconf 89' lang='lat' dir='ltr'><strong>civitate</strong></span> <span class='ocrx_word' id='word_1_385' title='bbox 1422 3510 1700 3566; x_wconf 90' lang='lat' dir='ltr'><strong>neminem</strong></span> <span class='ocrx_word' id='word_1_386' title='bbox 1746 3513 1863 3567; x_wconf 91' lang='lat' dir='ltr'><strong>vult</strong></span> <span class='ocrx_word' id='word_1_387' title='bbox 1905 3514 2023 3571; x_wconf 64' lang='lat' dir='ltr'><strong>hac</strong></span> 
     </span>
    </p>
   </div>
   <div class='ocr_carea' id='block_1_56' title="bbox 451 3594 2020 3672">
    <p class='ocr_par' dir='ltr' id='par_1_56' title="bbox 451 3594 2020 3672">
     <span class='ocr_line' id='line_1_56' title="bbox 451 3594 2020 3672; baseline 0.008 -23"><span class='ocrx_word' id='word_1_388' title='bbox 451 3594 637 3650; x_wconf 90' lang='lat' dir='ltr'><strong>dicere</strong></span> <span class='ocrx_word' id='word_1_389' title='bbox 674 3603 768 3648; x_wconf 90' lang='lat' dir='ltr'><strong>aut</strong></span> <span class='ocrx_word' id='word_1_390' title='bbox 799 3596 1012 3660; x_wconf 89' lang='lat' dir='ltr'><strong>audire,</strong></span> <span class='ocrx_word' id='word_1_391' title='bbox 1061 3611 1242 3668; x_wconf 87' lang='lat' dir='ltr'><strong>neque</strong></span> <span class='ocrx_word' id='word_1_392' title='bbox 1287 3600 1571 3668; x_wconf 86' lang='lat' dir='ltr'><strong>juvenem,</strong></span> <span class='ocrx_word' id='word_1_393' title='bbox 1608 3614 1783 3672; x_wconf 86' lang='lat' dir='ltr'><strong>neque</strong></span> <span class='ocrx_word' id='word_1_394' title='bbox 1812 3619 2020 3662; x_wconf 87' lang='lat' dir='ltr'><strong>senem.</strong></span> 
     </span>
    </p>
   </div>
   <div class='ocr_carea' id='block_1_57' title="bbox 447 3685 2025 3764">
    <p class='ocr_par' dir='ltr' id='par_1_57' title="bbox 447 3685 2025 3764">
     <span class='ocr_line' id='line_1_57' title="bbox 447 3685 2025 3764; baseline 0.008 -22"><span class='ocrx_word' id='word_1_395' title='bbox 447 3685 730 3742; x_wconf 78' lang='lat' dir='ltr'><strong>Nefarium</strong></span> <span class='ocrx_word' id='word_1_396' title='bbox 751 3687 900 3742; x_wconf 90' lang='lat' dir='ltr'><strong>enim</strong></span> <span class='ocrx_word' id='word_1_397' title='bbox 929 3698 1037 3752; x_wconf 86' lang='lat' dir='ltr'><strong>est,</strong></span> <span class='ocrx_word' id='word_1_398' title='bbox 1073 3688 1244 3744; x_wconf 90' lang='lat' dir='ltr'><strong>Deum</strong></span> <span class='ocrx_word' id='word_1_399' title='bbox 1290 3689 1459 3748; x_wconf 76' lang='lat' dir='ltr'><strong>fuisse</strong></span> <span class='ocrx_word' id='word_1_400' title='bbox 1500 3693 1853 3764; x_wconf 88' lang='lat' dir='ltr'><strong>parricidam,</strong></span> <span class='ocrx_word' id='word_1_401' title='bbox 1882 3697 2025 3754; x_wconf 85' lang='lat' dir='ltr'><strong>sicut</strong></span> 
     </span>
    </p>
   </div>
   <div class='ocr_carea' id='block_1_58' title="bbox 449 3776 2026 3859">
    <p class='ocr_par' dir='ltr' id='par_1_58' title="bbox 449 3776 2026 3859">
     <span class='ocr_line' id='line_1_58' title="bbox 449 3776 2026 3859; baseline 0.008 -27"><span class='ocrx_word' id='word_1_402' title='bbox 449 3777 543 3832; x_wconf 85' lang='lat' dir='ltr'><strong>hic</strong></span> <span class='ocrx_word' id='word_1_403' title='bbox 572 3776 804 3847; x_wconf 86' lang='lat' dir='ltr'><strong>Jupiter,</strong></span> <span class='ocrx_word' id='word_1_404' title='bbox 859 3779 951 3848; x_wconf 92' lang='lat' dir='ltr'><strong>qui</strong></span> <span class='ocrx_word' id='word_1_405' title='bbox 995 3795 1142 3835; x_wconf 91' lang='lat' dir='ltr'><strong>nunc</strong></span> <span class='ocrx_word' id='word_1_406' title='bbox 1187 3781 1389 3837; x_wconf 91' lang='lat' dir='ltr'><strong>colitur</strong></span> <span class='ocrx_word' id='word_1_407' title='bbox 1446 3799 1477 3837; x_wconf 89' lang='lat' dir='ltr'><strong>a</strong></span> <span class='ocrx_word' id='word_1_408' title='bbox 1528 3784 1704 3851; x_wconf 89' lang='lat' dir='ltr'><strong>vobis,</strong></span> <span class='ocrx_word' id='word_1_409' title='bbox 1743 3785 1896 3855; x_wconf 82' lang='lat' dir='ltr'><strong>fecit,</strong></span> <span class='ocrx_word' id='word_1_410' title='bbox 1931 3790 2026 3859; x_wconf 93' lang='lat' dir='ltr'><strong>qui</strong></span> 
     </span>
    </p>
   </div>
   <div class='ocr_carea' id='block_1_59' title="bbox 453 3869 2024 3946">
    <p class='ocr_par' dir='ltr' id='par_1_59' title="bbox 453 3869 2024 3946">
     <span class='ocr_line' id='line_1_59' title="bbox 453 3869 2024 3946; baseline 0.009 -22"><span class='ocrx_word' id='word_1_411' title='bbox 453 3883 617 3925; x_wconf 81' lang='lat' dir='ltr'><strong>suum</strong></span> <span class='ocrx_word' id='word_1_412' title='bbox 659 3877 868 3939; x_wconf 87' lang='lat' dir='ltr'><strong>patrem</strong></span> <span class='ocrx_word' id='word_1_413' title='bbox 919 3869 1216 3926; x_wconf 90' lang='lat' dir='ltr'><strong>Saturnum</strong></span> <span class='ocrx_word' id='word_1_414' title='bbox 1261 3874 1458 3946; x_wconf 90' lang='lat' dir='ltr'><strong>dejecit</strong></span> <span class='ocrx_word' id='word_1_415' title='bbox 1499 3875 1566 3931; x_wconf 91' lang='lat' dir='ltr'><strong>de</strong></span> <span class='ocrx_word' id='word_1_416' title='bbox 1603 3877 1777 3943; x_wconf 71' lang='lat' dir='ltr'><strong>cmlis,</strong></span> <span class='ocrx_word' id='word_1_417' title='bbox 1810 3889 1865 3934; x_wconf 91' lang='lat' dir='ltr'><strong>et</strong></span> <span class='ocrx_word' id='word_1_418' title='bbox 1899 3895 2024 3938; x_wconf 90' lang='lat' dir='ltr'><strong>eum</strong></span> 
     </span>
    </p>
   </div>
   <div class='ocr_carea' id='block_1_60' title="bbox 451 3962 2025 4038">
    <p class='ocr_par' dir='ltr' id='par_1_60' title="bbox 451 3962 2025 4038">
     <span class='ocr_line' id='line_1_60' title="bbox 451 3962 2025 4038; baseline 0.008 -22"><span class='ocrx_word' id='word_1_419' title='bbox 451 3963 754 4018; x_wconf 86' lang='lat' dir='ltr'><strong>contrivit:</strong></span> <span class='ocrx_word' id='word_1_420' title='bbox 788 3971 882 4018; x_wconf 89' lang='lat' dir='ltr'><strong>aut</strong></span> <span class='ocrx_word' id='word_1_421' title='bbox 936 3962 1144 4019; x_wconf 79' lang='lat' dir='ltr'><strong>factum</strong></span> <span class='ocrx_word' id='word_1_422' title='bbox 1181 3980 1301 4020; x_wconf 91' lang='lat' dir='ltr'><strong>esse</strong></span> <span class='ocrx_word' id='word_1_423' title='bbox 1335 3981 1592 4038; x_wconf 77' lang='lat' dir='ltr'><strong>cygnum,</strong></span> <span class='ocrx_word' id='word_1_424' title='bbox 1643 3981 1702 4026; x_wconf 91' lang='lat' dir='ltr'><strong>ut</strong></span> <span class='ocrx_word' id='word_1_425' title='bbox 1735 3974 2025 4029; x_wconf 89' lang='lat' dir='ltr'><strong>mortalem</strong></span> 
     </span>
    </p>
   </div>
   <div class='ocr_carea' id='block_1_61' title="bbox 453 4053 2025 4126">
    <p class='ocr_par' dir='ltr' id='par_1_61' title="bbox 453 4053 2025 4126">
     <span class='ocr_line' id='line_1_61' title="bbox 453 4053 2025 4126; baseline 0.008 -17"><span class='ocrx_word' id='word_1_426' title='bbox 453 4053 735 4126; x_wconf 89' lang='lat' dir='ltr'><strong>deciperet</strong></span> <span class='ocrx_word' id='word_1_427' title='bbox 791 4055 1103 4123; x_wconf 77' lang='lat' dir='ltr'><strong>mulierem,</strong></span> <span class='ocrx_word' id='word_1_428' title='bbox 1159 4065 1215 4112; x_wconf 86' lang='lat' dir='ltr'><strong>et</strong></span> <span class='ocrx_word' id='word_1_429' title='bbox 1265 4073 1388 4113; x_wconf 91' lang='lat' dir='ltr'><strong>eam</strong></span> <span class='ocrx_word' id='word_1_430' title='bbox 1451 4061 1696 4118; x_wconf 88' lang='lat' dir='ltr'><strong>vitiaret.</strong></span> <span class='ocrx_word' id='word_1_431' title='bbox 1755 4065 2025 4122; x_wconf 64' lang='lat' dir='ltr'><strong>Praeterea</strong></span> 
     </span>
    </p>
   </div>
   <div class='ocr_carea' id='block_1_62' title="bbox 451 4145 2026 4220">
    <p class='ocr_par' dir='ltr' id='par_1_62' title="bbox 451 4145 2026 4220">
     <span class='ocr_line' id='line_1_62' title="bbox 451 4145 2026 4220; baseline 0.008 -19"><span class='ocrx_word' id='word_1_432' title='bbox 451 4161 584 4202; x_wconf 84' lang='lat' dir='ltr'><strong>vero</strong></span> <span class='ocrx_word' id='word_1_433' title='bbox 608 4161 801 4202; x_wconf 89' lang='lat' dir='ltr'><strong>rursus</strong></span> <span class='ocrx_word' id='word_1_434' title='bbox 822 4163 967 4219; x_wconf 63' lang='lat' dir='ltr'><strong>aegre</strong></span> <span class='ocrx_word' id='word_1_435' title='bbox 992 4145 1100 4202; x_wconf 79' lang='lat' dir='ltr'><strong>fert</strong></span> <span class='ocrx_word' id='word_1_436' title='bbox 1125 4149 1309 4216; x_wconf 88' lang='lat' dir='ltr'><strong>Plato,</strong></span> <span class='ocrx_word' id='word_1_437' title='bbox 1349 4152 1496 4220; x_wconf 90' lang='lat' dir='ltr'><strong>quod</strong></span> <span class='ocrx_word' id='word_1_438' title='bbox 1528 4151 1660 4208; x_wconf 86' lang='lat' dir='ltr'><strong>ﬂetu</strong></span> <span class='ocrx_word' id='word_1_439' title='bbox 1685 4166 1740 4210; x_wconf 91' lang='lat' dir='ltr'><strong>et</strong></span> <span class='ocrx_word' id='word_1_440' title='bbox 1768 4157 2026 4213; x_wconf 89' lang='lat' dir='ltr'><strong>muliebri</strong></span> 
     </span>
    </p>
   </div>
   <div class='ocr_carea' id='block_1_63' title="bbox 454 4237 2026 4310">
    <p class='ocr_par' dir='ltr' id='par_1_63' title="bbox 454 4237 2026 4310">
     <span class='ocr_line' id='line_1_63' title="bbox 454 4237 2026 4310; baseline 0.009 -19"><span class='ocrx_word' id='word_1_441' title='bbox 454 4237 666 4292; x_wconf 80' lang='lat' dir='ltr'><strong>insania</strong></span> <span class='ocrx_word' id='word_1_442' title='bbox 693 4249 982 4309; x_wconf 89' lang='lat' dir='ltr'><strong>correptus</strong></span> <span class='ocrx_word' id='word_1_443' title='bbox 1019 4240 1157 4295; x_wconf 89' lang='lat' dir='ltr'><strong>deus</strong></span> <span class='ocrx_word' id='word_1_444' title='bbox 1183 4250 1330 4305; x_wconf 90' lang='lat' dir='ltr'><strong>tuus,</strong></span> <span class='ocrx_word' id='word_1_445' title='bbox 1353 4257 1386 4295; x_wconf 90' lang='grc' dir='ltr'><strong>ο</strong></span> <span class='ocrx_word' id='word_1_446' title='bbox 1404 4243 1591 4310; x_wconf 86' lang='lat' dir='ltr'><strong>judex,</strong></span> <span class='ocrx_word' id='word_1_447' title='bbox 1618 4246 1816 4304; x_wconf 82' lang='lat' dir='ltr'><strong>deﬂeat</strong></span> <span class='ocrx_word' id='word_1_448' title='bbox 1839 4249 2026 4305; x_wconf 92' lang='lat' dir='ltr'><strong>incon-</strong></span> 
     </span>
    </p>
   </div>
   <div class='ocr_carea' id='block_1_64' title="bbox 453 4327 2020 4398">
    <p class='ocr_par' dir='ltr' id='par_1_64' title="bbox 453 4327 2020 4398">
     <span class='ocr_line' id='line_1_64' title="bbox 453 4327 2020 4398; baseline 0.009 -18"><span class='ocrx_word' id='word_1_449' title='bbox 453 4327 754 4380; x_wconf 81' lang='lat' dir='ltr'><strong>solabiliter</strong></span> <span class='ocrx_word' id='word_1_450' title='bbox 784 4338 1017 4382; x_wconf 88' lang='lat' dir='ltr'><strong>mortem</strong></span> <span class='ocrx_word' id='word_1_451' title='bbox 1049 4328 1405 4398; x_wconf 83' lang='lat' dir='ltr'><strong>Sarpedonis.</strong></span> <span class='ocrx_word' id='word_1_452' title='bbox 1433 4337 1514 4387; x_wconf 85' lang='grc' dir='ltr'><strong>Λιι</strong></span> <span class='ocrx_word' id='word_1_453' title='bbox 1543 4351 1650 4389; x_wconf 82' lang='lat' dir='ltr'><strong>non</strong></span> <span class='ocrx_word' id='word_1_454' title='bbox 1684 4339 1756 4392; x_wconf 90' lang='lat' dir='ltr'><strong>ita</strong></span> <span class='ocrx_word' id='word_1_455' title='bbox 1787 4340 1904 4394; x_wconf 85' lang='lat' dir='ltr'><strong>est?</strong></span> <span class='ocrx_word' id='word_1_456' title='bbox 1939 4342 2020 4394; x_wconf 84' lang='lat' dir='ltr'><strong>An</strong></span> 
     </span>
    </p>
   </div>
   <div class='ocr_carea' id='block_1_65' title="bbox 451 4417 2401 4512">
    <p class='ocr_par' dir='ltr' id='par_1_65' title="bbox 451 4417 2401 4512">
     <span class='ocr_line' id='line_1_65' title="bbox 451 4417 2401 4512; baseline 0.011 -45"><span class='ocrx_word' id='word_1_457' title='bbox 451 4431 563 4470; x_wconf 89' lang='lat' dir='ltr'><strong>non</strong></span> <span class='ocrx_word' id='word_1_458' title='bbox 592 4425 719 4471; x_wconf 82' lang='lat' dir='ltr'><strong>sunt</strong></span> <span class='ocrx_word' id='word_1_459' title='bbox 744 4417 946 4486; x_wconf 88' lang='lat' dir='ltr'><strong>scripta</strong></span> <span class='ocrx_word' id='word_1_460' title='bbox 978 4419 1032 4470; x_wconf 91' lang='lat' dir='ltr'><strong>in</strong></span> <span class='ocrx_word' id='word_1_461' title='bbox 1079 4419 1238 4472; x_wconf 90' lang='lat' dir='ltr'><strong>libris</strong></span> <span class='ocrx_word' id='word_1_462' title='bbox 1268 4423 1464 4475; x_wconf 80' lang='lat' dir='ltr'><strong>vestris</strong></span> <span class='ocrx_word' id='word_1_463' title='bbox 1510 4425 1692 4478; x_wconf 87' lang='lat' dir='ltr'><strong>omnia</strong></span> <span class='ocrx_word' id='word_1_464' title='bbox 1743 4427 2034 4483; x_wconf 81' lang='lat' dir='ltr'><strong>fabulosa?</strong></span> <span class='ocrx_word' id='word_1_465' title='bbox 2067 4455 2109 4510; x_wconf 72' lang='grc' dir='ltr'><strong>ο</strong></span> <span class='ocrx_word' id='word_1_466' title='bbox 2142 4417 2401 4512; x_wconf 60' lang='grc' dir='ltr'>χθάνέταί</span> 
     </span>
    </p>
   </div>
   <div class='ocr_carea' id='block_1_66' title="bbox 453 4503 2020 4586">
    <p class='ocr_par' dir='ltr' id='par_1_66' title="bbox 453 4503 2020 4586">
     <span class='ocr_line' id='line_1_66' title="bbox 453 4503 2020 4586; baseline 0.008 -26"><span class='ocrx_word' id='word_1_467' title='bbox 453 4503 508 4560; x_wconf 90' lang='lat' dir='ltr'><strong>Si</strong></span> <span class='ocrx_word' id='word_1_468' title='bbox 539 4506 653 4574; x_wconf 89' lang='lat' dir='ltr'><strong>ipse</strong></span> <span class='ocrx_word' id='word_1_469' title='bbox 678 4515 860 4560; x_wconf 87' lang='lat' dir='ltr'><strong>autem</strong></span> <span class='ocrx_word' id='word_1_470' title='bbox 901 4507 1122 4576; x_wconf 87' lang='lat' dir='ltr'><strong>sapiens</strong></span> <span class='ocrx_word' id='word_1_471' title='bbox 1174 4508 1327 4563; x_wconf 89' lang='lat' dir='ltr'><strong>Plato</strong></span> <span class='ocrx_word' id='word_1_472' title='bbox 1389 4523 1570 4566; x_wconf 86' lang='lat' dir='ltr'><strong>vester</strong></span> <span class='ocrx_word' id='word_1_473' title='bbox 1604 4517 1863 4586; x_wconf 90' lang='lat' dir='ltr'><strong>scriptor,</strong></span> <span class='ocrx_word' id='word_1_474' title='bbox 1895 4535 2020 4574; x_wconf 90' lang='lat' dir='ltr'><strong>eum</strong></span> 
     </span>
    </p>
   </div>
   <div class='ocr_carea' id='block_1_67' title="bbox 451 4597 2022 4674">
    <p class='ocr_par' dir='ltr' id='par_1_67' title="bbox 451 4597 2022 4674">
     <span class='ocr_line' id='line_1_67' title="bbox 451 4597 2022 4674; baseline 0.01 -25"><span class='ocrx_word' id='word_1_475' title='bbox 451 4597 622 4650; x_wconf 89' lang='lat' dir='ltr'><strong>Deum</strong></span> <span class='ocrx_word' id='word_1_476' title='bbox 645 4610 766 4650; x_wconf 83' lang='lat' dir='ltr'><strong>esse</strong></span> <span class='ocrx_word' id='word_1_477' title='bbox 799 4597 1049 4666; x_wconf 76' lang='lat' dir='ltr'><strong>denegat,</strong></span> <span class='ocrx_word' id='word_1_478' title='bbox 1103 4609 1158 4652; x_wconf 93' lang='lat' dir='ltr'><strong>et</strong></span> <span class='ocrx_word' id='word_1_479' title='bbox 1201 4600 1354 4669; x_wconf 88' lang='lat' dir='ltr'><strong>jubet</strong></span> <span class='ocrx_word' id='word_1_480' title='bbox 1405 4605 1676 4659; x_wconf 87' lang='lat' dir='ltr'><strong>nemiuem</strong></span> <span class='ocrx_word' id='word_1_481' title='bbox 1723 4609 2022 4674; x_wconf 82' lang='lat' dir='ltr'><strong>hominem,</strong></span> 
     </span>
    </p>
   </div>
   <div class='ocr_carea' id='block_1_68' title="bbox 451 4685 2026 4767">
    <p class='ocr_par' dir='ltr' id='par_1_68' title="bbox 451 4685 2026 4767">
     <span class='ocr_line' id='line_1_68' title="bbox 451 4685 2026 4767; baseline 0.01 -26"><span class='ocrx_word' id='word_1_482' title='bbox 451 4685 542 4741; x_wconf 89' lang='lat' dir='ltr'><strong>cui</strong></span> <span class='ocrx_word' id='word_1_483' title='bbox 578 4685 752 4741; x_wconf 89' lang='lat' dir='ltr'><strong>virtus</strong></span> <span class='ocrx_word' id='word_1_484' title='bbox 785 4695 870 4740; x_wconf 89' lang='lat' dir='ltr'><strong>est</strong></span> <span class='ocrx_word' id='word_1_485' title='bbox 900 4703 1067 4752; x_wconf 69' lang='lat' dir='ltr'><strong>curm,</strong></span> <span class='ocrx_word' id='word_1_486' title='bbox 1113 4689 1312 4745; x_wconf 89' lang='lat' dir='ltr'><strong>imitari</strong></span> <span class='ocrx_word' id='word_1_487' title='bbox 1357 4693 1490 4748; x_wconf 85' lang='lat' dir='ltr'><strong>tales</strong></span> <span class='ocrx_word' id='word_1_488' title='bbox 1521 4696 1688 4750; x_wconf 89' lang='lat' dir='ltr'><strong>animi</strong></span> <span class='ocrx_word' id='word_1_489' title='bbox 1738 4705 2026 4767; x_wconf 89' lang='lat' dir='ltr'><strong>perturba-</strong></span> 
     </span>
    </p>
   </div>
   <div class='ocr_carea' id='block_1_69' title="bbox 450 4777 2022 4860">
    <p class='ocr_par' dir='ltr' id='par_1_69' title="bbox 450 4777 2022 4860">
     <span class='ocr_line' id='line_1_69' title="bbox 450 4777 2022 4860; baseline 0.011 -29"><span class='ocrx_word' id='word_1_490' title='bbox 450 4777 652 4842; x_wconf 82' lang='lat' dir='ltr'><strong>tiones,</strong></span> <span class='ocrx_word' id='word_1_491' title='bbox 684 4791 784 4831; x_wconf 92' lang='lat' dir='ltr'><strong>cur</strong></span> <span class='ocrx_word' id='word_1_492' title='bbox 815 4794 911 4832; x_wconf 81' lang='lat' dir='ltr'><strong>vos</strong></span> <span class='ocrx_word' id='word_1_493' title='bbox 936 4780 1083 4847; x_wconf 85' lang='lat' dir='ltr'><strong>ipsos</strong></span> <span class='ocrx_word' id='word_1_494' title='bbox 1111 4780 1452 4849; x_wconf 88' lang='lat' dir='ltr'><strong>submittitis,</strong></span> <span class='ocrx_word' id='word_1_495' title='bbox 1493 4801 1724 4854; x_wconf 86' lang='lat' dir='ltr'><strong>quarum</strong></span> <span class='ocrx_word' id='word_1_496' title='bbox 1769 4791 1867 4860; x_wconf 87' lang='lat' dir='ltr'><strong>ipsi</strong></span> <span class='ocrx_word' id='word_1_497' title='bbox 1894 4808 2022 4847; x_wconf 81' lang='lat' dir='ltr'><strong>con-</strong></span> 
     </span>
    </p>
   </div>
   <div class='ocr_carea' id='block_1_70' title="bbox 447 4867 2029 4941">
    <p class='ocr_par' dir='ltr' id='par_1_70' title="bbox 447 4867 2029 4941">
     <span class='ocr_line' id='line_1_70' title="bbox 447 4867 2029 4941; baseline 0.011 -18"><span class='ocrx_word' id='word_1_498' title='bbox 447 4870 575 4924; x_wconf 85' lang='lat' dir='ltr'><strong>victi</strong></span> <span class='ocrx_word' id='word_1_499' title='bbox 599 4867 845 4936; x_wconf 80' lang='lat' dir='ltr'><strong>luerunt,</strong></span> <span class='ocrx_word' id='word_1_500' title='bbox 872 4872 1204 4938; x_wconf 88' lang='lat' dir='ltr'><strong>actionibus,</strong></span> <span class='ocrx_word' id='word_1_501' title='bbox 1236 4882 1292 4928; x_wconf 90' lang='lat' dir='ltr'><strong>et</strong></span> <span class='ocrx_word' id='word_1_502' title='bbox 1339 4892 1438 4931; x_wconf 91' lang='lat' dir='ltr'><strong>nos</strong></span> <span class='ocrx_word' id='word_1_503' title='bbox 1483 4895 1578 4932; x_wconf 87' lang='lat' dir='ltr'><strong>eos</strong></span> <span class='ocrx_word' id='word_1_504' title='bbox 1613 4880 1773 4937; x_wconf 85' lang='lat' dir='ltr'><strong>hodie</strong></span> <span class='ocrx_word' id='word_1_505' title='bbox 1799 4884 2029 4941; x_wconf 86' lang='lat' dir='ltr'><strong>adorare</strong></span> 
     </span>
    </p>
   </div>
   <div class='ocr_carea' id='block_1_71' title="bbox 401 4959 1093 5060">
    <p class='ocr_par' dir='ltr' id='par_1_71' title="bbox 401 4959 1093 5060">
     <span class='ocr_line' id='line_1_71' title="bbox 401 4959 1093 5060; baseline 0.01 -45"><span class='ocrx_word' id='word_1_506' title='bbox 401 4959 418 5060; x_wconf 49' lang='lat'><strong>5&#39;</strong></span> <span class='ocrx_word' id='word_1_507' title='bbox 447 4961 691 5060; x_wconf 62' lang='lat' dir='ltr'><strong>c0§lllSY</strong></span> <span class='ocrx_word' id='word_1_508' title='bbox 837 5055 858 5060; x_wconf 22' lang='grc' dir='ltr'>ὴ</span> <span class='ocrx_word' id='word_1_509' title='bbox 900 5053 918 5060; x_wconf 35' lang='grc' dir='ltr'><strong>Δ</strong></span> <span class='ocrx_word' id='word_1_510' title='bbox 1068 4974 1093 5060; x_wconf 59' lang='lat'><strong>_&#39;</strong></span> 
     </span>
    </p>
   </div>
   <div class='ocr_carea' id='block_1_72' title="bbox 447 5144 1586 5218">
    <p class='ocr_par' dir='ltr' id='par_1_72' title="bbox 447 5144 1586 5218">
     <span class='ocr_line' id='line_1_72' title="bbox 447 5144 1586 5218; baseline 0.004 -19"><span class='ocrx_word' id='word_1_511' title='bbox 447 5144 593 5215; x_wconf 62' lang='grc' dir='ltr'>ἡμᾶς</span> <span class='ocrx_word' id='word_1_512' title='bbox 624 5145 964 5214; x_wconf 74' lang='grc' dir='ltr'>ἀναγκάζετε</span> <span class='ocrx_word' id='word_1_513' title='bbox 989 5146 1200 5210; x_wconf 82' lang='grc' dir='ltr'>τούτοις</span> <span class='ocrx_word' id='word_1_514' title='bbox 1229 5153 1586 5218; x_wconf 77' lang='grc' dir='ltr'>προσκυνεῖν;</span> 
     </span>
    </p>
   </div>
   <div class='ocr_carea' id='block_1_73' title="bbox 517 5237 2022 5322">
    <p class='ocr_par' dir='ltr' id='par_1_73' title="bbox 517 5237 2022 5322">
     <span class='ocr_line' id='line_1_73' title="bbox 517 5237 2022 5322; baseline 0.011 -32"><span class='ocrx_word' id='word_1_515' title='bbox 517 5237 702 5294; x_wconf 75' lang='lat' dir='ltr'><strong>XXIII.</strong></span> <span class='ocrx_word' id='word_1_516' title='bbox 745 5238 890 5294; x_wconf 90' lang='lat' dir='ltr'><strong>Dixit</strong></span> <span class='ocrx_word' id='word_1_517' title='bbox 923 5255 1123 5310; x_wconf 70' lang='lat' dir='ltr'><strong>prteses</strong></span> <span class='ocrx_word' id='word_1_518' title='bbox 1157 5258 1169 5296; x_wconf 91' lang='lat'><strong>:</strong></span> <span class='ocrx_word' id='word_1_519' title='bbox 1205 5241 1376 5298; x_wconf 88' lang='lat' dir='ltr'><strong>Tuam</strong></span> <span class='ocrx_word' id='word_1_520' title='bbox 1423 5244 1541 5300; x_wconf 81' lang='lat' dir='ltr'><strong>fero</strong></span> <span class='ocrx_word' id='word_1_521' title='bbox 1576 5247 1861 5304; x_wconf 87' lang='lat' dir='ltr'><strong>audaciam</strong></span> <span class='ocrx_word' id='word_1_522' title='bbox 1899 5267 2022 5322; x_wconf 91' lang='lat' dir='ltr'><strong>pro-</strong></span> 
     </span>
    </p>
   </div>
   <div class='ocr_carea' id='block_1_74' title="bbox 455 5330 2024 5406">
    <p class='ocr_par' dir='ltr' id='par_1_74' title="bbox 455 5330 2024 5406">
     <span class='ocr_line' id='line_1_74' title="bbox 455 5330 2024 5406; baseline 0.01 -25"><span class='ocrx_word' id='word_1_523' title='bbox 455 5335 576 5396; x_wconf 85' lang='lat' dir='ltr'><strong>pter</strong></span> <span class='ocrx_word' id='word_1_524' title='bbox 600 5342 744 5390; x_wconf 83' lang='lat' dir='ltr'><strong>eatn.</strong></span> <span class='ocrx_word' id='word_1_525' title='bbox 779 5344 902 5400; x_wconf 69' lang='lat' dir='ltr'><strong>qua:</strong></span> <span class='ocrx_word' id='word_1_526' title='bbox 951 5330 1007 5384; x_wconf 91' lang='lat' dir='ltr'><strong>in</strong></span> <span class='ocrx_word' id='word_1_527' title='bbox 1053 5345 1141 5386; x_wconf 84' lang='lat' dir='ltr'><strong>me</strong></span> <span class='ocrx_word' id='word_1_528' title='bbox 1169 5331 1331 5399; x_wconf 87' lang='lat' dir='ltr'><strong>inest,</strong></span> <span class='ocrx_word' id='word_1_529' title='bbox 1366 5333 1799 5406; x_wconf 83' lang='lat' dir='ltr'><strong>philosophiam;</strong></span> <span class='ocrx_word' id='word_1_530' title='bbox 1834 5342 1929 5396; x_wconf 91' lang='lat' dir='ltr'><strong>sed</strong></span> <span class='ocrx_word' id='word_1_531' title='bbox 1968 5352 2024 5397; x_wconf 92' lang='lat' dir='ltr'><strong>tu</strong></span> 
     </span>
    </p>
   </div>
   <div class='ocr_carea' id='block_1_75' title="bbox 442 5421 2022 5502">
    <p class='ocr_par' dir='ltr' id='par_1_75' title="bbox 442 5421 2022 5502">
     <span class='ocr_line' id='line_1_75' title="bbox 442 5421 2022 5502; baseline 0.011 -30"><span class='ocrx_word' id='word_1_532' title='bbox 442 5434 665 5491; x_wconf 60' lang='lat' dir='ltr'><strong>quoque</strong></span> <span class='ocrx_word' id='word_1_533' title='bbox 697 5421 979 5489; x_wconf 86' lang='lat' dir='ltr'><strong>dic-mihi,</strong></span> <span class='ocrx_word' id='word_1_534' title='bbox 1035 5439 1199 5494; x_wconf 82' lang='lat' dir='ltr'><strong>quem</strong></span> <span class='ocrx_word' id='word_1_535' title='bbox 1232 5435 1289 5480; x_wconf 87' lang='lat' dir='ltr'><strong>tu</strong></span> <span class='ocrx_word' id='word_1_536' title='bbox 1318 5427 1456 5484; x_wconf 87' lang='lat' dir='ltr'><strong>colis</strong></span> <span class='ocrx_word' id='word_1_537' title='bbox 1483 5429 1691 5496; x_wconf 76' lang='lat' dir='ltr'><strong>.Deum,</strong></span> <span class='ocrx_word' id='word_1_538' title='bbox 1739 5435 2022 5502; x_wconf 92' lang='lat' dir='ltr'><strong>quomodo</strong></span> 
     </span>
    </p>
   </div>
   <div class='ocr_carea' id='block_1_76' title="bbox 442 5514 2027 5594">
    <p class='ocr_par' dir='ltr' id='par_1_76' title="bbox 442 5514 2027 5594">
     <span class='ocr_line' id='line_1_76' title="bbox 442 5514 2027 5594; baseline 0.008 -27"><span class='ocrx_word' id='word_1_539' title='bbox 442 5527 568 5572; x_wconf 81' lang='lat' dir='ltr'><strong>cum</strong></span> <span class='ocrx_word' id='word_1_540' title='bbox 591 5523 738 5568; x_wconf 86' lang='lat' dir='ltr'><strong>esset</strong></span> <span class='ocrx_word' id='word_1_541' title='bbox 770 5514 955 5582; x_wconf 89' lang='lat' dir='ltr'><strong>homo,</strong></span> <span class='ocrx_word' id='word_1_542' title='bbox 1009 5517 1388 5589; x_wconf 87' lang='lat' dir='ltr'><strong>deductusque</strong></span> <span class='ocrx_word' id='word_1_543' title='bbox 1423 5519 1590 5577; x_wconf 76' lang='lat' dir='ltr'><strong>fuerit</strong></span> <span class='ocrx_word' id='word_1_544' title='bbox 1640 5524 1706 5576; x_wconf 87' lang='lat' dir='ltr'><strong>ad</strong></span> <span class='ocrx_word' id='word_1_545' title='bbox 1733 5524 2027 5594; x_wconf 87' lang='lat' dir='ltr'><strong>judicium,</strong></span> 
     </span>
    </p>
   </div>
   <div class='ocr_carea' id='block_1_77' title="bbox 443 5603 2034 5689">
    <p class='ocr_par' dir='ltr' id='par_1_77' title="bbox 443 5603 2034 5689">
     <span class='ocr_line' id='line_1_77' title="bbox 443 5603 2034 5689; baseline 0.011 -34"><span class='ocrx_word' id='word_1_546' title='bbox 443 5609 502 5656; x_wconf 90' lang='lat' dir='ltr'><strong>et</strong></span> <span class='ocrx_word' id='word_1_547' title='bbox 537 5603 590 5656; x_wconf 89' lang='lat' dir='ltr'><strong>in</strong></span> <span class='ocrx_word' id='word_1_548' title='bbox 615 5618 839 5661; x_wconf 66' lang='lat' dir='ltr'><strong>erucem</strong></span> <span class='ocrx_word' id='word_1_549' title='bbox 883 5615 1062 5673; x_wconf 73' lang='lat' dir='ltr'><strong>actus,</strong></span> <span class='ocrx_word' id='word_1_550' title='bbox 1120 5611 1262 5664; x_wconf 87' lang='lat' dir='ltr'><strong>Deus</strong></span> <span class='ocrx_word' id='word_1_551' title='bbox 1309 5627 1432 5667; x_wconf 90' lang='lat' dir='ltr'><strong>esse</strong></span> <span class='ocrx_word' id='word_1_552' title='bbox 1481 5623 1565 5668; x_wconf 91' lang='lat' dir='ltr'><strong>est</strong></span> <span class='ocrx_word' id='word_1_553' title='bbox 1596 5630 1624 5669; x_wconf 92' lang='lat' dir='ltr'><strong>a</strong></span> <span class='ocrx_word' id='word_1_554' title='bbox 1661 5619 1819 5672; x_wconf 85' lang='lat' dir='ltr'><strong>vobis</strong></span> <span class='ocrx_word' id='word_1_555' title='bbox 1878 5628 2034 5689; x_wconf 88' lang='lat' dir='ltr'><strong>puta-</strong></span> 
     </span>
    </p>
   </div>
   <div class='ocr_carea' id='block_1_78' title="bbox 446 5693 2034 5778">
    <p class='ocr_par' dir='ltr' id='par_1_78' title="bbox 446 5693 2034 5778">
     <span class='ocr_line' id='line_1_78' title="bbox 446 5693 2034 5778; baseline 0.01 -29"><span class='ocrx_word' id='word_1_556' title='bbox 446 5695 588 5749; x_wconf 78' lang='lat' dir='ltr'><strong>tus?</strong></span> <span class='ocrx_word' id='word_1_557' title='bbox 638 5693 870 5752; x_wconf 84' lang='lat' dir='ltr'><strong>Sanctus</strong></span> <span class='ocrx_word' id='word_1_558' title='bbox 943 5698 1079 5753; x_wconf 85' lang='lat' dir='ltr'><strong>dixit</strong></span> <span class='ocrx_word' id='word_1_559' title='bbox 1138 5701 1491 5759; x_wconf 84' lang='lat' dir='ltr'><strong>Eustratius:</strong></span> <span class='ocrx_word' id='word_1_560' title='bbox 1543 5705 1598 5762; x_wconf 90' lang='lat' dir='ltr'><strong>Si</strong></span> <span class='ocrx_word' id='word_1_561' title='bbox 1650 5723 1734 5761; x_wconf 90' lang='lat' dir='ltr'><strong>me</strong></span> <span class='ocrx_word' id='word_1_562' title='bbox 1764 5711 2034 5778; x_wconf 78' lang='lat' dir='ltr'><strong>patienter</strong></span> 
     </span>
    </p>
   </div>
   <div class='ocr_carea' id='block_1_79' title="bbox 2132 1867 3709 1942">
    <p class='ocr_par' dir='ltr' id='par_1_79' title="bbox 2132 1867 3709 1942">
     <span class='ocr_line' id='line_1_79' title="bbox 2132 1867 3709 1942; baseline -0.001 -17"><span class='ocrx_word' id='word_1_563' title='bbox 2132 1873 2421 1942; x_wconf 77' lang='grc' dir='ltr'>ευξόμενον</span> <span class='ocrx_word' id='word_1_564' title='bbox 2475 1876 2538 1942; x_wconf 81' lang='grc' dir='ltr'>τῇ</span> <span class='ocrx_word' id='word_1_565' title='bbox 2585 1871 2712 1942; x_wconf 81' lang='grc' dir='ltr'>θεῷ.</span> <span class='ocrx_word' id='word_1_566' title='bbox 2749 1874 2909 1925; x_wconf 84' lang='grc' dir='ltr'>Δοκεῖ</span> <span class='ocrx_word' id='word_1_567' title='bbox 2952 1890 3034 1926; x_wconf 92' lang='grc' dir='ltr'><strong>σοι</strong></span> <span class='ocrx_word' id='word_1_568' title='bbox 3067 1874 3228 1941; x_wconf 73' lang='grc' dir='ltr'>σοφὸς</span> <span class='ocrx_word' id='word_1_569' title='bbox 3267 1867 3421 1936; x_wconf 69' lang='grc' dir='ltr'>οὗτος</span> <span class='ocrx_word' id='word_1_570' title='bbox 3463 1868 3624 1937; x_wconf 78' lang='grc' dir='ltr'>εἶναι,</span> <span class='ocrx_word' id='word_1_571' title='bbox 3674 1872 3709 1941; x_wconf 72' lang='grc' dir='ltr'>ἢ</span> 
     </span>
    </p>
   </div>
   <div class='ocr_carea' id='block_1_80' title="bbox 2131 1959 3708 2032">
    <p class='ocr_par' dir='ltr' id='par_1_80' title="bbox 2131 1959 3708 2032">
     <span class='ocr_line' id='line_1_80' title="bbox 2131 1959 3708 2032; baseline 0.001 -17"><span class='ocrx_word' id='word_1_572' title='bbox 2131 1961 2192 2015; x_wconf 80' lang='grc' dir='ltr'><strong>ού</strong></span> <span class='ocrx_word' id='word_1_573' title='bbox 2222 1981 2234 2027; x_wconf 91' lang='grc'>;</span> <span class='ocrx_word' id='word_1_574' title='bbox 2281 1963 2338 2016; x_wconf 86' lang='grc' dir='ltr'>Ὀ</span> <span class='ocrx_word' id='word_1_575' title='bbox 2373 1962 2528 2031; x_wconf 72' lang='grc' dir='ltr'>ἅγιος</span> <span class='ocrx_word' id='word_1_576' title='bbox 2559 1963 2890 2032; x_wconf 76' lang='grc' dir='ltr'>Εύστράτιος</span> <span class='ocrx_word' id='word_1_577' title='bbox 2910 1959 3086 2016; x_wconf 77' lang='grc' dir='ltr'>εἷπενο</span> <span class='ocrx_word' id='word_1_578' title='bbox 3123 1964 3269 2016; x_wconf 81' lang='grc' dir='ltr'>Πάνυ</span> <span class='ocrx_word' id='word_1_579' title='bbox 3304 1962 3708 2032; x_wconf 81' lang='grc' dir='ltr'>καταγινώσκει</span> 
     </span>
    </p>
   </div>
   <div class='ocr_carea' id='block_1_81' title="bbox 2133 2055 3710 2122">
    <p class='ocr_par' dir='ltr' id='par_1_81' title="bbox 2133 2055 3710 2122">
     <span class='ocr_line' id='line_1_81' title="bbox 2133 2055 3710 2122; baseline -0.002 -11"><span class='ocrx_word' id='word_1_580' title='bbox 2133 2057 2360 2111; x_wconf 78' lang='grc' dir='ltr'>Πλάτων</span> <span class='ocrx_word' id='word_1_581' title='bbox 2432 2056 2556 2118; x_wconf 82' lang='grc' dir='ltr'>Διὸς</span> <span class='ocrx_word' id='word_1_582' title='bbox 2611 2055 2707 2108; x_wconf 83' lang='grc' dir='ltr'><strong>τοῦ</strong></span> <span class='ocrx_word' id='word_1_583' title='bbox 2769 2057 2892 2109; x_wconf 80' lang='grc' dir='ltr'>θεοῦ</span> <span class='ocrx_word' id='word_1_584' title='bbox 2953 2056 3070 2122; x_wconf 70' lang='grc' dir='ltr'><strong>σοῦ¹</strong></span> <span class='ocrx_word' id='word_1_585' title='bbox 3120 2058 3213 2109; x_wconf 70' lang='grc' dir='ltr'><strong>καὶ</strong></span> <span class='ocrx_word' id='word_1_586' title='bbox 3262 2056 3426 2110; x_wconf 73' lang='grc' dir='ltr'>ἄκουε</span> <span class='ocrx_word' id='word_1_587' title='bbox 3477 2057 3618 2110; x_wconf 83' lang='grc' dir='ltr'><strong>αύτά</strong></span> <span class='ocrx_word' id='word_1_588' title='bbox 3642 2056 3710 2108; x_wconf 76' lang='grc' dir='ltr'><strong>τά</strong></span> 
     </span>
    </p>
   </div>
   <div class='ocr_carea' id='block_1_82' title="bbox 2138 2146 3709 2219">
    <p class='ocr_par' dir='ltr' id='par_1_82' title="bbox 2138 2146 3709 2219">
     <span class='ocr_line' id='line_1_82' title="bbox 2138 2146 3709 2219; baseline 0 -19"><span class='ocrx_word' id='word_1_589' title='bbox 2138 2149 2364 2219; x_wconf 71' lang='grc' dir='ltr'>ῥήματα</span> <span class='ocrx_word' id='word_1_590' title='bbox 2397 2147 2713 2210; x_wconf 88' lang='grc' dir='ltr'>Πλάτωνος.</span> <span class='ocrx_word' id='word_1_591' title='bbox 2759 2146 2982 2218; x_wconf 76' lang='grc' dir='ltr'>Ἐπειδὴ</span> <span class='ocrx_word' id='word_1_592' title='bbox 3013 2150 3122 2217; x_wconf 80' lang='grc' dir='ltr'>γὰρ</span> <span class='ocrx_word' id='word_1_593' title='bbox 3150 2147 3260 2200; x_wconf 71' lang='grc' dir='ltr'>ἀπὸ</span> <span class='ocrx_word' id='word_1_594' title='bbox 3295 2148 3390 2201; x_wconf 75' lang='grc' dir='ltr'>τοῦ</span> <span class='ocrx_word' id='word_1_595' title='bbox 3433 2147 3709 2217; x_wconf 82' lang='grc' dir='ltr'>Πειραιῶς</span> 
     </span>
    </p>
   </div>
   <div class='ocr_carea' id='block_1_83' title="bbox 2133 2240 3702 2312">
    <p class='ocr_par' dir='ltr' id='par_1_83' title="bbox 2133 2240 3702 2312">
     <span class='ocr_line' id='line_1_83' title="bbox 2133 2240 3702 2312; baseline 0.002 -19"><span class='ocrx_word' id='word_1_596' title='bbox 2133 2240 2284 2312; x_wconf 72' lang='grc' dir='ltr'>ἤρξω</span> <span class='ocrx_word' id='word_1_597' title='bbox 2336 2245 2430 2295; x_wconf 76' lang='grc' dir='ltr'>καὶ</span> <span class='ocrx_word' id='word_1_598' title='bbox 2480 2243 2588 2294; x_wconf 66' lang='grc' dir='ltr'>ἀπὸ</span> <span class='ocrx_word' id='word_1_599' title='bbox 2642 2244 2750 2296; x_wconf 71' lang='grc' dir='ltr'><strong>τῶν</strong></span> <span class='ocrx_word' id='word_1_600' title='bbox 2803 2242 3099 2294; x_wconf 77' lang='grc' dir='ltr'>πολιτικῶν</span> <span class='ocrx_word' id='word_1_601' title='bbox 3156 2242 3324 2296; x_wconf 73' lang='grc' dir='ltr'>αὑτοῦ</span> <span class='ocrx_word' id='word_1_602' title='bbox 3391 2243 3593 2309; x_wconf 72' lang='grc' dir='ltr'>λόγων,</span> <span class='ocrx_word' id='word_1_603' title='bbox 3643 2243 3702 2296; x_wconf 77' lang='grc' dir='ltr'><strong>ἐν</strong></span> 
     </span>
    </p>
   </div>
   <div class='ocr_carea' id='block_1_84' title="bbox 2138 2330 3705 2403">
    <p class='ocr_par' dir='ltr' id='par_1_84' title="bbox 2138 2330 3705 2403">
     <span class='ocr_line' id='line_1_84' title="bbox 2138 2330 3705 2403; baseline 0.001 -20"><span class='ocrx_word' id='word_1_604' title='bbox 2138 2330 2216 2400; x_wconf 82' lang='grc' dir='ltr'>τῷ</span> <span class='ocrx_word' id='word_1_605' title='bbox 2238 2330 2478 2402; x_wconf 83' lang='grc' dir='ltr'>δευτέρῳ</span> <span class='ocrx_word' id='word_1_606' title='bbox 2525 2333 2694 2385; x_wconf 84' lang='grc' dir='ltr'>αὑτοῦ</span> <span class='ocrx_word' id='word_1_607' title='bbox 2754 2332 2948 2403; x_wconf 80' lang='grc' dir='ltr'>βιϐλίῳ</span> <span class='ocrx_word' id='word_1_608' title='bbox 2977 2336 3152 2387; x_wconf 89' lang='grc' dir='ltr'>κεῖται</span> <span class='ocrx_word' id='word_1_609' title='bbox 3175 2331 3348 2397; x_wconf 76' lang='grc' dir='ltr'>οὕτως</span> <span class='ocrx_word' id='word_1_610' title='bbox 3377 2349 3392 2364; x_wconf 75' lang='grc' dir='ltr'><strong>ο</strong></span> <span class='ocrx_word' id='word_1_611' title='bbox 3433 2333 3490 2387; x_wconf 88' lang='lat'><strong>&#39;0</strong></span> <span class='ocrx_word' id='word_1_612' title='bbox 3551 2331 3705 2394; x_wconf 81' lang='grc' dir='ltr'>Θεὸς,</span> 
     </span>
    </p>
   </div>
   <div class='ocr_carea' id='block_1_85' title="bbox 2135 2421 3714 2496">
    <p class='ocr_par' dir='ltr' id='par_1_85' title="bbox 2135 2421 3714 2496">
     <span class='ocr_line' id='line_1_85' title="bbox 2135 2421 3714 2496; baseline 0 -22"><span class='ocrx_word' id='word_1_613' title='bbox 2135 2421 2332 2493; x_wconf 76' lang='grc' dir='ltr'>ἐπειδὴ</span> <span class='ocrx_word' id='word_1_614' title='bbox 2365 2423 2598 2490; x_wconf 81' lang='grc' dir='ltr'>ἀγαθὸς,</span> <span class='ocrx_word' id='word_1_615' title='bbox 2633 2425 2695 2477; x_wconf 88' lang='grc' dir='ltr'><strong>ού</strong></span> <span class='ocrx_word' id='word_1_616' title='bbox 2722 2425 2938 2478; x_wconf 84' lang='grc' dir='ltr'>πάντων</span> <span class='ocrx_word' id='word_1_617' title='bbox 2971 2425 3038 2478; x_wconf 86' lang='grc' dir='ltr'>ἂν</span> <span class='ocrx_word' id='word_1_618' title='bbox 3062 2425 3148 2496; x_wconf 80' lang='grc' dir='ltr'><strong>εἴη</strong></span> <span class='ocrx_word' id='word_1_619' title='bbox 3181 2425 3382 2489; x_wconf 79' lang='grc' dir='ltr'>αἴτιος,</span> <span class='ocrx_word' id='word_1_620' title='bbox 3405 2425 3480 2486; x_wconf 84' lang='grc' dir='ltr'><strong>ῶς</strong></span> <span class='ocrx_word' id='word_1_621' title='bbox 3510 2426 3558 2476; x_wconf 84' lang='grc' dir='ltr'><strong>οί</strong></span> <span class='ocrx_word' id='word_1_622' title='bbox 3588 2424 3714 2476; x_wconf 74' lang='grc' dir='ltr'>πολ-</span> 
     </span>
    </p>
   </div>
   <div class='ocr_carea' id='block_1_86' title="bbox 2134 2510 3709 2586">
    <p class='ocr_par' dir='ltr' id='par_1_86' title="bbox 2134 2510 3709 2586">
     <span class='ocr_line' id='line_1_86' title="bbox 2134 2510 3709 2586; baseline 0.002 -23"><span class='ocrx_word' id='word_1_623' title='bbox 2134 2510 2219 2564; x_wconf 75' lang='grc' dir='ltr'>λοὶ</span> <span class='ocrx_word' id='word_1_624' title='bbox 2247 2512 2526 2580; x_wconf 80' lang='grc' dir='ltr'>λέγουσιν,</span> <span class='ocrx_word' id='word_1_625' title='bbox 2563 2514 2679 2566; x_wconf 82' lang='grc' dir='ltr'>ἀλλ’</span> <span class='ocrx_word' id='word_1_626' title='bbox 2730 2514 2930 2581; x_wconf 76' lang='grc' dir='ltr'>ὀλίγων</span> <span class='ocrx_word' id='word_1_627' title='bbox 2969 2516 3069 2585; x_wconf 83' lang='grc' dir='ltr'>μὲν</span> <span class='ocrx_word' id='word_1_628' title='bbox 3110 2520 3224 2579; x_wconf 87' lang='grc' dir='ltr'>τοῖς</span> <span class='ocrx_word' id='word_1_629' title='bbox 3275 2515 3585 2586; x_wconf 82' lang='grc' dir='ltr'>ἀνθρώποις</span> <span class='ocrx_word' id='word_1_630' title='bbox 3623 2513 3709 2566; x_wconf 84' lang='grc' dir='ltr'>αῖ-</span> 
     </span>
    </p>
   </div>
   <div class='ocr_carea' id='block_1_87' title="bbox 2133 2605 3709 2677">
    <p class='ocr_par' dir='ltr' id='par_1_87' title="bbox 2133 2605 3709 2677">
     <span class='ocr_line' id='line_1_87' title="bbox 2133 2605 3709 2677; baseline 0.001 -22"><span class='ocrx_word' id='word_1_631' title='bbox 2133 2619 2270 2669; x_wconf 84' lang='grc' dir='ltr'>τιος,</span> <span class='ocrx_word' id='word_1_632' title='bbox 2305 2605 2402 2658; x_wconf 72' lang='grc' dir='ltr'><strong>καὶ</strong></span> <span class='ocrx_word' id='word_1_633' title='bbox 2430 2607 2540 2658; x_wconf 88' lang='grc' dir='ltr'><strong>τῶν</strong></span> <span class='ocrx_word' id='word_1_634' title='bbox 2564 2607 2664 2674; x_wconf 82' lang='grc' dir='ltr'><strong>μὲν</strong></span> <span class='ocrx_word' id='word_1_635' title='bbox 2703 2606 2926 2673; x_wconf 79' lang='grc' dir='ltr'>ἀγαθῶν</span> <span class='ocrx_word' id='word_1_636' title='bbox 2969 2607 3163 2661; x_wconf 73' lang='grc' dir='ltr'>οὐδένα</span> <span class='ocrx_word' id='word_1_637' title='bbox 3199 2609 3382 2677; x_wconf 78' lang='grc' dir='ltr'>φαμὲν</span> <span class='ocrx_word' id='word_1_638' title='bbox 3423 2606 3584 2660; x_wconf 80' lang='grc' dir='ltr'>ἄλλον</span> <span class='ocrx_word' id='word_1_639' title='bbox 3623 2606 3709 2658; x_wconf 81' lang='grc' dir='ltr'><strong>αἰ-</strong></span> 
     </span>
    </p>
   </div>
   <div class='ocr_carea' id='block_1_88' title="bbox 2133 2693 3715 2766">
    <p class='ocr_par' dir='ltr' id='par_1_88' title="bbox 2133 2693 3715 2766">
     <span class='ocr_line' id='line_1_88' title="bbox 2133 2693 3715 2766; baseline 0.001 -18"><span class='ocrx_word' id='word_1_640' title='bbox 2133 2712 2247 2748; x_wconf 85' lang='grc' dir='ltr'>τιον</span> <span class='ocrx_word' id='word_1_641' title='bbox 2276 2693 2413 2749; x_wconf 76' lang='grc' dir='ltr'>εἶναι</span> <span class='ocrx_word' id='word_1_642' title='bbox 2445 2697 2477 2766; x_wconf 80' lang='grc' dir='ltr'>ἢ</span> <span class='ocrx_word' id='word_1_643' title='bbox 2511 2697 2600 2751; x_wconf 88' lang='grc' dir='ltr'><strong>τὸν</strong></span> <span class='ocrx_word' id='word_1_644' title='bbox 2669 2697 2801 2750; x_wconf 85' lang='grc' dir='ltr'>Θεόν</span> <span class='ocrx_word' id='word_1_645' title='bbox 2846 2715 2863 2731; x_wconf 78' lang='grc' dir='ltr'><strong>ο</strong></span> <span class='ocrx_word' id='word_1_646' title='bbox 2913 2697 3019 2751; x_wconf 84' lang='grc' dir='ltr'><strong>τῶν</strong></span> <span class='ocrx_word' id='word_1_647' title='bbox 3054 2699 3110 2752; x_wconf 80' lang='grc' dir='ltr'>δὲ</span> <span class='ocrx_word' id='word_1_648' title='bbox 3161 2698 3348 2751; x_wconf 84' lang='grc' dir='ltr'>κακῶν</span> <span class='ocrx_word' id='word_1_649' title='bbox 3409 2698 3523 2752; x_wconf 81' lang='grc' dir='ltr'>ἀλλ’</span> <span class='ocrx_word' id='word_1_650' title='bbox 3577 2697 3715 2750; x_wconf 82' lang='grc' dir='ltr'>ἄττα</span> 
     </span>
    </p>
   </div>
   <div class='ocr_carea' id='block_1_89' title="bbox 2132 2789 3714 2862">
    <p class='ocr_par' dir='ltr' id='par_1_89' title="bbox 2132 2789 3714 2862">
     <span class='ocr_line' id='line_1_89' title="bbox 2132 2789 3714 2862; baseline 0.003 -20"><span class='ocrx_word' id='word_1_651' title='bbox 2132 2789 2216 2842; x_wconf 81' lang='grc' dir='ltr'><strong>δεῖ</strong></span> <span class='ocrx_word' id='word_1_652' title='bbox 2265 2789 2446 2859; x_wconf 74' lang='grc' dir='ltr'>ζητεῖν</span> <span class='ocrx_word' id='word_1_653' title='bbox 2478 2791 2543 2844; x_wconf 87' lang='grc' dir='ltr'>τὰ</span> <span class='ocrx_word' id='word_1_654' title='bbox 2583 2790 2757 2855; x_wconf 72' lang='grc' dir='ltr'>αἴτια,</span> <span class='ocrx_word' id='word_1_655' title='bbox 2807 2791 2943 2846; x_wconf 76' lang='grc' dir='ltr'>ἀλλὰ</span> <span class='ocrx_word' id='word_1_656' title='bbox 2993 2792 3054 2843; x_wconf 87' lang='grc' dir='ltr'><strong>ού</strong></span> <span class='ocrx_word' id='word_1_657' title='bbox 3109 2791 3197 2844; x_wconf 78' lang='grc' dir='ltr'>τὸν</span> <span class='ocrx_word' id='word_1_658' title='bbox 3236 2792 3392 2847; x_wconf 80' lang='grc' dir='ltr'>Θεόν.</span> <span class='ocrx_word' id='word_1_659' title='bbox 3444 2793 3558 2845; x_wconf 77' lang='grc' dir='ltr'><strong>Οὖκ</strong></span> <span class='ocrx_word' id='word_1_660' title='bbox 3603 2791 3714 2862; x_wconf 76' lang='grc' dir='ltr'>ἄρα</span> 
     </span>
    </p>
   </div>
   <div class='ocr_carea' id='block_1_90' title="bbox 2137 2882 3712 2954">
    <p class='ocr_par' dir='ltr' id='par_1_90' title="bbox 2137 2882 3712 2954">
     <span class='ocr_line' id='line_1_90' title="bbox 2137 2882 3712 2954; baseline 0 -18"><span class='ocrx_word' id='word_1_661' title='bbox 2137 2884 2466 2936; x_wconf 83' lang='grc' dir='ltr'>ἀποδεκτέον</span> <span class='ocrx_word' id='word_1_662' title='bbox 2491 2882 2616 2935; x_wconf 73' lang='grc' dir='ltr'>οὔτε</span> <span class='ocrx_word' id='word_1_663' title='bbox 2648 2884 2900 2952; x_wconf 83' lang='grc' dir='ltr'>Ὅμηρον</span> <span class='ocrx_word' id='word_1_664' title='bbox 2932 2882 3054 2935; x_wconf 78' lang='grc' dir='ltr'>οὔτε</span> <span class='ocrx_word' id='word_1_665' title='bbox 3083 2882 3240 2935; x_wconf 81' lang='grc' dir='ltr'>ἄλλον</span> <span class='ocrx_word' id='word_1_666' title='bbox 3269 2883 3518 2954; x_wconf 70' lang='grc' dir='ltr'>ποιητὴν,</span> <span class='ocrx_word' id='word_1_667' title='bbox 3551 2884 3712 2936; x_wconf 73' lang='grc' dir='ltr'>ὁπότε</span> 
     </span>
    </p>
   </div>
   <div class='ocr_carea' id='block_1_91' title="bbox 2137 2976 3708 3046">
    <p class='ocr_par' dir='ltr' id='par_1_91' title="bbox 2137 2976 3708 3046">
     <span class='ocr_line' id='line_1_91' title="bbox 2137 2976 3708 3046; baseline 0 -18"><span class='ocrx_word' id='word_1_668' title='bbox 2137 2976 2271 3039; x_wconf 76' lang='grc' dir='ltr'>Ζεὺς</span> <span class='ocrx_word' id='word_1_669' title='bbox 2311 2977 2533 3044; x_wconf 79' lang='grc' dir='ltr'>ἀγαθῶν</span> <span class='ocrx_word' id='word_1_670' title='bbox 2571 2993 2630 3028; x_wconf 85' lang='grc' dir='ltr'><strong>τε</strong></span> <span class='ocrx_word' id='word_1_671' title='bbox 2655 2977 2750 3029; x_wconf 74' lang='grc' dir='ltr'><strong>καὶ</strong></span> <span class='ocrx_word' id='word_1_672' title='bbox 2783 2977 2969 3029; x_wconf 80' lang='grc' dir='ltr'>κακῶν</span> <span class='ocrx_word' id='word_1_673' title='bbox 2999 2977 3168 3040; x_wconf 82' lang='grc' dir='ltr'>αἰτιος</span> <span class='ocrx_word' id='word_1_674' title='bbox 3197 2978 3484 3041; x_wconf 83' lang='grc' dir='ltr'>τέτακται,</span> <span class='ocrx_word' id='word_1_675' title='bbox 3521 2978 3617 3046; x_wconf 79' lang='grc' dir='ltr'>τήν</span> <span class='ocrx_word' id='word_1_676' title='bbox 3647 2993 3708 3028; x_wconf 84' lang='grc' dir='ltr'><strong>τε</strong></span> 
     </span>
    </p>
   </div>
   <div class='ocr_carea' id='block_1_92' title="bbox 2136 3065 3712 3138">
    <p class='ocr_par' dir='ltr' id='par_1_92' title="bbox 2136 3065 3712 3138">
     <span class='ocr_line' id='line_1_92' title="bbox 2136 3065 3712 3138; baseline 0.002 -21"><span class='ocrx_word' id='word_1_677' title='bbox 2136 3067 2249 3118; x_wconf 88' lang='grc' dir='ltr'><strong>τῶν</strong></span> <span class='ocrx_word' id='word_1_678' title='bbox 2277 3067 2457 3136; x_wconf 83' lang='grc' dir='ltr'>ὅρκων</span> <span class='ocrx_word' id='word_1_679' title='bbox 2503 3065 2598 3119; x_wconf 74' lang='grc' dir='ltr'>καὶ</span> <span class='ocrx_word' id='word_1_680' title='bbox 2643 3065 2752 3118; x_wconf 85' lang='grc' dir='ltr'><strong>τῶν</strong></span> <span class='ocrx_word' id='word_1_681' title='bbox 2807 3066 3054 3119; x_wconf 80' lang='grc' dir='ltr'>σπονδῶν</span> <span class='ocrx_word' id='word_1_682' title='bbox 3105 3067 3371 3137; x_wconf 66' lang='grc' dir='ltr'>σύγχυσιν</span> <span class='ocrx_word' id='word_1_683' title='bbox 3416 3067 3511 3138; x_wconf 83' lang='grc' dir='ltr'><strong>τὴν</strong></span> <span class='ocrx_word' id='word_1_684' title='bbox 3567 3070 3712 3120; x_wconf 81' lang='grc' dir='ltr'>κατά</span> 
     </span>
    </p>
   </div>
   <div class='ocr_carea' id='block_1_93' title="bbox 2132 3156 3711 3231">
    <p class='ocr_par' dir='ltr' id='par_1_93' title="bbox 2132 3156 3711 3231">
     <span class='ocr_line' id='line_1_93' title="bbox 2132 3156 3711 3231; baseline 0.001 -22"><span class='ocrx_word' id='word_1_685' title='bbox 2132 3156 2243 3209; x_wconf 78' lang='grc' dir='ltr'><strong>τῶν</strong></span> <span class='ocrx_word' id='word_1_686' title='bbox 2287 3157 2544 3226; x_wconf 75' lang='grc' dir='ltr'>Ἀχαιῶν,</span> <span class='ocrx_word' id='word_1_687' title='bbox 2571 3159 2638 3228; x_wconf 83' lang='grc' dir='ltr'>ἣν</span> <span class='ocrx_word' id='word_1_688' title='bbox 2664 3156 2692 3208; x_wconf 85' lang='grc' dir='ltr'>ὁ</span> <span class='ocrx_word' id='word_1_689' title='bbox 2725 3157 3009 3228; x_wconf 76' lang='grc' dir='ltr'>Πάνδωρος</span> <span class='ocrx_word' id='word_1_690' title='bbox 3042 3160 3313 3230; x_wconf 77' lang='grc' dir='ltr'>συνέχεεν,</span> <span class='ocrx_word' id='word_1_691' title='bbox 3359 3159 3453 3213; x_wconf 82' lang='grc' dir='ltr'>ἐάν</span> <span class='ocrx_word' id='word_1_692' title='bbox 3496 3177 3578 3223; x_wconf 81' lang='grc' dir='ltr'><strong>τις</strong></span> <span class='ocrx_word' id='word_1_693' title='bbox 3632 3162 3711 3231; x_wconf 75' lang='grc' dir='ltr'>φῇ</span> 
     </span>
    </p>
   </div>
   <div class='ocr_carea' id='block_1_94' title="bbox 2137 3246 3716 3319">
    <p class='ocr_par' dir='ltr' id='par_1_94' title="bbox 2137 3246 3716 3319">
     <span class='ocr_line' id='line_1_94' title="bbox 2137 3246 3716 3319; baseline 0.001 -18"><span class='ocrx_word' id='word_1_694' title='bbox 2137 3246 2205 3301; x_wconf 87' lang='grc' dir='ltr'>δι’</span> <span class='ocrx_word' id='word_1_695' title='bbox 2257 3248 2488 3318; x_wconf 80' lang='grc' dir='ltr'>Ἀθηνᾶς</span> <span class='ocrx_word' id='word_1_696' title='bbox 2517 3265 2578 3300; x_wconf 85' lang='grc' dir='ltr'><strong>τε</strong></span> <span class='ocrx_word' id='word_1_697' title='bbox 2627 3252 2722 3302; x_wconf 72' lang='grc' dir='ltr'>καὶ</span> <span class='ocrx_word' id='word_1_698' title='bbox 2769 3249 2890 3313; x_wconf 79' lang='grc' dir='ltr'>Διὸς</span> <span class='ocrx_word' id='word_1_699' title='bbox 2939 3251 3264 3319; x_wconf 79' lang='grc' dir='ltr'>γεγονέναι·</span> <span class='ocrx_word' id='word_1_700' title='bbox 3301 3253 3399 3304; x_wconf 65' lang='grc' dir='ltr'>οὐκ</span> <span class='ocrx_word' id='word_1_701' title='bbox 3433 3252 3716 3304; x_wconf 73' lang='grc' dir='ltr'>ἐπαινεσό-</span> 
     </span>
    </p>
   </div>
   <div class='ocr_carea' id='block_1_95' title="bbox 2143 3337 3710 3416">
    <p class='ocr_par' dir='ltr' id='par_1_95' title="bbox 2143 3337 3710 3416">
     <span class='ocr_line' id='line_1_95' title="bbox 2143 3337 3710 3416; baseline 0.004 -26"><span class='ocrx_word' id='word_1_702' title='bbox 2143 3337 2305 3407; x_wconf 86' lang='grc' dir='ltr'>μεθα,</span> <span class='ocrx_word' id='word_1_703' title='bbox 2333 3339 2455 3392; x_wconf 86' lang='grc' dir='ltr'>οὐδὲ</span> <span class='ocrx_word' id='word_1_704' title='bbox 2485 3339 2624 3394; x_wconf 86' lang='grc' dir='ltr'>θεῶν</span> <span class='ocrx_word' id='word_1_705' title='bbox 2654 3341 2770 3411; x_wconf 83' lang='grc' dir='ltr'>ἔριν</span> <span class='ocrx_word' id='word_1_706' title='bbox 2803 3358 2862 3395; x_wconf 86' lang='grc' dir='ltr'><strong>τε</strong></span> <span class='ocrx_word' id='word_1_707' title='bbox 2906 3344 3002 3395; x_wconf 79' lang='grc' dir='ltr'><strong>καὶ</strong></span> <span class='ocrx_word' id='word_1_708' title='bbox 3052 3343 3256 3416; x_wconf 83' lang='grc' dir='ltr'>κρίσιν,</span> <span class='ocrx_word' id='word_1_709' title='bbox 3295 3343 3380 3412; x_wconf 76' lang='grc' dir='ltr'><strong>ἐφ’</strong></span> <span class='ocrx_word' id='word_1_710' title='bbox 3430 3345 3495 3415; x_wconf 77' lang='grc' dir='ltr'>ἣν</span> <span class='ocrx_word' id='word_1_711' title='bbox 3547 3343 3710 3408; x_wconf 73' lang='grc' dir='ltr'>αὐτὸς</span> 
     </span>
    </p>
   </div>
   <div class='ocr_carea' id='block_1_96' title="bbox 2137 3430 3715 3507">
    <p class='ocr_par' dir='ltr' id='par_1_96' title="bbox 2137 3430 3715 3507">
     <span class='ocr_line' id='line_1_96' title="bbox 2137 3430 3715 3507; baseline 0.003 -24"><span class='ocrx_word' id='word_1_712' title='bbox 2137 3430 2362 3486; x_wconf 78' lang='grc' dir='ltr'>πέποιθε</span> <span class='ocrx_word' id='word_1_713' title='bbox 2387 3431 2476 3486; x_wconf 83' lang='grc' dir='ltr'>διὰ</span> <span class='ocrx_word' id='word_1_714' title='bbox 2506 3432 2733 3504; x_wconf 84' lang='grc' dir='ltr'>Θέμιδός</span> <span class='ocrx_word' id='word_1_715' title='bbox 2780 3452 2838 3487; x_wconf 84' lang='grc' dir='ltr'><strong>τε</strong></span> <span class='ocrx_word' id='word_1_716' title='bbox 2884 3435 2980 3488; x_wconf 76' lang='grc' dir='ltr'>καὶ</span> <span class='ocrx_word' id='word_1_717' title='bbox 3025 3437 3168 3502; x_wconf 76' lang='grc' dir='ltr'>Διὸς,</span> <span class='ocrx_word' id='word_1_718' title='bbox 3218 3435 3310 3500; x_wconf 82' lang='grc' dir='ltr'><strong>οὓς</strong></span> <span class='ocrx_word' id='word_1_719' title='bbox 3362 3439 3425 3490; x_wconf 80' lang='grc' dir='ltr'><strong>σὺ</strong></span> <span class='ocrx_word' id='word_1_720' title='bbox 3473 3437 3715 3507; x_wconf 74' lang='grc' dir='ltr'>νομίζεις</span> 
     </span>
    </p>
   </div>
   <div class='ocr_carea' id='block_1_97' title="bbox 2140 3524 3714 3600">
    <p class='ocr_par' dir='ltr' id='par_1_97' title="bbox 2140 3524 3714 3600">
     <span class='ocr_line' id='line_1_97' title="bbox 2140 3524 3714 3600; baseline 0.003 -22"><span class='ocrx_word' id='word_1_721' title='bbox 2140 3524 2296 3589; x_wconf 85' lang='grc' dir='ltr'>θεούς</span> <span class='ocrx_word' id='word_1_722' title='bbox 2323 3541 2339 3558; x_wconf 88' lang='grc'><strong>·</strong></span> <span class='ocrx_word' id='word_1_723' title='bbox 2409 3527 2519 3581; x_wconf 77' lang='grc' dir='ltr'>οὐδ’</span> <span class='ocrx_word' id='word_1_724' title='bbox 2545 3524 2637 3582; x_wconf 81' lang='grc' dir='ltr'>οὖν</span> <span class='ocrx_word' id='word_1_725' title='bbox 2667 3529 2741 3591; x_wconf 84' lang='grc' dir='ltr'>ὡς</span> <span class='ocrx_word' id='word_1_726' title='bbox 2791 3530 3055 3600; x_wconf 79' lang='grc' dir='ltr'>Αἰσχύλος</span> <span class='ocrx_word' id='word_1_727' title='bbox 3085 3531 3254 3600; x_wconf 82' lang='grc' dir='ltr'>λέγει,</span> <span class='ocrx_word' id='word_1_728' title='bbox 3305 3534 3389 3586; x_wconf 88' lang='grc' dir='ltr'>ὅτι</span> <span class='ocrx_word' id='word_1_729' title='bbox 3431 3533 3564 3595; x_wconf 71' lang='grc' dir='ltr'>Θεὸς</span> <span class='ocrx_word' id='word_1_730' title='bbox 3610 3533 3714 3600; x_wconf 81' lang='grc' dir='ltr'>μὲν</span> 
     </span>
    </p>
   </div>
   <div class='ocr_carea' id='block_1_98' title="bbox 2140 3617 3710 3696">
    <p class='ocr_par' dir='ltr' id='par_1_98' title="bbox 2140 3617 3710 3696">
     <span class='ocr_line' id='line_1_98' title="bbox 2140 3617 3710 3696; baseline 0.004 -24"><span class='ocrx_word' id='word_1_731' title='bbox 2140 3617 2324 3673; x_wconf 75' lang='grc' dir='ltr'>αἰτίαν</span> <span class='ocrx_word' id='word_1_732' title='bbox 2356 3623 2482 3688; x_wconf 92' lang='grc' dir='ltr'>φύει</span> <span class='ocrx_word' id='word_1_733' title='bbox 2508 3620 2741 3692; x_wconf 82' lang='grc' dir='ltr'>βροτοῖς,</span> <span class='ocrx_word' id='word_1_734' title='bbox 2773 3621 2852 3675; x_wconf 77' lang='grc' dir='ltr'><strong>ὅτ’</strong></span> <span class='ocrx_word' id='word_1_735' title='bbox 2879 3622 2946 3676; x_wconf 78' lang='grc' dir='ltr'><strong>ἀν</strong></span> <span class='ocrx_word' id='word_1_736' title='bbox 2973 3625 3224 3678; x_wconf 87' lang='grc' dir='ltr'>κακῶσαι</span> <span class='ocrx_word' id='word_1_737' title='bbox 3263 3625 3420 3696; x_wconf 82' lang='grc' dir='ltr'>δῶμα</span> <span class='ocrx_word' id='word_1_738' title='bbox 3473 3625 3710 3696; x_wconf 80' lang='grc' dir='ltr'>παμπή·</span> 
     </span>
    </p>
   </div>
   <div class='ocr_carea' id='block_1_99' title="bbox 2137 3710 3713 3787">
    <p class='ocr_par' dir='ltr' id='par_1_99' title="bbox 2137 3710 3713 3787">
     <span class='ocr_line' id='line_1_99' title="bbox 2137 3710 3713 3787; baseline 0.003 -23"><span class='ocrx_word' id='word_1_739' title='bbox 2137 3710 2236 3780; x_wconf 85' lang='grc' dir='ltr'>δην</span> <span class='ocrx_word' id='word_1_740' title='bbox 2271 3710 2420 3782; x_wconf 82' lang='grc' dir='ltr'>θέλῃ.</span> <span class='ocrx_word' id='word_1_741' title='bbox 2456 3713 2566 3765; x_wconf 73' lang='grc' dir='ltr'><strong>Καὶ</strong></span> <span class='ocrx_word' id='word_1_742' title='bbox 2593 3713 2782 3768; x_wconf 78' lang='grc' dir='ltr'>οὐδένα</span> <span class='ocrx_word' id='word_1_743' title='bbox 2813 3713 2958 3768; x_wconf 81' lang='grc' dir='ltr'>θέλει</span> <span class='ocrx_word' id='word_1_744' title='bbox 2992 3715 3220 3769; x_wconf 85' lang='grc' dir='ltr'>Πλάτων</span> <span class='ocrx_word' id='word_1_745' title='bbox 3263 3716 3405 3770; x_wconf 86' lang='grc' dir='ltr'><strong>κατά</strong></span> <span class='ocrx_word' id='word_1_746' title='bbox 3448 3717 3547 3787; x_wconf 82' lang='grc' dir='ltr'>τὴν</span> <span class='ocrx_word' id='word_1_747' title='bbox 3583 3717 3713 3770; x_wconf 76' lang='grc' dir='ltr'>ἑαυ-</span> 
     </span>
    </p>
   </div>
   <div class='ocr_carea' id='block_1_100' title="bbox 2140 3799 3713 3878">
    <p class='ocr_par' dir='ltr' id='par_1_100' title="bbox 2140 3799 3713 3878">
     <span class='ocr_line' id='line_1_100' title="bbox 2140 3799 3713 3878; baseline 0.005 -25"><span class='ocrx_word' id='word_1_748' title='bbox 2140 3799 2234 3853; x_wconf 82' lang='grc' dir='ltr'>τοῦ</span> <span class='ocrx_word' id='word_1_749' title='bbox 2272 3801 2427 3856; x_wconf 90' lang='grc' dir='ltr'>πόλιν</span> <span class='ocrx_word' id='word_1_750' title='bbox 2451 3801 2574 3856; x_wconf 75' lang='grc' dir='ltr'>οὒτε</span> <span class='ocrx_word' id='word_1_751' title='bbox 2615 3803 2879 3876; x_wconf 85' lang='grc' dir='ltr'>νεώτερον</span> <span class='ocrx_word' id='word_1_752' title='bbox 2915 3804 3038 3860; x_wconf 73' lang='grc' dir='ltr'>οὔτε</span> <span class='ocrx_word' id='word_1_753' title='bbox 3065 3807 3293 3878; x_wconf 82' lang='grc' dir='ltr'>γέροντα</span> <span class='ocrx_word' id='word_1_754' title='bbox 3314 3808 3490 3874; x_wconf 80' lang='grc' dir='ltr'>λέγειν</span> <span class='ocrx_word' id='word_1_755' title='bbox 3526 3826 3578 3861; x_wconf 90' lang='grc' dir='ltr'><strong>τι</strong></span> <span class='ocrx_word' id='word_1_756' title='bbox 3613 3808 3713 3862; x_wconf 78' lang='grc' dir='ltr'>καὶ</span> 
     </span>
    </p>
   </div>
   <div class='ocr_carea' id='block_1_101' title="bbox 2140 3890 3710 3970">
    <p class='ocr_par' dir='ltr' id='par_1_101' title="bbox 2140 3890 3710 3970">
     <span class='ocr_line' id='line_1_101' title="bbox 2140 3890 3710 3970; baseline 0.004 -26"><span class='ocrx_word' id='word_1_757' title='bbox 2140 3890 2364 3948; x_wconf 81' lang='grc' dir='ltr'>ἀκούειν</span> <span class='ocrx_word' id='word_1_758' title='bbox 2397 3895 2523 3964; x_wconf 71' lang='grc' dir='ltr'>περὶ</span> <span class='ocrx_word' id='word_1_759' title='bbox 2553 3895 2748 3953; x_wconf 77' lang='grc' dir='ltr'>αὑτοῦ.</span> <span class='ocrx_word' id='word_1_760' title='bbox 2785 3895 2923 3951; x_wconf 73' lang='grc' dir='ltr'>Οὔτε</span> <span class='ocrx_word' id='word_1_761' title='bbox 2949 3897 3060 3967; x_wconf 79' lang='grc' dir='ltr'><strong>γὰρ</strong></span> <span class='ocrx_word' id='word_1_762' title='bbox 3091 3897 3304 3966; x_wconf 64' lang='grc' dir='ltr'>θεμιτὸν</span> <span class='ocrx_word' id='word_1_763' title='bbox 3339 3899 3470 3952; x_wconf 71' lang='grc' dir='ltr'>Θεὸν</span> <span class='ocrx_word' id='word_1_764' title='bbox 3497 3915 3710 3970; x_wconf 57' lang='lat' dir='ltr'><strong>eratpa-</strong></span> 
     </span>
    </p>
   </div>
   <div class='ocr_carea' id='block_1_102' title="bbox 2138 3981 3707 4063">
    <p class='ocr_par' dir='ltr' id='par_1_102' title="bbox 2138 3981 3707 4063">
     <span class='ocr_line' id='line_1_102' title="bbox 2138 3981 3707 4063; baseline 0.006 -28"><span class='ocrx_word' id='word_1_765' title='bbox 2138 3981 2287 4037; x_wconf 87' lang='grc' dir='ltr'>λοίαν</span> <span class='ocrx_word' id='word_1_766' title='bbox 2319 3987 2669 4058; x_wconf 83' lang='grc' dir='ltr'>γεγενῆσθαι,</span> <span class='ocrx_word' id='word_1_767' title='bbox 2723 3989 2798 4054; x_wconf 81' lang='grc' dir='ltr'>ὡς</span> <span class='ocrx_word' id='word_1_768' title='bbox 2855 3993 2882 4043; x_wconf 86' lang='grc' dir='ltr'><strong>ό</strong></span> <span class='ocrx_word' id='word_1_769' title='bbox 2931 3993 3065 4054; x_wconf 77' lang='grc' dir='ltr'>Ζεὺς</span> <span class='ocrx_word' id='word_1_770' title='bbox 3111 3985 3270 4054; x_wconf 68' lang='grc' dir='ltr'>οὗτος</span> <span class='ocrx_word' id='word_1_771' title='bbox 3315 3995 3342 4044; x_wconf 89' lang='grc' dir='ltr'>ὁ</span> <span class='ocrx_word' id='word_1_772' title='bbox 3385 3993 3518 4062; x_wconf 74' lang='grc' dir='ltr'>παρ’</span> <span class='ocrx_word' id='word_1_773' title='bbox 3553 3993 3707 4063; x_wconf 79' lang='grc' dir='ltr'>ὑμῶν</span> 
     </span>
    </p>
   </div>
   <div class='ocr_carea' id='block_1_103' title="bbox 2139 4074 3704 4153">
    <p class='ocr_par' dir='ltr' id='par_1_103' title="bbox 2139 4074 3704 4153">
     <span class='ocr_line' id='line_1_103' title="bbox 2139 4074 3704 4153; baseline 0.007 -27"><span class='ocrx_word' id='word_1_774' title='bbox 2139 4074 2430 4144; x_wconf 78' lang='grc' dir='ltr'>σεϐόμενος</span> <span class='ocrx_word' id='word_1_775' title='bbox 2455 4077 2544 4131; x_wconf 78' lang='grc' dir='ltr'><strong>τὸν</strong></span> <span class='ocrx_word' id='word_1_776' title='bbox 2575 4079 2770 4134; x_wconf 76' lang='grc' dir='ltr'>ἑαυτοῦ</span> <span class='ocrx_word' id='word_1_777' title='bbox 2803 4082 3016 4151; x_wconf 85' lang='grc' dir='ltr'>πατέρα</span> <span class='ocrx_word' id='word_1_778' title='bbox 3081 4085 3305 4150; x_wconf 62' lang='grc' dir='ltr'>ἐποίησε</span> <span class='ocrx_word' id='word_1_779' title='bbox 3347 4083 3436 4136; x_wconf 64' lang='grc' dir='ltr'>τὸν</span> <span class='ocrx_word' id='word_1_780' title='bbox 3472 4085 3704 4153; x_wconf 81' lang='grc' dir='ltr'>Κρόνον,</span> 
     </span>
    </p>
   </div>
   <div class='ocr_carea' id='block_1_104' title="bbox 2136 4165 3706 4244">
    <p class='ocr_par' dir='ltr' id='par_1_104' title="bbox 2136 4165 3706 4244">
     <span class='ocr_line' id='line_1_104' title="bbox 2136 4165 3706 4244; baseline 0.007 -27"><span class='ocrx_word' id='word_1_781' title='bbox 2136 4165 2204 4218; x_wconf 79' lang='grc' dir='ltr'>ὲκ</span> <span class='ocrx_word' id='word_1_782' title='bbox 2231 4166 2338 4219; x_wconf 88' lang='grc' dir='ltr'><strong>τῶν</strong></span> <span class='ocrx_word' id='word_1_783' title='bbox 2366 4168 2610 4239; x_wconf 77' lang='grc' dir='ltr'>οὐρανῶν</span> <span class='ocrx_word' id='word_1_784' title='bbox 2649 4171 2810 4240; x_wconf 71' lang='grc' dir='ltr'>ῥίψας</span> <span class='ocrx_word' id='word_1_785' title='bbox 2855 4175 2949 4225; x_wconf 79' lang='grc' dir='ltr'>καὶ</span> <span class='ocrx_word' id='word_1_786' title='bbox 2996 4173 3288 4244; x_wconf 66' lang='grc' dir='ltr'>συντρίψας</span> <span class='ocrx_word' id='word_1_787' title='bbox 3347 4175 3532 4240; x_wconf 76' lang='grc' dir='ltr'>αὑτὸν,</span> <span class='ocrx_word' id='word_1_788' title='bbox 3583 4175 3706 4228; x_wconf 76' lang='grc' dir='ltr'>οῠεε</span> 
     </span>
    </p>
   </div>
   <div class='ocr_carea' id='block_1_105' title="bbox 2146 4260 3704 4340">
    <p class='ocr_par' dir='ltr' id='par_1_105' title="bbox 2146 4260 3704 4340">
     <span class='ocr_line' id='line_1_105' title="bbox 2146 4260 3704 4340; baseline 0.008 -30"><span class='ocrx_word' id='word_1_789' title='bbox 2146 4260 2346 4314; x_wconf 84' lang='grc' dir='ltr'>κύκνον</span> <span class='ocrx_word' id='word_1_790' title='bbox 2377 4261 2661 4329; x_wconf 84' lang='grc' dir='ltr'>γενέσθαι,</span> <span class='ocrx_word' id='word_1_791' title='bbox 2697 4265 2844 4326; x_wconf 76' lang='grc' dir='ltr'>ὅπως</span> <span class='ocrx_word' id='word_1_792' title='bbox 2891 4267 3183 4336; x_wconf 78' lang='grc' dir='ltr'>σοφὶσηται</span> <span class='ocrx_word' id='word_1_793' title='bbox 3227 4267 3426 4340; x_wconf 78' lang='grc' dir='ltr'>θνητὴν</span> <span class='ocrx_word' id='word_1_794' title='bbox 3464 4274 3704 4337; x_wconf 76' lang='grc' dir='ltr'>γυναῖκα</span> 
     </span>
    </p>
   </div>
   <div class='ocr_carea' id='block_1_106' title="bbox 2137 4351 3712 4426">
    <p class='ocr_par' dir='ltr' id='par_1_106' title="bbox 2137 4351 3712 4426">
     <span class='ocr_line' id='line_1_106' title="bbox 2137 4351 3712 4426; baseline 0.005 -22"><span class='ocrx_word' id='word_1_795' title='bbox 2137 4352 2232 4405; x_wconf 73' lang='grc' dir='ltr'><strong>καὶ</strong></span> <span class='ocrx_word' id='word_1_796' title='bbox 2266 4351 2462 4424; x_wconf 81' lang='grc' dir='ltr'>φθείρῃ</span> <span class='ocrx_word' id='word_1_797' title='bbox 2488 4354 2683 4425; x_wconf 83' lang='grc' dir='ltr'>αὐτήν.</span> <span class='ocrx_word' id='word_1_798' title='bbox 2729 4356 2892 4411; x_wconf 83' lang='grc' dir='ltr'>Ἀλλὰ</span> <span class='ocrx_word' id='word_1_799' title='bbox 2924 4358 3057 4426; x_wconf 79' lang='grc' dir='ltr'>πρὸς</span> <span class='ocrx_word' id='word_1_800' title='bbox 3103 4358 3314 4423; x_wconf 80' lang='grc' dir='ltr'>τούτοις</span> <span class='ocrx_word' id='word_1_801' title='bbox 3384 4360 3528 4413; x_wconf 87' lang='grc' dir='ltr'>πάνυ</span> <span class='ocrx_word' id='word_1_802' title='bbox 3577 4361 3712 4415; x_wconf 80' lang='grc' dir='ltr'>ἀπε-</span> 
     </span>
    </p>
   </div>
   <div class='ocr_carea' id='block_1_107' title="bbox 2429 4446 3710 4522">
    <p class='ocr_par' dir='ltr' id='par_1_107' title="bbox 2429 4446 3710 4522">
     <span class='ocr_line' id='line_1_107' title="bbox 2429 4446 3710 4522; baseline 0.005 -25"><span class='ocrx_word' id='word_1_803' title='bbox 2429 4446 2655 4499; x_wconf 81' lang='grc' dir='ltr'>Ηλάτων</span> <span class='ocrx_word' id='word_1_804' title='bbox 2676 4447 2761 4500; x_wconf 75' lang='grc' dir='ltr'><strong>Διὶ</strong></span> <span class='ocrx_word' id='word_1_805' title='bbox 2802 4447 2880 4519; x_wconf 81' lang='grc' dir='ltr'>τῷ</span> <span class='ocrx_word' id='word_1_806' title='bbox 2917 4448 3023 4521; x_wconf 82' lang='grc' dir='ltr'>θεῷ</span> <span class='ocrx_word' id='word_1_807' title='bbox 3061 4468 3177 4514; x_wconf 85' lang='grc' dir='ltr'>σου,</span> <span class='ocrx_word' id='word_1_808' title='bbox 3223 4452 3304 4504; x_wconf 73' lang='grc' dir='ltr'>ὅτι</span> <span class='ocrx_word' id='word_1_809' title='bbox 3362 4452 3582 4522; x_wconf 80' lang='grc' dir='ltr'>ὀδυρμῷ</span> <span class='ocrx_word' id='word_1_810' title='bbox 3615 4455 3710 4506; x_wconf 73' lang='grc' dir='ltr'><strong>καὶ</strong></span> 
     </span>
    </p>
   </div>
   <div class='ocr_carea' id='block_1_108' title="bbox 2135 4535 3708 4610">
    <p class='ocr_par' dir='ltr' id='par_1_108' title="bbox 2135 4535 3708 4610">
     <span class='ocr_line' id='line_1_108' title="bbox 2135 4535 3708 4610; baseline 0.006 -24"><span class='ocrx_word' id='word_1_811' title='bbox 2135 4535 2460 4602; x_wconf 73' lang='grc' dir='ltr'>γυναικώδει</span> <span class='ocrx_word' id='word_1_812' title='bbox 2496 4539 2671 4610; x_wconf 76' lang='grc' dir='ltr'>μανίᾳ</span> <span class='ocrx_word' id='word_1_813' title='bbox 2714 4541 2996 4610; x_wconf 65' lang='grc' dir='ltr'>συσχεθεὶς</span> <span class='ocrx_word' id='word_1_814' title='bbox 3023 4543 3050 4594; x_wconf 81' lang='grc' dir='ltr'>ὁ</span> <span class='ocrx_word' id='word_1_815' title='bbox 3098 4543 3233 4606; x_wconf 74' lang='grc' dir='ltr'>Ζεὺς</span> <span class='ocrx_word' id='word_1_816' title='bbox 3265 4545 3293 4597; x_wconf 82' lang='grc' dir='ltr'>ὁ</span> <span class='ocrx_word' id='word_1_817' title='bbox 3321 4543 3438 4606; x_wconf 86' lang='grc' dir='ltr'>θεός</span> <span class='ocrx_word' id='word_1_818' title='bbox 3475 4561 3592 4609; x_wconf 88' lang='grc' dir='ltr'>σου,</span> <span class='ocrx_word' id='word_1_819' title='bbox 3632 4544 3708 4596; x_wconf 79' lang='grc' dir='ltr'>διο</span> 
     </span>
    </p>
   </div>
   <div class='ocr_carea' id='block_1_109' title="bbox 2136 4627 3709 4704">
    <p class='ocr_par' dir='ltr' id='par_1_109' title="bbox 2136 4627 3709 4704">
     <span class='ocr_line' id='line_1_109' title="bbox 2136 4627 3709 4704; baseline 0.008 -28"><span class='ocrx_word' id='word_1_820' title='bbox 2136 4629 2333 4688; x_wconf 74' lang='grc' dir='ltr'>καστά,</span> <span class='ocrx_word' id='word_1_821' title='bbox 2374 4627 2622 4698; x_wconf 69' lang='grc' dir='ltr'>ὀδύρεται</span> <span class='ocrx_word' id='word_1_822' title='bbox 2663 4630 2752 4683; x_wconf 88' lang='grc' dir='ltr'><strong>τὸν</strong></span> <span class='ocrx_word' id='word_1_823' title='bbox 2790 4631 3016 4686; x_wconf 86' lang='grc' dir='ltr'>θάνατον</span> <span class='ocrx_word' id='word_1_824' title='bbox 3054 4634 3148 4686; x_wconf 78' lang='grc' dir='ltr'><strong>τοῦ</strong></span> <span class='ocrx_word' id='word_1_825' title='bbox 3203 4635 3566 4704; x_wconf 69' lang='grc' dir='ltr'>Σαρπηδόνος.</span> <span class='ocrx_word' id='word_1_826' title='bbox 3639 4638 3709 4689; x_wconf 81' lang='grc' dir='ltr'><em>Ἢ</em></span> 
     </span>
    </p>
   </div>
   <div class='ocr_carea' id='block_1_110' title="bbox 2137 4714 3709 4792">
    <p class='ocr_par' dir='ltr' id='par_1_110' title="bbox 2137 4714 3709 4792">
     <span class='ocr_line' id='line_1_110' title="bbox 2137 4714 3709 4792; baseline 0.007 -26"><span class='ocrx_word' id='word_1_827' title='bbox 2137 4714 2238 4768; x_wconf 80' lang='grc' dir='ltr'><strong>οὐκ</strong></span> <span class='ocrx_word' id='word_1_828' title='bbox 2267 4715 2415 4769; x_wconf 69' lang='grc' dir='ltr'>ἔστιν</span> <span class='ocrx_word' id='word_1_829' title='bbox 2441 4717 2635 4783; x_wconf 79' lang='grc' dir='ltr'>οὕτως,</span> <span class='ocrx_word' id='word_1_830' title='bbox 2683 4721 2714 4789; x_wconf 84' lang='grc' dir='ltr'>ἢ</span> <span class='ocrx_word' id='word_1_831' title='bbox 2771 4723 2829 4774; x_wconf 72' lang='grc' dir='ltr'>οὔ</span> <span class='ocrx_word' id='word_1_832' title='bbox 2887 4722 3200 4791; x_wconf 78' lang='grc' dir='ltr'>γέγραπται</span> <span class='ocrx_word' id='word_1_833' title='bbox 3239 4723 3297 4775; x_wconf 79' lang='grc' dir='ltr'>ὲν</span> <span class='ocrx_word' id='word_1_834' title='bbox 3335 4727 3448 4787; x_wconf 83' lang='grc' dir='ltr'>τοῖς</span> <span class='ocrx_word' id='word_1_835' title='bbox 3483 4723 3709 4792; x_wconf 72' lang='grc' dir='ltr'>βιϐλίοις</span> 
     </span>
    </p>
   </div>
   <div class='ocr_carea' id='block_1_111' title="bbox 2138 4806 3710 4880">
    <p class='ocr_par' dir='ltr' id='par_1_111' title="bbox 2138 4806 3710 4880">
     <span class='ocr_line' id='line_1_111' title="bbox 2138 4806 3710 4880; baseline 0.006 -24"><span class='ocrx_word' id='word_1_836' title='bbox 2138 4806 2293 4876; x_wconf 80' lang='grc' dir='ltr'>ὑμῶν</span> <span class='ocrx_word' id='word_1_837' title='bbox 2327 4806 2498 4860; x_wconf 79' lang='grc' dir='ltr'>ταῦτα</span> <span class='ocrx_word' id='word_1_838' title='bbox 2525 4808 2595 4861; x_wconf 76' lang='grc' dir='ltr'>τὰ</span> <span class='ocrx_word' id='word_1_839' title='bbox 2627 4810 2872 4880; x_wconf 85' lang='grc' dir='ltr'>μυθικά;</span> <span class='ocrx_word' id='word_1_840' title='bbox 2919 4813 3055 4866; x_wconf 79' lang='grc' dir='ltr'><strong>Εξδὲ</strong></span> <span class='ocrx_word' id='word_1_841' title='bbox 3077 4815 3238 4874; x_wconf 81' lang='grc' dir='ltr'>αὐτὸς</span> <span class='ocrx_word' id='word_1_842' title='bbox 3286 4814 3510 4867; x_wconf 78' lang='grc' dir='ltr'>Πλάτων</span> <span class='ocrx_word' id='word_1_843' title='bbox 3551 4814 3580 4864; x_wconf 87' lang='grc' dir='ltr'><strong>ὁ</strong></span> <span class='ocrx_word' id='word_1_844' title='bbox 3622 4830 3710 4865; x_wconf 78' lang='grc' dir='ltr'>σι-</span> 
     </span>
    </p>
   </div>
   <div class='ocr_carea' id='block_1_112' title="bbox 2140 4899 3708 4973">
    <p class='ocr_par' dir='ltr' id='par_1_112' title="bbox 2140 4899 3708 4973">
     <span class='ocr_line' id='line_1_112' title="bbox 2140 4899 3708 4973; baseline 0.005 -23"><span class='ocrx_word' id='word_1_845' title='bbox 2140 4899 2238 4966; x_wconf 83' lang='grc' dir='ltr'><strong>φὸς</strong></span> <span class='ocrx_word' id='word_1_846' title='bbox 2272 4899 2424 4968; x_wconf 75' lang='grc' dir='ltr'>ὑμῶν</span> <span class='ocrx_word' id='word_1_847' title='bbox 2461 4905 2815 4973; x_wconf 74' lang='grc' dir='ltr'>συγγραφεὺς</span> <span class='ocrx_word' id='word_1_848' title='bbox 2851 4907 3126 4958; x_wconf 80' lang='grc' dir='ltr'>ἀπείπατο</span> <span class='ocrx_word' id='word_1_849' title='bbox 3157 4906 3345 4960; x_wconf 72' lang='grc' dir='ltr'>τοῦτον</span> <span class='ocrx_word' id='word_1_850' title='bbox 3379 4904 3519 4960; x_wconf 84' lang='grc' dir='ltr'>εἶναι</span> <span class='ocrx_word' id='word_1_851' title='bbox 3551 4906 3708 4968; x_wconf 68' lang='grc' dir='ltr'>Θεὸν,</span> 
     </span>
    </p>
   </div>
   <div class='ocr_carea' id='block_1_113' title="bbox 2141 4991 3712 5069">
    <p class='ocr_par' dir='ltr' id='par_1_113' title="bbox 2141 4991 3712 5069">
     <span class='ocr_line' id='line_1_113' title="bbox 2141 4991 3712 5069; baseline 0.004 -27"><span class='ocrx_word' id='word_1_852' title='bbox 2141 4991 2234 5042; x_wconf 80' lang='grc' dir='ltr'><strong>καὶ</strong></span> <span class='ocrx_word' id='word_1_853' title='bbox 2267 4993 2705 5061; x_wconf 76' lang='grc' dir='ltr'>παρεκελεύσατο</span> <span class='ocrx_word' id='word_1_854' title='bbox 2742 4997 2948 5066; x_wconf 75' lang='grc' dir='ltr'>μηδένα</span> <span class='ocrx_word' id='word_1_855' title='bbox 2967 4997 3272 5068; x_wconf 82' lang='grc' dir='ltr'>ἀνθρώπων</span> <span class='ocrx_word' id='word_1_856' title='bbox 3314 4999 3514 5069; x_wconf 81' lang='grc' dir='ltr'>ἀρετῆς</span> <span class='ocrx_word' id='word_1_857' title='bbox 3549 5015 3712 5068; x_wconf 75' lang='grc' dir='ltr'>φρονο</span> 
     </span>
    </p>
   </div>
   <div class='ocr_carea' id='block_1_114' title="bbox 1390 5059 3712 5156">
    <p class='ocr_par' dir='ltr' id='par_1_114' title="bbox 1390 5059 3712 5156">
     <span class='ocr_line' id='line_1_114' title="bbox 1390 5059 3712 5156; baseline 0.016 -45"><span class='ocrx_word' id='word_1_858' title='bbox 1390 5059 1558 5156; x_wconf 60' lang='grc' dir='ltr'>πάθτι,</span> <span class='ocrx_word' id='word_1_859' title='bbox 1632 5063 1776 5116; x_wconf 85' lang='grc' dir='ltr'>διατί</span> <span class='ocrx_word' id='word_1_860' title='bbox 1816 5067 1950 5135; x_wconf 81' lang='grc' dir='ltr'>πρὸς</span> <span class='ocrx_word' id='word_1_861' title='bbox 1999 5070 2067 5135; x_wconf 83' lang='grc' dir='ltr'>ἃς</span> <span class='ocrx_word' id='word_1_862' title='bbox 2109 5077 2266 5131; x_wconf 80' lang='grc' dir='ltr'>αὐτοὶ</span> <span class='ocrx_word' id='word_1_863' title='bbox 2320 5059 2566 5136; x_wconf 80' lang='grc' dir='ltr'>ἑάλωσαν</span> <span class='ocrx_word' id='word_1_864' title='bbox 2638 5059 2866 5154; x_wconf 76' lang='grc' dir='ltr'>πράξεις</span> <span class='ocrx_word' id='word_1_865' title='bbox 2942 5059 3100 5156; x_wconf 71' lang='grc' dir='ltr'>ὑμεῖς</span> <span class='ocrx_word' id='word_1_866' title='bbox 3181 5059 3712 5152; x_wconf 40' lang='grc' dir='ltr'><strong>ὑποιιύίιττετε,ῃιι²ιὶ</strong></span> 
     </span>
    </p>
   </div>
   <div class='ocr_carea' id='block_1_115' title="bbox 2199 5211 3751 5338">
    <p class='ocr_par' dir='ltr' id='par_1_115' title="bbox 2199 5211 3751 5338">
     <span class='ocr_line' id='line_1_115' title="bbox 2199 5211 3751 5338; baseline 0.007 -28"><span class='ocrx_word' id='word_1_867' title='bbox 2199 5256 2326 5314; x_wconf 73' lang='grc' dir='ltr'><strong>ΚΓ.</strong></span> <span class='ocrx_word' id='word_1_868' title='bbox 2346 5258 2402 5311; x_wconf 89' lang='grc'><strong>’0</strong></span> <span class='ocrx_word' id='word_1_869' title='bbox 2416 5261 2599 5332; x_wconf 77' lang='grc' dir='ltr'>ἄρχων</span> <span class='ocrx_word' id='word_1_870' title='bbox 2619 5259 2789 5319; x_wconf 74' lang='grc' dir='ltr'>εἶπεν·</span> <span class='ocrx_word' id='word_1_871' title='bbox 2809 5266 3097 5337; x_wconf 81' lang='grc' dir='ltr'>Ἀνέχομαί</span> <span class='ocrx_word' id='word_1_872' title='bbox 3119 5286 3212 5323; x_wconf 90' lang='grc' dir='ltr'><strong>σου</strong></span> <span class='ocrx_word' id='word_1_873' title='bbox 3230 5269 3320 5323; x_wconf 83' lang='grc' dir='ltr'>τοῦ</span> <span class='ocrx_word' id='word_1_874' title='bbox 3339 5269 3589 5338; x_wconf 81' lang='grc' dir='ltr'>θράσους,</span> <span class='ocrx_word' id='word_1_875' title='bbox 3617 5270 3715 5323; x_wconf 65' lang='grc' dir='ltr'><strong>ΕΓ.-</strong></span> <span class='ocrx_word' id='word_1_876' title='bbox 3741 5211 3751 5311; x_wconf 56' lang='grc' dir='ltr'><strong>ε</strong></span> 
     </span>
    </p>
   </div>
   <div class='ocr_carea' id='block_1_116' title="bbox 2135 5350 3712 5429">
    <p class='ocr_par' dir='ltr' id='par_1_116' title="bbox 2135 5350 3712 5429">
     <span class='ocr_line' id='line_1_116' title="bbox 2135 5350 3712 5429; baseline 0.008 -29"><span class='ocrx_word' id='word_1_877' title='bbox 2135 5350 2380 5418; x_wconf 87' lang='grc' dir='ltr'>στράτιε,</span> <span class='ocrx_word' id='word_1_878' title='bbox 2398 5352 2494 5420; x_wconf 82' lang='grc' dir='ltr'>τῆς</span> <span class='ocrx_word' id='word_1_879' title='bbox 2515 5355 2827 5427; x_wconf 79' lang='grc' dir='ltr'>προσούσης</span> <span class='ocrx_word' id='word_1_880' title='bbox 2850 5375 2940 5428; x_wconf 85' lang='grc' dir='ltr'><strong>μοι</strong></span> <span class='ocrx_word' id='word_1_881' title='bbox 2961 5358 3148 5413; x_wconf 75' lang='grc' dir='ltr'>ἕνεκεν</span> <span class='ocrx_word' id='word_1_882' title='bbox 3171 5360 3601 5429; x_wconf 76' lang='grc' dir='ltr'>φιλανθρωπίαςο</span> <span class='ocrx_word' id='word_1_883' title='bbox 3625 5362 3712 5413; x_wconf 78' lang='grc' dir='ltr'>λέ·</span> 
     </span>
    </p>
   </div>
   <div class='ocr_carea' id='block_1_117' title="bbox 2132 5438 3708 5525">
    <p class='ocr_par' dir='ltr' id='par_1_117' title="bbox 2132 5438 3708 5525">
     <span class='ocr_line' id='line_1_117' title="bbox 2132 5438 3708 5525; baseline 0.009 -32"><span class='ocrx_word' id='word_1_884' title='bbox 2132 5457 2196 5510; x_wconf 86' lang='grc' dir='ltr'>γε</span> <span class='ocrx_word' id='word_1_885' title='bbox 2219 5438 2313 5495; x_wconf 79' lang='grc' dir='ltr'><strong>οὖν</strong></span> <span class='ocrx_word' id='word_1_886' title='bbox 2334 5445 2465 5514; x_wconf 74' lang='grc' dir='ltr'>ἡμῖν</span> <span class='ocrx_word' id='word_1_887' title='bbox 2487 5448 2579 5498; x_wconf 81' lang='grc' dir='ltr'>καὶ</span> <span class='ocrx_word' id='word_1_888' title='bbox 2605 5448 2693 5512; x_wconf 80' lang='grc' dir='ltr'><strong>σὺ,</strong></span> <span class='ocrx_word' id='word_1_889' title='bbox 2715 5447 2862 5511; x_wconf 86' lang='grc' dir='ltr'>ὅστις</span> <span class='ocrx_word' id='word_1_890' title='bbox 2888 5450 3121 5522; x_wconf 80' lang='grc' dir='ltr'>ὑπάρχει</span> <span class='ocrx_word' id='word_1_891' title='bbox 3150 5451 3208 5504; x_wconf 80' lang='grc' dir='ltr'>ὃν</span> <span class='ocrx_word' id='word_1_892' title='bbox 3235 5451 3370 5525; x_wconf 76' lang='grc' dir='ltr'>σέϐῃ</span> <span class='ocrx_word' id='word_1_893' title='bbox 3405 5451 3560 5519; x_wconf 73' lang='grc' dir='ltr'>Θεδν,</span> <span class='ocrx_word' id='word_1_894' title='bbox 3591 5455 3708 5516; x_wconf 84' lang='grc' dir='ltr'><strong>πῶς</strong></span> 
     </span>
    </p>
   </div>
   <div class='ocr_carea' id='block_1_118' title="bbox 2139 5532 3714 5614">
    <p class='ocr_par' dir='ltr' id='par_1_118' title="bbox 2139 5532 3714 5614">
     <span class='ocr_line' id='line_1_118' title="bbox 2139 5532 3714 5614; baseline 0.006 -28"><span class='ocrx_word' id='word_1_895' title='bbox 2139 5532 2424 5604; x_wconf 72' lang='grc' dir='ltr'>ἄνθρωπος</span> <span class='ocrx_word' id='word_1_896' title='bbox 2453 5536 2548 5602; x_wconf 86' lang='grc' dir='ltr'><strong>ῶν,</strong></span> <span class='ocrx_word' id='word_1_897' title='bbox 2575 5539 2666 5591; x_wconf 70' lang='grc' dir='ltr'><strong>καὶ</strong></span> <span class='ocrx_word' id='word_1_898' title='bbox 2701 5539 2805 5593; x_wconf 76' lang='grc' dir='ltr'><strong>ὑπὸ</strong></span> <span class='ocrx_word' id='word_1_899' title='bbox 2851 5541 3009 5610; x_wconf 78' lang='grc' dir='ltr'>δίκην</span> <span class='ocrx_word' id='word_1_900' title='bbox 3031 5542 3213 5612; x_wconf 71' lang='grc' dir='ltr'>ἀχθεὶς</span> <span class='ocrx_word' id='word_1_901' title='bbox 3238 5548 3333 5597; x_wconf 73' lang='grc' dir='ltr'><strong>καὶ</strong></span> <span class='ocrx_word' id='word_1_902' title='bbox 3362 5543 3714 5614; x_wconf 79' lang='grc' dir='ltr'>σταυρωθεὶς,</span> 
     </span>
    </p>
   </div>
   <div class='ocr_carea' id='block_1_119' title="bbox 2139 5623 3717 5706">
    <p class='ocr_par' dir='ltr' id='par_1_119' title="bbox 2139 5623 3717 5706">
     <span class='ocr_line' id='line_1_119' title="bbox 2139 5623 3717 5706; baseline 0.01 -32"><span class='ocrx_word' id='word_1_903' title='bbox 2139 5623 2270 5687; x_wconf 75' lang='grc' dir='ltr'>Θεὸς</span> <span class='ocrx_word' id='word_1_904' title='bbox 2297 5627 2425 5695; x_wconf 79' lang='grc' dir='ltr'>ὑμῖν</span> <span class='ocrx_word' id='word_1_905' title='bbox 2451 5629 2779 5700; x_wconf 81' lang='grc' dir='ltr'>νενόμισται.</span> <span class='ocrx_word' id='word_1_906' title='bbox 2817 5632 2876 5684; x_wconf 89' lang='lat'><strong>&#39;0</strong></span> <span class='ocrx_word' id='word_1_907' title='bbox 2906 5632 3060 5702; x_wconf 75' lang='grc' dir='ltr'>ἀγιος</span> <span class='ocrx_word' id='word_1_908' title='bbox 3090 5635 3418 5706; x_wconf 77' lang='grc' dir='ltr'>Εὑστράτιος</span> <span class='ocrx_word' id='word_1_909' title='bbox 3449 5632 3626 5690; x_wconf 74' lang='grc' dir='ltr'>εἴπεν·</span> <span class='ocrx_word' id='word_1_910' title='bbox 3655 5639 3717 5690; x_wconf 81' lang='lat' dir='ltr'><strong>Ei</strong></span> 
     </span>
    </p>
   </div>
   <div class='ocr_carea' id='block_1_120' title="bbox 2142 5717 3720 5799">
    <p class='ocr_par' dir='ltr' id='par_1_120' title="bbox 2142 5717 3720 5799">
     <span class='ocr_line' id='line_1_120' title="bbox 2142 5717 3720 5799; baseline 0.007 -32"><span class='ocrx_word' id='word_1_911' title='bbox 2142 5717 2502 5785; x_wconf 80' lang='grc' dir='ltr'>προστάττεις</span> <span class='ocrx_word' id='word_1_912' title='bbox 2545 5723 2638 5774; x_wconf 65' lang='grc' dir='ltr'>καὶ</span> <span class='ocrx_word' id='word_1_913' title='bbox 2671 5723 3006 5788; x_wconf 73' lang='grc' dir='ltr'>ἀνεξικάκως</span> <span class='ocrx_word' id='word_1_914' title='bbox 3061 5726 3298 5790; x_wconf 69' lang='grc' dir='ltr'>ἀκούεις,</span> <span class='ocrx_word' id='word_1_915' title='bbox 3349 5728 3720 5799; x_wconf 74' lang='grc' dir='ltr'>ἑρωτήσωμεν</span> 
     </span>
    </p>
   </div>
  </div>
