4102 6376
534 316 638 379 ιὶἶ)

1751 306 2033 365 MENSlS
2073 307 2500 367 DECEMBER.

3655 309 3759 375 496

512 440 756 501 ceptum,
802 434 857 481 et
897 424 1165 480 dedecore
1209 423 1425 477 afﬁcere
1459 420 1860 480 adversarium.
1911 418 2005 488 qui
2037 435 2064 473 e

2196 421 2388 474 στάτου
2423 420 2517 474 καὶ
2541 420 2778 492 πονηροῦ
2810 420 3082 490 δαίμονος,
3142 421 3235 475 καὶ
3283 421 3464 476 πάντα
3505 440 3761 494 μηχανω-

507 519 788 577 invidebat
820 525 1043 588 propter
1095 515 1361 584 insignem
1405 514 1711 569 honorem:
1748 513 1790 566 si
1834 512 1961 576 hoc,
1996 511 2083 564 in-

506 627 693 684 quam,
727 611 929 664 factum
964 617 1129 674 esset,
1180 607 1344 662 homo
1398 616 1543 661 esset
1586 603 1928 669 immortalis,
1981 601 2079 657 de-

507 717 641 776 gens
664 701 719 756 in
741 698 1173 770 incorruptione.
1197 699 1291 753 Sin
1328 698 1651 763 minus,non
1676 697 2079 753 sincretnram-

505 795 652 865 plius
710 792 923 847 essein
962 791 1237 860 paradiso,
1288 789 1382 844 sed
1436 804 1504 843 ex
1550 804 1617 845 eo
1663 786 2080 850 exterminatus,

500 891 714 945 viveret
739 896 794 943 et
821 896 1151 941 moreretur.
1190 884 1363 940 Malus
1395 899 1526 954 ergo
1559 883 1788 943 daemon,
1816 880 1911 951 qui
1947 878 2085 934 invi-

498 981 590 1035 dia
620 979 899 1035 ferebatur
942 978 996 1032 in
1040 976 1343 1039 hominem,
1380 974 1434 1028 in
1473 988 1599 1028 eum
1627 971 1794 1026 variis
1827 985 1957 1025 usus
1997 978 2083 1024 est

498 1073 810 1145 praestigiis,
864 1080 920 1127 et
952 1085 1076 1126 cum
1121 1085 1224 1139 ope
1274 1068 1546 1137 serpentis
1595 1065 1903 1134 decepisset
1949 1077 2084 1116 uxo-

500 1182 616 1221 rem
661 1163 826 1236 primi
866 1163 1130 1225 hominis,
1188 1177 1285 1232 per
1326 1176 1446 1216 eam
1490 1161 1669 1230 ipsum
1728 1171 1951 1227 quoque
1990 1156 2074 1209 in-

494 1259 673 1322 duxit,
699 1266 759 1311 ut
786 1261 1120 1326 praeceptum
1169 1252 1493 1316 transiliret,
1551 1260 1613 1303 ut
1662 1249 1779 1318 ipse
1816 1247 1941 1302 ideo
1982 1262 2080 1302 ex-

498 1353 693 1423 pulsus
715 1366 780 1405 ex
805 1348 1061 1419 paradiso
1083 1363 1112 1400 a
1138 1346 1249 1400 Deo
1274 1345 1675 1414 omnipotente,
1704 1340 2078 1396 deduceretur

498 1446 564 1502 ad
592 1446 806 1501 labores
837 1442 1103 1498 sudorum
1139 1449 1196 1494 et
1248 1438 1555 1492 interitum.
1606 1433 1859 1489 Obtinuit
1894 1433 2078 1501 itaque

496 1537 767 1607 malignus
795 1534 1102 1597 victoriam,
1139 1532 1232 1601 qui
1263 1528 1620 1601 gloriabatur,
1656 1523 1801 1595 quod
1855 1532 2079 1592 propter

498 1643 619 1685 eam
671 1625 1001 1682 sententiam
1076 1624 1355 1678 hominem
1431 1619 1734 1687 accepisset
1796 1615 2075 1670 redactum

497 1724 552 1776 in
583 1734 736 1775 suam
766 1727 1089 1789 potestatem
1123 1734 1136 1770 :
1178 1724 1382 1769 etcum
1413 1712 1481 1767 de
1513 1722 1711 1766 caetero
1743 1705 2076 1775 multiplica~

2195 511 2358 581 μένου
2392 513 2511 565 κατ’
2551 512 2740 578 αὐτοῦ,
2768 512 2971 584 δυνηθῇ
3001 516 3028 566 6
3085 513 3304 584 πρῶτος
3341 515 3628 583 ἄνθρωπος
3665 510 3758 569 οὗ·

2190 622 2281 668 τος
2314 606 2387 674 μὴ
2442 605 2754 675 παραϐῆναι
2785 606 2882 676 τὴν
2917 604 3138 676 ἐντολὴν
3183 608 3281 677 τὴν
3322 607 3569 661 δοθεῖσαν
3602 609 3756 679 αὐτῷ

2190 695 2343 766 παρὰ
2372 695 2465 748 τοῦ
2500 695 2661 762 Θεοῦ,
2690 682 2784 749 καὶ
2813 696 3152 767 καταισχύνῃ
3186 698 3289 749 τδν
3326 698 3620 754 ἀντίπαλον
3666 702 3758 755 τὸν

2191 789 2533 858 φθονήσαντα
2599 788 2748 857 αὐτῷ
2792 788 2882 842 διὰ
2920 790 3018 861 τὴν
3079 790 3526 861 ὑπερϐάλλουσαν
3573 795 3756 865 τιμὴν,

2188 881 2264 943 ὡς
2288 882 2337 932 εί
2369 878 2560 932 τούτου
2598 882 2914 949 γενομένου,
2946 881 3210 936 ἀθάνατον
3243 879 3385 936 εἶναι
3433 884 3523 936 τὶν
3553 886 3759 959 ἄνθρω-

2189 985 2313 1036 πον,
2358 970 2415 1021 ἐν
2451 970 2734 1041 ἀφθαρσίᾳ
2771 969 3125 1039 διαιτώμενον
3151 986 3167 1004 ·
3204 973 3253 1026 εί
3289 974 3348 1027 δὲ
3395 976 3469 1045 μή
3523 993 3608 1043 γε,
3656 978 3756 1031 οὐκ

2188 1061 2268 1113 ἔτι
2298 1061 2491 1114 ἐᾶσθαι
2520 1062 2685 1114 αὑτὸν
2716 1064 2775 1116 ἐν
2804 1061 2881 1131 τῷ
2910 1063 3229 1134 παραδείσῳ
3257 1061 3419 1130 εἶναι,
3475 1068 3590 1120 ἀλλ’
3639 1067 3756 1133 ἐξο-

2195 1151 2456 1220 ρισθέντα
2500 1150 2652 1221 βιοῦν
2682 1151 2776 1206 καί⁵
2799 1152 3186 1223 ἀποθνήσκειν.
3240 1155 3300 1210 '0
3327 1156 3419 1209 οὖν
3446 1157 3755 1227 ἀντικείμε-

2170 1258 2275 1303 .νο;
2308 1241 2539 1312 δαίμων,
2570 1240 2749 1311 φθόνῳ
2777 1242 2918 1296 κατὰ
2958 1244 3053 1296 τοῦ
3095 1245 3382 1315 ἀνθρώπου
3431 1249 3749 1318 φερόμενος,

2185 1331 2463 1393 ποικίλαις
2496 1333 2862 1403 μαγγανείαις
2896 1335 3018 1388 κατ’
3050 1336 3217 1389 αὐτοῦ
3260 1336 3480 1408 ἐχρῆτο,
3531 1340 3625 1393 καὶ
3665 1341 3753 1394 διὰ

2187 1423 2477 1493 συνεργίας
2526 1421 2623 1475 τοῦ
2664 1422 2847 1491 ὄφεως
2897 1424 3191 1495 ἀπατήσας
3233 1425 3334 1497 τὴν
3375 1430 3608 1494 γυναῖκα
3655 1428 3781 1482 τοῦ.

2186 1511 2639 1582 πρωτοπλάστου,
2686 1512 2755 1564 δι’
2790 1512 2959 1582 αὐτῆς
3003 1515 3294 1585 παρήγαγε
3324 1517 3415 1569 καὶ
3449 1518 3609 1571 αὑτὸν
3643 1536 3743 1573 πα-

2186 1604 2417 1676 ραϐῆναι
2441 1604 2541 1675 τὴν
2567 1605 2809 1675 ἐντολήν·
2835 1605 2910 1669 ὡς
2934 1606 3186 1663 ἐντεῦθεν
3223 1607 3498 1681 ἐξόριστον
3521 1610 3750 1683 γενόμε-

2184 1713 2273 1750 νον
2302 1695 2396 1749 τοῦ
2429 1695 2755 1766 παραδείσου
2792 1698 2894 1751 ὑπὸ
2934 1697 3028 1751 τοῦ
3056 1699 3501 1771 Παντοκράτορος
3548 1702 3627 1763 εἰς
3657 1703 3748 1755 κό-

497 1822 612 1865 tum
660 1819 806 1865 esset
838 1822 1010 1878 genus
1056 1804 1362 1869 Imminum,
1414 1804 1459 1857 is
1492 1813 1749 1870 tanquam
1807 1807 2067 1868 tyrannus

2177 1805 2312 1851 πους
2349 1787 2588 1859 ἱδρώτων
2638 1789 2733 1843 καὶ
2773 1789 2981 1860 φθορὰν
3009 1791 3266 1863 ἀχθῆναι.
3308 1792 3499 1863 Εἴχετο
3526 1792 3619 1846 οὖν
3648 1792 3748 1861 τῆς

494 1916 714 1956 omnem
738 1900 974 1955 animam
1001 1896 1213 1966 redegit
1249 1895 1302 1948 in
1331 1893 1679 1949 servitutem.

2174 1884 2329 1951 νίκης
2375 1884 2403 1934 6
2438 1882 2675 1951 πονηρὸς
2700 1921 2716 1948 ,
2757 1884 2853 1935 καὶ
2909 1885 3236 1955 ἐνεκαυχᾶτο
3283 1886 3375 1937 ἐπὶ
3416 1888 3482 1955 τῇ
3521 1884 3744 1955 τοιαύτῃ

494 1996 827 2066 παραϐάσει,
853 1992 927 2054 ὡς
951 1990 1274 2056 ὑπεξούσιον
1301 1986 1483 2040 λαϐὼν
1521 1984 1612 2038 τὸν
1641 1982 1945 2054 ἄνθρωπον
1976 1978 2069 2034 καὶ
2095 1977 2283 2031 λοιπὸν
2307 1976 2670 2047 πληθύνοντος
2708 1974 2804 2029 τοῦ
2829 1976 3027 2046 γένους
3065 1978 3173 2031 τῶν
3197 1978 3520 2050 ἀνθρώπων,
3557 1981 3745 2050 ὥσπερ

492 2088 762 2158 τύραννος
789 2088 970 2139 πᾶσαν
997 2082 1441 2137 κατεδουλώσατο
1456 2079 1656 2149 ψυχὴν,
1678 2076 1767 2130 καὶ
1793 2076 1873 2138 εἰς
1899 2073 2179 2128 ἀπώλειαν
2205 2070 2530 2141 διέφθειρεν.

565 2173 733 2236 XXV.
770 2178 907 2234 Cum
950 2178 1133 2243 itaque
1170 2174 1205 2227 ii
1239 2175 1293 2227 in
1325 2173 1547 2227 multam
1583 2168 1719 2238 lapsi
1750 2174 1934 2223 essent
1970 2164 2073 2218 im-
2108 2188 2114 2197 -

494 2275 795 2343 pietatem,
850 2265 1206 2322 inundatione
1269 2264 1415 2318 Deus
1470 2261 1732 2315 mundum
1809 2255 2070 2327 perdidit.

489 2362 850 2419 Conservavit
876 2367 1059 2414 autem
1113 2356 1230 2411 Noe
1279 2354 1570 2425 quemdam
1614 2352 1794 2406 virum
1839 2352 2070 2420 justum,

491 2459 587 2527 qui
620 2455 880 2526 prmelare
928 2450 1229 2507 decertavit
1283 2447 1552 2503 adversus
1593 2444 1886 2513 malignum
1924 2441 2072 2496 hunc

490 2550 820 2610 daemonem,
857 2555 913 2600 et
944 2559 1051 2597 non
1105 2541 1210 2596 fuit
1241 2539 1310 2594 ab
1360 2555 1428 2592 eo
1476 2537 1704 2592 omnino
1757 2547 2066 2603 superatus,

492 2643 550 2696 in
584 2653 709 2694 arca
744 2638 919 2708 lignea
954 2649 1080 2689 eum
1119 2646 1289 2687 uxore
1333 2642 1390 2686 et
1422 2629 1634 2684 liberis.
1686 2626 1823 2683 Cum
1877 2641 2070 2680 rursus

490 2748 623 2788 vero
650 2729 980 2786 restituisset
1013 2741 1231 2783 omnem
1263 2734 1467 2780 terram
1528 2722 1583 2776 in
1625 2719 1916 2790 pristinum
1962 2727 2071 2772 sta-

490 2836 632 2890 tum,
678 2833 937 2891 tanquam
978 2820 1154 2874 civem
1192 2815 1480 2887 quemdam
1529 2816 1795 2869 victorem
1849 2826 1975 2866 eum
2015 2810 2069 2863 in

486 2930 640 2975 terra
706 2915 908 2986 posuit.
973 2911 1314 2985 Procedente
1368 2918 1554 2965 autem
1607 2918 1884 2977 tempore,
1942 2920 2065 2960 eum

490 3022 685 3064 rursus
730 3004 1228 3075 multiplicarentur
1272 3001 1552 3065 homines,
1610 3000 1793 3054 omnis
1835 2998 2069 3068 profecit

2249 2163 2377 2219 KE'.
2436 2163 2621 2231 Ὅθεν,
2693 2164 2822 2236 περὶ.
2883 2162 3083 2227 πολλὰς
3122 2164 3415 2230 ἀπωλείαςκ
3444 2165 3747 2231 ὲξοκειλάν-

2175 2273 2283 2311 των
2338 2255 2539 2320 αὐτῶν,
2594 2257 2961 2327 κατακλυσμῷ
3018 2257 3115 2329 τὴν
3172 2259 3275 2329 γῆν
3352 2260 3654 2315 ἐσκέπασεν
3716 2265 3744 2315 6

2175 2347 2328 2411 Θεὸς,
2367 2348 2640 2411 ἀπολέσας
2700 2350 2883 2402 πᾶσαν
2936 2350 3113 2421 ψυχὴν
3153 2351 3354 2416 ζῶσαν.
3388 2353 3508 2406 Νῶε
3542 2354 3598 2408 δέ
3623 2373 3745 2409 τινα

2175 2439 2346 2509 ἄνδρα
2372 2440 2611 2504 δίκαιον,
2654 2441 2835 2505 καλῶς
2871 2443 3288 2512 ἀγωνισάμενον
3318 2448 3461 2499 κατὰ
3498 2446 3594 2499 τοῦ
3646 2467 3743 2501 πο-

2176 2532 2342 2604 νηροῦ
2376 2532 2567 2587 τούτου
2600 2534 2856 2605 δαίμονος
2905 2537 2995 2619 καὶ
3034 2535 3107 2607 μὴ
3132 2536 3457 2609 ἡττηθέντα,
3486 2540 3743 2610 διεφύλα-

2175 2629 2266 2695 ξεν
2307 2629 2335 2680 6
2381 2628 2513 2690 Θεὸς
2540 2631 2599 2681 ἐν
2633 2628 2866 2698 λάρνακι
2895 2628 3081 2701 ξυλίνῃ
3141 2629 3281 2698 μετὰ
3347 2632 3605 2699 γυναικὸς
3652 2637 3747 2687 καὶ

2176 2725 2407 2777 τέκνων.
2476 2723 2967 2792 ’Λποκαταστήσας
3002 2723 3058 2776 δὲ
3094 2723 3255 2777 πάλιν
3296 2727 3479 2778 πᾶσαν
3515 2727 3742 2796 τὴνκγῆν

2174 2817 2252 2879 εἰς
2284 2814 2344 2867 τὸ
2374 2814 2600 2884 ἀρχαῖον
2640 2812 2847 2882 σχῆμα,
2889 2811 3079 2884 ὥσπερ
3114 2814 3233 2867 τινὰ
3267 2814 3489 2884 πολίτην
3521 2815 3745 2885 νικητὴν

2176 2906 2367 2958 τοῦτον
2395 2902 2555 2966 αὖθις
2581 2904 2637 2956 ἐν
2663 2905 2728 2973 τῇ
2765 2905 2835 2974 γῇ
2865 2903 3041 2958 ἔθετο.
3083 2905 3193 2957 Καὶ
3239 2903 3303 2974 δὴ
3341 2906 3557 2975 χρόνοις
3584 2904 3747 2957 ὖστε-

2177 3015 2269 3068 ρον
2324 2995 2707 3066 πληθυνόντων
2762 2995 2870 3047 τῶν
2926 2996 3252 3064 ἀνθρώπων,
3324 2999 3474 3049 πᾶσα
3523 2996 3753 3050 ἀσέϐεια.

492 3100 774 3171 impietas,
830 3107 888 3152 et
936 3110 1129 3150 omnes
1181 3093 1547 3148 vincebantur
1599 3107 1628 3144 a
1676 3089 1950 3159 peccatis,
2012 3100 2067 3144 et

2174 3089 2503 3160 προέκοπτε,
2536 3087 2633 3141 καὶ
2666 3087 2868 3151 πάντες
2890 3087 3197 3158 ἐχειροῦντο
3222 3091 3332 3151 τοῖς
3358 3090 3747 3160 ἁμαρτήμασι,

490 3194 656 3248 morti
709 3187 1165 3259 subjiciebantur,
1215 3193 1272 3241 et
1316 3184 1488 3239 vincti
1535 3183 1866 3237 tenebantur
1913 3181 2060 3251 apud

491 3284 723 3344 inferos.
760 3280 829 3334 ad
887 3280 1173 3333 interitum
1229 3277 1526 3332 examinati
1571 3292 1603 3330 a
1657 3277 1895 3346 maligno
1952 3275 2063 3329 dae-

492 3390 675 3431 mone.
706 3372 961 3427 Misertus
983 3378 1166 3425 autem
1198 3370 1364 3436 Deus,
1411 3370 1506 3439 qui
1552 3384 1653 3423 nos
1703 3370 1982 3434 formavit,
2008 3374 2064 3421 et

492 3479 600 3518 non
647 3461 883 3532 amplius
928 3459 1117 3514 volens
1152 3457 1298 3527 quod
1344 3473 1375 3512 a
1424 3472 1482 3513 se
1517 3457 1717 3511 factum
1770 3465 1886 3510 erat
1926 3471 2063 3525 opus

484 3552 795 3621 despicere,
832 3548 1070 3619 primum
1106 3547 1327 3616 quidem
1359 3546 1565 3602 Graecis
1613 3546 1756 3600 hanc
1788 3546 2063 3600 concessit

490 3634 841 3715 sapientiam,
871 3651 932 3696 ut
976 3640 1219 3695 immotis
1256 3640 1450 3694 anima:
1488 3639 1664 3694 oculis
1706 3645 2065 3708 agnoscerent

483 3737 663 3791 Deum
695 3734 1149 3803 omnipotentem,
1184 3740 1240 3786 et
1270 3740 1596 3801 superarent
1632 3731 1938 3785 daemonem
1968 3728 2064 3782 atl-

485 3826 815 3882 versarium.
850 3824 914 3878 Hi
946 3839 1108 3894 ergo,
1152 3831 1209 3878 et
1239 3823 1283 3877 si
1314 3823 1415 3877 visi
1445 3830 1582 3898 sunt
1608 3822 1892 3891 paululum
1922 3820 2063 3875 resi-

488 3919 721 3988 piscere,
772 3926 830 3973 et
878 3925 1091 3971 rectum
1143 3915 1247 3970 iter
1295 3914 1515 3984 pietatis
1574 3913 1879 3976 attendere,
1938 3928 2061 3967 cum

480 4022 671 4066 tamen
704 4018 963 4079 tanquam
1008 4007 1065 4062 in
1098 4007 1291 4061 umbra
1317 4006 1504 4061 verbis
1539 4006 1716 4060 solum
1750 4004 2064 4075 apprehen-

482 4100 699 4156 dissent
742 4098 1032 4163 visionem,
1110 4111 1305 4151 rursus
1362 4082 1631 4151 cadebant
1694 4096 1750 4149 in
1817 4108 2062 4150 errorem

488 4194 776 4264 majorum,
806 4189 907 4260 ipsi
937 4203 1157 4259 quoque
1182 4186 1423 4257 superati
1450 4202 1479 4240 a
1505 4186 1638 4241 falsa
1692 4186 1974 4256 religione,
2005 4196 2061 4242 et

489 4288 544 4338 in
576 4281 904 4339 deteriorem
958 4279 1196 4349 prolapsi
1251 4279 1608 4349 impietatem,
1644 4290 1709 4337 .et
1759 4279 1845 4333 via
1909 4280 2054 4333 invia

488 4371 828 4425 aberrantes.
880 4367 950 4421 Et
979 4380 1081 4420 nec
1118 4367 1197 4420 sic
1228 4365 1451 4433 quidem
1509 4381 1667 4434 passa
1697 4376 1781 4421 est
1837 4368 2063 4437 insignis

2166 3184 2260 3238 καὶ
2288 3180 2561 3249 ὑπήγοντο
2588 3178 2664 3248 τῷ
2695 3178 2927 3249 θανάτῳ,
2960 3181 3054 3235 καὶ
3081 3182 3138 3234 ἐν
3176 3180 3254 3251 τῷ
3279 3180 3376 3251 ᾅδῃ
3428 3180 3750 3250 κατείχοντο

2162 3275 2395 3343 δέσμιοι,
2426 3269 2750 3341 ἐταζόμενοι
2786 3270 2869 3334 είς
2902 3271 3181 3325 ἀπώλειαν
3231 3272 3334 3326 ὑπὸ
3378 3273 3472 3325 τοῦ
3500 3275 3745 3343 πονηροῦ

2160 3364 2350 3418 τούτου
2374 3362 2643 3417 διαϐόλου.
2679 3361 3110 3433 Σπλαγχνισθεὶς
3151 3361 3245 3419 οὖν
3279 3367 3307 3418 6
3343 3366 3555 3429 πλάσας
3593 3368 3746 3435 ἡμᾶς

2163 3457 2266 3510 Θεὸ
2278 3475 2328 3529 ;,Δ
2352 3457 2446 3510 καὶ
2485 3456 2682 3524 μηκέτι
2702 3456 2796 3508 ἐπὶ
2822 3457 2956 3510 πολὺ
2986 3457 3235 3527 παριδεῖν
3250 3458 3448 3512 ἐθέλων
3465 3459 3524 3512 τὸ
3539 3458 3741 3512 ἑαυτοῦ

2166 3548 2394 3617 ποίημα,
2427 3547 2644 3618 πρῶτον
2668 3547 2965 3618 ἐχαρίσατο
2992 3549 3093 3614 τὴν
3137 3548 3355 3603 σύν;σιν
3391 3550 3599 3620 ταύτην
3624 3557 3743 3612 τοῖς

2167 3640 2448 3707 Ἕλλησιν,
2482 3639 2536 3691 εί
2559 3656 2677 3702 πως
2706 3641 2916 3694 ἀκλινεῖ
2936 3642 3013 3712 τῷ
3050 3644 3146 3713 τῆς
3170 3644 3347 3714 ψυχῆς
3381 3644 3593 3712 ὄμματι
3618 3648 3744 3696 ὲπι-

2166 3730 2333 3799 γνῶσι
2362 3730 2455 3782 τὸν
2481 3732 2642 3799 μόνον
2677 3734 3102 3804 παντοκράτορα
3142 3735 3298 3799 Θεὸν,
3361 3736 3454 3788 καὶ
3508 3738 3740 3806 περιγέ-

2166 3838 2366 3875 νωνται
2394 3820 2488 3874 τοῦ
2546 3821 3014 3895 ἀντιτεταγμένου
3063 3826 3338 3895 δαίμονος.
3383 3824 3545 3881 Οὗτοι
3575 3828 3656 3892 δὲ,
3692 3831 3742 3880 εί

2166 3916 2261 3966 καὶ
2290 3912 2475 3979 ἔδοξαν
2520 3914 2716 3985 μικρόν
2754 3933 2806 3969 τι
2854 3915 3111 3988 διανῆψαι
3174 3917 3268 3971 καὶ
3316 3918 3609 3988 ἐπιστῆναι
3666 3922 3737 3989 τῇ

2165 4004 2410 4057 θεοσεϐεῖ
2442 4005 2656 4077 πορείᾳ,
2688 4006 2802 4060 ἀλλ’
2829 4008 2977 4077 ὅμως
3008 4007 3198 4079 ὥσπερ
3234 4011 3290 4062 ἐν
3319 4011 3448 4079 σκιᾷ
3488 4008 3739 4080 λογισμῷ

2168 4092 2317 4167 μόνῳ
2338 4097 2760 4169 ’φαντασθέντες,
2791 4098 3137 4168 ἀλληνάλλως
3156 4101 3514 4165 τοπάσαντες,
3536 4106 3742 4167 πάντες

2163 4185 2321 4248 αὖθις
2374 4188 2438 4256 τῇ
2476 4189 2780 4257 προγονικῇ
2842 4189 3116 4242 ὑπέπεσον
3171 4190 3369 4261 πλάνῃ,
3412 4172 3677 4260 ἡττηθέντι
3713 4208 3742 4254 ς

2169 4278 2265 4330 καὶ
2318 4277 2475 4331 αὐτοὶ
2517 4278 2594 4340 είς
2655 4278 3079 4350 δεισιδαιμονίαν
3140 4283 3233 4334 καὶ
3265 4284 3345 4345 είς
3389 4284 3610 4351 χείρονα
3646 4284 3743 4334 ἐκ-

2168 4368 2430 4432 πεσόντες
2478 4367 2759 4435 άσέϐειαν,
2815 4373 2909 4423 καὶ
2985 4370 3309 4426 ἀδιέκϐατον
3364 4372 3744 4440 πλανηθέντες

488 4470 545 4517 et
568 4459 638 4515 ab
659 4457 1270 4514 omnibuscelebranda
1315 4458 1408 4511 Dei
1442 4467 1687 4526 potestas
1735 4474 1836 4514 nos
1874 4460 2059 4529 jacere

2171 4460 2304 4514 666v.
2344 4460 2487 4513 Ἀλλ’
2519 4461 2630 4514 οὐδ’
2657 4461 2833 4524 οὕτως
2862 4463 3124 4533 ἠνέσχετο
3165 4465 3197 4533 ἡ
3250 4463 3407 4527 ἵλεως
3444 4464 3541 4516 καὶ
3579 4463 3745 4515 ποῖιυ-

492 4555 546 4607 in
572 4550 808 4614 delictis,
844 4547 989 4602 unde
1021 4547 1185 4601 etiam
1221 4546 1375 4601 dedit
1407 4548 1606 4623 legem,
1663 4559 1720 4605 et
1760 4550 1909 4605 misit
1934 4565 2059 4620 pro-

490 4645 703 4716 phetas,
761 4651 817 4697 et
876 4638 1230 4694 multifariam
1278 4639 1576 4707 multisque
1638 4640 1815 4696 modis
1872 4640 2060 4712 generi

489 4737 840 4793 Hebraeorum
886 4733 1030 4787 viam
1069 4731 1308 4786 05tendit
1356 4730 1672 4786 salutarem.
1730 4730 1931 4787 Omnes
1963 4750 2059 4788 au-

487 4842 597 4885 tem
633 4826 1069 4891 retrocedentes,
1102 4822 1422 4879 recidebant
1452 4822 1505 4877 in
1534 4825 1800 4894 majorum
1830 4840 2057 4881 suorum

487 4920 886 4981 inﬁrmitatem,
928 4927 986 4972 et
1029 4915 1191 4970 morti
1243 4914 1679 4986 subjiciebantur
1714 4930 1907 4971 omnes
1932 4932 2061 4987 pro-

485 5022 611 5080 pter
635 5016 945 5079 peccatum.
991 5005 1231 5074 Aiquum
1269 5004 1454 5073 itaque
1480 5004 1695 5059 censuit
1721 5006 1931 5074 mquale
1964 5021 2060 5059 no-

487 5103 701 5158 biscum
726 5106 1006 5154 certamen
1040 5096 1323 5166 suscipere
1364 5098 1627 5152 Dominus
1651 5105 1861 5161 noster,
1914 5097 2058 5151 Deus

486 5194 752 5253 Verbum.
797 5198 853 5245 et
899 5188 1057 5244 nobis
1114 5189 1408 5244 ostendere
1459 5188 1746 5243 victoriam
1794 5188 2057 5243 adversus

486 5283 883 5342 adversarium.
925 5296 1022 5351 par
1069 5280 1231 5335 nobis
1261 5281 1316 5335 in
1341 5280 1600 5335 omnibus
1627 5279 1805 5334 factus
1857 5290 2058 5348 prater

483 5384 770 5446 peccatum
804 5389 817 5427 :
853 5383 909 5428 et
940 5388 1065 5427 cum
1104 5372 1347 5442 seipsum
1392 5371 1656 5427 humilem
1700 5370 2053 5435 reddidisset,

484 5475 542 5517 et
561 5461 719 5517 nobis
750 5462 924 5516 servis
962 5462 1191 5515 formam
1229 5460 1464 5516 similem
1492 5461 1843 5531 suscepisset,
1893 5471 2054 5515 natus

483 5566 663 5619 estex
692 5554 934 5623 Virgine,
977 5569 1086 5607 non
1143 5563 1388 5610 mutatus
1433 5554 1742 5616 divinitate,
1795 5556 1889 5609 sed
1932 5555 2052 5609 ovis

410 5672 415 5679 -
486 5648 668 5700 ferens
698 5645 893 5711 pellem
928 5655 1149 5713 propter
1205 5647 1315 5715 lupi
1360 5662 1729 5717 progressum.
1788 5646 1843 5699 Si
1905 5647 2050 5708 enim

487 5750 582 5801 per
610 5745 899 5800 supernam
943 5735 1183 5789 divinam
1217 5753 1368 5791 suam
1410 5738 1717 5805 potentiam
1749 5738 2048 5806 percussis-

2167 4554 2403 4624 ὑμνητος
2437 4554 2531 4606 τοῦ
2563 4553 2699 4607 Θεοῦ
2733 4554 2964 4625 δύναμις
3005 4557 3220 4608 κεῖσθαι
3260 4558 3407 4625 ἡμᾶς
3442 4559 3498 4607 ἐν
3528 4556 3608 4625 τῷ
3637 4574 3745 4609 πα-

2168 4645 2523 4717 ραπτώματι·
2562 4646 2684 4699 ὅθεν
2715 4648 2805 4699 καί
2837 4648 3002 4717 νὸμον
3045 4648 3235 4711 ἔδωκε,
3292 4650 3387 4702 καὶ
3446 4650 3743 4720 προφήτας

2164 4738 2539 4803 ἐξαπέστειλε,
2573 4738 2929 4809 πολυτρόπως
2962 4757 3021 4792 τε
3050 4740 3294 4806 ὑπέδειξε
3330 4742 3406 4812 τῷ
3446 4743 3594 4810 γένει
3624 4743 3744 4795 τῶν

2174 4828 2445 4898 Ἐϐραίων
2470 4828 2568 4898 τὴν
2602 4832 2874 4899 σωτήριον
2909 4830 3046 4885 ὀδόν.
3077 4830 3188 4884 Καὶ
3219 4831 3420 4894 πάντες
3449 4833 3745 4900 ἀναχαιτι-

2164 4921 2404 4989 ζόμενοι,
2446 4921 2511 4988 τῇ
2552 4923 2849 4990 προγονικῇ
2883 4922 3299 4991 περιεπείροντο
3332 4923 3610 4996 ἀσθενείᾳ,
3637 4923 3745 4975 mi.

2163 5012 2364 5073 πάντες
2420 5010 2707 5080 ὑπέκειντο
2756 5008 2834 5080 τῷ
2880 5011 3097 5082 θανάτῳ
3140 5013 3231 5065 διὰ
3266 5014 3366 5082 τὴν
3427 5015 3742 5084 ἁμαρτῖαν.

2174 5097 2518 5152 Ἑδικαίωσεν
2541 5093 2635 5150 οὖν
2653 5098 2713 5150 τὸ
2742 5097 2853 5150 ἴσον
2874 5100 3004 5166 ἡμῖν
3033 5100 3322 5170 ἀγώνισμα
3350 5102 3482 5170 αἰτρ
3535 5099 3743 5153 άιοδέ-

2161 5190 2355 5257 ξασθαι
2390 5193 2417 5243 ὁ
2448 5192 2723 5258 Δεσπῧτης
2756 5192 2909 5260 ἡμῶν
2936 5193 3066 5256 Θεὸς
3089 5194 3285 5261 Λόγος,
3331 5196 3422 5248 καὶ
3454 5195 3588 5247 ὑποῖ
3620 5193 3673 5258 ῖξ
3696 5213 3746 5247 ιι
3786 5193 3796 5261 ξ

2158 5282 2289 5350 ἡμῖν
2340 5281 2437 5347 τὴν
2466 5281 2607 5334 κατὰ
2641 5282 2734 5333 τοῦ
2787 5284 3087 5336 ἀντιπάλου
3132 5285 3309 5354 νίκην.
3355 5287 3510 5340 Κατὰ
3555 5287 3745 5339 πάντα

2160 5374 2272 5434 ἶσος
2307 5372 2438 5441 ἡμῖν
2464 5373 2755 5442 γενόμενος
2784 5376 2951 5444 χωρὶς
3009 5376 3307 5448 ἁμαρτίας,
3341 5379 3435 5432 καὶ
3462 5379 3748 5432 ταπεινώ-

2121 5499 2124 5503 ε
2160 5479 2257 5525 σας
2288 5462 2502 5527 ἑαυτὸν,
2523 5463 2616 5516 καὶ
2640 5464 2833 5534 ὁμοίαν
2860 5466 3012 5535 ἡμῶν
3029 5468 3137 5521 τῶν
3159 5467 3360 5525 δούλων
3390 5471 3559 5524 αὐτοῦ
3590 5488 3743 5542 μορ-

2157 5556 2262 5622 φὴν
2287 5552 2492 5620 λαϐὼν,
2520 5555 2713 5624 ἐτέχθη
2752 5556 2815 5608 ἐκ
2847 5557 2943 5627 τῆς
2981 5560 3143 5628 ἁγίας
3170 5563 3449 5631 Παρθένου
3494 5564 3569 5632 μὴ
3592 5580 3743 5630 τρα-

2157 5646 2277 5707 π.ὶς
2310 5649 2375 5715 τῇ
2430 5645 2668 5715 θεότητι,
2722 5648 2856 5701 ἀλλὰ
2901 5655 3137 5724 φορέσας
3188 5654 3286 5725 τὴν
3329 5655 3419 5709 τοῦ
3455 5657 3743 5727 προϐάτου

2155 5737 2315 5807 sapa»
2348 5738 2434 5790 διὰ
2463 5739 2561 5807 τὴν
2592 5738 2683 5791 τοῦ
2732 5739 2896 5795 λύκου
2960 5747 3206 5815 πρέεδοιι,
3264 5750 3321 5800 Ei
3359 5730 3466 5817 γὰρ
3513 5751 3598 5803 διὰ
3629 5751 3745 5814 τῆς
