4094 6384
329 348 437 413 4’37

1123 326 1600 411 MAitrvmuu
1641 351 1701 411 s.
1747 352 2170 415 EUSTRATII
2215 356 2309 415 ET
2349 351 2771 422 SOClORUM.

3482 367 3587 429 493

328 462 543 518 ἄνωθεν
568 459 725 525 θείας
757 460 923 517 αὑτοῦ
960 461 1247 530 δυνάμεως
1274 461 1511 527 ἐπάταξε
1544 461 1635 513 τὸν
1669 460 1910 514 ἀντικεί-

2014 476 2096 521 sel
2130 468 2277 523 hune
2304 469 2683 558 adversarium
2715 473 2950 545 (poterat
2985 477 3157 541 enim,
3202 488 3261 533 ut
3288 479 3381 548 qui
3414 490 3594 550 potest

332 572 494 624 μενον
523 550 735 606 τοῦτονο
763 552 998 624 ἠδύνατο
1034 552 1143 623 γὰρ
1171 553 1247 616 ὡς
1282 554 1455 608 πάντα
1506 552 1823 620 δυνάμενος,
1872 552 1907 605 ἃ

326 646 453 715 ἐμοὶ
484 641 550 716 ἦν
570 644 810 698 ἀδύνατα
835 660 850 675 ·
871 644 990 699 ἀλλ’
1017 646 1117 699 οὐκ
1141 645 1342 699 ἔδωκεν
1371 646 1521 714 αὐτῷ
1546 645 1737 717 καιρὸν
1769 645 1909 699 ἀπο-

326 731 515 800 λογίας
542 730 724 800 λέγειν
744 746 757 762 ·
782 731 867 785 ὅτι
898 731 1222 805 Ἄνθρωπον
1241 732 1495 803 ἐνίκησα,
1523 734 1616 786 καὶ
1644 734 1750 786 ὑπὸ
1769 733 1904 786 θεοῦ

325 829 605 900 ἐνικήθην.
648 830 757 883 Καὶ
783 828 1185 900 εὐαπολόγητος
1212 830 1279 883 ἂν
1318 829 1590 899 ὑπῆρχεν,
1639 828 1714 890 ὡς
1752 826 1908 890 εἰδὼς

324 923 410 976 ὅτι
440 920 559 990 Θεῷ
585 922 683 991 μὲν
714 920 895 975 πάντα
933 923 1155 990 ἐφικτὰ,
1187 922 1309 991 ἐμοὶ
1342 920 1398 975 δὲ
1438 921 1515 991 τῷ
1536 919 1597 975 τὸ
1616 920 1775 990 σῶμα
1804 935 1906 972 πε-

329 1010 708 1082 ριϐεϐλημένῳ
736 1008 895 1062 τοῦτο
953 1009 1297 1080 κατορθῶσαι
1351 1010 1635 1065 ἀδύνατον.
1694 1011 1907 1064 Οἰκονο-

328 1104 457 1175 μίας
517 1102 608 1156 οὖν
664 1102 853 1156 ⁴ἕνεκεν
896 1101 995 1170 τὴν
1044 1104 1321 1173 ἡμετέραν
1376 1105 1404 1156 ὁ
1450 1103 1729 1172 Δεσπότης
1772 1104 1906 1173 Χρι-

326 1197 450 1259 στὸς
506 1193 734 1248 ἀνέλαϐε
792 1191 989 1264 σάρκα,
1022 1194 1110 1248 ἵνα
1164 1194 1223 1247 τὸ
1272 1193 1414 1265 ὑπὲρ
1468 1194 1625 1264 ἡμῶν
1670 1194 1939 1264 ἀποτίσῃ.

323 1293 506 1364 χρέος.

396 1389 538 1455 Kq'.
573 1389 842 1461 Λὰὅωμεν
894 1392 950 1446 δὲ
1005 1395 1100 1448 καὶ
1165 1393 1371 1458 εἰκόνα,
1423 1393 1677 1459 δικαστὰ,
1712 1393 1905 1464 ὁμοίαν

323 1482 530 1552 ταύτης
565 1499 666 1552 μου
698 1487 797 1554 τῆς
839 1484 1168 1557 διηγήσεως.
1217 1486 1346 1540 Ἐὰν
1378 1486 1442 1538 σὺ
1477 1486 1639 1550 αὐτὸς
1660 1487 1687 1538 ὁ
1712 1487 1905 1558 κύριος

321 1573 480 1645 τῆσδε
502 1575 597 1639 τῆς
625 1575 851 1642 πόλεως,
871 1576 1071 1646 ἄρκτον
1102 1576 1134 1646 ἢ
1156 1576 1281 1629 ἄλλο
1302 1574 1476 1628 τιτῶν
1503 1574 1711 1646 θηρίων
1739 1576 1905 1630 ἐπελ-

322 1664 413 1717 θὸν
434 1665 496 1733 τῇ
523 1663 880 1735 πόλειθεὰσῃ,
906 1665 998 1717 καὶ
1012 1665 1155 1734 ἐρεῖς
1184 1663 1261 1734 τῷ
1286 1663 1457 1732 δούλῳ
1477 1678 1594 1731 σου,
1611 1662 1905 1735 Παρελθὼν

322 1759 579 1827 φόνευσον
608 1757 764 1821 αὐτὸ,
798 1760 1007 1821 ἐκεῖνος
1035 1757 1093 1811 δὲ
1116 1758 1195 1830 τῷ
1234 1757 1309 1827 σῷ
1360 1756 1751 1829 προστάγματι
1781 1758 1905 1811 δουο

2017 563 2221 626 omnia,
2254 579 2375 633 qua:
2413 580 2443 619 a
2484 582 2570 621 me
2618 583 2726 622 non
2780 581 3009 638 possunt
3059 571 3222 641 fieri),
3265 573 3507 630 dedisset
3536 576 3589 630 ei

2010 653 2214 722 justam
2269 658 2614 713 occasionem
2667 657 3026 731 delensionis,
3080 666 3359 722 dicendo:
3399 665 3590 720 llomi-

2014 760 2139 800 nem
2167 745 2299 808 vici,
2335 757 2390 801 et
2421 763 2451 802 a
2486 748 2598 805 Deo
2630 766 2751 805 sum
2792 753 2990 809 victus.
3033 753 3102 810 Se
3149 757 3296 812 enim
3352 767 3481 813 tunc
3512 759 3591 813 sic

2014 834 2175 892 facile
2202 839 2472 907 potuisset
2501 840 2820 909 defendere,
2850 853 2910 899 ut
2939 845 3030 915 qui
3053 847 3239 914 sciret,
3272 848 3440 903 Deum
3466 849 3590 918 qui-

2013 929 2138 985 dem
2170 946 2329 1001 posse
2360 930 2544 989 dmnia
2573 932 2789 991 edicere
2824 954 2837 990 :
2872 946 2927 991 et
2977 951 3099 1003 nec,
3148 939 3192 993 si
3236 953 3437 1009 corpus
3465 940 3589 1009 qui~

2014 1025 2139 1080 dem
2180 1025 2473 1092 induisset,
2516 1042 2626 1083 non
2664 1043 2785 1085 esse
2814 1029 3109 1100 eiusmodi,
3140 1030 3284 1101 quod
3318 1046 3425 1086 non
3459 1045 3587 1100 pos-

2012 1128 2094 1173 set
2130 1116 2328 1173 facere.

2085 1390 2274 1447 XXVI.
2321 1391 2667 1462 Accipiamus
2697 1406 2904 1459 autem,
2951 1410 2984 1449 ο
3013 1394 3197 1466 iudex,
3240 1395 3479 1464 aliquam
3517 1394 3589 1447 si-

2012 1480 2401 1546 militudinem,
2434 1497 2557 1551 quae
2583 1483 2879 1538 conveniat
2919 1484 3049 1539 huic
3082 1500 3216 1539 meae
3261 1484 3584 1540 narrationi.

2012 1572 2069 1629 Si
2109 1581 2167 1628 tu
2207 1574 2344 1644 ipse,
2406 1576 2499 1644 qui
2548 1591 2608 1630 es
2651 1576 2907 1633 dominus
2956 1578 3120 1647 hujus
3167 1578 3427 1645 civitatis,
3462 1594 3586 1633 cum

2012 1666 2245 1723 vidisses
2298 1668 2511 1738 lupum,
2567 1679 2662 1725 aut
2720 1687 2937 1737 ursum,
2997 1682 3092 1727 aut
3134 1672 3371 1740 aliquam
3425 1672 3586 1727 aliam

2013 1757 2245 1813 bestiam
2287 1759 2633 1817 invadentem
2663 1775 2812 1819 tuam
2845 1763 3155 1829 civitatem,
3187 1765 3393 1820 dixeris
3424 1780 3585 1820 servo

320 1851 534 1914 λεύςας,
559 1851 655 1903 καὶ
687 1848 1002 1922 προσελθὼν
1033 1851 1277 1921 ἀτέχνως
1306 1850 1627 1922 καταϐληθῇ
1660 1852 1764 1905 ὑπὸ
1808 1852 1902 1906 τοῦ

2013 1860 2138 1907 tuo:
2172 1850 2373 1908 Occide
2414 1852 2562 1909 illam
2597 1870 2610 1906 :
2651 1854 2742 1911 ille
2766 1867 2950 1912 autem
3008 1872 3208 1928 parens
3244 1866 3339 1913 tuo
3382 1858 3585 1929 iussui,

319 1943 512 2016 θηρίου
540 1944 635 1997 καὶ
667 1943 920 2013 ἀναλωθῇ
942 1959 956 1972 ο
993 1943 1069 2013 μή
1123 1959 1175 1996 τι
1210 1942 1382 2013 ἀνέχῃ
1428 1941 1509 1995 ἔτι
1558 1944 1621 1995 ὲκ
1647 1942 1906 2015 δευτέρου

318 2036 465 2106 ἄλλῳ
516 2035 691 2106 δούλῳ
749 2053 844 2088 σου
898 2035 957 2088 τὸ
988 2034 1202 2089 τοιοῦτο
1228 2033 1536 2105 προστάξαι
1572 2034 1864 2106 ἀγώνισμα
1889 2082 1903 2104 ,

318 2128 724 2196 ἢκαταγνῶναι
778 2126 881 2196 τῆς
942 2127 1152 2181 ἐκείνου
1202 2127 1396 2197 ἥττης,
1438 2126 1722 2194 μᾶλλονδὲ
1757 2130 1907 2182 ἀπω-

316 2221 463 2285 λείας
492 2239 507 2287 ;
539 2220 633 2275 καὶ
663 2221 762 2291 οὐχ
792 2221 877 2273 ἵνα
914 2220 989 2291 μὴ
1022 2222 1197 2292 φανῇς
1232 2220 1470 2278 ἀδύνατα
1519 2221 1902 2290 προστάσσων,

320 2315 567 2386 παρορᾷς
597 2315 691 2369 καὶ
721 2315 849 2376 τοὺς
889 2318 1150 2378 συνόντας
1178 2332 1262 2368 σοι
1326 2317 1676 2387 συμμάχους,
1720 2316 1781 2369 οὐ
1812 2315 1907 2369 κέ-

318 2426 523 2478 χρησαι
556 2408 614 2461 δὲ
643 2407 768 2460 οὔτε
799 2408 951 2477 ἵππῳ
989 2407 1113 2460 οὔτε
1176 2409 1363 2471 ὅπλοις
1394 2412 1558 2475 τισὶν,
1616 2411 1756 2479 ἔχων
1806 2410 1906 2460 καὶ

317 2503 618 2572 δυνάμενος
636 2501 837 2565 πάντα,
861 2501 996 2555 ἀλλὰ
1020 2501 1108 2556 διὰ
1138 2503 1265 2566 τοὺς
1281 2502 1504 2566 λοιπούς
1534 2519 1627 2556 σου
1658 2500 1902 2565 δούλους,

316 2594 629 2667 ἔμπροσθεν
661 2592 842 2648 αὐτῶν
879 2594 992 2655 ίσος
1034 2592 1114 2665 τῷ
1156 2594 1470 2661 ἐπιταγέντι
1498 2593 1664 2648 πάλαι
1698 2594 1791 2646 καὶ
1818 2595 1907 2664 ἡτ-

315 2688 539 2758 τηθέντι
572 2688 745 2757 δούλῳ
770 2688 1084 2758 γενόμενος,
1111 2687 1187 2751 ὡς
1221 2689 1433 2749 ἐκεῖνος
1489 2685 1697 2757 γυμνὸς
1747 2685 1904 2748 ἐκτὸς

314 2782 537 2834 οίασυῦν
599 2777 878 2849 βοηθείας,
934 2778 1216 2851 προσέρχῃ
1246 2775 1325 2847 τῷ
1378 2775 1549 2848 θηρίῳ
1576 2775 1775 2845 τούτῳ,
1808 2776 1904 2828 καὶ

314 2873 566 2938 πατάξας
592 2873 745 2934 αὐτὸ,
775 2870 836 2924 τδ
864 2869 1166 2939 τηνικαῦτα
1196 2871 1292 2939 τῆς
1352 2869 1453 2939 μὲν
1480 2867 1575 2921 ,τοῦ
1604 2867 1906 2921 ἀναλωθέν·

312 2984 408 3031 τος
436 2967 653 3021 οἰκέτου
683 2965 1065 3035 ταλαιπωρίας
1124 2966 1216 3017 ἐπὶ
1272 2963 1491 3017 πάντων
1543 2963 1900 3033 καταγνώσῃ,

311 3059 552 3125 διδάξεις
573 3058 631 3111 δὲ
652 3059 778 3121 τοὺς
814 3057 1035 3118 λοιποὺς
1065 3056 1238 3125 ὁμοίῳ
1272 3057 1555 3126 ὁρμήματι
1586 3056 1680 3108 καὶ
1708 3058 1902 3125 ἐμπει-

315 3149 415 3220 ρία
444 3147 769 3219 κεχρῆσθαι,
796 3147 993 3210 ὁσάκις
1024 3146 1123 3200 ἐὰν
1150 3147 1288 3217 τύχῃ
1312 3145 1390 3216 τῷ
1420 3144 1649 3216 τοιούτῳ
1675 3147 1901 3216 προσιέ-

312 3259 404 3295 ναι
430 3241 830 3310 συναντήματι,
866 3239 961 3292 καὶ
996 3239 1318 3310 ἀπειλήσεις
1348 3239 1493 3302 τότε,
1537 3241 1586 3292 εἰ
1646 3240 1719 3308 μὴ
1774 3237 1901 3299 ἴσως

312 3338 381 3406 τῇ
424 3333 809 3404 ύποδειχθείοῃ
856 3334 1042 3396 αὐτοῖς
1073 3333 1234 3404 νήφει
1281 3332 1580 3403 χρήσονται
1612 3331 1900 3401 διηνεκῶς,

312 3432 410 3484 καὶ
434 3430 772 3498 νςυλάξουσιν
798 3431 1024 3495 ἑαυτοὺς
1056 3431 1151 3482 καὶ
1173 3429 1243 3482 τὰ
1266 3428 1502 3483 ἑαυτῶν.
1530 3428 1592 3481 El
1613 3428 1667 3481 δὲ
1700 3426 1905 3497 ἀμελή-

315 3538 493 3585 σ-ιαν,
550 3520 870 3590 ἀπειλήσεις
931 3522 1026 3577 καὶ
1074 3520 1210 3591 πρὸς
1264 3519 1648 3589 ἀναπολόγητα
1703 3519 1903 3582 αὐτοὺς

313 3613 561 3679 ἔσεσθαι,
605 3611 698 3665 καὶ
733 3611 838 3663 ὑπὸ
895 3611 1166 3680 τιμωρίαν
1232 3611 1476 3680 μεγάλην
1528 3611 1900 3681 ἀχθήσεσθαι·

311 3708 438 3767 τοὺς
468 3705 524 3759 δὲ
552 3704 978 3775 ἀνδριζομένους
1016 3706 1113 3756 καὶ
1148 3705 1526 3773 μιμουμένους
1555 3704 1653 3772 τὴν
1684 3702 1783 3773 σὴν
1808 3702 1900 3755 τοῦ

311 3799 584 3853 δεσπότου
617 3797 1029 3866 ύποδειχθείσαν
1086 3798 1267 3860 αὐτοῖς
1325 3796 1527 3865 ἀρετὴν
1581 3796 1688 3849 ὑπὸ
1722 3795 1891 3867 τιμὴν

314 3892 518 3960 πολλὴν
546 3890 640 3942 καὶ
669 3889 1000 3960 δορυφορίαν
1032 3887 1275 3951 ἕξεσθαι,
1324 3888 1398 3951 ὡς
1440 3888 1620 3943 καλῶν
1655 3888 1901 3957 φύλακας

311 3990 405 4039 ναὶ
430 3984 716 4053 γενναίους
753 3984 1117 4056 στρατιώτας.

385 4079 518 4134 KZ'.
552 4077 742 4141 Οὕτως
777 4076 871 4132 οὖν
892 4079 987 4131 καὶ⁵
1012 4082 1038 4131 ὁ
1069 4077 1352 4148 Δεσπότης
1382 4078 1540 4148 ἡμῶν
1576 4079 1837 4150 Χριστὸς,
1875 4082 1902 4132 ὁ

313 4174 508 4244 Σωτὴρ
546 4173 786 4237 πάντων,
848 4171 958 4223 τῶν
1015 4170 1179 4224 αὐτοῦ
1212 4171 1413 4225 δούλων
1459 4173 1517 4224 ἐν
1542 4176 1604 4240 τῇ
1634 4172 1776 4226 κατὰ
1809 4172 1899 4225 τοῦ

311 4266 529 4319 Σατανᾶ
550 4263 742 4317 τούτου
768 4264 913 4333 πάλῃ
945 4263 1039 4316 τοῦ
1074 4264 1202 4333 παρ’
1230 4262 1385 4333 ὑμῶν
1414 4264 1707 4334 σεϐομένου
1731 4266 1899 4337 ἡττη-

312 4355 520 4407 θέντων
543 4354 637 4407 καὶ
668 4353 1060 4424 συντριϐέντων
1098 4353 1191 4407 ὑπ’
1232 4352 1435 4413 αὐτοῦ,
1478 4353 1642 4416 αὐτὸς
1676 4354 1901 4426 ἀρρήτῳ

312 4448 420 4499 τινὶ
464 4447 556 4498 καὶ
609 4447 845 4515 μυστικῇ
890 4444 1182 4514 οἰκονομίᾳ
1246 4445 1515 4498 ἐκένωσεν
1548 4446 1741 4500 ἑαυτὶν
1770 4462 1902 4516 μορ-

2009 1955 2063 2000 et
2102 1946 2222 2001 sine
2273 1954 2392 2001 arte
2449 1947 2738 2012 accedens,
2771 1947 2966 2004 fuisset
3014 1965 3044 2004 a
3094 1950 3209 2005 fera
3257 1951 3506 2022 deiectus
3532 1958 3587 2006 et

2010 2052 2390 2112 consumptus,
2441 2042 2818 2098 sustineresne
2852 2043 3054 2099 iterum
3087 2045 3245 2099 alteri
3280 2060 3442 2100 servo
3481 2044 3609 2099 tale'

2010 2142 2287 2188 certamen
2338 2134 2637 2205 imperare,
2689 2145 2785 2191 aut
2828 2136 2978 2191 illum
3007 2136 3288 2201 damnare,
3322 2138 3467 2207 quod
3507 2139 3581 2191 vi-

2009 2234 2131 2280 ctus
2164 2225 2449 2294 periisset?
2510 2226 2889 2299 Nequaquam.
2950 2227 3056 2283 Sed
3104 2245 3173 2285 ne
3219 2229 3457 2285 videaris
3505 2231 3589 2285 eis

2010 2316 2328 2386 imperasse,
2376 2334 2498 2388 quae
2547 2319 2663 2374 fieri
2718 2336 2827 2376 nou
2861 2330 3183 2390 potuerunt,
3241 2338 3343 2378 eos
3370 2324 3462 2392 qui
3497 2333 3581 2379 te-

2009 2421 2134 2461 cum
2164 2419 2314 2474 sunt,
2351 2424 2510 2479 opem
2565 2410 2665 2465 tibi
2697 2411 2883 2478 laturi,
2931 2412 3168 2482 despicis
3202 2431 3215 2467 :
3265 2428 3371 2469 non
3408 2416 3584 2470 uteris

2009 2508 2191 2554 autem
2226 2515 2326 2555 nec
2353 2516 2518 2570 equo,
2550 2516 2650 2558 nec
2680 2502 2959 2573 aliquibus
3009 2505 3197 2573 armis,
3234 2520 3358 2561 cum
3395 2515 3451 2560 et
3480 2506 3584 2561 ha-

2008 2591 2139 2645 beas
2187 2600 2243 2645 et
2288 2589 2466 2660 possis
2515 2590 2723 2656 omnia,
2774 2593 2869 2647 sed
2928 2601 3152 2662 propter
3197 2603 3433 2651 caeteros.
3461 2605 3586 2651 tuos

2007 2696 2218 2747 servos,
2244 2680 2473 2737 ell‘ectus
2515 2680 2711 2736 similis
2754 2697 2936 2748 servo,
2971 2684 3058 2738 cui
3086 2684 3355 2754 iusseras,
3399 2694 3454 2740 et
3484 2685 3579 2755 qui

2007 2775 2188 2829 victus
2222 2773 2420 2838 fuerat,
2446 2774 2588 2830 sicut
2622 2774 2735 2840 ille,
2783 2776 2966 2832 nudus
2991 2785 3048 2833 et
3077 2778 3225 2832 omni
3257 2777 3462 2833 auxilio
3488 2779 3585 2834 de-

2006 2866 2205 2933 fectus,
2239 2865 2309 2921 ad
2350 2864 2493 2920 hanc
2532 2864 2764 2922 bestiam
2807 2867 3065 2924 accedis:
3103 2876 3161 2923 et
3194 2883 3259 2924 ea
3300 2884 3587 2939 percussa,

2008 2967 2139 3012 tunc
2173 2956 2359 3011 famuli
2392 2957 2634 3027 quidem,
2668 2958 2761 3028 qui
2797 2958 2902 3013 fuit
2927 2971 3309 3035 consumptus,
3359 2962 3586 3018 damna-

2006 3050 2087 3104 bis
2137 3049 2579 3117 imbecillitatem
2612 3066 2797 3106 coram
2837 3052 3134 3108 omnibus:
3189 3053 3410 3110 docebis
3452 3071 3585 3110 vero

2007 3148 2258 3203 caeteros,
2294 3146 2352 3192 ut
2390 3138 2556 3193 simili
2589 3139 2775 3196 animo
2808 3142 3073 3198 accedant
3114 3154 3170 3199 et
3219 3147 3582 3216 experientia,

2007 3228 2226 3296 quoties
2260 3228 2365 3284 tale
2396 3229 2528 3299 quid
2579 3232 2930 3287 occurrerit:
2987 3245 3046 3290 et
3089 3243 3218 3292 tunc
3262 3236 3582 3306 minaberis,

2008 3321 2051 3375 si
2104 3335 2213 3375 non
2256 3322 2510 3377 similiter
2553 3324 2636 3379 eis
2687 3333 2909 3380 ostensa
2976 3328 3197 3384 assidue
3248 3332 3330 3385 usi
3377 3330 3584 3388 fuerint

2006 3414 2260 3479 victoria,
2298 3424 2354 3471 et
2384 3431 2442 3471 se
2476 3426 2531 3471 et
2565 3433 2662 3474 sua
2695 3419 3081 3476 custodierint.
3117 3421 3212 3478 Sin
3246 3423 3452 3488 minus,
3487 3440 3582 3480 eos
3612 3422 3619 3435 “

2006 3506 2221 3562 futuros
2262 3508 2686 3577 iuexcusabilcs,
2728 3521 2784 3568 et
2818 3528 2939 3568 esse
2979 3513 3059 3595 ad
3087 3530 3340 3584 magnum
3371 3517 3577 3572 ducen-

2007 3595 2106 3653 dos
2125 3599 2453 3670 supplicium
2486 3619 2499 3654 :
2535 3618 2633 3659 eos
2664 3614 2871 3672 autem,
2914 3606 3010 3677 qui
3051 3621 3109 3662 se
3158 3606 3374 3664 fortiter
3399 3625 3582 3680 gesse-

2006 3692 2158 3755 rint,
2196 3702 2253 3748 et
2306 3693 2502 3752 imitati
2554 3697 2763 3754 fuerint
2830 3701 3090 3757 virtutem
3142 3704 3221 3758 eis
3275 3720 3303 3758 a
3360 3705 3585 3759 domino

2006 3793 2306 3852 ostensam,
2331 3798 2386 3842 ct
2416 3788 2683 3846 honorem
2715 3800 2771 3846 et
2817 3791 3128 3848 libertatem
3164 3810 3283 3849 esse
3320 3811 3585 3852 consecu-

2006 3885 2180 3941 turos,
2227 3889 2285 3933 ιιι
2316 3879 2586 3936 bonorum
2613 3883 2890 3950 custodes,
2920 3896 2976 3939 et
3004 3888 3294 3954 prteclaros
3362 3889 3581 3944 milites.

2077 4067 2293 4124 XXVII.
2340 4069 2429 4126 Sic
2461 4086 2594 4142 ergo
2626 4071 2893 4127 Dominus
2931 4088 3148 4143 quoque
3188 4081 3375 4127 uoster
3417 4076 3580 4138 Deus,

2006 4161 2267 4217 Servator
2323 4163 2595 4230 omnium,
2655 4180 2780 4220 cum
2831 4168 2917 4220 sui
2964 4165 3111 4220 servi
3163 4167 3219 4221 in
3278 4168 3582 4223 certamine

2004 4264 2263 4325 suscepto
2298 4257 2564 4314 adversus
2615 4257 2940 4324 dzemonem,
3014 4259 3107 4328 qui
3156 4274 3304 4315 nunc
3354 4278 3382 4315 a
3426 4262 3584 4317 vobis

2004 4347 2222 4413 colitur,
2256 4351 2326 4404 ab
2361 4350 2480 4419 ipso
2527 4350 2656 4407 victi
2688 4360 2872 4407 essent
2903 4360 2957 4406 et
2999 4354 3247 4416 contriti,
3284 4355 3402 4424 ipse
3437 4356 3575 4411 inef-

2005 4439 2156 4495 fabili
2187 4442 2427 4511 quodam
2460 4445 2694 4500 consilio
2718 4446 2956 4516 seipsum
2991 4447 3316 4510 exinanivit,
3346 4448 3549 4504 descen
3569 4479 3583 4491 -

316 4542 425 4612 φῆν
460 4538 649 4591 δούλου
682 4537 861 4590 λαϐὼν
890 4538 950 4590 ἐν
986 4538 1247 4608 Παρθένῳ
1275 4538 1410 4609 ἁγίᾳ
1455 4540 1545 4592 καὶ
1580 4540 1776 4609 σεμνῇ,
1809 4538 1901 4591 καὶ

2008 4536 2142 4590 deus
2176 4538 2243 4591 ad
2304 4549 2551 4594 sanctam
2611 4546 2667 4593 et
2732 4539 3101 4595 venerandam
3166 4540 3470 4611 Virginem,
3526 4553 3585 4599 ct

312 4638 371 4688 ἐν
396 4637 572 4687 πᾶσιν
602 4631 939 4703 ὁμοιοπαθὴς
978 4634 1112 4702 ἡμῖν
1157 4630 1452 4701 γενόμενος
1505 4630 1673 4701 χωρὶς
1728 4630 1902 4700 ἁμαρ-

311 4725 572 4789 τίας,καὶ
611 4726 669 4778 ὲν
698 4724 775 4793 τῷ
808 4722 1021 4793 θεάτρερ
1073 4722 1170 4776 τοῦ
1203 4721 1321 4792 βίον
1365 4720 1560 4775 τούτου
1621 4718 1899 4792 προελθὼν

313 4819 471 4871 ἔλαθε
491 4818 586 4872 τὸν
610 4815 873 4884 τύραννον
899 4816 958 4867 ἐν
979 4818 1044 4887 τῇ
1072 4816 1302 4887 ἑκουσίῳ
1322 4813 1488 4870 αὑτοῦ
1512 4815 1605 4870 καὶ
1639 4813 1901 4884 πανσόφῳ

313 4911 408 4962 καὶ
470 4907 728 4977 σωτηρίῳ
780 4907 915 4977 ἡμῖν
970 4904 1323 4971 ταπεινώσει,
1356 4907 1448 4959 καὶ
1499 4904 1590 4957 τὸν
1621 4903 1903 4974 ἀλιτήριον

312 5002 510 5055 τοῦτον
548 4997 778 5067 δαίμονα
811 4998 905 5050 τὸν
940 4997 1069 5067 παρ’
1100 4995 1276 5068 ὑμῶν,
1301 4998 1375 5060 ὼς
1424 4997 1768 5067 προείρηται,
1806 4995 1903 5048 νῐν

316 5094 616 5163 σεϐόμενον
673 5091 1099 5160 καταδραμόντα
1161 5091 1407 5160 συνήθως
1440 5107 1540 5143 κατ
1586 5091 1778 5148 Lutine-3
1829 5092 1903 5156 ὡς

314 5185 460 5238 κατᾶ
488 5184 784 5253 ἀνθρώπου
813 5182 994 5251 ψιλοῦ,
1029 5182 1386 5253 ἐχειρώσατο,
1408 5182 1502 5235 καὶ
1523 5181 1626 5236 ὥλε
1638 5199 1690 5234 σε
1721 5184 1903 5237 πᾶσαν

314 5279 489 5333 αὐτοῦ
516 5276 613 5348 τὴν
638 5276 875 5345 δύναμιν
903 5276 992 5330 διὰ
1024 5277 1120 5329 τοῦ
1147 5276 1332 5346 τιμίου
1382 5274 1550 5330 αὑτοῦ
1583 5276 1677 5330 καὶ
1728 5292 1907 5348 σωτη-

313 5371 435 5424 οίμυ
457 5368 666 5432 πάθους
699 5368 793 5422 τοῦ
827 5369 885 5422 ὲν
920 5368 996 5439 τῷ
1027 5369 1267 5441 σταυρῷ,
1292 5368 1587 5431 παιδεύσας
1613 5369 1707 5423 καὶ
1729 5370 1902 5440 ἡμᾶς,

313 5464 607 5534 θεωρητὰς
628 5464 961 5533 γε·.ομένους
1001 5467 1100 5534 τῆς
1146 5466 1302 5537 νίκης
1364 5467 1553 5534 αὐτοῦ,
1596 5469 1653 5519 ἐν
1687 5467 1785 5537 ἴσῳ
1827 5466 1904 5536 τῷ

314 5556 677 5627 ύπογραμμῷ
704 5557 1134 5629 ἁντιμὰχεσθαι,
1168 5560 1263 5613 καὶ
1297 5560 1397 5630 τὴν
1452 5558 1683 5630 δύναμιν
1733 5559 1900 5615 αὑτοῦ

312 5647 711 5703 καταϐάλλειν.
746 5648 916 5713 Λύτδς
937 5645 1031 5702 οὖν
1056 5649 1120 5702 τὰ
1150 5651 1394 5721 ἡμέτερα
1422 5651 1705 5716 ἀνεδέξατο
1731 5651 1899 5721 πάθη,

313 5739 416 5792 καὶ
450 5737 551 5808 τὴν
580 5739 775 5793 ἑαυτοῦ
807 5741 1076 5795 ἀπάθειαν
1105 5741 1420 5811 ἐδωρῂσατο
1448 5745 1576 5813 ἡμῖν
1599 5759 1612 5772 ο
1667 5746 1759 5796 καὶ
1789 5747 1902 5806 τοῖς

314 5832 372 5882 ὲν
408 5833 470 5903 τῇ
500 5834 567 5904 τῇ
601 5836 691 5887 καὶ
718 5836 825 5897 toi;
849 5836 903 5887 ἐν
942 5835 1015 5904 τῷ
1047 5834 1144 5905 ᾄδῃ
1181 5834 1273 5904 τὴν
1324 5836 1616 5891 ἐννάστατιν
1674 5838 1901 5904 χαριτέ-

2006 4638 2148 4689 servi
2194 4635 2426 4690 formam
2474 4635 2772 4707 accipiens,
2828 4640 2973 4691 etin
3032 4636 3291 4692 omnibus
3346 4637 3582 4693 effectus

2008 4725 2224 4795 iisdem,
2264 4728 2467 4797 quibus
2520 4744 2622 4784 nos
2660 4728 2906 4795 obnoxii,
2959 4728 3347 4785 affectionibus
3386 4740 3583 4800 praeter

2006 4828 2292 4888 peccatum
2330 4838 2343 4874 :
2392 4831 2445 4876 et
2493 4836 2818 4892 progressus
2866 4820 2924 4875 in
2984 4821 3088 4877 hoc
3122 4822 3246 4876 vitae
3276 4823 3576 4887 theatrum,

2006 4911 2317 4966 voluntaria
2361 4927 2459 4967 sua
2498 4920 2555 4967 et
2582 4911 2743 4982 longe
2793 4912 3201 4982 sapientissima
3249 4920 3303 4965 et
3350 4913 3581 4968 salutari

2010 5001 2320 5058 humilitate
2379 5004 2538 5059 latuit
2600 5005 2929 5061 sceleratum
2987 5006 3166 5075 ipsum
3227 5006 3527 5059 dmmonem
3564 5046 3578 5069 ,

2007 5094 2161 5164 quia
2209 5096 2382 5160 vobis,
2441 5104 2500 5150 ut
2545 5096 2756 5152 dictum
2801 5107 2906 5162 est,
2956 5097 3177 5161 colitur,
3234 5104 3289 5151 et
3330 5112 3478 5161 eum,
3527 5104 3586 5150 ut

2009 5198 2390 5251 consueverat.
2426 5198 2685 5258 tanquam
2720 5189 2929 5244 nudum
2976 5204 3041 5244 ac
3084 5189 3261 5243 solum
3299 5185 3581 5242 hominem

2010 5276 2377 5345 invadentem,
2413 5277 2563 5343 vicit,
2589 5287 2647 5333 et
2689 5278 2809 5349 eius
2848 5286 3016 5334 totam
3047 5277 3353 5349 proﬂigavit
3384 5288 3583 5348 poten-

2011 5371 2140 5427 tiam
2170 5388 2267 5442 per
2310 5388 2462 5426 suam
2510 5370 2807 5440 pretiosam
2845 5379 2900 5427 et
2926 5369 3084 5425 nobis
3132 5371 3430 5425 salutarem
3461 5387 3582 5441 pas-

2008 5465 2245 5530 sionem,
2295 5480 2458 5534 quam
2496 5464 2549 5517 in
2582 5478 2747 5518 cruce
2795 5463 2987 5526 subiit,
3046 5464 3254 5519 docens
3306 5480 3425 5529 nos,
3486 5466 3579 5535 qui

2008 5557 2213 5613 fuimus
2240 5557 2359 5628 eius
2393 5557 2641 5611 victoriae
2688 5564 3050 5626 spectatores,
3087 5556 3283 5612 eodem
3332 5560 3584 5628 exemplo

2009 5660 2197 5707 cmitra
2219 5665 2345 5705 eum
2379 5665 2641 5720 pugnare,
2669 5651 2860 5719 eteius
2903 5655 3202 5720 potentium
3247 5650 3489 5722 dejicere
3521 5666 3585 5705 ac

2009 5754 2385 5812 prosternere.
2419 5742 2537 5811 Ipse
2567 5758 2700 5812 ergo
2735 5749 2952 5797 nostras
2983 5743 3198 5812 accepit
3237 5742 3581 5807 :‘leet-tioues,

2008 5846 2060 5890 et
2091 5850 2243 5891 suam
2298 5833 2457 5890 nobis
2496 5834 2649 5889 dedit
2688 5834 3179 5899 impatihilitatcm,
3232 5850 3359 5891 cum
3404 5824 3583 5891 tamen
