  <div class='ocr_page' id='page_1' title='image "/cluster/home/n/w/nwhite01/storage/ocr_20150623/116/hvd.32044073502221/256.png"; bbox 0 0 4102 6376; ppageno 0'>
   <div class='ocr_carea' id='block_1_1' title="bbox 317 327 419 397">
    <p class='ocr_par' dir='ltr' id='par_1_1' title="bbox 317 327 419 397">
     <span class='ocr_line' id='line_1_1' title="bbox 317 327 419 397; baseline -0.059 0"><span class='ocrx_word' id='word_1_1' title='bbox 317 327 419 397; x_wconf 75' lang='lat'><strong>50!</strong></span> 
     </span>
    </p>
   </div>
   <div class='ocr_carea' id='block_1_2' title="bbox 1105 329 2735 400">
    <p class='ocr_par' dir='ltr' id='par_1_2' title="bbox 1105 329 2735 400">
     <span class='ocr_line' id='line_1_2' title="bbox 1105 329 2735 400; baseline 0.002 -9"><span class='ocrx_word' id='word_1_2' title='bbox 1105 329 1579 393; x_wconf 81' lang='lat' dir='ltr'><strong>MARTYR-IUM</strong></span> <span class='ocrx_word' id='word_1_3' title='bbox 1621 332 1681 394; x_wconf 91' lang='lat' dir='ltr'><strong>S.</strong></span> <span class='ocrx_word' id='word_1_4' title='bbox 1725 331 2150 398; x_wconf 80' lang='lat' dir='ltr'><strong>EUSTRATII</strong></span> <span class='ocrx_word' id='word_1_5' title='bbox 2191 337 2286 400; x_wconf 88' lang='lat' dir='ltr'><strong>ET</strong></span> <span class='ocrx_word' id='word_1_6' title='bbox 2322 335 2735 398; x_wconf 83' lang='lat' dir='ltr'><strong>SOCIORUM.</strong></span> 
     </span>
    </p>
   </div>
   <div class='ocr_carea' id='block_1_3' title="bbox 3468 340 3571 407">
    <p class='ocr_par' dir='ltr' id='par_1_3' title="bbox 3468 340 3571 407">
     <span class='ocr_line' id='line_1_3' title="bbox 3468 340 3571 407; baseline 0.039 -4"><span class='ocrx_word' id='word_1_7' title='bbox 3468 340 3571 407; x_wconf 82' lang='lat'><strong>502</strong></span> 
     </span>
    </p>
   </div>
   <div class='ocr_carea' id='block_1_4' title="bbox 322 439 1944 518">
    <p class='ocr_par' dir='ltr' id='par_1_4' title="bbox 322 439 1944 517">
     <span class='ocr_line' id='line_1_4' title="bbox 322 439 1944 517; baseline 0 -19"><span class='ocrx_word' id='word_1_8' title='bbox 322 443 557 516; x_wconf 76' lang='grc' dir='ltr'>πιδείξῃ.</span> <span class='ocrx_word' id='word_1_9' title='bbox 603 439 661 496; x_wconf 83' lang='grc'><strong>⁸0</strong></span> <span class='ocrx_word' id='word_1_10' title='bbox 684 439 740 494; x_wconf 68' lang='grc' dir='ltr'>δὲ</span> <span class='ocrx_word' id='word_1_11' title='bbox 764 441 920 511; x_wconf 84' lang='grc' dir='ltr'>ἀγιος</span> <span class='ocrx_word' id='word_1_12' title='bbox 959 443 1220 514; x_wconf 76' lang='grc' dir='ltr'><strong>Ὀρέστης</strong></span> <span class='ocrx_word' id='word_1_13' title='bbox 1239 445 1607 517; x_wconf 79' lang='grc' dir='ltr'><strong>ἀπαγόμενος,</strong></span> <span class='ocrx_word' id='word_1_14' title='bbox 1631 446 1895 499; x_wconf 80' lang='grc' dir='ltr'>ἐδειλίασε</span> <span class='ocrx_word' id='word_1_15' title='bbox 1925 450 1944 506; x_wconf 64' lang='grc' dir='ltr'><em>Α</em></span> 
     </span>
    </p>
   </div>
   <div class='ocr_carea' id='block_1_5' title="bbox 2032 439 3573 518">
    <p class='ocr_par' dir='ltr' id='par_1_5' title="bbox 2034 447 3573 518">
     <span class='ocr_line' id='line_1_5' title="bbox 2034 447 3573 518; baseline 0.003 -14"><span class='ocrx_word' id='word_1_16' title='bbox 2034 449 2397 518; x_wconf 88' lang='lat' dir='ltr'><strong>dduceretur,</strong></span> <span class='ocrx_word' id='word_1_17' title='bbox 2435 448 2620 504; x_wconf 91' lang='lat' dir='ltr'><strong>timuit</strong></span> <span class='ocrx_word' id='word_1_18' title='bbox 2651 464 2666 504; x_wconf 89' lang='lat'><strong>:</strong></span> <span class='ocrx_word' id='word_1_19' title='bbox 2704 457 2759 502; x_wconf 89' lang='lat' dir='ltr'><strong>et</strong></span> <span class='ocrx_word' id='word_1_20' title='bbox 2797 456 3049 504; x_wconf 89' lang='lat' dir='ltr'><strong>sanctum</strong></span> <span class='ocrx_word' id='word_1_21' title='bbox 3082 447 3309 506; x_wconf 89' lang='lat' dir='ltr'><strong>intuens</strong></span> <span class='ocrx_word' id='word_1_22' title='bbox 3338 448 3573 510; x_wconf 82' lang='lat' dir='ltr'><strong>Eustra-</strong></span> 
     </span>
    </p>
   </div>
   <div class='ocr_carea' id='block_1_6' title="bbox 320 533 1896 606">
    <p class='ocr_par' dir='ltr' id='par_1_6' title="bbox 320 533 1896 606">
     <span class='ocr_line' id='line_1_6' title="bbox 320 533 1896 606; baseline 0.001 -19"><span class='ocrx_word' id='word_1_23' title='bbox 320 535 414 588; x_wconf 75' lang='grc' dir='ltr'>καὶ</span> <span class='ocrx_word' id='word_1_24' title='bbox 445 534 842 604; x_wconf 76' lang='grc' dir='ltr'>προσεσχηκὼς</span> <span class='ocrx_word' id='word_1_25' title='bbox 862 533 940 604; x_wconf 82' lang='grc' dir='ltr'>τῷ</span> <span class='ocrx_word' id='word_1_26' title='bbox 967 533 1113 604; x_wconf 76' lang='grc' dir='ltr'>ἁγίῳ</span> <span class='ocrx_word' id='word_1_27' title='bbox 1146 536 1465 606; x_wconf 83' lang='grc' dir='ltr'>Εὑστρατίῳ</span> <span class='ocrx_word' id='word_1_28' title='bbox 1489 534 1642 590; x_wconf 83' lang='grc' dir='ltr'>εἶπεν</span> <span class='ocrx_word' id='word_1_29' title='bbox 1678 552 1692 568; x_wconf 78' lang='grc'><strong><em>⁸</em></strong></span> <span class='ocrx_word' id='word_1_30' title='bbox 1727 533 1896 599; x_wconf 82' lang='grc' dir='ltr'>Εὖξαι</span> 
     </span>
    </p>
   </div>
   <div class='ocr_carea' id='block_1_7' title="bbox 325 625 1903 698">
    <p class='ocr_par' dir='ltr' id='par_1_7' title="bbox 325 625 1903 698">
     <span class='ocr_line' id='line_1_7' title="bbox 325 625 1903 698; baseline 0.002 -20"><span class='ocrx_word' id='word_1_31' title='bbox 325 626 471 695; x_wconf 77' lang='grc' dir='ltr'>ὑπὲρ</span> <span class='ocrx_word' id='word_1_32' title='bbox 503 625 663 695; x_wconf 63' lang='grc' dir='ltr'>ἐμοῦ.</span> <span class='ocrx_word' id='word_1_33' title='bbox 697 626 781 679; x_wconf 80' lang='grc' dir='ltr'>ὅτι</span> <span class='ocrx_word' id='word_1_34' title='bbox 813 627 1014 696; x_wconf 80' lang='grc' dir='ltr'>κάμνει</span> <span class='ocrx_word' id='word_1_35' title='bbox 1050 646 1153 698; x_wconf 88' lang='grc' dir='ltr'><strong>μου</strong></span> <span class='ocrx_word' id='word_1_36' title='bbox 1194 630 1222 681; x_wconf 83' lang='grc' dir='ltr'><strong>ὁ</strong></span> <span class='ocrx_word' id='word_1_37' title='bbox 1251 628 1532 697; x_wconf 84' lang='grc' dir='ltr'>λογισμός.</span> <span class='ocrx_word' id='word_1_38' title='bbox 1590 628 1650 681; x_wconf 90' lang='lat'><strong>&#39;0</strong></span> <span class='ocrx_word' id='word_1_39' title='bbox 1677 628 1734 682; x_wconf 68' lang='grc' dir='ltr'>δὲ</span> <span class='ocrx_word' id='word_1_40' title='bbox 1763 629 1903 681; x_wconf 81' lang='grc' dir='ltr'>ἀπο-</span> 
     </span>
    </p>
   </div>
   <div class='ocr_carea' id='block_1_8' title="bbox 329 713 1900 791">
    <p class='ocr_par' dir='ltr' id='par_1_8' title="bbox 329 713 1900 791">
     <span class='ocr_line' id='line_1_8' title="bbox 329 713 1900 791; baseline 0.003 -21"><span class='ocrx_word' id='word_1_41' title='bbox 329 718 543 781; x_wconf 68' lang='grc' dir='ltr'>κριθεὶς</span> <span class='ocrx_word' id='word_1_42' title='bbox 580 713 734 771; x_wconf 75' lang='grc' dir='ltr'>εἶπεν</span> <span class='ocrx_word' id='word_1_43' title='bbox 765 719 915 790; x_wconf 74' lang='grc' dir='ltr'><strong>αὖτῷ</strong></span> <span class='ocrx_word' id='word_1_44' title='bbox 941 733 959 750; x_wconf 77' lang='grc'><strong><em>⁸</em></strong></span> <span class='ocrx_word' id='word_1_45' title='bbox 987 720 1081 791; x_wconf 80' lang='grc' dir='ltr'><strong>Μὴ</strong></span> <span class='ocrx_word' id='word_1_46' title='bbox 1109 721 1386 790; x_wconf 84' lang='grc' dir='ltr'>ὀλιγώρει,</span> <span class='ocrx_word' id='word_1_47' title='bbox 1422 719 1614 788; x_wconf 70' lang='grc' dir='ltr'>ἀδελφέ</span> <span class='ocrx_word' id='word_1_48' title='bbox 1648 719 1900 790; x_wconf 73' lang='grc' dir='ltr'>Ὀρέσταο</span> 
     </span>
    </p>
   </div>
   <div class='ocr_carea' id='block_1_9' title="bbox 329 807 1899 882">
    <p class='ocr_par' dir='ltr' id='par_1_9' title="bbox 329 807 1899 882">
     <span class='ocr_line' id='line_1_9' title="bbox 329 807 1899 882; baseline 0.005 -24"><span class='ocrx_word' id='word_1_49' title='bbox 329 809 363 876; x_wconf 75' lang='grc' dir='ltr'><strong>ἡ</strong></span> <span class='ocrx_word' id='word_1_50' title='bbox 395 807 492 860; x_wconf 88' lang='grc' dir='ltr'><strong>θέα</strong></span> <span class='ocrx_word' id='word_1_51' title='bbox 530 808 639 879; x_wconf 90' lang='grc' dir='ltr'><strong>γάρ</strong></span> <span class='ocrx_word' id='word_1_52' title='bbox 663 811 824 879; x_wconf 86' lang='grc' dir='ltr'>μόνον</span> <span class='ocrx_word' id='word_1_53' title='bbox 855 811 969 881; x_wconf 74' lang='grc' dir='ltr'>ἔχει</span> <span class='ocrx_word' id='word_1_54' title='bbox 999 811 1089 866; x_wconf 77' lang='grc' dir='ltr'>τὸν</span> <span class='ocrx_word' id='word_1_55' title='bbox 1121 812 1287 881; x_wconf 77' lang='grc' dir='ltr'>φόϐον</span> <span class='ocrx_word' id='word_1_56' title='bbox 1315 829 1330 844; x_wconf 75' lang='grc' dir='ltr'><strong><em>ο</em></strong></span> <span class='ocrx_word' id='word_1_57' title='bbox 1363 811 1617 880; x_wconf 85' lang='grc' dir='ltr'>αίσθησις</span> <span class='ocrx_word' id='word_1_58' title='bbox 1645 811 1702 865; x_wconf 82' lang='grc' dir='ltr'>δὲ</span> <span class='ocrx_word' id='word_1_59' title='bbox 1732 811 1792 864; x_wconf 83' lang='grc' dir='ltr'>οὺ</span> <span class='ocrx_word' id='word_1_60' title='bbox 1825 815 1899 882; x_wconf 80' lang='grc' dir='ltr'>μή</span> 
     </span>
    </p>
   </div>
   <div class='ocr_carea' id='block_1_10' title="bbox 332 897 1904 972">
    <p class='ocr_par' dir='ltr' id='par_1_10' title="bbox 332 897 1904 972">
     <span class='ocr_line' id='line_1_10' title="bbox 332 897 1904 972; baseline 0.003 -24"><span class='ocrx_word' id='word_1_61' title='bbox 332 914 414 949; x_wconf 88' lang='grc' dir='ltr'><strong>σοι</strong></span> <span class='ocrx_word' id='word_1_62' title='bbox 456 897 705 967; x_wconf 79' lang='grc' dir='ltr'>γένηται,</span> <span class='ocrx_word' id='word_1_63' title='bbox 748 898 844 952; x_wconf 85' lang='grc' dir='ltr'>ἐὰν</span> <span class='ocrx_word' id='word_1_64' title='bbox 895 899 1118 970; x_wconf 76' lang='grc' dir='ltr'>θαρρῶν</span> <span class='ocrx_word' id='word_1_65' title='bbox 1172 900 1478 972; x_wconf 81' lang='grc' dir='ltr'>προσέλθῃς</span> <span class='ocrx_word' id='word_1_66' title='bbox 1514 915 1527 929; x_wconf 89' lang='grc'><strong>·</strong></span> <span class='ocrx_word' id='word_1_67' title='bbox 1571 899 1904 970; x_wconf 81' lang='grc' dir='ltr'>παρίσταται</span> 
     </span>
    </p>
   </div>
   <div class='ocr_carea' id='block_1_11' title="bbox 330 989 1902 1064">
    <p class='ocr_par' dir='ltr' id='par_1_11' title="bbox 330 989 1902 1064">
     <span class='ocr_line' id='line_1_11' title="bbox 330 989 1902 1064; baseline 0.006 -26"><span class='ocrx_word' id='word_1_68' title='bbox 330 989 440 1056; x_wconf 80' lang='grc' dir='ltr'>γὰρ</span> <span class='ocrx_word' id='word_1_69' title='bbox 495 990 630 1057; x_wconf 78' lang='grc' dir='ltr'>ἡμῖν</span> <span class='ocrx_word' id='word_1_70' title='bbox 667 991 695 1042; x_wconf 85' lang='grc' dir='ltr'><strong>ὁ</strong></span> <span class='ocrx_word' id='word_1_71' title='bbox 740 990 875 1053; x_wconf 76' lang='grc' dir='ltr'>Θεὸς</span> <span class='ocrx_word' id='word_1_72' title='bbox 928 991 1140 1062; x_wconf 84' lang='grc' dir='ltr'>βοηθῶν</span> <span class='ocrx_word' id='word_1_73' title='bbox 1188 995 1284 1046; x_wconf 73' lang='grc' dir='ltr'>καὶ</span> <span class='ocrx_word' id='word_1_74' title='bbox 1345 993 1902 1064; x_wconf 78' lang='grc' dir='ltr'>ἀντιλαμϐανόμενος.</span> 
     </span>
    </p>
   </div>
   <div class='ocr_carea' id='block_1_12' title="bbox 328 1079 1908 1152">
    <p class='ocr_par' dir='ltr' id='par_1_12' title="bbox 328 1079 1908 1152">
     <span class='ocr_line' id='line_1_12' title="bbox 328 1079 1908 1152; baseline 0.004 -21"><span class='ocrx_word' id='word_1_75' title='bbox 328 1079 593 1147; x_wconf 75' lang='grc' dir='ltr'>Μέμνησο</span> <span class='ocrx_word' id='word_1_76' title='bbox 617 1081 716 1150; x_wconf 78' lang='grc' dir='ltr'>τῆς</span> <span class='ocrx_word' id='word_1_77' title='bbox 740 1081 1128 1152; x_wconf 73' lang='grc' dir='ltr'><strong>γενναιότητος</strong></span> <span class='ocrx_word' id='word_1_78' title='bbox 1173 1083 1270 1136; x_wconf 81' lang='grc' dir='ltr'><strong>τοῦ</strong></span> <span class='ocrx_word' id='word_1_79' title='bbox 1292 1084 1448 1152; x_wconf 83' lang='grc' dir='ltr'>ἁγίου</span> <span class='ocrx_word' id='word_1_80' title='bbox 1484 1085 1776 1147; x_wconf 76' lang='grc' dir='ltr'>Αὑξεντίου</span> <span class='ocrx_word' id='word_1_81' title='bbox 1815 1086 1908 1138; x_wconf 74' lang='grc' dir='ltr'><strong>καὶ</strong></span> 
     </span>
    </p>
   </div>
   <div class='ocr_carea' id='block_1_13' title="bbox 326 1169 1904 1248">
    <p class='ocr_par' dir='ltr' id='par_1_13' title="bbox 326 1169 1904 1248">
     <span class='ocr_line' id='line_1_13' title="bbox 326 1169 1904 1248; baseline 0.007 -27"><span class='ocrx_word' id='word_1_82' title='bbox 326 1169 431 1224; x_wconf 83' lang='grc' dir='ltr'><strong>τῶν</strong></span> <span class='ocrx_word' id='word_1_83' title='bbox 476 1170 681 1225; x_wconf 61' lang='lat' dir='ltr'><strong>lous-3v</strong></span> <span class='ocrx_word' id='word_1_84' title='bbox 738 1174 931 1242; x_wconf 88' lang='grc' dir='ltr'>ἀγίων,</span> <span class='ocrx_word' id='word_1_85' title='bbox 987 1176 1082 1228; x_wconf 79' lang='grc' dir='ltr'>καὶ</span> <span class='ocrx_word' id='word_1_86' title='bbox 1136 1174 1211 1245; x_wconf 76' lang='grc' dir='ltr'><strong>μὴ</strong></span> <span class='ocrx_word' id='word_1_87' title='bbox 1265 1178 1660 1246; x_wconf 73' lang='grc' dir='ltr'>χείρωντινὸς</span> <span class='ocrx_word' id='word_1_88' title='bbox 1702 1181 1904 1248; x_wconf 81' lang='grc' dir='ltr'>φανῇς·</span> 
     </span>
    </p>
   </div>
   <div class='ocr_carea' id='block_1_14' title="bbox 332 1263 1907 1340">
    <p class='ocr_par' dir='ltr' id='par_1_14' title="bbox 332 1263 1907 1340">
     <span class='ocr_line' id='line_1_14' title="bbox 332 1263 1907 1340; baseline 0.006 -28"><span class='ocrx_word' id='word_1_89' title='bbox 332 1265 531 1330; x_wconf 83' lang='grc' dir='ltr'>μικρὸν</span> <span class='ocrx_word' id='word_1_90' title='bbox 560 1263 689 1332; x_wconf 72' lang='grc' dir='ltr'>γὰρ,</span> <span class='ocrx_word' id='word_1_91' title='bbox 719 1264 914 1333; x_wconf 71' lang='grc' dir='ltr'>μικρὸν</span> <span class='ocrx_word' id='word_1_92' title='bbox 942 1266 1069 1318; x_wconf 79' lang='grc' dir='ltr'>ὅσον</span> <span class='ocrx_word' id='word_1_93' title='bbox 1100 1267 1196 1320; x_wconf 80' lang='grc' dir='ltr'>καὶ</span> <span class='ocrx_word' id='word_1_94' title='bbox 1226 1267 1466 1338; x_wconf 73' lang='grc' dir='ltr'><strong>ἐκλείψει</strong></span> <span class='ocrx_word' id='word_1_95' title='bbox 1497 1269 1669 1322; x_wconf 83' lang='grc' dir='ltr'>ταῦτα</span> <span class='ocrx_word' id='word_1_96' title='bbox 1703 1282 1719 1301; x_wconf 82' lang='grc'><strong>’</strong></span> <span class='ocrx_word' id='word_1_97' title='bbox 1755 1271 1907 1340; x_wconf 84' lang='grc' dir='ltr'>μένει</span> 
     </span>
    </p>
   </div>
   <div class='ocr_carea' id='block_1_15' title="bbox 333 1352 1908 1431">
    <p class='ocr_par' dir='ltr' id='par_1_15' title="bbox 333 1352 1908 1431">
     <span class='ocr_line' id='line_1_15' title="bbox 333 1352 1908 1431; baseline 0.007 -28"><span class='ocrx_word' id='word_1_98' title='bbox 333 1352 386 1404; x_wconf 68' lang='grc' dir='ltr'>δὲ</span> <span class='ocrx_word' id='word_1_99' title='bbox 418 1355 552 1423; x_wconf 79' lang='grc' dir='ltr'>ἡμῖν</span> <span class='ocrx_word' id='word_1_100' title='bbox 584 1356 643 1406; x_wconf 83' lang='grc' dir='ltr'>ἐν</span> <span class='ocrx_word' id='word_1_101' title='bbox 671 1355 922 1424; x_wconf 74' lang='grc' dir='ltr'><strong>οὐρανοῖς</strong></span> <span class='ocrx_word' id='word_1_102' title='bbox 972 1357 1246 1430; x_wconf 81' lang='grc' dir='ltr'>θησαυρὸς</span> <span class='ocrx_word' id='word_1_103' title='bbox 1285 1359 1667 1431; x_wconf 76' lang='grc' dir='ltr'>ἀτελεύτητος.</span> <span class='ocrx_word' id='word_1_104' title='bbox 1720 1359 1908 1414; x_wconf 81' lang='grc' dir='ltr'>Ταῦτα</span> 
     </span>
    </p>
   </div>
   <div class='ocr_carea' id='block_1_16' title="bbox 336 1446 1910 1525">
    <p class='ocr_par' dir='ltr' id='par_1_16' title="bbox 336 1446 1910 1525">
     <span class='ocr_line' id='line_1_16' title="bbox 336 1446 1910 1525; baseline 0.006 -29"><span class='ocrx_word' id='word_1_105' title='bbox 336 1446 580 1508; x_wconf 76' lang='grc' dir='ltr'>ἀκούσας</span> <span class='ocrx_word' id='word_1_106' title='bbox 644 1448 673 1500; x_wconf 84' lang='grc' dir='ltr'>ὁ</span> <span class='ocrx_word' id='word_1_107' title='bbox 746 1448 1010 1520; x_wconf 80' lang='grc' dir='ltr'><strong>Ὀρέστης</strong></span> <span class='ocrx_word' id='word_1_108' title='bbox 1065 1451 1360 1524; x_wconf 77' lang='grc' dir='ltr'><strong>ἐθάρσησε,</strong></span> <span class='ocrx_word' id='word_1_109' title='bbox 1418 1455 1511 1510; x_wconf 53' lang='grc' dir='ltr'>καὶ</span> <span class='ocrx_word' id='word_1_110' title='bbox 1567 1454 1799 1525; x_wconf 76' lang='grc' dir='ltr'><strong>ἀνδρείῳ</strong></span> <span class='ocrx_word' id='word_1_111' title='bbox 1833 1455 1910 1524; x_wconf 83' lang='grc' dir='ltr'>τῷ</span> 
     </span>
    </p>
   </div>
   <div class='ocr_carea' id='block_1_17' title="bbox 336 1539 1912 1616">
    <p class='ocr_par' dir='ltr' id='par_1_17' title="bbox 336 1539 1912 1616">
     <span class='ocr_line' id='line_1_17' title="bbox 336 1539 1912 1616; baseline 0.008 -28"><span class='ocrx_word' id='word_1_112' title='bbox 336 1539 656 1607; x_wconf 72' lang='grc' dir='ltr'>φρονήματι</span> <span class='ocrx_word' id='word_1_113' title='bbox 688 1541 1010 1608; x_wconf 83' lang='grc' dir='ltr'>προσελθὼν</span> <span class='ocrx_word' id='word_1_114' title='bbox 1043 1543 1235 1614; x_wconf 71' lang='grc' dir='ltr'>ἥλατο,</span> <span class='ocrx_word' id='word_1_115' title='bbox 1274 1545 1371 1598; x_wconf 81' lang='grc' dir='ltr'>καὶ</span> <span class='ocrx_word' id='word_1_116' title='bbox 1410 1545 1543 1616; x_wconf 79' lang='grc' dir='ltr'>ἔστη</span> <span class='ocrx_word' id='word_1_117' title='bbox 1585 1545 1768 1600; x_wconf 74' lang='grc' dir='ltr'>ἐπάνω</span> <span class='ocrx_word' id='word_1_118' title='bbox 1816 1545 1912 1600; x_wconf 81' lang='grc' dir='ltr'>τοῦ</span> 
     </span>
    </p>
   </div>
   <div class='ocr_carea' id='block_1_18' title="bbox 342 1633 1917 1704">
    <p class='ocr_par' dir='ltr' id='par_1_18' title="bbox 342 1633 1917 1704">
     <span class='ocr_line' id='line_1_18' title="bbox 342 1633 1917 1704; baseline 0.007 -23"><span class='ocrx_word' id='word_1_119' title='bbox 342 1633 858 1702; x_wconf 72' lang='grc' dir='ltr'><strong>πεπυρακτωμένον</strong></span> <span class='ocrx_word' id='word_1_120' title='bbox 914 1635 1230 1704; x_wconf 84' lang='grc' dir='ltr'>κραϐϐἁτου</span> <span class='ocrx_word' id='word_1_121' title='bbox 1287 1639 1502 1692; x_wconf 68' lang='grc' dir='ltr'>ἐκείνου</span> <span class='ocrx_word' id='word_1_122' title='bbox 1533 1679 1548 1704; x_wconf 96' lang='grc'><strong>,</strong></span> <span class='ocrx_word' id='word_1_123' title='bbox 1600 1638 1697 1692; x_wconf 72' lang='grc' dir='ltr'>καὶ</span> <span class='ocrx_word' id='word_1_124' title='bbox 1746 1655 1917 1692; x_wconf 84' lang='grc' dir='ltr'>κατα-</span> 
     </span>
    </p>
   </div>
   <div class='ocr_carea' id='block_1_19' title="bbox 341 1722 1910 1802">
    <p class='ocr_par' dir='ltr' id='par_1_19' title="bbox 341 1722 1910 1802">
     <span class='ocr_line' id='line_1_19' title="bbox 341 1722 1910 1802; baseline 0.009 -31"><span class='ocrx_word' id='word_1_125' title='bbox 341 1722 658 1790; x_wconf 61' lang='grc' dir='ltr'>σφραγίαας</span> <span class='ocrx_word' id='word_1_126' title='bbox 704 1725 922 1790; x_wconf 81' lang='grc' dir='ltr'>ἑαυτὸν,</span> <span class='ocrx_word' id='word_1_127' title='bbox 959 1727 1274 1796; x_wconf 79' lang='grc' dir='ltr'><strong>παραυτίκα</strong></span> <span class='ocrx_word' id='word_1_128' title='bbox 1314 1729 1648 1795; x_wconf 75' lang='grc' dir='ltr'><strong>ἀνακλιθεὶς,</strong></span> <span class='ocrx_word' id='word_1_129' title='bbox 1683 1730 1910 1802; x_wconf 82' lang='grc' dir='ltr'>ήπλώθη</span> 
     </span>
    </p>
   </div>
   <div class='ocr_carea' id='block_1_20' title="bbox 329 1789 1990 1890">
    <p class='ocr_par' dir='ltr' id='par_1_20' title="bbox 329 1789 1990 1890">
     <span class='ocr_line' id='line_1_20' title="bbox 329 1789 1990 1890; baseline 0.007 -30"><span class='ocrx_word' id='word_1_130' title='bbox 329 1789 438 1876; x_wconf 56' lang='lat' dir='ltr'><strong>biga</strong></span> <span class='ocrx_word' id='word_1_131' title='bbox 493 1809 571 1879; x_wconf 86' lang='grc' dir='ltr'>τῷ</span> <span class='ocrx_word' id='word_1_132' title='bbox 619 1811 833 1882; x_wconf 87' lang='grc' dir='ltr'>σώματι</span> <span class='ocrx_word' id='word_1_133' title='bbox 886 1789 980 1868; x_wconf 66' lang='grc' dir='ltr'><strong>ἐπὶ</strong></span> <span class='ocrx_word' id='word_1_134' title='bbox 1031 1789 1126 1869; x_wconf 76' lang='grc' dir='ltr'>τοῦ</span> <span class='ocrx_word' id='word_1_135' title='bbox 1199 1818 1394 1886; x_wconf 77' lang='grc' dir='ltr'>πυρὸς,</span> <span class='ocrx_word' id='word_1_136' title='bbox 1423 1819 1520 1873; x_wconf 60' lang='grc' dir='ltr'><strong>καλ⁸</strong></span> <span class='ocrx_word' id='word_1_137' title='bbox 1539 1789 1682 1872; x_wconf 76' lang='grc' dir='ltr'>οὕτω</span> <span class='ocrx_word' id='word_1_138' title='bbox 1706 1789 1915 1890; x_wconf 72' lang='grc' dir='ltr'>κράξας</span> <span class='ocrx_word' id='word_1_139' title='bbox 1948 1789 1990 1846; x_wconf 74' lang='grc' dir='ltr'><strong>Β</strong></span> 
     </span>
    </p>
   </div>
   <div class='ocr_carea' id='block_1_21' title="bbox 341 1904 1915 1983">
    <p class='ocr_par' dir='ltr' id='par_1_21' title="bbox 341 1904 1915 1983">
     <span class='ocr_line' id='line_1_21' title="bbox 341 1904 1915 1983; baseline 0.01 -32"><span class='ocrx_word' id='word_1_140' title='bbox 341 1905 494 1971; x_wconf 73' lang='grc' dir='ltr'>φωνῇ</span> <span class='ocrx_word' id='word_1_141' title='bbox 530 1904 765 1977; x_wconf 79' lang='grc' dir='ltr'>μεγάλῃ,</span> <span class='ocrx_word' id='word_1_142' title='bbox 797 1907 992 1975; x_wconf 83' lang='grc' dir='ltr'>Κύριε,</span> <span class='ocrx_word' id='word_1_143' title='bbox 1054 1910 1134 1973; x_wconf 86' lang='grc' dir='ltr'><strong>είς</strong></span> <span class='ocrx_word' id='word_1_144' title='bbox 1203 1913 1394 1982; x_wconf 77' lang='grc' dir='ltr'>χεῖρας</span> <span class='ocrx_word' id='word_1_145' title='bbox 1427 1928 1523 1964; x_wconf 89' lang='grc' dir='ltr'><strong>σου</strong></span> <span class='ocrx_word' id='word_1_146' title='bbox 1567 1912 1915 1983; x_wconf 85' lang='grc' dir='ltr'>παρατίθημι</span> 
     </span>
    </p>
   </div>
   <div class='ocr_carea' id='block_1_22' title="bbox 332 1992 1916 2074">
    <p class='ocr_par' dir='ltr' id='par_1_22' title="bbox 332 1992 1916 2074">
     <span class='ocr_line' id='line_1_22' title="bbox 332 1992 1916 2074; baseline 0.009 -30"><span class='ocrx_word' id='word_1_147' title='bbox 332 1992 395 2045; x_wconf 67' lang='grc' dir='ltr'>τὸ</span> <span class='ocrx_word' id='word_1_148' title='bbox 419 1994 640 2063; x_wconf 77' lang='grc' dir='ltr'>πνεῦμά</span> <span class='ocrx_word' id='word_1_149' title='bbox 680 2014 803 2064; x_wconf 86' lang='grc' dir='ltr'>μου,</span> <span class='ocrx_word' id='word_1_150' title='bbox 858 1999 1142 2070; x_wconf 85' lang='grc' dir='ltr'>παρέδωκε</span> <span class='ocrx_word' id='word_1_151' title='bbox 1193 2001 1293 2072; x_wconf 82' lang='grc' dir='ltr'>τὴν</span> <span class='ocrx_word' id='word_1_152' title='bbox 1323 2003 1522 2073; x_wconf 77' lang='grc' dir='ltr'>ψυχήν.</span> <span class='ocrx_word' id='word_1_153' title='bbox 1562 2003 1916 2074; x_wconf 82' lang='grc' dir='ltr'>Ἐπεφὼνησε</span> 
     </span>
    </p>
   </div>
   <div class='ocr_carea' id='block_1_23' title="bbox 335 2084 1918 2166">
    <p class='ocr_par' dir='ltr' id='par_1_23' title="bbox 335 2084 1918 2166">
     <span class='ocr_line' id='line_1_23' title="bbox 335 2084 1918 2166; baseline 0.009 -31"><span class='ocrx_word' id='word_1_154' title='bbox 335 2084 391 2136; x_wconf 76' lang='grc' dir='ltr'>δὲ</span> <span class='ocrx_word' id='word_1_155' title='bbox 419 2085 565 2155; x_wconf 75' lang='grc' dir='ltr'><strong>αὐτῷ</strong></span> <span class='ocrx_word' id='word_1_156' title='bbox 596 2088 624 2139; x_wconf 86' lang='grc' dir='ltr'>ὁ</span> <span class='ocrx_word' id='word_1_157' title='bbox 653 2087 808 2156; x_wconf 79' lang='grc' dir='ltr'>ἅγιος</span> <span class='ocrx_word' id='word_1_158' title='bbox 859 2091 1198 2162; x_wconf 83' lang='grc' dir='ltr'>Εὑστράτιος</span> <span class='ocrx_word' id='word_1_159' title='bbox 1245 2094 1306 2147; x_wconf 82' lang='grc' dir='ltr'>τὸ</span> <span class='ocrx_word' id='word_1_160' title='bbox 1370 2094 1565 2166; x_wconf 83' lang='grc' dir='ltr'>Ἀμήν.</span> <span class='ocrx_word' id='word_1_161' title='bbox 1637 2095 1752 2149; x_wconf 75' lang='grc' dir='ltr'><strong>Καὶ</strong></span> <span class='ocrx_word' id='word_1_162' title='bbox 1782 2096 1918 2165; x_wconf 84' lang='grc' dir='ltr'><strong>μετά</strong></span> 
     </span>
    </p>
   </div>
   <div class='ocr_carea' id='block_1_24' title="bbox 335 2178 1920 2258">
    <p class='ocr_par' dir='ltr' id='par_1_24' title="bbox 335 2178 1920 2258">
     <span class='ocr_line' id='line_1_24' title="bbox 335 2178 1920 2258; baseline 0.009 -31"><span class='ocrx_word' id='word_1_163' title='bbox 335 2178 514 2229; x_wconf 81' lang='grc' dir='ltr'>ταῦτα</span> <span class='ocrx_word' id='word_1_164' title='bbox 549 2181 889 2249; x_wconf 80' lang='grc' dir='ltr'>προτέταξεν</span> <span class='ocrx_word' id='word_1_165' title='bbox 918 2185 946 2236; x_wconf 82' lang='grc' dir='ltr'>ὁ</span> <span class='ocrx_word' id='word_1_166' title='bbox 986 2185 1216 2253; x_wconf 76' lang='grc' dir='ltr'>ἡγεμὼν</span> <span class='ocrx_word' id='word_1_167' title='bbox 1246 2185 1338 2239; x_wconf 78' lang='grc' dir='ltr'>τὸν</span> <span class='ocrx_word' id='word_1_168' title='bbox 1378 2186 1536 2256; x_wconf 75' lang='grc' dir='ltr'>ἄγων</span> <span class='ocrx_word' id='word_1_169' title='bbox 1584 2187 1920 2258; x_wconf 81' lang='grc' dir='ltr'>Εὑστράτιον</span> 
     </span>
    </p>
   </div>
   <div class='ocr_carea' id='block_1_25' title="bbox 341 2270 1921 2350">
    <p class='ocr_par' dir='ltr' id='par_1_25' title="bbox 341 2270 1921 2350">
     <span class='ocr_line' id='line_1_25' title="bbox 341 2270 1921 2350; baseline 0.008 -31"><span class='ocrx_word' id='word_1_170' title='bbox 341 2272 422 2331; x_wconf 80' lang='grc' dir='ltr'>εἰς</span> <span class='ocrx_word' id='word_1_171' title='bbox 471 2270 571 2340; x_wconf 79' lang='grc' dir='ltr'>τὴν</span> <span class='ocrx_word' id='word_1_172' title='bbox 631 2273 879 2344; x_wconf 78' lang='grc' dir='ltr'>φρουρὰν</span> <span class='ocrx_word' id='word_1_173' title='bbox 933 2276 1332 2347; x_wconf 77' lang='grc' dir='ltr'>εἰσενεχθῆναι.</span> <span class='ocrx_word' id='word_1_174' title='bbox 1371 2279 1585 2349; x_wconf 72' lang='grc' dir='ltr'>Ἀχθεὶς</span> <span class='ocrx_word' id='word_1_175' title='bbox 1613 2279 1769 2343; x_wconf 77' lang='grc' dir='ltr'>δὲείς</span> <span class='ocrx_word' id='word_1_176' title='bbox 1820 2280 1921 2350; x_wconf 82' lang='grc' dir='ltr'>τὴν</span> 
     </span>
    </p>
   </div>
   <div class='ocr_carea' id='block_1_26' title="bbox 344 2362 1922 2441">
    <p class='ocr_par' dir='ltr' id='par_1_26' title="bbox 344 2362 1922 2441">
     <span class='ocr_line' id='line_1_26' title="bbox 344 2362 1922 2441; baseline 0.006 -27"><span class='ocrx_word' id='word_1_177' title='bbox 344 2362 617 2434; x_wconf 75' lang='grc' dir='ltr'>φυλακὴν,</span> <span class='ocrx_word' id='word_1_178' title='bbox 668 2366 763 2419; x_wconf 76' lang='grc' dir='ltr'>καὶ</span> <span class='ocrx_word' id='word_1_179' title='bbox 791 2366 889 2430; x_wconf 72' lang='grc' dir='ltr'><strong>τὰς</strong></span> <span class='ocrx_word' id='word_1_180' title='bbox 934 2367 1192 2438; x_wconf 80' lang='grc' dir='ltr'><strong>συνήθεις</strong></span> <span class='ocrx_word' id='word_1_181' title='bbox 1225 2369 1301 2440; x_wconf 89' lang='grc' dir='ltr'>τῷ</span> <span class='ocrx_word' id='word_1_182' title='bbox 1328 2370 1448 2441; x_wconf 80' lang='grc' dir='ltr'><strong>Θεῷ</strong></span> <span class='ocrx_word' id='word_1_183' title='bbox 1472 2371 1803 2441; x_wconf 69' lang='grc' dir='ltr'>ἀναπέμψας</span> <span class='ocrx_word' id='word_1_184' title='bbox 1832 2371 1922 2424; x_wconf 76' lang='grc' dir='ltr'><strong>εὑο</strong></span> 
     </span>
    </p>
   </div>
   <div class='ocr_carea' id='block_1_27' title="bbox 350 2454 1922 2532">
    <p class='ocr_par' dir='ltr' id='par_1_27' title="bbox 350 2454 1922 2532">
     <span class='ocr_line' id='line_1_27' title="bbox 350 2454 1922 2532; baseline 0.006 -25"><span class='ocrx_word' id='word_1_185' title='bbox 350 2454 473 2520; x_wconf 65' lang='grc' dir='ltr'>χᾶς,</span> <span class='ocrx_word' id='word_1_186' title='bbox 509 2455 735 2509; x_wconf 70' lang='grc' dir='ltr'>ἐκάλεσε</span> <span class='ocrx_word' id='word_1_187' title='bbox 795 2459 886 2512; x_wconf 76' lang='grc' dir='ltr'>τὸν</span> <span class='ocrx_word' id='word_1_188' title='bbox 937 2460 1168 2514; x_wconf 81' lang='grc' dir='ltr'>συνόντα</span> <span class='ocrx_word' id='word_1_189' title='bbox 1194 2462 1344 2532; x_wconf 81' lang='grc' dir='ltr'>αὐτῷ</span> <span class='ocrx_word' id='word_1_190' title='bbox 1383 2463 1621 2531; x_wconf 76' lang='grc' dir='ltr'>οἰκέτην,</span> <span class='ocrx_word' id='word_1_191' title='bbox 1653 2462 1746 2516; x_wconf 78' lang='grc' dir='ltr'>καὶ</span> <span class='ocrx_word' id='word_1_192' title='bbox 1775 2463 1922 2531; x_wconf 81' lang='grc' dir='ltr'>λέγει</span> 
     </span>
    </p>
   </div>
   <div class='ocr_carea' id='block_1_28' title="bbox 342 2546 1922 2624">
    <p class='ocr_par' dir='ltr' id='par_1_28' title="bbox 342 2546 1922 2624">
     <span class='ocr_line' id='line_1_28' title="bbox 342 2546 1922 2624; baseline 0.013 -29"><span class='ocrx_word' id='word_1_193' title='bbox 342 2546 495 2615; x_wconf 75' lang='grc' dir='ltr'><strong>αὖτῷ</strong></span> <span class='ocrx_word' id='word_1_194' title='bbox 530 2565 544 2582; x_wconf 77' lang='grc' dir='ltr'><strong>ι</strong></span> <span class='ocrx_word' id='word_1_195' title='bbox 571 2549 729 2618; x_wconf 80' lang='grc' dir='ltr'>Φέρε,</span> <span class='ocrx_word' id='word_1_196' title='bbox 790 2550 1000 2618; x_wconf 85' lang='grc' dir='ltr'>τέκνον,</span> <span class='ocrx_word' id='word_1_197' title='bbox 1031 2552 1326 2623; x_wconf 77' lang='grc' dir='ltr'>διὰθωμαι·</span> <span class='ocrx_word' id='word_1_198' title='bbox 1390 2553 1598 2618; x_wconf 80' lang='grc' dir='ltr'>ἐλπίζω</span> <span class='ocrx_word' id='word_1_199' title='bbox 1631 2556 1738 2624; x_wconf 78' lang='grc' dir='ltr'>γὰρ</span> <span class='ocrx_word' id='word_1_200' title='bbox 1769 2553 1922 2624; x_wconf 73' lang='grc' dir='ltr'>κάγὼ</span> 
     </span>
    </p>
   </div>
   <div class='ocr_carea' id='block_1_29' title="bbox 345 2637 1922 2718">
    <p class='ocr_par' dir='ltr' id='par_1_29' title="bbox 345 2637 1922 2718">
     <span class='ocr_line' id='line_1_29' title="bbox 345 2637 1922 2718; baseline 0.008 -29"><span class='ocrx_word' id='word_1_201' title='bbox 345 2641 411 2709; x_wconf 72' lang='grc' dir='ltr'>τῇ</span> <span class='ocrx_word' id='word_1_202' title='bbox 465 2637 656 2708; x_wconf 73' lang='grc' dir='ltr'>αὔριον</span> <span class='ocrx_word' id='word_1_203' title='bbox 707 2645 1052 2714; x_wconf 77' lang='grc' dir='ltr'>παραστῆναι</span> <span class='ocrx_word' id='word_1_204' title='bbox 1108 2645 1185 2714; x_wconf 80' lang='grc' dir='ltr'>τῷ</span> <span class='ocrx_word' id='word_1_205' title='bbox 1247 2647 1489 2718; x_wconf 70' lang='grc' dir='ltr'>Δεσπὸτῃ</span> <span class='ocrx_word' id='word_1_206' title='bbox 1523 2664 1626 2716; x_wconf 87' lang='grc' dir='ltr'><strong>μου</strong></span> <span class='ocrx_word' id='word_1_207' title='bbox 1680 2648 1922 2717; x_wconf 81' lang='grc' dir='ltr'>Χριστῷ.</span> 
     </span>
    </p>
   </div>
   <div class='ocr_carea' id='block_1_30' title="bbox 424 2733 1926 2810">
    <p class='ocr_par' dir='ltr' id='par_1_30' title="bbox 424 2733 1926 2810">
     <span class='ocr_line' id='line_1_30' title="bbox 424 2733 1926 2810; baseline 0.005 -24"><span class='ocrx_word' id='word_1_208' title='bbox 424 2733 560 2786; x_wconf 75' lang='lat' dir='ltr'><strong>KG&#39;.</strong></span> <span class='ocrx_word' id='word_1_209' title='bbox 598 2735 937 2805; x_wconf 59' lang='lat' dir='ltr'><strong>&#39;EvsXOéwo;</strong></span> <span class='ocrx_word' id='word_1_210' title='bbox 977 2737 1032 2790; x_wconf 83' lang='grc' dir='ltr'>δὲ</span> <span class='ocrx_word' id='word_1_211' title='bbox 1065 2739 1212 2809; x_wconf 83' lang='grc' dir='ltr'><strong>αὐτῷ</strong></span> <span class='ocrx_word' id='word_1_212' title='bbox 1241 2738 1464 2808; x_wconf 83' lang='grc' dir='ltr'>χάρτου,</span> <span class='ocrx_word' id='word_1_213' title='bbox 1493 2741 1698 2794; x_wconf 82' lang='grc' dir='ltr'>διέθετο</span> <span class='ocrx_word' id='word_1_214' title='bbox 1748 2742 1926 2810; x_wconf 76' lang='grc' dir='ltr'>σημά-</span> 
     </span>
    </p>
   </div>
   <div class='ocr_carea' id='block_1_31' title="bbox 341 2827 1923 2900">
    <p class='ocr_par' dir='ltr' id='par_1_31' title="bbox 341 2827 1923 2900">
     <span class='ocr_line' id='line_1_31' title="bbox 341 2827 1923 2900; baseline 0.006 -23"><span class='ocrx_word' id='word_1_215' title='bbox 341 2842 437 2888; x_wconf 75' lang='grc' dir='ltr'><strong>νας</strong></span> <span class='ocrx_word' id='word_1_216' title='bbox 470 2827 527 2877; x_wconf 84' lang='grc' dir='ltr'>ἐν</span> <span class='ocrx_word' id='word_1_217' title='bbox 579 2827 745 2896; x_wconf 75' lang='grc' dir='ltr'>αὐτῷ,</span> <span class='ocrx_word' id='word_1_218' title='bbox 801 2828 944 2881; x_wconf 77' lang='grc' dir='ltr'>ὥστε</span> <span class='ocrx_word' id='word_1_219' title='bbox 999 2832 1058 2882; x_wconf 76' lang='grc' dir='ltr'><strong>τὸ</strong></span> <span class='ocrx_word' id='word_1_220' title='bbox 1101 2831 1256 2898; x_wconf 81' lang='grc' dir='ltr'>ἆγιον</span> <span class='ocrx_word' id='word_1_221' title='bbox 1325 2831 1490 2884; x_wconf 81' lang='grc' dir='ltr'>αὐτοῦ</span> <span class='ocrx_word' id='word_1_222' title='bbox 1541 2831 1794 2900; x_wconf 74' lang='grc' dir='ltr'>λεὶψανον</span> <span class='ocrx_word' id='word_1_223' title='bbox 1845 2834 1923 2896; x_wconf 83' lang='grc' dir='ltr'><strong>είς</strong></span> 
     </span>
    </p>
   </div>
   <div class='ocr_carea' id='block_1_32' title="bbox 343 2917 1925 2992">
    <p class='ocr_par' dir='ltr' id='par_1_32' title="bbox 343 2917 1925 2992">
     <span class='ocr_line' id='line_1_32' title="bbox 343 2917 1925 2992; baseline 0.005 -24"><span class='ocrx_word' id='word_1_224' title='bbox 343 2917 442 2986; x_wconf 80' lang='grc' dir='ltr'>τὴν</span> <span class='ocrx_word' id='word_1_225' title='bbox 500 2919 926 2990; x_wconf 70' lang='grc' dir='ltr'>Ἀραυρακηνῶν</span> <span class='ocrx_word' id='word_1_226' title='bbox 1005 2921 1451 2991; x_wconf 79' lang='grc' dir='ltr'>ἁποκομισθῆναι</span> <span class='ocrx_word' id='word_1_227' title='bbox 1525 2923 1788 2992; x_wconf 80' lang='grc' dir='ltr'>πολίχνην</span> <span class='ocrx_word' id='word_1_228' title='bbox 1832 2924 1925 2976; x_wconf 74' lang='grc' dir='ltr'>καὶ</span> 
     </span>
    </p>
   </div>
   <div class='ocr_carea' id='block_1_33' title="bbox 347 3009 1926 3081">
    <p class='ocr_par' dir='ltr' id='par_1_33' title="bbox 347 3009 1926 3081">
     <span class='ocr_line' id='line_1_33' title="bbox 347 3009 1926 3081; baseline 0.006 -26"><span class='ocrx_word' id='word_1_229' title='bbox 347 3009 722 3076; x_wconf 75' lang='grc' dir='ltr'>κατατεθῆναι</span> <span class='ocrx_word' id='word_1_230' title='bbox 767 3011 905 3065; x_wconf 80' lang='grc' dir='ltr'>ἐκεῖ.</span> <span class='ocrx_word' id='word_1_231' title='bbox 968 3011 1173 3081; x_wconf 70' lang='grc' dir='ltr'>Μηδενὶ</span> <span class='ocrx_word' id='word_1_232' title='bbox 1213 3011 1269 3064; x_wconf 79' lang='grc' dir='ltr'>δὲ</span> <span class='ocrx_word' id='word_1_233' title='bbox 1325 3013 1526 3075; x_wconf 75' lang='grc' dir='ltr'>ἐξεῖναι</span> <span class='ocrx_word' id='word_1_234' title='bbox 1590 3015 1650 3066; x_wconf 86' lang='grc' dir='ltr'>τὸ</span> <span class='ocrx_word' id='word_1_235' title='bbox 1707 3013 1926 3066; x_wconf 63' lang='grc' dir='ltr'>σύνολον</span> 
     </span>
    </p>
   </div>
   <div class='ocr_carea' id='block_1_34' title="bbox 2011 541 3573 617">
    <p class='ocr_par' dir='ltr' id='par_1_34' title="bbox 2011 541 3573 617">
     <span class='ocr_line' id='line_1_34' title="bbox 2011 541 3573 617; baseline 0.003 -21"><span class='ocrx_word' id='word_1_236' title='bbox 2011 543 2170 609; x_wconf 86' lang='lat' dir='ltr'><strong>tium,</strong></span> <span class='ocrx_word' id='word_1_237' title='bbox 2199 543 2337 598; x_wconf 63' lang='lat' dir='ltr'><strong>dixit</strong></span> <span class='ocrx_word' id='word_1_238' title='bbox 2369 560 2382 595; x_wconf 92' lang='lat'><strong>:</strong></span> <span class='ocrx_word' id='word_1_239' title='bbox 2419 543 2526 599; x_wconf 93' lang='lat' dir='ltr'><strong>Ora</strong></span> <span class='ocrx_word' id='word_1_240' title='bbox 2554 557 2653 612; x_wconf 89' lang='lat' dir='ltr'><strong>pro</strong></span> <span class='ocrx_word' id='word_1_241' title='bbox 2687 557 2806 606; x_wconf 89' lang='lat' dir='ltr'><strong>me;</strong></span> <span class='ocrx_word' id='word_1_242' title='bbox 2845 541 3059 597; x_wconf 78' lang='lat' dir='ltr'><strong>laborat</strong></span> <span class='ocrx_word' id='word_1_243' title='bbox 3086 542 3235 597; x_wconf 91' lang='lat' dir='ltr'><strong>enim</strong></span> <span class='ocrx_word' id='word_1_244' title='bbox 3263 544 3396 598; x_wconf 84' lang='lat' dir='ltr'><strong>mihi</strong></span> <span class='ocrx_word' id='word_1_245' title='bbox 3419 546 3573 617; x_wconf 84' lang='lat' dir='ltr'><strong>cogi-</strong></span> 
     </span>
    </p>
   </div>
   <div class='ocr_carea' id='block_1_35' title="bbox 2007 633 3574 702">
    <p class='ocr_par' dir='ltr' id='par_1_35' title="bbox 2007 633 3574 702">
     <span class='ocr_line' id='line_1_35' title="bbox 2007 633 3574 702; baseline 0.001 -13"><span class='ocrx_word' id='word_1_246' title='bbox 2007 635 2159 689; x_wconf 89' lang='lat' dir='ltr'><strong>tatio.</strong></span> <span class='ocrx_word' id='word_1_247' title='bbox 2207 634 2442 690; x_wconf 88' lang='lat' dir='ltr'><strong>Sanctus</strong></span> <span class='ocrx_word' id='word_1_248' title='bbox 2485 642 2668 688; x_wconf 88' lang='lat' dir='ltr'><strong>antem</strong></span> <span class='ocrx_word' id='word_1_249' title='bbox 2713 633 3003 702; x_wconf 87' lang='lat' dir='ltr'><strong>respondit</strong></span> <span class='ocrx_word' id='word_1_250' title='bbox 3033 634 3347 690; x_wconf 86' lang='lat' dir='ltr'><strong>Eustratius</strong></span> <span class='ocrx_word' id='word_1_251' title='bbox 3385 653 3399 689; x_wconf 90' lang='lat'><strong>:</strong></span> <span class='ocrx_word' id='word_1_252' title='bbox 3446 635 3574 690; x_wconf 86' lang='lat' dir='ltr'><strong>Noli</strong></span> 
     </span>
    </p>
   </div>
   <div class='ocr_carea' id='block_1_36' title="bbox 2007 721 3574 794">
    <p class='ocr_par' dir='ltr' id='par_1_36' title="bbox 2007 721 3574 794">
     <span class='ocr_line' id='line_1_36' title="bbox 2007 721 3574 794; baseline 0.001 -15"><span class='ocrx_word' id='word_1_253' title='bbox 2007 726 2252 779; x_wconf 89' lang='lat' dir='ltr'><strong>animum</strong></span> <span class='ocrx_word' id='word_1_254' title='bbox 2302 724 2665 794; x_wconf 85' lang='lat' dir='ltr'><strong>despondere,</strong></span> <span class='ocrx_word' id='word_1_255' title='bbox 2719 721 2893 778; x_wconf 85' lang='lat' dir='ltr'><strong>frater</strong></span> <span class='ocrx_word' id='word_1_256' title='bbox 2947 721 3159 778; x_wconf 79' lang='lat' dir='ltr'><strong>Oresta.</strong></span> <span class='ocrx_word' id='word_1_257' title='bbox 3213 724 3375 780; x_wconf 91' lang='lat' dir='ltr'><strong>Solus</strong></span> <span class='ocrx_word' id='word_1_258' title='bbox 3427 726 3574 780; x_wconf 86' lang='lat' dir='ltr'><strong>enim</strong></span> 
     </span>
    </p>
   </div>
   <div class='ocr_carea' id='block_1_37' title="bbox 2009 814 3578 886">
    <p class='ocr_par' dir='ltr' id='par_1_37' title="bbox 2009 814 3578 886">
     <span class='ocr_line' id='line_1_37' title="bbox 2009 814 3578 886; baseline 0 -14"><span class='ocrx_word' id='word_1_259' title='bbox 2009 827 2259 886; x_wconf 88' lang='lat' dir='ltr'><strong>aspectus</strong></span> <span class='ocrx_word' id='word_1_260' title='bbox 2285 817 2444 872; x_wconf 84' lang='lat' dir='ltr'><strong>affert</strong></span> <span class='ocrx_word' id='word_1_261' title='bbox 2476 818 2728 872; x_wconf 85' lang='lat' dir='ltr'><strong>timorem</strong></span> <span class='ocrx_word' id='word_1_262' title='bbox 2759 825 2813 870; x_wconf 88' lang='lat' dir='ltr'><strong>et</strong></span> <span class='ocrx_word' id='word_1_263' title='bbox 2841 814 3146 870; x_wconf 89' lang='lat' dir='ltr'><strong>cruciatum</strong></span> <span class='ocrx_word' id='word_1_264' title='bbox 3173 832 3189 881; x_wconf 86' lang='lat'><strong>;</strong></span> <span class='ocrx_word' id='word_1_265' title='bbox 3223 818 3408 872; x_wconf 90' lang='lat' dir='ltr'><strong>nullus</strong></span> <span class='ocrx_word' id='word_1_266' title='bbox 3441 831 3578 872; x_wconf 82' lang='lat' dir='ltr'><strong>vero</strong></span> 
     </span>
    </p>
   </div>
   <div class='ocr_carea' id='block_1_38' title="bbox 2008 907 3578 982">
    <p class='ocr_par' dir='ltr' id='par_1_38' title="bbox 2008 907 3578 982">
     <span class='ocr_line' id='line_1_38' title="bbox 2008 907 3578 982; baseline -0.001 -18"><span class='ocrx_word' id='word_1_267' title='bbox 2008 911 2126 982; x_wconf 86' lang='lat' dir='ltr'><strong>ejus</strong></span> <span class='ocrx_word' id='word_1_268' title='bbox 2155 909 2251 964; x_wconf 83' lang='lat' dir='ltr'><strong>tibi</strong></span> <span class='ocrx_word' id='word_1_269' title='bbox 2277 909 2452 978; x_wconf 83' lang='lat' dir='ltr'><strong>aderit</strong></span> <span class='ocrx_word' id='word_1_270' title='bbox 2480 923 2695 973; x_wconf 91' lang='lat' dir='ltr'><strong>sensus,</strong></span> <span class='ocrx_word' id='word_1_271' title='bbox 2733 908 2777 961; x_wconf 88' lang='lat' dir='ltr'><strong>si</strong></span> <span class='ocrx_word' id='word_1_272' title='bbox 2808 908 3066 962; x_wconf 85' lang='lat' dir='ltr'><strong>audacter</strong></span> <span class='ocrx_word' id='word_1_273' title='bbox 3091 917 3146 963; x_wconf 90' lang='lat' dir='ltr'><strong>et</strong></span> <span class='ocrx_word' id='word_1_274' title='bbox 3171 907 3359 962; x_wconf 81' lang='lat' dir='ltr'><strong>fidenti</strong></span> <span class='ocrx_word' id='word_1_275' title='bbox 3395 909 3578 963; x_wconf 79' lang='lat' dir='ltr'><strong>animo</strong></span> 
     </span>
    </p>
   </div>
   <div class='ocr_carea' id='block_1_39' title="bbox 2010 999 3573 1070">
    <p class='ocr_par' dir='ltr' id='par_1_39' title="bbox 2010 999 3573 1070">
     <span class='ocr_line' id='line_1_39' title="bbox 2010 999 3573 1070; baseline -0.003 -13"><span class='ocrx_word' id='word_1_276' title='bbox 2010 1002 2328 1057; x_wconf 73' lang='lat' dir='ltr'><strong>accesseris.</strong></span> <span class='ocrx_word' id='word_1_277' title='bbox 2359 1001 2478 1068; x_wconf 83' lang='lat' dir='ltr'><strong>Ipse</strong></span> <span class='ocrx_word' id='word_1_278' title='bbox 2504 1001 2651 1056; x_wconf 88' lang='lat' dir='ltr'><strong>enim</strong></span> <span class='ocrx_word' id='word_1_279' title='bbox 2681 1000 2945 1054; x_wconf 82' lang='lat' dir='ltr'><strong>Dominus</strong></span> <span class='ocrx_word' id='word_1_280' title='bbox 2973 999 3129 1056; x_wconf 86' lang='lat' dir='ltr'><strong>adest</strong></span> <span class='ocrx_word' id='word_1_281' title='bbox 3154 999 3311 1054; x_wconf 90' lang='lat' dir='ltr'><strong>nobis</strong></span> <span class='ocrx_word' id='word_1_282' title='bbox 3331 1000 3573 1070; x_wconf 79' lang='lat' dir='ltr'><strong>adiutor,</strong></span> 
     </span>
    </p>
   </div>
   <div class='ocr_carea' id='block_1_40' title="bbox 2010 1091 3578 1160">
    <p class='ocr_par' dir='ltr' id='par_1_40' title="bbox 2010 1091 3578 1160">
     <span class='ocr_line' id='line_1_40' title="bbox 2010 1091 3578 1160; baseline -0.001 -13"><span class='ocrx_word' id='word_1_283' title='bbox 2010 1102 2067 1148; x_wconf 88' lang='lat' dir='ltr'><strong>et</strong></span> <span class='ocrx_word' id='word_1_284' title='bbox 2125 1107 2227 1146; x_wconf 90' lang='lat' dir='ltr'><strong>nos</strong></span> <span class='ocrx_word' id='word_1_285' title='bbox 2272 1091 2542 1146; x_wconf 76' lang='lat' dir='ltr'><strong>defendit.</strong></span> <span class='ocrx_word' id='word_1_286' title='bbox 2607 1091 2880 1146; x_wconf 80' lang='lat' dir='ltr'><strong>Memento</strong></span> <span class='ocrx_word' id='word_1_287' title='bbox 2964 1091 3348 1160; x_wconf 79' lang='lat' dir='ltr'><strong>generositatis</strong></span> <span class='ocrx_word' id='word_1_288' title='bbox 3403 1094 3578 1146; x_wconf 79' lang='lat' dir='ltr'><strong>sancti</strong></span> 
     </span>
    </p>
   </div>
   <div class='ocr_carea' id='block_1_41' title="bbox 2012 1183 3584 1253">
    <p class='ocr_par' dir='ltr' id='par_1_41' title="bbox 2012 1183 3584 1253">
     <span class='ocr_line' id='line_1_41' title="bbox 2012 1183 3584 1253; baseline -0.003 -13"><span class='ocrx_word' id='word_1_289' title='bbox 2012 1183 2291 1248; x_wconf 81' lang='lat' dir='ltr'><strong>Auxentii,</strong></span> <span class='ocrx_word' id='word_1_290' title='bbox 2345 1193 2400 1238; x_wconf 93' lang='lat' dir='ltr'><strong>et</strong></span> <span class='ocrx_word' id='word_1_291' title='bbox 2460 1183 2792 1252; x_wconf 87' lang='lat' dir='ltr'><strong>reliquorum</strong></span> <span class='ocrx_word' id='word_1_292' title='bbox 2849 1192 3201 1249; x_wconf 87' lang='lat' dir='ltr'><strong>sanctorum;</strong></span> <span class='ocrx_word' id='word_1_293' title='bbox 3266 1198 3445 1253; x_wconf 91' lang='lat' dir='ltr'><strong>neque</strong></span> <span class='ocrx_word' id='word_1_294' title='bbox 3517 1185 3584 1237; x_wconf 83' lang='lat' dir='ltr'><strong>iis</strong></span> 
     </span>
    </p>
   </div>
   <div class='ocr_carea' id='block_1_42' title="bbox 2013 1274 3586 1340">
    <p class='ocr_par' dir='ltr' id='par_1_42' title="bbox 2013 1274 3586 1340">
     <span class='ocr_line' id='line_1_42' title="bbox 2013 1274 3586 1340; baseline -0.003 -10"><span class='ocrx_word' id='word_1_295' title='bbox 2013 1275 2254 1330; x_wconf 83' lang='lat' dir='ltr'><strong>videaris</strong></span> <span class='ocrx_word' id='word_1_296' title='bbox 2276 1275 2540 1340; x_wconf 84' lang='lat' dir='ltr'><strong>deterior,</strong></span> <span class='ocrx_word' id='word_1_297' title='bbox 2572 1274 2688 1329; x_wconf 77' lang='lat' dir='ltr'><strong>inec</strong></span> <span class='ocrx_word' id='word_1_298' title='bbox 2723 1275 2870 1330; x_wconf 90' lang='lat' dir='ltr'><strong>enim</strong></span> <span class='ocrx_word' id='word_1_299' title='bbox 2903 1289 3027 1328; x_wconf 81' lang='lat' dir='ltr'><strong>mox</strong></span> <span class='ocrx_word' id='word_1_300' title='bbox 3053 1274 3316 1329; x_wconf 83' lang='lat' dir='ltr'><strong>deﬁciunt</strong></span> <span class='ocrx_word' id='word_1_301' title='bbox 3349 1294 3361 1329; x_wconf 90' lang='lat'>:</span> <span class='ocrx_word' id='word_1_302' title='bbox 3402 1281 3586 1328; x_wconf 85' lang='lat' dir='ltr'><strong>manet</strong></span> 
     </span>
    </p>
   </div>
   <div class='ocr_carea' id='block_1_43' title="bbox 2013 1364 3693 1438">
    <p class='ocr_par' dir='ltr' id='par_1_43' title="bbox 2013 1364 3693 1438">
     <span class='ocr_line' id='line_1_43' title="bbox 2013 1364 3693 1438; baseline 0 -16"><span class='ocrx_word' id='word_1_303' title='bbox 2013 1377 2196 1423; x_wconf 88' lang='lat' dir='ltr'><strong>autem</strong></span> <span class='ocrx_word' id='word_1_304' title='bbox 2228 1382 2325 1423; x_wconf 90' lang='lat' dir='ltr'><strong>nos</strong></span> <span class='ocrx_word' id='word_1_305' title='bbox 2351 1369 2662 1432; x_wconf 84' lang='lat' dir='ltr'><strong>thesaurus,</strong></span> <span class='ocrx_word' id='word_1_306' title='bbox 2701 1369 2796 1436; x_wconf 87' lang='lat' dir='ltr'><strong>qui</strong></span> <span class='ocrx_word' id='word_1_307' title='bbox 2822 1383 2931 1422; x_wconf 91' lang='lat' dir='ltr'><strong>non</strong></span> <span class='ocrx_word' id='word_1_308' title='bbox 2965 1377 3142 1438; x_wconf 85' lang='lat' dir='ltr'><strong>potest</strong></span> <span class='ocrx_word' id='word_1_309' title='bbox 3195 1367 3421 1421; x_wconf 86' lang='lat' dir='ltr'><strong>auferri.</strong></span> <span class='ocrx_word' id='word_1_310' title='bbox 3462 1364 3587 1421; x_wconf 65' lang='lat' dir='ltr'><strong>llaec</strong></span> <span class='ocrx_word' id='word_1_311' title='bbox 3685 1385 3693 1391; x_wconf 93' lang='grc'><strong>·</strong></span> 
     </span>
    </p>
   </div>
   <div class='ocr_carea' id='block_1_44' title="bbox 2014 1456 3582 1523">
    <p class='ocr_par' dir='ltr' id='par_1_44' title="bbox 2014 1456 3582 1523">
     <span class='ocr_line' id='line_1_44' title="bbox 2014 1456 3582 1523; baseline -0.003 -8"><span class='ocrx_word' id='word_1_312' title='bbox 2014 1474 2142 1515; x_wconf 81' lang='lat' dir='ltr'><strong>cum</strong></span> <span class='ocrx_word' id='word_1_313' title='bbox 2192 1468 2416 1514; x_wconf 89' lang='lat' dir='ltr'><strong>sanctus</strong></span> <span class='ocrx_word' id='word_1_314' title='bbox 2461 1459 2762 1513; x_wconf 85' lang='lat' dir='ltr'><strong>audivisset</strong></span> <span class='ocrx_word' id='word_1_315' title='bbox 2804 1458 3049 1523; x_wconf 77' lang='lat' dir='ltr'><strong>Orestes,</strong></span> <span class='ocrx_word' id='word_1_316' title='bbox 3107 1458 3330 1512; x_wconf 86' lang='lat' dir='ltr'><strong>audenti</strong></span> <span class='ocrx_word' id='word_1_317' title='bbox 3369 1467 3425 1513; x_wconf 87' lang='lat' dir='ltr'><strong>et</strong></span> <span class='ocrx_word' id='word_1_318' title='bbox 3453 1456 3582 1512; x_wconf 89' lang='lat' dir='ltr'><strong>forti</strong></span> 
     </span>
    </p>
   </div>
   <div class='ocr_carea' id='block_1_45' title="bbox 2015 1549 3584 1622">
    <p class='ocr_par' dir='ltr' id='par_1_45' title="bbox 2015 1549 3584 1622">
     <span class='ocr_line' id='line_1_45' title="bbox 2015 1549 3584 1622; baseline -0.003 -16"><span class='ocrx_word' id='word_1_319' title='bbox 2015 1551 2197 1606; x_wconf 88' lang='lat' dir='ltr'><strong>animo</strong></span> <span class='ocrx_word' id='word_1_320' title='bbox 2229 1551 2457 1616; x_wconf 87' lang='lat' dir='ltr'><strong>insiluit,</strong></span> <span class='ocrx_word' id='word_1_321' title='bbox 2505 1561 2561 1606; x_wconf 93' lang='lat' dir='ltr'><strong>et</strong></span> <span class='ocrx_word' id='word_1_322' title='bbox 2611 1550 2766 1606; x_wconf 86' lang='lat' dir='ltr'><strong>stetit</strong></span> <span class='ocrx_word' id='word_1_323' title='bbox 2804 1565 2970 1619; x_wconf 88' lang='lat' dir='ltr'><strong>supra</strong></span> <span class='ocrx_word' id='word_1_324' title='bbox 3013 1549 3244 1622; x_wconf 75' lang='lat' dir='ltr'><strong>ignitum</strong></span> <span class='ocrx_word' id='word_1_325' title='bbox 3278 1550 3584 1619; x_wconf 84' lang='lat' dir='ltr'><strong>grabatum,</strong></span> 
     </span>
    </p>
   </div>
   <div class='ocr_carea' id='block_1_46' title="bbox 2016 1642 3588 1714">
    <p class='ocr_par' dir='ltr' id='par_1_46' title="bbox 2016 1642 3588 1714">
     <span class='ocr_line' id='line_1_46' title="bbox 2016 1642 3588 1714; baseline -0.003 -16"><span class='ocrx_word' id='word_1_326' title='bbox 2016 1659 2138 1698; x_wconf 90' lang='lat' dir='ltr'><strong>cum</strong></span> <span class='ocrx_word' id='word_1_327' title='bbox 2169 1659 2228 1700; x_wconf 85' lang='lat' dir='ltr'><strong>se</strong></span> <span class='ocrx_word' id='word_1_328' title='bbox 2258 1644 2560 1714; x_wconf 86' lang='lat' dir='ltr'><strong>signasset,</strong></span> <span class='ocrx_word' id='word_1_329' title='bbox 2599 1653 2655 1698; x_wconf 92' lang='lat' dir='ltr'><strong>et</strong></span> <span class='ocrx_word' id='word_1_330' title='bbox 2681 1642 2862 1698; x_wconf 89' lang='lat' dir='ltr'><strong>statim</strong></span> <span class='ocrx_word' id='word_1_331' title='bbox 2913 1642 3264 1705; x_wconf 86' lang='lat' dir='ltr'><strong>accumbens,</strong></span> <span class='ocrx_word' id='word_1_332' title='bbox 3317 1650 3434 1695; x_wconf 88' lang='lat' dir='ltr'><strong>toto</strong></span> <span class='ocrx_word' id='word_1_333' title='bbox 3465 1655 3588 1695; x_wconf 82' lang='lat' dir='ltr'><strong>cor-</strong></span> 
     </span>
    </p>
   </div>
   <div class='ocr_carea' id='block_1_47' title="bbox 2019 1732 3592 1805">
    <p class='ocr_par' dir='ltr' id='par_1_47' title="bbox 2019 1732 3592 1805">
     <span class='ocr_line' id='line_1_47' title="bbox 2019 1732 3592 1805; baseline -0.003 -15"><span class='ocrx_word' id='word_1_334' title='bbox 2019 1750 2153 1804; x_wconf 84' lang='lat' dir='ltr'><strong>pore</strong></span> <span class='ocrx_word' id='word_1_335' title='bbox 2187 1751 2244 1790; x_wconf 90' lang='lat' dir='ltr'><strong>se</strong></span> <span class='ocrx_word' id='word_1_336' title='bbox 2271 1735 2528 1804; x_wconf 86' lang='lat' dir='ltr'><strong>expandit</strong></span> <span class='ocrx_word' id='word_1_337' title='bbox 2566 1750 2731 1805; x_wconf 90' lang='lat' dir='ltr'><strong>supra</strong></span> <span class='ocrx_word' id='word_1_338' title='bbox 2764 1735 2980 1804; x_wconf 87' lang='lat' dir='ltr'><strong>ignem;</strong></span> <span class='ocrx_word' id='word_1_339' title='bbox 3008 1743 3063 1787; x_wconf 90' lang='lat' dir='ltr'><strong>et</strong></span> <span class='ocrx_word' id='word_1_340' title='bbox 3097 1749 3289 1803; x_wconf 87' lang='lat' dir='ltr'><strong>magna</strong></span> <span class='ocrx_word' id='word_1_341' title='bbox 3325 1747 3457 1787; x_wconf 88' lang='lat' dir='ltr'><strong>voce</strong></span> <span class='ocrx_word' id='word_1_342' title='bbox 3483 1732 3592 1786; x_wconf 85' lang='lat' dir='ltr'><strong>cla-</strong></span> 
     </span>
    </p>
   </div>
   <div class='ocr_carea' id='block_1_48' title="bbox 2019 1825 3592 1893">
    <p class='ocr_par' dir='ltr' id='par_1_48' title="bbox 2019 1825 3592 1893">
     <span class='ocr_line' id='line_1_48' title="bbox 2019 1825 3592 1893; baseline -0.001 -11"><span class='ocrx_word' id='word_1_343' title='bbox 2019 1843 2197 1893; x_wconf 88' lang='lat' dir='ltr'><strong>mans,</strong></span> <span class='ocrx_word' id='word_1_344' title='bbox 2233 1827 2370 1882; x_wconf 80' lang='lat' dir='ltr'><strong>dixit</strong></span> <span class='ocrx_word' id='word_1_345' title='bbox 2405 1844 2418 1882; x_wconf 92' lang='lat'><strong>:</strong></span> <span class='ocrx_word' id='word_1_346' title='bbox 2458 1827 2690 1882; x_wconf 89' lang='lat' dir='ltr'><strong>Domine</strong></span> <span class='ocrx_word' id='word_1_347' title='bbox 2722 1827 2850 1882; x_wconf 70' lang='lat' dir='ltr'><strong>Jesu</strong></span> <span class='ocrx_word' id='word_1_348' title='bbox 2887 1825 3126 1886; x_wconf 77' lang='lat' dir='ltr'><strong>Christe.</strong></span> <span class='ocrx_word' id='word_1_349' title='bbox 3165 1827 3218 1879; x_wconf 93' lang='lat' dir='ltr'><strong>in</strong></span> <span class='ocrx_word' id='word_1_350' title='bbox 3256 1841 3449 1879; x_wconf 90' lang='lat' dir='ltr'><strong>manus</strong></span> <span class='ocrx_word' id='word_1_351' title='bbox 3474 1832 3592 1880; x_wconf 89' lang='lat' dir='ltr'><strong>tuas</strong></span> 
     </span>
    </p>
   </div>
   <div class='ocr_carea' id='block_1_49' title="bbox 2019 1916 3592 1986">
    <p class='ocr_par' dir='ltr' id='par_1_49' title="bbox 2019 1916 3592 1986">
     <span class='ocr_line' id='line_1_49' title="bbox 2019 1916 3592 1986; baseline -0.002 -13"><span class='ocrx_word' id='word_1_352' title='bbox 2019 1922 2344 1974; x_wconf 89' lang='lat' dir='ltr'><strong>commendo</strong></span> <span class='ocrx_word' id='word_1_353' title='bbox 2390 1917 2642 1986; x_wconf 90' lang='lat' dir='ltr'><strong>spiritum</strong></span> <span class='ocrx_word' id='word_1_354' title='bbox 2689 1921 2908 1984; x_wconf 64' lang='lat' dir='ltr'><strong>meumf,</strong></span> <span class='ocrx_word' id='word_1_355' title='bbox 2968 1924 3026 1972; x_wconf 90' lang='lat' dir='ltr'><strong>et</strong></span> <span class='ocrx_word' id='word_1_356' title='bbox 3074 1916 3304 1970; x_wconf 90' lang='lat' dir='ltr'><strong>Domino</strong></span> <span class='ocrx_word' id='word_1_357' title='bbox 3350 1925 3592 1970; x_wconf 87' lang='lat' dir='ltr'><strong>sanetam</strong></span> 
     </span>
    </p>
   </div>
   <div class='ocr_carea' id='block_1_50' title="bbox 2021 2009 3594 2064">
    <p class='ocr_par' dir='ltr' id='par_1_50' title="bbox 2021 2009 3594 2064">
     <span class='ocr_line' id='line_1_50' title="bbox 2021 2009 3594 2064; baseline -0.002 0"><span class='ocrx_word' id='word_1_358' title='bbox 2021 2025 2174 2064; x_wconf 89' lang='lat' dir='ltr'><strong>suam</strong></span> <span class='ocrx_word' id='word_1_359' title='bbox 2211 2009 2436 2064; x_wconf 88' lang='lat' dir='ltr'><strong>tradidit</strong></span> <span class='ocrx_word' id='word_1_360' title='bbox 2468 2010 2726 2064; x_wconf 90' lang='lat' dir='ltr'><strong>animam.</strong></span> <span class='ocrx_word' id='word_1_361' title='bbox 2778 2010 3111 2063; x_wconf 86' lang='lat' dir='ltr'><strong>Acclamavit</strong></span> <span class='ocrx_word' id='word_1_362' title='bbox 3149 2018 3330 2062; x_wconf 91' lang='lat' dir='ltr'><strong>autem</strong></span> <span class='ocrx_word' id='word_1_363' title='bbox 3370 2018 3594 2063; x_wconf 87' lang='lat' dir='ltr'><strong>sanctus</strong></span> 
     </span>
    </p>
   </div>
   <div class='ocr_carea' id='block_1_51' title="bbox 2021 2096 3597 2167">
    <p class='ocr_par' dir='ltr' id='par_1_51' title="bbox 2021 2096 3597 2167">
     <span class='ocr_line' id='line_1_51' title="bbox 2021 2096 3597 2167; baseline -0.001 -16"><span class='ocrx_word' id='word_1_364' title='bbox 2021 2096 2332 2152; x_wconf 80' lang='lat' dir='ltr'><strong>Eustratius</strong></span> <span class='ocrx_word' id='word_1_365' title='bbox 2361 2115 2374 2150; x_wconf 90' lang='lat'><strong>:</strong></span> <span class='ocrx_word' id='word_1_366' title='bbox 2403 2098 2596 2163; x_wconf 82' lang='lat' dir='ltr'><strong>Amen,</strong></span> <span class='ocrx_word' id='word_1_367' title='bbox 2631 2106 2687 2152; x_wconf 92' lang='lat' dir='ltr'><strong>et</strong></span> <span class='ocrx_word' id='word_1_368' title='bbox 2709 2098 2892 2152; x_wconf 89' lang='lat' dir='ltr'><strong>statim</strong></span> <span class='ocrx_word' id='word_1_369' title='bbox 2922 2097 3087 2167; x_wconf 88' lang='lat' dir='ltr'><strong>jussit</strong></span> <span class='ocrx_word' id='word_1_370' title='bbox 3120 2097 3445 2167; x_wconf 86' lang='lat' dir='ltr'><strong>Agricolaus</strong></span> <span class='ocrx_word' id='word_1_371' title='bbox 3469 2111 3597 2152; x_wconf 85' lang='lat' dir='ltr'><strong>san-</strong></span> 
     </span>
    </p>
   </div>
   <div class='ocr_carea' id='block_1_52' title="bbox 2022 2189 3594 2254">
    <p class='ocr_par' dir='ltr' id='par_1_52' title="bbox 2022 2189 3594 2254">
     <span class='ocr_line' id='line_1_52' title="bbox 2022 2189 3594 2254; baseline -0.001 -11"><span class='ocrx_word' id='word_1_372' title='bbox 2022 2197 2169 2243; x_wconf 89' lang='lat' dir='ltr'><strong>ctum</strong></span> <span class='ocrx_word' id='word_1_373' title='bbox 2225 2189 2560 2244; x_wconf 83' lang='lat' dir='ltr'><strong>Eustratium</strong></span> <span class='ocrx_word' id='word_1_374' title='bbox 2619 2190 2812 2244; x_wconf 89' lang='lat' dir='ltr'><strong>abduci</strong></span> <span class='ocrx_word' id='word_1_375' title='bbox 2853 2191 2908 2244; x_wconf 90' lang='lat' dir='ltr'><strong>in</strong></span> <span class='ocrx_word' id='word_1_376' title='bbox 2953 2189 3413 2254; x_wconf 85' lang='lat' dir='ltr'><strong>custodiam.Qui</strong></span> <span class='ocrx_word' id='word_1_377' title='bbox 3465 2200 3594 2242; x_wconf 89' lang='lat' dir='ltr'><strong>cum</strong></span> 
     </span>
    </p>
   </div>
   <div class='ocr_carea' id='block_1_53' title="bbox 2023 2277 3597 2348">
    <p class='ocr_par' dir='ltr' id='par_1_53' title="bbox 2023 2277 3597 2348">
     <span class='ocr_line' id='line_1_53' title="bbox 2023 2277 3597 2348; baseline -0.001 -16"><span class='ocrx_word' id='word_1_378' title='bbox 2023 2288 2318 2334; x_wconf 82' lang='lat' dir='ltr'><strong>consuetas</strong></span> <span class='ocrx_word' id='word_1_379' title='bbox 2349 2294 2541 2348; x_wconf 88' lang='lat' dir='ltr'><strong>preces</strong></span> <span class='ocrx_word' id='word_1_380' title='bbox 2583 2280 2695 2333; x_wconf 88' lang='lat' dir='ltr'><strong>Deo</strong></span> <span class='ocrx_word' id='word_1_381' title='bbox 2746 2280 3040 2344; x_wconf 87' lang='lat' dir='ltr'><strong>emisisset,</strong></span> <span class='ocrx_word' id='word_1_382' title='bbox 3085 2288 3141 2333; x_wconf 91' lang='lat' dir='ltr'><strong>et</strong></span> <span class='ocrx_word' id='word_1_383' title='bbox 3181 2277 3468 2340; x_wconf 89' lang='lat' dir='ltr'><strong>famulum,</strong></span> <span class='ocrx_word' id='word_1_384' title='bbox 3500 2277 3597 2346; x_wconf 89' lang='lat' dir='ltr'><strong>qui</strong></span> 
     </span>
    </p>
   </div>
   <div class='ocr_carea' id='block_1_54' title="bbox 2023 2369 3598 2441">
    <p class='ocr_par' dir='ltr' id='par_1_54' title="bbox 2023 2369 3598 2441">
     <span class='ocr_line' id='line_1_54' title="bbox 2023 2369 3598 2441; baseline 0 -16"><span class='ocrx_word' id='word_1_385' title='bbox 2023 2378 2292 2425; x_wconf 86' lang='lat' dir='ltr'><strong>eratcum</strong></span> <span class='ocrx_word' id='word_1_386' title='bbox 2316 2385 2403 2431; x_wconf 89' lang='lat' dir='ltr'><strong>eo,</strong></span> <span class='ocrx_word' id='word_1_387' title='bbox 2440 2379 2710 2431; x_wconf 84' lang='lat' dir='ltr'><strong>vocasset,</strong></span> <span class='ocrx_word' id='word_1_388' title='bbox 2770 2371 2903 2425; x_wconf 88' lang='lat' dir='ltr'><strong>dicit</strong></span> <span class='ocrx_word' id='word_1_389' title='bbox 2944 2371 3039 2424; x_wconf 90' lang='lat' dir='ltr'><strong>ei:</strong></span> <span class='ocrx_word' id='word_1_390' title='bbox 3081 2371 3221 2441; x_wconf 86' lang='lat' dir='ltr'><strong>Age,</strong></span> <span class='ocrx_word' id='word_1_391' title='bbox 3280 2370 3376 2436; x_wconf 86' lang='lat' dir='ltr'><strong>lili,</strong></span> <span class='ocrx_word' id='word_1_392' title='bbox 3402 2369 3598 2425; x_wconf 81' lang='lat' dir='ltr'><strong>faciam</strong></span> 
     </span>
    </p>
   </div>
   <div class='ocr_carea' id='block_1_55' title="bbox 2029 2461 3601 2533">
    <p class='ocr_par' dir='ltr' id='par_1_55' title="bbox 2029 2461 3601 2533">
     <span class='ocr_line' id='line_1_55' title="bbox 2029 2461 3601 2533; baseline 0.001 -16"><span class='ocrx_word' id='word_1_393' title='bbox 2029 2469 2433 2517; x_wconf 88' lang='lat' dir='ltr'><strong>testamentum.</strong></span> <span class='ocrx_word' id='word_1_394' title='bbox 2461 2461 2633 2531; x_wconf 90' lang='lat' dir='ltr'><strong>Spero</strong></span> <span class='ocrx_word' id='word_1_395' title='bbox 2665 2463 2811 2516; x_wconf 89' lang='lat' dir='ltr'><strong>enim</strong></span> <span class='ocrx_word' id='word_1_396' title='bbox 2845 2463 2981 2527; x_wconf 88' lang='lat' dir='ltr'><strong>fore,</strong></span> <span class='ocrx_word' id='word_1_397' title='bbox 3018 2470 3077 2515; x_wconf 92' lang='lat' dir='ltr'><strong>ut</strong></span> <span class='ocrx_word' id='word_1_398' title='bbox 3107 2477 3208 2532; x_wconf 88' lang='lat' dir='ltr'><strong>ego</strong></span> <span class='ocrx_word' id='word_1_399' title='bbox 3228 2477 3449 2533; x_wconf 88' lang='lat' dir='ltr'><strong>quoque</strong></span> <span class='ocrx_word' id='word_1_400' title='bbox 3474 2476 3601 2518; x_wconf 83' lang='lat' dir='ltr'><strong>cras</strong></span> 
     </span>
    </p>
   </div>
   <div class='ocr_carea' id='block_1_56' title="bbox 2028 2553 3206 2610">
    <p class='ocr_par' dir='ltr' id='par_1_56' title="bbox 2028 2553 3206 2610">
     <span class='ocr_line' id='line_1_56' title="bbox 2028 2553 3206 2610; baseline 0 -2"><span class='ocrx_word' id='word_1_401' title='bbox 2028 2554 2196 2608; x_wconf 86' lang='lat' dir='ltr'><strong>sistar</strong></span> <span class='ocrx_word' id='word_1_402' title='bbox 2221 2563 2347 2608; x_wconf 88' lang='lat' dir='ltr'><strong>ante</strong></span> <span class='ocrx_word' id='word_1_403' title='bbox 2378 2555 2669 2607; x_wconf 91' lang='lat' dir='ltr'><strong>Dominum</strong></span> <span class='ocrx_word' id='word_1_404' title='bbox 2700 2569 2882 2608; x_wconf 89' lang='lat' dir='ltr'><strong>meum</strong></span> <span class='ocrx_word' id='word_1_405' title='bbox 2906 2553 3206 2610; x_wconf 82' lang='lat' dir='ltr'><strong>Christum.</strong></span> 
     </span>
    </p>
   </div>
   <div class='ocr_carea' id='block_1_57' title="bbox 2097 2712 3697 2798">
    <p class='ocr_par' dir='ltr' id='par_1_57' title="bbox 2097 2712 3697 2798">
     <span class='ocr_line' id='line_1_57' title="bbox 2097 2712 3697 2798; baseline 0.001 -11"><span class='ocrx_word' id='word_1_406' title='bbox 2097 2732 2289 2787; x_wconf 79' lang='lat' dir='ltr'><strong>XXIX.</strong></span> <span class='ocrx_word' id='word_1_407' title='bbox 2332 2731 2532 2786; x_wconf 84' lang='lat' dir='ltr'><strong>Charta</strong></span> <span class='ocrx_word' id='word_1_408' title='bbox 2584 2741 2766 2786; x_wconf 83' lang='lat' dir='ltr'><strong>autem</strong></span> <span class='ocrx_word' id='word_1_409' title='bbox 2816 2733 2864 2785; x_wconf 88' lang='lat' dir='ltr'><strong>ei</strong></span> <span class='ocrx_word' id='word_1_410' title='bbox 2919 2732 3099 2798; x_wconf 87' lang='lat' dir='ltr'><strong>allata,</strong></span> <span class='ocrx_word' id='word_1_411' title='bbox 3149 2732 3605 2789; x_wconf 84' lang='lat' dir='ltr'><strong>fecittestamen-</strong></span> <span class='ocrx_word' id='word_1_412' title='bbox 3693 2712 3697 2716; x_wconf 42' lang='grc'><em>’</em></span> 
     </span>
    </p>
   </div>
   <div class='ocr_carea' id='block_1_58' title="bbox 2029 2822 3603 2893">
    <p class='ocr_par' dir='ltr' id='par_1_58' title="bbox 2029 2822 3603 2893">
     <span class='ocr_line' id='line_1_58' title="bbox 2029 2822 3603 2893; baseline -0.001 -13"><span class='ocrx_word' id='word_1_413' title='bbox 2029 2835 2166 2889; x_wconf 87' lang='lat' dir='ltr'><strong>tum,</strong></span> <span class='ocrx_word' id='word_1_414' title='bbox 2205 2825 2260 2878; x_wconf 92' lang='lat' dir='ltr'><strong>in</strong></span> <span class='ocrx_word' id='word_1_415' title='bbox 2295 2839 2362 2878; x_wconf 90' lang='lat' dir='ltr'><strong>eo</strong></span> <span class='ocrx_word' id='word_1_416' title='bbox 2388 2822 2727 2893; x_wconf 64' lang='lat' dir='ltr'><strong>significans,</strong></span> <span class='ocrx_word' id='word_1_417' title='bbox 2764 2838 2820 2876; x_wconf 88' lang='lat' dir='ltr'><strong>se</strong></span> <span class='ocrx_word' id='word_1_418' title='bbox 2865 2824 3004 2878; x_wconf 75' lang='lat' dir='ltr'><strong>velle</strong></span> <span class='ocrx_word' id='word_1_419' title='bbox 3052 2834 3275 2879; x_wconf 84' lang='lat' dir='ltr'><strong>sanctas</strong></span> <span class='ocrx_word' id='word_1_420' title='bbox 3303 2840 3434 2880; x_wconf 88' lang='lat' dir='ltr'><strong>snas</strong></span> <span class='ocrx_word' id='word_1_421' title='bbox 3469 2826 3603 2880; x_wconf 84' lang='lat' dir='ltr'><strong>reli-</strong></span> 
     </span>
    </p>
   </div>
   <div class='ocr_carea' id='block_1_59' title="bbox 2027 2915 3605 2988">
    <p class='ocr_par' dir='ltr' id='par_1_59' title="bbox 2027 2915 3605 2988">
     <span class='ocr_line' id='line_1_59' title="bbox 2027 2915 3605 2988; baseline 0 -15"><span class='ocrx_word' id='word_1_422' title='bbox 2027 2920 2186 2988; x_wconf 85' lang='lat' dir='ltr'><strong>quias</strong></span> <span class='ocrx_word' id='word_1_423' title='bbox 2208 2916 2392 2972; x_wconf 83' lang='lat' dir='ltr'><strong>etl‘erri</strong></span> <span class='ocrx_word' id='word_1_424' title='bbox 2426 2917 2480 2970; x_wconf 91' lang='lat' dir='ltr'><strong>in</strong></span> <span class='ocrx_word' id='word_1_425' title='bbox 2511 2915 2833 2985; x_wconf 88' lang='lat' dir='ltr'><strong>oppidulum</strong></span> <span class='ocrx_word' id='word_1_426' title='bbox 2872 2916 3358 2981; x_wconf 84' lang='lat' dir='ltr'><strong>Arabracinorum,</strong></span> <span class='ocrx_word' id='word_1_427' title='bbox 3401 2925 3458 2972; x_wconf 88' lang='lat' dir='ltr'><strong>et</strong></span> <span class='ocrx_word' id='word_1_428' title='bbox 3492 2918 3605 2973; x_wconf 89' lang='lat' dir='ltr'><strong>illic</strong></span> 
     </span>
    </p>
   </div>
   <div class='ocr_carea' id='block_1_60' title="bbox 2029 3007 3600 3080">
    <p class='ocr_par' dir='ltr' id='par_1_60' title="bbox 2029 3007 3600 3080">
     <span class='ocr_line' id='line_1_60' title="bbox 2029 3007 3600 3080; baseline 0.001 -16"><span class='ocrx_word' id='word_1_429' title='bbox 2029 3009 2262 3080; x_wconf 86' lang='lat' dir='ltr'><strong>deponi;</strong></span> <span class='ocrx_word' id='word_1_430' title='bbox 2319 3007 2525 3063; x_wconf 83' lang='lat' dir='ltr'><strong>nemini</strong></span> <span class='ocrx_word' id='word_1_431' title='bbox 2582 3023 2713 3064; x_wconf 87' lang='lat' dir='ltr'><strong>vero</strong></span> <span class='ocrx_word' id='word_1_432' title='bbox 2754 3007 2920 3062; x_wconf 87' lang='lat' dir='ltr'><strong>licere</strong></span> <span class='ocrx_word' id='word_1_433' title='bbox 2959 3007 3183 3062; x_wconf 76' lang='lat' dir='ltr'><strong>omnino</strong></span> <span class='ocrx_word' id='word_1_434' title='bbox 3219 3023 3313 3063; x_wconf 90' lang='lat' dir='ltr'><strong>eas</strong></span> <span class='ocrx_word' id='word_1_435' title='bbox 3357 3017 3600 3079; x_wconf 74' lang='lat' dir='ltr'><strong>tangere,</strong></span> 
     </span>
    </p>
   </div>
   <div class='ocr_carea' id='block_1_61' title="bbox 348 3098 1944 3179">
    <p class='ocr_par' dir='ltr' id='par_1_61' title="bbox 348 3101 1925 3176">
     <span class='ocr_line' id='line_1_61' title="bbox 348 3101 1925 3176; baseline 0.001 -20"><span class='ocrx_word' id='word_1_436' title='bbox 348 3101 621 3156; x_wconf 74' lang='grc' dir='ltr'>ἅπτεσθαι</span> <span class='ocrx_word' id='word_1_437' title='bbox 683 3102 898 3168; x_wconf 76' lang='grc' dir='ltr'>τούτου,</span> <span class='ocrx_word' id='word_1_438' title='bbox 949 3103 1086 3158; x_wconf 79' lang='grc' dir='ltr'>ἀλλὰ</span> <span class='ocrx_word' id='word_1_439' title='bbox 1129 3103 1269 3157; x_wconf 83' lang='grc' dir='ltr'>σῶον</span> <span class='ocrx_word' id='word_1_440' title='bbox 1305 3104 1435 3157; x_wconf 73' lang='grc' dir='ltr'>αὐτὸ</span> <span class='ocrx_word' id='word_1_441' title='bbox 1467 3105 1833 3176; x_wconf 79' lang='grc' dir='ltr'>κατατεθῆναι</span> <span class='ocrx_word' id='word_1_442' title='bbox 1869 3107 1925 3157; x_wconf 76' lang='grc' dir='ltr'>ἐν</span> 
     </span>
    </p>
   </div>
   <div class='ocr_carea' id='block_1_62' title="bbox 2032 3098 3604 3179">
    <p class='ocr_par' dir='ltr' id='par_1_62' title="bbox 2032 3098 3604 3170">
     <span class='ocr_line' id='line_1_62' title="bbox 2032 3098 3604 3170; baseline -0.001 -14"><span class='ocrx_word' id='word_1_443' title='bbox 2032 3102 2120 3156; x_wconf 86' lang='lat' dir='ltr'><strong>sed</strong></span> <span class='ocrx_word' id='word_1_444' title='bbox 2149 3101 2330 3155; x_wconf 85' lang='lat' dir='ltr'><strong>salvas</strong></span> <span class='ocrx_word' id='word_1_445' title='bbox 2363 3115 2484 3156; x_wconf 87' lang='lat' dir='ltr'><strong>esse</strong></span> <span class='ocrx_word' id='word_1_446' title='bbox 2534 3099 2888 3169; x_wconf 88' lang='lat' dir='ltr'><strong>deponendas</strong></span> <span class='ocrx_word' id='word_1_447' title='bbox 2943 3098 2998 3152; x_wconf 86' lang='lat' dir='ltr'><strong>in</strong></span> <span class='ocrx_word' id='word_1_448' title='bbox 3052 3098 3196 3164; x_wconf 91' lang='lat' dir='ltr'><strong>loco,</strong></span> <span class='ocrx_word' id='word_1_449' title='bbox 3241 3100 3334 3170; x_wconf 88' lang='lat' dir='ltr'><strong>qui</strong></span> <span class='ocrx_word' id='word_1_450' title='bbox 3380 3107 3604 3154; x_wconf 72' lang='lat' dir='ltr'><strong>vocatu:</strong></span> 
     </span>
    </p>
   </div>
   <div class='ocr_carea' id='block_1_63' title="bbox 343 3193 1930 3266">
    <p class='ocr_par' dir='ltr' id='par_1_63' title="bbox 343 3193 1930 3266">
     <span class='ocr_line' id='line_1_63' title="bbox 343 3193 1930 3266; baseline 0.002 -21"><span class='ocrx_word' id='word_1_451' title='bbox 343 3195 497 3261; x_wconf 69' lang='grc' dir='ltr'>τίπῳ</span> <span class='ocrx_word' id='word_1_452' title='bbox 549 3195 653 3246; x_wconf 79' lang='grc' dir='ltr'>τινὶ</span> <span class='ocrx_word' id='word_1_453' title='bbox 691 3193 1010 3264; x_wconf 77' lang='grc' dir='ltr'>καλουμένῳ</span> <span class='ocrx_word' id='word_1_454' title='bbox 1087 3195 1480 3266; x_wconf 73' lang='grc' dir='ltr'>Ἀναλιϐόζορα</span> <span class='ocrx_word' id='word_1_455' title='bbox 1534 3196 1650 3264; x_wconf 76' lang='grc' dir='ltr'>ἅμα</span> <span class='ocrx_word' id='word_1_456' title='bbox 1707 3199 1818 3258; x_wconf 80' lang='grc' dir='ltr'>τοῖς</span> <span class='ocrx_word' id='word_1_457' title='bbox 1842 3213 1930 3248; x_wconf 91' lang='grc' dir='ltr'>τε-</span> 
     </span>
    </p>
   </div>
   <div class='ocr_carea' id='block_1_64' title="bbox 346 3285 1926 3359">
    <p class='ocr_par' dir='ltr' id='par_1_64' title="bbox 346 3285 1926 3359">
     <span class='ocr_line' id='line_1_64' title="bbox 346 3285 1926 3359; baseline 0.004 -24"><span class='ocrx_word' id='word_1_458' title='bbox 346 3285 628 3339; x_wconf 73' lang='grc' dir='ltr'>λειωθεῖσι</span> <span class='ocrx_word' id='word_1_459' title='bbox 685 3288 781 3340; x_wconf 84' lang='grc' dir='ltr'>σὺν</span> <span class='ocrx_word' id='word_1_460' title='bbox 855 3287 1006 3356; x_wconf 76' lang='grc' dir='ltr'>αὐτῷ</span> <span class='ocrx_word' id='word_1_461' title='bbox 1059 3286 1236 3354; x_wconf 80' lang='grc' dir='ltr'>ἁγίοις</span> <span class='ocrx_word' id='word_1_462' title='bbox 1279 3286 1541 3356; x_wconf 77' lang='grc' dir='ltr'>Εύγενίῳ,</span> <span class='ocrx_word' id='word_1_463' title='bbox 1600 3288 1926 3359; x_wconf 78' lang='grc' dir='ltr'>Μαρδαρίῳ.</span> 
     </span>
    </p>
   </div>
   <div class='ocr_carea' id='block_1_65' title="bbox 353 3373 1916 3450">
    <p class='ocr_par' dir='ltr' id='par_1_65' title="bbox 353 3373 1916 3450">
     <span class='ocr_line' id='line_1_65' title="bbox 353 3373 1916 3450; baseline 0.002 -22"><span class='ocrx_word' id='word_1_464' title='bbox 353 3375 586 3448; x_wconf 73' lang='grc' dir='ltr'>Ὀρέστῃ</span> <span class='ocrx_word' id='word_1_465' title='bbox 610 3379 701 3429; x_wconf 78' lang='grc' dir='ltr'>καὶ</span> <span class='ocrx_word' id='word_1_466' title='bbox 727 3377 1021 3447; x_wconf 74' lang='grc' dir='ltr'>Αὑξεντίῳ.</span> <span class='ocrx_word' id='word_1_467' title='bbox 1040 3377 1257 3449; x_wconf 76' lang='grc' dir='ltr'>Ἐπειδὴ</span> <span class='ocrx_word' id='word_1_468' title='bbox 1280 3379 1330 3430; x_wconf 75' lang='grc' dir='ltr'>οἱ</span> <span class='ocrx_word' id='word_1_469' title='bbox 1354 3379 1500 3446; x_wconf 73' lang='grc' dir='ltr'>ἅγιοι</span> <span class='ocrx_word' id='word_1_470' title='bbox 1531 3373 1678 3434; x_wconf 80' lang='grc' dir='ltr'>οὗτοι</span> <span class='ocrx_word' id='word_1_471' title='bbox 1702 3379 1916 3450; x_wconf 81' lang='grc' dir='ltr'>καθώρ-</span> 
     </span>
    </p>
   </div>
   <div class='ocr_carea' id='block_1_66' title="bbox 348 3462 1931 3541">
    <p class='ocr_par' dir='ltr' id='par_1_66' title="bbox 348 3462 1931 3541">
     <span class='ocr_line' id='line_1_66' title="bbox 348 3462 1931 3541; baseline 0.004 -21"><span class='ocrx_word' id='word_1_472' title='bbox 348 3484 539 3520; x_wconf 76' lang='grc' dir='ltr'>κωσαν</span> <span class='ocrx_word' id='word_1_473' title='bbox 587 3470 682 3522; x_wconf 64' lang='grc' dir='ltr'>τὶν</span> <span class='ocrx_word' id='word_1_474' title='bbox 730 3462 885 3536; x_wconf 56' lang='lat' dir='ltr'><strong>sim</strong></span> <span class='ocrx_word' id='word_1_475' title='bbox 947 3471 1285 3540; x_wconf 80' lang='grc' dir='ltr'>Εὑστράτιον</span> <span class='ocrx_word' id='word_1_476' title='bbox 1324 3471 1413 3524; x_wconf 85' lang='grc' dir='ltr'>ὅτε</span> <span class='ocrx_word' id='word_1_477' title='bbox 1466 3472 1931 3541; x_wconf 60' lang='grc' dir='ltr'>κατεσχέσθεβαν,</span> 
     </span>
    </p>
   </div>
   <div class='ocr_carea' id='block_1_67' title="bbox 349 3558 1934 3632">
    <p class='ocr_par' dir='ltr' id='par_1_67' title="bbox 349 3558 1934 3632">
     <span class='ocr_line' id='line_1_67' title="bbox 349 3558 1934 3632; baseline 0.003 -22"><span class='ocrx_word' id='word_1_478' title='bbox 349 3558 493 3612; x_wconf 78' lang='grc' dir='ltr'>ὥστε</span> <span class='ocrx_word' id='word_1_479' title='bbox 552 3559 691 3628; x_wconf 74' lang='grc' dir='ltr'><strong>μετά</strong></span> <span class='ocrx_word' id='word_1_480' title='bbox 722 3559 784 3610; x_wconf 80' lang='grc' dir='ltr'>τὸ</span> <span class='ocrx_word' id='word_1_481' title='bbox 816 3560 1173 3630; x_wconf 81' lang='grc' dir='ltr'>τελειωθῆναι</span> <span class='ocrx_word' id='word_1_482' title='bbox 1234 3561 1432 3624; x_wconf 78' lang='grc' dir='ltr'>αὐτοὺς</span> <span class='ocrx_word' id='word_1_483' title='bbox 1474 3561 1611 3630; x_wconf 63' lang='grc' dir='ltr'>πρδς</span> <span class='ocrx_word' id='word_1_484' title='bbox 1672 3563 1748 3629; x_wconf 66' lang='grc' dir='ltr'>τῷ</span> <span class='ocrx_word' id='word_1_485' title='bbox 1793 3563 1934 3632; x_wconf 86' lang='grc' dir='ltr'>ἁγίῳ</span> 
     </span>
    </p>
   </div>
   <div class='ocr_carea' id='block_1_68' title="bbox 348 3651 1933 3723">
    <p class='ocr_par' dir='ltr' id='par_1_68' title="bbox 348 3651 1933 3723">
     <span class='ocr_line' id='line_1_68' title="bbox 348 3651 1933 3723; baseline 0.001 -19"><span class='ocrx_word' id='word_1_486' title='bbox 348 3651 517 3704; x_wconf 75' lang='grc' dir='ltr'>αὑτοῦ</span> <span class='ocrx_word' id='word_1_487' title='bbox 542 3651 780 3720; x_wconf 72' lang='grc' dir='ltr'>λειψάνῳ</span> <span class='ocrx_word' id='word_1_488' title='bbox 829 3652 924 3704; x_wconf 78' lang='grc' dir='ltr'>καὶ</span> <span class='ocrx_word' id='word_1_489' title='bbox 963 3651 1030 3704; x_wconf 75' lang='grc' dir='ltr'><strong>τὰ</strong></span> <span class='ocrx_word' id='word_1_490' title='bbox 1065 3652 1271 3705; x_wconf 79' lang='grc' dir='ltr'>τούτων</span> <span class='ocrx_word' id='word_1_491' title='bbox 1311 3652 1680 3723; x_wconf 76' lang='grc' dir='ltr'>κατατεθῆναι</span> <span class='ocrx_word' id='word_1_492' title='bbox 1703 3653 1933 3722; x_wconf 77' lang='grc' dir='ltr'>λείψανα</span> 
     </span>
    </p>
   </div>
   <div class='ocr_carea' id='block_1_69' title="bbox 350 3743 1936 3814">
    <p class='ocr_par' dir='ltr' id='par_1_69' title="bbox 350 3743 1936 3814">
     <span class='ocr_line' id='line_1_69' title="bbox 350 3743 1936 3814; baseline 0.002 -18"><span class='ocrx_word' id='word_1_493' title='bbox 350 3743 463 3798; x_wconf 57' lang='lat' dir='ltr'><strong>an“):</strong></span> <span class='ocrx_word' id='word_1_494' title='bbox 506 3747 608 3796; x_wconf 65' lang='grc' dir='ltr'><strong>και</strong></span> <span class='ocrx_word' id='word_1_495' title='bbox 627 3743 919 3814; x_wconf 74' lang='grc' dir='ltr'>ὁλόκληρα,</span> <span class='ocrx_word' id='word_1_496' title='bbox 954 3743 1049 3796; x_wconf 77' lang='grc' dir='ltr'><strong>καὶ</strong></span> <span class='ocrx_word' id='word_1_497' title='bbox 1075 3745 1136 3796; x_wconf 80' lang='grc' dir='ltr'>τὸ</span> <span class='ocrx_word' id='word_1_498' title='bbox 1168 3747 1224 3796; x_wconf 83' lang='grc' dir='ltr'>ὲν</span> <span class='ocrx_word' id='word_1_499' title='bbox 1261 3744 1626 3814; x_wconf 76' lang='grc' dir='ltr'>’Ᾱραυρέικοις</span> <span class='ocrx_word' id='word_1_500' title='bbox 1654 3743 1710 3798; x_wconf 78' lang='grc' dir='ltr'>δὲ</span> <span class='ocrx_word' id='word_1_501' title='bbox 1750 3745 1936 3814; x_wconf 84' lang='grc' dir='ltr'>κτῆμα</span> 
     </span>
    </p>
   </div>
   <div class='ocr_carea' id='block_1_70' title="bbox 350 3834 1937 3907">
    <p class='ocr_par' dir='ltr' id='par_1_70' title="bbox 350 3834 1937 3907">
     <span class='ocr_line' id='line_1_70' title="bbox 350 3834 1937 3907; baseline 0 -19"><span class='ocrx_word' id='word_1_502' title='bbox 350 3853 427 3907; x_wconf 82' lang='grc' dir='ltr'><strong>πρ</strong></span> <span class='ocrx_word' id='word_1_503' title='bbox 462 3834 688 3895; x_wconf 72' lang='grc' dir='ltr'>σὲταξεν</span> <span class='ocrx_word' id='word_1_504' title='bbox 719 3835 798 3897; x_wconf 82' lang='grc' dir='ltr'><strong>εἰς</strong></span> <span class='ocrx_word' id='word_1_505' title='bbox 845 3835 1160 3904; x_wconf 55' lang='grc' dir='ltr'>ἀποτροφὴν</span> <span class='ocrx_word' id='word_1_506' title='bbox 1197 3834 1304 3887; x_wconf 84' lang='grc' dir='ltr'><strong>τῶν</strong></span> <span class='ocrx_word' id='word_1_507' title='bbox 1336 3835 1641 3906; x_wconf 73' lang='grc' dir='ltr'>μελλόντων</span> <span class='ocrx_word' id='word_1_508' title='bbox 1680 3835 1937 3905; x_wconf 76' lang='grc' dir='ltr'>παραμέο</span> 
     </span>
    </p>
   </div>
   <div class='ocr_carea' id='block_1_71' title="bbox 350 3927 1937 3998">
    <p class='ocr_par' dir='ltr' id='par_1_71' title="bbox 350 3927 1937 3998">
     <span class='ocr_line' id='line_1_71' title="bbox 350 3927 1937 3998; baseline 0.001 -18"><span class='ocrx_word' id='word_1_509' title='bbox 350 3931 546 3997; x_wconf 79' lang='grc' dir='ltr'>νειντῇ</span> <span class='ocrx_word' id='word_1_510' title='bbox 580 3928 860 3998; x_wconf 70' lang='grc' dir='ltr'>ὑπηρεσίᾳ</span> <span class='ocrx_word' id='word_1_511' title='bbox 903 3927 999 3980; x_wconf 65' lang='grc' dir='ltr'>τοῦ</span> <span class='ocrx_word' id='word_1_512' title='bbox 1053 3928 1362 3998; x_wconf 83' lang='grc' dir='ltr'>μαρτυρίου</span> <span class='ocrx_word' id='word_1_513' title='bbox 1397 3927 1576 3980; x_wconf 74' lang='grc' dir='ltr'>αὐτῶν</span> <span class='ocrx_word' id='word_1_514' title='bbox 1609 3943 1937 3996; x_wconf 80' lang='grc' dir='ltr'>προσκυρω-</span> 
     </span>
    </p>
   </div>
   <div class='ocr_carea' id='block_1_72' title="bbox 356 4017 1940 4089">
    <p class='ocr_par' dir='ltr' id='par_1_72' title="bbox 356 4017 1940 4089">
     <span class='ocr_line' id='line_1_72' title="bbox 356 4017 1940 4089; baseline -0.002 -18"><span class='ocrx_word' id='word_1_515' title='bbox 356 4019 517 4087; x_wconf 72' lang='grc' dir='ltr'>θῆναι</span> <span class='ocrx_word' id='word_1_516' title='bbox 541 4035 556 4050; x_wconf 73' lang='grc' dir='ltr'><strong>ο</strong></span> <span class='ocrx_word' id='word_1_517' title='bbox 620 4020 720 4087; x_wconf 78' lang='grc' dir='ltr'>τὴν</span> <span class='ocrx_word' id='word_1_518' title='bbox 749 4018 806 4070; x_wconf 82' lang='grc' dir='ltr'>δὲ</span> <span class='ocrx_word' id='word_1_519' title='bbox 837 4018 1032 4088; x_wconf 75' lang='grc' dir='ltr'>λοιπὴν</span> <span class='ocrx_word' id='word_1_520' title='bbox 1093 4020 1276 4072; x_wconf 83' lang='grc' dir='ltr'>πᾶσαν</span> <span class='ocrx_word' id='word_1_521' title='bbox 1316 4019 1548 4089; x_wconf 78' lang='grc' dir='ltr'>κινητὴν</span> <span class='ocrx_word' id='word_1_522' title='bbox 1597 4017 1806 4082; x_wconf 83' lang='grc' dir='ltr'>οὐσίαν,</span> <span class='ocrx_word' id='word_1_523' title='bbox 1840 4017 1940 4087; x_wconf 77' lang='grc' dir='ltr'>τὴν</span> 
     </span>
    </p>
   </div>
   <div class='ocr_carea' id='block_1_73' title="bbox 359 4105 1940 4180">
    <p class='ocr_par' dir='ltr' id='par_1_73' title="bbox 359 4105 1940 4180">
     <span class='ocr_line' id='line_1_73' title="bbox 359 4105 1940 4180; baseline 0.001 -21"><span class='ocrx_word' id='word_1_524' title='bbox 359 4110 457 4177; x_wconf 82' lang='grc' dir='ltr'>μὲν</span> <span class='ocrx_word' id='word_1_525' title='bbox 480 4105 739 4176; x_wconf 60' lang='grc' dir='ltr'>ἡμίσειαν</span> <span class='ocrx_word' id='word_1_526' title='bbox 804 4107 999 4178; x_wconf 80' lang='grc' dir='ltr'>πένησι</span> <span class='ocrx_word' id='word_1_527' title='bbox 1079 4109 1500 4180; x_wconf 79' lang='grc' dir='ltr'>διανεμηθῆναι,</span> <span class='ocrx_word' id='word_1_528' title='bbox 1549 4110 1644 4178; x_wconf 87' lang='grc' dir='ltr'>τὴν</span> <span class='ocrx_word' id='word_1_529' title='bbox 1679 4111 1734 4163; x_wconf 81' lang='grc' dir='ltr'>δὲ</span> <span class='ocrx_word' id='word_1_530' title='bbox 1773 4108 1940 4179; x_wconf 74' lang='grc' dir='ltr'>ἄλλην</span> 
     </span>
    </p>
   </div>
   <div class='ocr_carea' id='block_1_74' title="bbox 363 4199 1942 4273">
    <p class='ocr_par' dir='ltr' id='par_1_74' title="bbox 363 4199 1942 4273">
     <span class='ocr_line' id='line_1_74' title="bbox 363 4199 1942 4273; baseline 0 -18"><span class='ocrx_word' id='word_1_531' title='bbox 363 4204 486 4265; x_wconf 80' lang='grc' dir='ltr'>ταῖς</span> <span class='ocrx_word' id='word_1_532' title='bbox 519 4203 780 4267; x_wconf 66' lang='grc' dir='ltr'>ἁδελιξαίς</span> <span class='ocrx_word' id='word_1_533' title='bbox 816 4200 982 4254; x_wconf 69' lang='grc' dir='ltr'>αὐτοῦ</span> <span class='ocrx_word' id='word_1_534' title='bbox 1015 4202 1458 4273; x_wconf 79' lang='grc' dir='ltr'>παρασχεθῆναι,</span> <span class='ocrx_word' id='word_1_535' title='bbox 1483 4202 1612 4265; x_wconf 76' lang='grc' dir='ltr'>τοὺς</span> <span class='ocrx_word' id='word_1_536' title='bbox 1635 4201 1693 4256; x_wconf 79' lang='grc' dir='ltr'>δὲ</span> <span class='ocrx_word' id='word_1_537' title='bbox 1719 4199 1942 4264; x_wconf 72' lang='grc' dir='ltr'>οἰκέτας</span> 
     </span>
    </p>
   </div>
   <div class='ocr_carea' id='block_1_75' title="bbox 359 4293 1942 4364">
    <p class='ocr_par' dir='ltr' id='par_1_75' title="bbox 359 4293 1942 4364">
     <span class='ocr_line' id='line_1_75' title="bbox 359 4293 1942 4364; baseline 0.002 -19"><span class='ocrx_word' id='word_1_538' title='bbox 359 4293 674 4364; x_wconf 71' lang='grc' dir='ltr'>ἐλευθερίας</span> <span class='ocrx_word' id='word_1_539' title='bbox 729 4295 936 4364; x_wconf 79' lang='grc' dir='ltr'>τυχεῖν,</span> <span class='ocrx_word' id='word_1_540' title='bbox 989 4293 1254 4356; x_wconf 70' lang='grc' dir='ltr'>λαϐόντας</span> <span class='ocrx_word' id='word_1_541' title='bbox 1308 4295 1404 4349; x_wconf 70' lang='grc' dir='ltr'><strong>καὶ</strong></span> <span class='ocrx_word' id='word_1_542' title='bbox 1440 4295 1860 4361; x_wconf 84' lang='grc' dir='ltr'>λεγᾶτα.Τοῦτο</span> <span class='ocrx_word' id='word_1_543' title='bbox 1883 4295 1942 4348; x_wconf 75' lang='grc' dir='ltr'>δὲ</span> 
     </span>
    </p>
   </div>
   <div class='ocr_carea' id='block_1_76' title="bbox 361 4386 1939 4458">
    <p class='ocr_par' dir='ltr' id='par_1_76' title="bbox 361 4386 1939 4458">
     <span class='ocr_line' id='line_1_76' title="bbox 361 4386 1939 4458; baseline 0.001 -19"><span class='ocrx_word' id='word_1_544' title='bbox 361 4386 714 4448; x_wconf 72' lang='grc' dir='ltr'>διατυπώσας</span> <span class='ocrx_word' id='word_1_545' title='bbox 749 4387 1075 4456; x_wconf 82' lang='grc' dir='ltr'>ὲνήστευσεν</span> <span class='ocrx_word' id='word_1_546' title='bbox 1131 4387 1260 4458; x_wconf 83' lang='grc' dir='ltr'>ὅλην</span> <span class='ocrx_word' id='word_1_547' title='bbox 1307 4386 1404 4458; x_wconf 79' lang='grc' dir='ltr'>τὴν</span> <span class='ocrx_word' id='word_1_548' title='bbox 1439 4387 1658 4456; x_wconf 78' lang='grc' dir='ltr'>ἡμέραν</span> <span class='ocrx_word' id='word_1_549' title='bbox 1702 4386 1939 4456; x_wconf 76' lang='grc' dir='ltr'>ἐκείνην.</span> 
     </span>
    </p>
   </div>
   <div class='ocr_carea' id='block_1_77' title="bbox 435 4459 2023 4549">
    <p class='ocr_par' dir='ltr' id='par_1_77' title="bbox 435 4459 2023 4549">
     <span class='ocr_line' id='line_1_77' title="bbox 435 4459 2023 4549; baseline -0.001 -17"><span class='ocrx_word' id='word_1_550' title='bbox 435 4466 525 4532; x_wconf 42' lang='grc' dir='ltr'><strong>Δί</strong></span> <span class='ocrx_word' id='word_1_551' title='bbox 562 4479 621 4530; x_wconf 83' lang='lat'><strong>&#39;0</strong></span> <span class='ocrx_word' id='word_1_552' title='bbox 647 4479 703 4531; x_wconf 81' lang='grc' dir='ltr'>δὲ</span> <span class='ocrx_word' id='word_1_553' title='bbox 743 4477 1036 4540; x_wconf 73' lang='grc' dir='ltr'>ἐπίσκοπος</span> <span class='ocrx_word' id='word_1_554' title='bbox 1059 4480 1156 4549; x_wconf 82' lang='grc' dir='ltr'>τῆς</span> <span class='ocrx_word' id='word_1_555' title='bbox 1194 4478 1565 4531; x_wconf 86' lang='grc' dir='ltr'>Σεϐαστεινῶν</span> <span class='ocrx_word' id='word_1_556' title='bbox 1625 4478 1830 4540; x_wconf 79' lang='grc' dir='ltr'>πόλεως</span> <span class='ocrx_word' id='word_1_557' title='bbox 1853 4478 1931 4548; x_wconf 83' lang='grc' dir='ltr'>τῷ</span> <span class='ocrx_word' id='word_1_558' title='bbox 1969 4459 2023 4520; x_wconf 87' lang='grc' dir='ltr'><strong>Ῑ)</strong></span> 
     </span>
    </p>
   </div>
   <div class='ocr_carea' id='block_1_78' title="bbox 364 4568 1946 4642">
    <p class='ocr_par' dir='ltr' id='par_1_78' title="bbox 364 4568 1946 4642">
     <span class='ocr_line' id='line_1_78' title="bbox 364 4568 1946 4642; baseline -0.001 -18"><span class='ocrx_word' id='word_1_559' title='bbox 364 4574 486 4626; x_wconf 81' lang='grc' dir='ltr'>τῖτε</span> <span class='ocrx_word' id='word_1_560' title='bbox 517 4571 695 4642; x_wconf 67' lang='grc' dir='ltr'>κρίνῳ</span> <span class='ocrx_word' id='word_1_561' title='bbox 745 4571 1232 4641; x_wconf 70' lang='grc' dir='ltr'>ἑποκρυπτόμενος</span> <span class='ocrx_word' id='word_1_562' title='bbox 1259 4568 1325 4642; x_wconf 80' lang='grc' dir='ltr'>ἦν</span> <span class='ocrx_word' id='word_1_563' title='bbox 1352 4571 1439 4624; x_wconf 81' lang='grc' dir='ltr'>διὰ</span> <span class='ocrx_word' id='word_1_564' title='bbox 1453 4571 1946 4642; x_wconf 76' lang='grc' dir='ltr'>τὸνδιωγμόν.”οσ-</span> 
     </span>
    </p>
   </div>
   <div class='ocr_carea' id='block_1_79' title="bbox 365 4663 1950 4736">
    <p class='ocr_par' dir='ltr' id='par_1_79' title="bbox 365 4663 1950 4736">
     <span class='ocr_line' id='line_1_79' title="bbox 365 4663 1950 4736; baseline -0.001 -17"><span class='ocrx_word' id='word_1_565' title='bbox 365 4684 446 4727; x_wconf 75' lang='grc' dir='ltr'><strong>τις</strong></span> <span class='ocrx_word' id='word_1_566' title='bbox 470 4663 643 4718; x_wconf 66' lang='grc' dir='ltr'>ἐλθὼν</span> <span class='ocrx_word' id='word_1_567' title='bbox 663 4668 717 4716; x_wconf 70' lang='grc' dir='ltr'>ἐν</span> <span class='ocrx_word' id='word_1_568' title='bbox 745 4667 809 4734; x_wconf 84' lang='grc' dir='ltr'><strong>τῇ</strong></span> <span class='ocrx_word' id='word_1_569' title='bbox 840 4665 995 4716; x_wconf 79' lang='grc' dir='ltr'>νυκτὶ</span> <span class='ocrx_word' id='word_1_570' title='bbox 1021 4665 1204 4736; x_wconf 74' lang='grc' dir='ltr'>ἐκείνῃ</span> <span class='ocrx_word' id='word_1_571' title='bbox 1232 4665 1368 4734; x_wconf 76' lang='grc' dir='ltr'>πρὸς</span> <span class='ocrx_word' id='word_1_572' title='bbox 1398 4665 1579 4729; x_wconf 84' lang='grc' dir='ltr'>αὐτὸν,</span> <span class='ocrx_word' id='word_1_573' title='bbox 1610 4668 1704 4718; x_wconf 78' lang='grc' dir='ltr'>καὶ</span> <span class='ocrx_word' id='word_1_574' title='bbox 1731 4667 1950 4736; x_wconf 69' lang='grc' dir='ltr'>χρήμαο</span> 
     </span>
    </p>
   </div>
   <div class='ocr_carea' id='block_1_80' title="bbox 372 4757 1943 4828">
    <p class='ocr_par' dir='ltr' id='par_1_80' title="bbox 372 4757 1943 4828">
     <span class='ocr_line' id='line_1_80' title="bbox 372 4757 1943 4828; baseline 0.001 -19"><span class='ocrx_word' id='word_1_575' title='bbox 372 4759 572 4817; x_wconf 52' lang='lat' dir='ltr'><strong>caici);</strong></span> <span class='ocrx_word' id='word_1_576' title='bbox 601 4760 713 4818; x_wconf 78' lang='grc' dir='ltr'>τοῖς</span> <span class='ocrx_word' id='word_1_577' title='bbox 746 4757 1128 4824; x_wconf 76' lang='grc' dir='ltr'>φυλάττουσιν,</span> <span class='ocrx_word' id='word_1_578' title='bbox 1162 4757 1394 4826; x_wconf 77' lang='grc' dir='ltr'>ἠξίωσεν</span> <span class='ocrx_word' id='word_1_579' title='bbox 1416 4757 1817 4828; x_wconf 74' lang='grc' dir='ltr'>ἐπισκέψασθαι</span> <span class='ocrx_word' id='word_1_580' title='bbox 1853 4760 1943 4810; x_wconf 64' lang='grc' dir='ltr'><strong>τὸν</strong></span> 
     </span>
    </p>
   </div>
   <div class='ocr_carea' id='block_1_81' title="bbox 379 4847 1947 4922">
    <p class='ocr_par' dir='ltr' id='par_1_81' title="bbox 379 4847 1947 4922">
     <span class='ocr_line' id='line_1_81' title="bbox 379 4847 1947 4922; baseline -0.001 -18"><span class='ocrx_word' id='word_1_581' title='bbox 379 4852 533 4920; x_wconf 49' lang='lat' dir='ltr'><strong>am»</strong></span> <span class='ocrx_word' id='word_1_582' title='bbox 556 4852 905 4920; x_wconf 75' lang='grc' dir='ltr'>Ιίὐστρατιον,</span> <span class='ocrx_word' id='word_1_583' title='bbox 929 4847 998 4922; x_wconf 81' lang='grc' dir='ltr'>ἦν</span> <span class='ocrx_word' id='word_1_584' title='bbox 1023 4853 1132 4920; x_wconf 72' lang='grc' dir='ltr'>γὰρ</span> <span class='ocrx_word' id='word_1_585' title='bbox 1165 4851 1404 4910; x_wconf 83' lang='grc' dir='ltr'>ἀκούσας</span> <span class='ocrx_word' id='word_1_586' title='bbox 1439 4851 1689 4920; x_wconf 73' lang='grc' dir='ltr'>περὶτῆς</span> <span class='ocrx_word' id='word_1_587' title='bbox 1755 4850 1947 4919; x_wconf 56' lang='grc' dir='ltr'>σοφίας</span> 
     </span>
    </p>
   </div>
   <div class='ocr_carea' id='block_1_82' title="bbox 379 4943 1947 5016">
    <p class='ocr_par' dir='ltr' id='par_1_82' title="bbox 379 4943 1947 5016">
     <span class='ocr_line' id='line_1_82' title="bbox 379 4943 1947 5016; baseline 0.001 -21"><span class='ocrx_word' id='word_1_588' title='bbox 379 4945 547 4996; x_wconf 76' lang='grc' dir='ltr'>αὑτοῦ</span> <span class='ocrx_word' id='word_1_589' title='bbox 572 4946 668 4997; x_wconf 75' lang='grc' dir='ltr'>καὶ</span> <span class='ocrx_word' id='word_1_590' title='bbox 707 4944 909 5012; x_wconf 79' lang='grc' dir='ltr'>πολλῆς</span> <span class='ocrx_word' id='word_1_591' title='bbox 959 4945 1297 5016; x_wconf 68' lang='grc' dir='ltr'>παρρησίας,</span> <span class='ocrx_word' id='word_1_592' title='bbox 1335 4945 1429 4998; x_wconf 75' lang='grc' dir='ltr'>καὶ</span> <span class='ocrx_word' id='word_1_593' title='bbox 1471 4943 1947 5015; x_wconf 73' lang='grc' dir='ltr'>ὃπωςκατῄτχυνε</span> 
     </span>
    </p>
   </div>
   <div class='ocr_carea' id='block_1_83' title="bbox 373 5033 1949 5105">
    <p class='ocr_par' dir='ltr' id='par_1_83' title="bbox 373 5033 1949 5105">
     <span class='ocr_line' id='line_1_83' title="bbox 373 5033 1949 5105; baseline -0.002 -17"><span class='ocrx_word' id='word_1_594' title='bbox 373 5038 462 5088; x_wconf 58' lang='grc' dir='ltr'>τὶν</span> <span class='ocrx_word' id='word_1_595' title='bbox 493 5034 733 5105; x_wconf 52' lang='lat' dir='ltr'><strong>imam</strong></span> <span class='ocrx_word' id='word_1_596' title='bbox 805 5035 944 5104; x_wconf 83' lang='grc' dir='ltr'>μετὰ</span> <span class='ocrx_word' id='word_1_597' title='bbox 964 5035 1072 5087; x_wconf 86' lang='grc' dir='ltr'><strong>τῶν</strong></span> <span class='ocrx_word' id='word_1_598' title='bbox 1136 5035 1276 5087; x_wconf 84' lang='grc' dir='ltr'>θεῶν</span> <span class='ocrx_word' id='word_1_599' title='bbox 1337 5033 1644 5100; x_wconf 74' lang='grc' dir='ltr'>αὐτοῦ,καὶ</span> <span class='ocrx_word' id='word_1_600' title='bbox 1691 5034 1949 5088; x_wconf 79' lang='grc' dir='ltr'>εἰσελθὼν</span> 
     </span>
    </p>
   </div>
   <div class='ocr_carea' id='block_1_84' title="bbox 376 5125 1950 5196">
    <p class='ocr_par' dir='ltr' id='par_1_84' title="bbox 376 5125 1950 5196">
     <span class='ocr_line' id='line_1_84' title="bbox 376 5125 1950 5196; baseline 0.001 -19"><span class='ocrx_word' id='word_1_601' title='bbox 376 5126 504 5189; x_wconf 74' lang='grc' dir='ltr'>ἔσω,</span> <span class='ocrx_word' id='word_1_602' title='bbox 541 5125 632 5177; x_wconf 73' lang='grc' dir='ltr'>καὶ</span> <span class='ocrx_word' id='word_1_603' title='bbox 662 5125 921 5195; x_wconf 54' lang='grc' dir='ltr'>ἑωρακὼς</span> <span class='ocrx_word' id='word_1_604' title='bbox 953 5127 1139 5194; x_wconf 70' lang='grc' dir='ltr'>αὑτὸν,</span> <span class='ocrx_word' id='word_1_605' title='bbox 1181 5126 1376 5180; x_wconf 81' lang='grc' dir='ltr'>ἔπεσεν</span> <span class='ocrx_word' id='word_1_606' title='bbox 1407 5128 1501 5179; x_wconf 77' lang='grc' dir='ltr'><strong>ἐπὶ</strong></span> <span class='ocrx_word' id='word_1_607' title='bbox 1531 5127 1828 5196; x_wconf 62' lang='grc' dir='ltr'>πράσωπον</span> <span class='ocrx_word' id='word_1_608' title='bbox 1855 5127 1950 5178; x_wconf 71' lang='grc' dir='ltr'><strong>ἐπὶ</strong></span> 
     </span>
    </p>
   </div>
   <div class='ocr_carea' id='block_1_85' title="bbox 374 5201 1944 5289">
    <p class='ocr_par' dir='ltr' id='par_1_85' title="bbox 374 5201 1944 5289">
     <span class='ocr_line' id='line_1_85' title="bbox 374 5201 1944 5289; baseline -0.001 -18"><span class='ocrx_word' id='word_1_609' title='bbox 374 5219 473 5288; x_wconf 82' lang='grc' dir='ltr'>τὴν</span> <span class='ocrx_word' id='word_1_610' title='bbox 501 5219 606 5286; x_wconf 75' lang='grc' dir='ltr'>γῆν</span> <span class='ocrx_word' id='word_1_611' title='bbox 645 5219 741 5271; x_wconf 72' lang='grc' dir='ltr'><strong>καὶ</strong></span> <span class='ocrx_word' id='word_1_612' title='bbox 799 5201 994 5288; x_wconf 70' lang='grc' dir='ltr'>ἐδεήθη</span> <span class='ocrx_word' id='word_1_613' title='bbox 1040 5219 1206 5272; x_wconf 82' lang='grc' dir='ltr'>αὐτοῦ</span> <span class='ocrx_word' id='word_1_614' title='bbox 1255 5218 1512 5289; x_wconf 80' lang='grc' dir='ltr'>εἰρηκώς·</span> <span class='ocrx_word' id='word_1_615' title='bbox 1552 5219 1838 5289; x_wconf 69' lang='grc' dir='ltr'>Μακάριος</span> <span class='ocrx_word' id='word_1_616' title='bbox 1875 5214 1944 5282; x_wconf 77' lang='grc' dir='ltr'>εἴ,</span> 
     </span>
    </p>
   </div>
   <div class='ocr_carea' id='block_1_86' title="bbox 373 5309 1949 5380">
    <p class='ocr_par' dir='ltr' id='par_1_86' title="bbox 373 5309 1949 5380">
     <span class='ocr_line' id='line_1_86' title="bbox 373 5309 1949 5380; baseline 0 -18"><span class='ocrx_word' id='word_1_617' title='bbox 373 5313 564 5363; x_wconf 73' lang='grc' dir='ltr'>τέκνον</span> <span class='ocrx_word' id='word_1_618' title='bbox 603 5309 926 5380; x_wconf 71' lang='grc' dir='ltr'>Βὺστράτιε,</span> <span class='ocrx_word' id='word_1_619' title='bbox 959 5311 1041 5363; x_wconf 85' lang='grc' dir='ltr'>ὅτι</span> <span class='ocrx_word' id='word_1_620' title='bbox 1064 5310 1239 5372; x_wconf 73' lang='grc' dir='ltr'>οὕτως</span> <span class='ocrx_word' id='word_1_621' title='bbox 1281 5309 1697 5379; x_wconf 75' lang='grc' dir='ltr'>ἐνεδυναμώθης</span> <span class='ocrx_word' id='word_1_622' title='bbox 1734 5311 1839 5362; x_wconf 75' lang='grc' dir='ltr'>ὑπὸ</span> <span class='ocrx_word' id='word_1_623' title='bbox 1856 5309 1949 5362; x_wconf 80' lang='grc' dir='ltr'>τοῦ</span> 
     </span>
    </p>
   </div>
   <div class='ocr_carea' id='block_1_87' title="bbox 379 5401 1952 5474">
    <p class='ocr_par' dir='ltr' id='par_1_87' title="bbox 379 5401 1952 5474">
     <span class='ocr_line' id='line_1_87' title="bbox 379 5401 1952 5474; baseline -0.002 -18"><span class='ocrx_word' id='word_1_624' title='bbox 379 5404 764 5473; x_wconf 75' lang='grc' dir='ltr'>φιλανθρώπου</span> <span class='ocrx_word' id='word_1_625' title='bbox 823 5403 981 5458; x_wconf 81' lang='grc' dir='ltr'>Θεοῦ.</span> <span class='ocrx_word' id='word_1_626' title='bbox 1038 5406 1305 5474; x_wconf 82' lang='grc' dir='ltr'>Μέμνησο</span> <span class='ocrx_word' id='word_1_627' title='bbox 1330 5403 1386 5456; x_wconf 79' lang='grc' dir='ltr'>δὲ</span> <span class='ocrx_word' id='word_1_628' title='bbox 1419 5404 1514 5456; x_wconf 75' lang='grc' dir='ltr'>καὶ</span> <span class='ocrx_word' id='word_1_629' title='bbox 1570 5401 1724 5472; x_wconf 76' lang='grc' dir='ltr'>ἐμοῦ.</span> <span class='ocrx_word' id='word_1_630' title='bbox 1763 5402 1952 5470; x_wconf 80' lang='grc' dir='ltr'>δέομαί</span> 
     </span>
    </p>
   </div>
   <div class='ocr_carea' id='block_1_88' title="bbox 380 5488 1953 5562">
    <p class='ocr_par' dir='ltr' id='par_1_88' title="bbox 380 5488 1953 5562">
     <span class='ocr_line' id='line_1_88' title="bbox 380 5488 1953 5562; baseline -0.005 -16"><span class='ocrx_word' id='word_1_631' title='bbox 380 5513 499 5547; x_wconf 76' lang='grc' dir='ltr'>σου.</span> <span class='ocrx_word' id='word_1_632' title='bbox 546 5495 677 5545; x_wconf 78' lang='grc' dir='ltr'><strong>Ὀδὲ</strong></span> <span class='ocrx_word' id='word_1_633' title='bbox 708 5494 864 5561; x_wconf 77' lang='grc' dir='ltr'>ἆγιος</span> <span class='ocrx_word' id='word_1_634' title='bbox 912 5493 1247 5562; x_wconf 80' lang='grc' dir='ltr'>Εὑστράτιος</span> <span class='ocrx_word' id='word_1_635' title='bbox 1281 5491 1633 5561; x_wconf 66' lang='grc' dir='ltr'>ἁπεκρίνατου</span> <span class='ocrx_word' id='word_1_636' title='bbox 1675 5490 1766 5558; x_wconf 80' lang='grc' dir='ltr'><strong>Μὴ</strong></span> <span class='ocrx_word' id='word_1_637' title='bbox 1810 5488 1953 5541; x_wconf 76' lang='grc' dir='ltr'>ποίει</span> 
     </span>
    </p>
   </div>
   <div class='ocr_carea' id='block_1_89' title="bbox 378 5580 1956 5654">
    <p class='ocr_par' dir='ltr' id='par_1_89' title="bbox 378 5580 1956 5654">
     <span class='ocr_line' id='line_1_89' title="bbox 378 5580 1956 5654; baseline -0.004 -15"><span class='ocrx_word' id='word_1_638' title='bbox 378 5585 541 5647; x_wconf 66' lang='grc' dir='ltr'>οὕτω,</span> <span class='ocrx_word' id='word_1_639' title='bbox 566 5586 748 5654; x_wconf 81' lang='grc' dir='ltr'>Πάτερ</span> <span class='ocrx_word' id='word_1_640' title='bbox 789 5584 1062 5654; x_wconf 79' lang='grc' dir='ltr'>πνεύματι</span> <span class='ocrx_word' id='word_1_641' title='bbox 1095 5583 1272 5654; x_wconf 83' lang='grc' dir='ltr'>κύριε,</span> <span class='ocrx_word' id='word_1_642' title='bbox 1295 5583 1409 5638; x_wconf 82' lang='grc' dir='ltr'>ἀλλ’</span> <span class='ocrx_word' id='word_1_643' title='bbox 1439 5584 1518 5644; x_wconf 81' lang='lat' dir='ltr'><strong>ei;</strong></span> <span class='ocrx_word' id='word_1_644' title='bbox 1549 5581 1645 5650; x_wconf 71' lang='grc' dir='ltr'>τὴν</span> <span class='ocrx_word' id='word_1_645' title='bbox 1672 5580 1956 5650; x_wconf 69' lang='grc' dir='ltr'>ἐπικειμέ-</span> 
     </span>
    </p>
   </div>
   <div class='ocr_carea' id='block_1_90' title="bbox 382 5671 1954 5746">
    <p class='ocr_par' dir='ltr' id='par_1_90' title="bbox 382 5671 1954 5746">
     <span class='ocr_line' id='line_1_90' title="bbox 382 5671 1954 5746; baseline -0.003 -18"><span class='ocrx_word' id='word_1_646' title='bbox 382 5695 483 5746; x_wconf 82' lang='grc' dir='ltr'><strong>νην</strong></span> <span class='ocrx_word' id='word_1_647' title='bbox 539 5691 625 5729; x_wconf 89' lang='grc' dir='ltr'><strong>σοι</strong></span> <span class='ocrx_word' id='word_1_648' title='bbox 666 5675 822 5741; x_wconf 78' lang='grc' dir='ltr'>ἀξίαν</span> <span class='ocrx_word' id='word_1_649' title='bbox 857 5677 1185 5731; x_wconf 78' lang='grc' dir='ltr'>ἀποϐλέπων</span> <span class='ocrx_word' id='word_1_650' title='bbox 1243 5678 1372 5744; x_wconf 81' lang='grc' dir='ltr'>παρ’</span> <span class='ocrx_word' id='word_1_651' title='bbox 1420 5673 1577 5744; x_wconf 76' lang='grc' dir='ltr'>ἡμῶν</span> <span class='ocrx_word' id='word_1_652' title='bbox 1641 5672 1862 5740; x_wconf 73' lang='grc' dir='ltr'>ἑκδέχου</span> <span class='ocrx_word' id='word_1_653' title='bbox 1894 5671 1954 5724; x_wconf 73' lang='grc' dir='ltr'>τὸ</span> 
     </span>
    </p>
   </div>
   <div class='ocr_carea' id='block_1_91' title="bbox 383 5760 1956 5842">
    <p class='ocr_par' dir='ltr' id='par_1_91' title="bbox 383 5760 1956 5842">
     <span class='ocr_line' id='line_1_91' title="bbox 383 5760 1956 5842; baseline -0.003 -21"><span class='ocrx_word' id='word_1_654' title='bbox 383 5769 625 5824; x_wconf 73' lang='grc' dir='ltr'>τοιοῦτον</span> <span class='ocrx_word' id='word_1_655' title='bbox 689 5769 1030 5842; x_wconf 71' lang='grc' dir='ltr'>πληροῦσθαί</span> <span class='ocrx_word' id='word_1_656' title='bbox 1086 5787 1164 5824; x_wconf 82' lang='grc' dir='ltr'><strong>σοι</strong></span> <span class='ocrx_word' id='word_1_657' title='bbox 1213 5768 1392 5840; x_wconf 79' lang='grc' dir='ltr'>χρέος.</span> <span class='ocrx_word' id='word_1_658' title='bbox 1443 5765 1835 5821; x_wconf 70' lang='grc' dir='ltr'>Καθετθὲντων</span> <span class='ocrx_word' id='word_1_659' title='bbox 1865 5760 1956 5818; x_wconf 73' lang='grc' dir='ltr'>οὖν</span> 
     </span>
    </p>
   </div>
   <div class='ocr_carea' id='block_1_92' title="bbox 2031 3189 3608 3257">
    <p class='ocr_par' dir='ltr' id='par_1_92' title="bbox 2031 3189 3608 3257">
     <span class='ocr_line' id='line_1_92' title="bbox 2031 3189 3608 3257; baseline -0.003 -9"><span class='ocrx_word' id='word_1_660' title='bbox 2031 3193 2411 3257; x_wconf 83' lang='lat' dir='ltr'><strong>Analicozora,</strong></span> <span class='ocrx_word' id='word_1_661' title='bbox 2469 3191 2631 3246; x_wconf 87' lang='lat' dir='ltr'><strong>simul</strong></span> <span class='ocrx_word' id='word_1_662' title='bbox 2685 3205 2812 3246; x_wconf 84' lang='lat' dir='ltr'><strong>cum</strong></span> <span class='ocrx_word' id='word_1_663' title='bbox 2869 3190 3144 3245; x_wconf 77' lang='lat' dir='ltr'><strong>Auxentio</strong></span> <span class='ocrx_word' id='word_1_664' title='bbox 3202 3198 3259 3245; x_wconf 91' lang='lat' dir='ltr'><strong>et</strong></span> <span class='ocrx_word' id='word_1_665' title='bbox 3310 3189 3503 3245; x_wconf 79' lang='lat' dir='ltr'><strong>Oreste</strong></span> <span class='ocrx_word' id='word_1_666' title='bbox 3550 3197 3608 3246; x_wconf 88' lang='lat' dir='ltr'><strong>et</strong></span> 
     </span>
    </p>
   </div>
   <div class='ocr_carea' id='block_1_93' title="bbox 2030 3282 3606 3353">
    <p class='ocr_par' dir='ltr' id='par_1_93' title="bbox 2030 3282 3606 3353">
     <span class='ocr_line' id='line_1_93' title="bbox 2030 3282 3606 3353; baseline -0.003 -12"><span class='ocrx_word' id='word_1_667' title='bbox 2030 3286 2300 3341; x_wconf 84' lang='lat' dir='ltr'><strong>Mardario</strong></span> <span class='ocrx_word' id='word_1_668' title='bbox 2331 3295 2387 3340; x_wconf 85' lang='lat' dir='ltr'><strong>et</strong></span> <span class='ocrx_word' id='word_1_669' title='bbox 2421 3284 2986 3353; x_wconf 70' lang='lat' dir='ltr'><strong>liugenio;quoniam</strong></span> <span class='ocrx_word' id='word_1_670' title='bbox 3031 3282 3088 3336; x_wconf 78' lang='lat' dir='ltr'><strong>lii</strong></span> <span class='ocrx_word' id='word_1_671' title='bbox 3137 3283 3312 3338; x_wconf 87' lang='lat' dir='ltr'><strong>sancti</strong></span> <span class='ocrx_word' id='word_1_672' title='bbox 3355 3291 3606 3338; x_wconf 80' lang='lat' dir='ltr'><strong>sanctum</strong></span> 
     </span>
    </p>
   </div>
   <div class='ocr_carea' id='block_1_94' title="bbox 2032 3373 3605 3444">
    <p class='ocr_par' dir='ltr' id='par_1_94' title="bbox 2032 3373 3605 3444">
     <span class='ocr_line' id='line_1_94' title="bbox 2032 3373 3605 3444; baseline 0 -14"><span class='ocrx_word' id='word_1_673' title='bbox 2032 3376 2374 3431; x_wconf 86' lang='lat' dir='ltr'><strong>Eustratium</strong></span> <span class='ocrx_word' id='word_1_674' title='bbox 2431 3385 2782 3430; x_wconf 86' lang='lat' dir='ltr'><strong>sacramento</strong></span> <span class='ocrx_word' id='word_1_675' title='bbox 2821 3373 3148 3444; x_wconf 75' lang='lat' dir='ltr'><strong>adegerunt,</strong></span> <span class='ocrx_word' id='word_1_676' title='bbox 3197 3374 3466 3440; x_wconf 88' lang='lat' dir='ltr'><strong>dicentes,</strong></span> <span class='ocrx_word' id='word_1_677' title='bbox 3524 3384 3605 3438; x_wconf 90' lang='lat' dir='ltr'><strong>ut,</strong></span> 
     </span>
    </p>
   </div>
   <div class='ocr_carea' id='block_1_95' title="bbox 2033 3467 3608 3537">
    <p class='ocr_par' dir='ltr' id='par_1_95' title="bbox 2033 3467 3608 3537">
     <span class='ocr_line' id='line_1_95' title="bbox 2033 3467 3608 3537; baseline 0 -16"><span class='ocrx_word' id='word_1_678' title='bbox 2033 3476 2320 3537; x_wconf 87' lang='lat' dir='ltr'><strong>postquam</strong></span> <span class='ocrx_word' id='word_1_679' title='bbox 2373 3476 2518 3521; x_wconf 86' lang='lat' dir='ltr'><strong>esset</strong></span> <span class='ocrx_word' id='word_1_680' title='bbox 2581 3477 3014 3531; x_wconf 87' lang='lat' dir='ltr'><strong>consummatus,</strong></span> <span class='ocrx_word' id='word_1_681' title='bbox 3057 3481 3182 3520; x_wconf 85' lang='lat' dir='ltr'><strong>cum</strong></span> <span class='ocrx_word' id='word_1_682' title='bbox 3243 3467 3450 3521; x_wconf 82' lang='lat' dir='ltr'><strong>sanctis</strong></span> <span class='ocrx_word' id='word_1_683' title='bbox 3492 3467 3608 3522; x_wconf 83' lang='lat' dir='ltr'><strong>suis</strong></span> 
     </span>
    </p>
   </div>
   <div class='ocr_carea' id='block_1_96' title="bbox 2036 3556 3612 3629">
    <p class='ocr_par' dir='ltr' id='par_1_96' title="bbox 2036 3556 3612 3629">
     <span class='ocr_line' id='line_1_96' title="bbox 2036 3556 3612 3629; baseline -0.001 -17"><span class='ocrx_word' id='word_1_684' title='bbox 2036 3558 2305 3629; x_wconf 87' lang='lat' dir='ltr'><strong>reliquiis,</strong></span> <span class='ocrx_word' id='word_1_685' title='bbox 2358 3565 2548 3613; x_wconf 85' lang='lat' dir='ltr'><strong>eorum</strong></span> <span class='ocrx_word' id='word_1_686' title='bbox 2613 3573 2832 3628; x_wconf 85' lang='lat' dir='ltr'><strong>quoque</strong></span> <span class='ocrx_word' id='word_1_687' title='bbox 2879 3557 3299 3627; x_wconf 86' lang='lat' dir='ltr'><strong>deponerentur</strong></span> <span class='ocrx_word' id='word_1_688' title='bbox 3369 3556 3612 3628; x_wconf 72' lang='lat' dir='ltr'><strong>reliquiae</strong></span> 
     </span>
    </p>
   </div>
   <div class='ocr_carea' id='block_1_97' title="bbox 2037 3649 3611 3721">
    <p class='ocr_par' dir='ltr' id='par_1_97' title="bbox 2037 3649 3611 3721">
     <span class='ocr_line' id='line_1_97' title="bbox 2037 3649 3611 3721; baseline -0.003 -15"><span class='ocrx_word' id='word_1_689' title='bbox 2037 3652 2199 3706; x_wconf 73' lang='lat' dir='ltr'><strong>salva:</strong></span> <span class='ocrx_word' id='word_1_690' title='bbox 2254 3659 2309 3705; x_wconf 89' lang='lat' dir='ltr'><strong>et</strong></span> <span class='ocrx_word' id='word_1_691' title='bbox 2356 3651 2602 3721; x_wconf 67' lang='lat' dir='ltr'><strong>integrae.</strong></span> <span class='ocrx_word' id='word_1_692' title='bbox 2661 3649 2806 3717; x_wconf 86' lang='lat' dir='ltr'><strong>Quas</strong></span> <span class='ocrx_word' id='word_1_693' title='bbox 2831 3660 3012 3704; x_wconf 87' lang='lat' dir='ltr'><strong>autem</strong></span> <span class='ocrx_word' id='word_1_694' title='bbox 3043 3649 3339 3706; x_wconf 79' lang='lat' dir='ltr'><strong>Arabracis</strong></span> <span class='ocrx_word' id='word_1_695' title='bbox 3369 3649 3611 3704; x_wconf 82' lang='lat' dir='ltr'><strong>habebat</strong></span> 
     </span>
    </p>
   </div>
   <div class='ocr_carea' id='block_1_98' title="bbox 2037 3742 3612 3814">
    <p class='ocr_par' dir='ltr' id='par_1_98' title="bbox 2037 3742 3612 3814">
     <span class='ocr_line' id='line_1_98' title="bbox 2037 3742 3612 3814; baseline -0.003 -15"><span class='ocrx_word' id='word_1_696' title='bbox 2037 3744 2343 3808; x_wconf 88' lang='lat' dir='ltr'><strong>facultates,</strong></span> <span class='ocrx_word' id='word_1_697' title='bbox 2395 3743 2692 3814; x_wconf 80' lang='lat' dir='ltr'><strong>assignavit</strong></span> <span class='ocrx_word' id='word_1_698' title='bbox 2738 3743 2803 3796; x_wconf 84' lang='lat' dir='ltr'><strong>ad</strong></span> <span class='ocrx_word' id='word_1_699' title='bbox 2860 3758 2956 3798; x_wconf 89' lang='lat' dir='ltr'><strong>eos</strong></span> <span class='ocrx_word' id='word_1_700' title='bbox 3003 3742 3251 3804; x_wconf 89' lang='lat' dir='ltr'><strong>alendos,</strong></span> <span class='ocrx_word' id='word_1_701' title='bbox 3301 3743 3394 3812; x_wconf 90' lang='lat' dir='ltr'><strong>qui</strong></span> <span class='ocrx_word' id='word_1_702' title='bbox 3449 3751 3612 3796; x_wconf 82' lang='lat' dir='ltr'><strong>erant</strong></span> 
     </span>
    </p>
   </div>
   <div class='ocr_carea' id='block_1_99' title="bbox 2039 3834 3611 3908">
    <p class='ocr_par' dir='ltr' id='par_1_99' title="bbox 2039 3834 3611 3908">
     <span class='ocr_line' id='line_1_99' title="bbox 2039 3834 3611 3908; baseline -0.003 -15"><span class='ocrx_word' id='word_1_703' title='bbox 2039 3837 2387 3908; x_wconf 88' lang='lat' dir='ltr'><strong>pcrmansuri</strong></span> <span class='ocrx_word' id='word_1_704' title='bbox 2435 3837 2490 3890; x_wconf 92' lang='lat' dir='ltr'><strong>in</strong></span> <span class='ocrx_word' id='word_1_705' title='bbox 2551 3834 2859 3890; x_wconf 89' lang='lat' dir='ltr'><strong>ministerio</strong></span> <span class='ocrx_word' id='word_1_706' title='bbox 2907 3836 3155 3905; x_wconf 76' lang='lat' dir='ltr'><strong>martyrii</strong></span> <span class='ocrx_word' id='word_1_707' title='bbox 3209 3849 3432 3899; x_wconf 85' lang='lat' dir='ltr'><strong>eorum;</strong></span> <span class='ocrx_word' id='word_1_708' title='bbox 3478 3834 3611 3888; x_wconf 64' lang='lat' dir='ltr'><strong>relio</strong></span> 
     </span>
    </p>
   </div>
   <div class='ocr_carea' id='block_1_100' title="bbox 2039 3924 3608 4002">
    <p class='ocr_par' dir='ltr' id='par_1_100' title="bbox 2039 3924 3608 4002">
     <span class='ocr_line' id='line_1_100' title="bbox 2039 3924 3608 4002; baseline -0.003 -17"><span class='ocrx_word' id='word_1_709' title='bbox 2039 3947 2274 4002; x_wconf 82' lang='lat' dir='ltr'><strong>quorum</strong></span> <span class='ocrx_word' id='word_1_710' title='bbox 2295 3945 2424 3985; x_wconf 88' lang='lat' dir='ltr'><strong>vero</strong></span> <span class='ocrx_word' id='word_1_711' title='bbox 2448 3929 2693 3982; x_wconf 90' lang='lat' dir='ltr'><strong>omnium</strong></span> <span class='ocrx_word' id='word_1_712' title='bbox 2721 3928 3030 3988; x_wconf 89' lang='lat' dir='ltr'><strong>mobilium,</strong></span> <span class='ocrx_word' id='word_1_713' title='bbox 3063 3926 3350 3980; x_wconf 88' lang='lat' dir='ltr'><strong>dimidium</strong></span> <span class='ocrx_word' id='word_1_714' title='bbox 3380 3924 3608 3994; x_wconf 83' lang='lat' dir='ltr'><strong>quidem</strong></span> 
     </span>
    </p>
   </div>
   <div class='ocr_carea' id='block_1_101' title="bbox 2040 4014 3611 4092">
    <p class='ocr_par' dir='ltr' id='par_1_101' title="bbox 2040 4014 3611 4092">
     <span class='ocr_line' id='line_1_101' title="bbox 2040 4014 3611 4092; baseline -0.006 -14"><span class='ocrx_word' id='word_1_715' title='bbox 2040 4023 2321 4078; x_wconf 84' lang='lat' dir='ltr'><strong>distribuit</strong></span> <span class='ocrx_word' id='word_1_716' title='bbox 2344 4020 2696 4092; x_wconf 87' lang='lat' dir='ltr'><strong>pauperibus,</strong></span> <span class='ocrx_word' id='word_1_717' title='bbox 2725 4019 2886 4072; x_wconf 84' lang='lat' dir='ltr'><strong>aliam</strong></span> <span class='ocrx_word' id='word_1_718' title='bbox 2919 4029 3102 4072; x_wconf 87' lang='lat' dir='ltr'><strong>autem</strong></span> <span class='ocrx_word' id='word_1_719' title='bbox 3134 4024 3345 4086; x_wconf 83' lang='lat' dir='ltr'><strong>partem</strong></span> <span class='ocrx_word' id='word_1_720' title='bbox 3373 4014 3488 4068; x_wconf 73' lang='lat' dir='ltr'><strong>suis</strong></span> <span class='ocrx_word' id='word_1_721' title='bbox 3519 4028 3611 4068; x_wconf 85' lang='lat' dir='ltr'><strong>so-</strong></span> 
     </span>
    </p>
   </div>
   <div class='ocr_carea' id='block_1_102' title="bbox 2044 4106 3611 4180">
    <p class='ocr_par' dir='ltr' id='par_1_102' title="bbox 2044 4106 3611 4180">
     <span class='ocr_line' id='line_1_102' title="bbox 2044 4106 3611 4180; baseline -0.007 -10"><span class='ocrx_word' id='word_1_722' title='bbox 2044 4114 2255 4170; x_wconf 90' lang='lat' dir='ltr'><strong>roribus</strong></span> <span class='ocrx_word' id='word_1_723' title='bbox 2279 4156 2294 4180; x_wconf 91' lang='lat'><strong>,</strong></span> <span class='ocrx_word' id='word_1_724' title='bbox 2332 4113 2562 4167; x_wconf 89' lang='lat' dir='ltr'><strong>famulos</strong></span> <span class='ocrx_word' id='word_1_725' title='bbox 2616 4126 2745 4165; x_wconf 91' lang='lat' dir='ltr'><strong>vero</strong></span> <span class='ocrx_word' id='word_1_726' title='bbox 2804 4124 2957 4173; x_wconf 85' lang='lat' dir='ltr'><strong>suos,</strong></span> <span class='ocrx_word' id='word_1_727' title='bbox 2994 4108 3193 4162; x_wconf 85' lang='lat' dir='ltr'><strong>donata</strong></span> <span class='ocrx_word' id='word_1_728' title='bbox 3224 4107 3306 4162; x_wconf 88' lang='lat' dir='ltr'><strong>eis</strong></span> <span class='ocrx_word' id='word_1_729' title='bbox 3333 4106 3611 4168; x_wconf 86' lang='lat' dir='ltr'><strong>libertate.</strong></span> 
     </span>
    </p>
   </div>
   <div class='ocr_carea' id='block_1_103' title="bbox 2039 4198 3614 4279">
    <p class='ocr_par' dir='ltr' id='par_1_103' title="bbox 2039 4198 3614 4279">
     <span class='ocr_line' id='line_1_103' title="bbox 2039 4198 3614 4279; baseline -0.006 -19"><span class='ocrx_word' id='word_1_730' title='bbox 2039 4206 2204 4279; x_wconf 85' lang='lat' dir='ltr'><strong>jussit</strong></span> <span class='ocrx_word' id='word_1_731' title='bbox 2262 4206 2509 4276; x_wconf 83' lang='lat' dir='ltr'><strong>accipere</strong></span> <span class='ocrx_word' id='word_1_732' title='bbox 2536 4205 2735 4274; x_wconf 85' lang='lat' dir='ltr'><strong>legata.</strong></span> <span class='ocrx_word' id='word_1_733' title='bbox 2778 4201 2905 4257; x_wconf 77' lang='lat' dir='ltr'><strong>llaec</strong></span> <span class='ocrx_word' id='word_1_734' title='bbox 2939 4215 3064 4255; x_wconf 90' lang='lat' dir='ltr'><strong>cum</strong></span> <span class='ocrx_word' id='word_1_735' title='bbox 3105 4198 3465 4262; x_wconf 81' lang='lat' dir='ltr'><strong>decrevisset,</strong></span> <span class='ocrx_word' id='word_1_736' title='bbox 3501 4205 3614 4252; x_wconf 88' lang='lat' dir='ltr'><strong>toto</strong></span> 
     </span>
    </p>
   </div>
   <div class='ocr_carea' id='block_1_104' title="bbox 2045 4289 3614 4367">
    <p class='ocr_par' dir='ltr' id='par_1_104' title="bbox 2045 4289 3614 4367">
     <span class='ocr_line' id='line_1_104' title="bbox 2045 4289 3614 4367; baseline -0.005 -15"><span class='ocrx_word' id='word_1_737' title='bbox 2045 4298 2135 4352; x_wconf 91' lang='lat' dir='ltr'><strong>die</strong></span> <span class='ocrx_word' id='word_1_738' title='bbox 2162 4297 2427 4367; x_wconf 84' lang='lat' dir='ltr'><strong>jejunavit</strong></span> <span class='ocrx_word' id='word_1_739' title='bbox 2453 4335 2468 4360; x_wconf 93' lang='lat'><strong>,</strong></span> <span class='ocrx_word' id='word_1_740' title='bbox 2492 4303 2602 4350; x_wconf 86' lang='lat' dir='ltr'><strong>tota</strong></span> <span class='ocrx_word' id='word_1_741' title='bbox 2637 4304 2819 4350; x_wconf 89' lang='lat' dir='ltr'><strong>autem</strong></span> <span class='ocrx_word' id='word_1_742' title='bbox 2850 4303 3009 4348; x_wconf 89' lang='lat' dir='ltr'><strong>nocte</strong></span> <span class='ocrx_word' id='word_1_743' title='bbox 3043 4290 3416 4362; x_wconf 74' lang='lat' dir='ltr'><strong>perseveravit</strong></span> <span class='ocrx_word' id='word_1_744' title='bbox 3442 4289 3614 4346; x_wconf 84' lang='lat' dir='ltr'><strong>Deum</strong></span> 
     </span>
    </p>
   </div>
   <div class='ocr_carea' id='block_1_105' title="bbox 2047 4388 2677 4458">
    <p class='ocr_par' dir='ltr' id='par_1_105' title="bbox 2047 4388 2677 4458">
     <span class='ocr_line' id='line_1_105' title="bbox 2047 4388 2677 4458; baseline -0.008 -12"><span class='ocrx_word' id='word_1_745' title='bbox 2047 4406 2224 4457; x_wconf 90' lang='lat' dir='ltr'><strong>orare,</strong></span> <span class='ocrx_word' id='word_1_746' title='bbox 2245 4399 2308 4444; x_wconf 85' lang='lat' dir='ltr'><strong>et</strong></span> <span class='ocrx_word' id='word_1_747' title='bbox 2342 4390 2391 4444; x_wconf 91' lang='lat' dir='ltr'><strong>ei</strong></span> <span class='ocrx_word' id='word_1_748' title='bbox 2428 4388 2677 4458; x_wconf 87' lang='lat' dir='ltr'><strong>psallere.</strong></span> 
     </span>
    </p>
   </div>
   <div class='ocr_carea' id='block_1_106' title="bbox 2117 4476 3615 4550">
    <p class='ocr_par' dir='ltr' id='par_1_106' title="bbox 2117 4476 3615 4550">
     <span class='ocr_line' id='line_1_106' title="bbox 2117 4476 3615 4550; baseline -0.005 -14"><span class='ocrx_word' id='word_1_749' title='bbox 2117 4481 2286 4537; x_wconf 80' lang='lat' dir='ltr'><strong>XXX.</strong></span> <span class='ocrx_word' id='word_1_750' title='bbox 2331 4480 2633 4550; x_wconf 88' lang='lat' dir='ltr'><strong>Episcopus</strong></span> <span class='ocrx_word' id='word_1_751' title='bbox 2661 4488 2844 4533; x_wconf 88' lang='lat' dir='ltr'><strong>autem</strong></span> <span class='ocrx_word' id='word_1_752' title='bbox 2875 4476 3112 4534; x_wconf 80' lang='lat' dir='ltr'><strong>civitath</strong></span> <span class='ocrx_word' id='word_1_753' title='bbox 3162 4476 3615 4542; x_wconf 72' lang='lat' dir='ltr'><strong>Setastenorum,</strong></span> 
     </span>
    </p>
   </div>
   <div class='ocr_carea' id='block_1_107' title="bbox 2047 4566 3611 4642">
    <p class='ocr_par' dir='ltr' id='par_1_107' title="bbox 2047 4566 3611 4642">
     <span class='ocr_line' id='line_1_107' title="bbox 2047 4566 3611 4642; baseline -0.006 -13"><span class='ocrx_word' id='word_1_754' title='bbox 2047 4590 2112 4630; x_wconf 93' lang='lat' dir='ltr'><strong>eo</strong></span> <span class='ocrx_word' id='word_1_755' title='bbox 2156 4583 2399 4642; x_wconf 90' lang='lat' dir='ltr'><strong>tempore</strong></span> <span class='ocrx_word' id='word_1_756' title='bbox 2445 4571 2652 4625; x_wconf 88' lang='lat' dir='ltr'><strong>latebat</strong></span> <span class='ocrx_word' id='word_1_757' title='bbox 2706 4578 2929 4640; x_wconf 89' lang='lat' dir='ltr'><strong>propter</strong></span> <span class='ocrx_word' id='word_1_758' title='bbox 2986 4568 3462 4639; x_wconf 81' lang='lat' dir='ltr'><strong>persecutionem;</strong></span> <span class='ocrx_word' id='word_1_759' title='bbox 3517 4566 3611 4635; x_wconf 87' lang='lat' dir='ltr'><strong>qui</strong></span> 
     </span>
    </p>
   </div>
   <div class='ocr_carea' id='block_1_108' title="bbox 2049 4655 3615 4726">
    <p class='ocr_par' dir='ltr' id='par_1_108' title="bbox 2049 4655 3615 4726">
     <span class='ocr_line' id='line_1_108' title="bbox 2049 4655 3615 4726; baseline -0.006 -10"><span class='ocrx_word' id='word_1_760' title='bbox 2049 4670 2211 4716; x_wconf 86' lang='lat' dir='ltr'><strong>noctu</strong></span> <span class='ocrx_word' id='word_1_761' title='bbox 2236 4660 2387 4714; x_wconf 85' lang='lat' dir='ltr'><strong>venit</strong></span> <span class='ocrx_word' id='word_1_762' title='bbox 2425 4659 2491 4713; x_wconf 91' lang='lat' dir='ltr'><strong>ad</strong></span> <span class='ocrx_word' id='word_1_763' title='bbox 2521 4674 2668 4721; x_wconf 84' lang='lat' dir='ltr'><strong>eum,</strong></span> <span class='ocrx_word' id='word_1_764' title='bbox 2705 4668 2762 4713; x_wconf 89' lang='lat' dir='ltr'><strong>et</strong></span> <span class='ocrx_word' id='word_1_765' title='bbox 2800 4658 2943 4713; x_wconf 87' lang='lat' dir='ltr'><strong>datis</strong></span> <span class='ocrx_word' id='word_1_766' title='bbox 2978 4657 3310 4713; x_wconf 90' lang='lat' dir='ltr'><strong>custodibus</strong></span> <span class='ocrx_word' id='word_1_767' title='bbox 3339 4655 3615 4726; x_wconf 78' lang='lat' dir='ltr'><strong>pecuniis,</strong></span> 
     </span>
    </p>
   </div>
   <div class='ocr_carea' id='block_1_109' title="bbox 2049 4749 3620 4825">
    <p class='ocr_par' dir='ltr' id='par_1_109' title="bbox 2049 4749 3620 4825">
     <span class='ocr_line' id='line_1_109' title="bbox 2049 4749 3620 4825; baseline -0.006 -15"><span class='ocrx_word' id='word_1_768' title='bbox 2049 4757 2328 4825; x_wconf 82' lang='lat' dir='ltr'><strong>ingressus</strong></span> <span class='ocrx_word' id='word_1_769' title='bbox 2361 4762 2442 4809; x_wconf 89' lang='lat' dir='ltr'><strong>est</strong></span> <span class='ocrx_word' id='word_1_770' title='bbox 2489 4752 2556 4806; x_wconf 89' lang='lat' dir='ltr'><strong>ad</strong></span> <span class='ocrx_word' id='word_1_771' title='bbox 2612 4763 2862 4806; x_wconf 84' lang='lat' dir='ltr'><strong>sanctum</strong></span> <span class='ocrx_word' id='word_1_772' title='bbox 2912 4749 3249 4804; x_wconf 84' lang='lat' dir='ltr'><strong>Eustratium</strong></span> <span class='ocrx_word' id='word_1_773' title='bbox 3284 4762 3299 4807; x_wconf 88' lang='lat'><strong>:</strong></span> <span class='ocrx_word' id='word_1_774' title='bbox 3333 4749 3620 4802; x_wconf 81' lang='lat' dir='ltr'><strong>audiverat</strong></span> 
     </span>
    </p>
   </div>
   <div class='ocr_carea' id='block_1_110' title="bbox 2048 4837 3616 4914">
    <p class='ocr_par' dir='ltr' id='par_1_110' title="bbox 2048 4837 3616 4914">
     <span class='ocr_line' id='line_1_110' title="bbox 2048 4837 3616 4914; baseline -0.006 -14"><span class='ocrx_word' id='word_1_775' title='bbox 2048 4849 2196 4901; x_wconf 90' lang='lat' dir='ltr'><strong>enim</strong></span> <span class='ocrx_word' id='word_1_776' title='bbox 2242 4847 2309 4899; x_wconf 91' lang='lat' dir='ltr'><strong>de</strong></span> <span class='ocrx_word' id='word_1_777' title='bbox 2349 4859 2544 4914; x_wconf 84' lang='lat' dir='ltr'><strong>magna</strong></span> <span class='ocrx_word' id='word_1_778' title='bbox 2572 4843 2695 4912; x_wconf 90' lang='lat' dir='ltr'><strong>ejus</strong></span> <span class='ocrx_word' id='word_1_779' title='bbox 2724 4841 3020 4910; x_wconf 88' lang='lat' dir='ltr'><strong>sapientia,</strong></span> <span class='ocrx_word' id='word_1_780' title='bbox 3051 4849 3108 4895; x_wconf 89' lang='lat' dir='ltr'><strong>et</strong></span> <span class='ocrx_word' id='word_1_781' title='bbox 3141 4838 3288 4909; x_wconf 87' lang='lat' dir='ltr'><strong>quod</strong></span> <span class='ocrx_word' id='word_1_782' title='bbox 3327 4837 3616 4907; x_wconf 80' lang='lat' dir='ltr'><strong>praesidem</strong></span> 
     </span>
    </p>
   </div>
   <div class='ocr_carea' id='block_1_111' title="bbox 2047 4929 3621 5004">
    <p class='ocr_par' dir='ltr' id='par_1_111' title="bbox 2047 4929 3621 5004">
     <span class='ocr_line' id='line_1_111' title="bbox 2047 4929 3621 5004; baseline -0.006 -12"><span class='ocrx_word' id='word_1_783' title='bbox 2047 4954 2174 4994; x_wconf 87' lang='lat' dir='ltr'><strong>cum</strong></span> <span class='ocrx_word' id='word_1_784' title='bbox 2211 4937 2317 4991; x_wconf 89' lang='lat' dir='ltr'><strong>diis</strong></span> <span class='ocrx_word' id='word_1_785' title='bbox 2343 4936 2458 4990; x_wconf 91' lang='lat' dir='ltr'><strong>suis</strong></span> <span class='ocrx_word' id='word_1_786' title='bbox 2493 4933 2702 5004; x_wconf 91' lang='lat' dir='ltr'><strong>pudore</strong></span> <span class='ocrx_word' id='word_1_787' title='bbox 2734 4933 3017 4998; x_wconf 80' lang='lat' dir='ltr'><strong>ati‘ecerat,</strong></span> <span class='ocrx_word' id='word_1_788' title='bbox 3062 4940 3120 4987; x_wconf 91' lang='lat' dir='ltr'><strong>et</strong></span> <span class='ocrx_word' id='word_1_789' title='bbox 3167 4946 3292 4985; x_wconf 88' lang='lat' dir='ltr'><strong>cum</strong></span> <span class='ocrx_word' id='word_1_790' title='bbox 3318 4929 3511 4983; x_wconf 84' lang='lat' dir='ltr'><strong>fuisset</strong></span> <span class='ocrx_word' id='word_1_791' title='bbox 3539 4929 3621 4982; x_wconf 86' lang='lat' dir='ltr'><strong>in-</strong></span> 
     </span>
    </p>
   </div>
   <div class='ocr_carea' id='block_1_112' title="bbox 2052 5021 3620 5096">
    <p class='ocr_par' dir='ltr' id='par_1_112' title="bbox 2052 5021 3620 5096">
     <span class='ocr_line' id='line_1_112' title="bbox 2052 5021 3620 5096; baseline -0.01 -10"><span class='ocrx_word' id='word_1_792' title='bbox 2052 5042 2135 5086; x_wconf 85' lang='lat' dir='ltr'><strong>tra</strong></span> <span class='ocrx_word' id='word_1_793' title='bbox 2167 5028 2496 5093; x_wconf 72' lang='lat' dir='ltr'><strong>wstodiam,</strong></span> <span class='ocrx_word' id='word_1_794' title='bbox 2539 5040 2748 5096; x_wconf 90' lang='lat' dir='ltr'><strong>pronus</strong></span> <span class='ocrx_word' id='word_1_795' title='bbox 2777 5025 2984 5080; x_wconf 86' lang='lat' dir='ltr'><strong>cecidit</strong></span> <span class='ocrx_word' id='word_1_796' title='bbox 3041 5025 3095 5078; x_wconf 92' lang='lat' dir='ltr'><strong>in</strong></span> <span class='ocrx_word' id='word_1_797' title='bbox 3148 5021 3367 5080; x_wconf 76' lang='lat' dir='ltr'><strong>faciem,</strong></span> <span class='ocrx_word' id='word_1_798' title='bbox 3409 5029 3464 5075; x_wconf 88' lang='lat' dir='ltr'><strong>et</strong></span> <span class='ocrx_word' id='word_1_799' title='bbox 3491 5036 3620 5075; x_wconf 89' lang='lat' dir='ltr'><strong>san-</strong></span> 
     </span>
    </p>
   </div>
   <div class='ocr_carea' id='block_1_113' title="bbox 2051 5109 3620 5183">
    <p class='ocr_par' dir='ltr' id='par_1_113' title="bbox 2051 5109 3620 5183">
     <span class='ocr_line' id='line_1_113' title="bbox 2051 5109 3620 5183; baseline -0.01 -5"><span class='ocrx_word' id='word_1_800' title='bbox 2051 5135 2196 5178; x_wconf 84' lang='lat' dir='ltr'><strong>ctum</strong></span> <span class='ocrx_word' id='word_1_801' title='bbox 2247 5119 2516 5183; x_wconf 85' lang='lat' dir='ltr'><strong>adoravit,</strong></span> <span class='ocrx_word' id='word_1_802' title='bbox 2579 5117 2810 5172; x_wconf 85' lang='lat' dir='ltr'><strong>dicens:</strong></span> <span class='ocrx_word' id='word_1_803' title='bbox 2847 5117 3047 5171; x_wconf 86' lang='lat' dir='ltr'><strong>Beatus</strong></span> <span class='ocrx_word' id='word_1_804' title='bbox 3101 5129 3185 5176; x_wconf 89' lang='lat' dir='ltr'><strong>es,</strong></span> <span class='ocrx_word' id='word_1_805' title='bbox 3231 5112 3304 5166; x_wconf 83' lang='lat' dir='ltr'><strong>fili</strong></span> <span class='ocrx_word' id='word_1_806' title='bbox 3356 5109 3620 5173; x_wconf 88' lang='lat' dir='ltr'><strong>Eustrati,</strong></span> 
     </span>
    </p>
   </div>
   <div class='ocr_carea' id='block_1_114' title="bbox 2053 5205 3617 5282">
    <p class='ocr_par' dir='ltr' id='par_1_114' title="bbox 2053 5205 3617 5282">
     <span class='ocr_line' id='line_1_114' title="bbox 2053 5205 3617 5282; baseline -0.008 -17"><span class='ocrx_word' id='word_1_807' title='bbox 2053 5214 2197 5282; x_wconf 73' lang='lat' dir='ltr'><strong>quod</strong></span> <span class='ocrx_word' id='word_1_808' title='bbox 2233 5213 2498 5268; x_wconf 88' lang='lat' dir='ltr'><strong>Dominus</strong></span> <span class='ocrx_word' id='word_1_809' title='bbox 2540 5211 2680 5265; x_wconf 85' lang='lat' dir='ltr'><strong>Deus</strong></span> <span class='ocrx_word' id='word_1_810' title='bbox 2713 5218 2916 5263; x_wconf 89' lang='lat' dir='ltr'><strong>tantam</strong></span> <span class='ocrx_word' id='word_1_811' title='bbox 2955 5207 3052 5262; x_wconf 91' lang='lat' dir='ltr'><strong>tibi</strong></span> <span class='ocrx_word' id='word_1_812' title='bbox 3094 5205 3307 5260; x_wconf 88' lang='lat' dir='ltr'><strong>dederit</strong></span> <span class='ocrx_word' id='word_1_813' title='bbox 3336 5205 3617 5256; x_wconf 86' lang='lat' dir='ltr'><strong>virtutem.</strong></span> 
     </span>
    </p>
   </div>
   <div class='ocr_carea' id='block_1_115' title="bbox 2052 5291 3623 5368">
    <p class='ocr_par' dir='ltr' id='par_1_115' title="bbox 2052 5291 3623 5368">
     <span class='ocr_line' id='line_1_115' title="bbox 2052 5291 3623 5368; baseline -0.01 -8"><span class='ocrx_word' id='word_1_814' title='bbox 2052 5306 2323 5360; x_wconf 79' lang='lat' dir='ltr'><strong>Memento</strong></span> <span class='ocrx_word' id='word_1_815' title='bbox 2369 5312 2550 5356; x_wconf 87' lang='lat' dir='ltr'><strong>autem</strong></span> <span class='ocrx_word' id='word_1_816' title='bbox 2607 5301 2711 5354; x_wconf 85' lang='lat' dir='ltr'><strong>mei</strong></span> <span class='ocrx_word' id='word_1_817' title='bbox 2761 5313 3002 5368; x_wconf 86' lang='lat' dir='ltr'><strong>quoque,</strong></span> <span class='ocrx_word' id='word_1_818' title='bbox 3033 5305 3084 5350; x_wconf 91' lang='lat' dir='ltr'><strong>te</strong></span> <span class='ocrx_word' id='word_1_819' title='bbox 3129 5309 3284 5364; x_wconf 86' lang='lat' dir='ltr'><strong>rogo.</strong></span> <span class='ocrx_word' id='word_1_820' title='bbox 3320 5291 3623 5362; x_wconf 74' lang='lat' dir='ltr'><strong>Respondit</strong></span> 
     </span>
    </p>
   </div>
   <div class='ocr_carea' id='block_1_116' title="bbox 2054 5382 3625 5451">
    <p class='ocr_par' dir='ltr' id='par_1_116' title="bbox 2054 5382 3625 5451">
     <span class='ocr_line' id='line_1_116' title="bbox 2054 5382 3625 5451; baseline -0.011 0"><span class='ocrx_word' id='word_1_821' title='bbox 2054 5412 2182 5451; x_wconf 89' lang='lat' dir='ltr'><strong>vero</strong></span> <span class='ocrx_word' id='word_1_822' title='bbox 2238 5402 2462 5450; x_wconf 87' lang='lat' dir='ltr'><strong>sanctus</strong></span> <span class='ocrx_word' id='word_1_823' title='bbox 2517 5389 2828 5446; x_wconf 80' lang='lat' dir='ltr'><strong>Enstratius</strong></span> <span class='ocrx_word' id='word_1_824' title='bbox 2873 5406 2885 5441; x_wconf 94' lang='lat'>:</span> <span class='ocrx_word' id='word_1_825' title='bbox 2935 5388 3014 5442; x_wconf 87' lang='lat' dir='ltr'><strong>Ne</strong></span> <span class='ocrx_word' id='word_1_826' title='bbox 3062 5386 3143 5442; x_wconf 86' lang='lat' dir='ltr'><strong>sic</strong></span> <span class='ocrx_word' id='word_1_827' title='bbox 3195 5383 3397 5446; x_wconf 79' lang='lat' dir='ltr'><strong>facias,</strong></span> <span class='ocrx_word' id='word_1_828' title='bbox 3463 5382 3625 5442; x_wconf 83' lang='lat' dir='ltr'><strong>Pater</strong></span> 
     </span>
    </p>
   </div>
   <div class='ocr_carea' id='block_1_117' title="bbox 2055 5475 3627 5561">
    <p class='ocr_par' dir='ltr' id='par_1_117' title="bbox 2055 5475 3627 5561">
     <span class='ocr_line' id='line_1_117' title="bbox 2055 5475 3627 5561; baseline -0.011 -16"><span class='ocrx_word' id='word_1_829' title='bbox 2055 5488 2378 5561; x_wconf 85' lang='lat' dir='ltr'><strong>spiritualis,</strong></span> <span class='ocrx_word' id='word_1_830' title='bbox 2408 5485 2503 5539; x_wconf 82' lang='lat' dir='ltr'><strong>sed</strong></span> <span class='ocrx_word' id='word_1_831' title='bbox 2543 5483 2609 5537; x_wconf 87' lang='lat' dir='ltr'><strong>ad</strong></span> <span class='ocrx_word' id='word_1_832' title='bbox 2652 5498 2771 5535; x_wconf 87' lang='lat' dir='ltr'><strong>eam</strong></span> <span class='ocrx_word' id='word_1_833' title='bbox 2831 5495 2952 5548; x_wconf 83' lang='lat' dir='ltr'><strong>quae</strong></span> <span class='ocrx_word' id='word_1_834' title='bbox 3005 5489 3091 5534; x_wconf 88' lang='lat' dir='ltr'><strong>est</strong></span> <span class='ocrx_word' id='word_1_835' title='bbox 3138 5477 3236 5532; x_wconf 90' lang='lat' dir='ltr'><strong>tibi</strong></span> <span class='ocrx_word' id='word_1_836' title='bbox 3259 5476 3405 5542; x_wconf 86' lang='lat' dir='ltr'><strong>data,</strong></span> <span class='ocrx_word' id='word_1_837' title='bbox 3449 5475 3627 5545; x_wconf 81' lang='lat' dir='ltr'><strong>digni-</strong></span> 
     </span>
    </p>
   </div>
   <div class='ocr_carea' id='block_1_118' title="bbox 2061 5568 3621 5646">
    <p class='ocr_par' dir='ltr' id='par_1_118' title="bbox 2061 5568 3621 5646">
     <span class='ocr_line' id='line_1_118' title="bbox 2061 5568 3621 5646; baseline -0.01 -9"><span class='ocrx_word' id='word_1_838' title='bbox 2061 5578 2544 5646; x_wconf 84' lang='lat' dir='ltr'><strong>tatem’aspiciens.</strong></span> <span class='ocrx_word' id='word_1_839' title='bbox 2585 5581 2842 5643; x_wconf 75' lang='lat' dir='ltr'><strong>exspecta</strong></span> <span class='ocrx_word' id='word_1_840' title='bbox 2875 5571 2978 5626; x_wconf 83' lang='lat' dir='ltr'><strong>hoc</strong></span> <span class='ocrx_word' id='word_1_841' title='bbox 3014 5587 3044 5626; x_wconf 90' lang='lat' dir='ltr'><strong>a</strong></span> <span class='ocrx_word' id='word_1_842' title='bbox 3089 5570 3251 5626; x_wconf 86' lang='lat' dir='ltr'><strong>nobis</strong></span> <span class='ocrx_word' id='word_1_843' title='bbox 3281 5568 3621 5640; x_wconf 81' lang='lat' dir='ltr'><strong>implendum</strong></span> 
     </span>
    </p>
   </div>
   <div class='ocr_carea' id='block_1_119' title="bbox 2063 5663 3626 5738">
    <p class='ocr_par' dir='ltr' id='par_1_119' title="bbox 2063 5663 3626 5738">
     <span class='ocr_line' id='line_1_119' title="bbox 2063 5663 3626 5738; baseline -0.01 -8"><span class='ocrx_word' id='word_1_844' title='bbox 2063 5675 2158 5731; x_wconf 89' lang='lat' dir='ltr'><strong>tibi</strong></span> <span class='ocrx_word' id='word_1_845' title='bbox 2184 5669 2451 5726; x_wconf 86' lang='lat' dir='ltr'><strong>debitum.</strong></span> <span class='ocrx_word' id='word_1_846' title='bbox 2490 5667 2626 5722; x_wconf 87' lang='lat' dir='ltr'><strong>Cum</strong></span> <span class='ocrx_word' id='word_1_847' title='bbox 2653 5667 2689 5721; x_wconf 91' lang='lat' dir='ltr'><strong>ii</strong></span> <span class='ocrx_word' id='word_1_848' title='bbox 2725 5682 2856 5738; x_wconf 85' lang='lat' dir='ltr'><strong>ergo</strong></span> <span class='ocrx_word' id='word_1_849' title='bbox 2886 5666 3182 5728; x_wconf 84' lang='lat' dir='ltr'><strong>sedissem,</strong></span> <span class='ocrx_word' id='word_1_850' title='bbox 3218 5664 3359 5720; x_wconf 63' lang='lat' dir='ltr'><strong>dixit</strong></span> <span class='ocrx_word' id='word_1_851' title='bbox 3401 5663 3626 5717; x_wconf 79' lang='lat' dir='ltr'><strong>Eustra-</strong></span> 
     </span>
    </p>
   </div>
   <div class='ocr_carea' id='block_1_120' title="bbox 2061 5755 3624 5830">
    <p class='ocr_par' dir='ltr' id='par_1_120' title="bbox 2061 5755 3624 5830">
     <span class='ocr_line' id='line_1_120' title="bbox 2061 5755 3624 5830; baseline -0.008 -11"><span class='ocrx_word' id='word_1_852' title='bbox 2061 5767 2168 5819; x_wconf 86' lang='lat' dir='ltr'><strong>tius</strong></span> <span class='ocrx_word' id='word_1_853' title='bbox 2206 5761 2511 5830; x_wconf 77' lang='lat' dir='ltr'><strong>episcopo:</strong></span> <span class='ocrx_word' id='word_1_854' title='bbox 2563 5758 2826 5824; x_wconf 80' lang='lat' dir='ltr'><strong>Quoniazn</strong></span> <span class='ocrx_word' id='word_1_855' title='bbox 2881 5760 2990 5815; x_wconf 78' lang='lat' dir='ltr'><strong>Deo</strong></span> <span class='ocrx_word' id='word_1_856' title='bbox 3035 5758 3273 5822; x_wconf 86' lang='lat' dir='ltr'><strong>volen&#39;e,</strong></span> <span class='ocrx_word' id='word_1_857' title='bbox 3321 5771 3443 5811; x_wconf 84' lang='lat' dir='ltr'><strong>cras</strong></span> <span class='ocrx_word' id='word_1_858' title='bbox 3495 5755 3624 5808; x_wconf 79' lang='lat' dir='ltr'><strong>hora</strong></span> 
     </span>
    </p>
   </div>
  </div>
