4102 6376
502 306 621 371 503-

1709 314 1990 373 MENSiS
2040 314 2470 374 DECEMBER.

3649 312 3713 373 5O
3725 311 3765 371 ιτ

504 423 664 478 tertia
698 439 817 479 sum
861 423 1135 478 sistendus
1185 434 1309 478 ante
1344 426 1635 479 Dominum
1691 442 1872 480 meum
1912 426 2064 480 Chri.

2177 428 2377 491 αὐτῶν,
2437 431 2463 481 ὁ
2520 428 2672 495 am;
2725 427 3055 497 Εὐστρὰτιος
3107 422 3227 480 εἷπε
3297 425 3372 495 τῷ
3423 424 3706 491 ἐπισκξπῳ
3738 439 3752 452 ·

501 522 647 565 stum
682 512 778 579 (ita
811 512 957 567 enim
1007 513 1141 566 mihi
1193 514 1292 567 fuit
1328 525 1514 584 aperte
1558 515 1910 583 revelatum),
1944 514 2069 569 ideo

499 602 683 671 accipe
712 603 958 657 chartam
992 605 1099 658 mci
1133 606 1466 669 tes;amenti,
1508 616 1565 661 et
1594 607 1739 677 lege.
1773 604 1909 661 Cum
1937 621 2069 676 ergo

501 692 719 762 legisset
760 693 1054 764 episc0pus
1083 695 1329 750 chartam
1352 698 1471 763 eius
1504 699 1837 757 teStamenti.
1857 699 2072 766 rogavit

500 782 650 837 illum
675 799 800 838 cum
832 785 901 840 iis
929 788 1022 856 qui
1049 802 1172 842 cum
1208 789 1327 858 ipso
1354 790 1604 857 aderant,
1629 791 1866 855 clericis,
1899 802 1958 846 ut
1983 802 2067 847 te-

500 885 775 933 stamento
822 880 1252 935 subscriberent:
1269 890 1325 936 et
1347 897 1469 935 eum
1490 881 2065 953 adegitjurejurando,

501 976 560 1021 ut
590 967 681 1022 ille
719 968 831 1038 ipse
848 978 1129 1040 surreptas
1167 971 1339 1040 ipsius
1368 984 1425 1027 et
1461 975 1632 1028 sancti
1659 973 1866 1029 Oresta:
1900 975 2069 1029 ferret

500 1057 783 1127 reliquias,
805 1068 859 1114 et
880 1059 1180 1130 deponeret
1201 1061 1253 1115 in
1282 1077 1475 1117 eorum
1505 1064 1745 1135 regione,
1763 1065 1816 1119 iu
1835 1068 1955 1121 loco
1971 1066 2064 1135 qui

497 1150 815 1205 continetur
846 1152 899 1205 in
944 1161 1290 1217 testamento,
1333 1165 1388 1209 et
1425 1156 1634 1225 reliqua
1665 1159 1847 1212 omnia
1879 1158 2069 1227 imple-

428 1298 433 1302 _
497 1250 600 1304 ret,
635 1240 846 1306 dicens,
880 1259 982 1313 pro
1006 1259 1075 1299 eo
1099 1244 1287 1301 labore
1319 1262 1440 1301 esse
1468 1247 1519 1302 ei
1552 1247 1888 1303 reddendam
1921 1265 2063 1303 mer-

406 1389 414 1395 _
496 1334 690 1389 cedem
739 1352 768 1389 a
818 1336 1049 1392 Domino
1108 1348 1300 1393 nostro
1346 1340 1471 1395 Jesu
1525 1340 1749 1396 Christo
1798 1342 1852 1396 in
1884 1342 2066 1398 futura

497 1425 630 1480 vita.
662 1425 802 1481 Cum
834 1430 1114 1499 pollicitus
1146 1442 1330 1488 autem
1374 1443 1518 1488 esset
1549 1434 1841 1504 episcopus
1868 1449 1925 1490 se
1956 1436 2069 1490 sin—

496 1524 623 1587 gu'a
645 1539 835 1579 eorum
865 1541 985 1581 esse
1016 1528 1312 1593 facturum,
1338 1530 1551 1600 rogavit
1583 1544 1732 1594 eum,
1761 1541 1820 1585 ut
1849 1531 1919 1585 ab
1947 1531 2068 1600 ipso

496 1623 742 1667 sanctam
776 1614 1055 1684 acciperet
1086 1622 1557 1675 communionem.
1610 1622 1702 1677 Sic
1733 1624 1880 1677 enim
1913 1623 2067 1678 diee-

494 1704 586 1759 bat
618 1714 842 1762 sanctus
870 1725 883 1761 :
939 1708 1018 1763 Ex
1067 1725 1176 1779 quo
1220 1721 1467 1781 tempore
1498 1713 1574 1766 fui
1607 1716 2062 1782 comprehensus,

2191 520 2408 589 Ἐπειδὴ
2466 520 2646 588 μέλλω
2700 524 2764 590 τῇ
2797 520 2986 591 αύριον
3023 522 3204 590 χάριτι
3242 519 3377 573 Θεοῦ
3425 518 3546 590 ὥρᾳ
3593 519 3753 587 τρίτῃ

2181 610 2515 681 πορεύεσθαι
2569 611 2703 681 πρὸς
2767 613 2857 664 τὸν
2916 612 3196 677 Δεσπότην
3234 627 3337 678 μου
3361 610 3601 680 Χριστὸν
3634 609 3754 677 (καὶ

2180 703 2350 770 ἔγνων
2404 707 2505 773 τὴν
2560 704 2933 773 προκειμένην
2995 721 3085 773 μοι
3138 702 3292 756 ὀδόν·
3326 700 3485 754 τοῦτο
3517 701 3629 771 γάρ
3660 715 3751 769 μοι

2179 794 2542 863 ἀπεκαλύφθη
2599 793 2898 864 φανερῶς),
2950 793 3134 847 λαϐὼν
3170 794 3264 847 τὸν
3293 794 3504 862 χάρτην
3562 793 3752 845 τοῦτον

2178 885 2280 953 τῆς
2304 885 2688 944 διατυπώσεώς
2759 903 2859 954 μου
2911 885 3204 953 ἀνάγνωθι.
3274 882 3671 950 Ἀνεγνωκότος
3695 882 3752 935 δὲ

2180 978 2364 1043 αὑτοῦ,
2411 977 2607 1045 ἠξίωσε
2660 979 2751 1030 καὶ
2802 977 2962 1030 αὐτὸν
2990 976 3084 1029 τὸν
3123 975 3425 1028 ἐπίσκοπον
3461 974 3748 1045 ὑποσημὴ-

2179 1069 2373 1125 νασθαι
2430 1071 2568 1139 μετὰ
2619 1068 2729 1121 τῶν
2784 1070 3056 1120 συνόντων
3096 1066 3249 1137 αύτῷ
3290 1065 3590 1135 κληρικῶν,
3657 1067 3753 1118 καὶ

2192 1163 2424 1233 ὥρκωσε
2455 1161 2590 1231 πρὸς
2616 1161 2677 1213 τὸ
2709 1161 2869 1212 αὑτὸν
2898 1160 3110 1213 ἐκεῖνον
3130 1158 3397 1211 σκυλέντα
3417 1157 3753 1226 ἀποκομίσαι

2176 1257 2241 1310 τὰ
2270 1254 2500 1324 λείψανα
2560 1252 2726 1307 αὐτοῦ
2758 1270 2816 1305 τε
2849 1254 2942 1305 καὶ
2984 1251 3080 1304 τοῦ
3136 1251 3297 1318 ἁγίου
3368 1250 3627 1321 Ὀρέστου
3672 1252 3751 1309 εἰς

2175 1350 2275 1419 τὴν
2307 1351 2491 1419 χώραν
2539 1347 2738 1413 αὐτῶν,
2795 1347 2889 1399 καὶ
2947 1344 3304 1407 καταθέσθαι,
3360 1342 3435 1407 ὡς
3470 1341 3754 1407 διετάξατο

2180 1444 2318 1510 μετὰ
2361 1441 2470 1494 τῶν
2538 1439 2740 1493 λοιπῶν
2796 1439 3066 1508 λειψάνων
3104 1441 3164 1490 ὲν
3187 1436 3266 1505 τῷ
3297 1437 3674 1507 περιεχομένῳ
3695 1436 3753 1486 ἐν

2176 1535 2264 1603 τῇ,
2287 1532 2524 1605 διαθήκῃ
2578 1532 2751 1599 τύπῳ,
2798 1532 2893 1583 καὶ
2924 1530 2994 1582 τὰ
3026 1528 3189 1591 λοιπὰ
3219 1528 3427 1581 ἕκαστα
3463 1525 3749 1597 πληρῶσαι

2177 1625 2419 1693 εἰρηκὼς
2465 1624 2557 1677 τὸν
2626 1622 2815 1692 μισθὸν
2874 1622 3014 1691 ὑπὲρ
3063 1620 3161 1674 τοῦ
3218 1619 3461 1673 τοιούτου
3501 1620 3749 1687 καμάτου

2178 1715 2519 1785 πληροῦσθαι
2588 1714 2740 1784 αὐτῷ
2805 1713 2909 1766 ὑπὸ
2939 1712 3035 1765 τού
3097 1712 3304 1782 Κυρίου
3361 1710 3515 1780 ἡμῶν
3576 1700 3749 1778 Ίησοὸ

494 1809 606 1848 non
633 1796 1058 1853 communicavi.
1083 1800 1263 1855 Allato
1284 1816 1415 1867 ergo
1444 1818 1535 1866 eo,
1566 1805 1712 1873 quod
1751 1806 2064 1874 oportebat,

2172 1806 2408 1875 Χριστοῦ
2449 1807 2596 1876 ὲντῇ
2634 1806 2899 1876 μέλλουσῃ
2956 1804 3091 1873 ζωῇ.
3147 1802 3487 1872 Συνοεμένου
3538 1801 3594 1855 δὲ
3654 1799 3750 1852 τοῦ

454 1932 457 1933 ν
494 1885 825 1950 ministerio,
858 1900 916 1942 et
944 1890 1171 1960 impleto
1212 1894 1510 1958 sacriﬁcio,
1543 1894 1810 1950 accedens
1838 1906 2067 1952 sanctus

494 1976 829 2045 Eustratius,
879 1981 1161 2036 cmlestem
1204 1983 1419 2054 accepit
1463 1985 1849 2056 margaritam,
1894 1997 1951 2042 et
1984 2003 2069 2042 re-

493 2077 656 2133 pente
689 2077 945 2138 tanquam
980 2071 1165 2143 fulgur
1196 2071 1376 2129 illuxit
1398 2075 1449 2126 in
1486 2089 1728 2139 carcere,
1759 2083 1815 2130 et
1839 2091 1942 2130 vox
1970 2094 2071 2131 ve-

491 2166 616 2222 nt,
686 2162 879 2216 dicens
926 2179 942 2215 :
1006 2164 1285 2229 Eustrati,
1338 2175 1486 2221 recte
1540 2165 1853 2224 deccrtasti.
1932 2170 2069 2225 Veni

491 2251 752 2324 deinceps
783 2253 837 2309 in
863 2256 1054 2320 caelos,
1110 2267 1167 2312 et
1215 2258 1401 2332 accipe
1444 2269 1591 2315 tuam
1624 2275 1905 2315 coronam.
1956 2260 2070 2317 Hac

487 2359 624 2400 voce
661 2345 886 2411 audita,
937 2350 1095 2416 proni
1152 2349 1209 2425 in
1263 2349 1465 2405 faciem
1517 2350 1672 2405 humi
1723 2352 2066 2409 ceciderunt.

491 2433 628 2489 Tota
658 2450 789 2506 ergo
829 2436 918 2492 illa
947 2439 1125 2509 {nocte
1169 2441 1375 2496 mansit
1417 2442 1714 2512 episcopus
1756 2444 1901 2513 apud
1939 2461 2068 2499 san-

490 2534 638 2579 etum
669 2526 1029 2595 Eustratium,
1078 2546 1205 2586 eum
1232 2531 1487 2599 audiens,
1520 2544 1576 2589 et
1606 2534 1943 2606 voluptatem
1976 2553 2067 2591 ea-

489 2616 646 2685 piens
669 2633 737 2674 ex
762 2634 1018 2678 sermone
1044 2623 1324 2696 martyris.

2174 1898 2479 1952 ἐπισκόπου
2521 1896 2694 1949 ταῦτα
2738 1899 2919 1949 ποιεῖν
2947 1896 3179 1959 ἕκαστα,
3208 1895 3442 1963 ἠξίωσεν
3463 1894 3625 1946 αὐτον
3655 1892 3754 1945 τοῦ

2174 1992 2272 2062 τὴν
2307 1991 2468 2059 ἁγίαν
2508 1989 2795 2043 κοινωνίαν
2841 1988 3095 2055 δέξασθαι
3163 1988 3294 2057 παρ’
3321 1986 3510 2040 αὑτοῦ.
3553 1987 3749 2053 Ἔλεγε

2172 2084 2303 2153 γὰρ,
2336 2084 2419 2135 ὅτι
2460 2081 2577 2150 Ἀφ’
2603 2074 2664 2134 οὗ
2714 2078 3053 2150 κατεσχέθην
3083 2079 3184 2131 οὐκ
3228 2077 3583 2148 ἐκοινώνησα.
3642 2076 3685 2128 Τ
3689 2077 3755 2144 ἧς

2174 2172 2559 2243 προσηκούσης
2617 2173 2796 2225 τοίνυν
2863 2170 3168 2241 ὑπηρεσίας
3236 2169 3593 2242 ἐνεχθείσης,
3661 2169 3754 2219 καὶ

2172 2259 2553 2335 πληρωθείσης
2582 2263 2681 2333 τῆς
2722 2262 3069 2331 ἀναιμάκτου
3110 2263 3328 2326 θυσίας,
3377 2258 3694 2332 προσελθὼν
3724 2260 3755 2309 ὁ

2172 2355 2327 2423 ἅγιος
2351 2355 2690 2426 Εὐπράτιος
2720 2354 2938 2420 ἐδέξατο
2975 2357 3067 2406 τὸν
3085 2354 3341 2425 οὐράνιον
3370 2355 3745 2423 μαργαρίτην.

2169 2447 2262 2500 καὶ
2289 2447 2554 2516 αἰφνίδιον
2569 2447 2760 2515 ὥσπερ
2789 2446 3042 2517 ἀστραπὴ
3061 2446 3303 2514 ἔλαμψεν
3326 2447 3386 2497 ὲν
3406 2447 3471 2515 τῇ
3501 2444 3745 2514 φυλακῇ,

2164 2540 2260 2593 καὶ
2308 2538 2460 2608 φωιὴ
2487 2534 2619 2608 ἦλθε
2666 2537 2921 2605 λέγουσι’
3001 2537 3320 2606 Εύστράτιε.
3375 2536 3555 2598 καλῶς
3605 2537 3758 2605 ἡγω-

2164 2630 2332 2682 νίσωσ
2413 2629 2569 2699 δεῦρο
2612 2629 2799 2681 λοιπὸν
2855 2628 3097 2682 ἀπόλαϐε
3163 2644 3255 2680 σου
3315 2627 3407 2680 τὸν
3458 2626 3745 2695 στέφανον,

487 2708 704 2784 Ταύτης
738 2714 831 2769 οὖν
860 2716 960 2785 τῆς
992 2715 1177 2785 φωνῆς
1214 2714 1549 2782 ἀκούσαντες
1622 2719 1844 2784 πάντες,
1896 2720 2093 2774 ἔπεσον
2134 2720 2226 2773 ἐπὶ
2276 2720 2573 2790 πρόσωπον
2614 2721 2709 2774 καὶ
2766 2722 3177 2792 προσεκύνησαν
3244 2720 3322 2791 τῷ
3384 2719 3524 2789 Θεῷ.
3554 2719 3746 2772 [licam

484 2803 575 2860 οὖν
605 2807 711 2871 τὴν
757 2806 928 2863 νύκτα
985 2808 1320 2881 παρέμεινεν
1370 2812 1398 2864 ὁ
1454 2812 1777 2878 ἐπίσκοπος,
1836 2812 2051 2867 ἀκούων
2091 2811 2279 2881 αὑτοῦ,
2323 2812 2418 2867 καὶ
2460 2813 2888 2884 εὐφραινόμενος
2938 2812 3133 2884 ὲπὶτῷ
3196 2813 3340 2882 λόγῳ
3411 2811 3502 2864 τού
3580 2814 3743 2880 ἁγίου

491 2911 669 2982 μάρτυ
679 2927 790 2981 ρος.

555 3007 748 3065 XXXI.
782 3007 920 3065 Cum
959 3024 1119 3065 mane
1153 3021 1334 3067 autem
1383 3013 1587 3067 factum
1612 3020 1777 3078 esset,
1821 3011 2068 3077 recessit,

2249 3009 2372 3063 AA'.
2408 3007 2626 3078 Πρωῖας
2668 3006 2724 3061 δὲ
2758 3002 3081 3076 γενομένης,
3111 2998 3433 3075 ἀνεχώρησε
3480 3000 3752 3066 συνταξά-

484 3098 683 3170 iubens
705 3116 835 3158 eum
867 3103 1075 3169 valere,
1107 3114 1163 3158 et
1206 3103 1533 3174 promittens
1561 3118 1620 3158 se
1674 3104 1811 3159 nihil
1841 3117 2064 3174 prater-

2173 3118 2334 3171 μενος
2354 3100 2528 3170 αύτῷ,
2572 3099 2957 3170 παραγγελίαν
2977 3098 3294 3166 δεξάμενος,
3320 3099 3400 3160 είς
3440 3096 3608 3167 μηδὲν
3638 3096 3757 3147 τῶν

486 3193 687 3246 i;urum
705 3208 897 3247 eorum
919 3208 1041 3263 quas
1062 3193 1115 3247 in
1138 3208 1240 3248 suo
1264 3203 1589 3249 testamento
1609 3204 1892 3250 statuerat.
1916 3196 2070 3266 Agri-

488 3288 677 3338 colaas
726 3298 858 3339 vero
898 3299 1019 3338 cum
1070 3299 1229 3339 mane
1275 3299 1307 3339 c
1353 3285 1495 3340 lecto
1534 3284 1881 3350 surrexisset,
1927 3286 2069 3340 sedit

490 3376 546 3430 in
611 3374 916 3442 tribunali,
965 3384 1022 3430 et
1064 3376 1227 3446 jussit
1276 3387 1523 3431 sanctum
1578 3377 1914 3432 Eustratium
1971 3378 2066 3431 ad-

490 3465 639 3521 duci.
662 3465 799 3522 Cum
831 3466 877 3522 is
905 3477 1087 3521 autem
1119 3468 1404 3531 astitisset,
1437 3483 1564 3522 eum
1596 3469 1813 3523 vocavit
1839 3484 2062 3537 praeses,

487 3570 546 3615 et
574 3558 712 3616 dixit
746 3558 797 3613 ei
828 3559 883 3613 in
934 3573 1134 3613 arcano
1162 3576 1175 3611 :
1209 3558 1390 3614 Testis
1423 3559 1558 3613 mihi
1599 3569 1705 3624 est,
1740 3575 1774 3613 ο
1805 3559 2063 3621 Eustrati,

488 3666 611 3720 qua:
636 3650 817 3705 omnia
851 3650 1096 3706 intuetur
1121 3650 1359 3721 justitia,
1394 3665 1480 3704 me
1526 3650 1597 3704 de
1639 3662 1691 3704 te
1737 3650 1893 3704 val-.le
1940 3651 2062 3719 angi

488 3742 695 3807 animo,
738 3743 885 3812 quod
938 3744 991 3797 in
1044 3736 1286 3797 animum
1339 3758 1449 3797 non
1493 3742 1740 3809 inducas,
1774 3751 1834 3795 ut
1871 3757 2065 3810 pareas

488 3833 671 3888 edicto
701 3834 1131 3904 imperatorum;
1162 3832 1257 3888 sed
1283 3834 1502 3903 publice
1532 3834 1727 3889 saltem
1763 3833 1980 3895 simula,
2010 3842 2066 3887 et

489 3926 672 3994 specie
706 3924 840 3980 deos
872 3925 1062 3989 adora,
1095 3923 1241 3995 apud
1289 3935 1341 3979 te
1379 3934 1564 3980 autem
1597 3924 1781 3988 crcde,
1811 3935 1867 3979 et
1896 3925 2061 3978 adora

488 4014 660 4068 Deum
694 4023 846 4069 tuum
880 4036 892 4067 :
925 4013 972 4067 is
999 4022 1184 4067 autem
1214 4012 1314 4067 tibi
1348 4011 1597 4083 ignoscet
1615 4021 1843 4083 propter
1886 4012 2063 4081 impo-

488 4108 649 4161 sitam
676 4107 1084 4163 necessitatem.
1111 4104 1243 4167 Nec,
1271 4120 1396 4159 cum
1422 4104 1497 4159 sis
1524 4102 1604 4157 vir
1641 4113 1786 4159 tanta
1812 4104 2064 4159 doctrina

487 4207 543 4250 et
571 4198 861 4266 sapientia,
890 4197 1032 4252 male
1067 4212 1260 4266 pereas
1285 4204 1542 4265 tanquam
1570 4211 1712 4250 unus
1755 4194 2057 4249 maleﬁcus.

489 4289 545 4344 Si
567 4288 672 4343 hoc
687 4288 834 4343 enim
852 4296 999 4344 esset
1016 4297 1284 4344 remotum
1308 4303 1338 4342 a
1360 4287 1631 4357 periculo.
1663 4304 1731 4342 ne
1758 4288 1811 4341 id
1835 4288 2059 4357 quidem

488 4379 518 4433 a
546 4391 597 4434 te
615 4381 974 4449 requirerem,
998 4380 1201 4434 multos
1223 4382 1369 4435 enim
1402 4380 1590 4449 pnnivi
1619 4390 1723 4435 tua:
1756 4380 2057 4450 religionis,

2172 3195 2302 3264 παρ’
2365 3191 2532 3245 αὑτοῦ
2594 3190 3106 3260 ⁵διατετυπωμένων
3162 3188 3501 3259 ρᾳθυμῆσαι.
3571 3188 3632 3240 '0
3693 3187 3751 3239 δὲ

2183 3284 2534 3356 Ἀγρικόλαος
2556 3283 2796 3355 πρωῖθεν
2820 3282 3058 3345 ἀναστὰς
3077 3282 3184 3334 ἀπὸ
3215 3280 3314 3351 τῆς
3346 3280 3531 3348 κοίτης
3553 3277 3751 3343 αὐτοῦ,

2170 3373 2438 3444 ὲκαθέσθη
2480 3374 2572 3426 ἐπὶ
2622 3371 2719 3424 τοῦ
2776 3371 3044 3441 βήματος,
3081 3369 3175 3422 καὶ
3233 3366 3448 3420 κελεύει
3472 3368 3563 3419 τὸν
3591 3364 3750 3433 ἅγιον

2170 3465 2504 3536 Εὐστράτιον
2556 3463 2815 3533 ἀχθῆναι.
2851 3461 3239 3531 Παραστὰντος
3287 3457 3341 3510 δὲ
3384 3458 3569 3522 αὐτοῦ,
3601 3457 3754 3526 ὁᾶρο

2169 3576 2301 3628 χων,
2331 3557 2565 3618 καλέσας
2601 3556 2694 3608 τὸν
2731 3555 2885 3623 ἆγιον
2924 3554 3255 3622 Εὐστρέιτιον
3290 3551 3560 3615 κατιδίαν,
3589 3547 3749 3602 εἶπεν

2167 3651 2316 3722 αὐτῷ
2356 3651 2412 3701 ἐν
2443 3648 2762 3718 μυστηρίῳ·
2824 3647 3057 3716 Μάρτυς
3115 3663 3218 3714 μου
3256 3647 3288 3713 ἡ
3329 3643 3527 3713 ἔφορος
3595 3645 3749 3713 δίκη,

2167 3743 2496 3811 Εὐστράτιε,
2535 3740 2620 3792 ὅτι
2646 3738 2788 3791 πάνυ
2819 3737 3077 3806 θλίϐομαι
3109 3738 3235 3806 περὶ
3268 3735 3382 3796 σοῦ,
3419 3736 3490 3804 μὴ
3517 3735 3751 3787 καταδε-

2168 3835 2398 3904 χομένου
2431 3850 2525 3885 σου
2564 3830 2855 3900 πεισθῆναι
2896 3832 3010 3892 τοῖς
3053 3828 3394 3899 θεσπίσμασι
3448 3827 3554 3881 τῶν
3588 3826 3750 3896 βασι-

2167 3927 2324 3979 λέων.
2387 3924 2546 3977 Ἀλλὰ
2584 3923 2798 3977 κᾶνδιὰ
2825 3922 2924 3993 τὴν
2985 3920 3248 3990 δημοσίαν
3307 3920 3450 3991 ὄψιν,
3510 3920 3750 3990 ὑποκρίο

2167 4016 2362 4070 νασοειι
2421 4014 2661 4081 θέλησον
2721 4012 3098 4081 προσκυνῆσαι
3131 4011 3239 4071 τοῖς
3258 4007 3401 4069 θεοῖς
3440 4009 3683 4077 σλήματι
3731 4020 3744 4033 ’

2168 4110 2290 4163 καθ’
2324 4109 2517 4161 ἑαυτὸν
2548 4107 2601 4160 δὲ
2631 4107 2852 4158 πίστευε
2906 4105 3000 4157 καὶ
3040 4101 3336 4170 προσκύνει
3362 4101 3437 4171 τῷ
3470 4099 3588 4168 Θεῷ
3623 4116 3744 4151 σου.

2168 4202 2277 4254 Καὶ
2318 4202 2539 4268 aisne-1t
2586 4195 2923 4266 συγγνώμην
2953 4194 3086 4265 παρ’
3116 4193 3282 4246 αὑτοῦ
3339 4193 3425 4245 διὰ
3453 4192 3552 4251 τὴν
3587 4206 3747 4258 περι-

2167 4293 2429 4361 κειμένην
2492 4308 2576 4343 σοι
2627 4290 2896 4358 ἀνάγκην,
2951 4287 3046 4339 καὶ
3098 4288 3171 4356 μὴ
3236 4284 3432 4349 ούτω-,
3483 4284 3623 4351 ἀνὴρ
3687 4285 3749 4332 ἐν

2164 4384 2403 4455 τοσαύτῃ
2439 4384 2598 4452 σοφίᾳ
2642 4384 2920 4450 ὑπάρχων,
2962 4378 3134 4448 ἀπόλῃ
3166 4375 3349 4439 κακῶς
3394 4376 3464 4437 ὼε
3518 4370 3598 4437 εἷς
3633 4374 3746 4425 τῶν

487 4486 543 4526 ct
573 4472 778 4527 nullius
807 4487 933 4527 sum
970 4473 1249 4536 misertus,
1272 4487 1451 4542 neque
1488 4477 1555 4526 ab
1583 4473 1692 4528 ullo
1714 4489 1834 4527 sunt
1865 4473 2057 4527 llexus.

2171 4477 2528 4544 κακούργων
2590 4473 2682 4526 καὶ
2735 4473 2781 4525 εἰ
2815 4466 2882 4541 ἦν
2943 4487 3033 4539 μοι
3081 4468 3382 4531 ἀκίνδυνον,
3428 4464 3745 4518 οὐδὲτοῦτο

487 4561 590 4617 Tui
620 4577 750 4616 vero
782 4576 1033 4632 magnam
1080 4575 1269 4615 curam
1303 4576 1455 4631 gero,
1489 4571 1545 4617 et
1589 4572 1817 4632 propter
1852 4572 1902 4615 te
1950 4571 2060 4616 tota

486 4663 648 4710 nocte
683 4669 877 4724 magno
926 4668 1047 4708 sum
1078 4655 1269 4710 dolore
1306 4653 1607 4710 cruciatus.
1646 4654 1881 4710 Sanetus
1923 4655 2062 4708 dixit

484 4744 794 4801 Eustratins
822 4764 836 4801 :
864 4745 940 4799 De
974 4745 1077 4801 hac
1103 4759 1160 4801 re
1194 4761 1265 4799 ne
1286 4745 1573 4809 crucieris‘;
1620 4762 1801 4816 neque
1840 4756 2065 4816 propter

452 4852 572 4891 .mc
622 4839 811 4893 ve:.ias
850 4840 907 4891 in
958 4838 1286 4906 periculurn,
1331 4840 1423 4893 sed
1470 4839 1616 4904 qnod
1663 4840 2056 4909 imperatorum

487 4940 702 4984 morum
727 4932 1273 4990 contineturctlictis.
1302 4942 1557 4986 accurate
1586 4946 1908 5000 exsequere.
1947 4932 2060 5000 Ego

482 5019 632 5075 enim
680 5034 858 5089 neque
898 5020 1175 5085 simulate,
1221 5036 1399 5091 neque
1448 5022 1557 5074 ullo
1597 5020 1711 5073 alio
1751 5020 1931 5085 modo,
1960 5021 2066 5075 diis

488 5113 597 5166 tuis
626 5112 969 5177 sacrificabo,
1003 5113 1097 5167 sed
1130 5129 1347 5183 semper
1375 5114 1486 5167 Deo
1519 5126 1639 5165 meo
1663 5112 1969 5167 conﬁtebor
2006 5113 2060 5167 in

485 5203 765 5260 omnibus.
798 5213 854 5259 et
887 5203 939 5257 in
992 5203 1172 5259 medio
1221 5204 1521 5257 multarunt
1573 5202 1809 5256 laudabo
1860 5203 2058 5271 ipsum.

485 5293 602 5349 Tua
633 5309 762 5350 vero
789 5304 1059 5349 tormenta
1095 5308 1179 5347 me
1217 5304 1467 5348 recreant
1495 5309 1558 5347 ac
1581 5293 1793 5363 juvant,
1823 5304 1878 5347 et
1902 5293 2064 5363 hujus

484 5388 587 5449 rei,
610 5384 653 5439 si
680 5383 832 5444 velis.
867 5384 951 5439 fac
981 5386 1311 5454 periculum.
1341 5384 1546 5438 Prmses
1582 5393 1763 5437 autem
1811 5401 1933 5439 cum
1962 5385 2056 5438 diu

486 5491 649 5530 manu
687 5477 898 5530 vultum
926 5478 1174 5545 texisset,
1204 5488 1287 5531 est
1316 5477 1648 5543 lacrymatus
1681 5475 1819 5530 adeo
1846 5486 1904 5530 ut
1937 5478 2060 5530 uni-

486 5582 637 5620 versa
692 5583 814 5636 quae
863 5570 1301 5624 circumsistebat
1346 5569 1526 5633 turba,
1557 5584 1679 5622 cum
1715 5570 2063 5638 cognovisset

484 5658 770 5723 praesidem
800 5660 1046 5714 misereri
1072 5662 1268 5722 sancti.
1298 5675 1485 5715 vocem
1515 5661 1764 5714 emiserit
1797 5661 2061 5714 lamenta-

489 5746 677 5811 bilcm,
700 5761 925 5819 eratque
959 5768 1182 5820 magnus
1203 5754 1381 5808 luctus
1412 5756 1464 5808 in
1495 5753 1732 5807 civitate.
1760 5752 1895 5805 Dixi!
1933 5770 2058 5805 vero

2168 4564 2234 4617 ἂν
2266 4564 2565 4632 ἐπεζήτουν
2608 4561 2757 4630 παρὰ
2776 4558 2893 4612 σοῦ.
2926 4558 3160 4620 Πολλοὺς
3186 4558 3295 4627 γὰρ
3313 4556 3413 4624 τῆς
3444 4554 3751 4626 θρησκείας

2173 4672 2268 4708 σου
2293 4652 2573 4712 ἀπώλεσα,
2597 4652 2692 4704 καὶ
2723 4647 3189 4730 ούδέναλῴκτειρα,
3223 4647 3341 4700 οὐδὲ
3379 4645 3750 4715 ὲπεκάμφθην

2163 4748 2304 4801 τινί*
2363 4745 2453 4798 σού
2486 4744 2542 4797 δὲ
2581 4743 2818 4814 κήδομαι
2873 4741 3018 4802 λίαν,
3080 4741 3179 4792 καὶ
3226 4740 3409 4792 πᾶσαν
3443 4738 3543 4808 τὴν
3574 4735 3753 4789 νύκτα

2168 4840 2261 4892 σού
2323 4838 2514 4890 ἕνεκεν
2543 4835 2826 4904 ὠδυνήθην
2849 4832 3212 4901 λυπούμενος.
3233 4828 3293 4882 '0
3312 4831 3463 4898 ἅγιος
3493 4827 3749 4896 Εὐστρά-

2165 4948 2277 4992 τιος
2322 4926 2476 4982 εἶπεν
2500 4946 2514 4960 ο
2564 4928 2655 4996 Μὴ
2678 4925 2931 4995 λυπηθῇς
2960 4924 3088 4993 περὶ
3140 4922 3355 4987 τούτου,
3400 4919 3536 4989 μηδὲ
3565 4916 3751 4972 κινδυ-

2166 5024 2362 5093 νεύσῃς
2401 5022 2586 5074 ἕνεκεν
2649 5017 2804 5088 ἐμοῦ.
2866 5015 3026 5067 Ἀλλὰ
3088 5016 3148 5067 τὸ
3214 5013 3621 5082 παριστάμενον
3673 5009 3746 5076 τῇ

2166 5114 2422 5187 ἁκριὸείξ.
2474 5112 2585 5164 τῶν
2647 5108 2943 5179 βασιλικῶν
3015 5123 3107 5158 σου
3140 5102 3535 5170 θεσπισμάτων
3584 5098 3752 5151 τοῦτο

2167 5206 2414 5276 ποίησον.
2478 5202 2617 5270 Ἐγὼ
2671 5203 2778 5271 γὰρ
2829 5199 2956 5252 οὔτε
3012 5197 3151 5268 μετᾶ
3184 5196 3551 5266 ὑποκρίσεως,
3616 5190 3752 5244 οὔτε

2165 5296 2341 5358 ἄλλως
2386 5312 2501 5356 πως
2558 5293 2705 5346 θύσω
2745 5295 2858 5352 τοῖς
2910 5289 3053 5351 θεοῖς
3102 5304 3194 5340 σοσ
3226 5326 3241 5351 ,
3311 5283 3449 5337 ἀλλὰ
3505 5282 3749 5335 πάντοτε

2166 5387 2643 5457 ἐξομολογησομαι
2677 5381 2753 5451 τῷ
2794 5380 2988 5450 Κυρίῳ
3038 5396 3143 5447 μου
3191 5376 3288 5430 ἐπὶ
3323 5375 3543 5427 πάντων
3567 5371 3665 5424 καὶ
3689 5371 3753 5421 ὲν

2173 5482 2322 5551 μέσῳ
2356 5477 2566 5531 πολλῶ)
2610 5475 2809 5529 αἰνέσω
2837 5472 3019 5527 αὐτόν.
3051 5471 3114 5522 Αἰ
3148 5468 3206 5521 δὲ
3239 5465 3463 5539 βάσανοί
3498 5480 3592 5516 σου
3619 5463 3752 5531 ἐμοὶ

2166 5577 2244 5635 είς
2275 5571 2513 5639 εὐωχίαν
2570 5569 2834 5635 γίνονται,
2894 5564 3010 5624 καὶ,
3038 5564 3258 5616 εἰδοκεί
3308 5577 3412 5625 σοι,
3443 5556 3751 5625 δοκίμασον

2158 5663 2337 5729 τοῦτο.
2375 5664 2435 5714 '0
2468 5660 2521 5712 ίὲ
2547 5662 2727 5730 ἅρχων
2771 5656 2863 5708 ἐπὶ
2917 5654 3116 5725 πολλὴν
3146 5654 3243 5723 τὴν
3298 5650 3444 5720 ὥραν
3483 5650 3548 5717 τῇ
3596 5644 3753 5714 χειρὶ

2165 5756 2260 5815 τὴν
2295 5754 2414 5818 δέκ’)
2450 5744 2610 5806 αὕτοῦ
2646 5748 2944 5811 σκεπάσας,
2975 5747 3289 5812 ἐδιίκρυσεν,
3324 5744 3395 5804 ὡς
3448 5743 3535 5796 καὶ
3565 5737 3753 5798 πάντᾳ
