4094 6384
1735 323 2019 386 MENSIS
2058 327 2485 393 DECEMBER.

876 471 3731 516 ...η-,Ἦ-

1119 631 1754 717 ΜΑΡΤΥΡΙΟΝ
1830 637 2058 722 ΤΩΝ
2134 635 2474 723 ΑΓΙΩΝ
2549 639 3141 726 ΜΑΡΤΥΡΩΝ

858 824 1472 966 (amor,
1557 822 2287 974 ΛΟΥΚΙΟΥ,
2368 827 3387 977 ΚΑΛΛΙΝΙΚΟΥ,

1243 1047 1912 1136 ΦΙΛΗΜΟΝοΣ
1986 1051 2184 1134 ΚΑΙ
2255 1050 3033 1138 ΑΠΟΛΛΩΝΙΟΥ.

983 1400 1710 1492 MARTYBIUM
1783 1403 2506 1500 SANCTORUM
2587 1405 3258 1497 MARTYRUM

693 1623 1544 1822 THYRSI,
1693 1625 2316 1822 LUCII,
2463 1585 3576 1812 CALLINICI,
3692 1677 3699 1684 -

1272 1892 1789 1966 PHILEMONIS,
1836 1891 2263 1954 APOLLONII
2306 1893 2410 1954 ET
2446 1894 2998 1968 RELIQUORUM.

963 2048 968 2053 ’
1061 2052 1256 2116 (Latine
1283 2055 1411 2116 apud
1434 2053 1630 2104 Surium
1659 2055 1719 2104 ad
1743 2057 1874 2105 diem
1900 2055 1954 2104 ll
1980 2056 2300 2119 Decembris;
2324 2058 2490 2109 Graec
2511 2069 2574 2106 ex
2594 2059 2704 2108 cod.
2735 2070 2828 2108 ms.
2852 2059 3008 2110 Paris.
3037 2059 3196 2124 “96.)

582 2365 602 2422 1
649 2366 782 2422 Cum
801 2364 1064 2424 Dominus
1086 2368 1443 2424 nosterJesus
1464 2367 1737 2432 Christus,
1761 2368 1943 2424 carnis
1963 2365 2096 2422 inita

2269 2368 2350 2424 Ν.
2384 2367 2491 2420 Τοῦ
2523 2370 2733 2436 Κυρίου
2769 2369 2926 2439 ἡμῶν
2967 2368 3143 2436 Ἰησοῦ
3198 2369 3436 2440 Χριστοῦ
3503 2373 3764 2444 κοινωιίᾳ

515 2460 801 2522 societate,
835 2459 1092 2530 benigne,
1126 2469 1184 2514 ut
1210 2460 1344 2516 dicit
1370 2460 1574 2517 Paulus
1606 2465 1652 2526 ',
1679 2463 1732 2516 in
1761 2472 1909 2517 terra
1935 2470 2090 2516 esset

521 2559 772 2604 versatus
809 2551 981 2621 (misit
1012 2553 1160 2606 enim
1193 2552 1389 2606 Filium
1429 2569 1613 2614 suum,
1641 2554 1844 2608 factum
1878 2559 1947 2609 ex
1971 2569 2094 2609 mu-

516 2641 676 2701 liere,
713 2641 914 2695 factum
934 2642 1036 2695 sub
1069 2642 1186 2712 lege
1218 2645 1283 2712 '),
1324 2654 1383 2698 ut
1412 2655 1467 2699 et
1498 2661 1598 2699 nos
1625 2645 1690 2700 ad
1716 2647 1963 2701 veritatis
1991 2646 2091 2700 ad-

517 2735 748 2789 duceret
791 2737 1128 2804 agnitionem
1179 2753 1276 2806 per
1316 2739 1563 2807 prodigia
1593 2780 1608 2803 ,
1646 2755 1744 2808 per
1777 2738 1952 2808 signa,
1993 2753 2092 2807 per

514 2826 878 2893 apostolicum
910 2842 1220 2880 sermonem
1252 2837 1308 2880 et
1355 2826 1658 2882 doctrinam
1686 2867 1700 2889 ,
1733 2842 1830 2895 per
1862 2825 2092 2896 prtecla-

517 2934 608 2971 ros
651 2929 706 2970 et
745 2919 1099 2973 admirabiles
1135 2921 1305 2984 viros,
1344 2921 1443 2990 qui
1494 2929 1680 2988 postea
1731 2921 1998 2974 fuerunt:
2036 2929 2093 2976 et

517 3009 780 3063 omnibus
807 3010 985 3064 modis
1017 3021 1359 3080 procuraret,
1404 3021 1466 3066 ut
1505 3028 1891 3067 revocarentur
1937 3028 1967 3067 a
2011 3029 2095 3068 v1-

516 3101 641 3152 tio:
676 3101 769 3169 qui
836 3102 1016 3156 statim
1067 3105 1134 3157 ab
1182 3105 1342 3157 initio
1413 3113 1602 3159 nostro
1655 3105 1841 3174 generi
1887 3106 2095 3162 exstitit

512 3191 800 3260 inimicus,
839 3194 951 3249 haec
983 3195 1192 3256 videns,
1228 3206 1283 3250 et
1314 3177 1550 3251 nostram
1595 3212 1700 3250 non
1755 3196 1933 3251 ferens
1974 3214 2098 3252 cor-

519 3284 842 3353 rectionem,
872 3285 1042 3339 movit
1072 3286 1335 3340 adversus
1359 3303 1458 3340 nos
1493 3303 1731 3354 omnem,
1779 3299 1837 3343 ut
1865 3289 2090 3354 dicitur,

521 3377 798 3444 lapidem;
849 3387 906 3431 et
956 3395 1080 3432 cum
1133 3395 1198 3432 cx
1245 3395 1304 3434 se
1357 3397 1456 3434 nos
1503 3397 1609 3435 non
1642 3383 2092 3453 possetaggrcdi,

524 3469 806 3537 prioribus
847 3484 1040 3523 rursus
1095 3485 1226 3525 usus
1276 3481 1360 3526 est
1411 3473 1698 3537 machinis,
1734 3484 1787 3530 et
1821 3491 1920 3544 per
1956 3476 2094 3544 alios

521 3559 787 3614 excitavit
819 3560 1144 3626 seditiones,
1178 3571 1234 3616 et
1258 3561 1399 3616 bella
1431 3565 1753 3630 commovit,
1785 3576 1840 3620 et
1867 3566 2092 3622 molitus

519 3661 608 3705 est
634 3666 797 3705 omne
827 3669 998 3720 genus
1029 3654 1277 3707 insidias.
1311 3655 1444 3708 Nam
1471 3655 1912 3711 cumnrtiliciose
1941 3658 2094 3712 subi-

526 3743 656 3797 isset
683 3744 928 3805 Decium.
961 3745 1052 3813 qui
1095 3754 1225 3798 tunc
1259 3746 1520 3800 Romanis
1551 3747 1879 3815 imperabat,
1926 3749 2094 3803 vehe-
2131 3720 2171 3775 Β

525 3849 741 3892 menter
771 3837 1142 3891 conturbabat
1167 3838 1534 3903 Christianos,
1568 3839 1868 3904 lacerabat,
1915 3842 2100 3897 trahe-

525 3929 619 3982 bat
650 3929 715 3982 ad
741 3929 974 3999 judicia,
1006 3945 1102 3984 eos
1135 3931 1386 3985 maximis
1413 3931 1656 3986 alliciens
1686 3932 1972 4002 suppliciis
1993 3973 2007 3997 ,
2041 3943 2098 3990 et

526 4028 806 4088 postremo
852 4022 969 4091 ipsa
1028 4033 1224 4076 morte.
1280 4023 1455 4078 Causa
1509 4032 1716 4088 autem,
1774 4025 1920 4094 quod
1964 4041 2096 4095 non,

526 4113 716 4167 relicto
768 4129 901 4167 vero
945 4113 1076 4174 Deo,
1127 4130 1291 4168 vanas
1322 4124 1379 4168 et
1414 4115 1606 4169 inanes
1635 4116 1860 4169 deorum
1891 4115 2102 4170 abomi-

527 4208 782 4260 nationes
829 4214 887 4258 ut
937 4205 1230 4260 adorarent
1282 4207 1604 4276 persuaderi
1649 4218 1920 4277 poterant.
1981 4207 2102 4274 Quo

530 4305 774 4366 tempore
834 4297 1002 4352 fortes
1051 4299 1270 4366 pietatis
1318 4299 1557 4364 athletae,
1592 4299 1813 4363 Lucius,
1856 4300 2100 4369 inquam,

525 4397 584 4444 et
639 4389 906 4459 Thyrsus,
969 4399 1026 4444 et
1071 4391 1373 4446 Callinicus
1431 4392 1514 4462 (re
1580 4407 1709 4446 vera
1781 4392 2100 4456 Callinicus,

527 4493 726 4548 nempe
763 4481 1048 4548 pmclarus
1069 4483 1288 4550 victor),
1319 4491 1548 4538 mortem
1580 4493 1802 4553 pr0pter
1825 4483 2104 4539 Christum

522 4572 844 4641 elegerunt,
891 4573 1048 4642 prius
1100 4575 1288 4630 multis
1334 4575 1564 4631 cruciati
1604 4577 1938 4646 suppliciis:
1981 4593 2105 4646 qua:

523 4661 719 4714 omnia
749 4671 1088 4730 superarunt
1123 4663 1412 4718 tolerantia
1441 4679 1455 4717 :
1489 4675 1544 4718 et
1574 4664 1776 4720 deinde
1806 4668 1919 4734 ipsa
1961 4680 2103 4734 quo-

521 4766 640 4821 que
671 4767 928 4822 corpora,
979 4762 1238 4823 tanquam
1285 4764 1537 4809 sanctum
1569 4755 1924 4817 sacriﬁcium,
1973 4770 2106 4810 con-

527 4853 824 4900 secrarunt
859 4845 932 4907 ei.
963 4861 1126 4915 quem
1164 4846 1573 4903 desiderabant.
1606 4849 1712 4904 Eos
1741 4848 2104 4918 tulitquidem

2195 2463 2420 2533 σαρκὸς,
2452 2463 2480 2514 ὅ
2514 2479 2647 2532 φησι
2684 2463 2915 2528 Παῦλος,
2948 2464 3040 2516 ἐπὶ
3071 2463 3174 2533 γῆς
3215 2462 3611 2534 φιλανθρώπως
3642 2467 3768 2518 ἑπι-

2194 2555 2538 2626 δημήσαντος
2571 2553 2947 2620 (ἐξαπέστειλε
3009 2555 3120 2623 γὰρ
3154 2557 3182 2607 6
3210 2555 3342 2616 Θεὸς
3371 2556 3461 2608 τὸν
3492 2557 3620 2609 Υίδν
3662 2559 3762 2610 αὐο

2191 2641 2288 2698 τοῦ
2321 2645 2612 2712 γενόμενον
2649 2647 2715 2698 ἐκ
2754 2646 3015 2712 γυναικὸς
3063 2645 3357 2714 γενόμενον
3390 2647 3492 2698 ὑπὸ
3551 2647 3766 2716 νόμον),

2193 2736 2274 2798 εἰς
2303 2737 2598 2804 ὲπίγνωσίν
2636 2754 2691 2789 τε
2715 2737 2811 2806 τῆς
2843 2735 3102 2806 ἀληθείας
3155 2738 3302 2807 ἡμᾶς
3346 2739 3634 2804 ἐνάγοντος
3674 2739 3766 2791 διὰ

2192 2845 2250 2880 τε
2264 2829 2520 2899 ραστίων,
2548 2829 2635 2882 διὰ
2667 2831 2936 2898 σημείων,
2965 2831 3034 2883 δι’
3073 2830 3439 2883 ἀποττολικοῦ
3484 2830 3644 2898 λόγου
3671 2830 3772 2882 καὶ

2191 2916 2562 2988 διδαγμάτων,
2600 2918 2687 2972 διὰ
2711 2918 2821 2971 τῶν
2853 2921 2990 2988 μετὰ
3011 2919 3186 2972 ταῦτα
3220 2919 3489 2988 γενναίων
3513 2924 3605 2973 καὶ
3630 2921 3770 2972 θαυ-

2199 3013 2414 3080 μασίων
2443 3013 2656 3082 ἀνδρῶν
2697 3013 2793 3065 καὶ
2826 3015 2962 3066 πᾶσι
3005 3013 3230 3087 τρόποις
3265 3013 3364 3082 τὴν
3410 3014 3518 3065 ἀπὸ
3572 3014 3769 3077 κακίας

2194 3103 2491 3174 ἀνάκλησιν
2541 3105 2701 3174 ἡμῶν
2749 3105 3307 3175 πραγματευομένου.
3361 3107 3388 3157 6
3441 3105 3649 3158 ἄνωθεν
3687 3105 3767 3175 τῷ

2195 3195 2454 3265 ἡμετέρῳ
2482 3196 2630 3261 γένει
2660 3195 2975 3266 περιφανὴς
3005 3195 3266 3265 πολέμιος
3313 3196 3769 3264 ἀποδεδειγμένος

2195 3288 2368 3340 ταῦτα
2397 3285 2562 3356 ὁρῶν,
2598 3287 2690 3339 καὶ
2719 3286 2817 3357 τὴν
2845 3287 3002 3356 ἡμῶν
3027 3286 3294 3354 οὐμενουν
3322 3288 3621 3357 ἁνόρῢωσιν
3650 3290 3774 3339 ἀνθ.-

2195 3376 2448 3448 χὸμενος,
2477 3377 2657 3430 πάντα
2689 3377 2854 3442 λίθον,
2887 3379 2916 3430 δ
2938 3379 3181 3445 λέγεται,
3208 3378 3332 3431 καθ’
3365 3379 3523 3448 ἡμῶν
3579 3380 3772 3442 ἐκίνει,

2197 3468 2292 3521 καὶ
2319 3468 2650 3538 προσϐαλεῖν
2679 3469 2892 3522 οἴκοθεν
2925 3469 3092 3533 αὐτὸς
3124 3471 3224 3523 οὐκ
3256 3470 3394 3540 ἔχων
3425 3473 3489 3540 τῇ
3522 3473 3774 3542 προτέρα

2201 3563 2421 3631 μηχανῇ
2461 3562 2556 3613 καὶ
2592 3556 2752 3624 αὖθις
2777 3561 3002 3630 ἐχρῆτο,
3036 3561 3131 3614 καὶ
3177 3559 3247 3612 δι’
3294 3563 3498 3632 ἑτέρων
3555 3563 3775 3624 στάσεις

2199 3653 2408 3720 ἀνῆπτε
2443 3651 2536 3704 καὶ
2564 3651 2825 3720 πολέμοις
2851 3651 3073 3720 ἠρέθιζε
3105 3651 3199 3703 καὶ
3224 3652 3332 3702 πᾶν
3365 3647 3506 3712 εῐδος
3545 3649 3775 3702 ἐπιϐου-

2199 3742 2297 3811 λῆς
2321 3742 2686 3795 ἐπεδείκνυτο.
2736 3742 3018 3795 ’Υπελθὼν
3045 3742 3154 3811 γὰρ
3181 3742 3450 3809 εὐτέχνως
3473 3741 3564 3794 τὸν
3587 3741 3777 3793 Δέκιον

2200 3833 2257 3897 ὃς
2293 3834 2598 3903 τηνικαῦτα
2629 3835 2922 3904 Ῥωμαίων
2956 3836 3204 3905 ἐκράτει,
3241 3835 3408 3894 πολὺς
3444 3829 3514 3902 ἦν
3543 3834 3777 3902 Χριστι-

2201 3927 2362 3989 ανοὺς
2393 3926 2698 3996 ταράττων,
2726 3926 3072 3995 σπαράττων.
3098 3929 3178 3988 εις
3209 3927 3540 3993 δικαστήρια
3574 3925 3775 3988 ἕλκων,

2201 4017 2452 4079 κολάσεις
2480 4019 2819 4086 ἀνηκέστους
2845 4019 3030 4080 αὐτοῖς
3053 4018 3294 4084 ἐπάγων,
3328 4020 3424 4071 καὶ
3461 4019 3777 4070 τελευταῖον

2201 4109 2293 4162 τὸν
2334 4109 2587 4162 θάνατον.
2634 4109 2699 4161 Ἦ
2737 4109 2792 4162 δὲ
2817 4109 2987 4174 αἰτία,
3017 4111 3100 4162 ὅτι
3127 4110 3201 4179 μὴ
3248 4109 3381 4164 Θεὸν
3419 4110 3624 4179 ἀψευδῆ
3684 4108 3780 4178 μό-

2203 4218 2294 4255 νον
2329 4200 2708 4264 ἀπολιπόντες,
2731 4199 3067 4269 βδελύγμασι
3123 4203 3302 4263 κενοῖς
3364 4203 3456 4253 καὶ
3518 4199 3813 4275 ματαίοις-

2205 4294 2343 4346 θεῶν
2370 4294 2593 4362 ὀνόματι
2617 4293 3078 4361 κατεψευσμένοις
3107 4293 3383 4346 πείθονται
3408 4294 3764 4364 προσκυνεῖνο

2205 4388 2294 4440 ὅτε
2319 4386 2382 4457 δὴ
2419 4386 2512 4438 καὶ
2550 4387 2600 4437 οἱ
2660 4386 2886 4456 στερροὶ
2949 4385 3049 4453 τῆς
3109 4383 3395 4445 εὐσεϐείας
3452 4385 3781 4450 ἀγωνισταὶ,

2204 4477 2460 4542 Λεύκιος,
2487 4477 2653 4546 φημὶ,
2678 4478 2770 4529 καὶ
2808 4476 3016 4545 Θύρσος
3048 4476 3144 4529 καὶ
3191 4478 3220 4528 6
3260 4475 3583 4537 Καλλίνικος
3613 4475 3783 4537 ὅντως

2207 4567 2537 4631 καλλίνικος,
2591 4568 2680 4618 διὰ
2705 4567 2943 4636 Χριστὸν
2973 4567 3182 4618 εἴλοντο
3221 4565 3497 4634 θνήσκειν,
3557 4564 3782 4626 πολλαῖς

2219 4661 2301 4714 ὅτι
2341 4661 2613 4731 πρότερον
2645 4662 2763 4721 ταῖς
2794 4658 3095 4728 τιμωρίαις
3121 4656 3526 4726 ὐποϐληθέντες
3554 4661 3648 4708 καὶ
3680 4657 3783 4708 πά-

2218 4772 2319 4816 σας
2347 4754 2516 4816 αὐτὰς
2541 4755 2789 4823 ὑπομονῇ
2821 4750 3217 4819 διελέγξαντες,
3252 4747 3374 4803 εἶτα
3401 4751 3497 4803 καὶ
3544 4751 3688 4802 αὐτὰ
3714 4749 3783 4800 τὰ

2211 4843 2440 4915 σώματα
2472 4843 2547 4906 ὠς
2575 4843 2768 4896 ουσίαν
2817 4843 2984 4910 ἁγίαν
3013 4843 3090 4911 τῷ
3140 4843 3462 4911 ποθουμένῳ
3513 4840 3785 4907 καθαγιά-

478 4937 495 4960 “
531 4938 736 5009 inclyta
768 4938 918 5009 regio
943 4939 1305 5010 Bithynorum
1339 4958 1354 4994 :
1383 4956 1509 4996 cum
1542 4951 1732 4997 essent
1756 4955 1942 4997 autem
1970 4941 2099 4996 clari

2211 4953 2423 4998 σαντες.
2455 4935 2690 4996 Τούτους
2714 4934 2902 5001 ἔνεγκε
2939 4933 3034 5002 μὲν
3059 4934 3089 5002 ἡ
3120 4931 3472 5000 περιώνυμος
3499 4929 3654 5000 χώρα
3677 4929 3784 4982 τῶν

529 5039 590 5086 et
633 5046 837 5100 genere
878 5041 937 5088 et
976 5032 1169 5103 gloria,
1215 5033 1391 5089 multo
1426 5034 1600 5105 magis
1628 5035 1962 5089 studuerunt
2001 5035 2099 5090 sibi

2213 5028 2454 5083 Βιθυνῶν
2486 5043 2500 5057 ο
2525 5029 2671 5094 γένει
2703 5027 2762 5080 δὲ
2789 5027 2942 5088 ὄντες
2987 5026 3082 5077 καὶ
3125 5024 3250 5093 δόξῃ
3300 5023 3548 5093 λαμπροὶ
3607 5021 3786 5091 πολλῷ

525 5139 726 5196 parare
753 5126 1100 5196 splendorem
1129 5143 1196 5182 ex
1224 5128 1448 5197 pietate.

2219 5119 2420 5189 μᾶλλον
2453 5119 2729 5170 ἔσπευσαν
2755 5117 2853 5188 τὴν
2874 5117 2983 5169 ἀπὸ
3014 5117 3112 5184 τῆς
3168 5113 3454 5175 εὐσεϐείας
3483 5114 3787 5184 κτήσασθαι

2213 5211 2592 5283 περιφάνειαν.

605 5300 672 5354 ll.
705 5299 840 5355 Cum
870 5315 1026 5370 ergo,
1061 5316 1181 5370 qua:
1208 5301 1262 5355 in
1306 5300 1650 5356 Christianos
1688 5300 1870 5366 ﬁebat,
1915 5316 2099 5370 perse-

2283 5305 2360 5358 B'.
2401 5304 2554 5357 Ἐπεὶ
2587 5302 2680 5357 οὐν
2703 5303 2731 5354 6
2759 5302 2898 5356 κατὰ
2927 5300 3273 5374 Χριστιανῶν
3301 5299 3380 5353 ἔτι
3404 5298 3639 5366 διωγμὸς
3664 5300 3790 5350 ἑπε-

531 5392 688 5447 cutio
727 5393 911 5447 adhuc
959 5393 1222 5458 duraret,
1257 5402 1422 5463 atque
1453 5393 1591 5447 adeo
1623 5393 1796 5463 magis
1826 5393 2099 5464 magisque

2217 5394 2433 5465 κράτει,
2470 5394 2671 5462 μᾶλλον
2718 5392 2776 5446 δὲ
2831 5393 2926 5445 καὶ
2967 5391 3172 5460 μείζων
3193 5390 3253 5442 τὸ
3301 5388 3557 5458 τηνικάδε
3601 5387 3789 5457 ᾔρετο.

531 5495 848 5540 cresceret:
891 5496 951 5540 et
990 5503 1086 5556 per
1138 5489 1453 5542 universum
1508 5487 1697 5542 orbem
1742 5495 1899 5542 terra:
1930 5487 2099 5544 mitte-

2221 5485 2501 5557 πανταχοῦ
2541 5503 2599 5539 τε
2625 5487 2692 5539 τὰ
2717 5487 2812 5554 τῆς
2850 5485 3106 5548 ἀσεϐείας
3138 5479 3526 5552 κατεπέμπετο
3547 5481 3790 5546 δόγματα

533 5587 732 5630 rentur
774 5578 993 5633 decreta
1032 5580 1350 5650 impietatis,
1399 5591 1456 5635 et
1494 5582 1908 5652 permitteretur
1935 5581 2099 5637 omni-

2224 5581 2318 5634 καὶ
2376 5581 2543 5634 πᾶσιν
2603 5580 2786 5649 ἐφεῖτο
2838 5577 3092 5643 κολάζειν
3127 5577 3514 5648 Χριστιανοὺς,
3557 5574 3790 5645 μάλιστα

614 5760 628 5788 ‘
673 5759 759 5811 Τ.ι
835 5773 914 5824 tu,
958 5759 1000 5811 i.
1079 5763 1096 5792 ²
1135 5761 1306 5816 Gala'.
1358 5779 1428 5828 ιν,
1475 5763 1528 5817 4.
