4102 6376
283 335 391 400 509
1104 329 1574 391 MARTYRIUM
1615 330 1673 391 S.
1717 330 1873 391 THY

1985 330 2007 388 [
2052 331 2145 390 ΕΤ
2186 332 2604 395 SOCIORUM.
3429 337 3534 399 510

284 447 383 518 τὴν
413 441 756 516 προστασίαν
796 439 906 494 τῶν
931 436 1210 510 δημοσίων
1249 437 1395 501 τινδς
1448 437 1859 507 ἑπιτετραμμὲο

1978 442 2071 495 bus
2097 441 2294 511 punire
2317 440 2686 504 Christianos,
2739 443 2973 498 maxime
2999 445 3201 513 quibus
3238 456 3356 500 erat
3386 463 3539 500 com-
3611 438 3617 444 ’

284 551 436 600 νους,
490 532 854 604 παρέστησαν
917 524 1066 583 οὗτοι
1119 526 1581 597 τυραννουμένοις
1612 528 1723 589 τοῖς
1770 526 1865 580 τού

1978 533 2133 587 missa
2173 533 2354 602 aliqua
2390 533 2715 601 praefectura
2747 534 3085 603 reipublicm,
3131 537 3424 591 astiterunt
3457 536 3536 598 bi.

276 625 424 679 Θεοῦ
451 625 664 694 νόμοις,
710 622 948 685 καὶτοῖς
1000 620 1102 688 τῆς
1158 617 1443 677 εὐσεϐείας
1489 618 1868 685 ἀδικουμένοις

283 719 513 788 θεσμοῖς
542 714 935 785 βοηθήσοντες,
969 713 1069 765 καὶ
1097 711 1300 781 πολλὴν
1336 711 1471 780 ὅσην
1514 711 1613 762 καὶ
1665 709 1734 763 δι’
1791 702 1867 762 ὢν

282 804 465 867 εἷπον.
499 806 593 860 καὶ
642 799 812 859 δι’ὦν
856 801 1079 867 ἔπαθον,
1130 802 1232 873 τὴν
1284 801 1459 873 ῥοπὴν
1494 801 1863 865 ἐπεδείξαντο.

292 901 558 969 Ἔρχεται
589 896 698 966 γάρ
728 912 815 958 τις
843 896 953 949 ἀπὸ
990 897 1093 964 τῆς
1123 893 1468 963 Νικομήδους
1504 892 1597 946 διὰ
1632 893 1864 956 Νικαίας

290 993 384 1045 ἐπὶ
406 991 509 1060 τὴν
549 988 908 1060 θρεψαμένην
952 987 1151 1049 αὐτοὺς
1184 986 1363 1050 πόλιν,
1400 987 1523 1056 ἥτις
1554 987 1867 1057 Καισάρεια

287 1082 354 1135 ἐκ
386 1098 533 1144 τινος
549 1079 657 1132 τῶν
682 1077 929 1131 παλαιῶν
957 1076 1203 1131 ἐκαλεῖτο
1233 1076 1554 1146 Καισάρων,
1586 1076 1868 1146 Κουμϐρί-

292 1188 407 1233 νιος
437 1169 631 1238 ὄνομα,
652 1168 815 1231 ναοὺς
840 1166 1079 1219 εἰδώλων
1122 1165 1216 1219 καὶ
1253 1165 1472 1235 βωμοὺς
1525 1166 1622 1218 καί⁵
1652 1164 1864 1233 θυσίας,

298 1262 394 1315 καὶ
425 1262 483 1314 εί
510 1278 562 1313 τι
601 1261 731 1314 ἄλλο
758 1259 978 1329 δαίμοσι
1026 1259 1387 1329 χαριζόμενον
1439 1252 1528 1328 ἢν,
1551 1257 1642 1311 διὰ
1687 1259 1867 1327 πάσης

294 1353 618 1423 ἐπιμελείας
639 1350 955 1420 τιθέμενος*
983 1352 1085 1403 οὑκ
1126 1352 1336 1412 ἐκεῖνος
1370 1350 1427 1403 δὲ
1476 1350 1650 1404 ταῦτα
1704 1350 1868 1420 μόνον

295 1444 431 1496 ἀλλὰ
466 1444 562 1497 καὶ
591 1443 693 1513 τὴν
722 1443 901 1495 πᾶσαν
924 1441 1206 1494 κοινωνεῖν
1240 1439 1389 1511 αὑτῷ
1444 1441 1545 1509 τῆς
1579 1442 1868 1510 ἀνοιιιουρι⁸

297 1536 421 1601 γίας
453 1532 930 1603 φιλοτιμούμενος,
966 1531 1063 1585 καὶ
1113 1534 1241 1595 τοὺς
1268 1530 1367 1601 μὲν
1417 1530 1671 1594 ἀπειλαῖς
1699 1546 1869 1583 κατα-

298 1630 570 1697 πλήττων,
600 1626 724 1686 τοὺς
762 1624 822 1677 δὲ
850 1623 949 1677 καὶ
1009 1622 1232 1691 ἀγαθῶν
1287 1622 1470 1676 ἐλπίσι
1520 1622 1869 1692 ποιραιιρουοέο⁴

294 1730 483 1782 μενος.
506 1713 739 1774 Λεύκιος
767 1711 825 1764 δὲ
857 1711 967 1763 τῶν
988 1711 1130 1764 κατὰ
1162 1710 1262 1779 τὴν
1286 1710 1441 1763 πόλιν
1461 1711 1553 1764 διά
1600 1726 1661 1763 τε
1713 1710 1871 1763 σύνε-

300 1895 525 1964 φανοῦς,
552 1893 741 1964 ῶσπερ
774 1892 984 1964 ἔφημεν
1012 1931 1029 1958 ,
1064 1893 1159 1945 καὶ
1225 1891 1403 1954 οἰκίας
1441 1891 1553 1947 τῶν
1610 1891 1868 1963 περιϐλέ-

298 2005 474 2048 πτων.
504 1988 693 2057 ἠνιᾶτο
720 1986 910 2046 δεινῶς
953 1985 1047 2038 ἐπὶ
1074 1984 1286 2049 τούτοις
1308 1986 1409 2038 καὶ
1435 1985 1583 2056 ζήλῳ
1617 1984 1747 2055 θείῳ
1771 1983 1870 2055 τὴν

296 2081 476 2150 φυλὴν
525 2080 970 2148 κατεπίμπρατο.
1032 2076 1316 2132 Ἐντεῦθεν
1367 2076 1487 2129 οὐδὲ
1534 2076 1738 2146 ἧνεγκε
1772 2074 1868 2128 τοῦ

300 2169 490 2223 λοιποῦ
511 2171 610 2237 τὴν
644 2167 929 2222 εύσέϐειαν
961 2167 1334 2223 λανθάνουσαν
1362 2166 1533 2238 ἔχειν,
1558 2168 1681 2222 οὐδὲ
1705 2168 1872 2222 κατί-

303 2280 419 2337 χειν
444 2262 538 2315 ἐπὶ
561 2261 721 2314 πλέον
744 2263 845 2330 τὴν
868 2262 1210 2332 πψρησὲαν,
1236 2260 1375 2314 ἀλλὰ
1401 2260 1496 2314 τὸν
1522 2261 1646 2313 τότε
1676 2260 1869 2331 καιρὸν

302 2355 744 2426 ἐπιτηδειότατον
778 2349 920 2407 εῖναι
948 2353 1091 2407 ὥστε
1144 2353 1353 2423 ταύτην
1413 2352 1583 2424 δήλην
1635 2354 1872 2424 ποιήσα-

303 2448 429 2499 σθαι
459 2445 685 2514 οἰηθεὶς,
715 2445 813 2499 καὶ
845 2444 903 2497 ὃν
929 2448 992 2498 ἐκ
1026 2444 1223 2498 πολλοῦ
1251 2442 1410 2499 ὥδινε
1441 2443 1606 2512 ζῆλον
1652 2442 1871 2514 ἐμφανῆ

302 2540 646 2611 καταστῆσαι
675 2537 751 2603 ὡς
787 2534 932 2608 εἶχεν
965 2538 1130 2601 εὐθὺς
1166 2537 1244 2608 τῷ
1263 2538 1360 2607 τῆς
1413 2536 1673 2599 ἀσεϐείας
1734 2538 1876 2588 ὑπασ

304 2633 506 2702 among
540 2631 821 2699 παραστάς
854 2646 870 2661 ⁶
914 2629 1102 2695 Ἰνατί,
1154 2646 1231 2700 φη
1268 2630 1346 2694 ἰν,
1401 2622 1445 2683 ὧ
1507 2627 1873 2700 Κουμϐρίκιε,

302 2722 578 2793 δυστυχῶς
604 2721 746 2774 οὕτω
775 2722 868 2775 καὶ
899 2721 1102 2784 ἀθλίως
1123 2722 1264 2776 κατὰ
1288 2721 1388 2791 τῆς
1433 2721 1645 2783 οἰκείας
1676 2720 1876 2791 ὁπλίζῃ

304 2812 506 2883 ψυχῆς,
543 2812 848 2885 ἀναίσθητα
867 2811 1138 2880 δαιμόνων
1162 2812 1257 2865 καὶ
1286 2810 1446 2879 κωφὰ
1461 2811 1636 2882 τιμῶν
1655 2810 1873 2877 εἴδωλα,

306 2904 400 2956 καὶ
439 2905 518 2965 είς
549 2902 837 2955 κοινωνίαν
877 2901 1106 2965 πολλοὺς
1157 2900 1367 2971 ταύτης
1425 2901 1878 2972 παραλαμϐάνων

304 2998 402 3063 τῆς
434 2993 884 3061 κακοδαιμονίας,
925 2994 1010 3047 ἵνα
1042 2994 1138 3047 καὶ
1171 2995 1356 3049 αὐτῶν
1386 2992 1552 3047 λίθων
1579 2997 1674 3047 καὶ
1704 2993 1878 3058 ξύλων

1960 637 2124 691 opem
2154 622 2319 677 laturi
2359 623 2452 681 Dei
2491 622 2726 693 legibus,
2757 624 2811 678 in
2861 640 3000 694 quas
3043 627 3404 680 exercebatur
3453 634 3541 697 ty-

1959 712 2175 776 rannis,
2224 723 2286 766 et
2344 713 2568 781 pietatis
2628 728 2878 782 versaque
2952 714 3233 782 religionis
3297 714 3537 780 ritibus,

1961 803 2170 873 quibus
2221 803 2387 858 fiebat
2421 804 2646 874 injuria,
2679 813 2735 859 et
2762 821 2864 875 per
2887 820 2972 869 ea,
3001 820 3121 874 qum
3166 804 3445 870 dixerunt,
3483 813 3542 859 et

1959 911 2087 964 qua:
2120 896 2264 964 passi
2299 906 2448 961 sunt,
2502 898 2800 967 plurimum
2852 896 3153 967 adjumenti
3208 898 3537 952 attulerunt.

1962 986 2126 1041 Venit
2152 987 2301 1041 enim
2332 988 2554 1058 quidam
2611 1004 2677 1043 ex
2724 986 3045 1044 Nicomedia
3078 1003 3178 1057 per
3210 987 3447 1042 Nicaeam
3473 988 3540 1042 ad
3570 1016 3575 1019 -

1963 1094 2113 1145 eam,
2158 1094 2284 1149 quas
2326 1079 2477 1150 ipsos
2539 1079 2695 1143 aluit,
2742 1078 3045 1142 civitatem,
3104 1094 3225 1148 qua:
3272 1078 3417 1132 dicta
3460 1087 3545 1133 est

1964 1171 2209 1228 Caesarea
2239 1185 2268 1224 a
2297 1170 2534 1240 quodam
2583 1185 2651 1224 ex
2684 1168 2968 1224 veteribus
2993 1167 3302 1224 Caesaribus
3325 1167 3547 1224 nomine

1965 1263 2341 1327 Cumbrieius,
2378 1262 2468 1316 cui
2523 1277 2734 1333 magna!
2763 1278 2911 1317 cura:
2938 1269 3096 1316 erant
3129 1260 3330 1329 templa
3366 1260 3546 1314 simu-

1964 1353 2262 1418 lacrorum,
2295 1367 2515 1422 araque
2547 1363 2620 1408 .et
2665 1353 2958 1417 sacrificia,
3011 1361 3070 1406 et
3118 1352 3161 1405 si
3219 1351 3349 1421 quid
3396 1352 3547 1408 aliud

1965 1455 2089 1503 erat
2120 1454 2333 1515 gratum
2365 1443 2729 1499 daemonibus.
2758 1444 2877 1499 Non
2911 1444 3003 1498 ille
3032 1452 3217 1497 autem
3242 1444 3356 1497 lucc
3376 1442 3545 1504 solus,

1965 1536 2064 1594 sed
2123 1536 2288 1591 etiam
2340 1534 2733 1599 contendebat,
2790 1544 2851 1590 ut
2910 1534 3206 1588 universus
3266 1532 3547 1586 exercitus

1967 1628 2106 1684 facti
2165 1628 2334 1698 hujus
2370 1625 2569 1680 nefarii
2608 1634 2755 1680 esset
2803 1640 2928 1679 cum
2968 1640 3036 1679 eo
3091 1622 3367 1692 particeps
3425 1638 3440 1674 :
3490 1631 3548 1676 et

1968 1720 2108 1774 alios
2142 1718 2368 1788 quidem
2403 1717 2644 1772 terrebat
2678 1716 2867 1777 minis,
2913 1715 3052 1768 alios
3082 1728 3213 1767 vero
3263 1710 3548 1781 promissis

189 1810 206 1819 '
297 1821 382 1856 σιν
408 1804 500 1855 καὶ⁵
534 1802 781 1856 παιδείαν
812 1801 1083 1872 ἐπίσημος
1109 1799 1208 1866 ὢν,
1238 1800 1375 1854 ἀλλὰ
1400 1802 1493 1854 καὶ
1523 1801 1716 1868 γένους
1744 1803 1868 1854 ἐπι-

1978 1822 2027 1867 et
2055 1826 2153 1881 spe
2184 1811 2454 1865 bonorum
2488 1807 2805 1862 inducebat.
2830 1805 3036 1860 Lucius
3068 1820 3198 1857 vero
3226 1845 3240 1866 ,
3278 1803 3372 1872 qui
3403 1803 3550 1858 inter

1971 1901 2121 1958 cives
2144 1909 2343 1955 eratet
2365 1899 2659 1970 prudentia
2692 1906 2749 1953 et
2774 1896 3025 1951 doctrina
3066 1894 3315 1964 insignis,
3341 1905 3397 1949 et
3427 1904 3551 1949 erat

1968 1994 2136 2049 etiam
2186 2006 2386 2062 genere
2419 1991 2624 2052 clarus,
2669 1988 2814 2043 sicut
2848 1987 3110 2049 diximus,
3160 1996 3219 2040 et
3248 2002 3313 2039 ex
3350 1984 3549 2039 illustri

1971 2085 2201 2148 familia,
2232 2091 2458 2153 propter
2493 2083 2609 2136 hac
2640 2079 2799 2135 valde
2830 2079 3134 2149 angebatur
3156 2078 3364 2137 animo.
3411 2074 3552 2130 divi-

1974 2191 2160 2247 noque
2193 2176 2312 2230 zelo
2357 2176 2478 2246 ejus
2505 2172 2944 2255 inflammabatur
2984 2170 3225 2225 animus.
3270 2169 3411 2223 lline
3469 2169 3551 2223 fa-

1974 2280 2128 2326 ctum
2160 2278 2267 2335 est,
2299 2279 2359 2323 ut
2386 2268 2453 2323 de
2481 2276 2680 2323 caetero
2701 2281 2809 2322 non
2839 2264 3073 2333 amplius
3088 2263 3357 2317 occultam
3380 2260 3554 2315 habe-

1974 2373 2058 2416 ret
2112 2360 2401 2429 pietatem,
2451 2372 2637 2426 neque
2687 2355 2924 2425 amplius
2978 2353 3292 2409 contineret
3322 2351 3541 2406 dicendi

1973 2452 2286 2508 libertatem
2317 2467 2332 2504 :
2362 2448 2457 2504 sed
2489 2447 2636 2503 illam
2669 2444 2991 2501 ostendendi
3016 2441 3553 2513 opportunissimum

1972 2544 2079 2600 hoc
2114 2554 2330 2613 tempus
2353 2556 2474 2596 esse
2499 2548 2671 2604 ratus,
2696 2548 2752 2594 et
2774 2539 2827 2592 in
2850 2534 3357 2607 lucemjproferendi
3378 2533 3556 2589 zelum

1974 2650 2135 2706 quem
2162 2633 2370 2704 jamdiu
2396 2630 2759 2702 parturiebat,
2786 2630 2854 2683 ad
2879 2628 3177 2698 impietatis
3208 2625 3555 2680 defensorem

1979 2726 2248 2782 continuo
2279 2723 2548 2777 accedens
2578 2739 2592 2775 :
2625 2721 2759 2786 Cur,
2793 2720 2994 2790 inquit.
3022 2735 3055 2772 ο
3085 2718 3391 2783 (lumbrici,
3447 2726 3556 2770 tam

1978 2817 2184 2871 misere
2207 2823 2265 2871 et
2300 2813 2597 2869 infeliciter
2629 2812 2681 2865 iu
2716 2820 2864 2864 tuam
2892 2809 3128 2864 armaris
3155 2809 3420 2870 animant,
3446 2808 3560 2861 da:-

1977 2922 2202 2962 monum
2257 2895 2541 2959 insensilia
2571 2913 2628 2956 et
2667 2900 2831 2955 surda
2866 2899 3104 2954 adorans
3148 2899 3444 2952 simulacra
3502 2903 3560 2952 et

1981 3001 2183 3056 multos
2232 3011 2523 3052 assumens
2572 2995 2640 3049 ad
2699 2994 3021 3047 societatem
3084 2990 3339 3045 infaustae
3394 2988 3561 3060 hujus

305 3086 581 3159 ἅνθρωποι
610 3086 870 3155 φανῶμεν
900 3086 1372 3156 ἀναισθητότερα,
1423 3085 1544 3140 δέον
1575 3085 1878 3155 ἐπιγνῶναι

1984 3089 2415 3163 superstitionis,
2451 3098 2511 3144 ut
2541 3088 2629 3142 vel
2678 3086 2811 3157 ipsis
2859 3084 3136 3154 lapidibus
3165 3093 3220 3137 et
3249 3081 3413 3152 lignis
3473 3080 3560 3133 vi-

308 3178 513 3247 μᾶλλον
540 3178 717 3251 ἀληθῆ
734 3176 866 3230 Θεὸν
892 3183 987 3233 καὶ
1010 3177 1240 3248 Σωτῆρα
1271 3177 1369 3235 καὶ
1400 3178 1475 3249 τῷ
1503 3177 1647 3247 φωτὶ
1684 3195 1885 3249 πορειμ

307 3267 468 3332 θῆναι
494 3269 593 3338 τῆς
611 3269 891 3339 ἀληθείας,
922 3267 983 3322 τὸ
1007 3268 1105 3339 τῆς
1136 3270 1344 3336 πλάνης
1370 3270 1560 3331 σκότος
1584 3268 1681 3321 καὶ
1704 3269 1884 3321 πᾶσαν

304 3364 514 3430 ταύτην
547 3359 915 3423 ἀπολιπόντας
941 3361 1043 3432 τὴν
1088 3360 1462 3430 ματαιότητα;

372 3536 456 3591 I".
495 3537 686 3591 Ταῦτα
727 3539 865 3608 πρὸς
887 3538 978 3593 τὸν
1007 3540 1255 3610 ἡγεμόνα
1284 3540 1380 3594 τοῦ
1423 3540 1659 3595 Λευκίου
1691 3542 1750 3595 ὲν
1789 3542 1888 3614 ἀρ-

303 3631 431 3699 χαῖς
456 3628 539 3681 ἔτι
567 3629 657 3682 καὶ
686 3630 993 3700 προοιμίοις
1051 3630 1322 3697 εἰπόντος,
1370 3635 1399 3686 ό
1442 3633 1633 3703 ἄφρων
1678 3636 1887 3697 ἐκεῖνος

303 3725 401 3775 καὶ
432 3721 667 3791 ἰσχυρῶς
695 3723 947 3793 ἀνόητος,
986 3723 1205 3793 δηχθεὶς
1261 3726 1361 3785 τὴν
1406 3725 1611 3796 ψυχὴν,
1664 3728 1759 3782 καὶ,
1808 3726 1888 3790 ὼς

306 3813 525 3866 ἀνόσιόν
550 3830 604 3865 τι
638 3813 734 3866 καὶ
778 3816 967 3867 σκαιὸν
1014 3815 1256 3884 μισήσας
1311 3816 1411 3885 τὴν
1467 3819 1890 3888 πεπαρῤησιασ-

1966 3183 2219 3238 deamur
2244 3180 2497 3235 homines
2520 3180 2704 3232 minus
2736 3175 2941 3231 habere
2966 3187 3164 3229 sensus
3190 3213 3205 3238 ,
3241 3188 3366 3227 cum
3396 3186 3562 3241 opor-

1986 3282 2101 3329 teat
2122 3273 2308 3344 potius
2336 3285 2635 3339 agnoscere
2666 3268 2841 3323 Deum
2876 3281 3065 3322 verum
3112 3273 3168 3320 et
3188 3263 3558 3327 Servatorem,

1985 3376 2043 3422 et
2065 3365 2352 3420 ambulare
2392 3365 2453 3417 in
2494 3362 2620 3417 luce
2657 3359 2927 3425 veritatis,
2957 3358 3150 3413 relicto
3177 3370 3368 3412 errore
3400 3363 3560 3411 tene-

1987 3458 2215 3514 brarum
2246 3467 2300 3509 et
2331 3453 2487 3508 omni
2521 3450 2806 3506 vanitate?

2061 3549 2151 3605 ill.
2188 3547 2313 3603 Hzce
2343 3560 2467 3600 cum
2501 3544 2554 3599 in
2582 3542 2860 3613 principio
2886 3540 3117 3595 dixisset
3145 3538 3350 3594 Lucius
3372 3538 3565 3608 praesi-

1989 3641 2067 3708 di,
2099 3637 2370 3708 insipiens
2402 3636 2515 3698 ille,
2547 3644 2603 3688 et
2649 3633 2813 3703 plane
2866 3646 3079 3695 amens,
3110 3629 3291 3684 animo
3328 3645 3561 3696 morsus,

1988 3743 2043 3789 et
2073 3742 2335 3800 tanquam
2369 3726 2597 3796 impium
2630 3725 2762 3795 quid
2789 3732 2846 3779 et
2875 3723 3162 3779 sinistrum
3187 3762 3203 3787 ,
3231 3722 3405 3777 libere
3440 3737 3567 3791 pro-

1987 3825 2156 3880 latam
2201 3821 2330 3877 odio
2397 3820 2605 3875 habens
2660 3816 2975 3882 veritatem,
3026 3817 3147 3886 ejus
3195 3825 3348 3885 tergo
3378 3815 3564 3869 statim

310 3906 478 3975 μένην
538 3904 842 3973 ἀληθειαν,
877 3906 1088 3976 πληγῆς
1138 3907 1399 3961 ἐντείνειν
1469 3909 1677 3971 εὐθέως
1740 3908 1878 3978 αὺτιξ

1984 3914 2153 3986 jussit
2174 3911 2346 3981 inﬂigi
2371 3911 2578 3981 plagas,
2606 3917 2663 3964 et
2694 3924 2796 3964 nec
2836 3923 2962 3962 eum
3009 3909 3164 3974 prius
3202 3907 3566 3973 conveniens,

310 3998 453 4049 κατά
483 3996 671 4049 νώτων
699 3996 977 4061 ἐκέλευεν,
1015 3999 1076 4051 οὺ
1104 3998 1265 4067 λόγου
1296 4003 1563 4070 πρότερον
1597 4000 1878 4069 μεταδοὺς,

1990 4021 2095 4062 nec
2141 4014 2381 4068 tentaus,
2428 4018 2496 4055 an
2549 4016 2674 4055 eum
2699 4010 2882 4069 posset
2916 4015 2946 4054 8
2989 4015 3086 4053 sua
3126 3998 3412 4052 traducere
3441 4012 3570 4051 seno

309 4091 371 4141 ού
398 4091 596 4158 πεῖραν
659 4088 991 4160 μεταγαγὼν
1049 4093 1129 4153 εἰς
1190 4091 1501 4161 μετάθεσιν,
1550 4092 1664 4144 ἀλλ’
1717 4090 1878 4152 οὕτως

1994 4095 2205 4154 tenlia:
2247 4094 2343 4149 sed
2372 4092 2580 4147 indicta
2607 4108 2768 4146 causa
2809 4099 2866 4145 et
2907 4090 3042 4144 citra
3079 4089 3241 4143 ullam
3288 4089 3572 4144 examina-

312 4183 539 4249 ἄκριτόν
570 4199 631 4234 τε
664 4183 758 4234 καὶ
783 4182 1152 4236 ἀϐασάνιστον
1176 4183 1365 4254 ὥσπερ
1387 4185 1452 4236 ὲκ
1477 4181 1700 4254 πρώτης
1732 4183 1878 4237 ἀνέλ-

1994 4189 2223 4248 tionem.
2271 4197 2334 4240 ut
2375 4185 2468 4255 qui
2521 4186 2774 4239 crederet
2819 4183 3022 4237 nullam
3047 4197 3170 4238 esse
3197 4197 3351 4251 spem
3388 4191 3568 4235 muta-

312 4290 507 4326 πιστόν
539 4270 677 4327 εἰναι
724 4275 823 4345 τὴν
859 4274 1164 4346 μεταϐολὴν
1224 4282 1545 4340 πιστεύσας,
1596 4276 1878 4346 τιμωρίαις

1996 4277 2185 4341 tionis.
2217 4277 2447 4333 tradidit
2494 4275 2887 4332 crueiandum.
2918 4275 3123 4346 Martyr
3155 4278 3340 4341 itaque
3382 4272 3577 4343 plagas

316 4366 601 4441 ἐξέδωκεν.
655 4365 715 4419 'U
776 4366 989 4436 μάρτυς
1049 4368 1230 4421 τοίνυν
1288 4367 1457 4438 ἡδέως
1526 4370 1624 4430 τὰς
1678 4368 1878 4438 πληγὰς

1996 4372 2121 4426 illas
2175 4371 2412 4425 libenter
2460 4369 2764 4437 accipiens,
2812 4376 2868 4421 et
2899 4377 3125 4437 propter
3155 4381 3249 4420 eas
3275 4365 3575 4419 Dominum

317 4458 534 4516 ἐκείνας
566 4457 874 4527 δεχόμενος,
907 4458 1118 4513 καὶτὸν
1151 4458 1358 4528 Κύριον
1396 4457 1483 4511 ἐπ’
1514 4458 1709 4523 αὐταῖς
1739 4458 1878 4510 εύλο-

1994 4462 2259 4523 laudans,
2293 4461 2546 4517 incitavit
2578 4459 2868 4530 praesidem
2913 4458 2980 4512 ad
3036 4458 3196 4527 longe
3227 4456 3490 4527 majorem
3515 4463 3579 4510 et

315 4550 449 4618 γῶν,
491 4552 572 4613 είς
605 4552 827 4620 μείζονα
865 4552 1081 4606 πολλῶν
1104 4552 1197 4605 καὶ
1242 4550 1639 4621 χαλεπωτέραν
1689 4550 1878 4619 μανίαι

1996 4556 2310 4627 graviorem
2344 4554 2610 4608 furorem.
2656 4553 2780 4623 ipse
2808 4560 2958 4607 certe
2989 4550 3092 4604 fuit
3123 4548 3229 4606 sibi
3261 4564 3425 4603 causa
3452 4562 3580 4602 ma-

313 4643 402 4692 τὸν
428 4642 680 4711 ἡγεμόνα
740 4642 1030 4713 ἠρέθιζεν·
1098 4642 1294 4712 ἀμέλει
1357 4642 1454 4694 καὶ
1515 4640 1878 4711 σφοδροτέρων

1992 4653 2177 4719 jorum
2210 4648 2489 4717 plagarum
2518 4662 2533 4699 :
2569 4659 2693 4698 nam
2725 4644 2833 4697 hoc
2873 4642 3039 4697 etiam
3085 4640 3314 4695 omnino
3348 4636 3581 4693 volebat

316 4734 495 4802 διυτῴ
539 4733 835 4786 καθίστατο
901 4734 1128 4803 πληγῶν
1178 4733 1386 4795 αἴτιος·
1418 4732 1576 4786 τοῦτο
1636 4733 1745 4803 γὰρ
1800 4734 1893 4784 καὶ

313 4824 576 4892 ἠϐούλετο
603 4823 672 4876 δι’
702 4825 945 4894 ἀμοιϐὧν
989 4825 1208 4883 πάντως
1239 4820 1504 4891 μειζόνων
1538 4822 1838 4892 ἐπιθυμίαν
1870 4835 1889 4852 ⁸

313 4920 419 4982 ἕως
453 4919 508 4971 οἵ
529 4935 588 4970 τε
612 4918 795 4988 δήμιοι
823 4918 1071 4978 παίοντες
1102 4917 1329 4985 ἔκαμον,
1358 4915 1451 4969 καὶ
1472 4915 1533 4969 τὸ
1550 4915 1716 4968 αὑτοῦ
1737 4915 1896 4968 ἀπεί-

318 5029 456 5082 ρηκε
484 5012 672 5079 σῶμα,
704 5010 1036 5082 κατατριϐὲς
1059 5009 1159 5080 ἥδη
1185 5011 1480 5078 γενόμενον
1496 5012 1615 5075 ταῖς
1633 5011 1892 5079 πληγαῖς.

313 5104 491 5166 Αὐτὸς
514 5101 574 5155 δὲ
606 5101 705 5172 τὴν
738 5102 872 5171 πρὸς
900 5101 1034 5154 Θεὸν
1056 5100 1320 5154 ἀνάλυσιν
1374 5097 1600 5169 ηθχετο,
1647 5101 1893 5169 ἐντυχεῖν

318 5196 518 5265 ἐκείνῳ
554 5193 763 5261 ποθῶν,
797 5193 882 5262 ἐφ’
908 5187 953 5262 ᾧ
992 5192 1367 5246 κατανεύοντα
1434 5189 1639 5260 μᾶλλον
1678 5191 1772 5243 καὶ
1802 5190 1895 5242 τὸν

318 5287 569 5357 ἡγεμόνα
599 5283 768 5356 εῖχεν,
791 5280 878 5340 οἷα
909 5288 965 5341 δὲ
993 5287 1093 5357 τὴν
1116 5284 1251 5357 πρὸς
1281 5281 1526 5337 τοιοῦτον
1580 5282 1894 5352 ἀπαγορεύι

314 5394 445 5431 οντα
477 5379 679 5448 πάλην,
706 5381 926 5450 καὶτῆς
977 5378 1189 5433 ἐκείνου
1219 5377 1473 5447 γλώττης
1530 5377 1633 5446 τὴν
1674 5379 1893 5450 παρρη-

320 5471 443 5521 σίιν
471 5472 534 5524 οὐ
571 5473 830 5541 φέροντα.
858 5472 1190 5544 Τοιγαροῦν,
1234 5471 1386 5524 Ἐπεί
1450 5487 1556 5534 σοι,
1605 5474 1774 5543 φησιν
1801 5509 1819 5537 ,
1851 5467 1896 5526 ὦ

317 5562 541 5629 Λεύκιε,
574 5563 729 5633 φίλον
767 5565 795 5616 ό
825 5564 1076 5628 θάνατος,
1106 5565 1237 5636 φέρε
1263 5581 1360 5618 σου
1389 5568 1456 5637 τῇ
1509 5562 1779 5635 ἐπιθυμίᾳ
1802 5566 1896 5618 καὶ

318 5654 478 5722 ἡμεῖς
508 5653 886 5724 χαρισώμεδα,
917 5653 1173 5723 καθάπερ
1197 5655 1290 5706 καὶ
1318 5654 1537 5717 πολλοῖς
1571 5655 1731 5725 ἴσμεν
1760 5654 1893 5706 πολ-

316 5746 474 5810 λάκις
502 5745 613 5800 τῶν
644 5748 845 5817 όμοὲως
878 5747 1248 5816 πλανωμένων
1290 5745 1639 5817 Χριστιανῶν
1664 5744 1893 5815 χαρισάο

1997 4748 2231 4810 propter
2279 4738 2641 4807 cupiditatem
2702 4735 2971 4805 majorum
3027 4732 3566 4796 remnnerationum,

1996 4831 2176 4884 donec
2219 4837 2276 4883 et
2325 4827 2698 4898 percutio'ntes
2742 4825 2971 4879 lictores
3014 4821 3216 4876 defessi
3246 4827 3455 4880 essent,
3513 4826 3579 4873 et

1996 4922 2352 4990 defatigatum
2406 4928 2551 4974 esset
2609 4919 2727 4988 ejus
2790 4930 3011 4985 corpus,
3063 4913 3207 4982 quod
3245 4911 3418 4981 plagis
3461 4911 3576 4981 jam

1996 5010 2179 5064 luerat
2227 5007 2553 5065 contritum.
2606 5007 2727 5077 Ipse
2774 5020 2909 5060 vero
2958 5002 3333 5073 precabatur,
3388 5009 3449 5054 ιιι
3504 4998 3575 5054 ad

1995 5103 2169 5158 Deum
2218 5099 2612 5166 resolveretur,
2666 5098 2820 5152 illum
2885 5093 3183 5150 convenire
3230 5090 3580 5146 desiderans.

2001 5194 2370 5260 Quamobrem
2404 5200 2744 5245 annuentem
2777 5201 2999 5259 quoque
3035 5183 3228 5239 habuit
3259 5181 3579 5252 prassidem,

2001 5293 2064 5339 ut
2093 5286 2187 5354 qui
2217 5284 2541 5353 desperaret
2583 5296 2645 5335 se
2676 5295 2804 5335 eum
2849 5291 3009 5348 posse
3054 5279 3276 5330 vincere
3306 5274 3362 5328 in
3392 5283 3582 5329 certa-

1997 5378 2170 5443 mine,
2204 5387 2258 5431 et
2292 5375 2439 5429 illius
2468 5372 2665 5441 linguae
2692 5386 2801 5425 non
2832 5369 3002 5424 ferret
3030 5367 3368 5422 libertatem.
3422 5364 3581 5432 Quo-

1996 5465 2144 5520 niam
2171 5480 2324 5534 ergo.
2358 5464 2562 5533 inquit,
2599 5477 2632 5515 ο
2657 5460 2818 5527 Luci,
2848 5474 2998 5515 mors
3031 5467 3116 5514 est
3149 5458 3247 5513 tibi
3279 5465 3456 5528 grata,
3479 5470 3582 5525 age

2000 5573 2105 5613 nos
2135 5571 2359 5626 quoque
2403 5554 2499 5608 tibi
2557 5553 2872 5623 largiamur,
2906 5550 3053 5620 quod
3091 5548 3398 5609 desideras.
3436 5561 3581 5618 quo-

2000 5649 2170 5705 modo
2201 5663 2301 5701 nos
2332 5646 2537 5702 scimus
2562 5660 2685 5698 esse
2719 5643 2947 5714 largitos
2990 5642 3200 5698 ntultis'
3222 5639 3577 5706 Christianis,

1998 5744 2091 5813 qui
2120 5740 2448 5796 fallebantur
2479 5737 2731 5792 similiter
2766 5754 2778 5790 :
2812 5744 2866 5792 ct
2888 5737 3071 5791 statim
3098 5735 3255 5805 jubet
3273 5740 3465 5790 sancto
3493 5733 3577 5791 ci-
