4094 6384
494 292 592 356 511

1705 266 2000 338 ’ΜΕΝειε
2044 271 2479 335 DECEMBER.

3640 256 3748 323 £12

492 408 657 461 vitate
693 402 918 472 expulso
960 406 1122 467 caput
1165 394 1457 462 amputari.
1514 392 1825 447 Ducebatur
1875 391 2059 456 itaque

2177 400 2345 452 μενοι.
2369 384 2477 437 Καὶ
2499 382 2699 438 αὐτίκα
2735 379 2944 433 κελεύει
3003 377 3099 445 τῆς
3151 374 3358 435 πόλεως
3406 373 3747 442 ἐκϐληθέντα

494 504 738 564 martyra
764 488 1071 549 lictoribus,
1097 502 1202 540 non
1236 484 1608 552 mmstusinee
1636 484 1854 545 timens,
1882 495 2059 550 neque

498 586 664 637 nilum
683 580 886 637 doloris
900 578 1185 648 vestigium
1201 577 1352 630 vultu
1375 592 1483 646 prae
1497 591 1555 630 se
1570 575 1776 635 ferens,
1799 572 1897 626 sed
1914 580 2060 625 totus

494 677 652 729 laetus
681 686 733 728 et
764 674 982 737 alacris,
1007 672 1235 743 perinde
1265 686 1329 724 ac
1359 670 1403 724 si
1431 669 1825 731 abduceretur,
1852 680 1962 719 non
1998 674 2060 718 ut

497 768 664 828 caput
692 759 742 813 ei
776 769 1177 828 amputaretur,
1214 758 1307 812 sed
1342 757 1525 826 potius
1556 764 1615 810 ut
1641 762 2005 811 coronaretur
2041 770 2055 806 :

497 851 640 919 quod
674 850 894 921 quidem
932 859 1051 904 erat
1100 851 1155 904 in
1191 848 1347 903 ccelis
1385 858 1806 903 consecuturus.
1864 846 2061 900 Procul

494 955 628 1008 ergo
656 940 928 994 abductus
959 956 987 993 τι
1015 940 1256 1003 civitate,
1311 939 1389 994 sic
1414 940 1503 1009 pie
1533 945 1969 1001 consummatur,
2007 944 2064 992 et

494 1047 623 1086 vere
651 1030 873 1085 beatum
906 1034 955 1086 ei
984 1043 1147 1100 caput
1172 1040 1508 1100 amputatur.
1535 1030 1642 1086 Sed
1685 1046 1812 1084 eum
1838 1030 2059 1099 quidem

491 1122 602 1189 jam
636 1121 902 1190 deinceps
931 1122 1095 1176 habet
1122 1122 1344 1185 coelum,
1378 1137 1500 1190 qua:
1528 1135 1638 1174 non
1664 1120 2061 1189 corrumpitur,

497 1226 697 1265 corona
724 1227 784 1266 CG
795 1221 1067 1266 renatum.

570 1479 657 1533 ιν.
694 1478 828 1534 Cum
884 1490 1067 1534 autem
1119 1481 1417 1538 Cnmbricii
1473 1484 1613 1539 fama
1649 1486 1977 1555 pervasisset
2013 1486 2062 1540 in

496 1583 529 1622 ο
555 1583 687 1623 rues
718 1578 921 1637 partes,
957 1578 1013 1624 et
1043 1570 1278 1625 laterent
1307 1587 1497 1626 omnes
1518 1572 1816 1628 Christiani
1843 1584 2066 1643 prOpter

496 1660 643 1714 iii‘us
671 1662 1080 1724 crudelitatem,
1114 1663 1302 1718 divino
1351 1665 1471 1719 zelo
1519 1665 1762 1734 undique
1818 1675 2066 1721 armatus

496 1750 746 1819 Thyrsus
831 1753 974 1823 (erat
1029 1764 1211 1809 autem
1291 1756 1338 1810 is
1389 1771 1611 1826 quoque
1664 1758 1897 1813 honesto
1944 1759 2064 1814 loco

500 1845 701 1912 natus),
754 1851 810 1897 et
858 1845 1213 1914 proﬁciscens
1272 1863 1336 1903 ex
1398 1850 1623 1919 regione
1679 1850 2065 1922 Bithynorum,

496 1933 648 1987 venit
669 1933 720 1987 ei
742 1934 797 1989 in
830 1946 1208 2004 conspectum,
1241 1947 1317 2004 et,
1363 1939 1545 2004 Salve,
1573 1940 1772 2010 inquit,
1798 1958 1832 1997 ο
1860 1941 2067 2012 Optime

497 2040 721 2093 prmses.
759 2026 896 2082 Cum
933 2031 980 2083 is
1020 2045 1150 2084 vero
1185 2030 1289 2099 ipsi
1320 2047 1542 2102 quoque
1574 2049 1764 2103 parem
1794 2035 2070 2091 reddidis-

496 2126 579 2169 set
607 2118 995 2173 salutationem
1033 2138 1047 2173 :
1101 2119 1348 2185 Licetne,
1393 2122 1530 2177 dixit
1567 2124 1833 2196 Thyrsus,
1881 2127 2069 2182 direre

494 2208 674 2272 vobis,
705 2211 798 2280 qui
832 2212 1026 2281 geritis
1059 2216 1410 2283 magistratus
1434 2259 1446 2278 ,
1488 2231 1551 2270 ea
1581 2233 1702 2286 qua:
1736 2218 1860 2287 quis
1891 2219 2067 2285 velit,

495 2314 564 2353 an
594 2301 771 2355 solum
801 2314 1019 2373 oportet
1064 2306 1262 2359 vestris
1304 2322 1362 2363 se
1407 2308 1576 2378 jussis
1611 2310 1959 2375 submittere,
2013 2322 2069 2368 et

499 2408 599 2447 nec
632 2408 820 2448 vocem
851 2395 1070 2464 quidem
1102 2400 1331 2454 omnino
1378 2400 1634 2475 emittere
1660 2401 1682 2454 ?
1726 2402 1936 2457 Prmses
1966 2418 2066 2457 au-

499 2492 631 2547 tem,
657 2484 980 2551 utvidetur,
1013 2488 1221 2543 oblitus
1265 2492 1731 2560 quemadmodum
1773 2504 1899 2550 ante
1940 2512 2067 2550 eum

497 2588 619 2626 cum
663 2577 831 2631 Lucio
884 2579 1058 2647 egerit
1095 2597 1108 2633 :
1165 2580 1354 2646 Licet,
1395 2582 1609 2652 inquit;
1671 2600 1849 2654 neque
1881 2586 1973 2640 ulli
2013 2587 2066 2641 in

501 2662 653 2717 hunc
684 2665 830 2720 diem
861 2667 1118 2740 adempta
1154 2669 1259 2724 fuit
1289 2671 1405 2727 inec
1430 2673 1657 2729 libertas
1685 2693 1697 2729 :
1735 2685 1794 2730 et
1833 2676 2068 2732 maxime

498 2756 544 2809 si
595 2771 656 2811 ea
694 2758 870 2826 possit
917 2760 1125 2823 dicere,
1158 2778 1279 2832 quae
1324 2766 1378 2819 in
1426 2781 1721 2824 commune
1756 2769 2068 2826 conferant.

500 2844 749 2917 Thyrsus
806 2862 1044 2908 autem:
1095 2852 1379 2920 Quaenam,
1446 2858 1649 2928 inquit,
1700 2860 1807 2915 dici
1843 2870 2073 2931 possunt.

500 2936 723 2993 utiliora
761 2938 828 2995 iis
854 2956 976 3010 qua:
1004 2955 1238 3013 prosunt
1269 2946 1509 3001 animae?
1546 2946 1657 3019 Ego
1690 2949 1836 3004 enim
1881 2951 2073 3007 videns

2163 476 2254 527 τὶν
2278 476 2435 542 ἆγιον
2461 474 2848 542 ἀποτμηθῆναι
2873 472 2968 541 τὴν
2994 469 3266 537 κεφαλήν.
3295 465 3499 533 Ἥγετο
3524 461 3621 517 οὖν
3642 461 3751 516 ὑπὸ

2166 567 2274 620 τῶν
2307 566 2521 634 δημίων
2556 568 2583 617 6
2642 565 2875 634 μάρτυς.
2915 562 2976 612 ού
3021 557 3469 628 σκυθρωπάζων,
3519 556 3583 608 οὐ
3635 555 3746 607 55t-

2164 658 2318 721 λιῶν,
2351 656 2504 709 οὐδὲν
2530 654 2839 721 κατηφείας
2865 652 3012 720 ῐχνος
3037 649 3133 702 ἐπὶ
3164 648 3264 718 τῆς
3309 647 3486 717 ὅψεως
3510 644 3750 714 ὑποφαί-

2165 768 2294 815 νων,
2322 750 2458 804 ἀλλά
2485 747 2706 817 φαιδρὸς
2723 748 2842 808 ὅλος
2864 745 2961 798 καὶ
2990 742 3249 814 εὔθυμος,
3275 742 3466 812 ὥσπερ
3489 745 3592 795 οὐκ
3614 742 3757 794 ἀπο-

2164 840 2437 909 τμηθῆναι
2460 838 2682 908 μᾶλλον,
2704 835 2841 888 ἀλλά
2866 832 3165 903 στεφθῆναι
3185 832 3284 903 τὴν
3322 830 3569 900 κεφαλὴν
3608 830 3752 882 ἀπα-

2166 931 2420 1000 γόμενος,
2451 925 2620 1000 οὗπερ
2648 929 2755 999 ἄρα
2782 928 2877 980 καὶ
2906 927 3095 995 τυχεῖν
3123 926 3183 978 ἐν
3232 924 3485 994 οὐρανοῖς
3527 921 3747 989 ἔμελλε.

2167 1022 2361 1094 Ῑιόρῤω
2396 1020 2575 1073 τοίνυν
2613 1019 2714 1087 τῆς
2748 1020 2956 1080 πόλεως
2988 1016 3279 1086 ἀπαχθεὶς,
3301 1014 3477 1077 οὕτως
3509 1015 3754 1068 τελειοῦ-

2167 1132 2277 1177 ται,
2311 1114 2406 1166 καὶ
2439 1114 2537 1181 τὴν
2581 1111 2859 1180 μακαρίαν
2917 1108 3085 1171 ὅντως
3141 1107 3519 1177 ἀποτέμνεται
3576 1124 3756 1176 κεφα·

2168 1211 2287 1279 λὴν.
2324 1209 2485 1262 Ἀλλά
2507 1207 2696 1261 τοῦτον
2734 1206 2830 1275 μὲν
2863 1204 2964 1275 ἤδη
3000 1201 3190 1255 λοιπὸν
3220 1194 3367 1270 εἶχεν
3421 1200 3448 1251 6
3493 1199 3750 1266 οὐρανὸς,

2170 1302 2424 1370 στεφάνῳ
2462 1318 2521 1353 τε
2556 1299 2826 1369 ἀφθάρτῳ
2863 1296 3339 1367 κατεστεμμένον,
3374 1294 3470 1347 καὶ
3496 1291 3755 1360 ἀγγέλοις

2171 1392 2720 1463 συνευφραινόμενον.

2240 1484 2312 1535 Δ’.
2346 1480 2632 1549 Πανταχοῦ
2658 1480 2715 1533 δὲ
2737 1480 2838 1548 τῆς
2884 1479 3023 1533 κατά
3056 1478 3146 1530 τὸν
3197 1475 3533 1544 Κουὸρίκιον
3564 1473 3757 1542 φήμης

2168 1570 2595 1643 διαδραμούσης,
2648 1573 2743 1625 καὶ
2801 1568 3150 1640 Χριστιανῶν
3213 1568 3472 1620 ἁπάντων
3515 1565 3603 1617 διὰ
3656 1565 3759 1633 τὴν

2167 1663 2378 1716 ἐκείνου
2413 1662 2808 1732 κρυπτομένων
2840 1660 3128 1731 ὠμότητα,
3194 1658 3343 1730 ζήλῳ
3398 1655 3669 1710 πάντοθεν
3729 1658 3759 1708 ό

2169 1755 2377 1825 Θύρσος
2404 1754 2532 1820 θείῳ
2553 1744 2938 1814 κσθοπλισθέις
2972 1751 3104 1822 (τῶν
3131 1750 3372 1817 εὐγενῶν
3394 1750 3449 1801 δὲ
3478 1749 3570 1801 καῖ
3598 1742 3759 1808 οὗτος

2165 1842 2279 1920 ἦν),
2308 1849 2407 1901 καὶ
2443 1846 2543 1914 τῆς
2564 1846 2730 1913 αὐτῆς
2756 1845 2863 1896 τῶν
2896 1842 3139 1897 Βιθυνῶν
3190 1841 3375 1911 χώρας
3403 1838 3754 1910 ὁρμώμενος,

2171 1940 2456 2009 πρόσεισιν
2492 1939 2582 1990 ἐπ’
2613 1936 2739 2005 ὄψιν
2773 1936 2944 2006 αὐτῷ,
2992 1938 3109 1997 καὶ,
3168 1934 3417 2005 Χαίροις,
3473 1932 3659 2001 φησιν,
3712 1925 3758 1984 ὦ

2170 2031 2432 2101 κράτιστε
2464 2029 2707 2099 ἡγεμών.
2733 2027 2843 2081 Τοῦ
2874 2028 2931 2080 δὲ
2960 2027 3059 2096 τὴν
3102 2027 3228 2095 ἴσην
3268 2025 3363 2078 καὶ
3388 2023 3555 2077 αὐτοῦ
3586 2023 3758 2092 πρόσ-

2171 2139 2328 2194 ρησ.ν
2360 2116 2875 2186 ἀνθυπε-εγκόντος,
2915 2119 3188 2183 Ἔξεστιν,
3225 2115 3382 2170 εἶπεν
3438 2118 3466 2169 6
3519 2116 3754 2183 Θόρσος,

2168 2213 2346 2278 λέγειν
2376 2213 2510 2282 πρὸς
2545 2212 2688 2281 ὑμᾶς
2718 2211 2848 2273 τοὺς
2889 2210 2984 2263 ἐπὶ
3013 2210 3122 2262 τῶν
3180 2208 3368 2278 ἀρχῶν
3400 2209 3545 2276 ειπερ
3574 2208 3642 2261 ἄν
3667 2223 3756 2269 τις

2170 2306 2266 2358 καὶ
2297 2304 2560 2373 βουλοιτο,
2592 2304 2624 2374 ἥ
2655 2306 2815 2374 μόνον
2846 2302 3181 2357 ύποκύπτειν
3209 2303 3290 2356 δεῖ
3315 2305 3428 2365 τοῖς
3467 2302 3758 2372 ὑμετέροις

2171 2396 2577 2466 προστάγμασι.
2613 2394 2747 2465 μηδὲ
2784 2394 3031 2465 φθογγὴν
3056 2395 3190 2457 ὅλως
3224 2384 3577 2465 προῖεμῖένοῡς
3603 2409 3617 2459 ;
3649 2394 3759 2446 Καὶ

2172 2489 2201 2540 6
2219 2486 2461 2557 ἡγεμὼν,
2486 2487 2559 2549 ὡς
2585 2486 2785 2552 ἔοικεν,
2820 2486 3272 2558 ἐπιλελησμένος,
3304 2487 3453 2549 ὅπως
3482 2486 3757 2558 ἐχρήσατο

2173 2580 2277 2649 πρὸ
2301 2579 2494 2633 τούτου
2528 2580 2767 2650 Λευκίῳ.
2798 2580 3042 2646 Ἔξεστι,
3078 2581 3232 2649 φησι,
3264 2578 3359 2633 καὶ
3386 2579 3557 2641 οὐδεὶς
3592 2579 3753 2648 μέχρι

2173 2674 2271 2727 καί
2298 2673 2541 2743 τήμερον
2564 2674 2664 2743 τὴν
2706 2672 3022 2741 ἐλευθερίαν
3054 2672 3334 2743 ἀφῄρηται
3392 2670 3622 2741 ταύτην,
3661 2674 3756 2724 καὶ

2178 2765 2409 2835 μάλιστα
2436 2769 2485 2818 εἱ
2513 2765 2608 2818 καὶ
2627 2766 2821 2833 λόγους
2869 2765 2980 2836 ἔχει
3018 2764 3441 2828 λυσιτελοῦντας
3468 2764 3544 2835 τῷ
3587 2764 3753 2832 κοινῷ

2176 2859 2535 2930 φθέγγεσθαι.
2571 2857 2678 2910 Καὶ
2701 2858 2729 2910 6
2758 2857 2990 2927 Θύρσος,
3022 2857 3132 2910 Καὶ
3165 2857 3247 2920 τίς
3275 2857 3339 2910 ἂν
3379 2856 3588 2926 ἕτερος,
3628 2857 3754 2926 ἔφη,

2176 2954 2332 3017 λόγος
2367 2952 2458 3006 τοῦ
2491 2950 2588 3021 τὴν
2638 2949 2815 3020 ψυχὴν
2868 2949 3216 3018 ὠφελοῦντος
3278 2947 3756 3018 λυσιτελέστεροςς

501 3035 555 3083 te
585 3030 773 3085 multis
810 3031 1069 3089 damnum
1103 3036 1425 3094 all‘erentem
1458 3039 1512 3093 in
1545 3055 1630 3105 eo,
1668 3042 1815 3111 quod
1849 3052 1935 3097 est
1985 3058 2071 3099 sa-

2188 3043 2331 3114 Ἑγὼ
2363 3046 2470 3114 γὰρ
2498 3043 2645 3115 ὁρῶν
2681 3042 2907 3106 πολλοὺς
2930 3040 3009 3111 τῷ
3040 3040 3324 3112 κεφαλαίῳ
3361 3039 3671 3110 ζημιοῦντά
3697 3057 3757 3092 σε

500 3120 633 3176 lutis
659 3123 1016 3192 pnncipuum,
1052 3136 1106 3182 et
1161 3143 1192 3182 a
1241 3140 1389 3185 recta
1435 3131 1658 3201 quidem
1709 3131 2074 3189 abducentem

505 3214 781 3267 sententia
815 3254 830 3279 ,
892 3217 1285 3274 miserabiliter
1335 3230 1520 3277 autem
1580 3223 1949 3281 abducentem
2005 3228 2074 3282 ad

503 3314 750 3357 errorem
784 3297 1213 3363 simulacrorum
1250 3329 1264 3365 :
1299 3319 1353 3366 et
1396 3314 1561 3383 plane
1591 3315 1772 3371 sciens
1821 3327 1873 3375 te
1909 3327 2076 3374 totam

506 3391 650 3461 ignis
681 3395 989 3464 gehennam
1018 3398 1073 3453 in
1105 3410 1258 3455 tuum
1284 3414 1468 3475 caput,
1497 3418 1593 3462 aut
1621 3408 1675 3462 in
1702 3410 1940 3465 animam
1976 3428 2078 3482 po-

507 3485 616 3538 tius
642 3489 965 3556 accendere,
1002 3493 1129 3548 duxi
1162 3496 1422 3566 expedire
1449 3515 1574 3555 cum
1606 3516 1690 3565 ea,
1719 3519 1825 3573 qua
1856 3519 1956 3574 par
1972 3515 2075 3570 est,

509 3576 707 3633 iiducia
742 3596 807 3635 ac
834 3581 1090 3641 libertate
1123 3586 1297 3644 libere
1329 3600 1509 3646 tecum
1546 3608 1707 3665 agere
1729 3637 1743 3661 ,
1788 3606 2078 3669 tecumque

508 3669 803 3738 disserere,
832 3684 886 3729 et
917 3691 982 3730 ex
1017 3688 1068 3734 te
1094 3681 1274 3750 seire,
1307 3699 1544 3754 quanam
1589 3688 1658 3742 de
1691 3703 1853 3744 causa
1886 3692 2078 3747 relicto

509 3763 632 3817 caeli
661 3773 717 3819 et
747 3775 907 3823 terrae
934 3778 990 3824 et
1028 3772 1311 3833 hominum
1336 3777 1543 3849 Opifice
1569 3820 1584 3842 ,
1619 3796 1783 3849 opera
1820 3799 2076 3839 manuum

509 3869 630 3923 qua:
663 3854 804 3913 facta
833 3870 961 3915 sunt
989 3867 1056 3918 ab
1088 3866 1430 3939 hominibus,
1452 3874 1694 3930 statuisti
1732 3877 1915 3945 potius
1942 3878 2078 3933 ado-

510 3961 651 4014 rare,
677 3948 824 4021 ligno
842 3952 1032 4011 dicens
1059 3980 1071 4012 ι
1097 3957 1255 4014 Pater
1278 3977 1435 4018 meus
1456 3979 1517 4020 es
1544 3975 1623 4030 tu,
1654 3976 1714 4022 ut
1748 3968 1924 4023 dicam
1952 3985 2076 4025 eum

509 4037 697 4130 divino
724 4044 1033 4119 Jeremiat’;
1065 4061 1117 4106 et
1151 4052 1319 4123 lapidi
1351 4056 1467 4123 :,Tu
1491 4074 1577 4113 me
1609 4061 1848 4130 genuisti
1879 4079 1892 4116 :
1926 4072 1982 4118 et
2011 4064 2077 4118 ad

510 4127 707 4200 Deum,
746 4138 840 4206 qui
881 4146 933 4194 te
967 4143 1176 4210 genuit,
1204 4153 1419 4217 tergum
1455 4159 1699 4214 vertens.
1752 4160 1809 4206 et
1850 4167 1959 4208 non
2001 4154 2078 4210 fa-

509 4222 650 4278 ciem
686 4236 830 4282 tuam
863 4247 878 4285 :
909 4241 965 4288 et
993 4250 1156 4291 omne
1192 4239 1436 4295 studimn
1485 4242 1796 4309 conferens,
1856 4246 2084 4301 nullam-

511 4332 619 4385 que
648 4319 756 4374 vim
797 4330 888 4376 aut
923 4328 1311 4384 necessitatem
1334 4335 1787 4402 praetermittens,
1817 4345 1877 4390 ut
1904 4339 2082 4392 omni-

2176 3142 2273 3209 τῆς
2304 3138 2578 3209 σωτηρίας
2626 3138 2724 3191 καὶ
2750 3137 2850 3206 τῆς
2893 3137 2988 3207 μὲν
3039 3135 3203 3205 ὀρθῆς
3230 3135 3549 3206 morm"
3573 3133 3759 3201 δόξης⁹

2178 3231 2314 3302 πρὸς
2340 3231 2396 3284 δὲ
2435 3232 2534 3300 τὴν
2556 3230 2662 3282 τῶν
2687 3230 2924 3284 εἰδώλων
2945 3229 3162 3297 ἀπάτην
3194 3227 3445 3291 ἐλεεινῶς
3473 3227 3760 3296 ἀπαγόμε-

2179 3342 2289 3388 νον,
2328 3325 2422 3377 καὶ
2453 3322 2698 3393 ἀκριϐῶς
2721 3320 2878 3386 εἰδὼς
2907 3323 2990 3376 ὅτι
3015 3322 3186 3393 πυρὸς
3208 3322 3338 3393 ὅλην
3357 3323 3583 3389 γέενναν
3615 3320 3757 3374 κατά

2175 3413 2274 3482 τῆς
2332 3413 2537 3477 οἰκείας
2586 3411 2832 3482 κεφαλῆς
2913 3414 3175 3477 ἀνάπτεις
3225 3413 3257 3482 ἢ
3298 3413 3499 3482 μᾶλλον
3555 3411 3757 3483 ψυχῆς,

2179 3504 2463 3575 συμφέρον
2495 3505 2686 3576 ἔκρινα
2729 3503 2872 3573 μετά
2921 3504 3019 3574 τῆς
3071 3503 3459 3574 προσηκούσης
3487 3504 3758 3572 ἐλευθέρῳ

2180 3595 2497 3667 παρρησίας
2533 3592 2969 3664 προσενεχθῆναι
3021 3611 3125 3655 σοι,
3165 3596 3260 3647 καὶ
3290 3593 3607 3663 φιλαληθῶς
3642 3592 3760 3645 δια-ν

2180 3689 2458 3758 λεχ’›ῆναι,
2510 3690 2604 3741 καὶ
2643 3687 2833 3759 μαθεῖν
2894 3690 3018 3741 ὅτου
3085 3688 3251 3759 χάριν
3292 3687 3426 3742 Θεὸν
3475 3685 3758 3741 ἀποδιπὼν

2184 3784 2416 3854 οὐρανοῦ
2448 3783 2674 3852 καὶτῆς
2705 3786 2799 3837 καὶ
2854 3783 3160 3855 ἀνθρώπων
3208 3784 3560 3854 δημιουργὸν,
3620 3782 3757 3852 ἔργα

2180 3874 2382 3944 χειρῶν
2414 3874 2505 3927 ὑπ’
2553 3872 2854 3942 ἀνθρώπων
2906 3880 3251 3945 πεποιημένα
3282 3877 3523 3946 ᾑρετίσω
3583 3892 3756 3942 προσ-

2181 3967 2363 4019 κυνεῖν
2398 3966 2619 4035 μᾶλλον,
2651 3965 2729 4035 τῷ
2797 3964 2940 4034 ξύλῳ
2990 3966 3182 4032 εἰπὼν,
3240 3968 3320 4019 ὃτι
3361 3983 3380 4016 ι
3420 3967 3607 4034 Πατήρ
3656 3983 3758 4035 μου

2182 4051 2227 4111 εί
2252 4057 2338 4123 σὺ,
2374 4078 2390 4108 ι
2426 4058 2485 4110 τὸ
2514 4057 2607 4109 τσῦ
2656 4058 2802 4110 θείου
2856 4058 3022 4125 φάναι
3068 4057 3353 4127 Ἱερεμίου,
3380 4059 3475 4109 καὶ
3508 4058 3759 4128 τῴλίθῳ,

2188 4170 2206 4202 ι
2242 4152 2313 4204 Σὺ
2364 4148 2657 4219 ἐγέννησας
2704 4166 2795 4218 με,
2838 4169 2856 4203 ι
2918 4151 3012 4203 καὶ
3062 4149 3315 4219 στρέφων
3366 4149 3459 4201 ἐπὶ
3512 4150 3647 4201 (έεὶν
3675 4151 3767 4201 τὶν

2183 4242 2519 4313 γεννήσαντα
2577 4259 2634 4294 σε
2695 4241 2839 4294 νῶτα
2866 4243 2957 4295 καὶ
2982 4241 3041 4294 ού
3075 4241 3367 4311 πρόσωπόν
3419 4259 3535 4303 σου,
3586 4243 3765 4294 πᾶσαν

2182 4352 2240 4389 τε
2271 4334 2539 4403 εἰσφέρων
2571 4335 2827 4406 σπουδὴν,
2851 4336 2945 4388 καὶ
2974 4334 3127 4388 οὐδὲν
3153 4335 3275 4405 βίας
3321 4336 3353 4406 ἢ
3388 4336 3639 4404 ἀνάγκης
3671 4337 3762 4388 ἐλ-

512 4405 617 4461 bus
643 4410 957 4469 hominibus
989 4416 1031 4471 si
1064 4417 1182 4474 iieri
1218 4423 1412 4489 possit,
1450 4426 1803 4493 persuadeas,
1834 4437 1893 4483 ut
1928 4430 2073 4485 make

2186 4426 2410 4487 λείπων,
2446 4426 2536 4479 τοῦ
2586 4427 2681 4479 καὶ
2736 4426 2945 4481 πάντας
3006 4426 3354 4496 ἀνθρώπους,
3407 4427 3455 4478 εί
3506 4426 3760 4488 δυνατὸν,

513 4499 792 4569 Opinionis
820 4504 931 4560 sint
964 4516 1143 4564 tecum
1178 4515 1494 4585 participes.

591 4591 649 4646 V.
674 4594 754 4648 Ad
797 4596 910 4652 haec
944 4616 1149 4669 praeses
1185 4621 1199 4656 :
1233 4604 1551 4675 importuna
1581 4611 1697 4667 haec
1718 4623 1774 4668 et
1807 4614 1976 4670 nimia
2008 4617 2085 4671 di-

515 4686 676 4741 cendi
703 4688 952 4755 libertas,
984 4696 1227 4751 ostendit
1270 4706 1322 4755 te
1362 4700 1614 4757 laborare
1645 4707 1836 4762 morbo
1866 4723 2083 4775 eorum,

514 4792 608 4848 qm
658 4779 922 4836 dicuntur
950 4783 1266 4844 Christiani.
1310 4789 1795 4850 Verumenimvero
1841 4797 2084 4855 inanium

518 4870 714 4925 harum
788 4872 1287 4946 interrogationum
1341 4889 1398 4935 et
1456 4897 1725 4952 nugarum
1782 4890 2087 4947 solutiones

520 4965 678 5019 mitte
730 4967 833 5025 iis.
869 4968 963 5036 qui
1003 4968 1200 5025 sedent
1236 4972 1293 5026 in
1322 4975 1548 5037 scholis,
1584 4979 1679 5046 qui
1712 4981 1952 5048 publicis
1981 4985 2092 5037 sci-

517 5055 647 5110 licet
697 5066 827 5111 sunt
884 5060 1039 5115 euris
1092 5064 1272 5118 vacui.
1327 5065 1409 5120 illi
1461 5068 1607 5122 enim
1643 5071 1856 5140 singula
1888 5072 2085 5127 horum

517 5158 708 5216 aperte
741 5149 840 5203 tibi
875 5151 1113 5207 solvent.
1140 5155 1199 5207 in
1226 5158 1516 5226 praesentia
1541 5171 1723 5214 autem
1758 5163 1891 5216 cede
1920 5164 2088 5232 jussis

517 5237 886 5310 imperatoris,
919 5252 976 5299 et
1001 5245 1291 5309 accedens,
1323 5249 1429 5305 diis
1457 5251 1725 5307 sacrifiea.
1751 5254 1847 5308 Sin
1886 5256 2086 5323 minus,

520 5329 964 5399 importunorum
1052 5336 1343 5393 verborum
1415 5351 1780 5411 opportunam
1844 5345 2091 5400 invenies

523 5433 922 5481 tormentorum
977 5434 1497 5489 remunerationem.
1557 5436 1649 5491 ille
1700 5454 1827 5492 vero
1880 5453 1895 5493 :
1950 5438 2088 5494 Cum

518 5513 662 5581 sitis,
714 5516 913 5586 inquit,
970 5520 1063 5576 Dei
1116 5522 1372 5593 ﬁgmenta
1430 5529 1642 5583 ratione
1692 5531 1936 5600 pra'dita,
1980 5551 2087 5603 qua

572 5698 591 5728 ³
640 5703 842 5758 hrcm.
880 5721 917 5758 It
948 5707 1039 5760 ‘27.

2187 4520 2393 4583 πεῖσαι,
2429 4520 2524 4588 τῆς
2557 4517 2679 4589 ίσης
2706 4518 3037 4583 κοινωνῆσαί
3080 4535 3162 4571 σοι
3197 4517 3541 4580 κακοδοξίας.

2263 4611 2337 4666 E'.
2401 4612 2543 4681 Πρὸς
2582 4610 2757 4665 ταῦτα
2809 4613 2836 4664 6
2881 4610 3138 4682 ἡγεμών
3199 4610 3272 4662 Τὸ
3323 4611 3551 4679 ἄκαιρον
3607 4611 3765 4663 τοῦτο

2188 4705 2287 4775 τῆς
2321 4703 2636 4775 παρρησίας
2693 4703 2787 4755 καί
2842 4702 3102 4774 περιττὸν
3161 4701 3227 4755 τά
3278 4701 3387 4754 τῶν
3443 4701 3764 4771 λεγομένων

2189 4796 2535 4867 Χριστιανῶν
2596 4796 2856 4849 νοσοῦντα
2918 4796 3012 4848 καὶ
3072 4794 3128 4859 σὲ
3162 4794 3579 4865 παραδείκννσι.
3618 4793 3768 4865 Πλὴν

2191 4890 2325 4944 ἀλλὰ
2355 4893 2457 4953 τὰς
2505 4890 2604 4959 μὲν
2649 4889 2757 4941 τῶν
2820 4887 3066 4960 ματαίων
3133 4888 3339 4941 τούτων
3400 4887 3644 4941 πεύσεων
3672 4887 3768 4940 καὶ

2192 4982 2472 5054 φλυαριῶν
2502 4981 2778 5045 ὲπιλύσεις
2813 4982 2875 5035 ἔα
2903 4984 3014 5045 τοῖς
3048 4980 3139 5034 ἐπὶ
3169 4980 3361 5051 σχολῆς
3397 4980 3755 5049 καθημένοις,

2192 5080 2307 5130 ὅσοι
2336 5075 2580 5142 δηλονότι
2612 5075 2686 5146 μὴ
2718 5076 2837 5137 ταῖς
2870 5074 2979 5128 τῶν
3004 5073 3282 5143 δημοσίων
3325 5070 3767 5141 ἀπασχολοῦντσι

2198 5165 2507 5237 φροντίσινο
2570 5168 2769 5219 ἐκείνοι
2800 5166 2907 5236 γὰρ
2966 5165 3176 5219 ’ἔ-καστά
3208 5183 3289 5218 σοι
3340 5162 3547 5216 τούτων
3580 5162 3770 5231 σαφῶς

2200 5260 2516 5313 ἐπιλύσςυσι
2541 5275 2553 5288 ’
2591 5261 2651 5312 τὸ
2680 5260 2737 5314 δὲ
2773 5258 2866 5313 νῦν
2926 5258 3043 5328 ἕχον
3114 5261 3227 5320 τοῖς
3265 5257 3564 5326 βασιλικοῖς
3605 5272 3771 5325 προσα

2198 5352 2477 5418 τάγμασιν
2521 5347 2683 5417 εἶξον,
2730 5352 2823 5403 καὶ
2874 5349 3035 5402 θῦσον
3070 5348 3390 5418 προσελθὼν
3424 5349 3541 5409 τοῖς
3583 5346 3727 5407 θεοῖς
3752 5362 3767 5376 ·

2201 5442 2247 5492 εί
2278 5440 2331 5492 δὲ
2364 5438 2458 5508 μὴ,
2484 5438 2658 5507 λόγων
2691 5438 2935 5511 ἀκαίρων
2985 5439 3260 5509 τιμωρίας
3328 5438 3581 5509 εὑρήσεις
3615 5436 3769 5489 ἀντί-

2201 5534 2345 5585 δοσιν
2377 5534 2825 5605 ἐπικαιροτάτης).
2843 5530 2903 5585 Ὀ
2927 5532 3004 5597 δὲ,
3035 5532 3130 5600 Λοξ
3148 5531 3260 5594 ικά,
3294 5531 3448 5600 φησὶ,
3475 5529 3609 5583 Θεοῦ
3636 5528 3772 5582 πλάο
