4102 6376
334 351 436 414 513

1150 345 1621 407 MARTYRIUM
1670 346 1728 402 S.
1772 343 2056 403 TllYRSl
2104 344 2198 402 ΕΤ
2243 343 2652 405 ΒΟΕἷΟΡιΠλῙ.

2550 134 2575 161 /

3484 346 3587 410 ῑ-Ιι

333 482 515 535 causa
544 463 725 526 ὄντας,
763 461 857 513 καὶ
888 459 1031 527 λόγῳ
1071 462 1205 528 παρ’
1232 459 1444 512 ἐκείνου
1478 456 1901 527 τετιμημένους,

2016 469 2112 510 vos
2145 457 2236 512 ille
2270 455 2584 523 honoravit,
2620 459 2754 514 nihil
2787 476 2884 516 vos
2923 464 3087 519 stulte
3131 464 3310 521 facere
3352 477 3574 536 oportet

330 557 443 610 οὐδ’
467 555 649 609 ὁτιοῦν
674 555 937 622 πράττειν
997 553 1143 621 ἡμᾶς
1199 552 1408 618 ἀλόγως
1448 550 1590 602 οὓτω
1620 551 1716 602 καὶ
1750 553 1914 603 ἀσυν-

333 666 466 711 ετως
505 648 637 717 χρὴ,
672 646 805 698 ἀλλὰ
838 647 1019 715 κρίσει
1055 643 1233 696 πάντα
1264 643 1466 695 διδόναι
1497 646 1589 695 καὶ
1618 640 1909 711 διασκέψει

330 738 707 808 λελογισμένῃ.
742 738 802 788 Εἰ
825 736 879 788 δὲ
912 735 1075 796 αὐτὸς
1105 734 1234 803 εἰκῆ
1270 733 1451 804 βούλει
1474 735 1584 795 τοῖς
1603 733 1811 802 ἀλιέγως
1835 732 1913 803 τῷ

335 832 547 900 βασιλεῖ
572 828 789 894 δόξασιν
814 827 1063 889 ἕπεσθαι,
1089 824 1224 894 ἐμοῦ
1257 825 1349 878 νῦν
1381 826 1441 877 οὐ
1471 826 1800 893 πειθομένου
1822 823 1913 876 τὸν

335 921 767 991 Χριστιανισμδν
819 918 1185 989 ἐξομόσασθαι
1208 957 1222 980 ,
1263 916 1323 969 τὸ
1359 916 1781 984 διατεταγμένον
1811 914 1911 967 αὐ-

333 1014 419 1076 τὸς
443 1015 611 1073 ποίει.
653 1012 888 1081 κρίσεως
920 1011 1014 1063 καὶ
1042 1009 1203 1077 λόγου
1238 1009 1543 1077 φροντίζων
1575 1006 1750 1059 οὐδέν.
1798 1005 1911 1058 Καὶ

331 1107 359 1156 ὁ
386 1103 775 1173 Κουμϐρίκιος,
809 1102 899 1170 Τῷ
923 1100 1216 1171 προσηνῶς
1283 1116 1367 1151 σοι
1397 1098 1534 1168 τάχα
1604 1097 1909 1167 προσφέρε-

334 1195 481 1255 σθαι,
527 1195 654 1264 ἔφη.
692 1193 1092 1263 αὐθαδέστερον
1127 1187 1267 1244 εἷναί
1301 1208 1359 1251 τῖε
1390 1189 1909 1258 παρεσκευάσαμεν.

336 1289 483 1358 Πλὴν
514 1288 654 1341 ἀλλὰ
689 1286 909 1340 συνετὸν
963 1285 1108 1356 ὁρῶν
1166 1284 1339 1348 οὕτως
1380 1300 1437 1335 σε
1485 1285 1577 1336 καὶ
1626 1282 1906 1350 ἀγχίνουν,

339 1378 596 1447 παραινῶ
620 1378 911 1446 πεισθῆναι
950 1377 1055 1446 πρὸ
1093 1376 1199 1429 τῶν
1232 1375 1527 1429 κολάσεων.
1581 1375 1755 1427 Καλὸν
1803 1374 1904 1444 μὲν

335 1470 444 1538 γὰρ
476 1470 508 1537 ἡ
538 1469 671 1538 πρὸς
697 1468 759 1520 τὸ
791 1468 1002 1537 βέλτιον
1061 1467 1356 1536 μεταϐολὴ.
1415 1468 1508 1519 καὶ
1562 1468 1649 1518 ὅτε
1708 1468 1909 1536 δήποτε

338 1561 624 1630 γινομένη,
652 1560 787 1612 ἀλλὰ
817 1562 875 1613 τὸ
904 1563 1046 1630 μήτε
1080 1559 1244 1613 αὑτὸν
1278 1559 1466 1629 νοῆσαι
1520 1560 1581 1611 τὸ
1617 1559 1752 1619 δέιν,
1785 1557 1910 1627 μήθ’

336 1651 514 1719 ἑτέρῳ
542 1650 757 1718 λέγοντι
796 1652 1113 1721 πεισθῆναι,
1170 1649 1371 1712 πολλάς
1393 1648 1449 1702 δὲ
1477 1649 1745 1721 πρότερον
1774 1649 1910 1700 ὐπο-

340 1743 601 1811 μείναντα
626 1741 918 1811 τιμωρίας,
944 1742 1137 1794 ἔπειτα
1161 1743 1219 1796 τὸ
1239 1741 1517 1810 συμφέρον
1544 1740 1907 1810 μεταμαθεῖν,

346 1835 445 1885 οὐκ
503 1830 662 1900 οἶμαι
707 1833 1008 1903 παρανοίας
1067 1833 1325 1885 ὑπόνοιαν
1361 1832 1666 1901 διαφυγεῖν.
1730 1831 1910 1900 Χώρει

344 1925 636 1995 τοιγαροῦν
666 1925 768 1994 ἤδη
801 1924 935 1992 πρὸς
966 1924 1057 1977 τὸν
1084 1924 1213 1977 ναὸν
1259 1925 1352 1975 καὶ
1384 1922 1634 1976 ἁποδίδου
1670 1921 1812 1985 θεοῖς
1842 1922 1910 1975 τὰ

338 2019 702 2086 νενομισμένα
733 2034 745 2046 ’
780 2016 922 2069 οὕτω
958 2020 1065 2088 γὰρ
1092 2018 1188 2070 καὶ
1213 2016 1318 2068 τῶν
1348 2015 1727 2086 προλαϐόντων
1780 2030 1911 2082 συγ-

339 2111 565 2180 γνώμην
593 2111 761 2180 λήψῃ,
792 2110 887 2163 καὶ
919 2110 1135 2180 βασιλεῖ
1170 2109 1247 2180 τῷ
1280 2126 1377 2179 μεγ
1392 2110 1503 2178 άλῳ
1549 2108 1904 2180 οἱκειωθήσῃ,

338 2204 433 2254 καὶ
470 2202 590 2272 μεθ’
615 2203 772 2271 ἡμῶν
796 2201 895 2275 ἔσῃ
927 2203 1015 2255 διὰ
1055 2201 1173 2271 βίου
1205 2202 1537 2272 τιμώμενος.
1566 2202 1673 2253 Καὶ
1707 2201 1735 2250 ὁ
1761 2201 1903 2267 μάρ-

337 2308 464 2354 τυς·
495 2292 639 2359 Ἐγὼ
686 2293 856 2345 πάλαι
887 2293 1214 2363 διέσκεμμαι
1275 2295 1403 2361 περὶ
1462 2292 1568 2343 τῶν
1604 2291 1907 2359 παρόντων,

338 2385 432 2436 καὶ
461 2385 560 2437 οὐκ
590 2384 911 2454 ἀμελετήτῳ
939 2401 1031 2454 μοι
1058 2385 1193 2446 ὅλως
1228 2384 1565 2462 προσέϐαλες
1611 2381 1735 2435 νῦν’
1787 2384 1909 2435 ἐπεὶ

340 2476 549 2539 πολλοῖς
582 2479 846 2559 πρότερον
879 2480 939 2528 τὸ
971 2477 1204 2548 πρᾶγμα
1245 2468 1533 2543 λογισμοῒς
1588 2474 1908 2543 βασανίσας,

339 2568 433 2620 καὶ
462 2568 569 2619 τῶν
602 2568 886 2638 ἡμετέρων
917 2568 1174 2633 εἰδώλων,
1215 2566 1295 2619 ἔτι
1328 2567 1383 2618 δὲ
1414 2567 1523 2619 τῶν
1576 2566 1909 2636 ἀκαθάρτων

340 2660 540 2729 βωμῶν
577 2677 636 2713 τε
659 2661 751 2714 καὶ
785 2660 986 2714 θυσιῶν
1047 2661 1293 2730 ἐσχάτως
1338 2660 1740 2727 καταγελάσας,
1766 2659 1909 2712 οὕτω

340 2750 438 2820 τὴν
466 2751 641 2821 ἀληθῆ
695 2754 791 2806 καὶ
842 2752 1240 2822 καθαρωτάτην
1285 2755 1396 2805 τῶν
1434 2752 1779 2820 Χριστιανῶν
1822 2752 1911 2806 πί·

344 2859 459 2895 στιν
491 2844 734 2915 εἱλόμην.
763 2846 927 2898 Ὥστε
954 2845 1005 2898 εί
1037 2846 1089 2897 τί
1131 2862 1215 2898 σοι
1245 2845 1395 2914 παρὰ
1438 2844 1533 2897 τοῦ
1579 2846 1906 2915 κρτοῦντος

341 2933 465 2987 καθ’
496 2935 652 3005 ἡμῶν
683 2937 1103 3008 ἐπιτέτραπται,
1130 2935 1208 3006 μὴ
1236 2935 1449 3004 ἀμέλει.

413 3207 503 3273 ς’.
537 3206 709 3268 Εὐθὺς
754 3206 848 3258 οὖν
891 3205 1118 3271 ἐκεῖνος,
1155 3208 1246 3259 καὶ
1280 3206 1443 3260 πάλαι
1473 3207 1790 3272 διοιδοῦντος
1820 3210 1915 3262 αὑ·-

340 3299 418 3370 τῷ
445 3297 540 3352 τοῦ
597 3298 793 3369 θυμοῦ,
848 3298 1163 3362 νεανίσκους
1204 3300 1360 3362 τινὰς
1412 3302 1557 3353 κατὰ
1606 3304 1764 3372 χεῖρα
1795 3319 1916 3369 γεν·

342 3390 548 3455 ναίους,
603 3389 848 3460 σφοδρῶς
904 3387 1315 3459 ἐναλλομένους,
1372 3391 1478 3456 πὺξ
1514 3392 1605 3444 τὸν
1660 3391 1913 3462 μάρτυρα

342 3481 559 3534 ἐκέλευε
586 3482 792 3546 παίειν,
842 3480 1036 3535 ἔπειτα
1086 3482 1275 3551 ἱμᾶσιν
1331 3482 1492 3535 αὐτὸν
1533 3485 1767 3552 ἰσχυρῶς
1815 3483 1911 3535 ἀπ’

342 3574 529 3645 ἄκρων
556 3574 755 3645 χειρῶν
783 3576 922 3644 ὁμοῦ
950 3576 1045 3629 καὶ
1082 3576 1261 3629 ποδῶν
1283 3576 1565 3647 διαδήσας,
1605 3577 1795 3646 pactio);
1824 3578 1910 3644 ἐφ’

339 3667 577 3735 ἑκάτερα
624 3661 831 3729 εἷλκεν,
886 3666 1025 3719 ὥστε
1072 3667 1301 3738 λυθῆναι
1364 3668 1515 3738 αὐτῷ
1546 3668 1656 3720 τῶν
1692 3668 1910 3739 ἄρθρων

339 3758 435 3816 τὰς
464 3756 753 3829 ἁρμονίας,
786 3758 878 3810 καὶ
903 3758 983 3820 είς
1011 3757 1154 3829 μέρη
1179 3760 1275 3811 καὶ
1307 3758 1445 3828 μέλη
1470 3757 1562 3812 τὸν
1596 3758 1765 3829 ἄνδρα
1795 3758 1910 3813 διαο

341 3849 673 3918 σπασθῆναι.
714 3848 773 3902 '0
798 3848 877 3910 δὲ,
935 3853 1029 3902 καὶ
1067 3849 1293 3902 τοιαῦτα
1344 3850 1591 3920 πάσχων,
1634 3851 1694 3902 οὐ
1741 3850 1908 3919 μόνον

338 3939 531 4007 ὀδύνης
563 3938 716 3991 οὐδὲν
768 3941 862 3991 ἐπὶ
904 3937 998 3991 τοῦ
1052 3938 1347 4007 προσώπου
1381 3930 1654 4008 σύμϐολον
1708 3940 1911 4010 ἐπεσὴ-

343 4050 555 4105 μαινεν,
614 4030 750 4085 ἀλλὰ
804 4034 898 4085 καὶ
933 4032 1287 4102 φαιδρότερος
1342 4031 1543 4102 μᾶλλον
1575 4033 1787 4102 ἑωρᾶτο
1816 4031 1911 4084 καὶ

342 4126 550 4181 θάλλων
579 4127 698 4189 ταῖς
727 4126 1016 4195 παρειαῖς·
1050 4121 1110 4177 οὗ
1167 4124 1232 4195 δὴ
1265 4124 1429 4195 χάριν
1484 4125 1583 4195 οὐχ
1619 4124 1803 4178 ἱκανὸν
1831 4126 1911 4187 εἰς

341 4221 615 4290 τιμωρίαν
643 4221 671 4273 ὁ
693 4218 909 4288 ἀπηνὴς
940 4219 1002 4271 τὸ
1032 4219 1265 4289 πρᾶγμα
1292 4219 1541 4288 νομίσας,
1563 4218 1740 4281 ἄλλως
1771 4234 1827 4270 τε
1855 4217 1912 4270 δὲ

342 4317 437 4368 καὶ
468 4317 533 4384 τῇ
562 4312 885 4384 φαιδρότητι
942 4314 1038 4366 καὶ
1070 4313 1149 4381 τῷ
1181 4312 1331 4387 ᾇνθει
1360 4310 1456 4365 τοῦ
1487 4310 1783 4381 προσώπου
1815 4308 1913 4379 βα-

345 4408 576 4478 σκήνις,
607 4404 725 4458 λύει
755 4406 851 4475 μὲν
877 4406 967 4459 τὸν
1005 4406 1261 4476 μάρτυρα
1285 4405 1393 4457 τῶν
1425 4403 1666 4473 δεσμῶν,
1706 4403 1913 4473 σιδήρῳ

345 4500 399 4551 δε
428 4501 500 4551 τὰ
532 4497 780 4568 βλέφαρα
833 4499 928 4550 καὶ
972 4499 1072 4566 τὴν
1130 4497 1255 4567 ὄψιν
1324 4495 1782 4549 κατακεντεῖσθαι
1811 4511 1902 4548 κε-

345 4591 518 4645 λεύει.
575 4590 778 4642 Τούτου
822 4589 879 4644 δὲ
927 4589 1244 4657 γενομένου,
1282 4587 1426 4640 θείου
1456 4587 1621 4651 τινὸς,
1656 4586 1909 4655 καθάπερ

343 4685 373 4733 ὁ
418 4679 655 4751 Θόρσος,
715 4678 953 4750 θάρσους
1005 4678 1408 4749 ὑποπλησθεὶς,
1467 4679 1606 4748 μετὰ
1663 4677 1912 4740 πλείονος

346 4774 548 4845 ἧλεγχε
602 4772 804 4842 μᾶλλον
855 4772 945 4825 τὸν
998 4772 1241 4842 ἡγεμόνα
1283 4772 1380 4840 τῆς
1430 4770 1781 4840 παρρησίας,
1822 4769 1916 4822 καὶ

348 4843 427 4928 οἷς
463 4843 674 4936 ἔπασχε
710 4863 843 4932 παρ’
866 4865 1100 4928 ἐκείνου,
1120 4864 1257 4933 πρὸς
1290 4862 1565 4928 ἀπόδειξιν
1588 4862 1786 4931 ἐχρῆτο
1804 4860 1914 4914 τῶν

348 4958 681 5028 λεγομένων,
718 4957 997 5025 Πρόσσχες
1042 4956 1128 5007 ἐπ’
1173 4955 1509 5025 ἐμὲ,λέγων,
1540 4955 1722 5007 ὅντινα
1750 4953 1811 5005 τό
1854 4969 1915 5018 γε

348 5060 426 5120 εἷς
459 5057 519 5109 σε
552 5050 690 5124 ἧκον
748 5049 963 5119 μυρίοις
1013 5046 1320 5116 παραδίδως
1356 5047 1628 5111 θανάτοις,
1677 5050 1772 5100 xxi.
1818 5045 1916 5115 τὴν

347 5151 554 5216 ἄφατον
584 5141 681 5196 τοῦ
720 5140 858 5207 ἐμοῦ
902 5138 1136 5209 Χριστοῦ
1188 5138 1419 5207 δύναμιν
1446 5142 1719 5205 κατανόει,
1763 5140 1911 5202 ὅπως

350 5238 497 5308 ἡμᾶς
515 5235 754 5307 θάρσους
785 5230 1094 5300 ἐμπίπλησι
1113 5268 1129 5294 ,
1155 5228 1385 5297 δύναμιν
1408 5245 1468 5282 τε
1493 5230 1783 5299 οὐρανόθεν
1812 5248 1915 5283 πε-

356 5332 664 5402 ριζωννύει,
708 5329 804 5382 καὶ
850 5326 949 5397 τῆς
1000 5322 1263 5392 γλυκείας
1306 5323 1472 5377 αὐτοῦ
1521 5326 1795 5377 κοινωνεῖν
1826 5325 1916 5391 ἐφο

355 5427 499 5493 ίησιν
526 5421 862 5492 ώραιότητος
885 5435 898 5448 ’
930 5420 1040 5486 ὂσῳ
1089 5418 1196 5488 γὰρ
1246 5416 1510 5479 πλειόνως
1541 5433 1631 5485 μοι
1663 5416 1724 5469 τὸ
1758 5415 1919 5484 σῶμα

352 5517 614 5588 λυμαίνῃ,
643 5512 885 5582 τοσούτῳ
914 5511 1010 5563 καὶ
1038 5509 1263 5564 πλείονά
1290 5528 1379 5581 μοι
1436 5507 1781 5581 περιϐάλλεις
1820 5510 1922 5580 τὴν

354 5610 682 5680 εὐμορφίαν.
737 5607 821 5659 Τὰ
870 5605 979 5677 γὰρ
1008 5605 1148 5676 ὑπὲρ
1199 5604 1294 5658 τοῦ
1334 5601 1601 5657 Δεσπότου
1648 5603 1918 5671 στίγματα

358 5708 558 5769 παντὶς
585 5705 913 5775 ώραιότερον
946 5704 1149 5773 κόσμου
1205 5704 1299 5755 καὶ
1327 5701 1505 5772 ψυχὰς
1543 5698 1637 5751 καὶ
1690 5697 1918 5768 σώματα

2014 556 2069 601 et
2094 557 2289 603 contra
2320 551 2621 614 rationem,
2652 553 2746 605 sed
2776 553 2990 622 judicio
3013 568 3068 610 ct
3096 556 3347 627 diligenti
3377 560 3587 614 exami-

2016 641 2221 695 nationi
2267 642 2449 695 omnia
2502 643 2846 711 permittcre.
2898 645 2951 701 Si
2998 658 3181 703 autem
3239 652 3321 705 vis
3382 653 3495 721 irse
3522 668 3586 707 ea

2011 733 2188 802 sequi,
2224 748 2347 801 qna-
2391 733 2530 787 citra
2577 734 2745 788 ullam
2791 737 3057 792 rationem
3108 741 3325 796 decreta
3358 755 3485 797 sunt
3518 745 3587 799 ab

2015 822 2474 890 imperatoribus,
2501 840 2626 878 eum
2660 824 2793 879 mihi
2828 844 2972 883 nunc
3003 845 3111 883 non
3139 832 3211 886 sit
3237 848 3584 902 persuasum,

2014 921 2072 965 ιιι
2099 913 2349 983 abjurem
2379 914 2881 984 Christianismum,
2936 922 3016 975 fac
3047 923 3166 991 ipse
3189 927 3333 994 quod
3368 937 3455 982 est
3488 930 3585 984 tibi

2013 1006 2397 1062 constitutum.
2434 1007 2787 1065 Cumbricius
2814 1027 2947 1066 vero
2970 1013 3185 1073 :Forte,
3212 1016 3412 1086 inquit,
3438 1021 3586 1088 quod

2014 1107 2194 1152 tecum
2226 1099 2464 1169 benigne
2496 1110 2553 1155 et
2583 1102 2790 1157 leniter
2820 1120 3069 1175 agamus,
3100 1106 3223 1162 ideo
3253 1117 3303 1162 te
3333 1125 3588 1181 arrogaztv

2015 1185 2211 1240 tiorem
2277 1185 2548 1243 edicimus
2606 1198 2661 1243 rt
2709 1191 3150 1249 insolentiorem.
3215 1197 3320 1249 Sed
3381 1213 3504 1251 cum
3538 1210 3587 1251 te

2014 1276 2229 1331 videam
2262 1278 2400 1331 adeo
2435 1279 2858 1350 intelligentcm,
2888 1291 2942 1335 et
2970 1293 3077 1337 tam
3115 1285 3260 1340 acuti
3285 1296 3342 1341 et
3367 1289 3588 1344 soiertis

2013 1368 2217 1437 ingenii
2249 1409 2264 1431 ,
2320 1370 2534 1425 suadeo
2588 1380 2648 1426 ut
2691 1389 2886 1442 pareas
2942 1386 3240 1444 antequam
3295 1383 3585 1435 crucicris.

2010 1458 2146 1512 Nam
2192 1461 2421 1530 pulchra
2471 1462 2696 1532 quidem
2733 1481 2821 1520 res
2852 1475 2935 1521 est
2983 1469 3217 1521 tnutatio
3263 1470 3316 1524 in
3364 1473 3529 1526 mel’u
3568 1510 3587 1538 ,

2012 1553 2459 1623 quantlocuuque
2505 1570 2570 1611 ea
2603 1555 2742 1612 facta
2785 1559 2970 1614 fuerit.
3018 1560 3125 1616 Sed
3174 1578 3352 1633 neque
3402 1568 3584 1635 ipsum

2016 1645 2092 1707 id,
2128 1645 2273 1714 quod
2303 1657 2544 1715 oportet,
2577 1647 2909 1720 intelligere,
2950 1669 3129 1723 neque
3164 1655 3319 1710 alteri
3369 1657 3578 1712 dicenti

2016 1750 2212 1803 parere
2251 1750 2420 1789 :cum
2474 1738 2647 1791 multa
2705 1751 2887 1796 autem
2941 1743 3098 1813 prius
3138 1761 3334 1815 passus
3365 1749 3441 1803 sis
3472 1760 3588 1803 tor-

2016 1840 2216 1894 menta,
2269 1831 2468 1886 deinde
2499 1832 2743 1902 abjiccre
2788 1836 2880 1902 ,id,
2934 1840 3079 1906 quod
3127 1848 3211 1894 est
3261 1843 3417 1909 utile,
3475 1859 3583 1899 non

2012 1926 2273 1980 existimo
2317 1926 2371 1980 id
2424 1927 2670 1998 eﬂugere
2704 1931 3075 2000 suspicionem
3124 1939 3400 1991 amentim.
3438 1940 3584 1993 Vade

2010 2031 2139 2085 ergo
2195 2016 2307 2086 jam
2365 2017 2433 2070 ad
2486 2019 2772 2088 templum,
2840 2032 2896 2076 et
2926 2023 3033 2079 diis
3077 2028 3243 2081 redde
3272 2044 3395 2097 qute
3438 2031 3584 2100 justa

2010 2118 2160 2162 sunt.
2194 2108 2287 2162 Sic
2320 2110 2466 2164 enim
2517 2126 2573 2165 et
2618 2129 2836 2179 eorum,
2868 2131 2989 2184 quae
3021 2133 3452 2187 prmeesserunt,
3491 2141 3584 2178 ve-

2013 2199 2159 2265 niam
2205 2202 2588 2270 consequeris,
2653 2214 2705 2257 et
2764 2221 2961 2276 magno
3022 2210 3340 2278 imperatori
3387 2215 3587 2268 evades

2013 2289 2320 2357 familiaris,
2360 2301 2415 2347 et
2448 2302 2564 2348 toto
2592 2296 2718 2349 vitae
2746 2306 2995 2367 tempore
3029 2316 3059 2354 a
3088 2303 3248 2357 nobis
3289 2304 3344 2357 in
3378 2304 3585 2360 honore

2012 2383 2327 2438 habeberis.
2365 2384 2571 2456 Martyr
2601 2396 2786 2443 autem
2822 2405 2837 2442 :
2882 2389 3015 2459 Ego,
3064 2391 3264 2461 inquit,
3310 2394 3378 2449 de
3421 2397 3587 2452 rebus

2012 2475 2385 2545 praesentibus
2440 2466 2543 2531 diu
2602 2479 2949 2543 deliberavi,
3007 2498 3184 2553 neque
3218 2501 3305 2540 me
3352 2489 3580 2543 omnino

2011 2584 2302 2639 aggressus
2325 2586 2473 2624 nunc
2501 2586 2562 2625 cs
2589 2572 2813 2628 minime
2841 2576 3585 2643 praemeditatum.Namcum

2014 2678 2129 2718 rem
2166 2664 2319 2733 prius
2351 2664 2541 2720 multis
2590 2668 2993 2722 exautinassem
3044 2672 3584 2736 ratiocinationibus.

2011 2766 2067 2811 et
2101 2768 2284 2811 vestra
2318 2757 2639 2823 simulacra,
2667 2760 3059 2831 immundaque
3092 2763 3283 2820 altaria
3334 2778 3389 2821 et
3425 2771 3591 2824 sacri-

2012 2847 2134 2901 ﬁcia
2193 2863 2405 2902 summe
2456 2849 2777 2913 irrisissem,
2829 2868 3022 2921 puram
3072 2864 3129 2910 et
3183 2872 3369 2911 veram
3426 2861 3585 2914 fidem

2013 2936 2149 3006 elegi
2179 2938 2638 2993 Christianorum.
2666 2940 3035 3005 Quamobrem
3052 2946 3096 2999 si
3111 2947 3240 3016 quid
3271 2948 3368 3001 tibi
3392 2958 3586 3006 contra

2015 3044 2116 3083 nos
2173 3031 2507 3098 permissum
2563 3041 2649 3087 est
2700 3034 2770 3087 ab
2821 3035 3186 3105 imperatore,
3236 3055 3304 3091 ne
3360 3043 3435 3094 sis
3496 3058 3589 3096 nc-

1944 3131 1986 3188 C
2020 3122 2243 3191 gligens.

2095 3211 2177 3264 Vl.
2216 3212 2410 3267 Statim
2460 3230 2591 3285 ergo
2640 3231 2764 3271 cum
2802 3218 2880 3273 illi
2928 3219 3139 3289 jamdiu
3194 3221 3591 3277 intunteseeret

2020 3301 2256 3363 animus,
2280 3302 2660 3359 adolescentes
2685 3306 2896 3375 aliquot
2925 3324 3087 3362 manu
3120 3310 3388 3373 valentes.
3416 3313 3590 3367 velte-

2020 3402 2233 3448 tnenter
2274 3393 2626 3455 insultantes.
2670 3398 2838 3467 jussit
2891 3400 3089 3469 pugnis
3122 3402 3336 3455 czedere
3382 3414 3593 3473 marty-

2019 3502 2158 3542 rem.
2197 3486 2405 3541 Deinde
2436 3503 2562 3543 cum
2589 3503 2717 3542 eum
2749 3490 2883 3544 loris
2917 3506 2947 3545 c
2985 3491 3216 3546 summis
3247 3493 3503 3548 manibus
3533 3505 3591 3550 et

2019 3576 2256 3646 pedibus
2313 3576 2533 3631 fortiter
2589 3577 2936 3647 alligassem,
2998 3582 3260 3652 utrinque
3320 3584 3590 3638 violenter

2019 3671 2337 3738 trahebant,
2366 3657 2513 3726 adeo
2541 3678 2601 3724 ut
2628 3673 2678 3726 ei
2727 3673 3081 3729 solverentur
3110 3689 3403 3745 compages
3456 3678 3588 3731 arti-

2015 3764 2289 3829 culorum,
2314 3763 2769 3834 membratimque
2803 3774 2861 3819 et
2908 3766 3278 3835 particulatim
3307 3768 3351 3823 is
3378 3769 3590 3824 discer-

2015 3865 2262 3926 peretur.
2319 3855 2417 3910 llle
2472 3864 2653 3910 autem
2700 3857 2921 3911 etiamsi
2969 3858 3084 3912 Ita‘c
3127 3867 3434 3925 pateretur,
3478 3876 3589 3914 non

2014 3947 2181 4002 modo
2216 3945 2374 3999 vultu
2403 3944 2616 3999 nullum
2649 3945 2869 4014 signum
2921 3946 3133 4001 doloris
3164 3963 3276 4016 pra:
3326 3964 3385 4002 se
3434 3949 3588 4011 tulit,

2015 4042 2110 4096 sed
2135 4039 2291 4096 visus
2314 4047 2399 4094 est
2425 4037 2609 4107 potius
2639 4039 2836 4103 lzetior,
2871 4038 3307 4109 ﬂorentibusque
3343 4041 3501 4108 genis
3524 4057 3589 4096 ac

2015 4132 2333 4202 purpureis.
2388 4132 2508 4196 Qua
2556 4130 2625 4185 de
2679 4145 2845 4184 causa
2903 4132 3008 4187 hoc
3060 4147 3167 4185 non
3221 4132 3471 4187 sulliccre
3520 4132 3589 4187 ad

2014 4224 2326 4281 cruciatum
2356 4223 2451 4278 ille
2489 4221 2719 4277 immitis
2744 4223 3050 4278 arbitratus
3074 4266 3087 4285 .
3115 4234 3168 4278 et
3202 4224 3411 4294 alioqui
3447 4225 3591 4278 invi-

2015 4318 2155 4391 dens
2180 4315 2453 4371 alaeritati
2486 4324 2543 4370 et
2594 4314 2719 4369 ﬂori
2768 4315 2972 4381 vultus,
3025 4324 3318 4386 martyrem
3365 4315 3589 4386 quidem

2017 4409 2242 4465 solvite
2278 4407 2550 4476 vinculis;
2587 4407 2713 4463 eilia
2742 4423 2874 4461 vero
2932 4416 2990 4461 et
3040 4408 3231 4461 oculos
3255 4408 3412 4477 jubet
3444 4407 3591 4461 ferro

2016 4502 2262 4558 confodi.
2315 4500 2430 4555 Hoc
2482 4512 2669 4554 autem
2726 4499 2869 4553 facto
2904 4499 3078 4553 veluti
3122 4498 3305 4553 divina
3349 4502 3588 4568 quadam

2016 4595 2245 4651 audacia
2274 4594 2521 4663 repletus
2549 4594 2816 4663 Thyrsus,
2853 4591 3136 4659 pnesidrm
3170 4592 3359 4659 majori
3392 4606 3593 4662 argm-

2018 4689 2108 4742 bat
2134 4686 2419 4751 libertate,
2446 4698 2501 4740 et
2530 4686 2598 4739 iis
2624 4700 2747 4754 qua:
2780 4684 2849 4737 ab
2880 4683 2973 4737 illo
3006 4683 3340 4753 patiebatur.
3386 4683 3585 4737 uteba-

2020 4789 2110 4835 tur
2142 4780 2209 4834 ad
2240 4795 2305 4834 ea
2337 4778 2642 4849 probanda,
2672 4792 2796 4847 quae
2825 4776 2896 4830 ab
2947 4792 3014 4831 eo
3064 4776 3389 4831 dicebantur
3417 4792 3428 4827 :
3457 4774 3589 4828 Ani-

2018 4887 2168 4927 mum
2206 4872 2272 4926 ad
2301 4887 2388 4925 me
2424 4870 2668 4934 attende,
2715 4869 2927 4933 dicens,
2974 4884 3162 4938 quem,
3218 4869 3364 4936 quod
3418 4867 3483 4921 ad
3535 4874 3590 4922 te

2019 4964 2242 5032 quidem
2277 4963 2497 5022 attinet,
2544 4959 3044 5014 innumerabilibus
3082 4958 3356 5012 tradidisti
3398 4958 3590 5013 morti-

2022 5058 2162 5119 bus;
2207 5065 2262 5109 et
2309 5054 2433 5108 vide
2490 5052 2821 5106 ineﬂabilem
2855 5051 3069 5105 'Christi
3121 5049 3225 5103 tnei
3267 5049 3590 5118 potentiam,

1986 5145 2493 5219 quemadmodum
2538 5159 2641 5198 nos
2702 5142 2925 5212 impleat
2976 5138 3207 5193 audacia
3268 5149 3324 5191 et
3379 5140 3589 5194 virtute

2020 5255 2123 5295 nos
2156 5238 2408 5307 accingat
2458 5237 2710 5302 coalitus;
2758 5244 2813 5288 ct
2858 5232 3160 5301 permittat,
3197 5240 3256 5284 ιιι
3287 5230 3388 5284 sint
3425 5231 3595 5299 parti-

2022 5346 2150 5400 ceps
2208 5320 2464 5399 propria?
2505 5329 2623 5397 ejus
2669 5323 3050 5380 formositatis.
3123 5320 3256 5374 Nam
3280 5336 3403 5390 quo
3457 5320 3594 5375 mihi

2022 5437 2224 5492 corpus
2251 5421 2425 5488 magis
2450 5418 2660 5487 perdis,
2692 5431 2758 5470 eo
2794 5415 3056 5483 majorem
3095 5412 3229 5466 mihi
3258 5412 3446 5482 adjiti;
3474 5412 3595 5479 pul-

2022 5512 2414 5570 chritudinem.
2450 5509 2581 5574 Qua:
2611 5509 2757 5563 enim
2806 5520 2908 5574 pro
2952 5506 3187 5559 Domino
3213 5508 3594 5574 suscipiuntur

2024 5605 2299 5673 stigmata,
2323 5600 2523 5669 quovis
2554 5603 2882 5653 ornamento
2913 5597 3201 5666 pulchrius
3242 5597 3513 5650 adornant
3537 5605 3592 5650 et

2025 5696 2237 5752 animos
2265 5700 2320 5745 et
2348 5706 2583 5760 corpora
2618 5708 2631 5746 :
2671 5699 2725 5744 ct
2763 5687 2991 5759 sanguis
3013 5728 3026 5752 ,
3059 5686 3152 5757 qui
3182 5704 3281 5757 pro
3314 5687 3431 5757 ipso
3466 5687 3589 5741 fun‘
