4102 6376
472 292 477 301 ι
515 338 616 394 51")

512 535 588 589 Ne
617 532 893 587 cunctcris
919 546 1071 600 ergo,
1105 532 1197 585 sed
1233 531 1400 586 facias
1428 547 1548 600 qure
1578 530 1851 594 desidero,
1883 541 1939 586 et
1968 547 2088 602 qua:

511 623 700 693 pietati
769 621 1127 675 conveniunt.
1184 619 1322 676 Cum
1377 621 1630 691 protinus
1685 637 1814 691 ergo
1868 632 2089 690 peracta

509 722 713 775 essent,
747 727 868 782 quae
915 712 968 765 in
999 727 1065 766 eo
1097 713 1255 776 ﬁunt,
1286 712 1532 784 Thyrsus
1577 722 1825 766 sanctum
1859 712 2105 782 suscipit’

510 805 893 874 baptismum;
942 814 998 857 et
1050 802 1248 857 deinde
1301 802 1566 873 adjiciens
1618 820 1632 855 :
1686 803 1913 857 Domine
1965 803 2091 859 lesu

510 897 749 958 Christe,
798 895 942 948 Deus
990 908 1166 957 meus,
1197 892 1353 957 dicit,
1385 892 1476 962 qui
1511 907 1596 946 me
1622 892 1877 963 dignatus
1903 908 1963 948 es
1997 909 2094 964 per

513 1002 709 1057 aquam
753 985 1125 1042 consummari
1173 993 1230 1039 et
1276 985 1568 1055 Spiritum.
1614 985 1840 1054 dignare
1889 1000 1993 1046 me.
2035 995 2095 1040 ut

514 1092 616 1146 ego
663 1076 876 1141 eodem,
912 1091 1022 1145 quo
1060 1085 1139 1141 tu,
1192 1075 1438 1144 baptizer
1485 1076 1877 1153 baptismo,et
1913 1076 2092 1131 bibam

517 1178 667 1223 tuum
720 1168 965 1232 calicem,
1018 1176 1074 1221 et
1124 1178 1231 1221 tua:
1281 1166 1446 1221 morti
1498 1166 1830 1222 conformcr.
1890 1168 2094 1222 Deinde

515 1261 678 1314 etiam
724 1274 848 1313 cum
886 1273 1057 1328 pauca
1092 1266 1238 1312 esset
1286 1258 1509 1312 locutus
1553 1273 1677 1312 cum
1729 1259 2008 1330 episcopo,
2040 1273 2097 1315 et

517 1366 575 1404 se
599 1349 832 1403 invicem
862 1349 1123 1417 impertiti
1151 1357 1337 1402 essent
1363 1345 1866 1407 benedictionibus,
1893 1358 2097 1418 martyr

518 1441 818 1495 revertitur
867 1439 922 1492 in
968 1454 1267 1499 carcerein,
1318 1447 1685 1506 praetereunte
1715 1437 1765 1493 ei
1796 1439 1983 1493 divino
2012 1439 2098 1493 lu-

516 1535 660 1587 mine
686 1544 742 1586 ct
772 1530 1143 1601 sequentibus
1172 1528 1399 1597 angelis,
1437 1539 1496 1582 ut
1528 1528 1562 1580 ii
1595 1539 1782 1596 aperte
1813 1530 2094 1595 videbant,

515 1625 609 1694 qui
657 1624 805 1694 digni
857 1630 1014 1678 erant
1061 1620 1269 1674 videre.
1299 1619 1419 1685 Quo
1464 1619 1519 1672 in
1555 1620 1678 1674 loco
1728 1636 1917 1675 rursus
1965 1637 2098 1675 con-

518 1716 692 1770 suetis
724 1715 1043 1785 invigilabat
1076 1711 1354 1783 precibus,
1387 1723 1444 1766 et
1474 1726 1598 1765 eum
1633 1712 1743 1767 Deo
1770 1712 2099 1782 loquebatur

518 1828 616 1881 per
660 1812 855 1865 otium.

585 1924 678 1978 XI.
713 1924 834 1979 Alio
868 1933 1050 1979 autem
1102 1924 1270 1978 alium
1309 1923 1567 1979 studente
1600 1922 1821 1977 vincere
1855 1922 1909 1975 in
1942 1920 2094 1985 vitio,

514 2028 571 2072 et
620 2016 936 2087 imperatori
988 2017 1045 2071 in
1081 2016 1274 2086 primis
1322 2015 1491 2085 impio
1539 2015 1753 2069 volente
1800 2013 2097 2084 gratificari

515 2109 721 2181 majore
777 2107 1170 2177 improbitate,
1235 2106 1488 2161 Silvanus
1563 2120 1781 2176 quoque
1832 2105 2097 2175 quidam,

514 2214 714 2270 genere
760 2198 982 2268 quidem
1019 2199 1201 2261 Persa,
1255 2197 1518 2267 dignitate
1572 2204 1758 2251 autem
1801 2211 2008 2259 comes,
2043 2196 2098 2249 in

519 2289 803 2360 suppliciis
833 2304 964 2342 vero
996 2288 1064 2343 de
1093 2288 1197 2357 piis
1228 2288 1515 2343 sumendis
1551 2288 1791 2343 crudelis
1821 2299 1876 2343 et
1909 2289 2101 2344 inexo-

517 2379 731 2444 rabilis,
775 2379 930 2449 petiit
964 2379 1033 2431 ab
1071 2380 1421 2451 imperatore,
1467 2386 1525 2431 ut
1567 2388 1711 2433 esset
1752 2379 2100 2433 examinator

516 2486 706 2528 eorum
754 2470 957 2541 quibus
1010 2471 1338 2540 permissum
1372 2479 1453 2524 est
1491 2471 1685 2538 punire
1731 2468 2095 2525 Christianos.

516 2564 653 2619 Cum
699 2578 832 2634 ergo
871 2563 1120 2627 liberam,
1156 2572 1207 2617 et
1258 2561 1552 2616 reddenda:
1606 2562 1802 2617 rationi
1852 2578 1959 2617 non
1999 2563 2100 2618 ob-

518 2655 734 2709 noxiam
762 2655 818 2708 in
846 2669 942 2709 eos
964 2654 1268 2723 accepisset
1298 2662 1644 2717 potestatem,
1670 2650 2096 2718 venitNicmam,

514 2745 777 2805 libamina
805 2755 861 2801 et
896 2745 1164 2800 sacriﬁcia
1216 2758 1484 2814 peragens
1535 2744 1900 2809 dannonibus,
1933 2756 1989 2800 et
2019 2745 2101 2800 eis

518 2837 767 2892 convivia
800 2837 1082 2892 celebrans
1114 2836 1380 2906 sanguine
1410 2834 1871 2891 Christianorum.
1902 2836 1999 2891 llic
2031 2836 2099 2892 de

519 2942 718 2998 magno
764 2927 976 2999 Thyrso
1008 2926 1057 2982 ei
1090 2925 1450 2997 signiﬁcatur,
1484 2927 1626 2995 quod
1661 2936 1716 2980 et
1757 2928 1923 2982 nullis
1954 2928 2097 2985 vinci

518 3027 704 3087 posset
727 3017 1041 3082 tormentis,
1065 3017 1460 3086 miraculisque
1482 3028 1538 3071 et
1563 3017 1822 3089 prodigiis
1850 3019 2100 3075 homines

521 3107 979 3178 obstupefaceret.
1029 3107 1224 3162 Statim
1273 3118 1456 3161 autem
1512 3108 1679 3162 mittit
1731 3109 1996 3178 quosdam
2031 3127 2099 3166 ex

521 3198 657 3265 suis,
690 3208 751 3252 ut
779 3197 944 3251 simul
988 3196 1211 3267 quidem
1256 3206 1312 3251 ct
1344 3197 1523 3250 virum
1573 3208 1854 3253 servarent
1909 3201 2096 3263 tutius,

446 3350 449 3351 ν
520 3298 578 3343 2’.
605 3289 789 3343 verbis
816 3303 1038 3357 quoque.
1071 3287 1172 3356 ipsi
1203 3303 1329 3341 eum
1364 3288 1738 3347 adorirentur.
1769 3297 1825 3343 et
1855 3292 2098 3361 compel-

522 3378 697 3433 lerent
725 3378 790 3431 ad
837 3377 1138 3448 negantiam
1187 3378 1527 3447 religionem,
1556 3391 1612 3433 et
1645 3390 1852 3437 terrore
1885 3384 2101 3470 cornitis

523 3468 764 3522 animum
792 3470 910 3539 ejus
939 3469 1094 3538 prius
1125 3470 1536 3525 lahefactarent.
1572 3473 1778 3527 Deinde
1816 3475 1931 3544 ipse
1961 3468 2099 3543 quo-

520 3576 627 3629 que
672 3560 884 3615 accedit
915 3577 929 3614 :
958 3570 1014 3616 et
1065 3562 1301 3630 primum
1338 3564 1556 3632 quidem
1599 3564 1883 3635 magniticc
1922 3569 2097 3622 sacri-

517 3650 643 3703 ﬁcat
679 3649 946 3716 Maximo,
996 3652 1090 3722 qui
1146 3661 1229 3707 est
1276 3654 1419 3722 apud
1468 3668 1603 3718 eos,
1644 3655 1786 3712 Jovi.
1837 3657 2098 3728 Sequenti

519 3750 701 3794 autem
731 3740 819 3797 die
867 3758 991 3798 cum
1023 3744 1188 3798 simul
1222 3759 1346 3799 cum
1381 3743 1699 3801 Cumbricio
1734 3748 1965 3804 sedisset
1998 3767 2098 3821 pro

521 3831 807 3899 tribunali,
837 3844 894 3890 et
925 3835 1197 3907 Thyrsum
1244 3837 1360 3892 sisti
1409 3849 1673 3904 curasset,
1710 3841 1967 3897 omnibus
1997 3858 2093 3896 au-

519 3924 804 3979 dientibus
831 3941 896 3979 ea
926 3927 1081 3996 jubet
1126 3928 1253 3998 legi,
1285 3945 1405 3998 quze
1437 3929 1656 3984 fuerant
1693 3934 1846 4001 prius
1892 3934 2097 3987 exami-

519 4023 666 4069 nata.
727 4017 884 4079 Quod
932 4033 1058 4071 cum
1115 4017 1316 4085 factum
1372 4029 1520 4075 esset
1580 4042 1592 4074 :
1648 4022 1724 4077 Ne
1777 4025 2095 4091 existimes,

522 4107 723 4175 inquit,
757 4123 790 4162 o
818 4108 1049 4180 Thyrse,
1081 4126 1144 4165 ea
1176 4127 1295 4179 qua:
1332 4112 1537 4167 instant
1572 4114 1690 4169 fore
1725 4116 1922 4172 similia
1959 4136 2099 4188 prae-

520 4201 861 4267 eedentibus,
904 4202 998 4254 sed
1045 4202 1189 4271 quod
1239 4204 1559 4272 imperatori
1613 4206 1833 4261 futurus
1876 4223 1933 4262 es
1967 4225 2102 4264 con-

518 4296 782 4363 junctior,
813 4302 868 4347 et
898 4308 1008 4362 quo
1039 4294 1136 4347 tibi
1169 4295 1404 4364 majores
1448 4296 1794 4353 habebuntur
1836 4301 2094 4367 honores,

522 4388 567 4439 si
619 4386 766 4440 illius
811 4386 1049 4446 decretis
1103 4388 1350 4454 parueris
1396 4404 1410 4439 :
1453 4404 1519 4443 eo
1570 4406 1762 4446 rurSUS
1813 4396 2095 4449 acerbiora

1738 334 2020 398 ME‘x’SlS
2064 334 2501 393 DECEBBEH.

512 447 643 502 dum
695 447 840 501 enim
891 460 1010 497 sum
1055 444 1301 497 divinum
1343 443 1674 512 baptismum
1729 452 2087 497 cottseeutus.

2202 446 2625 514 Ξιναγεννηθῆναι
2657 463 2666 473 '

3656 327 3765 392 520

2704 445 2856 497 οὔπω
2888 444 2998 514 γ’ρ
3056 444 3146 496 τοῦ
3183 443 3329 496 θείου
3396 443 3777 512 βαπτίσματος

2199 538 2565 607 κατηξίωμαι.
2600 538 2690 607 Μὴ
2725 537 2886 604 μέλλε
2941 536 3143 600 τοίνυν,
3181 535 3318 589 ἀλλὰ
3346 535 3488 588 ποίει
3536 534 3603 586 τὰ
3636 534 3779 587 κατὰ

2200 629 2426 698 γνώμην
2461 630 2583 697 ἐμοὶ
2621 630 2714 681 καὶ
2754 632 2819 699 τῇ
2866 627 3147 697 θεοσεϐείᾳ
3187 629 3559 698 προσήκοντα.
3612 627 3779 681 Τελε-

2205 721 2444 773 σθέντων
2474 717 2568 770 οὖν
2610 717 2770 780 εὐθὺς
2821 718 2931 771 τῶν
2962 719 3021 771 ἐν
3059 716 3237 786 τούτῳ
3271 717 3707 785 νενομισμένων,
3752 718 3782 770 ὁ

2203 809 2415 877 Θύρσος
2465 808 2526 858 τὸ
2574 807 2730 875 ἅγιον
2763 807 3049 876 βάπτισμα
3085 807 3328 877 δέχεται,
3362 807 3459 860 καὶ
3489 805 3778 876 προσθεὶς,

2202 899 2375 971 Κύριε
2391 899 2566 969 Ἰησοῦ
2586 900 2813 970 Χριστέ,
2837 901 2865 952 ὁ
2887 900 3018 963 Θεός
3032 917 3158 971 μου,
3184 899 3356 965 λέγει,
3385 902 3414 953 ο
3437 898 3782 964 καταξιώσας

2207 1008 2273 1062 με
2302 991 2369 1044 δι’
2416 990 2609 1054 ὓδατος
2656 991 3013 1060 τελειωθῆναι
3062 994 3156 1046 καὶ
3208 992 3551 1063 Πνεύματος,
3586 994 3681 1048 καὶ
3718 994 3781 1046 τὸ

2202 1082 2489 1154 βάπτισμα
2517 1083 2545 1136 ὂ
2571 1082 2734 1146 αὐτὸς
2764 1084 3045 1137 ἑϐαπτίσω
3077 1084 3473 1154 βαπτίσασθαι,
3514 1087 3675 1150 αὑτός
3707 1103 3777 1157 με

2203 1176 2297 1227 καὶ
2327 1176 2386 1227 τὸ
2422 1175 2682 1247 ποτήριόν
2716 1192 2808 1228 σου
2842 1179 3024 1237 πιεῖν,
3061 1177 3155 1229 καί
3194 1177 3668 1248 συμμορφωθῆναι
3696 1178 3777 1248 τῷ

2203 1268 2421 1338 θανὰτῳ
2476 1286 2572 1321 σου
2617 1266 2975 1333 καταξῖωσον.
3033 1268 3165 1323 Εἶτα
3206 1271 3302 1323 καὶ
3363 1271 3443 1340 τῷ
3495 1274 3783 1343 έπισκόπῳ

2206 1358 2383 1430 μικρὰ
2441 1358 2823 1428 συλλαλήσας,
2872 1362 2967 1414 καὶ
3009 1362 3316 1426 ἀντιδόντες
3361 1363 3617 1433 ἀλλήλοις
3674 1364 3778 1426 τὰς

2204 1452 2494 1520 εὐλογίας,
2523 1455 2550 1506 ὁ
2589 1454 2802 1523 μάρτυς
2839 1454 2976 1525 πρὸς
3017 1454 3078 1507 τὸ
3115 1455 3490 1526 δεσμωτήριον
3526 1456 3779 1528 ἐπανῄει,

2206 1544 2386 1612 φωτὸς
2412 1544 2562 1615 αὐτῷ
2590 1545 2737 1599 θείου
2771 1548 3191 1619 προηγουμένου
3244 1549 3337 1601 καὶ
3362 1551 3615 1618 ἀγγέλων
3673 1568 3780 1605 παο

2208 1637 2553 1706 ρεπομένων,
2588 1638 2665 1701 ὡς
2709 1639 2957 1709 ἀκριϐῶς
3013 1635 3176 1706 εἶδον,
3239 1640 3335 1706 οὓς
3387 1643 3520 1696 ἰδεῖν
3579 1642 3733 1711 ἄξιον
3764 1660 3778 1675 ⁸

2209 1728 2335 1782 ἔνθα
2382 1731 2476 1782 καὶ
2522 1729 2685 1783 πάλιν
2714 1733 2838 1793 ταῖς
2882 1730 3139 1803 συνήθεσι
3182 1738 3513 1805 προσευχαῖς
3536 1738 3781 1809 ἐπηγρύ-

2132 1812 2173 1869 B
2207 1834 2350 1879 πνει,
2385 1820 2479 1871 καὶ
2517 1819 2597 1888 τῷ
2626 1819 2747 1890 Θεῷ
2774 1821 2914 1874 κατὰ
2944 1822 3140 1893 σχολὴν
3167 1822 3459 1892 διελέγετο.

2272 1908 2380 1965 ΙΑ’.
2433 1911 2578 1965 Ἀλλ’
2601 1910 2723 1965 οὐδὲ
2752 1913 2929 1967 ἄλλων
2960 1918 3021 1968 ὲν
3051 1917 3223 1985 κακίᾳ
3247 1919 3405 1989 νικᾷν
3438 1920 3774 1983 σπουδάζον-

2200 2016 2314 2064 τος,
2346 2003 2442 2053 καὶ
2475 2001 2551 2072 τῷ
2577 2003 3000 2077 δυσσεϐεστάτη)
3030 2006 3108 2076 τῷ
3131 2006 3341 2061 πλείονι
3373 2009 3475 2079 τῆς
3511 2012 3780 2080 πονηρίας

2202 2091 2525 2162 χαρίζεσθαι
2575 2092 2911 2164 βουλομένου
2998 2100 3092 2151 καὶ
3144 2099 3401 2163 Σιλὸανύς
3452 2119 3570 2165 τις.
3605 2103 3781 2174 κόμης

2205 2174 2306 2253 μὲν
2357 2185 2420 2238 τὸ
2476 2186 2720 2257 ἀξίωμα,
2766 2188 2983 2258 Πέρσης
3027 2190 3085 2243 δὲ
3125 2191 3183 2244 τὸ
3209 2191 3389 2258 γένος,
3425 2198 3522 2255 τὰς
3553 2193 3610 2247 δὲ
3639 2195 3781 2248 κατὰ

2206 2275 2318 2329 τῶν
2346 2277 2589 2331 εὐσεόὦν
2617 2279 2890 2351 τιμωρίας
2944 2280 3096 2351 ὠμός
3134 2299 3195 2334 τε
3246 2284 3340 2337 καὶ
3369 2283 3777 2353 ἀπαραίτητος,

2203 2367 2368 2438 χάριν
2421 2368 2593 2439 ᾔτησε
2643 2372 2734 2422 τὸν
2812 2370 3043 2439 βασιλέα
3081 2413 3097 2439 ,
3160 2372 3303 2427 ὣστε
3346 2375 3604 2443 γενέσθαι
3669 2377 3781 2429 τῶν

2205 2457 2572 2529 Χριστιανοὺς
2612 2460 2865 2526 κολάζειν
2914 2465 3414 2539 ὲπιτετραμμένων
3457 2469 3778 2540 ἐξεταστὴς.

2218 2553 2542 2607 Ἀνεύθυνον
2604 2550 2702 2608 οὖν
2756 2556 2846 2608 ἐπ’
2890 2557 3074 2620 αὐτοῖς
3122 2560 3222 2627 τὴν
3283 2560 3537 2617 ἐξουσίαν
3576 2562 3781 2626 λαϐὼν,

2202 2642 2463 2713 ἐπιδημεῖ
2485 2646 2547 2714 τῇ
2583 2645 2812 2716 Νικαίᾳ,
2839 2647 3077 2711 σπονδὰς
3098 2652 3209 2712 τοῖς
3234 2649 3456 2720 δαίμοσι
3475 2652 3569 2706 καὶ
3589 2653 3784 2716 Θυσίας

2203 2736 2493 2802 ἐπιτελῶν,
2522 2739 2992 2807 καὶιΧριστιανῶν
3017 2742 3212 2806 αὐτοὺς
3241 2745 3500 2800 ἐνεστιῶν
3529 2748 3777 2816 αῖμασιν.

2216 2828 2487 2883 Ἐνταῦθα
2541 2830 2807 2901 μηνύεται
2839 2833 2910 2886 τὰ
2936 2835 3079 2889 κατὰ
3108 2838 3201 2889 τὸν
3235 2838 3410 2907 μέγαν
3436 2838 3650 2911 Θύρσον
3679 2844 3782 2895 αὐ-

2203 2921 2300 2990 τῷ,
2358 2922 2433 2986 ὡς
2483 2924 2570 2994 είη
2617 2925 2880 2994 βασάνοις
2930 2944 2989 2978 τε
3038 2929 3243 2993 πάσαις
3304 2933 3581 2997 ἀνάλωτος
3610 2973 3625 2996 ,
3686 2937 3782 2988 καὶ

2204 3013 2451 3083 θαύμασι
2498 3017 2594 3068 καὶ
2654 3018 2963 3087 τεραστίοις
3026 3021 3352 3091 ἀνθρώπους
3413 3025 3774 3095 ἐκπλήττων,

2130 3147 2173 3206 C
2206 3109 2301 3161 καὶ
2352 3108 2557 3162 αὐτίκα
2613 3112 2823 3179 πέμπει
2877 3113 3030 3175 τινὰς
3067 3114 3177 3166 τῶν
3227 3115 3356 3185 περὶ
3399 3117 3584 3180 αὐτὸν,
3634 3118 3777 3171 ὥστε

2204 3200 2343 3271 ἐμοῦ
2403 3203 2504 3272 μὲν
2562 3203 2977 3275 ἀσφαλέστερον
3024 3205 3118 3258 τὸν
3173 3207 3344 3275 ἄνδρα
3397 3212 3607 3278 τηρεῖν,
3641 3212 3777 3283 ὁμοῦ

2201 3293 2258 3346 δὲ
2320 3296 2413 3348 καὶ
2472 3295 2665 3363 λόγους
2715 3298 3025 3367 προτείνειν
3059 3300 3191 3372 παρ’
3240 3302 3473 3364 ἑαυτῶν.
3510 3306 3604 3357 καὶ
3653 3322 3782 3360 σιν-

2200 3386 2361 3439 ωθείν
2390 3388 2466 3450 εἰς
2500 3387 2731 3459 ἄρνησιν
2782 3390 2875 3443 τοῦ
2906 3391 3273 3462 σεϐάσματος,
3307 3397 3403 3449 καὶ
3438 3400 3504 3467 τῇ
3532 3396 3628 3450 τού
3691 3399 3781 3450 κό-

2204 3494 2376 3547 μητος
2400 3480 2555 3549 φήμῃ
2589 3480 2687 3549 τὴν
2716 3482 2926 3537 ἐκείνου
2951 3486 3382 3555 ,προκατασξίειν
3411 3488 3612 3559 ψυχήν.
3647 3486 3779 3544 Εἶτα

2202 3571 2295 3621 καὶ
2313 3572 2478 3635 αὐτὸς
2507 3577 2874 3645 παραγίνεται
2903 3578 2999 3631 καὶ
3027 3578 3225 3649 πρῶτα
3257 3580 3358 3649 μὲν
3384 3580 3503 3634 θύει
3543 3583 3779 3652 μεγαλο-

2200 3663 2425 3733 πρεπῶς
2455 3666 2535 3737 τῷ
2564 3668 2692 3738 παρ’
2718 3670 2901 3733 αὐτοῖς
2932 3671 3177 3742 μεγίστῳ
3207 3673 3290 3725 Διί
3315 3690 3328 3702 ·
3355 3676 3422 3745 τῇ
3455 3674 3511 3728 δὲ
3534 3674 3656 3745 ἑξῆς
3688 3677 3782 3729 ἐπὶ

2202 3753 2444 3825 βήματος
2471 3759 2588 3829 ἅμα
2632 3761 2991 3833 Κουμὸρικίῳ
3016 3763 3269 3831 καθίσας,
3321 3769 3415 3819 καὶ
3437 3770 3530 3821 τὸν
3568 3767 3781 3839 Θύρσον

2202 3852 2701 3920 παραστησάμενος
2725 3857 2805 3917 είς
2830 3856 3067 3925 ἐπήκοον
3099 3857 3317 3909 πάντων
3371 3859 3781 3931 ἀναγνωσθῆναι

2201 3940 2269 3992 τὰ
2298 3941 2774 4014 προεξητασμὲνα·
2809 3943 2867 4000 οὗ
2900 3948 3219 4017 γενομένου,
3252 3949 3344 4019 Μὴ
3366 3951 3574 4019 νόμιζε,
3604 3950 3775 4021 εἶπεν,

2200 4022 2243 4081 ὦ
2274 4031 2474 4100 Θύρσε,
2498 4036 2854 4103 παραπλήσιά
2878 4055 2960 4091 σοι
2979 4040 3043 4091 τὰ
3076 4041 3318 4109 παρόντα
3349 4044 3460 4105 τοῖς
3481 4045 3781 4115 προλαϐοῦ-

2205 4139 2289 4174 σιν
2317 4122 2560 4187 ἔσεσθαι,
2581 4127 2696 4179 ἀλλ’
2730 4129 2843 4199 ὅσῳ
2866 4128 3088 4199 μείζους
3109 4132 3164 4184 αί
3190 4132 3322 4204 παρ’
3347 4135 3506 4203 ἡμῶν
3537 4153 3619 4190 σοι
3643 4137 3782 4208 πρὸς

2201 4214 2292 4266 τὸν
2345 4216 2725 4288 αὐτοκράτορα
2773 4221 3079 4285 οἰκειώσεις
3110 4225 3202 4277 καὶ
3241 4229 3401 4294 τιμαὶ
3430 4231 3779 4301 γενήσονται,

2204 4304 2363 4374 εἴπερ
2393 4306 2499 4376 ἄρα
2545 4311 2637 4360 καὶ
2659 4311 2774 4373 τοίς
2809 4311 3018 4364 ἐκείνου
3049 4317 3275 4387 πεισθῇς
3303 4318 3658 4387 διατάγμασι,
3691 4338 3779 4373 τι.-

2205 4395 2379 4465 σούτῳ
2412 4398 2573 4451 πάλιν
2608 4404 2702 4453 καί
2743 4405 3084 4475 πικροτέρων
3114 4408 3351 4481 αἰσθήσῃ
3387 4412 3778 4484 κιλαστηρέωη,

524 4477 731 4531 senties
767 4477 1060 4546 supplicia,
1090 4480 1134 4530 si
1166 4493 1358 4547 pergas
1390 4479 1531 4533 hanc
1576 4481 1878 4548 improbam
1912 4493 2097 4541 tenere

2210 4488 2258 4538 εἰ
2293 4489 2391 4558 τὴν
2418 4490 2588 4559 αὐτὴν
2618 4494 2908 4565 ὲπιμείνῃς
2944 4497 3262 4565 πρεσὸεύων
3302 4503 3641 4570 κακιδοξέαν.
3674 4506 3781 4559 Καὶ

524 4568 862 4638 opinionem.
897 4569 1097 4638 Martyr
1133 4585 1263 4622 vero
1296 4588 1308 4624 :
1339 4570 1441 4636 Qui
1475 4589 1559 4626 me
1596 4576 1696 4639 tui,
1734 4575 1934 4646 inquit,
1968 4593 2098 4632 con-

524 4661 750 4716 fessoris
775 4660 1061 4729 suppliciis
1085 4660 1212 4715 fecit
1242 4664 1626 4731 potentiorem,
1655 4666 1919 4723 Dominus
1946 4686 2098 4724 meus

519 4751 682 4805 Jesus
706 4750 979 4816 Christus,
1014 4751 1128 4821 ipse
1172 4753 1304 4807 mihi
1336 4770 1556 4824 quoque
1592 4772 1739 4810 nunc
1772 4762 2012 4826 assistet,
2044 4773 2099 4816 ct

520 4858 549 4896 a
579 4842 776 4897 vestris
814 4843 1067 4897 manibus
1116 4844 1336 4913 eripiet,
1374 4848 1467 4914 qui
1506 4847 1605 4916 ipsi
1655 4849 1756 4902 soli
1807 4852 2011 4913 servio,
2043 4862 2099 4906 et

519 4949 646 4988 eum
680 4933 857 4988 solum
902 4934 1027 4987 novi
1070 4935 1240 4989 Deum
1275 4953 1288 4988 :
1323 4936 1615 4991 simulacra
1664 4949 1847 4993 autem
1877 4951 1932 4995 et
1966 4943 2098 4998 deos

520 5027 762 5094 gentium
804 5037 1052 5095 apertum
1095 5027 1395 5081 ludibrium
1433 5044 1572 5083 v0eo
1609 5039 1663 5083 et
1695 5029 2097 5100 deccptionem.

522 5115 627 5171 Sed
657 5118 700 5171 si
734 5118 957 5173 mittens
984 5120 1090 5173 vim
1129 5121 1325 5176 all‘erre
1356 5160 1370 5184 ,
1415 5121 1587 5174 mavis
1634 5124 2010 5189 persuasione,
2044 5135 2100 5179 et

520 5209 640 5279 ejus
667 5210 812 5278 quod
848 5220 1055 5264 rectum
1086 5221 1189 5277 est,
1213 5212 1423 5282 judicio
1453 5213 1809 5276 contendere,
1841 5215 1931 5270 die
1962 5219 2097 5272 nnhi

516 5301 650 5369 jam,
685 5303 904 5356 cuinam
935 5311 991 5357 et
1019 5303 1484 5373 quemadmodum
1517 5320 1603 5361 me
1636 5307 1718 5362 vis
1747 5310 2099 5366 sacrificare?

519 5390 635 5461 Ego
683 5401 865 5447 autem
913 5395 957 5448 si
1008 5396 1142 5473 nihil
1193 5408 1390 5466 potero
1438 5399 1837 5465 contradicere,
1896 5404 2100 5472 parebo

519 5484 767 5545 Omnino,
798 5493 855 5538 et
891 5501 997 5540 non
1038 5487 1302 5542 adversus
1349 5505 1436 5544 res
1477 5490 1683 5546 validas
1731 5492 1969 5550 inaniter
2003 5496 2101 5551 de-

520 5574 768 5629 certabo.
1557 5643 1564 5650 ,

596 5662 707 5717 XII.
751 5665 1036 5737 Exeupicns
1078 5670 1260 5741 itaque
1300 5675 1480 5729 statim
1537 5676 1792 5731 Silvanus
1826 5696 1838 5729 ε
1876 5678 2095 5744 Eamus,

523 5751 722 5823 inquit,
762 5759 812 5809 in
850 5762 1135 5829 templum,
1176 5775 1230 5819 ct
1274 5775 1403 5820 tunc
1440 5767 1537 5821 tibi
1581 5769 1689 5823 erit
1723 5770 2096 5840 manifestum,

2202 4580 2229 4631 ὁ
2259 4578 2489 4650 μάρτυς,
2547 4580 2604 4637 ὐ
2636 4585 2730 4638 καὶ
2758 4589 3026 4673 πρότερον
3056 4608 3146 4658 με,
3179 4593 3334 4661 φησὶ,
3366 4595 3650 4664 κρείττονα
3676 4599 3781 4652 δεί-

2203 4671 2301 4736 ξας
2341 4673 2432 4725 τοῦ
2481 4677 2868 4746 συμπαρέδρου
2907 4671 3001 4732 τοῦ
3051 4682 3146 4735 σοῦ
3177 4686 3547 4757 κολαστηρίων
3578 4691 3779 4760 Κύριός

2205 4780 2307 4833 μευ
2359 4765 2558 4828 Ἰησοῦς
2606 4768 2860 4836 Χριστὸς,
2898 4773 3062 4836 αὐτὸς
3100 4779 3519 4846 παραστήσεταί
3558 4799 3647 4851 μοι
3687 4787 3780 4837 καὶ

2204 4853 2320 4918 νῦν,
2359 4856 2450 4908 καὶ
2477 4858 2584 4909 τῶν
2629 4859 2912 4930 ὑμετέρων
2944 4863 3210 4925 ἐξελεῖται
3244 4869 3466 4937 χειρῶν,
3514 4873 3603 4924 τὸν
3634 4874 3780 4942 αὖτῷ

2207 4947 2356 5016 μόνῳ
2392 4948 2749 5017 λατρεύοντα,
2784 4956 2880 5005 καὶ
2918 4956 3076 5024 μόνον
3118 4958 3283 5010 αὐτὸν
3312 4962 3491 5015 εἰδότα
3521 4963 3671 5028 Θ.ὸι,
3708 4966 3769 5017 εἰ·

2202 5037 2344 5090 δωλα
2372 5038 2426 5091 δὲ
2461 5040 2555 5093 καὶ
2582 5043 2709 5105 τοὺς
2763 5045 3028 5114 Ἐλλήνων
3065 5047 3221 5112 θεοὺς
3254 5051 3466 5118 γέλωτα
3512 5061 3655 5126 σαφῆ
3687 5057 3782 5109 καὶ

2204 5130 2418 5197 ἀπάτην
2446 5132 2847 5189 ἀποκαλοῦντα.
2893 5136 3104 5204 Ὅμως,
3128 5141 3176 5191 εί
3194 5141 3255 5193 τὸ
3279 5140 3559 5210 βιάζεσθαι
3586 5147 3615 5199 λ
3641 5150 3779 5212 π.’.ν,

2206 5222 2384 5273 πειθοί
2432 5222 2634 5290 μᾶλλον
2666 5224 2846 5292 βούλει
2891 5228 2982 5279 καὶ
3013 5230 3193 5298 κρίσει
3242 5234 3334 5285 τοῦ
3373 5236 3538 5302 ὑγιῶς
3570 5238 3784 5307 ἔχοντος

2203 5312 2464 5377 δικάζειν,
2496 5314 2622 5382 λέγε
2667 5319 2759 5383 μοὶ
2806 5318 2907 5387 ἤδη
2956 5319 3059 5372 τίνι
3095 5321 3189 5377 καὶ
3221 5324 3369 5388 ὅπως
3403 5344 3469 5396 με
3508 5328 3656 5381 Θύειν
3688 5347 3779 5382 ac:-

2204 5400 2415 5470 λεύεις;
2461 5404 2603 5473 Ἐγὼ
2635 5406 2714 5471 δὲ,
2745 5408 2793 5461 εἰ
2831 5410 2904 5480 μή
2940 5428 2991 5463 τι
3023 5415 3114 5464 καὶ
3145 5404 3307 5476 αὑτὸς
3354 5418 3660 5487 ἀντιλέγειν
3696 5422 3785 5473 δυ-

2205 5500 2463 5566 νήσομαι,
2525 5500 2896 5571 πεισθήσομαι
2949 5504 3185 5570 πάντως,
3216 5509 3311 5560 καὶ
3342 5510 3402 5561 ού
3439 5511 3671 5580 ματαίαν
3698 5515 3785 5565 ἕθ-

2209 5610 2399 5647 στασιν
2432 5588 2753 5667 πράγμασιν
2788 5600 3033 5670 ίσχυροῐς
3055 5605 3353 5674 ἀντιθήσω.

2279 5685 2373 5739 ΙΒ’,
2418 5686 2736 5740 Ὑπολαϐὼν
2763 5692 2940 5743 τείνων
2972 5695 3175 5759 εὐθέως
3206 5700 3232 5747 ὁ
3268 5698 3546 5762 Σιλϐανὸς.
3586 5699 3787 5753 Ἀπίω-

2210 5796 2328 5847 μῖ“¹›
2369 5779 2491 5850 ἕὲην
2541 5784 2672 5853 πῶς
2709 5785 2799 5839 τὶν
2842 5786 2989 5856 ναὸν,
3028 5793 3114 5844 καὶ
3166 5792 3462 5862 τηνικαῦτα
3573 5794 3786 5861 μέλλεις
