4102 6376
308 317 411 377 521

1187 311 1660 375 MAR'l‘YRlUM
1695 311 1758 371 S.
1801 308 2084 404 THIRSI
2133 307 2224 366 ET
2267 306 2681 366 SOCIORUM.

3466 301 3569 342 τοῦ

3464 345 3570 364 ναι-ι

301 434 483 495 θύειν,
521 437 756 504 φανερός
793 451 876 487 σοι
919 432 1235 501 γενήσεται.
1289 430 1666 500 Ἀφικομένων
1707 426 1886 481 τοίνυν

2006 425 2078 479 :ui
2133 424 2209 478 sis
2251 422 2689 478 sacriﬁcaturus.
2769 419 2908 476 Cum
2963 421 3017 474 in
3072 420 3386 489 proximum
3443 441 3574 496 ergo

298 527 490 581 αὐτῶν
517 528 599 590 είς
627 528 720 580 τὸν
750 525 978 596 πλησίον
1012 525 1160 585 ναὸν,
1189 524 1247 588 ὃς
1276 525 1450 593 δήπου
1481 525 1576 575 καὶ
1616 521 1896 575 Ἀπόλλω·

294 635 394 680 νος
423 616 512 688 ἦν,
537 619 565 669 6
599 619 799 687 κόμης,
838 612 1028 680 Οὗτος,
1047 616 1151 686 ἐφη
1172 615 1353 680 δείξας
1376 615 1437 667 τὸ
1463 613 1705 680 ἄγαλμα,
1736 606 1892 675 οὗτος

296 711 364 763 ὃν
396 729 440 762 τ·
453 710 649 779 μῶμεν
681 709 815 772 Θεός
841 724 856 740 ·
899 708 1088 762 τοῦτον
1120 707 1502 777 ίλεωσάμενος,
1559 705 1760 772 Θύρσε,
1797 704 1892 756 καὶ

300 802 502 854 ουσίαν
534 799 948 871 προσενεγκὼν,
985 797 1226 868 φρουρόν
1258 814 1318 850 τε
1347 797 1564 866 ἀσφαλῆ
1595 795 1760 859 ἔξεις,
1798 795 1891 846 καὶ

295 893 402 961 ’τὴν
453 892 562 944 τῶν
613 892 792 945 ἄλλων
835 891 975 945 θεῶν
1020 888 1307 960 κερδήσεις
1345 888 1656 958 εὐμένειαν.
1710 888 1819 940 Καὶ
1865 887 1892 936 6

298 985 541 1053 μάρτυς,
576 984 743 1054 Ὅρα,
794 983 950 1054 φησὶ,
996 983 1121 1036 τίνα
1163 999 1221 1034 τε
1259 980 1519 1052 προσάξω
1545 979 1758 1042 θυσίαν,
1797 978 1893 1032 καὶ

299 1072 458 1135 ὅπως
488 1072 654 1124 αὑτὸν
689 1072 1009 1143 ίλεὼσομαι.
1035 1073 1145 1126 Καὶ
1162 1071 1543 1143 προσσχόντων
1575 1069 1722 1139 αὐτῷ
1755 1072 1890 1122 πάν-

303 1180 440 1225 των,
472 1167 553 1228 εἰς
582 1165 814 1235 οὐρανὸν
845 1166 1054 1229 ἐκεῖνος
1083 1168 1271 1236 χεῖρας
1302 1165 1419 1234 ἃμα
1455 1165 1548 1218 καὶ
1579 1160 1891 1231 ὀφθαλμοὺς

306 1257 587 1327 ἀνασχὼν,
621 1258 719 1328 τὴν
746 1259 956 1324 ἄφατον
987 1258 1082 1311 τοῦ
1112 1258 1248 1311 Θεοῦ
1291 1257 1522 1325 δύναμιν
1554 1254 1888 1308 ἐκκαλεῖται.

306 1349 416 1401 Καὶ
453 1349 683 1420 βροντῆς
714 1350 913 1421 ἀθρόον
936 1349 1404 1421 καταρραγείσης,
1430 1349 1458 1399 6
1487 1346 1581 1399 τοῦ
1618 1345 1672 1400 Ἀ
1686 1346 1891 1396 πόλλω-

302 1456 395 1502 νος
421 1441 646 1511 ἀνδριὰς
667 1442 749 1504 είς
771 1443 876 1513 γῆν
901 1459 961 1495 τε
985 1435 1244 1495 πέπτωκε
1276 1442 1370 1493 καὶ
1399 1441 1478 1502 είς
1506 1440 1654 1492 κόνιν
1679 1437 1886 1490 ἐλύετο.

319 1531 712 1601 Ἐπιστραφεὶς
744 1535 924 1587 τοίνυν
963 1533 1100 1604 πρὸς
1127 1533 1255 1595 τοὺς
1290 1530 1663 1601 περιεστῶτας
1689 1531 1717 1580 6
1751 1530 1888 1598 μάρ-

304 1641 423 1689 τυς,
464 1622 684 1694 Ὁρᾶτε,
731 1620 910 1686 εἶπεν,
963 1626 1047 1678 ὅτι
1102 1623 1402 1693 πλάσματα
1459 1622 1620 1692 μόνον
1673 1623 1722 1674 oi
1764 1621 1885 1691 παρ’

307 1717 438 1786 ὑμῖν
469 1715 604 1781 θεοὶ,
637 1717 774 1788 μηδὲ
803 1717 970 1787 ψιλήν
1001 1734 1122 1770 τινα
1157 1717 1252 1770 τοῦ
1288 1715 1545 1786 ἀληθινοῦ
1584 1716 1720 1768 Θεοῦ
1750 1715 1886 1768 ὕπο-

2000 513 2264 583 templum
2293 513 2541 575 ivissent,
2571 510 2718 580 quod
2747 520 2867 566 erat
2926 511 3220 580 Apollinis,
3264 515 3353 569 hic
3393 529 3578 571 comes

1996 605 2151 665 dixit,
2205 603 2500 658 ostendens
2546 603 3008 672 imaginemzllie
3062 615 3147 659 est
3199 605 3356 671 deus,
3407 623 3573 676 quem

1997 694 2228 749 colimus
2259 710 2273 746 :
2306 709 2431 747 cum
2479 709 2603 747 eum
2631 695 2956 763 placaveris,
2987 710 3020 748 ο
3049 694 3283 766 Thyrsc,
3311 707 3368 751 et
3410 698 3574 752 obtu-

1996 785 2127 840 leris
2147 784 2501 848 sacriﬁcium,
2520 785 2760 838 validum
2785 785 3017 840 habebis
3045 788 3329 842 custode
3378 799 3431 843 ct
3465 790 3572 844 ali-

1997 890 2156 929 orum
2192 876 2422 929 deorum
2475 876 2698 945 parabis
2753 876 2854 930 tibi
2906 876 3370 932 benevolentiam.
3425 881 3568 934 Mar-

1994 976 2082 1039 tyr
2101 977 2288 1022 autem
2320 985 2334 1023 :
2361 968 2521 1030 Vide,
2549 965 2771 1038 'inquit,
2822 969 3102 1040 quodnam
3137 969 3367 1024 offeram
3402 973 3576 1027 sacri-

1999 1061 2205 1126 ﬁcium,
2235 1071 2292 1115 et
2321 1061 2784 1132 quemadmodum
2825 1077 2952 1117 eum
3003 1064 3256 1132 placabo.
3288 1063 3423 1118 Cum
3457 1079 3580 1118 om-

1994 1168 2090 1211 nes
2121 1168 2254 1208 vero
2303 1155 2358 1208 in
2381 1169 2506 1209 eum
2542 1155 2785 1208 animum
2832 1155 3222 1220 attendissent,
3256 1155 3348 1209 ille
3377 1171 3576 1210 manus

1992 1245 2156 1299 simul
2187 1255 2243 1300 et
2272 1247 2466 1300 oculos
2493 1246 2548 1300 in
2593 1246 2794 1301 coelum
2829 1246 3027 1300 tollens
3057 1245 3153 1300 Dei
3181 1246 3440 1300 virtutem
3487 1247 3581 1301 iu-

1993 1349 2158 1392 vocat
2194 1337 2520 1392 ineffabilem
2556 1357 2570 1394 :
2603 1348 2659 1393 et
2691 1353 2816 1393 cum
2863 1339 3072 1394 tonitru
3101 1349 3329 1409 repente
3359 1340 3578 1410 erupis-

1991 1438 2096 1491 set,
2132 1429 2186 1483 in
2221 1439 2424 1483 terram
2463 1427 2671 1483 cecidit
2695 1435 2876 1482 statua
2913 1428 3206 1499 Apollinis,
3244 1438 3299 1483 et
3329 1430 3574 1482 restiluta

1990 1520 2102 1574 fuit
2146 1520 2202 1574 iu
2235 1520 2504 1575 cinerem.
2552 1519 2868 1575 Conversus
2914 1535 3048 1590 ergo
3097 1530 3305 1592 martyr
3359 1521 3425 1574 ad
3478 1536 3573 1575 eos

1989 1611 2082 1681 qui
2112 1611 2593 1666 circumsistebant
2622 1629 2636 1666 :
2663 1611 2879 1674 Videte,
2910 1612 3108 1678 inquit,
3135 1612 3281 1682 quod
3321 1612 3414 1681 qui
3445 1623 3578 1666 sunt

1989 1699 2138 1770 apud
2188 1715 2288 1755 vos
2330 1701 2429 1766 dii,
2476 1709 2609 1755 sunt
2641 1703 2817 1755 solum
2859 1701 3135 1772 ﬁgmenta,
3184 1703 3277 1771 qui
3318 1717 3422 1757 nec
3459 1701 3578 1756 veri

308 1812 497 1874 μεῖναι
524 1809 721 1880 κλῆσιν
751 1809 1083 1878 δυνάμενοι;
1129 1811 1271 1878 Πρὸς
1314 1807 1487 1860 ταῦτα
1524 1806 1701 1876 Θυμοῦ
1732 1806 1894 1858 πνεύ-

2006 1791 2096 1846 Dei
2138 1801 2371 1860 possunt
2399 1793 2485 1847 vel
2516 1794 2689 1847 solam
2725 1794 3001 1848 sustinere
3033 1794 3461 1850 invocationem.
3492 1793 3575 1848 Ad

309 1915 407 1962 σας
438 1902 466 1952 6
494 1900 777 1966 Σιλϐανὸς,
815 1899 956 1967 Ἐγὼ
989 1918 1082 1954 σου
1110 1901 1209 1963 τὰς
1239 1897 1512 1969 γοητείας,
1545 1897 1672 1968 ἔφη,
1711 1897 1894 1951 τέλεον

309 1990 578 2058 ἐκτρίψας
625 1990 841 2060 ἀφανιῶ
889 1991 984 2043 καὶ
1033 1991 1214 2057 δείξω,
1263 1991 1316 2042 τί
1363 2007 1446 2043 σοι
1491 1989 1550 2042 τδ
1587 1989 1683 2042 ἀπ’
1714 1989 1896 2041 αὐτῶν

305 2076 522 2145 ὄφελος.
579 2078 688 2130 Καὶ
738 2075 939 2130 αὐτίκα
989 2078 1068 2138 εἰς
1111 2091 1165 2128 τι
1214 2075 1515 2147 μηχάνημα
1562 2073 1816 2144 σιδηροῦν
1867 2075 1896 2126 6

312 2170 530 2239 μάρτυς
575 2168 854 2240 ἐϐέϐλητο,
889 2170 982 2222 καὶ
1015 2169 1226 2238 σιδηροῖ
1257 2170 1449 2220 τοῦτον
1488 2166 1753 2230 διέξαινον
1781 2167 1901 2221 ὄνυ-

311 2277 427 2329 χες,
452 2261 549 2313 καὶ
596 2257 708 2324 ῐνες
740 2261 840 2331 μὲν
883 2261 977 2314 τοῦ
1009 2260 1261 2332 σώματος
1301 2259 1651 2323 ἀπεσπῶντο,
1680 2259 1735 2311 αί
1768 2259 1901 2329 σάρ-

315 2368 409 2414 κες
440 2351 497 2404 δὲ
520 2353 600 2414 είς
636 2353 742 2422 γῆν
794 2354 1039 2422 συνεχεῖς
1069 2351 1370 2421 κατέρρεον
1395 2366 1409 2381 ο
1457 2348 1552 2401 τοῦ
1585 2348 1643 2402 δὲ
1666 2348 1729 2401 τδ
1763 2349 1900 2418 πρό-

317 2445 491 2513 (υμον
512 2444 618 2496 αύκ
653 2444 896 2510 ἐξέλυον,
928 2444 1066 2496 ἀλλὰ
1102 2444 1192 2498 καὶ
1223 2444 1384 2495 πλέον
1419 2441 1586 2494 αὐτοῦ
1615 2442 1708 2494 τὸν
1736 2441 1900 2512 ζῆλον

315 2536 412 2588 καὶ
433 2535 498 2588 τδ
528 2533 736 2607 θερμὸν
769 2535 1118 2608 άνηρέθιζον.
1156 2529 1160 2533 ’

392 2778 492 2834 ΙΓ’.
555 2779 713 2835 Ἐπεὶ
757 2778 814 2835 δέ
869 2779 1058 2835 λοιπὸν
1108 2781 1382 2836 ἐκλείπειν
1427 2783 1613 2854 ἐῴκει,
1655 2784 1748 2838 καὶ
1779 2784 1902 2839 οὐδὲ

329 2873 530 2942 μικρὸν
581 2872 970 2942 ὑπολελεῖφθαι
1032 2875 1184 2946 αύτῷ
1224 2876 1324 2944 τῆς
1376 2877 1521 2945 ζωῆς
1576 2876 1900 2944 ἐνομίζετο,

325 2965 536 3017 ἀνίεται
569 2965 667 3034 μὲν
711 2965 822 3018 τῶν
855 2965 1136 3036 βασάνων,
1174 2969 1674 3038 παραστησάμενος
1706 2967 1764 3020 δὲ
1805 2967 1904 3019 αύ-

327 3058 415 3108 τδν
440 3060 469 3110 6
491 3057 692 3127 κόμης,
717 3058 928 3124 Βούλει,
966 3060 1122 3129 φησὶ,
1156 3061 1246 3112 καὶ
1269 3055 1426 3121 αὖθις
1452 3062 1573 3122 ταῖς
1609 3059 1905 3130 προτέραις

325 3150 564 3220 ἐπῳδαῖς
619 3167 715 3202 σου
767 3153 861 3205 καὶ
912 3154 1190 3222 γοητείαις
1236 3153 1547 3223 χρήσασθαι
1601 3153 1745 3206 κατὰ
1793 3153 1902 3206 τῶν

323 3243 484 3302 θεῶν,
532 3242 618 3295 ῐνα
645 3259 731 3295 σοι
761 3241 860 3296 καὶ
889 3243 1172 3313 δευτέραις
1205 3243 1370 3298 πάλιν
1399 3248 1558 3314 ἡμεῖς
1590 3247 1714 3309 ταῖς
1743 3247 1904 3316 ἀμοι-

328 3336 452 3396 ϐαῖς
484 3335 1002 3406 ἀντιχαρισώμεθας
1039 3336 1234 3388 Καίτοι
1268 3336 1329 3388 τὸ
1371 3340 1530 3406 σῶμα
1565 3339 1684 3392 ὅλον
1720 3340 1781 3391 τὸ
1811 3341 1902 3392 σὺν

329 3426 607 3480 ἀνάλωται
643 3430 760 3490 ταῖς
791 3429 1049 3497 βασάνοις
1075 3445 1089 3459 ο
1143 3429 1343 3498 μικροῦ
1367 3429 1422 3481 δέ
1461 3446 1519 3482 σε
1555 3431 1650 3483 καὶ
1679 3432 1712 3501 ἡ
1756 3430 1904 3501 ψυχὴ

329 3517 653 3571 καταλείπει
675 3531 693 3552 ⁸
725 3520 890 3582 αύτδς
917 3519 995 3581 δέ,
1029 3519 1089 3572 ὃν
1115 3521 1251 3592 σέϐῃ
1286 3520 1378 3573 καὶ
1412 3521 1606 3591 βοηθὸν
1643 3520 1780 3574 εἷναί
1809 3541 1903 3576 σου

330 3609 414 3674 λέγ
429 3625 534 3675 εις,
561 3609 692 3672 Θεδς
721 3609 827 3664 ποῦ
853 3627 868 3678 ;
917 3609 1081 3664 Ἀλλὰ
1136 3612 1299 3681 μέχρι
1334 3612 1478 3676 τίνος
1505 3614 1778 3682 ἐπιμένω)
1807 3615 1904 3685 ἔσῃ

329 3705 442 3764 τοῖς
475 3701 758 3772 ἀνονήτοις
796 3704 972 3755 καὶτὸ
1007 3705 1284 3774 συμφέρον
1323 3703 1430 3773 πρὸ
1474 3704 1583 3756 τῶν
1611 3704 1906 3774 ὀφθαλμῶν

332 3811 415 3845 σοι
452 3794 708 3863 κείμενον
735 3793 794 3845 οὐ
843 3794 1054 3864 θεάσῃς
1090 3796 1202 3848 Καὶ
1239 3797 1267 3848 6
1301 3796 1538 3867 μάρτυς,
1574 3796 1640 3848 Τί
1669 3795 1782 3861 δαὶ,
1807 3796 1907 3848 οὐκ

331 3885 586 3952 αἰσθάνῃ,
619 3887 777 3953 φησὶ,
801 3885 901 3953 τῆς
944 3888 1001 3937 ἐν
1033 3885 1156 3954 ἐμοὶ
1199 3885 1294 3938 τοῦ
1326 3886 1563 3956 Χριστοῦ
1590 3887 1898 3957 δυνάμεως,

336 3976 704 4045 ἐπιδηλότατά
759 3992 850 4045 μοι
884 3980 1299 4045 παρισταμένης
1332 3977 1427 4028 καὶ
1458 3979 1594 4046 πρὸς
1615 3981 1910 4046 ἐπαγωγὰς

332 4071 590 4130 τοιαύτας
648 4069 1034 4138 ἐνισχυούσηςς
1086 4069 1208 4130 Πῶς
1256 4073 1364 4137 γάρ
1413 4069 1478 4122 ἂν
1529 4070 1730 4136 γεῶδες
1770 4069 1914 4121 οὕτω

336 4162 496 4229 σῶμα
528 4160 621 4212 καὶ
659 4159 884 4221 ἀσθενὲς
917 4157 1098 4213 ἱκανὸν
1128 4153 1196 4229 ἦν
1227 4158 1576 4229 τηλικαύταις
1604 4160 1912 4212 ἀντιπεσεῐν

333 4250 688 4321 χαλεπότησι,
729 4249 806 4320 μὴ
832 4250 931 4318 τῆς
957 4249 1161 4303 ἄνωθεν
1191 4248 1339 4318 αύτῷ
1372 4251 1541 4318 ῥοπῆς
1591 4246 1913 4317 ἐπιϐοηθούο

335 4358 476 4412 σηςς
516 4341 604 4403 Ὠς
653 4337 748 4394 οὖν
775 4340 1017 4411 ἀκριϐῶς
1066 4341 1220 4402 εἰδὼς
1269 4341 1350 4393 ὅτι
1399 4357 1488 4408 μοι
1526 4341 1855 4408 άμετάθετος
1879 4341 1913 4409 η

335 4433 614 4505 ὁμολογία,
661 4434 756 4486 καὶ
795 4432 866 4484 τὰ
901 4433 999 4502 τῆς
1038 4432 1260 4501 γνώμης
1286 4433 1388 4484 οὐκ
1424 4432 1510 4494 ἂν,
1543 4431 1593 4482 εί
1621 4449 1668 4482 τι
1698 4435 1792 4483 καὶ
1819 4431 1913 4496 γέ-

337 4543 501 4591 νοιτο,
540 4524 856 4594 μεταϐάλοι,
899 4525 959 4576 τὸ
995 4523 1136 4577 κατὰ
1176 4523 1301 4577 νοῦν
1355 4524 1514 4584 ποίει,
1558 4523 1652 4574 καὶ
1687 4521 1912 4592 μηδενὸς

339 4621 579 4688 ἁπόσχου
622 4615 731 4670 τῶν
760 4617 1111 4688 δεδογμένων.
1145 4617 1278 4669 Τότε
1327 4617 1528 4685 λέϐητα
1561 4614 1781 4684 μεγέθει
1815 4615 1913 4683 μέν

339 4727 525 4778 γιστον
567 4711 986 4780 διακομισθῆναι
1012 4709 1273 4772 κελεύσας
1305 4712 1331 4762 ὁ
1370 4708 1644 4773 Σιλϐανὸς,
1676 4709 1767 4760 καὶ
1794 4706 1916 4758 τοῦ·

341 4819 434 4856 τον
493 4803 593 4872 μὲν
648 4804 837 4866 ὕδατος
895 4803 1189 4874 πληρώσας
1242 4803 1336 4855 καὶ
1398 4801 1633 4870 ἰσχυρῶς
1684 4797 1914 4862 κρύσας,

277 4936 283 4942 .
341 4896 581 4966 σχοινίον
607 4896 664 4948 δέ
691 4899 799 4948 τῶν
829 4895 924 4950 τοῦ
953 4897 1164 4967 Θύρσου
1212 4896 1386 4948 ποδῶν
1415 4895 1672 4962 ἐκδήσας,
1731 4893 1920 4962 mitiq-

344 5007 430 5042 σιν
469 4991 636 5042 αὑτὸν
685 4993 826 5042 κατὰ
860 4990 1124 5058 κεφαλήν.
1167 4991 1225 5042 Ὀ
1250 4991 1318 5054 δ’,
1348 4990 1404 5040 ἐν
1433 4987 1660 5058 τοιούτῳ
1692 4986 1919 5056 κινδύνῳ

341 5080 592 5150 ληφθεὶς,
627 5081 726 5133 οὐκ
766 5081 960 5150 ἠπόρει
1004 5080 1100 5133 τοῦ
1153 5080 1532 5151 βοηθήσοντος.
1577 5081 1715 5133 Ἀλλ’
1751 5083 1779 5133 ὁ
1817 5081 1918 5147 μὲν

343 5173 528 5224 ἐκάλει
557 5173 816 5242 Χριστὸν,
850 5175 991 5241 ὑπὲρ
1029 5173 1092 5225 οὒ
1120 5172 1289 5224 ταῦτα
1328 5175 1420 5224 καὶ
1450 5175 1679 5242 πάσχειν
1708 5172 1882 5225 εἵλετο
1905 5187 1918 5200 °

344 5269 370 5317 6
396 5265 565 5333 λέϐης
595 5265 654 5318 δὲ
699 5264 897 5317 αὐτίκα
933 5265 1259 5334 ἐρρήγνυτο,
1296 5269 1388 5318 καὶ
1437 5267 1494 5318 τὸ
1546 5267 1690 5335 ὕδωρ
1721 5269 1918 5334 ἐχεῖτο,

345 5359 440 5410 καὶ
493 5355 734 5420 ἀϐλαϐὴς
783 5358 812 5409 6
861 5357 1075 5427 μάρτυς
1125 5355 1376 5418 ἐσώζετο.
1428 5358 1485 5409 '0
1531 5358 1788 5427 δικαστὴς
1829 5356 1923 5413 οὖν

347 5451 491 5503 οὕτω
540 5451 790 5520 φανερῶς
821 5451 925 5502 ὑπὸ
953 5452 1065 5513 τοῖς
1092 5451 1344 5504 ἁπάντων
1373 5451 1670 5521 ὀφθαλμοῖς
1700 5455 1920 5523 αίσχυνο

349 5542 480 5602 θεὶς.
511 5541 909 5610 σοϐαρωτέροις
937 5541 1096 5611 δῆθεν
1118 5541 1215 5610 τὴν
1241 5541 1500 5609 αἰσχύνην
1523 5544 1924 5612 περιεκάλυπτε

352 5633 584 5698 mm“
616 5630 776 5682 κατὰ
803 5631 1001 5683 σαυτοῦ
1031 5631 1315 5698 κέχρησαι»
1353 5629 1545 5695 λέγων.
1577 5631 1778 5698 θύρσε,
1807 5634 1926 5694 ταῖς

351 5723 649 5786 γοητείαις.
691 5725 840 5792 Ὃσῳ
877 5721 986 5790 γὰρ
1018 5721 1085 5772 ἂν
1127 5720 1543 5789 ἀντιτεχνᾶσθαι
1597 5722 1922 5790 σπουδάζῃς,

680 5841 948 5898 Parnm”
986 5840 1100 5897 litt.
1137 5839 1237 5896 CX
1254 5840 1322 5898 VI
1339 5885 1351 5900 .

1999 1883 2114 1937 lia'c
2141 1883 2220 1937 ira
2255 1883 2628 1939 inﬂammatus
2654 1886 2926 1956 Sylvanus
2959 1903 2973 1940 ι
3013 1886 3127 1955 Ego
3179 1894 3322 1951 tuas,
3373 1886 3575 1956 inquit,

1997 1975 2299 2044 prarstigias
2318 1977 2544 2029 omnino
2576 1987 2857 2030 conteram
2885 1985 2940 2031 et
2961 1977 3178 2040 delebo,
3211 1987 3267 2032 et
3291 1978 3580 2033 ostendam

1997 2080 2248 2131 quatiam
2280 2067 2618 2136 percipiatur
2647 2083 2714 2121 ex
2747 2068 2830 2123 eis
2868 2069 3103 2124 utilitas.
3153 2069 3430 2124 Continuo
3484 2085 3583 2124 au-

2000 2164 2109 2208 tem
2138 2156 2371 2226 injectus
2413 2167 2498 2212 est
2539 2167 2748 2229 martyr
2791 2159 2847 2213 in
2875 2158 3110 2214 ferream
3142 2161 3433 2230 quamdam
3460 2177 3579 2216 ma-

1997 2249 2240 2304 chinam.
2282 2259 2337 2305 et
2390 2265 2516 2305 eum
2565 2251 2700 2307 ferri
2752 2252 3140 2324 discerpebant
3196 2256 3464 2326 pectines,
3521 2266 3579 2312 et

1995 2340 2380 2395 avellebantur
2404 2341 2628 2411 quidem
2698 2343 2851 2398 ﬁbrae
2879 2346 3154 2416 corporis,
3208 2361 3407 2402 carnes
3443 2362 3578 2404 vero

1998 2433 2276 2487 continua:
2303 2434 2624 2489 deﬂuebant
2655 2434 2711 2489 in
2745 2443 2944 2490 terram
2987 2455 3000 2490 :
3030 2449 3344 2508 promptum
3397 2449 3580 2494 autem

1999 2534 2056 2578 et
2101 2525 2282 2580 alacre
2323 2527 2442 2596 ejus
2496 2526 2665 2580 animi
2720 2527 2965 2582 studium
3017 2543 3129 2582 non
3185 2529 3580 2596 dissolvebant,

1999 2615 2096 2670 sed
2121 2615 2242 2685 ejus
2267 2617 2443 2670 zelum
2475 2625 2526 2671 et
2556 2615 2810 2670 ardorem
2841 2617 3010 2686 magis
3047 2617 3367 2673 irrritabant

2074 2778 2215 2834 Xlll.
2246 2779 2514 2846 Quon’am
2548 2790 2729 2836 autem
2767 2784 2913 2836 visus
2939 2790 3062 2835 crat
3105 2779 3363 2844 deﬁcere,
3413 2790 3471 2836 et
3509 2796 3578 2836 ne

2003 2872 2287 2925 minimum
2315 2873 2539 2941 quidem
2569 2873 2692 2927 vita:
2719 2872 2769 2927 ei
2805 2873 3101 2926 videbatur
3133 2887 3255 2926 esse
3280 2871 3577 2940 reliquum,

2004 2965 2278 3020 relaxatur
2327 2965 2550 3035 quidem
2587 2981 2618 3020 e
2651 2965 2940 3019 tormentis
2981 2981 2996 3017 :
3045 2979 3171 3018 cum
3222 2978 3347 3018 emn
3395 2974 3582 3022 autem

2007 3057 2310 3112 sistendum
2346 3066 2595 3112 curasset
2629 3071 2852 3111 cernes:
2882 3057 2996 3120 Vis,
3035 3057 3231 3126 inquit,
3267 3072 3460 3112 rursus
3503 3063 3580 3111 uti

2007 3149 2280 3218 prioribus
2308 3151 2417 3205 tuis
2465 3150 2935 3204 incantationibus
2965 3159 3024 3204 et
3058 3149 3340 3205 maleﬁciis
3387 3160 3581 3206 contra

2004 3242 2157 3304 deos,
2200 3253 2258 3296 ut
2318 3243 2415 3297 tibi
2447 3257 2666 3312 quoque
2711 3257 2902 3297 rursus
2953 3243 3252 3312 largiamur
3311 3243 3582 3298 secundas

2005 3335 2524 3390 remunerationcs?
2575 3335 2743 3406 Atqui
2804 3344 2978 3390 totum
3029 3347 3183 3390 tuum
3219 3350 3421 3407 corpus
3467 3347 3582 3391 tor-

2005 3427 2204 3482 mentis
2254 3436 2338 3482 est
2379 3436 2765 3499 consumptum
2797 3445 2812 3482 :
2845 3428 3241 3499 propemodum
3302 3443 3434 3484 vero
3478 3429 3577 3483 tibi

2006 3536 2226 3590 quoque
2255 3521 2441 3576 deﬁcit
2472 3523 2676 3575 anima.
2724 3523 2844 3591 ipse
2889 3531 3094 3585 autem,
3139 3535 3302 3591 quem
3335 3521 3492 3587 colis,
3525 3530 3583 3574 et

2006 3629 2171 3683 quem
2217 3625 2368 3669 tuum
2418 3615 2558 3669 dicis
2595 3616 2901 3683 adiutorem
2954 3628 3078 3669 esse
3105 3615 3300 3678 Deum,
3333 3614 3425 3668 ubi
3454 3614 3585 3668 est?

2009 3708 2117 3763 Sed
2150 3710 2392 3777 quandiu
2422 3709 2797 3777 perseverabis
2832 3710 2884 3763 in
2923 3709 2990 3762 iis
3019 3723 3141 3776 qua:
3173 3717 3302 3762 sunt
3345 3708 3582 3771 inutilia,

2007 3809 2065 3854 et
2120 3815 2228 3854 non
2284 3799 2498 3854 videbis
2547 3801 2699 3865 utile,
2749 3801 2892 3868 quod
2948 3809 3032 3854 est
3066 3798 3402 3868 propositum
3441 3791 3586 3855 ante

2011 3885 2247 3940 oculos?
2289 3886 2488 3955 Martyr
2546 3902 2719 3940 vero:
2754 3885 2892 3952 Quid
2949 3904 3056 3939 non
3121 3889 3312 3951 scutis,
3364 3888 3581 3956 inquit,

2011 3975 2241 4036 Christi,
2287 3991 2408 4042 quae
2443 3988 2528 4031 est
2567 3994 2616 4030 in
2660 3993 2768 4040 me,
2799 3979 3082 4039 virtutem,
3117 3994 3238 4046 quae
3269 3980 3401 4032 mihi
3433 3981 3588 4034 adest

2014 4066 2480 4132 manifestissime,
2516 4079 2572 4123 et
2607 4084 2690 4121 me
2722 4068 2988 4122 adversus
3033 4070 3134 4122 hos
3186 4070 3422 4124 insultus
3454 4087 3589 4124 eun-

2018 4156 2246 4210 ﬁrmat?
2279 4157 2567 4221 Quomodo
2611 4160 2758 4214 enim
2791 4173 2991 4227 corpus
3027 4168 3307 4214 terrenum
3355 4171 3411 4216 et
3449 4163 3588 4216 adeo

2019 4248 2371 4310 imbecillum,
2443 4256 2628 4318 posset
2680 4249 2880 4304 talibus
2953 4251 3208 4305 resistere
3277 4255 3587 4312 tormentis.

2018 4347 2064 4396 si
2130 4358 2238 4395 non
2295 4342 2344 4394 ei
2406 4357 2642 4410 superne
2690 4342 2938 4396 divinum
2994 4344 3218 4398 daretur
3279 4347 3590 4402 auxilium?

1947 4450 1990 4506 υ
2018 4432 2088 4486 Ut
2137 4432 2230 4500 qui
2279 4446 2408 4500 ergo
2454 4441 2602 4486 certe
2649 4433 2789 4486 scias
2836 4447 2956 4487 esse
3007 4432 3400 4490 immutabilem
3455 4438 3586 4493 mihi

2019 4524 2449 4588 confessionem,
2483 4535 2540 4580 et
2575 4525 2723 4578 nulla
2776 4526 2990 4580 ratione
3042 4543 3224 4581 meum
3264 4544 3421 4597 posse
3471 4534 3592 4585 aui-

2022 4632 2171 4670 mum
2211 4617 2476 4677 converti.
2533 4617 2619 4672 iac
2669 4618 2815 4687 quod
2869 4620 2964 4672 tibi
3021 4621 3198 4673 visqu
3237 4623 3423 4685 luerit,
3475 4632 3530 4678 et
3563 4641 3594 4679 a

2023 4710 2173 4763 nullo
2203 4709 2415 4762 abstine
2441 4724 2632 4762 eorum
2683 4726 2803 4776 qua:
2831 4713 3106 4766 statueris.
3140 4712 3296 4768 Tunc
3332 4729 3454 4768 cum
3479 4717 3602 4785 jus-

2022 4801 2184 4856 sisset
2217 4800 2482 4871 Sylvanus
2523 4802 2816 4854 maximum
2847 4802 3029 4855 all'erri
3068 4804 3321 4867 lebetem,
3363 4816 3414 4860 et
3467 4822 3594 4859 cum

2023 4894 2245 4962 quidem
2294 4909 2433 4962 aqua
2487 4895 2842 4962 implevisset,
2885 4904 2936 4948 et
2985 4897 3342 4951 vehementer
3395 4897 3595 4952 bullire

2020 4983 2261 5047 fecisset,
2290 5001 2319 5037 e
2348 4985 2543 5055 Tliyrsi
2568 4996 2751 5040 autem
2787 4986 3020 5053 pedibus
3064 4986 3249 5041 funem
3300 4988 3596 5057 alligassct,

2025 5093 2152 5130 eum
2207 5077 2427 5130 demisit
2477 5080 2676 5145 capite.
2727 5077 2822 5130 llle
2875 5094 3006 5132 \ero
3064 5096 3130 5133 ne
3165 5080 3218 5132 iu
3246 5081 3335 5134 tali
3372 5085 3594 5146 quidem

2027 5168 2274 5237 periculo
2313 5167 2666 5232 constitutus,
2701 5169 2847 5235 eguit
2878 5170 3186 5224 defensore.
3222 5171 3328 5225 Sed
3359 5172 3447 5224 illc
3473 5179 3597 5239 qui-

2028 5261 2151 5313 dem
2183 5260 2460 5314 Cbristum
2493 5259 2803 5327 invocabat,
2836 5276 2933 5329 pro
2967 5276 3077 5329 quo
3116 5261 3232 5316 haec
3267 5263 3372 5330 pati
3413 5262 3599 5332 elege-

2031 5362 2150 5411 rat;
2183 5352 2334 5404 lebes
2383 5360 2563 5405 autem
2605 5351 2858 5420 protinus
2887 5363 2972 5404 est
3000 5355 3304 5420 disruptus,
3355 5364 3413 5406 et
3457 5368 3599 5424 aqua

2025 5453 2108 5499 est
2139 5444 2334 5508 eﬁ‘usa,
2364 5453 2418 5497 et
2444 5443 2644 5497 illucsus
2673 5433 3029 5497 conservattis
3061 5444 3164 5498 fuit
3209 5456 3433 5515 martyr.
3468 5448 3601 5500 Por-

2027 5555 2086 5591 ro
2142 5548 2324 5589 autem
2362 5536 2529 5606 jutlex
2583 5548 2688 5590 tam
2736 5547 2924 5605 aperte
2979 5536 3295 5591 videntibus
3344 5538 3602 5592 omnibus

2028 5631 2237 5700 pudore
2281 5633 2532 5694 allectus,
2589 5631 3060 5700 arrogantioribus
3101 5634 3291 5704 utique
3321 5641 3376 5687 ct
3405 5647 3602 5703 super-

2025 5723 2274 5778 bioribns
2305 5725 2486 5778 verbis
2522 5724 2736 5795 tegebat
2785 5724 3023 5780 dedecus
3054 5744 3068 5780 :
3103 5726 3160 5780 lu
3208 5726 3466 5798 teipsum,
3513 5727 3601 5782 di-

3109 5843 3168 5902 17
