4102 6376
450 284 554 345 523

1686 272 1974 337 MENSIS
2012 274 2446 336 DECEMBER.

3609 271 3716 334 524

438 413 591 456 crus,
630 412 662 448 ο
690 395 917 468 Thyrsc,
972 393 1146 448 uteris
1202 391 1490 464 praestigiis
1540 398 1597 447 et
1631 389 2020 446 incantationi-

2136 389 2250 461 ἐμοὶ
2306 388 2410 460 μὲν
2457 386 2682 441 πλείονα
2730 386 2822 440 τὸν
2878 386 3052 457 θυμὸν
3108 387 3397 453 summ,
3434 388 3617 457 σαυτῷ
3655 388 3715 442 ει

439 492 562 545 bus.
608 488 742 542 Nam
781 502 890 556 quo
947 486 1116 556 magis
1160 493 1352 541 contra
1396 484 1605 556 aliquid
1658 483 2016 545 machinaris,

441 582 572 633 mihi
599 579 820 650 quidem
860 578 995 631 iram
1027 568 1200 646 magis
1229 576 1524 632 accendis:
1565 575 1619 629 in
1660 574 1892 647 teipsnm
1928 588 2023 629 ve-

439 687 498 725 ro
523 669 808 724 acerbiora
838 681 1123 737 comparas
1145 667 1451 738 jsupplicia.

508 759 648 815 XIV.
699 760 804 815 Sed
861 768 995 814 tunc
1040 758 1267 828 quidem
1328 774 1455 813 cum
1507 770 1655 815 esset
1699 757 1823 813 aliis
1873 756 2023 812 curis

437 862 757 922 occupatus,
811 861 1110 923 martyrem
1166 866 1359 905 rursus
1401 850 1571 906 tradit
1603 855 1655 905 in
1689 849 2020 906 custodiam.

440 944 634 999 Postea
680 951 863 997 autem
916 958 1042 997 cum
1099 943 1396 1011 Apameam
1450 941 1778 995 maritimam
1827 957 2024 1010 quam-

438 1038 564 1092 dam
609 1036 885 1091 civitatem
936 1050 1059 1090 cum
1109 1035 1257 1091 illius
1286 1033 1395 1090 loci
1435 1033 1668 1102 praside
1701 1042 1845 1087 esset
1894 1047 2024 1102 pro-

441 1127 708 1189 iecturus,
761 1126 994 1181 vinculis
1025 1125 1241 1198 'lhyrso
1271 1124 1508 1195 injectis,
1556 1122 1714 1194 jubet
1761 1137 1889 1177 eum
1927 1136 2024 1191 per

437 1234 552 1281 eos,
583 1218 681 1288 qui
710 1217 888 1288 ipsum
920 1217 1314 1287 sequebantur,
1351 1229 1492 1285 pone
1525 1214 1690 1270 trahi.
1724 1213 1861 1269 Cum
1895 1229 2024 1268 vero

438 1327 545 1367 non
579 1311 770 1382 procul
822 1320 1010 1364 essent
1041 1325 1070 1364 a
1119 1310 1365 1369 civitate.
1397 1306 1701 1362 arbitratus
1752 1306 2025 1378 Sylvanus

440 1403 674 1473 primum
725 1402 949 1474 quidem
1007 1412 1165 1471 turpe
1210 1417 1333 1457 esse
1383 1417 1509 1457 eum
1567 1400 2022 1466 circumducere;

438 1496 639 1551 deinde
683 1495 844 1549 ctiam
881 1503 936 1549 et
970 1494 1318 1548 vinculorum
1364 1503 1422 1549 et
1456 1493 1630 1564 longa:
1673 1492 1774 1546 vim
1802 1505 2025 1561 perpes-

440 1587 673 1649 sionem,
728 1587 948 1657 pietatis
997 1584 1362 1640 constantiam
1431 1585 1704 1639 relaxasse
1758 1583 2023 1655 martyri,

441 1684 602 1739 aliam
637 1698 831 1739 rursus
875 1682 927 1735 ei
964 1679 1190 1734 adhibet
1245 1679 1711 1750 periclitationem
1739 1696 1754 1732 :
1784 1687 1841 1732 et
1895 1692 2022 1732 cum

2134 483 2470 554 πικροτέρας
2499 480 2926 545 κατασκευάζεις
2955 482 3051 543 τὰς
3081 482 3380 551 τιμωρίας.

2203 745 2298 799 LV.
2342 747 2504 803 Ἀλλὰ
2535 749 2657 803 τότε
2686 750 2787 821 μὶν
2806 751 3020 823 ἑτέραις
3057 752 3342 825 φροντίσιν
3367 755 3717 828 άσχοληθεῖς,

2133 838 2348 909 φυλακῇ
2398 840 2490 894 καὶ
2518 837 2677 905 αὖθις
2704 840 2799 895 τὸν
2839 846 3097 914 μάρτυρα
3123 845 3327 899 δίδωσι.
3370 845 3524 900 Μετὰ
3546 846 3648 901 ταῦ
3663 864 3722 900 ια

2129 930 2188 984 δὲ
2222 933 2357 1001 πρὸς
2415 933 2724 1005 Ἀπάμειαν
2767 936 2922 990 πόλιν
2956 940 3074 991 τινὰ
3117 938 3557 993 ὲπιθαλαττίδιον
3604 940 3722 1009 ἅμα

2130 1024 2208 1092 τῷ
2241 1026 2330 1075 ἐπὶ
2352 1026 2461 1078 ⁵’τοῦ
2498 1026 2667 1080 τόπου
2706 1027 2930 1100 ἄρχοντι
2963 1030 3176 1100 μέλλων
3215 1031 3498 1103 ἀπαίρειν,
3543 1032 3719 1101 δεσμὰ

2132 1114 2211 1185 τῷ
2235 1116 2433 1188 Θίρσῳ
2472 1117 2810 1190 περιϐαλὼν,
2851 1122 3066 1176 κελεύει
3097 1123 3188 1177 διὰ
3225 1124 3335 1177 τῶν
3361 1125 3721 1194 ὲφεπομένων

2130 1205 2356 1259 ὄπισθεν
2402 1208 2682 1267 ἕλκεσθαι.
2732 1212 2886 1265 Ἐπεὶ
2921 1212 2980 1267 δὲ
3008 1216 3083 1284 μὴ
3117 1215 3311 1285 πόρρω
3346 1216 3449 1288 ἤδη
3494 1217 3597 1287 τῆς
3622 1219 3721 1271 πό-

2132 1298 2266 1361 λεως
2286 1294 2449 1371 ἦσαν,
2483 1301 2711 1387 νομίρας
2753 1305 2782 1355 ό
2824 1304 3082 1370 Σιλὸανὺς
3123 1308 3319 1379 πρῶτα
3350 1308 3451 1378 μὲν
3473 1310 3573 1378 τὴν
3597 1311 3720 1365 ἄτι-

2134 1408 2236 1463 μον
2276 1396 2652 1465 περιαγωγὴν,
2695 1397 2887 1452 ἔπειτα
2925 1399 2983 1452 δὲ
3008 1400 3107 1454 καὶ
3148 1400 3249 1473 τὴν
3290 1402 3357 1455 ἑκ
3382 1402 3483 1474 τῆς
3508 1403 3631 1458 όδοῦ
3660 1421 3720 1457 τε

2134 1485 2230 1539 καὶ
2261 1486 2370 1539 τῶν
2418 1487 2635 1556 δεσμῶν
2676 1491 3056 1546 κακοπάθειαν
3090 1494 3375 1549 ύπανεῖναι
3404 1495 3554 1566 αὑτῷ
3587 1495 3723 1566 μάρο

2130 1590 2256 1646 τυρι
2285 1574 2377 1628 τὸν
2406 1579 2556 1629 τόνον
2587 1578 2684 1649 τῆς
2731 1580 3035 1647 εὐσεϐείας,
3066 1585 3266 1653 πεῖραν
3311 1584 3460 1656 αὐτῷ
3484 1587 3581 1639 καὶ
3610 1586 3720 1640 πά-

2118 1668 2216 1720 ’λιν
2262 1668 2458 1736 ἑτέραν
2499 1673 2790 1742 προσάγει,
2828 1674 2923 1727 καὶ
2956 1673 3055 1745 τὴν
3098 1677 3324 1746 πορείαν
3356 1677 3554 1749 μικρὸν
3596 1678 3723 1731 ἑπι-

440 1775 747 1847 ingressum
768 1773 1047 1843 paululum
1077 1771 1459 1837 sustinuisset,
1476 1770 1728 1841 perducit
1750 1770 2023 1841 Thyrsum

2136 1760 2278 1831 σχὼν
2327 1762 2659 1833 παρίστησιν
2709 1766 2802 1818 ὑπ’
2837 1765 2962 1835 ὄψιν
3011 1768 3160 1838 αύτῷ
3186 1769 3282 1822 τὸν
3317 1770 3549 1840 Θύρσον,
3601 1773 3724 1838 καὶ,

442 1867 494 1920 in
526 1882 684 1922 suum
713 1874 1088 1935 conspectum,
1120 1871 1177 1918 et
1206 1864 1352 1918 dixit
1383 1880 1396 1917 :
1430 1862 1521 1918 Vel
1555 1862 1645 1918 die
1672 1872 1721 1918 te
1749 1861 2024 1918 sacriﬁca-

446 1969 657 2022 turum,
708 1957 791 2012 vcl
821 1972 850 2011 a
882 1955 989 2010 vita
1025 1955 1226 2010 misere
1270 1955 1529 2011 excedes.
1586 1954 1724 2010 Cum
1761 1955 1807 2008 is
1837 1962 2024 2008 autem

444 2052 724 2121 prioribus
765 2064 1117 2119 consequens
1166 2049 1409 2105 dedisset
1440 2063 1792 2118 responsum,
1830 2045 2027 2115 quine-

442 2143 570 2198 tiam
625 2144 1044 2214 suhjunxissct:
1084 2142 1200 2197 imo
1247 2158 1380 2198 vero
1427 2152 1623 2197 vestrae
1672 2156 1795 2195 mox
1839 2156 2026 2195 erum-

441 2243 573 2306 pent
598 2237 815 2300 animm,
848 2235 917 2289 ad
946 2236 1208 2306 majorem
1234 2234 1372 2289 iram
1407 2233 1507 2304 ipsi
1545 2243 1674 2287 sunt
1705 2232 1941 2295 incitati,
1970 2241 2027 2287 et

438 2327 634 2398 jubent
683 2343 811 2383 eum
859 2342 983 2381 cum
1028 2324 1205 2397 plagis
1248 2326 1390 2381 trahi
1443 2329 1740 2395 Apameam
1826 2338 2022 2394 usque.

442 2421 563 2475 illic
582 2435 716 2476 vero
747 2434 873 2474 cum
904 2419 1040 2485 suis,
1071 2419 1246 2483 aiunt,
1278 2417 1575 2488 prmstigiis
1601 2417 1656 2471 in
1684 2433 1834 2473 mare
1854 2418 2026 2487 jacia-

447 2522 578 2567 tur:
618 2512 675 2566 in
724 2525 834 2582 quo
869 2511 1046 2566 malus
1094 2511 1235 2566 male
1287 2500 1513 2581 peribit,
1549 2518 1604 2565 ct
1643 2525 1746 2565 nec
1779 2512 2025 2581 sepultu-

442 2620 557 2658 ram
600 2603 824 2675 quidem
875 2612 1252 2673 consequetur
1302 2613 1424 2672 post
1464 2611 1717 2657 mortem.
1771 2603 2027 2657 Nondum

443 2702 809 2765 pervenerant
839 2696 893 2748 in
951 2693 1255 2757 civitatem,
1288 2702 1345 2748 et
1383 2691 1639 2764 martyris
1671 2692 1857 2748 evenit
1886 2709 2027 2763 pra:-

443 2788 634 2845 dictio.
683 2786 818 2842 Nam
853 2784 1126 2859 Sylvanus
1174 2784 1399 2856 quidem
1439 2793 1665 2855 repente
1712 2784 1817 2839 fuit
1851 2800 2023 2839 mem~

447 2879 560 2935 bris
598 2879 850 2943 solutus;
894 2877 1246 2934 Cumbricius
1276 2885 1459 2932 autem
1511 2877 1821 2931 vehementi
1872 2876 2027 2933 febre

445 2979 753 3040 correptus,
808 2968 972 3025 ambo
1034 2967 1426 3024 miserabiliter
1462 2967 1643 3043 vitam
1694 2976 1894 3038 quarto
1937 2968 2028 3023 die

447 3061 662 3118 llnierc.
694 3061 895 3118 Fertur
934 3075 1089 3125 vero,
1122 3070 1322 3115 terram
1360 3075 1472 3114 non
1504 3059 1797 3115 admisisse
1834 3074 2026 3115 eorum
2060 3104 2101 3125 ,,

445 3170 696 3226 corpora,
731 3154 911 3210 donec
939 3163 1148 3224 martyr
1178 3164 1459 3221 precatus,
1493 3167 1616 3206 cam
1652 3151 2029 3222 prosilientem

444 3258 502 3303 et
542 3262 601 3302 se
652 3246 960 3301 vibrantem
1015 3246 1277 3315 placavit,
1331 3255 1388 3299 et
1429 3245 1645 3298 miseris
1676 3243 1785 3299 illis
1830 3259 2031 3299 recou-

446 3340 653 3395 ciliavit

519 3429 633 3487 XV.
674 3429 811 3487 Cum
836 3430 925 3486 isti
977 3440 1084 3485 tam
1108 3430 1408 3485 infeliciter
1432 3445 1463 3486 e
1495 3430 1604 3484 vita
1640 3431 2032 3497 excessissent,

446 3533 503 3578 et
534 3538 647 3579 suae
678 3521 735 3577 in
764 3532 1061 3594 martyrem
1090 3521 1400 3577 insolentiae
1425 3523 1605 3593 justas
1638 3537 1828 3593 poenas
1849 3523 2034 3579 dedis-

448 3624 593 3680 sent,
624 3614 680 3668 ln
726 3615 979 3669 custodia
1016 3623 1074 3669 et
1122 3614 1357 3669 vinculis
1403 3614 1653 3686 Thyrsus
1697 3616 1767 3670 ab
1816 3615 1911 3670 illo
1942 3616 2032 3670 die

448 3706 642 3777 viginti
682 3714 798 3761 tres
821 3706 940 3760 dies
973 3705 1152 3760 fuerat
1198 3715 1577 3761 conservatus.
1628 3704 1837 3761 Deinde
1885 3708 2034 3760 venit

450 3799 673 3870 quidam
707 3797 851 3853 alius
881 3813 1107 3868 praesrs,
1143 3812 1253 3853 non
1285 3798 1459 3853 solius
1487 3797 1631 3869 ejus,
1664 3814 1829 3868 quam
1880 3800 2034 3870 prior

451 3889 711 3956 habebat,
739 3889 1051 3960 potestatis,
1089 3889 1186 3945 sed
1220 3903 1436 3945 morum
1492 3891 1659 3945 etiam
1697 3905 2027 3947 successor:

450 3982 544 4050 qui
591 3981 825 4037 barbara
871 3980 1057 4051 lingua
1110 3981 1506 4036 nominabatur
1553 3980 1794 4037 Bandus.
1827 3982 1876 4037 ls
1909 3997 2032 4038 cum

454 4077 691 4132 venisset
720 4076 1040 4146 Apameam,
1071 4085 1127 4130 et
1154 4073 1212 4129 in
1246 4075 1431 4131 medio
1455 4076 1758 4141 concionis,
1779 4093 1903 4146 qua:
1930 4076 2032 4148 ipsi

440 4180 572 4225 erat
608 4177 964 4240 congregata,
996 4168 1404 4233 constituisset,
1434 4177 1492 4224 et
1528 4185 1652 4239 quae
1683 4168 1753 4224 dc
1793 4169 2034 4241 impera-

448 4272 572 4314 tore
611 4257 722 4315 dici
770 4259 972 4322 solent,
1044 4259 1296 4325 dixisset,
1345 4267 1600 4314 scrutans
1644 4258 1849 4315 deinde
1912 4276 2036 4330 qua:

454 4353 599 4405 facta
631 4352 938 4407 fuerantab
970 4351 1038 4404 iis
1068 4351 1163 4418 qui
1194 4352 1372 4421 ipsum
1403 4361 1831 4422 praecesserunt,
1862 4362 1920 4408 et
1945 4369 2037 4409 ac-

2132 1853 2202 1904 Ἥ
2233 1851 2443 1918 θύσειν,
2472 1855 2680 1924 ἔλεγεν,
2723 1857 2870 1923 εἰπὲ,
2911 1858 2945 1930 ἢ
2984 1859 3079 1912 τοῦ
3112 1860 3215 1930 ζῇν
3246 1860 3447 1925 ἀθλίως
3474 1863 3723 1916 ἀπαλλα-

2130 1946 2296 2018 γήσῃ.
2345 1944 2449 1998 Τοῦ
2492 1949 2549 2001 δὲ
2593 1956 2686 2003 καί.
2721 1950 2930 2021 ταύτην
2963 1951 3259 2006 ἀκόλουθον
3286 1954 3388 2025 τὴν
3420 1956 3719 2026 ἀπόκρισιν

2129 2040 2248 2102 ταῖς
2288 2041 2696 2109 προλαϐούσαις
2727 2045 3128 2115 ποιησαμένου,
3161 2047 3487 2110 ἐπειπόντος
3517 2047 3574 2100 δὲ
3624 2050 3721 2100 καὶ

2128 2134 2211 2186 ὅτι
2242 2133 2462 2189 Μᾶλλον
2487 2137 2645 2204 ὑμεῖς
2674 2137 2798 2191 ὅσον
2832 2137 2988 2191 οὔπω
3023 2139 3120 2202 τὰς
3149 2138 3329 2210 ψυχὰς
3353 2138 3720 2212 ἀπορρήξετε,

2130 2222 2210 2289 εἰς
2243 2226 2467 2295 μείζονα
2521 2227 2614 2280 τὸν
2660 2227 2832 2299 θυμὸν
2872 2228 3028 2283 αὐτοὶ
3069 2229 3429 2301 διηγείροντο,
3469 2236 3562 2286 καὶ
3602 2249 3721 2285 συν-

2133 2319 2362 2372 έπεσθαι
2386 2319 2525 2391 μετά
2552 2321 2779 2392 πληγῶν
2806 2321 2961 2385 αὖθις
3012 2322 3174 2396 ἄχρις
3220 2323 3526 2394 Ἀπαμείας
3557 2325 3723 2379 αὐτὸν

2132 2412 2449 2466 κελεύουσιν
2476 2429 2490 2443 ο
2510 2415 2722 2469 Ἐκεῖσε
2745 2415 2803 2468 δὲ
2834 2416 3333 2488 αὐταῖςγοητείαις
3369 2419 3718 2492 ἀπερρίφθω,

2133 2508 2288 2575 φησὶ,
2328 2510 2469 2559 κατᾶ
2510 2509 2610 2576 τῆς
2659 2508 2951 2580 θαλάττης,
2987 2512 3045 2564 ἑν
3175 2511 3363 2575 κακῶς
3408 2511 3723 2577 ἀπολεῖται,

2135 2600 2273 2669 μηδὲ
2315 2602 2499 2671 ταφῆς
2537 2603 2670 2671 γοῦν
2716 2620 2862 2668 τινος
2909 2604 3051 2674 μετὰ
3095 2605 3328 2659 θάνατον
3377 2605 3720 2676 ἀξιούμενος.

2133 2691 2301 2746 Οὔπω
2353 2695 2489 2766 πρὸς
2519 2697 2620 2766 τὴν
2665 2698 2822 2749 πόλιν
2874 2696 3039 2769 ἦσαν,
3093 2700 3186 2752 καὶ
3231 2703 3266 2772 ἡ
3307 2699 3403 2754 τοῦ
3442 2701 3723 2772 μάρτυρος

2134 2785 2380 2852 ἐξέδαινε
2436 2789 2768 2862 πρόρρησις.
2830 2791 3087 2856 Σιλόανὺς
3153 2794 3252 2863 μὲν
3304 2797 3413 2864 γὰρ
3461 2796 3722 2866 “Impellit;

2133 2877 2329 2950 ἀθρόον
2389 2880 2458 2932 τὰ
2507 2881 2669 2952 μέλη,
2721 2883 3100 2953 Κουμϐρέκιος
3150 2884 3209 2938 δὲ
3264 2884 3488 2955 πυρετῷ
3538 2886 3723 2955 λάϐρῳ

2132 2967 2382 3039 ληφθεὶς,
2422 2966 2673 3032 ἐλεεινῶς
2707 2969 2878 3039 ἄμφω
2914 2971 3006 3023 τὸν
3052 2971 3168 3038 βίον
3203 2975 3518 3043 τεταρταῖοι
3563 2976 3727 3028 κατέο

2133 3059 2321 3113 λυσαν.
2358 3057 2440 3112 Τά
2468 3058 2695 3130 σώματι
2726 3059 2785 3114 δὲ
2827 3061 3010 3114 αὐτῶν
3041 3061 3199 3131 λόγος
3221 3063 3337 3133 ἔχει
3375 3064 3477 3136 τὴν
3509 3068 3614 3136 γῆν
3645 3066 3725 3137 μὴ

2136 3151 2484 3221 προσίεσθαι,
2512 3152 2639 3215 ἕως,
2680 3170 2735 3221 π,
2759 3153 3127 3225 οσευξάμενος
3156 3157 3185 3208 ό
3217 3156 3452 3227 μάρτυς,
3478 3159 3743 3229 ἑπράῦνέν

2134 3261 2194 3297 τε
2234 3246 2408 3316 αὐτὴν
2454 3244 2836 3317 παλλομένην,
2896 3249 2989 3301 καὶ
3020 3251 3131 3306 τοῖς
3190 3247 3445 3315 ἐλεεινοῖς
3490 3251 3727 3315 εκείνεις

2135 3335 2463 3405 κατήλλαξε.

2206 3428 2307 3482 ιε’.
2347 3429 2567 3485 Τούτων
2587 3431 2645 3485 δὲ
2674 3431 2816 3486 οὕτω
2843 3432 3125 3506 δυστυχῶς
3152 3437 3244 3490 τὸν
3271 3434 3387 3506 βίον
3416 3453 3723 3508 καταστρε-

2133 3521 2375 3592 ψάντων,
2433 3523 2529 3577 καὶ
2572 3524 2732 3591 ἀξίαν
2773 3526 2873 3595 τῆς
2915 3528 2997 3591 είς
3025 3528 3117 3581 τὸν
3149 3528 3404 3602 μάρτυρα
3430 3532 3727 3600 παροινίας

2133 3613 2451 3669 δεδωκότων
2494 3615 2593 3686 τὴν
2627 3616 2964 3695 δίκηνηὺπδ
3017 3619 3235 3692 φυλακῇ
3294 3621 3393 3675 καὶ
3437 3622 3656 3694 δεσμοῖς
3695 3625 3730 3678 ὁ

2135 3707 2345 3778 Θύρσος
2394 3708 2586 3778 τρίτην
2624 3708 2686 3774 ἐξ
2737 3711 2952 3764 ἐκείνου
3006 3714 3102 3766 καὶ
3153 3716 3412 3787 εἰκοστὴν
3452 3718 3726 3789 τετήρητο

2135 3800 2236 3871 τὴν
2285 3799 2528 3871 ἡμέραν.
2576 3797 2708 3855 Εἶτα
2753 3802 3046 3872 ἐφίσταταί
3094 3822 3196 3867 τις
3234 3808 3463 3878 ἡγεμὼν
3511 3811 3725 3878 ἕτερος,

2134 3894 2198 3946 ού
2236 3895 2337 3963 τῆς
2369 3891 2618 3958 ἔξουσίας
2650 3894 2746 3948 τοῦ
2780 3899 3049 3969 προτέρου
3101 3901 3292 3971 μόνης,
3327 3901 3468 3956 ἀλλὰ
3510 3903 3722 3958 καὶτοῦ

2135 3985 2342 4057 τρόπον
2370 3985 2635 4058 διάδοχος,
2662 3988 2929 4062 βαρϐάρῳ
2970 3991 3195 4066 γλώσσῃ
3228 3994 3431 4060 Βᾶνδος
3459 3996 3724 4067 όιομαζό-

2140 4085 2324 4146 μενος.
2368 4071 2564 4146 Οὗτος,
2606 4080 2707 4152 τὴν
2753 4083 3047 4154 Ἀπαμέων
3096 4086 3444 4153 καταλαϐὼν,
3478 4091 3577 4147 hri
3622 4093 3728 4160 τῆς

2138 4164 2524 4239 ἀθροισθείσης
2566 4184 2626 4223 τε
2662 4168 2793 4235 θέας
2840 4172 2991 4243 αὐτῷ
3024 4175 3115 4227 καὶ
3148 4179 3513 4247 πανηγύρεως
3544 4196 3727 4236 κατα-

2141 4257 2294 4323 στάς,
2341 4259 2437 4312 καὶ
2486 4260 2556 4313 τὰ
2585 4262 2793 4333 συνήθη
2831 4267 2964 4336 περὶ
3000 4267 3095 4320 τοῦ
3125 4267 3391 4339 βασιλέως
3411 4272 3728 4340 διεξελθὼν.

2142 4345 2265 4403 εἷτα
2314 4353 2408 4406 καὶ
2462 4352 2565 4418 τάς
2593 4354 2703 4409 τῶν
2756 4357 2864 4428 πρὸ
2903 4358 3074 4413 αὐτοῦ
3124 4363 3355 4432 πράξεις
3393 4368 3727 4437 ἀνερευνῶν,

456 4453 508 4495 ta
539 4442 763 4495 illorum
793 4442 1103 4510 perlegens,
1143 4441 1337 4495 incidit
1371 4442 1423 4494 in
1452 4458 1516 4496 ea
1545 4457 1668 4513 qua:
1699 4443 1767 4498 de
1799 4457 2032 4516 martyre

2143 4444 2239 4498 xui.
2266 4445 2335 4499 τά
2369 4445 2595 4500 ἐκείνων
2622 4446 2797 4502 ἐπιὼν
2829 4450 3224 4523 ὑπομνήματα,
3262 4458 3582 4528 ἐντυγχάνει
3611 4465 3729 4526 τοῖς

458 4532 668 4602 Thyrso
696 4532 919 4587 decreta
951 4534 1192 4587 inerant.
1219 4534 1286 4588 Et
1314 4549 1440 4589 cum
1466 4535 1667 4605 partim
1701 4536 1923 4606 quidem
1970 4553 2037 4591 ex

453 4625 616 4687 actis,
650 4624 846 4693 partim
882 4634 1067 4679 autent
1105 4641 1172 4679 ex
1220 4627 1712 4683 circumstantibus
1742 4628 1925 4683 omnia
1956 4628 2043 4683 di-

457 4716 703 4778 dicisset,
736 4716 1017 4785 publicum
1051 4716 1103 4769 in
1130 4716 1276 4771 diem
1308 4728 1630 4788 sequentem
1665 4718 1716 4773 ei
1764 4718 2037 4773 theatrum

455 4818 753 4880 congregat
792 4827 807 4864 :
841 4818 899 4865 et
936 4825 1061 4865 cum
1095 4811 1524 4866 examinandum
1573 4811 1844 4881 Thyrsum
1913 4830 2045 4884 pro—

456 4906 705 4958 duxisset
750 4905 804 4957 in
836 4904 1078 4960 medium
1108 4925 1121 4960 :
1158 4907 1237 4958 'l'u
1269 4922 1351 4969 es,
1400 4904 1598 4973 inquit,
1634 4906 1900 4977 Thyrsus,
1945 4910 2038 4981 qui

460 4998 855 5065 irruperatorum
919 4999 1071 5069 jussa
1121 4999 1452 5053 contumelia
1503 4998 1691 5063 aﬂicis,
1722 5011 1778 5054 et
1809 5001 1863 5056 in
1895 5018 1959 5057 ea
1993 5014 2043 5058 te

458 5088 759 5143 insolenter
804 5089 974 5160 geris,
1026 5100 1085 5144 et
1130 5091 1310 5160 magni
1377 5090 1466 5144 dei
1512 5090 1781 5161 Apollinis
1839 5094 2045 5150 contri-

457 5180 583 5234 visti
611 5180 894 5237 statuam?
918 5181 1015 5237 Ille
1043 5195 1174 5235 vero
1212 5198 1226 5234 :
1261 5181 1374 5251 Ego
1402 5195 1547 5248 sum,
1583 5183 1782 5254 inquit,
1815 5188 1907 5258 qui
1932 5203 2043 5243 non

458 5287 625 5343 parco
663 5273 869 5343 iniquis
900 5274 1119 5340 edictis,
1150 5288 1331 5344 neque
1365 5275 1628 5345 operibus
1659 5294 1918 5334 manuum
1947 5282 2046 5336 ho-

461 5364 669 5419 minum
715 5365 897 5421 ot'l'ero
921 5366 1256 5422 sacriﬁcium
1295 5383 1309 5423 :
1373 5367 1468 5423 sed
1492 5367 1594 5423 soli
1624 5368 1846 5424 Christo
1875 5373 2045 5427 sacri-

464 5455 567 5507 lico
597 5455 930 5511 sacriﬁcium
954 5440 1155 5523 laudis,
1186 5467 1244 5512 et
1277 5473 1404 5514 eum
1433 5474 1622 5514 verum
1660 5459 1831 5515 Deum
1868 5464 2047 5517 norni-

461 5559 557 5600 no.
586 5546 681 5600 ille
728 5556 913 5602 autem
939 5549 1195 5606 simrliler
1240 5567 1473 5623 nugaris,
1518 5563 1684 5623 atque
1709 5553 1926 5623 iudices
1951 5557 2044 5625 qui

462 5650 872 5708 pnucesseraut,
894 5650 952 5698 ct
978 5653 1180 5713 putans
1204 5659 1263 5700 se
1294 5661 1457 5715 posse
1486 5647 1653 5703 minis
1676 5656 2042 5714 terret-ecum,

464 5732 559 5800 qui
594 5734 787 5790 terreri
823 5750 933 5791 non
985 5745 1245 5806 pateret;
1278 5739 1358 5794 'l‘u
1394 5739 1647 5807 fortasse,
1679 5740 1883 5809 inquit.
1918 5741 2045 5796 ideo

2144 4539 2275 4609 περὶ
2304 4538 2399 4592 τοῦ
2432 4541 2713 4612 μάρτυρος
2740 4542 2959 4614 Θύρσου
2988 4545 3387 4621 ἐψηφισμένοις
3409 4572 3421 4585 ·
3446 4555 3542 4609 καὶ
3568 4555 3729 4611 τοῦτο

2145 4631 2245 4701 μὲν
2270 4632 2375 4684 ἀπὸ
2411 4632 2520 4686 τῶν
2564 4635 3001 4708 ὑπομνημάτων,
3035 4642 3197 4697 τοῦτο
3243 4644 3300 4698 δὲ
3337 4646 3434 4700 καὶ
3482 4648 3590 4701 ἀπὸ
3615 4651 3727 4702 τῶν

2144 4723 2530 4813 περ.εστὼτων
2574 4729 2755 4783 πάντα
2795 4734 3155 4803 καταμαθὼν,
3200 4737 3464 4809 δημόσιον
3500 4745 3583 4805 είς
3614 4742 3726 4813 ίτὴν

2142 4812 2267 4883 ἑξῆς
2296 4815 2448 4885 αύτῴ
2469 4816 2698 4889 θέατρον
2723 4821 3091 4893 συναθροίζει,
3125 4826 3219 4880 καὶ
3246 4828 3412 4898 μέσον
3432 4831 3512 4894 εις
3539 4812 3729 4898 ὶξὲτα-

2146 4921 2231 4956 σιν
2260 4906 2354 4959 τὸν
2384 4906 2594 4977 Θύρσον
2624 4911 2986 4980 παραγαγὼν,
3015 4914 3091 4967 Σὺ
3123 4911 3177 4969 εἴ
3219 4915 3454 4988 Θόρσος,
3490 4918 3667 4989 εἶπεν,
3700 4927 3732 4977 ὸ

2143 4998 2224 5059 είς
2255 5000 2321 5052 τὰ
2372 4999 2482 5051 τῶν
2517 4999 2939 5074 αὐτοκρατόρων
2973 5009 3377 5081 προστάγματα
3406 5013 3732 5086 ἐξυϐρίζων,

2146 5091 2242 5182 καὶ
2292 5090 2354 5145 τὸ
2404 5092 2496 5146 τοῦ
2558 5098 2802 5164 μεγάλου
2850 5097 2976 5152 θεοῦ
3038 5102 3377 5170 Ἀπόλλωνος
3431 5113 3735 5182 συντρίψας

2145 5180 2406 5275 όὶγαλμας
2461 5185 2571 5237 Καὶ
2635 5187 2717 5254 ὃς,
2774 5187 2917 5256 Ἐγώ
2965 5192 3103 5262 είμι,
3135 5192 3266 5266 ἔφη,
3313 5199 3343 5253 ό
3388 5180 3734 5275 παρανόμοις

2146 5274 2413 5346 δόγμασιν
2467 5279 2737 5346 ἀπειθῶν,
2789 5282 2884 5336 καὶ
2927 5284 3065 5354 μηδὲ
3113 5289 3323 5359 χειρῶν
3370 5290 3733 5363 ἀνθρωπίνων

2146 5367 2331 5438 ἔργοις
2374 5370 2570 5426 θυσίαν
2610 5380 2931 5446 προσάγων,
2972 5381 3113 5438 ἀλλὰ
3145 5384 3294 5456 μόνῳ
3326 5385 3472 5441 θύων
3508 5389 3734 5460 Χριστῷ

2148 5462 2341 5554 θυσίαν
2373 5465 2658 5532 αἰνέσεως,
2688 5471 2784 5522 καὶ
2804 5473 2997 5526 τοῦτον
3027 5474 3236 5550 ἀψευδῆ
3270 5478 3404 5534 Θεὸν
3419 5482 3730 5554 ὀνομάζων,

2158 5553 2217 5607 '0
2261 5555 2318 5607 δὲ
2358 5558 2458 5647 καὶ
2493 5559 2655 5621 αὐτὸς
2708 5562 2872 5629 ὃμοια
2901 5568 3014 5629 τοῖς
3060 5569 3396 5639 προλαϐοῦσι
3430 5553 3615 5648 ληρῶν
3658 5578 3734 5633 8t-

2148 5651 2397 5716 κασταῖς,
2446 5652 2543 5706 καὶ
2588 5654 2847 5722 ἀπειλαῖς
2892 5660 3132 5732 φοϐῆσαι
3183 5665 3362 5724 δοκῶν
3391 5670 3485 5723 τὸν
3523 5671 3736 5744 ἀπτόη-

2152 5746 2886 5824 τον,11σραπ>.ησὲου,ἔφη,
2941 5755 3301 5830 δικαστηρίου
3358 5765 3474 5829 τοῖς
3525 5764 3731 5837 προλσμ
