4102 6376
344 384 450 447 5'2.)

1195 389 1666 450 M.\R'l.‘Y-RIUM
1706 391 1765 449 S.
1805 390 2087 450 THYRSI
2127 392 2220 452 ET
2268 393 2665 456 SOCIORUM

3499 398 3602 460 53)

342 497 592 565 ἡγεμὼν,
627 488 716 550 οἷα
758 498 852 550 τὶν
900 502 1153 565 γενναῖον
1206 502 1306 571 ήδη
1336 502 1551 571 Θύρσον
1609 500 1769 567 ἐλὼν,
1829 502 1927 556 καὶ

2043 520 2169 561 tum.
2206 515 2261 561 et
2299 513 2482 565 statim
2523 527 2646 565 eum
2692 528 2758 568 eo
2784 515 2941 569 laetus
2963 514 3029 569 ad
3067 515 3330 585 templum
3370 513 3601 571 accedit.

345 586 547 638 αὐτίκα
597 586 807 655 χαίρων
836 586 934 638 σὺν
961 587 1110 658 αύτῷ
1140 589 1276 658 πρός
1309 589 1401 641 τὸν
1435 590 1563 641 ναὸν
1587 591 1923 659 ἀφικνεῖται,

345 679 467 741 καὶ,
518 677 715 741 Θῦσον,
743 677 922 746 ἔλεγε,
967 679 1148 748 μόνον,
1200 681 1321 733 ἐπεὶ
1347 679 1458 749 ἐγώ
1491 699 1573 736 σοι
1602 682 1794 736 τούτου
1825 685 1920 749 ιγ-

346 771 553 840 γυητὴς
579 770 875 841 ἀξιόχρεως
925 774 1000 832 ὡς
1026 771 1205 835 οὐδείς
1225 787 1307 824 σοι
1339 773 1589 841 μηνίσειε
1617 772 1727 826 τῶν
1763 773 1923 829 θεῶν.

349 861 724 932 Προσσχόντος
745 863 928 915 τοίνυν
956 862 1050 915 τοῦ
1113 861 1411 933 μάρτυρος,
1459 863 1558 917 καί
1620 880 1748 918 τινα
1791 867 1931 934 πρ³,ς

351 955 448 1006 τὸν
478 953 651 1023 ἁλήθῆ
698 954 832 1007 Θεὸν
859 954 1024 1027 εὐχὴν
1044 956 1391 1022 ύπειπόντος,
1414 957 1617 1029 ἀθρόον
1651 959 1844 1029 χρῆμά
1874 977 1929 1013 τι

356 1044 588 1113 σεισμοῦ
647 1044 882 1114 φοϐεροῦ
917 1047 1282 1116 κατασκῆψαν
1341 1047 1622 1118 συντρίϐει
1670 1049 1769 1119 μὲν
1798 1050 1931 1104 αύτδ

358 1137 419 1190 τὸ
445 1137 541 1189 τοῦ
583 1140 704 1199 Διὸς
743 1137 971 1208 ἄγαλμα
1007 1139 1101 1192 καὶ
1130 1141 1209 1204 είς
1230 1140 1427 1210 ἔδαφος
1453 1143 1729 1212 κατασπᾷ,
1763 1159 1934 1195 κατα-

355 1229 493 1281 σείει
519 1228 577 1281 δὲ
608 1227 687 1295 τῷ
723 1229 875 1298 φόϐῳ
929 1231 1028 1294 τὰς
1050 1231 1161 1285 τῶν
1188 1232 1438 1287 ἀπίστων
1466 1235 1668 1303 ψυχὰς,
1707 1236 1802 1290 καὶ
1830 1237 1932 1305 τήν

361 1320 559 1373 θυσίαν
590 1321 973 1385 ἀπολιπόντες,
1036 1326 1085 1377 oi
1120 1325 1217 1393 μὲν
1377 1327 1557 1380 ποδῶν
1586 1322 1733 1397 εἶχον
1766 1328 1931 1396 ἔφευ-

356 1429 473 1477 γον.
511 1413 673 1483 μόνος
724 1412 780 1466 δὲ
804 1414 946 1465 κατά
977 1413 1069 1465 τὸν
1109 1415 1238 1468 ναὸν
1272 1416 1516 1488 ἀθλητὴς
1580 1418 1929 1489 ὑπελείπετο.

363 1506 553 1568 Συνεὶς
584 1502 680 1560 οὖν
734 1506 835 1576 τὴν
866 1506 1083 1576 ἀπάτην
1111 1508 1139 1559 δ
1184 1506 1433 1578 ἡγεμὼν,
1466 1510 1644 1579 ἐαυτῷ
1677 1510 1779 1581 μὲν
1831 1512 1934 1582 τῆς

359 1596 769 1667 φιλανθρωπίας
801 1597 990 1669 ὥσπερ
1024 1598 1115 1650 καὶ
1148 1599 1248 1667 τῆς
1275 1600 1651 1671 χρηστότητος
1682 1603 1933 1671 ἐπεμέμ-

359 1704 511 1753 φετο,
533 1689 786 1757 ήγρίαινε
822 1688 877 1740 δὲ
907 1687 1108 1756 μᾶλλον
1136 1689 1276 1739 κατὰ
1306 1687 1399 1741 τοῦ
1464 1690 1768 1759 μάρτυρος,
1834 1692 1931 1746 ἅτε

357 1777 735 1849 ἠπατημένος,
791 1778 888 1831 χλ
952 1778 1011 1830 οὐ
1079 1779 1239 1846 μόνον
1284 1780 1344 1830 ού
1403 1781 1618 1845 πείσας,
1657 1780 1790 1833 ἀλλὰ
1836 1786 1929 1834 καὶ

360 1868 625 1939 αἰσχύνην
654 1868 827 1931 οὕτως
865 1868 1105 1938 όφλήσας
1159 1871 1456 1940 περιρανῆ,
1517 1871 1613 1923 καὶ
1651 1871 1738 1923 διὰ
1773 1871 1931 1925 τοῦτο

365 1960 548 2031 πικρῷ
587 1959 804 2032 θανάτῳ
839 1961 1119 2032 μετελθεῖν
1171 1962 1399 2015 ἔσπευδε
1455 1966 1541 2015 τὴν
1575 1963 1667 2016 καὶ
1693 1966 1811 2016 κατ’
1834 1967 1931 2017 αύ-

361 2051 459 2104 τοῦ
521 2054 617 2105 καὶ
676 2053 817 2108 κατά
872 2053 982 2108 τῶν
1044 2055 1253 2107 ἐκείνου
1291 2055 1672 2126 θεῶνχπλεπά
1714 2056 1935 2109 τοιαῦτα

363 2143 711 2215 ὲξυΰρικότα.

431 2235 535 2292 18⁸.
568 2233 736 2300 Εἰδὼς
752 2238 929 2291 τοίνυν
959 2237 1033 2301 ώς
1068 2240 1232 2306 ἔργον
1264 2240 1413 2310 αύτῷ
1434 2242 1647 2310 γένοιτο
1672 2243 1936 2296 caena-:1-

360 2344 497 2395 γμα,
516 2328 613 2381 καὶ
629 2329 709 2382 ὅτι
740 2327 949 2399 πύργος
975 2328 1319 2401 ᾠκοδομήθη,
1346 2332 1412 2385 τά
1428 2349 1485 2384 τε
1515 2334 1679 2404 θηρία
1694 2333 1771 2402 τῷ
1792 2333 1937 2405 λιμῷ

360 2418 692 2490 παρωξύνθη
727 2420 826 2493 τήν
856 2421 1177 2492 ἀγριότητα,
1209 2425 1305 2475 καὶ
1330 2424 1450 2476 οὐδὲ
1476 2424 1681 2493 λιθίνης
1713 2425 1777 2478 ἂν
1798 2427 1931 2479 ἀπό-

363 2525 577 2578 σχοιντο
593 2510 829 2577 φύσεως.
853 2510 1113 2582 βληθῆναι
1140 2514 1282 2566 κατὰ
1312 2514 1477 2578 μέσον
1509 2514 1696 2567 αὐτῶν
1722 2515 1935 2569 κελεύει

358 2610 454 2651 19v
476 2600 737 2670 ἀθλητήν.
755 2601 977 2671 Ἦφίετο
1008 2600 1103 2656 οὖν
1127 2602 1287 2673 μόνος
1316 2603 1497 2667 αὐτοῖς
1528 2605 1558 2656 ό
1580 2602 1812 2675 μάρτυς,
1840 2622 1940 2674 μυ·

366 2690 498 2760 ρίων
528 2690 727 2757 ἔξωθεν
753 2693 1263 2765 ὀφθαλμῶνιπάντα
1300 2694 1628 2765 βλεπόντων.
1671 2696 1811 2749 Ἀλλ’
1836 2697 1936 2750 οὐκ

364 2777 434 2852 ἣν
468 2782 651 2852 μόνος,
699 2784 834 2839 ἀλλά
892 2803 976 2849 τις
1032 2785 1242 2841 ἀνωθεν
1304 2787 1451 2858 αὐτῷ
1488 2788 1585 2842 καὶ
1627 2788 1748 2841 θεία
1780 2789 1939 2859 χάρις

367 2874 571 2946 παρῆν,
596 2876 719 2945 ἥτις
749 2878 842 2929 καὶ
898 2878 1017 2947 μεθ’
1056 2877 1261 2948 ἑτέρων
1293 2879 1463 2946 τριῶν
1485 2878 1717 2947 ὁρᾶσθαι
1748 2880 1938 2934 τοῦτον

367 2966 563 3018 ἐποίει.
622 2968 960 3034 Περιστάντα
1005 2967 1186 3022 τοίνυν
1240 2969 1400 3023 αὑτὸν
1431 2968 1619 3040 κύκλῳ
1652 2971 1719 3024 τὰ
1751 2969 1936 3039 θηρία,

367 3056 540 3126 πρᾶόν
562 3075 615 3110 τι
649 3059 743 3110 καὶ
783 3058 993 3130 ἥμερον
1026 3061 1352 3128 ὲνητένιζοψ
1381 3062 1493 3114 καὶς
1506 3061 1804 3132 προσφιλὲς
1841 3062 1937 3115 τὸν

371 3149 627 3219 μάρτυρα
686 3150 1050 3220 περιέσαινον,
1114 3151 1401 3222 ὥσπερσὲκ
1446 3153 1643 3207 πολλοῦ
1682 3153 2012 3235 χειροήθης

368 3244 463 3294 καὶ
495 3240 732 3294 τιθασσά
761 3242 854 3295 καὶ
903 3241 1113 3314 συνήθη
1155 3242 1331 3311 τούτῳ
1361 3243 1729 3313 γεγενημένα.
1769 3242 1942 3307 Αὐτὸς

366 3333 424 3387 δὲ
476 3336 667 3404 χεῖρας
715 3336 794 3398 εἰς
845 3335 1075 3404 οὐρανὸν
1130 3333 1401 3404 ἀνασχὼν,
1458 3334 1782 3406 Εὑχαριστῶ
1837 3353 1944 3403 σοι,

372 3425 541 3492 Κύριε
577 3426 756 3495 Ἰησοῦ
816 3425 1039 3497 Χριστὲ,
1082 3421 1259 3489 εἶπεν,
1312 3429 1394 3480 ὅτι
1433 3426 1691 3491 ὲδόξασας
1722 3426 1780 3479 ἰν
1823 3426 1949 3495 ἐμοὶ

366 3512 430 3565 τὸ
450 3512 605 3580 ἅγιον
622 3511 795 3582 ὄνομα
824 3529 941 3575 σου,
986 3512 1081 3565 καὶ
1108 3511 1540 3582 ὲθαυμάστωσας
1577 3513 1646 3566 τὰ
1667 3512 1796 3583 ὲλέη
1830 3528 1944 3577 σου,

371 3604 627 3671 στόματά
673 3620 762 3672 μοι
816 3602 1073 3673 φιμώσας
1106 3602 1309 3673 θηρῶν,
1335 3602 1591 3672 καθάπερ
1611 3602 1834 3673 Δανιὴλ,
1866 3600 1946 3672 τῷ

374 3694 453 3763 σῷ
477 3694 792 3763 θεράποντι.
825 3694 1000 3757 Αὐτὸς
1030 3690 1124 3747 οὖν
1166 3696 1193 3746 ὁ
1221 3696 1314 3747 καὶ
1368 3695 1487 3748 τότε
1517 3696 1611 3749 καὶ
1640 3695 1735 3747 νῦν
1768 3712 1946 3764 παρα-

367 3783 532 3847 δόξως
565 3781 708 3835 οὕτω
732 3782 1026 3852 διενεργῶν
1055 3783 1120 3836 τὰ
1141 3782 1419 3852 παράδοξα
1440 3782 1752 3852 εύδόκησον,
1789 3782 1945 3852 βασιφ

368 3877 485 3941 ὶεῦ,
516 3878 614 3929 καὶ
662 3878 819 3931 ταυτὶ
849 3878 918 3931 τὰ
957 3877 1127 3945 ἄγρια
1177 3874 1293 3937 ζῶα
1345 3875 1564 3945 ἀοράτῳ
1595 3890 1690 3927 σου
1744 3874 1841 3927 καὶ
1865 3889 1948 3927 τε·

371 3967 679 4039 ὶεσιουργῷ
709 3968 944 4038 νεύματι
972 3968 1053 4030 είς
1074 3966 1170 4027 τὰς
1206 3965 1459 4035 συνήθεις
1509 3965 1741 4019 ἕκαστον
1769 3965 1952 4035 χωρῆ-

375 4076 464 4112 sat
496 4059 802 4129 διατριϐὰς,
847 4058 958 4111 τῶν
1014 4057 1301 4127 παρόντων
1335 4057 1527 4128 μηδενὶ
1556 4057 1942 4128 λυμηνάμενοι.

370 4152 560 4204 Ἱάὖτα
621 4150 1061 4221 προσευξάμενος
1103 4149 1182 4219 τῷ
1219 4150 1360 4222 Θεῷ,
1407 4150 1543 4220 πρὸς
1604 4152 1732 4212 τοὺς
1778 4152 1951 4219 θήρας

371 4240 755 4309 ἐπιστραφεὶς,
794 4238 880 4289 Ἑν
910 4237 1159 4305 ὀνόματι,
1189 4241 1341 4307 φησι,
1366 4238 1460 4290 τοῦ
1515 4235 1768 4307 ἀληθινοῦ
1790 4236 1948 4299 Θεοῦ,

370 4333 599 4385 ἑπάνιτε
642 4331 801 4384 πάλιν
856 4330 979 4383 ὅθεν
1032 4329 1263 4384 ἕκαστον
1299 4328 1619 4399 ἐληλύθατε,
1653 4328 1788 4398 μηδὲ
1821 4329 1951 4400 μίαν

376 4422 569 4491 μηδενὶ
618 4420 821 4491 βλάϐην
872 4421 1238 4489 ἐπαγαγόντα.
1316 4420 1526 4473 Αὐτίκα
1570 4419 1698 4489 γοῦν
1747 4421 1797 4472 οἱ
1854 4419 1952 4490 μὲν

2027 606 2081 651 et
2125 598 2300 652 solum
2354 601 2488 656 dicit
2519 604 2616 657 ei:
2659 603 2937 660 Sacrifica.
2990 605 3103 676 Ego
3149 606 3295 659 enim
3349 620 3470 658 sum
3507 604 3605 658 tibi

2032 688 2192 756 hujus
2235 691 2310 744 rei
2350 691 2638 762 fidejussor
2670 684 2921 764 idoneus,
2955 697 3098 766 quod
3136 698 3231 752 tibi
3260 700 3435 752 nullus
3472 698 3605 751 deo-

2029 794 2149 834 rum
2201 780 2487 838 irascetur.
2532 784 2668 841 Cum
2716 802 2846 856 ergo
2910 798 3152 843 attentus
3184 800 3328 843 esset
3378 799 3602 860 martyr,

2028 879 2083 925 et
2110 870 2174 924 ad
2209 887 2397 926 verum
2430 875 2599 930 Deum
2640 877 2902 946 quasdam
2952 877 3183 933 fudisset
3232 895 3423 949 preces
3453 921 3466 940 ,
3522 896 3609 934 rc—

2028 970 2192 1030 pente
2216 963 2382 1018 veluti
2413 966 2635 1035 quidam
2674 968 2934 1023 terribilis
2988 970 3205 1023 irruens
3238 979 3603 1029 terrmuiotns.

2028 1054 2264 1108 conterit
2291 1056 2513 1124 quidem
2566 1057 2736 1126 ipsam
2791 1058 2942 1113 Jovis
2999 1059 3311 1130 imaginem,
3365 1071 3420 1116 et
3455 1062 3604 1115 humi

2030 1140 2256 1213 dejicit;
2314 1154 2459 1199 metu
2500 1156 2684 1201 autem
2728 1146 2983 1203 labefecit
3016 1146 3232 1204 animos
3272 1148 3605 1210 inﬁdeYium.

2031 1233 2124 1304 qui
2169 1236 2362 1290 relicto
2409 1237 2698 1302 sacrificio,
2742 1239 3004 1310 fugerunt
3041 1256 3204 1309 quam
3256 1249 3485 1309 potuere
3511 1257 3604 1296 ce—

2030 1326 2277 1390 lerrime,
2339 1327 2393 1381 in
2451 1330 2651 1398 templo
2707 1345 2837 1384 vero
2890 1331 3156 1386 remansit
3205 1332 3355 1386 solus
3380 1331 3605 1385 athleta.

2033 1412 2170 1469 Cum
2228 1415 2412 1487 itaque
2465 1418 2710 1474 fraudem
2762 1421 3125 1477 intellexisset
3177 1436 3398 1491 praeses,
3452 1437 3606 1475 suam

2033 1506 2253 1575 quidem
2286 1510 2578 1564 accusabat
2611 1510 3007 1582 benignitatem
3032 1523 3087 1567 et
3108 1512 3452 1568 clementiam
3481 1529 3496 1566 :
3528 1512 3609 1568 ef-

2035 1596 2316 1652 ferebatur
2350 1609 2530 1654 autem
2554 1603 2816 1657 adversus
2857 1614 3174 1675 martyrem,
3206 1611 3267 1657 ut
3291 1603 3384 1672 qui
3415 1603 3611 1659 fuisset

2035 1687 2317 1758 dereptus.
2373 1699 2428 1744 et
2511 1708 2618 1745 non
2668 1694 2847 1746 solum
2912 1710 3021 1748 non
3079 1677 3457 1763 persuasisset.
3514 1692 3608 1747 sed

2034 1781 2197 1835 etiam
2277 1792 2385 1835 tam
2456 1782 2651 1851 insigni
2705 1782 2936 1839 affectus
2991 1795 3139 1840 esset
3172 1786 3470 1857 ignominia
3510 1805 3518 1814 ·
3554 1794 3612 1840 et

2038 1870 2159 1925 ideo
2207 1870 2404 1925 acerba
2462 1881 2634 1926 morte
2670 1888 2794 1927 eum
2849 1875 3064 1929 allicere
3109 1875 3383 1937 studebat,
3436 1875 3612 1945 quiet

2038 1964 2214 2032 ipsum
2239 1973 2292 2017 et
2324 1964 2470 2019 illius
2504 1965 2632 2020 deos
2668 1976 2777 2023 tam
2817 1968 2961 2038 gravi
2996 1968 3267 2023 affecisset
3316 1968 3536 2039 injuria.

2117 2233 2234 2289 XX.
2255 2234 2390 2289 Cum
2415 2249 2546 2304 ergo
2568 2235 2729 2290 sciret
2755 2277 2770 2301 ,
2826 2234 2969 2304 quod
3002 2237 3237 2305 iusserat
3268 2235 3451 2290 statim
3476 2232 3609 2289 ell‘co

2038 2335 2187 2379 ctum
2234 2325 2421 2392 fuisse,
2472 2336 2530 2382 et
2554 2336 2761 2381 turrem
2786 2326 2953 2381 fuisse
2987 2326 3331 2392 :edificatam,
3371 2335 3425 2381 et
3466 2325 3619 2381 fame.

2036 2431 2159 2470 esse
2208 2416 2471 2469 irritatam
2519 2416 2823 2470 bestiarum
2870 2416 3166 2475 feritatem.
3228 2425 3287 2471 ut
3331 2432 3433 2471 nec
3464 2416 3629 2469 ala--

2039 2504 2198 2572 pidea
2220 2504 2438 2573 quidem
2472 2504 3103 2567 abstinuissent‘natura,
3136 2505 3291 2574 jubet
3351 2505 3610 2559 athletam

2038 2594 2229 2664 projici
2283 2595 2334 2648 in
2369 2594 2609 2648 medium
2640 2610 2851 2650 earum.
2889 2595 3055 2650 Solus
3083 2610 3214 2662 ergo
3265 2594 3369 2649 fuit
3408 2607 3613 2664 martyr

2039 2683 2317 2751 dimissus,
2360 2685 2495 2740 foris
2530 2686 2705 2741 oculis
2755 2687 3246 2742 innumerabilibus
3303 2687 3484 2741 omnia
3532 2689 3613 2739 vi-

2040 2773 2320 2830 dentibus.
2352 2775 2623 2830 Cazterum
2657 2792 2767 2831 non
2799 2787 2918 2832 erat
2943 2778 3114 2842 solus,
3141 2776 3234 2831 sed
3285 2775 3532 2845 qua'dam
3559 2778 3609 2830 ei

2040 2864 2225 2920 divina
2258 2881 2288 2920 a
2318 2868 2534 2935 superis
2567 2867 2759 2921 aderat
2806 2866 3002 2935 gratia,
3031 2881 3152 2936 quae
3201 2867 3420 2935 quidem
3449 2865 3614 2919 faeie-

2040 2958 2155 3025 bat,
2184 2967 2243 3012 ut
2272 2958 2551 3014 videretur
2603 2961 2649 3015 is
2681 2975 2804 3015 cum
2832 2958 3009 3013 tribus
3033 2959 3176 3013 aliis.
3208 2958 3340 3014 Cum
3366 2973 3491 3013 cum
3524 2974 3610 3011 er-

2042 3065 2111 3120 go
2172 3050 2228 3105 in
2276 3050 2464 3104 orbem
2506 3048 3000 3104 circumdedissent
3049 3048 3257 3110 bestiae,
3295 3048 3505 3117 placide
3557 3058 3614 3103 et

2045 3150 2327 3194 mansuete
2366 3155 2490 3195 eum
2525 3138 2888 3209 aspiciebant,
2917 3148 2976 3194 et
3001 3140 3225 3209 martyri
3252 3142 3424 3193 amice
3454 3138 3613 3192 blan-

2046 3232 2361 3297 diebantur,
2418 3232 2650 3303 perinde
2678 3248 2742 3286 ac
2765 3231 2812 3286 si
2846 3232 2956 3302 jam
2985 3229 3079 3285 diu
3121 3230 3355 3285 fuissent
3399 3231 3615 3285 cicures

2046 3321 2426 3385 etmansuetae,
2448 3331 2502 3377 et
2520 3324 2570 3377 ei
2590 3321 2906 3377 familiares.
2927 3322 3047 3393 Ipse
3067 3331 3249 3375 autem
3278 3320 3532 3375 manibus
3561 3321 3615 3374 in

2047 3414 2216 3468 altum
2261 3414 2538 3469 sublatis:
2575 3415 2686 3483 Ago
2714 3414 2834 3479 tibi,
2868 3413 3068 3484 inquit,
3112 3411 3338 3482 gratias,
3384 3409 3615 3465 Domine

2046 3504 2173 3560 Jesu
2192 3506 2431 3572 Christe,
2453 3506 2671 3575 quodin
2691 3516 2946 3585 metuunt
2968 3519 3172 3559 nomen
3202 3514 3451 3558 sanetum
3481 3502 3617 3557 οσο-

2048 3596 2169 3651 cisti
2208 3596 2506 3667 gloriosum
2538 3606 2594 3651 et
2629 3595 2863 3651 eﬂecisti
2895 3593 3247 3650 admirabiles
3265 3602 3386 3647 tuas
3405 3592 3619 3647 miscri—

2048 3689 2291 3753 eordias,
2312 3688 2608 3744 bestiarum
2637 3703 2732 3743 ora
2758 3687 3068 3751 obstruens,
3087 3684 3226 3741 sicut
3250 3685 3379 3739 olim
3410 3684 3616 3741 Danicli

2052 3788 2145 3834 tuo
2172 3779 2493 3834 famulo.'l‘u
2518 3795 2674 3850 ergo,
2708 3777 2803 3848 qui
2840 3785 2896 3834 et
2926 3785 3057 3832 tunc
3082 3785 3136 3831 et
3167 3790 3315 3831 nune
3346 3775 3480 3829 facis
3529 3790 3617 3829 res

2052 3879 2159 3925 tam
2180 3871 2550 3935 admirabiles,
2574 3880 2629 3926 et
2662 3880 2769 3923 tam
2803 3877 3002 3938 prater
3017 3867 3352 3938 opinionem,
3383 3864 3555 3928 eﬂlcc,
3585 3881 3619 3920 0

2051 3976 2166 4027 rex,
2201 3961 2404 4017 efﬁcaci
2455 3971 2549 4016 tuo
2583 3969 2745 4024 nutu,
2775 3959 2868 4029 qui
2904 3958 3007 4014 sub
3037 3966 3319 4028 aspectum
3367 3972 3474 4009 non
3529 3971 3619 4009 ea-

2050 4038 2152 4116 dit,
2184 4061 2244 4105 ut
2291 4052 2371 4105 ha:
2419 4051 2546 4105 fera:
2595 4060 2836 4121 agrestes
2882 4048 3111 4103 redeant
3162 4060 3503 4115 unaquaeque
3563 4045 3616 4098 in

2052 4157 2149 4197 sua
2171 4140 2498 4206 habitacula,
2515 4156 2582 4195 ex
2607 4144 2672 4194 iis
2693 4139 2784 4208 qui
2803 4140 3024 4205 adsunt,
3044 4137 3315 4193 neminem
3334 4135 3615 4190 laedentes.

2053 4232 2179 4286 Haec
2201 4246 2324 4285 cum
2340 4231 2509 4286 Deum
2525 4240 2669 4285 esset
2691 4239 2964 4300 precatus,
2985 4228 3052 4283 ad
3073 4228 3281 4282 bestias
3298 4240 3616 4282 conversus:

2051 4323 2110 4378 In
2131 4323 2371 4388 nomine,
2397 4321 2594 4391 inquit,
2620 4320 2734 4377 veri
2754 4319 2870 4386 Dei,
2888 4320 3223 4380 revertimini
3245 4333 3455 4381 rursus,
3475 4317 3619 4371 unde

2054 4427 2393 4482 unaquaque
2421 4422 2666 4475 venerat,
2728 4411 2935 4466 nemini
2993 4412 3252 4466 damnum
3302 4408 3617 4465 aﬂeretttes.

373 4517 543 4586 θῆρες
564 4512 770 4583 ὥρμων
791 4528 808 4546 ο
843 4514 953 4566 τῶν
998 4514 1053 4566 δὲ
1084 4515 1522 4584 περιεστηκότων
1555 4511 1667 4565 δέει
1717 4511 1941 4580 ληφθέν-

2058 4504 2311 4559 Protinus
2359 4520 2489 4576 ergo
2531 4504 2986 4574 bestiae-quidem
3033 4504 3414 4572 erumpebant.
3481 4500 3618 4557 Cum

375 4625 522 4672 των,
571 4608 668 4660 καὶ
716 4606 877 4659 ἄλλου
920 4606 1180 4674 ἀλλαχόσε
1242 4605 1527 4672 διαφυγεῖν
1580 4603 1949 4675 ὡρμημένων,

376 4699 562 4749 ἐκεῖνα
588 4696 776 4766 δρόμῳ
804 4694 984 4765 πολλῷ
1021 4694 1155 4762 πρὸς
1202 4692 1302 4764 τὴν
1339 4691 1471 4764 ὕλην
1518 4692 1735 4764 ἐχώρει,
1769 4693 1951 4747 καὶτὸ

380 4789 570 4859 θαῦμα
621 4788 850 4851 πολλοὺς
904 4787 1218 4857 ἐπηγάγετο
1271 4784 1381 4837 τῶν
1419 4785 1681 4849 ἀπίστων,
1741 4786 1841 4838 καὶ
1876 4784 1951 4855 τῷ

379 4878 604 4951 Χριστῷ
632 4880 793 4950 μερὶς
826 4877 1208 4949 προσετίθετο.

451 4969 536 5025 κ’.
571 4973 736 5036 Γνοὺς
757 4972 813 5025 δὲ
832 4972 1006 5025 ταῦτα
1039 4970 1067 5023 ὁ
1092 4971 1341 5042 ἡγεμὼν,
1367 4974 1424 5027 ὲν
1456 4972 1648 5044 ἀπόρῳ
1674 4965 1742 5041 ἦν
1774 4971 1870 5024 τοῦ
1899 4970 1952 5023 τί

376 5064 702 5135 χρὴποιεῖν,
768 5066 864 5119 καὶ
909 5065 1026 5126 πῶς
1085 5067 1154 5118 ἂν
1209 5064 1377 5130 ἀξίως
1434 5064 1599 5116 αὐτὸν
1656 5064 1948 5130 ἀμύναιτο.

375 5154 477 5205 Διά
496 5169 580 5207 τοι
634 5154 793 5208 τοῦτο
823 5157 920 5209 καὶ
987 5156 1162 5223 δεσμά
1212 5154 1456 5222 περιθεὶς
1493 5154 1643 5226 αὐτῷ
1676 5156 1816 5208 κατᾶ
1844 5155 1952 5207 πᾶν

381 5245 547 5314 μέρος
568 5246 662 5298 τοῦ
696 5247 968 5314 σώματος,
998 5248 1060 5300 τὸ
1082 5249 1180 5316 μὲν
1201 5244 1433 5316 νῦνέχον
1461 5248 1541 5309 είς
1579 5246 1952 5317 δεσμωτήριον

376 5335 663 5402 ἐμϐάλλει,
695 5337 843 5400 ἐντὸς
898 5336 952 5388 δὲ
984 5338 1205 5408 ἡμερῶ)
1232 5336 1429 5402 ὀλίγων
1463 5340 1540 5400 είς
1580 5336 1952 5390 ’Δπολλωνίαν

378 5428 607 5479 ἀπιέναι
634 5426 866 5495 μέλλων,
908 5428 1060 5490 πόλις
1088 5429 1146 5481 δὲ
1179 5429 1317 5499 αὕτη
1366 5430 1426 5481 ού
1455 5429 1592 5481 πολῦ
1612 5430 1952 5496 Καισαρείας

376 5516 681 5585 ἀπέχουσα,
711 5516 920 5570 κελεύει
957 5524 1049 5571 καὶ
1075 5520 1166 5570 τὸν
1217 5518 1427 5589 Θύρσον
1457 5518 1561 5570 ὑπὸ
1594 5516 1953 5587 στρατιώταις

380 5609 679 5679 συρόμενον
728 5608 978 5661 ἕπεσθαι.
1028 5607 1289 5671 Ἐπιστὰς
1340 5610 1519 5661 τοίνυν
1547 5613 1612 5680 τῇ
1647 5611 1820 5675 πόλει,
1855 5611 1953 5662 καὶ

378 5697 524 5750 κατά
546 5697 777 5768 γνώμην
807 5698 877 5753 τὰ
904 5700 1022 5753 ἐκεῖ
1046 5698 1386 5769 διαθέμενος,
1411 5700 1600 5770 ἐπειδὴ
1626 5701 1860 5764 καὶτοὺς
1894 5702 1952 5753 ἐν

380 5789 523 5860 αὐτῇ
580 5790 790 5851 πάντας
854 5792 1113 5862 τρόπαιον
1149 5792 1338 5847 θέσθαι
1365 5795 1462 5863 τῆς
1497 5792 1750 5857 ἀσεϐείας
1782 5791 1950 5864 ᾐδού-

2053 4610 2184 4651 vero
2233 4596 2397 4657 timor
2444 4596 2748 4651 invasisset
2773 4611 2870 4651 eos
2910 4595 3004 4665 qui
3050 4596 3513 4658 circumstabant.
3565 4607 3622 4649 et

2054 4690 2144 4743 alii
2185 4690 2292 4743 alio
2341 4690 2525 4759 fugere
2568 4687 3004 4755 contenderent,
3055 4687 3161 4743 illa:
3224 4703 3419 4760 magno
3456 4703 3618 4741 cursu

2055 4779 2349 4833 tendebant
2381 4779 2447 4832 ad
2476 4780 2703 4848 sylvam.
2732 4777 3058 4833 Miraculum
3091 4786 3274 4832 autem
3303 4777 3505 4830 multos
3531 4776 3621 4828 in.-

2053 4870 2211 4924 duxit
2252 4870 2695 4941 infidelium.qui
2722 4871 2926 4927 Christi
2961 4870 3103 4939 parti
3129 4884 3188 4923 se
3217 4868 3611 4937 adjunxerunt.

2123 4961 2243 5015 XX.
2265 4961 2401 5017 Cum
2428 4976 2609 5016 autem
2649 4972 2763 5016 haec
2793 4960 3141 5030 cognovisset
3172 4972 3390 5029 praeses,
3425 4959 3479 5012 in
3510 4958 3619 5012 dn-

2052 5055 2146 5108 bio
2176 5062 2315 5117 erat,
2350 5053 2611 5123 quidnam
2667 5064 2815 5107 esset
2841 5053 2944 5107 sibi
2986 5051 3317 5116 faciendum,
3350 5062 3621 5120 etqucm-

2053 5144 2347 5200 admodum
2385 5159 2511 5198 eum
2568 5144 2934 5199 ulcisceretur
2959 5160 3056 5211 pro
3092 5142 3323 5196 meritis.
3367 5144 3623 5212 Pruptcr-

2053 5253 2117 5292 ea
2147 5237 2406 5292 omnibus
2456 5238 2701 5306 corporis
2726 5236 2974 5306 partibus
3025 5234 3075 5288 ei
3122 5234 3336 5303 injectis
3368 5235 3618 5296 vinculis.

2054 5328 2111 5382 in
2168 5326 2455 5396 praesentia
2515 5327 2737 5396 quidem
2796 5343 2924 5384 eum
2967 5326 3191 5395 conjicit
3223 5326 3276 5378 in
3324 5340 3619 5380 carcerem.

2053 5420 2192 5474 Cum
2225 5434 2354 5474 vero
2382 5416 2524 5472 intra
2548 5435 2750 5489 paucos
2773 5419 2893 5474 dies
2919 5417 3175 5473 abiturus
3210 5425 3357 5472 esset
3403 5416 3624 5486 Apollo-

2054 5513 2202 5567 niam
2221 5513 2304 5582 (ea
2326 5520 2510 5566 autem
2528 5513 2722 5569 civitas
2734 5526 2844 5566 non
2866 5513 3056 5581 procul
3082 5512 3240 5567 abest
3271 5528 3301 5566 a
3330 5510 3621 5579 Caesarea),

2050 5607 2204 5677 jubet
2259 5605 2532 5676 Thyrsum
2587 5604 2741 5674 sequi
2798 5606 3420 5660 tractumamilitibus.
3486 5604 3624 5660 Cum

2056 5699 2292 5752 venisset
2320 5712 2453 5767 ergo
2475 5696 2541 5750 in'
2568 5696 2869 5764 civitatem,
2887 5705 2946 5752 et
2970 5712 3058 5753 res
3097 5698 3211 5753 illic
3234 5697 3539 5752 ordinasset
3559 5712 3629 5751 ex

2054 5790 2345 5856 sententia,
2376 5788 2636 5860 quoniam
2679 5789 2745 5843 de
2782 5783 3039 5846 amnibus
3081 5807 3201 5863 ane
3256 5790 3310 5847 in
3340 5787 3402 5844 ea
3444 5800 3627 5855 eruit,
3666 5850 3667 5853 η
