4102 6376
472 322 574 393 531
1702 328 1986 389 MENSIS
2018 330 2449 394 DECEMBER.
3546 356 3564 366 ί
3616 337 3739 403 ὗἹΞ

481 444 700 498 wlebat
744 439 957 513 erigere
1002 452 1265 512 tropzenm
1300 439 1620 511 impietatis,
1695 451 1755 496 ιιι
1784 453 1840 497 et
1885 445 2041 499 sacri-

2154 448 2298 510 λετο,
2347 447 2490 502 ὥστε
2550 449 2646 501 καὶ
2703 451 2981 503 κοινωνεῖν
3030 449 3179 520 αὐτῷ
3237 450 3332 520 τῆς
3360 451 3577 517 θυσίας,
3634 457 3731 510 καὶ

477 534 582 588 ιὶεἱί
611 543 793 587 essent
818 548 941 587 cum
970 547 1037 586 eo
1068 531 1382 602 participes,
1408 540 1463 586 et
1484 532 1551 587 ad
1583 532 1734 588 illius
1765 533 1901 588 deus
1930 533 2041 588 ani-

2147 542 2258 602 τοῖς
2291 541 2499 594 ἐκείνου
2541 541 2897 611 προσανέχειν
2950 543 3094 605 θεοῖς
3123 558 3137 573 ο
3173 544 3285 596 δεῖν
3323 544 3467 611 ἔγνω
3494 546 3582 600 διὲι
3617 548 3729 617 τῆς

476 637 622 675 mum
644 621 1022 691 atljungerent,
1058 623 1252 676 statuit
1286 630 1544 693 oportere
1586 638 1683 678 eos
1714 624 2041 701 torrefaeere

2149 635 2232 697 εἰς
2290 633 2386 687 τδν
2446 633 2658 704 Θύρσον
2705 633 2986 704 ὠμότητος
3020 634 3216 690 αὐτούς
3249 637 3623 706 καταπλῆξαι,
3652 638 3729 703 ὡς

473 732 573 783 per
598 729 753 768 suam
798 714 849 767 in
887 714 1156 784 Tltyrsum
1205 715 1585 770 crudelitatem
1619 733 1632 768 :
1668 725 1728 768 ut
1775 722 1944 777 metu,
1977 729 2041 770 ne

2149 724 2218 778 ἂν
2253 725 2332 796 τῷ
2363 723 2513 794 φόϐῳ
2577 724 2673 794 τῆς
2722 725 2833 779 τῶν
2885 726 3086 794 ὀμοίων
3115 728 3410 797 ἐπαγωγῆς
3454 728 3729 801 ἀπειθήσῃ

472 805 661 859 eadem
686 805 766 859 eis
787 803 1141 869 inferrentur,
1177 821 1338 861 nemo
1370 816 1513 861 esset
1548 806 1641 876 qui
1672 808 2041 877 non’pareret.

472 900 515 954 Ν
551 898 762 954 sciebat
794 913 922 952 vero
953 913 1032 961 se,
1071 909 1129 953 ut
1154 898 1379 960 dicitur,
1413 897 1655 968 gladium
1709 899 1762 952 in
1803 897 2042 967 seipsum

471 1010 691 1050 acuere.
742 993 1020 1050 Publicam
1074 993 1296 1062 quidem
1364 994 1416 1047 in
1482 993 1685 1063 templo
1753 991 2043 1061 Apollinis,

472 1086 618 1156 quod
646 1086 924 1151 omnibus,
954 1102 1074 1156 quae
1102 1085 1214 1140 illic
1242 1098 1418 1150 erant,
1453 1095 1508 1139 et
1536 1086 1644 1139 alta
1677 1083 2037 1154 magniﬁcen-

478 1180 573 1242 tia,
605 1187 663 1232 et
688 1177 983 1246 imaginum
1012 1176 1365 1230 multitudine
1391 1185 1507 1231 erat
1537 1175 1771 1231 maxime
1803 1175 2039 1245 insigne,

473 1280 766 1341 congregat
818 1268 1159 1323 concienem.
1192 1266 1357 1321 lubet
1413 1277 1598 1321 autem
1636 1265 1906 1336 quosdam
1948 1265 2042 1336 ju-

478 1377 663 1425 venes,
699 1369 879 1415 mente
920 1359 1193 1421 crudeles,
1238 1374 1402 1412 manu
1462 1358 1728 1422 valentes,
1760 1365 1887 1412 ante
1919 1356 2042 1412 illas

476 1454 747 1508 idolorum
781 1452 1047 1523 imagines
1078 1461 1379 1522 martyrem
1399 1449 1758 1513 adducentes,
1777 1447 2040 1519 gravibus

473 1562 597 1600 eum
659 1544 825 1616 virgis
888 1544 1270 1599 conscindere.
1328 1542 1425 1597 Ille
1483 1556 1615 1596 vero
1672 1550 1928 1609 tanquam
1982 1540 2042 1593 in

474 1638 683 1693 somnis
706 1652 767 1691 ea
792 1636 1025 1705 patiens,
1055 1635 1121 1690 ad
1156 1650 1217 1689 ea
1252 1650 1373 1705 quae
1396 1643 1553 1689 erant
1598 1633 1824 1687 molesta
1858 1640 1911 1684 et
1946 1645 2036 1684 as-

474 1745 621 1794 pera,
672 1728 810 1782 nihil
841 1743 899 1782 se
938 1728 1314 1789 convertebat,
1363 1725 1456 1780 sed
1504 1724 1578 1779 ad
1622 1739 1811 1778 verum
1862 1722 2034 1778 Deum

474 1836 624 1875 suam
645 1820 1023 1874 transmittens
1045 1818 1457 1888 cogitationem,
1487 1816 1580 1886 qui
1607 1825 1662 1870 et
1686 1816 1912 1886 abyssos
1940 1828 2034 1868 ex-

474 1913 662 1976 siccat,
692 1919 750 1967 et
788 1919 1002 1964 montes
1034 1909 1151 1964 solo
1203 1918 1426 1978 aspectu
1459 1905 1743 1977 liquefacit
1784 1923 1796 1959 :
1841 1903 2037 1960 Veniat

473 2020 666 2060 manus
697 2014 791 2059 tua
817 2017 983 2071 super
1012 2017 1120 2068 me,
1152 2002 1349 2071 inquit,
1382 2000 1703 2064 Domine,et
1735 2013 1806 2053 ne
1843 1996 2037 2068 procul

471 2096 659 2151 abesse
692 2095 829 2150 velis
858 2094 1127 2149 auxilium
1177 2103 1333 2147 tuum
1367 2107 1395 2146 a
1431 2106 1539 2153 me,
1573 2089 1668 2145 sed
1722 2087 1944 2143 attende
1970 2086 2041 2141 ad

469 2188 846 2244 defensionem
878 2201 1076 2251 meam,
1109 2197 1165 2241 et
1195 2200 1262 2239 ne
1304 2183 1517 2254 pudore
1546 2182 1773 2247 alliciar,
1820 2180 1966 2250 quod
1997 2188 2049 2233 te

471 2273 741 2335 invocavi.
794 2278 920 2333 Hzee
971 2278 1059 2332 ille
1090 2275 1311 2346 quidem
1340 2284 1423 2329 est
1446 2285 1701 2344 precatus
1737 2294 1748 2326 :
1783 2273 1928 2328 Deus
1952 2288 2050 2327 au.

472 2383 578 2429 tem
604 2373 798 2428 eﬂ‘eeta
835 2369 1071 2425 reddidit
1093 2385 1123 2424 e
1151 2367 1384 2437 superis.
1419 2366 1555 2421 Nam
1590 2379 1646 2422 et
1671 2374 1896 2437 repente
1917 2366 2020 2420 hor

472 2464 647 2518 ribilis
677 2461 938 2532 strepitus
971 2459 1298 2515 audiebatur
1329 2458 1384 2512 in
1434 2458 1680 2521 civitate,
1715 2466 1772 2513 et
1793 2457 2049 2513 acutissi-

474 2552 575 2607 mis
620 2551 843 2621 quidem
877 2549 1127 2604 dolorum
1181 2548 1423 2604 stimulis
1475 2548 1642 2619 iudex
1704 2547 2048 2615 feriebatur;

471 2643 662 2697 soluta:
686 2651 815 2696 sunt
838 2650 1022 2696 autem
1060 2641 1300 2696 dextera:
1332 2640 1590 2710 martyris
1638 2640 1964 2705 tortoribus,
1991 2650 2050 2695 et

472 2734 622 2788 humi
660 2734 869 2805 dejeeta
914 2732 1305 2789 estmultitudo
1321 2732 1639 2803 imaginum,
1655 2740 1711 2787 et
1732 2732 1881 2786 humi
1902 2733 2051 2804 jace-

472 2827 563 2880 bat
582 2827 833 2896 turpiter.
853 2825 1041 2880 Divina
1058 2839 1187 2896 ergo
1204 2825 1483 2895 voluptate
1500 2824 1744 2894 repletus
1762 2823 2008 2894 Thyrsus
2030 2841 2045 2877 :

467 2922 577 2975 Cur
616 2936 723 2975 non
754 2919 858 2974 diis
909 2918 1018 2973 tuis
1072 2933 1291 2972 manum
1320 2917 1577 2988 porrigis,
1617 2915 1857 2970 irridens
1885 2914 2039 2969 dice-

471 3014 561 3067 bat
587 3012 825 3083 praesidi,
854 3012 946 3080 qui
972 3020 1078 3067 tam
1100 3011 1553 3081 turpiterjacent,
1583 3018 1639 3063 et
1668 3017 1761 3062 tuo
1792 3007 2043 3077 indigent

2149 815 2359 887 μηδείς.
2434 816 2721 871 Ἐλάνθανε
2781 816 2861 882 δὲ,
2893 818 2951 870 τὸ
2985 817 3079 871 τοῦ
3131 819 3319 886 λόγου,
3358 819 3495 872 καθ’
3531 817 3727 874 ἑαυτοῦ

2145 907 2245 977 τὴν
2285 907 2570 979 μάχαιραν
2622 908 2858 961 ἀκονῶν.
2919 909 3209 977 Πάνδημον
3257 910 3355 977 μὲν
3384 912 3493 978 γὰρ
3520 911 3601 971 εἰς
3635 910 3727 963 τὶν

2146 1001 2273 1053 ναὸν
2298 998 2393 1052 τοῦ
2411 997 2767 1063 Ἀπόλλωνας,
2793 998 2851 1062 ὃς
2880 998 2989 1051 τῶν
3021 1000 3140 1052 ἐκεῖ
3170 1000 3387 1053 πάντων
3416 1002 3479 1070 τῇ
3506 1017 3564 1051 τε
3586 999 3742 1070 ἄλλη

2145 1088 2469 1160 πολυτελείᾳ
2495 1088 2589 1141 καὶ
2619 1088 2698 1157 τῷ
2726 1088 2921 1159 πλήθει
2947 1088 3056 1143 τῶν
3079 1088 3415 1159 ἀγαλμάτων
3454 1089 3726 1161 ἐπισημό-

2143 1198 2308 1241 τατος
2364 1175 2455 1250 ἦν,
2512 1180 2761 1252 ἀθροίζει
2828 1181 3175 1252 πανήγυριν
3228 1181 3436 1234 κελεύει
3458 1180 3516 1233 δέ
3572 1196 3725 1244 τινας

2145 1272 2320 1340 νέους,
2365 1275 2464 1341 τὴν
2518 1272 2745 1344 γνώμην
2783 1273 2995 1342 ὠμοὺς,
3044 1273 3144 1345 τὴν
3203 1276 3364 1345 χεῖρα
3418 1271 3720 1341 γενναίους,

2144 1363 2251 1436 πρὸ
2301 1363 2412 1417 τῶν
2496 1362 2791 1417 εἰδωλικών
2854 1363 3080 1417 ἐκείνων
3166 1363 3502 1432 ἀγαλμάτων
3560 1378 3721 1430 περι-

2144 1459 2378 1520 στάντας
2412 1455 2504 1510 τδν
2536 1456 2811 1527 μάρτυρα,
2846 1456 3065 1525 ῥάϐδοις
3099 1456 3350 1527 βαρείαις
3366 1453 3527 1513 αὑτὸν
3550 1469 3721 1504 κατα-

2145 1548 2389 1601 κόπτειν.
2435 1546 2493 1601 '0
2517 1546 2596 1610 δὲ,
2630 1545 2884 1616 καθάπερ
2914 1545 3047 1615 ὄναρ
3072 1546 3141 1598 τὰ
3170 1545 3418 1615 παρόντα
3472 1543 3719 1613 πάσχων,

2138 1640 2282 1693 οὕτω
2311 1639 2444 1709 πρδς
2481 1639 2633 1692 οὐδὲν
2683 1637 2793 1692 τῶν
2852 1635 3120 1706 ἀλγεινῶν
3159 1624 3547 1705 ἐπεστρέφετο,
3583 1632 3721 1687 ἀλλᾶ

2143 1732 2241 1802 τὴν
2278 1731 2520 1785 διάνοιαν
2546 1729 2605 1784 εὖ
2636 1729 3015 1800 παραπέμψας
3078 1726 3174 1779 ἐπὶ
3218 1728 3308 1778 τον
3349 1725 3524 1795 ἀληθῆ
3557 1723 3715 1776 δικαο

2120 1817 2125 1820 ’
2154 1824 2310 1892 στὴν,
2350 1822 2441 1875 τὸν
2470 1822 2580 1875 καὶ
2610 1820 2881 1883 ἀϐύσσους
2933 1817 3275 1888 ξηραίνοντα,
3318 1817 3412 1868 καὶ
3438 1816 3538 1886 ὅρη
3575 1815 3727 1883 μόνῳ

2150 1917 2228 1989 τῷ
2249 1916 2519 1988 βλέμματι
2549 1916 2806 1984 τήκοντα,
2852 1911 3083 1964 Ἐλθέτω
3134 1911 3165 1979 ἡ
3201 1907 3320 1980 χείρ
3352 1924 3447 1960 σου
3478 1904 3571 1957 ἐπ’
3595 1904 3721 1974 ἐμὲ,

2152 2005 2516 2078 προσηύχετο,
2559 2004 2753 2075 Κύριε,
2786 2004 2878 2057 καὶ
2902 2002 2977 2072 μὴ
3010 2001 3297 2072 μακρύνῃς
3334 1997 3432 2068 τὴν
3464 1995 3722 2068 βοήθειάν

2154 2118 2252 2154 σου
2276 2100 2370 2154 ἀπ’
2395 2096 2550 2169 ἐμοῦ,
2582 2095 2717 2151 ἀλλὰ
2744 2096 3014 2167 πρόσσχες
3044 2095 3124 2156 είς
3151 2090 3249 2164 τὴν
3274 2089 3560 2159 ἀντίληψιν
3593 2105 3719 2159 μου,

2153 2194 2248 2247 καὶ
2280 2192 2357 2263 μὴ
2385 2188 2862 2260 καταισχυνθείην,
2890 2190 2971 2242 ὅτι
2999 2185 3414 2253 ὲπεκαλεσάμην
3432 2199 3511 2235 σε.
3537 2180 3722 2235 Ταῦτα

2152 2286 2361 2346 ἐκεῖνος
2424 2284 2522 2353 μὲν
2578 2270 2777 2351 ηύχετο
2812 2318 2830 2346 ,
2883 2279 3016 2341 Θεὸς
3072 2277 3128 2330 δὲ
3179 2276 3386 2331 ἄνωθεν
3453 2272 3723 2326 ἐπετέλει.

2152 2375 2375 2439 κτύπος
2425 2375 2538 2445 γὰρ
2568 2372 2845 2443 ἁθρῦονὲν
2903 2373 2970 2442 τῇ
3013 2369 3164 2422 πύλει
3208 2367 3438 2438 φρικτὸς
3468 2366 3718 2435 ἠκούετο,

2151 2468 2248 2523 καὶ
2270 2465 2550 2531 ὀξυτάτοις
2578 2463 2674 2532 μὲν
2730 2463 2975 2530 κέντροις
3016 2459 3213 2514 ὀδυνῶν
3235 2462 3262 2512 ὀ
3286 2458 3523 2522 δικάζων
3555 2455 3720 2509 ἐϐάλ-

2152 2561 2294 2624 λετο,
2332 2561 2585 2630 παρεῖντο
2603 2556 2661 2610 δὲ
2693 2554 2789 2619 τὰς
2827 2553 3007 2619 δεξιὰς
3061 2554 3111 2605 οι
3154 2552 3249 2607 τοῦ
3306 2554 3583 2621 μάρτυρος
3631 2565 3721 2601 κο-

2151 2651 2368 2717 λασταὶ,
2427 2649 2523 2704 καὶ
2575 2650 2608 2720 ἡ
2662 2649 2773 2702 τῶν
2815 2648 3147 2718 ἀγαλμάτων
3191 2644 3400 2714 πληθὺς
3430 2644 3724 2715 καθῃρεῖτο

2153 2745 2248 2798 καὶ
2274 2743 2353 2805 είς
2378 2742 2481 2812 γῆν
2509 2741 2721 2810 ἀτίμως
2753 2740 3064 2812 ὲρῤίπτετο.
3111 2737 3272 2801 Θείας
3317 2737 3498 2789 τοίνυν
3519 2739 3545 2788 ὁ
3577 2735 3721 2803 Θύρ-

2154 2854 2245 2897 σος
2276 2835 2468 2906 ἡδονῆς
2500 2833 2834 2904 πληρωθεὶς,
2863 2833 2960 2885 Διὰ
2988 2832 3040 2885 τί
3063 2831 3139 2902 μὴ
3168 2831 3327 2901 χεῖρα
3361 2832 3476 2890 τοῖς
3500 2829 3721 2889 οἰκείοις

2150 2928 2367 2998 ὀρέγεις
2419 2928 2581 2990 Θεοῖς,
2632 2924 3003 2994 ἐπιχλευάζων
3045 2923 3235 2993 ὥσπερ
3295 2922 3428 2990 φησι
3458 2920 3595 2991 προς
3628 2917 3722 2971 τὸν

2152 3019 2417 3092 ⁴ἡγεμόνα,
2482 3017 2725 3088 αἰσχρῶς
2759 3017 2903 3071 οὕτω
2950 3016 3253 3086 κειμένοις,
3301 3014 3518 3082 καὶτῆς
3569 3010 3721 3079 παρὰ

469 3105 672 3160 auxilio
709 3122 726 3173 ;
764 3104 858 3159 sed
890 3104 949 3157 in
978 3103 1157 3158 medio
1192 3117 1288 3158 eos
1317 3101 1558 3170 despicis
1592 3100 1829 3161 theatro,
1854 3099 1922 3154 ad
1963 3100 2037 3154 ir-

2151 3111 2244 3165 σοῦ
2296 3110 2573 3180 δεομένοις
2632 3112 2972 3181 ἐπικουρίας,
3032 3108 3149 3162 ἀλλ’
3187 3110 3244 3161 ὲν
3277 3106 3428 3177 μέσῳ
3461 3106 3720 3175 περιορᾷς

473 3198 756 3252 ridendum
789 3198 1064 3264 expositos
1096 3195 1162 3248 iis
1194 3194 1293 3264 qui
1318 3193 1745 3247 nonemcutinnt
1772 3192 1795 3244 ?
1821 3192 1912 3247 llle
1940 3207 2043 3246 au-

472 3300 579 3343 tem
610 3288 710 3343 etsi
757 3288 1017 3358 gravibus
1066 3296 1381 3357 tangeretur
1432 3284 1741 3349 doloribus,
1780 3301 1889 3339 non
1920 3293 2044 3340 erat

473 3391 652 3434 tamen
691 3381 811 3448 ejus
845 3378 1034 3433 vitium
1062 3377 1329 3433 eurabilc.
1366 3376 1496 3441 Sed,
1524 3375 1781 3431 scelerati
1817 3375 2043 3448 Thyrsi,

469 3473 668 3534 aiebat,
699 3470 979 3540 praestigiae
1014 3469 1317 3540 graviorem
1350 3468 1484 3523 mihi
1517 3480 1694 3523 morte
1724 3469 1892 3522 vitam
1926 3482 2045 3522 om-

470 3562 604 3615 nino
635 3560 911 3615 elﬁciunt.

534 3746 676 3801 XXI.
715 3744 835 3799 Erat
876 3753 1064 3799 autem
1087 3741 1387 3813 Apolloniae
1414 3741 1495 3795 vir
1527 3739 1776 3809 quidam,
1813 3739 2046 3793 notnine

468 3839 793 3903 Callinicus,
825 3836 1113 3892 nobilitate
1144 3835 1329 3889 clarus
1351 3844 1407 3889 et
1438 3832 1818 3899 intelligentia,
1851 3841 1906 3886 et
1944 3831 2039 3901 qui

470 3934 523 3987 in
562 3932 769 4001 patrios
795 3931 928 3985 deos
952 3943 1170 3997 semper
1202 3943 1449 3997 magnam
1485 3924 1815 3980 ostendebat
1845 3938 2040 3992 super-

469 4023 769 4085 stitionem,
799 4032 1028 4092 eratque
1061 4020 1279 4076 illorum
1331 4017 1589 4073 sacerdos
1646 4026 1702 4071 et
1738 4016 1992 4070 minister
2021 4036 2036 4072 :

467 4126 522 4168 et
547 4115 677 4169 ideo
705 4129 882 4185 atque,
907 4123 1073 4181 atque
1108 4110 1184 4166 dii
1217 4125 1246 4164 a
1274 4107 1478 4165 Grzecis
1504 4107 1765 4162 omnibus
1789 4105 2035 4160 habeba-

470 4221 560 4262 tur
594 4208 648 4262 in
714 4208 946 4262 honore.
978 4205 1031 4260 Is
1073 4201 1398 4275 jampridem
1453 4201 1745 4255 attendens
1797 4213 1861 4253 ea
1917 4213 2039 4267 qua:

470 4301 797 4355 mirabiliter
819 4309 876 4354 et
904 4306 1103 4368 praeter
1131 4295 1448 4365 Opinionem
1480 4293 1531 4346 vi
1560 4306 1801 4360 superna
1836 4290 2039 4344 ﬁebant

469 4410 505 4445 a
534 4400 794 4461 martyre,
824 4404 955 4445 eum
978 4388 1146 4443 etiam
1179 4386 1477 4457 imaginum
1508 4385 1855 4441 interfuisset
1878 4399 2038 4439 ever-

2150 3201 2350 3263 αὐτοὺς
2378 3200 2456 3270 τῷ
2513 3198 2751 3271 θεάτρῳ,
2800 3199 3014 3267 γέλωτα
3059 3194 3459 3269 προκειμένους
3506 3195 3612 3253 τοῖς
3642 3189 3719 3258 μὴ

2147 3293 2553 3364 τυφλώττουσιν
2579 3309 2596 3360 ;
2639 3293 2700 3346 '0
2725 3292 2801 3354 δὲ.
2834 3291 2930 3346 καὶ
2957 3289 3173 3347 ὀδύναις
3198 3288 3420 3358 πικραῖς
3460 3283 3720 3353 βαλλόμε-

2146 3401 2255 3447 νος,
2283 3383 2382 3453 τὴν
2430 3383 2630 3437 κακίαν
2660 3384 2809 3454 ὅμως
2835 3384 2936 3436 οὐκ
2964 3377 3031 3452 ἦν
3079 3381 3322 3447 ἰάσιμος,
3356 3376 3491 3432 ἀλλ’.
3527 3375 3593 3426 Al
3624 3372 3718 3424 τοῦ

2146 3476 2450 3547 ἀλιτηρίου,
2496 3475 2725 3544 ἔφασκε,
2759 3474 2969 3543 Θύρσου
3019 3475 3267 3543 γοητεῖαι
3323 3465 3719 3539 χαλεπωτέραν

2149 3583 2240 3636 μοι
2272 3565 2503 3621 θανάτου
2554 3567 2761 3631 παντὸς
2805 3567 3132 3638 ἐργάζονται
3163 3563 3262 3635 τὴν
3309 3562 3476 3633 ζωήν.

2216 3752 2345 3805 KA'.
2375 3746 2483 3804 Ἦν
2512 3751 2570 3805 δὲ
2601 3748 2750 3820 παρὰ
2796 3752 2865 3822 τῇ
2911 3746 3252 3818 Ἀπολλωνίᾳ
3280 3743 3602 3807 Καλλίνικος
3631 3759 3717 3805 τις

2145 3844 2289 3914 ἀνὴρ
2314 3843 2510 3912 ὄνομα,
2551 3842 2804 3914 εὐγενείᾳ
2828 3842 2923 3897 καὶ
2954 3841 3168 3897 συνέσει
3193 3840 3477 3909 διαφανὴς,
3512 3835 3716 3904 πολλήν

2143 3951 2205 3988 τε
2238 3934 2325 3989 ἀεὶ
2344 3935 2475 4005 περὶ
2501 3934 2630 3997 τοὺς
2659 3932 2950 4005 πατρῴους
2983 3933 3138 3994 θεοὺς
3164 3930 3262 4003 τὴν
3289 3927 3716 3997 δεισιδαιμονέαν

2146 4026 2617 4099 ἐπιδεικνύμενος,
2668 4028 2765 4080 καὶ
2826 4024 3005 4096 ἱερεὺς
3033 4023 3258 4078 ἐκείνων
3310 4022 3409 4075 καὶ⁵
3457 4019 3716 4091 θεράπων

2144 4119 2338 4183 τελῶν,
2388 4121 2483 4174 καὶ
2531 4120 2621 4172 διὰ
2672 4119 2847 4172 ταῦτα
2904 4119 2994 4173 ίσα
3065 4117 3207 4178 θεοῖς
3248 4114 3520 4184 Ἑλλήνων
3558 4108 3720 4163 παισὶ

2143 4211 2477 4282 τιμώμενος.
2502 4202 2675 4276 Οὗτος
2714 4214 2827 4274 τοῖς
2865 4207 3183 4280 παραδόξως
3208 4205 3416 4262 ἄνωθεν
3460 4202 3718 4269 τελουμέ-

2145 4321 2256 4366 νοις
2310 4303 2413 4356 ύπδ
2463 4302 2558 4356 τοῦ
2624 4301 2901 4372 μάρτυρος
2953 4300 3049 4354 καὶ
3098 4299 3265 4353 πάλαι
3311 4295 3596 4364 προσέχων
3624 4292 3719 4346 τὸν

2143 4393 2292 4456 νοῦν,
2348 4394 2535 4463 ἐπειδὴ
2591 4393 2682 4448 καὶ
2723 4396 2789 4464 τῇ
2834 4392 2943 4447 τῶν
3004 4390 3209 4455 ξοάνων
3260 4386 3450 4459 παρὼν
3503 4383 3714 4454 ὑπῆρξε

470 4481 633 4541 sioni,
663 4488 719 4534 et
747 4478 976 4533 vidisset
1003 4477 1230 4541 malum,
1260 4475 1411 4546 quod
1441 4475 1719 4531 ceciderat
1752 4475 1807 4530 in
1845 4475 2037 4545 presio-

2146 4486 2525 4553 καταστροφῇ,
2578 4482 2756 4537 καὶτὸ
2800 4480 3161 4550 κατασκῆψαν
3214 4479 3294 4540 εἰς
3330 4477 3423 4532 τὸν
3476 4477 3716 4546 ἄρχοντα.

470 4574 618 4637 dem,
647 4570 781 4625 deos
834 4568 1056 4639 quidem
1088 4582 1221 4623 suos
1257 4582 1466 4635 magum
1507 4567 1911 4622 condemnabat
1933 4566 2040 4622 im-

470 4662 785 4721 becillitatis
817 4680 832 4717 :
865 4660 1076 4716 semine
1132 4668 1319 4716 autem
1368 4659 1589 4730 pietatis
1620 4659 1675 4714 in
1708 4660 1892 4715 animo
1914 4674 2039 4714 sus-

469 4768 651 4831 cepto,
693 4755 898 4813 sensim
933 4752 1081 4825 apud
1107 4768 1200 4809 se:
1226 4751 1330 4820 Qui
1362 4768 1393 4806 a
1433 4752 1880 4823 Thyrso,inquit,
1906 4766 2044 4821 prae-

469 4852 672 4908 dicaris
695 4851 862 4916 Deus,
888 4848 983 4919 qui
1015 4855 1097 4903 tot
1116 4855 1341 4903 ettanta
1361 4861 1459 4917 per
1484 4861 1612 4901 eum
1637 4843 2041 4900 admirabiliter

471 4944 646 5000 fecisti
708 4940 975 5014 prodigia,
1015 4947 1072 4995 tu
1101 4954 1321 5009 quoque
1355 4953 1443 4993 me
1470 4945 1726 5008 tanquam
1779 4943 2034 4991 recenter

468 5038 704 5091 electum
756 5033 988 5088 militem
1013 5034 1252 5101 suscipe.
1290 5040 1349 5086 et
1401 5044 1488 5084 me
1536 5029 1645 5098 jam
1696 5028 1957 5082 conﬁrma
1981 5043 2047 5084 ac

473 5129 769 5185 eorrobora
799 5124 1061 5180 adversus
1114 5123 1370 5177 inimicos
1427 5118 1700 5176 veritatis.
1738 5118 1862 5174 Haec
1917 5133 2043 5173 cum

472 5221 617 5290 apud
685 5233 746 5273 se
800 5232 927 5272 cum
1012 5215 1400 5270 universorum
1476 5212 1590 5266 Deo
1660 5210 2044 5276 disseruisset,

474 5310 686 5366 accedit
717 5308 1004 5379 prtesidem
1056 5306 1354 5361 artiﬁciose
1389 5303 1625 5358 irridens
1657 5322 1670 5359 :
1703 5302 2052 5366 Clarissime,

474 5402 669 5471 inquit,
708 5416 924 5468 praeses,
963 5400 1050 5453 hic
1101 5398 1299 5460 homo,
1330 5398 1423 5465 qui
1495 5393 1783 5449 tormentis
1848 5394 2047 5449 misero

472 5496 797 5556 enitet-itur,
875 5492 1065 5545 Jovem
1122 5504 1437 5558 supremum
1511 5488 1737 5549 deorum
1816 5487 1872 5540 in
1939 5495 2052 5541 ter-

474 5602 587 5640 ram
644 5584 840 5652 dejeeit
886 5592 945 5637 et
1009 5582 1288 5647 contrivit,
1375 5580 1645 5635 Phoebum
1731 5578 2040 5647 Apollinem

472 5678 581 5746 jam
609 5675 771 5730 tertio
793 5673 1057 5743 confregit
1083 5690 1101 5727 :
1135 5674 1269 5743 quin
1326 5672 1492 5728 etiam
1524 5670 1701 5741 ipsum
1734 5668 2045 5733 Herculem,

481 5766 575 5839 qui
612 5764 666 5819 in
689 5763 850 5820 bellis
886 5775 970 5821 est
998 5764 1255 5831 invictus,
1283 5763 1600 5834 prostravit;
1631 5776 1741 5819 non
1772 5760 2046 5827 manibus,

2143 4570 2251 4630 εἶδε
2279 4574 2471 4641 κακὸν,
2505 4574 2789 4629 ἀσθένειαν
2815 4572 2918 4643 μὲν
2942 4572 3141 4642 πολλὴν
3163 4570 3272 4624 τῶν
3306 4569 3523 4623 οἰκείων
3557 4566 3722 4619 κατέ--

2147 4685 2262 4735 γνω
2305 4667 2464 4730 θεῶν,
2515 4666 2607 4719 τὸν
2654 4664 2854 4735 σπόρον
2882 4664 2927 4718 δ’
2953 4665 3012 4717 ὲν
3040 4665 3107 4734 τῇ
3131 4662 3277 4734 ψυχῇ
3298 4660 3401 4730 τῆς
3429 4660 3492 4714 εύ
3504 4657 3718 4721 σεσείας

2145 4759 2459 4829 δεξάμενος,
2509 4757 2695 4829 ἠρέμα
2751 4756 2876 4810 καθ’
2937 4755 3153 4821 ἑαυτὸν,
3205 4753 3269 4806 ’0
3341 4752 3447 4806 ύπδ
3500 4749 3713 4819 Θύρσου

2149 4849 2576 4921 κηρυττόμενος,
2630 4846 2732 4918 ἔφη
2765 4887 2781 4913 ,
2817 4847 2971 4913 Θεὸς,
3028 4848 3058 4901 ὀ
3103 4845 3365 4916 τεράστια
3430 4843 3498 4897 δι’
3547 4838 3714 4894 αὐτοῦ

2146 4943 2387 4996 τοσαῦτα
2411 4942 2929 5012 θαυματουργήσας,
2957 4939 3122 5000 αὐτὸς
3153 4933 3243 4992 οἷα
3265 4937 3546 4992 νεόλεκτον
3566 4934 3717 5003 κάμὲ

2149 5033 2490 5103 στρατιώτην
2527 5032 2801 5099 ὑπόδεξαι,
2834 5033 2927 5084 καὶ
2958 5030 3098 5084 κατὰ
3114 5028 3225 5083 τῶν
3255 5027 3463 5097 ἐχθρῶν
3484 5025 3589 5095 ἤδη
3615 5023 3718 5092 τῆς

2146 5125 2402 5195 ἀληθείας
2432 5125 2734 5193 ὲνίσχυσον.
2757 5124 2942 5178 Ταῦτα
2972 5120 3096 5177 καθ’
3129 5120 3322 5174 ἑαυτὸν
3358 5118 3434 5189 τῷ
3464 5117 3583 5186 Θεῷ
3607 5114 3717 5168 τῶν

2148 5218 2288 5272 ὅλων
2343 5215 2682 5286 διαλεχθεὶς,
2737 5214 2989 5282 πρόσεισι
3046 5210 3398 5283 μυκτηρίζων
3449 5209 3717 5277 εὐτέχνως

2147 5310 2244 5363 τὸν
2263 5309 2529 5379 ἡγεμόνα,
2568 5309 2685 5372 καὶ,
2740 5303 2813 5359 Ὃ
2839 5306 3212 5375 λαμπρότατε,
3245 5288 3433 5374 φησὶν,
3468 5299 3716 5371 ἡγεμὼν,

2148 5389 2491 5457 οὗτοςόταίς
2551 5393 2805 5463 βασάνοις
2858 5391 3059 5456 ἀθλίως
3107 5391 3579 5460 κατατριϐόμενος
3624 5388 3716 5440 ἄν·

2151 5485 2387 5555 θρωπος,
2438 5485 2528 5538 τὸν
2549 5484 2761 5537 ὕπατον
2785 5485 3039 5536 ἁπάντων
3099 5484 3217 5534 θεὸν
3247 5483 3365 5543 Δία,
3397 5483 3474 5542 είς
3522 5479 3712 5544 ἔδαφος

2150 5579 2535 5639 κατασπάσας,
2564 5574 2878 5645 συνέτριψε,
2913 5574 3001 5626 τὸν
3031 5572 3221 5625 Φοῖϐον
3263 5570 3576 5624 Ἀπόλλωνα
3600 5568 3719 5637 τρί-

2148 5684 2241 5721 τον
2268 5668 2370 5740 ῆδη
2405 5667 2661 5733 κατέαξε·
2691 5665 2784 5719 καὶ
2818 5665 2985 5718 αὐτὸν
3007 5664 3066 5717 δὲ
3088 5662 3181 5715 τὸν
3206 5663 3268 5716 ὲν
3300 5661 3558 5731 πολέμοις
3584 5659 3717 5728 ἀήτ-

2150 5776 2311 5830 τητον
2389 5758 2660 5830 Ἠρακλέα
2715 5757 2912 5831 ῥᾳδίως
2957 5756 3310 5828 κατήνεγκεν,
3367 5754 3430 5809 ού
3496 5749 3714 5824 χειρῶν,
