4122 6380
327 302 442 405 ’533

1218 356 1686 420 MARTYRIUM
1733 364 1790 423 S.
1834 364 2118 427 THYKSI
2157 370 2253 430 ET
2291 372 2681 437 SOCJOBUM

328 456 431 572 (:61
487 456 696 522 ὃπλων,
758 460 822 512 οὐ
889 461 1078 532 ξίφους
1133 467 1220 518 ἐπ’
1269 469 1452 524 αὐτῶν
1511 472 1916 543 δεηθεὶς,ἁλλὲ

2025 495 2132 537 non
2159 485 2352 551 armis,
2400 503 2509 543 non
2543 505 2676 546 ense
2716 492 2983 550 adversus
3026 512 3154 553 eum
3190 498 3466 572 indigens,
3504 506 3598 559 sed

330 545 475 618 ψιλῷ
502 549 716 619 ῥήματι
765 551 917 622 μόνῳ
944 555 1040 607 καὶ
1070 556 1264 625 κλήσει
1325 561 1591 631 Χριστοῦ,
1619 568 1713 618 καὶ
1740 567 1916 622 ταῦτα

335 639 572 710 σταυρὸν
592 640 806 696 ἐκείνου
830 646 926 699 καὶ
951 646 1180 703 θάνατον
1204 651 1622 723 ὑπομείναντος.
1647 658 1707 711 Ei
1734 659 1917 714 τοίνυν

331 734 399 799 τῇ
433 732 682 805 ύμετὲρα
741 735 892 791 δοκεῖ
923 741 1165 813 ἐξουσίᾳ,
1215 745 1614 814 προσελθόντες
1653 750 1758 804 κᾶν
1781 753 1915 820 γοῦν

346 823 625 895 Ἦρακλὶα
655 827 751 883 τδν
795 829 1152 897 Ἀλεξίκακον
1181 836 1307 892 θεὸν
1345 840 1768 913 ἀναστήσωμεν,
1818 848 1916 900 καὶ

330 913 640 986 ἂηθῶμεν,
671 919 995 976 αίδεσθέντα
1017 926 1086 979 τὰ
1107 926 1277 982 πάλαι
1302 932 1433 1001 περὶ
1478 932 1648 987 αὐτοῦ
1684 934 1916 1007 θρυλού·

334 1025 500 1079 μενα,
566 1018 918 1085 παραστῆναι
972 1023 1434 1093 τυραννουμένοις
1482 1025 1564 1096 τῷ
1622 1028 1792 1098 πατρὶ
1832 1031 1916 1083 Διὶ

332 1103 519 1175 καὶτῷ
557 1104 688 1174 θείῳ
746 1107 1082 1165 Ἀπόλλωνι·
1131 1108 1281 1168 οὗτοι
1320 1116 1429 1188 γὰρ
1485 1118 1591 1172 ὑπὸ
1625 1120 1786 1191 βαθεῖ
1838 1122 1915 1192 τῷ

332 1194 490 1266 ὕπνῳ
519 1197 809 1253 καθεύδειν
869 1201 1094 1257 δοκοῦσι
1117 1221 1131 1237 ο
1168 1208 1260 1260 καὶ
1311 1210 1914 1281 τεσσαρεσκαιδέκατον

334 1282 498 1341 ἆθλον
520 1288 710 1345 τοῦτον
729 1293 879 1364 αὐτῷ
901 1297 1316 1370 ἀναγράψομεν.

405 1380 535 1434 KB‘.
585 1380 663 1437 Οὐ
699 1384 933 1440 συνιδὼν
973 1390 1156 1444 τοίνυν
1191 1392 1292 1463 τὴν
1349 1395 1551 1467 χλεύην
1580 1398 1608 1450 6
1646 1398 1896 1468 ἡγεμὼν,

360 1471 432 1533 Ως
465 1471 561 1525 οὖν
589 1475 749 1543 ἐμοῦ,
782 1477 911 1548 ἔφη,
949 1482 1201 1552 πονήρως
1235 1484 1362 1555 άρτι
1389 1487 1743 1560 διακειμένου
1768 1532 1783 1556 ,
1816 1494 1913 1547 καὶ

332 1562 582 1628 ἀσθενῶς
614 1564 854 1636 ἔχοντος,
908 1573 1200 1642 πορευθεὶς
1227 1577 1390 1640 αὐτὸς
1421 1577 1652 1635 ίλέωσαί
1681 1601 1741 1637 τε
1779 1588 1912 1655 ἡμίν

332 1656 458 1719 τοῦς
493 1655 675 1722 θεοὺς,
710 1661 804 1713 καὶ
834 1663 977 1718 κατὰ
1004 1665 1101 1718 τοῦ
1136 1671 1503 1737 τερατοποιοῦ
1531 1673 1724 1728 τούτου
1760 1676 1911 1747 Θύρο

338 1764 432 1801 σου
480 1750 686 1821 σπουδῇ
731 1751 1115 1826 διανάστησον.
1164 1760 1276 1814 Καὶ
1304 1762 1333 1815 6
1365 1763 1709 1829 Καλλίνικος,
1749 1768 1911 1823 Ἀλλὰ

334 1840 563 1906 νομίζω,
615 1836 759 1910 εἶπε,
820 1846 1090 1920 μεγίστην
1122 1847 1264 1905 εἶναι
1294 1855 1390 1907 τοῦ
1435 1859 1913 1932 καταδεδληκότος
1950 1838 1990 1893 Β

333 1933 459 1986 θεοῦ
492 1934 592 2007 τὴν
640 1938 874 2009 δύναμιν
894 1979 909 2004 ,
944 1943 1040 1994 καὶ
1072 1942 1294 1999 δέδοικα
1319 1947 1396 2011 ὡς
1427 1949 1550 2003 οὐδὲ
1588 1953 1778 2019 σφίσιν
1810 1956 1910 2008 αύ-

332 2029 445 2086 τοίς
493 2028 776 2099 ἐπαμῦναι
821 2032 1167 2105 δυνήσονται.
1227 2038 1498 2095 Ἐνταῦθα
1551 2045 1769 2114 συνίησι
1812 2040 1917 2120 τὴν

333 2122 548 2190 ἀπάτην
635 2122 664 2175 6
707 2124 956 2194 ἡγεμὼν,
1030 2129 1148 2192 καὶ,
1182 2125 1367 2186 'Hnoo
1430 2134 1519 2200 σὺ,
1600 2138 1913 2207 Καλλίνικε,

334 2214 491 2282 φησὶ,
522 2218 641 2279 ταῖς
666 2216 763 2270 τοῦ
792 2219 996 2289 μιαροῦ
1024 2221 1216 2276 τούτου
1247 2228 1529 2295 γοητείαις
1563 2230 1772 2295 ἐάλωςς
1796 2234 1914 2287 Κά-

337 2309 516 2371 κείνος
562 2309 684 2363 οὐδὲ
714 2310 1058 2381 φθέγξασθαί
1105 2334 1156 2369 τι
1199 2319 1362 2371 πλέον
1390 2321 1556 2374 αὐτὸν
1608 2324 1916 2393 ἀναμείνας

336 2403 484 2467 (οὐδὲ
528 2404 638 2476 γάρ
688 2404 1132 2476 ἐπικρύπτεσθαι
1190 2412 1252 2464 τὸ
1303 2412 1494 2469 λοιπδν
1526 2416 1773 2487 ἠνείχετο
1817 2421 1915 2489 τὴν

332 2494 644 2564 εὐσέϐειαν)
684 2497 767 2560 εἷς
790 2514 850 2551 τε
881 2498 1158 2568 δωμάτιον
1191 2503 1356 2566 εὐθὺς
1383 2508 1460 2569 ὡς
1488 2506 1636 2580 εἶχεν
1673 2512 1912 2583 ἀποδρα-

339 2584 482 2654 μὼν,
504 2586 752 2659 κείρεται
778 2590 880 2655 τὰς
902 2592 994 2645 ἐπὶ
1022 2596 1090 2665 τῇ
1122 2596 1329 2668 κεφαλῇ
1370 2599 1584 2670 τρίχας,
1610 2608 1916 2675 περιαιρλ-

335 2699 428 2734 ται
464 2682 556 2735 τὸν
589 2682 851 2752 πώγωνα,
901 2686 1200 2743 ἀποδύεται
1229 2692 1299 2743 τὰ
1345 2691 1559 2761 ἱμάτια,
1603 2699 1695 2749 καὶ
1722 2697 1915 2767 ἑλόμε-

336 2789 428 2835 νος
477 2774 619 2827 αὐτὰ
655 2777 778 2839 ταίς
818 2776 977 2846 χερσὶ
1005 2778 1228 2849 κομίζει
1261 2779 1424 2851 μέχρι
1472 2781 1567 2836 τοῦ
1618 2786 1915 2856 ἡγεμόνος,

335 2865 433 2917 καὶ
466 2866 572 2937 πρὸ
601 2866 711 2919 τῶν
742 2867 955 2923 ἐκείνου
984 2870 1160 2924 ταῦτα
1188 2872 1366 2925 ποδῶν
1382 2875 1721 2947 ἀπορρίψας,
1752 2879 1914 2946 Δέξαι

340 2977 447 3029 μου
474 2960 572 3024 τὰς
604 2961 821 3033 τρίχας,
869 2955 917 3017 ὦ
953 2963 1199 3035 ἡγεμὼν,
1245 2965 1377 3039 ἔφη,
1425 2972 1523 3022 καὶ
1558 2972 1657 3040 τὴν
1692 2974 1911 3045 στολὴν,

332 3054 404 3117 ἀς
454 3052 718 3122 θυμάτων
774 3056 973 3107 κνίσσα
1029 3056 1127 3110 καὶ
1182 3058 1390 3121 καπνὸς
1432 3063 1530 3113 καὶ
1577 3065 1915 3135 χειμάρρους

2024 575 2143 628 Solo
2167 576 2335 631 verbo
2365 579 2517 634 nudo
2547 588 2604 636 et
2624 580 2828 637 Christi
2860 583 3249 643 invocatione:
3283 590 3450 662 idque
3475 609 3599 648 cum

2025 663 2117 720 ille
2150 682 2369 723 crucem
2393 679 2449 725 et
2484 681 2718 727 mortem
2761 675 3109 732 sustinuerit.
3140 678 3199 735 Si
3242 697 3374 751 ergo
3406 693 3601 738 vestra-

2025 759 2247 814 videtur
2275 764 2557 830 potentiae,
2593 766 2941 831 accedamus,
2994 779 3053 825 et
3084 769 3399 838 Ilerculem.
3437 775 3600 831 deum

2023 853 2116 920 qui
2161 852 2213 906 in
2267 855 2428 911 malis
2460 854 2564 910 fert
2590 871 2777 928 opem,
2809 859 3110 930 erigamus,
3140 874 3197 919 et
3231 881 3509 936 rogemus,
3543 881 3629 944 ut.

2024 943 2327 1013 respiciens
2355 960 2441 1009 ea,
2474 963 2597 1018 qua:
2629 949 2741 1020 jam
2778 951 2909 1006 olim
2939 952 3007 1008 de
3036 954 3157 1024 ipso
3190 958 3487 1027 iactantur,
3507 962 3602 1016 ad-

2022 1036 2095 1089 sit
2129 1035 2422 1106 tyrannide
2459 1039 2740 1109 oppressis
2771 1039 2891 1096 .Iovi
2918 1044 3058 1113 patri
3100 1053 3157 1098 et
3190 1045 3380 1101 divino
3434 1048 3600 1118 Apol-

2022 1127 2119 1183 liui
2151 1129 2210 1200 (ii
2231 1130 2381 1184 enim
2409 1131 2675 1187 videntur
2730 1134 2975 1192 dormire
3026 1140 3177 1210 gravi
3237 1155 3433 1196 somno
3502 1159 3573 1213 op

2021 1223 2217 1291 pressi)
2242 1234 2298 1279 et
2331 1223 2435 1279 hoc
2462 1225 2512 1280 ei
2537 1237 2792 1296 quartum
2811 1228 3086 1285 decimum
3120 1242 3397 1290 certamen
3429 1237 3602 1291 ascri-

2021 1318 2236 1371 bemus.
3227 1304 3236 1310 ’

2090 1406 2256 1464 XXII.
2297 1409 2616 1468 Irrisionem
2652 1423 2836 1471 autem
2870 1433 2979 1471 non
3007 1418 3323 1491 intelligens
3350 1436 3555 1491 praeses
3587 1437 3600 1475 :

2012 1498 2155 1556 Cum
2189 1516 2342 1574 ergo,
2376 1504 2576 1573 Inquit,
2604 1521 2691 1562 me
2715 1508 2857 1564 male
2892 1508 3152 1577 habeam,
3175 1519 3230 1567 et
3259 1513 3361 1568 sim
3384 1512 3600 1567 inﬁrma

2018 1593 2356 1658 valetudine,
2392 1597 2530 1653 vade
2566 1598 2705 1669 ipse,
2724 1596 2795 1656 'et
2820 1601 2983 1657 nobis
3025 1602 3178 1672 placa
3239 1602 3393 1667 deos,
3418 1614 3475 1659 et
3504 1604 3603 1658 ad-

2018 1702 2237 1743 versum
2291 1690 2669 1762 prodigiorum
2725 1692 3044 1749 eﬂectorem
3122 1695 3271 1751 hunc
3323 1695 3599 1768 Thyrsum

2018 1780 2132 1836 cito
2159 1796 2256 1837 eos
2284 1782 2487 1838 excila.
2521 1782 2822 1840 Callinicus
2853 1802 2985 1841 vero
3013 1804 3028 1845 :
3069 1785 3177 1841 Sed
3209 1787 3469 1850 arbitror,
3514 1789 3599 1843 iu-

2021 1873 2166 1943 quit,
2202 1888 2326 1929 esse
2362 1874 2655 1930 maximam
2694 1878 2994 1947 potentiam
3021 1878 3142 1949 Dei,
3181 1878 3274 1949 qui
3312 1894 3410 1934 eos
3452 1881 3599 1953 deje-

2020 1967 2119 2026 cit.
2167 1974 2223 2022 et
2262 1981 2458 2023 vereor
2477 1984 2547 2025 ne
2573 1969 2676 2025 sibi
2714 1969 2938 2041 quidem
2993 1971 3127 2040 ipsis
3169 1972 3380 2040 possint
3433 1990 3594 2040 opem

2021 2056 2183 2112 ferre.
2213 2057 2371 2113 Tunc
2400 2073 2602 2128 przeses
2635 2060 2821 2114 dolum
2877 2060 3137 2131 intelligit
3173 2077 3187 2115 :
3223 2071 3277 2116 et
3315 2079 3329 2115 :
3364 2061 3502 2117 Num
3539 2074 3594 2118 ιιι

2018 2163 2262 2219 quoque,
2313 2150 2516 2221 inquit,
2550 2167 2583 2207 ο
2619 2151 2905 2219 Callinice,
2961 2154 3064 2209 viri
3133 2156 3298 2225 hujus
3339 2156 3594 2212 scelerati

2018 2250 2216 2312 captus
2271 2257 2333 2298 es
2377 2244 2670 2315 praestigiis
2707 2245 2732 2298 ἲ
2781 2244 2877 2300 Ille
2935 2257 3143 2309 autem,
3194 2263 3319 2301 cum
3362 2265 3430 2301 ne
3473 2265 3600 2303 cum

2017 2334 2241 2404 quidem
2271 2336 2508 2406 amplius
2546 2336 2697 2406 loqui
2726 2338 3084 2394 sustinuisset
3109 2342 3126 2410 (
3160 2356 3340 2411 neque
3367 2342 3514 2396 enim
3534 2342 3603 2397 de

2017 2438 2219 2483 cancro
2259 2429 2519 2497 pietatem
2577 2431 2752 2505 celari.
2790 2431 3151 2503 patiebatur)
3194 2434 3378 2489 statim
3404 2450 3601 2489 excur-

2020 2536 2150 2574 rens
2185 2520 2237 2575 iu
2265 2521 2684 2587 domunculam,
2712 2524 2905 2579 tondet
2936 2525 3191 2595 capillos,
3225 2525 3456 2596 deponit
3479 2527 3607 2581 bar-

2016 2612 2164 2676 bam,
2188 2615 2343 2667 exuit
2361 2624 2547 2673 vestes
2575 2633 2588 2671 :
2616 2623 2672 2671 et
2695 2631 2821 2671 eum
2839 2632 2934 2672 eas
2962 2619 3278 2674 sustulisset
3325 2620 3603 2686 manibus,

2018 2712 2200 2775 portat
2251 2721 2425 2776 usque
2472 2708 2539 2762 ad
2597 2708 2909 2777 prmsidem,
2946 2720 3002 2765 et
3036 2725 3161 2765 cum
3224 2711 3345 2767 illas
3382 2714 3607 2781 jecisset

2018 2805 2146 2849 ante
2190 2794 2358 2863 pedes
2401 2812 2415 2850 :
2453 2798 2677 2867 Accipe,
2711 2797 2912 2868 inquit,
2949 2800 3088 2868 pilos
3125 2816 3299 2865 meos,
3325 2816 3602 2871 Opi-eses,

2017 2895 2074 2940 et
2107 2895 2321 2940 vestem
2378 2901 2501 2955 quae
2543 2886 2708 2941 nidor
2743 2889 3166 2955 sacriliciorum,
3201 2899 3256 2945 et
3305 2891 3512 2954 fumus.
3551 2896 3608 2945 et

2020 2990 2238 3035 torrens
2261 2980 2563 3050 sanguinis,
2578 2988 2630 3035 et
2658 2980 2917 3052 mysteria
2939 2982 3249 3037 daemonum
3267 2983 3603 3053 polluerunt.

2017 3070 2153 3126 Nam
2180 3085 2307 3126 cum
2352 3073 2434 3127 eis
2467 3087 2689 3143 quoque
2729 3073 2972 3143 priorem
3006 3074 3208 3145 abjicio
3241 3090 3511 3139 errorem,
3547 3086 3606 3138 ut

334 3148 614 3218 αἱμάτων,
645 3150 739 3202 καὶ
764 3149 980 3205 τελεταὶ
1007 3149 1280 3221 δαιμόνων
1328 3153 1620 3223 ἐμόλυναν.
1674 3158 1920 3216 Συναπο-

2025 3162 2117 3233 qui
2140 3178 2337 3217 novam
2361 3163 2582 3219 vivendi
2606 3163 2837 3220 formam
2866 3167 3199 3239 acceperim,
3227 3168 3406 3240 etiam
3431 3168 3609 3222 factus

334 3240 614 3310 ϐάλλομαι
662 3241 772 3313 γὰρ
820 3241 1005 3305 αὐτοῖς
1053 3244 1149 3295 καὶ
1210 3245 1309 3314 τὴν
1348 3246 1631 3318 προτίραν
1678 3252 1920 3322 ἀπάτην,

336 3334 627 3403 ποηφδραν
662 3331 726 3403 (Ἰ)
767 3330 961 3403 καινὴν
1013 3331 1408 3405 ὀλλαξάμενος,
1461 3339 1553 3391 καὶ
1597 3338 1923 3413 Χριστιανὸς

333 3428 439 3497 ἤδη
471 3426 778 3496 γεγενημέν
808 3442 856 3489 ς.

410 3518 543 3573 KF'.
590 3519 651 3572 '0
683 3517 912 3590 ἡγεμὼν
949 3520 1045 3575 οὖν
1070 3519 1171 3589 τὴν
1197 3522 1402 3595 ἀθρόαν
1436 3526 1747 3601 μεταϐολὴν
1780 3530 1926 3583 ὲκεί-

338 3630 439 3683 νην
472 3613 878 3681 καταπλαγεὶς,
906 3613 974 3665 Τί
998 3614 1077 3674 δὲ.
1116 3615 1431 3682 Καλλίνικε,
1464 3622 1621 3690 φησὶ,
1668 3623 1926 3677 τοσοῦτον

340 3708 395 3759 ai
429 3704 529 3759 τοῦ
558 3708 754 3777 γόητος
807 3705 1022 3760 ἐκείνου
1080 3707 1311 3778 ίσχυσαν
1350 3713 1654 3781 τερατείαι,
1702 3714 1782 3778 ὠς
1830 3717 1925 3768 καὶ

341 3804 401 3854 σε
432 3800 537 3870 τὴν
564 3800 830 3867 γενναίαν
857 3799 1062 3871 ψυχὴν,
1115 3801 1208 3854 τὸν
1239 3802 1554 3873 θεράποντα
1582 3805 1694 3860 τῶν
1738 3807 1879 3860 θεῶν
1905 3850 1918 3871 ,

340 3894 439 3946 τὸν
471 3892 767 3959 ὑποφήτην
795 3892 1023 3944 ἐκείνων
1043 3930 1060 3954 ,
1089 3891 1184 3945 τὸν
1218 3893 1369 3964 ίεράα
1412 3896 1506 3949 τὸν
1548 3895 1756 3967 πολλῆς
1794 3898 1926 3968 παρ’

348 3983 533 4037 αὐτῶν
571 3983 914 4053 τυγχάνοντα
965 3982 1280 4052 εὐμενείας,
1326 3986 1427 4055 τῆς
1465 3987 1702 4058 πατρίου
1755 4006 1929 4058 μετχ-

344 4082 547 4147 στῆσαι
583 4062 886 4145 θρησκείας
910 4115 926 4141 ,
956 4077 1053 4130 καὶ
1083 4077 1166 4141 είς
1202 4077 1443 4148 ἐσχάτην
1490 4080 1772 4134 ἀπώλειαν
1805 4082 1928 4133 ἐπι-

343 4171 665 4225 σπάσασθαι
702 4185 716 4234 ;
775 4170 887 4222 Καὶ
938 4172 965 4223 6
1019 4169 1367 4234 Καλλίνικος,
1413 4168 1507 4223 Ἐκ
1547 4170 1761 4224 πολλῶν
1805 4172 1925 4239 μὲν,

308 4261 508 4334 μησὶ,
558 4263 877 4331 πέπεισμαι
914 4262 1012 4315 καὶ
1064 4261 1265 4327 ἄλλων,
1324 4261 1561 4333 μάλιστα
1607 4263 1668 4316 δέ.
1704 4281 1794 4334 μοι
1829 4264 1931 4331 τῆς

344 4358 608 4425 τοιαύτης
673 4354 981 4424 μεταϐολῆς
1026 4355 1056 4407 6
1124 4351 1410 4424 Ἡρακλῆς
1495 4355 1660 4418 αὐτὸς
1723 4356 1928 4420 αίτιος,

344 4450 642 4511 τοσούτους
711 4451 811 4517 μὲν
863 4444 1083 4510 ἄθλους,
1120 4445 1198 4508 ὡς
1248 4445 1299 4497 οί
1350 4445 1478 4514 περὶ
1532 4444 1701 4499 αὐτοῦ
1755 4444 1930 4510 ὕθλοι,

2031 3255 2135 3314 sim
2165 3256 2530 3316 Christianus.

2103 3528 2294 3585 XXIII.
2337 3528 2545 3583 Przeses
2583 3537 2765 3583 autem
2808 3527 2897 3583 illa
2951 3529 3236 3597 repentina
3293 3529 3612 3598 obstupet‘a.

2031 3633 2157 3680 ctus
2241 3621 2547 3676 mutatione
2584 3638 2598 3677 :
2631 3619 2776 3687 Quid
2850 3634 3005 3682 vero,
3063 3620 3266 3690 inquit,
3321 3619 3613 3679 Callinice,

2035 3722 2247 3768 tantum
2276 3711 2427 3766 illius
2448 3711 2864 3782 prastigiatoris
2895 3711 3191 3766 valuerunt
3239 3711 3508 3781 prodigia,
3548 3723 3605 3766 ut

2037 3813 2089 3861 te
2113 3819 2435 3877 generosam
2461 3805 2722 3867 animam,
2753 3804 3070 3858 ministrum
3086 3805 3345 3867 deorum,
3364 3803 3611 3859 illorum-

2032 3914 2141 3968 que
2174 3898 2502 3968 intrepetem
2523 3905 2578 3953 et
2603 3897 2969 3964 sacerdotem,
3000 3897 3095 3966 qui
3127 3896 3197 3952 ab
3224 3897 3335 3953 illis
3355 3912 3606 3967 magnam

2035 3991 2348 4062 assequeris
2382 3989 2847 4054 benevolentiam,
2878 3988 3211 4045 abduxerim
3238 4006 3269 4043 a
3323 3990 3498 4058 patria
3525 4005 3614 4044 re-

2034 4084 2260 4153 ligione,
2306 4092 2362 4137 et
2417 4082 2483 4136 ad
2530 4092 2837 4136 extremum
2902 4082 3233 4137 attraxerint
3265 4081 3551 4135 interitum
3586 4082 3611 4134 τ

2034 4175 2336 4229 Callinicus
2364 4190 2495 4228 vero
2528 4190 2543 4227 :
2574 4172 2651 4227 Ex
2692 4173 2883 4227 multis
2928 4171 3177 4242 quidem,
3222 4172 3417 4241 inquit,
3443 4173 3611 4225 etiam

2037 4269 2312 4323 aliis'sum
2342 4281 2658 4337 persuasus,
2684 4265 2921 4319 maxime
2949 4272 3137 4319 autem
3178 4265 3302 4321 talis
3351 4266 3614 4318 mutatio.

2038 4364 2125 4417 nis
2150 4376 2313 4416 causa
2347 4370 2434 4416 est
2469 4359 2588 4430 ipse
2625 4356 2910 4423 Hercules,
2936 4358 3033 4428 qui
3065 4365 3148 4411 tot
3187 4357 3413 4426 quidem
3438 4364 3617 4411 certa-

2040 4455 2210 4517 mina,
2242 4465 2300 4508 ut
2324 4454 2395 4509 de
2426 4468 2493 4508 eo
2523 4460 2749 4507 narrant
2780 4449 2999 4513 fabulae,
3034 4450 3308 4519 perfecit;
3345 4463 3493 4503 nunc
3521 4464 3619 4503 au~

349 4536 635 4609 πανταχοῦ
688 4534 972 4599 διανύσας,
1024 4532 1123 4588 νῦν
1169 4534 1227 4587 δὲ
1290 4533 1428 4603 μηδὲ
1484 4533 1623 4603 πρὸς
1666 4534 1824 4605 ψιλόν
1868 4551 1921 4588 τε

2039 4558 2147 4603 tem
2179 4561 2247 4601 ne
2276 4544 2426 4600 nudo
2452 4543 2679 4614 quidem
2711 4542 2815 4597 viri
2847 4540 3020 4597 verbo
3076 4541 3305 4605 restitit,
3344 4540 3441 4596 sed
3476 4541 3616 4597 adeo

350 4636 507 4706 ῥῆμα
533 4630 692 4686 τοῦδε
722 4628 819 4684 τοῦ
850 4629 1048 4701 ἀνδρὸς
1079 4627 1374 4698 ἀντισχὼν,
1415 4626 1531 4682 ἀλλ’
1559 4627 1762 4691 ἀθλίως
1788 4626 1921 4681 οὖτα

2036 4639 2236 4693 misere
2266 4635 2491 4701 cecidit,
2518 4644 2575 4690 et
2603 4633 2848 4689 ostendit
2876 4647 3000 4688 esse
3048 4633 3326 4704 iucundas
3378 4631 3616 4696 fabulas,

349 4725 705 4789 γαταπεσὼν,
756 4723 854 4779 καὶ
910 4722 1096 4788 δείξας
1136 4720 1219 4784 ὡς
1251 4721 1362 4792 ἄρα
1396 4721 1530 4792 ἡδὺς
1576 4719 1769 4792 μῦθος,
1832 4723 1921 4774 ὅσα

2036 4745 2159 4800 qua:
2189 4730 2257 4784 de
2279 4729 2399 4799 ipso
2425 4735 2481 4783 et
2500 4726 2621 4782 aliis
2646 4725 2755 4781 diis
2769 4726 2976 4798 iactata
3020 4733 3154 4781 sunt
3179 4724 3250 4779 ab
3275 4724 3613 4779 hominibus.

348 4818 480 4886 περὶ
512 4813 681 4868 αὑτοῦ
720 4828 781 4865 τε
820 4812 918 4866 καὶ⁵
957 4810 1067 4865 τῶν
1087 4809 1264 4865 ἄλλων
1310 4810 1451 4865 θεῶν
1480 4812 1597 4875 τοῖς
1623 4811 1921 4881 ἀνθρώποις

2038 4822 2254 4877 Rursus
2314 4827 2501 4874 autem
2552 4832 2755 4889 praeses
2792 4816 3216 4886 :Nequaquam,
3282 4814 3485 4884 inquit,
3519 4816 3613 4867 sed

347 4905 799 4977 διατεθρύληται.
835 4903 1005 4968 Αὖθις
1032 4898 1127 4958 οὖν
1159 4904 1188 4957 6
1219 4902 1468 4975 ἡγεμὼν,
1489 4904 1781 4974 Οὐδαμῶς,
1805 4903 1921 4973 ἔφη,

2041 4913 2193 4967 illius
2219 4909 2621 4981 praestigiarum
2657 4915 2715 4964 et
2760 4905 3025 4961 similium
3059 4902 3437 4974 prodigiorum
3461 4915 3618 4962 amor

350 4996 467 5051 ἀλλ’
519 4997 549 5048 6
602 4995 703 5066 τῆς
744 4991 957 5047 ἐκείνου
1001 4991 1262 5063 γοητείας
1321 4991 1419 5044 καὶ
1465 4990 1576 5045 τῶν
1614 4992 1823 5062 ὁμοίων
1872 5008 1921 5045 σε

2042 5003 2096 5059 id
2144 5002 2241 5057 tibi
2297 4999 2594 5072 persuasit,
2640 4997 3047 5053 existimantem
3092 4994 3332 5063 teipsum
3396 5005 3617 5061 quoque

349 5091 601 5157 τεράτων
627 5092 917 5142 ἀνέπεισεν
940 5086 1104 5156 Ξρως,
1135 5086 1382 5156 οἰόμενον
1421 5084 1487 5137 τὰ
1516 5084 1618 5137 ’ίσα
1646 5084 1739 5138 καὶ
1770 5084 1921 5138 αὐτδι

2039 5109 2203 5164 posse
2248 5093 2434 5148 Iacere
2488 5090 2714 5145 similia.
2767 5087 2877 5145 Sed
2937 5099 3118 5156 neque
3161 5082 3614 5154 praestigiatorem

352 5181 796 5237 ἐπιδείκνυσθαι.
861 5179 1010 5250 Πλὴν
1065 5176 1193 5232 οὔτε
1233 5176 1330 5231 τὸν
1378 5177 1554 5248 γόητα
1592 5178 1689 5230 καὶ
1735 5175 1921 5230 πλάνοι

2042 5186 2195 5242 illum
2240 5194 2297 5240 et
2344 5185 2590 5255 planum,
2645 5196 2823 5252 neque
2874 5180 2989 5234 haec
3030 5186 3082 5232 te
3119 5176 3388 5247 iuverint,
3428 5174 3531 5227 nisi
3562 5183 3618 5225 te

354 5280 591 5335 ἐκεῖνον.
620 5274 750 5328 οὔτε
779 5290 841 5327 σε
869 5272 1044 5327 ταῦτα
1069 5273 1339 5344 ὀνήσειεν,
1365 5272 1414 5324 εί
1445 5270 1522 5342 μὴ
1546 5270 1741 5325 θᾶττον
1772 5286 1921 5341 μεται

2044 5288 2267 5333 tuorum
2302 5275 2568 5347 pmniteat
2616 5273 2971 5334 delictorum,
3010 5276 3069 5325 et
3095 5266 3357 5337 pristinos
3381 5266 3621 5325 honores

355 5369 541 5423 ϐαλὼν
592 5368 679 5435 ἐφ’
722 5362 805 5430 οἷς
859 5365 1300 5435 ἐπλημμέλησας
1354 5362 1456 5426 τὰς
1509 5360 1783 5433 προτέρας
1847 5361 1921 5415 κα⁴

2043 5384 2236 5426 rursus
2259 5368 2365 5423 diis
2385 5365 2712 5423 reddideris.

354 5462 530 5534 τιμὰς
554 5465 672 5524 τοῖς
705 5461 851 5524 θεοῖς
880 5458 1158 5529 άποδῴηε.
2268 5450 2283 5460 ’

431 5553 561 5608 KA'.
609 5553 671 5607 '0
709 5552 767 5606 δι
823 5552 923 5621 τὴν
978 5550 1075 5605 τοῦ
1120 5551 1391 5620 ἡγεμόνος
1447 5546 1940 5617 άνοιαν.φανερῶς

359 5646 586 5716 unam
615 5646 949 5719 βουλόμενος
984 5644 1126 5716 (ᾔδει
1155 5644 1287 5715 γὰρ,
1332 5643 1452 5715 ᾔδει
1501 5641 1692 5710 σαφῶς
1733 5641 1815 5693 ὅτι
1851 5640 1945 5693 καὶ

358 5740 514 5810 αὐτῷ
542 5741 823 5813 παρέσται
854 5738 1077 5803 πάντως
1106 5738 1136 5791 6
1159 5734 1258 5789 τοῦ
1285 5735 1503 5807 θύρσου
1544 5733 1681 5798 Θεὸς
1728 5733 1827 5787 καὶ
1873 5731 1945 5786 τά

361 5836 542 5890 οίκεϊα
586 5833 674 5888 ἐπ’
717 5831 870 5906 αὐτῷ
894 5830 1064 5900 δείξει
1096 5829 1410 5903 τεράστια),
1461 5827 1636 5896 Ἐπεὶ,
1669 5825 1862 5898 φησιν,
1897 5815 1945 5879 ὦ

2116 5543 2306 5599 XXIV.
2346 5541 2438 5596 lIIe
2479 5555 2610 5595 vero
2640 5540 2828 5594 volens
2869 5547 3061 5610 aperte
3087 5532 3441 5595 convincere'
3466 5536 3620 5606 igno-

2046 5637 2282 5692 rantiam
2315 5632 2566 5704 praesidis
2624 5630 2860 5699 (sciebat
2903 5630 3053 5685 enim
3090 5639 3302 5700 aperte.
3329 5628 3539 5682 sciebat
3569 5627 3619 5681 ei

2045 5740 2270 5799 quoque
2325 5725 2646 5780 adfuturum
2704 5722 2903 5795 Thyrsi
2956 5722 3167 5790 Deum,
3204 5730 3261 5776 et
3289 5736 3388 5777 sua
3418 5721 3623 5774 incum

2046 5830 2400 5880 ostensurum
2440 5817 2711 5892 prodigia)
2740 5835 2754 5874 :
2787 5817 3083 5889 Quoniam,
3103 5817 3305 5889 inquit,
3338 5832 3372 5872 ο
3393 5829 3620 5887 przeses,
