4102 6376
475 366 580 429 535

1705 364 1992 424 MENSJS
2039 362 2471 425 DECEMBER.

3621 343 3729 409 536

475 494 584 534 non
617 484 764 532 recte
797 476 891 530 tibi
945 490 1003 530 se
1039 474 1208 531 habet
1259 489 1486 543 corpus,
1518 484 1575 528 et
1620 480 1782 542 putas
1809 486 1897 527 me
1948 470 2048 526 de-

2173 469 2406 541 iyspt‘uv.
2442 465 2746 537 ἀνωμάλως
2780 462 2895 534 ἔχει
2940 479 3022 515 σοι
3062 459 3131 513 τὰ
3177 456 3272 511 τοῦ
3326 454 3603 525 σώματος,
3627 452 3733 508 οίει

474 578 694 639 ceptum
750 584 872 623 esse
920 566 1196 638 ﬁgmentis
1250 577 1307 622 et
1339 566 1473 621 visis
1525 582 1541 621 :
1596 564 1947 627 accedamus,
2004 564 2049 618 si

473 661 713 722 Videtur,
743 658 809 713 ad
838 674 1095 728 magnum
1146 657 1544 728 Aisculapium,
1597 666 1654 711 et
1686 656 2054 712 communiter

473 751 854 812 obsecremus.
916 760 970 807 ut
1005 753 1258 807 morbum
1331 751 1429 806 tibi
1457 751 1636 817 sedet,
1691 759 1749 805 et
1802 750 2052 804 libereta

474 841 763 897 doloribus
792 859 807 897 :
835 853 891 898 et
929 851 1059 898 tunc
1091 844 1235 899 scirs
1265 843 1403 897 nihil
1432 843 1662 897 omnino
1694 841 1920 912 (ingere,
1952 854 2054 894 nec

473 933 685 989 visione
710 935 1012 1004 quidquam
1043 934 1465 1005 apprehendere
1511 934 1647 988 mihi
1682 948 1926 1004 unquam
1955 947 2055 986 ve-

478 1024 626 1081 nisse
652 1026 705 1080 in
732 1036 989 1081 mentem.
1018 1026 1222 1081 Eorum
1248 1041 1401 1098 ergo,
1428 1041 1550 1096 quae
1590 1025 1938 1088 dicebantur,
1964 1024 2055 1078 ille

479 1115 702 1171 modum
733 1132 843 1172 non
899 1117 1231 1189 intelligens,
1262 1117 1359 1172 sed
1411 1117 1526 1171 haec
1556 1114 1882 1184 simpliciter
1909 1114 2053 1168 dicta

478 1224 601 1264 esse
630 1206 928 1275 arbitrans,
981 1218 1039 1265 et
1064 1210 1173 1280 iam
1206 1208 1534 1263 Callinicum
1566 1208 1749 1277 aliqua
1787 1207 1913 1261 duci
1939 1221 2056 1273 poe-

475 1301 732 1366 nitentia,
767 1317 893 1357 eum
929 1302 1114 1356 statim
1161 1318 1473 1367 assumens,
1535 1301 1696 1357 laetus
1726 1299 2056 1370 perrexitad

481 1395 768 1465 templum.
789 1395 1086 1466 Postquam
1105 1405 1289 1449 autem
1316 1393 1548 1466 ingressi
1564 1398 1693 1448 sunt
1719 1390 2057 1447 exsecranda

482 1487 573 1542 illa
609 1486 793 1557 adyta,
824 1497 1009 1542 mente
1036 1496 1249 1542 attenta
1288 1485 1589 1542 Callinicus
1619 1504 1632 1539 :
1666 1485 1898 1540 Domine
1922 1484 2056 1540 Jesu

479 1581 718 1647 Christe,
749 1580 948 1651 inquit,
985 1580 1081 1651 qui
1109 1596 1207 1651 per
1268 1579 1538 1635 famulum
1596 1586 1750 1633 tuum
1783 1576 2057 1648 Thyrsum

480 1691 510 1726 a
550 1689 636 1728 me
666 1672 886 1742 agnitus
931 1672 1081 1728 fuisti
1122 1688 1291 1727 verus
1326 1672 1493 1735 Deus,
1526 1671 1621 1741 qui
1655 1685 1765 1736 me,
1805 1669 1900 1740 qui
1932 1668 2058 1723 mil-

480 1765 588 1821 lies
623 1776 674 1820 te
707 1764 937 1827 offendi,
986 1772 1043 1820 et
1092 1764 1265 1835 legem
1306 1772 1453 1817 tuam
1498 1777 1618 1818 sum
1657 1770 2057 1831 transgressus,

482 1874 595 1913 non
627 1858 900 1929 rcpulisti,
932 1868 991 1914 tu
1029 1873 1252 1928 quoque
1304 1871 1468 1925 surge
1514 1870 1664 1909 nunc
1696 1854 1764 1909 ad
1790 1852 2057 1908 auxilium

483 1967 690 2017 meum,
718 1961 773 2007 et
804 1951 860 2005 in
893 1965 981 2006 me
1026 1964 1249 2021 quoque
1292 1963 1491 2004 rursus
1523 1958 1672 2004 tuam
1699 1944 1930 2004 ostende
1962 1960 2058 2014 po-

485 2044 735 2101 tentiam.
768 2043 892 2101 llaec
922 2043 1158 2108 dicebat,
1188 2052 1245 2098 et
1270 2057 1405 2098 ecce
1434 2057 1538 2097 vox
1567 2040 1819 2111 quaedam
1844 2053 1914 2094 ex
1950 2036 2061 2091 alto

482 2136 834 2203 audiebatur,
869 2151 992 2207 qua:
1029 2138 1227 2208 eteius
1269 2135 1457 2190 animo
1486 2131 1722 2188 addebat
1746 2128 2058 2194 audaciam,

484 2239 540 2284 et
565 2230 844 2285 excitabat
873 2229 942 2284 ad
993 2228 1244 2284 bravium
1297 2241 1554 2297 supernae
1605 2222 1935 2280 vocationis.
1964 2221 2062 2276 llle

484 2332 690 2388 autem,
716 2337 841 2378 cum
866 2338 931 2375 ex
957 2337 1025 2377 eo
1048 2330 1197 2377 esset
1224 2321 1466 2391 repletus
1491 2318 1744 2382 audacia,
1773 2325 1828 2372 et
1858 2330 2064 2370 nomen

485 2412 692 2469 Christi
722 2423 871 2469 esset
903 2413 1123 2474 olfatus,
1174 2412 1538 2468 vehementer
1570 2421 1628 2466 et
1656 2407 1949 2463 minaciter
1980 2406 2036 2462 in

489 2516 681 2576 crepat
711 2505 1073 2562 simulacrum
1131 2504 1460 2574 Esculapii.
1490 2504 1664 2559 Tanta
1713 2516 1847 2557 vero
1878 2509 2061 2555 statua

492 2612 717 2666 parvam
749 2613 860 2652 non
890 2597 1016 2652 tulit
1067 2598 1528 2668 increpationem,
1559 2596 1656 2652 sed
1699 2594 1885 2650 statim
1917 2592 2066 2648 cadit

490 2688 558 2743 ad
602 2690 756 2745 illius
807 2688 994 2759 pedes.
1042 2689 1273 2759 perinde
1301 2705 1366 2745 ac
1409 2689 1455 2744 si
1484 2688 1738 2759 quaedam
1789 2700 1985 2740 manus
2014 2684 2064 2737 ei

490 2781 603 2837 vim
635 2781 931 2838 attulisset.
958 2781 1037 2836 Ad
1071 2782 1360 2853 praesidem
1385 2782 1570 2851 itaque
1601 2781 1827 2834 intuens
1846 2776 2070 2833 Callini-

491 2889 591 2931 cus
622 2890 640 2932 ι
673 2874 794 2937 Hic,
818 2873 1021 2944 inquit,
1055 2889 1167 2928 non
1200 2872 1408 2943 poterit
1439 2871 1663 2943 quidem
1688 2885 1933 2940 surgere,
1962 2869 2067 2923 nisi

491 2968 543 3023 ei
577 2982 795 3023 manum
832 2966 1134 3037 praebueris
1156 2965 1486 3036 adiutricem
1524 2980 1540 3030 ;
1569 2962 1795 3034 adspice
1824 2976 1980 3031 ergo,
2015 2970 2070 3015 et

492 3075 764 3131 cognosce
807 3075 919 3115 non
958 3075 1082 3115 esse
1125 3058 1430 3130 praestigias
1466 3072 1570 3112 nec
1597 3065 1796 3121 artem,
1827 3069 1948 3124 quae
1973 3052 2071 3107 ad-

2153 563 2212 616 δὲ
2242 562 2389 632 κάμὲ
2427 556 2714 629 πλάσμασι
2741 573 2884 609 τισιν
2912 551 3235 624 ὴπατῆσθαι
3262 550 3357 601 καὶ
3384 545 3730 616 φαντασίαις,

2157 654 2576 726 προσέλθωμεν,
2612 652 2662 705 εί
2693 650 2862 711 δοκεῖ,
2910 644 2993 716 τῷ
3026 643 3251 715 μεγάλῳ
3280 636 3619 709 Ἀσκληπιῷ,
3638 637 3737 691 καὶ

2156 751 2311 818 κοινῇ
2347 746 2747 817 λιπαρήσωμεν
2780 740 2923 793 ὥστε
2957 735 3225 806 κοιμῆσαι
3272 749 3356 786 σοι
3398 730 3464 784 τὸ
3514 728 3687 791 πάθος
3717 765 3741 795 ,

2156 843 2253 897 καὶ
2278 840 2387 895 τῶν
2410 838 2613 894 ὀδυνῶν
2643 834 2977 901 ἀπαλλάξαι,
3028 832 3126 885 καὶ
3157 827 3413 897 τηνικάδε
3461 824 3585 895 dun
3639 822 3739 876 καὶ

2158 951 2224 988 πε
2236 934 2287 1004 ρῖ
2317 930 2454 1002 ἐμοῦ
2489 930 2628 983 πάντ
2640 946 2716 989 ως
2749 927 2825 999 ὼς
2856 924 3011 977 οὐδέν
3054 939 3145 992 μοι
3177 916 3493 972 πλάσασθαι
3524 916 3557 984 ἢ
3586 931 3740 981 φαν-

2157 1025 2429 1096 τασθῆναι
2461 1020 2707 1077 τοιοῦτον
2738 1017 2943 1088 ἐπῆλθέ
2972 1032 3129 1069 ποτε.
3188 1014 3295 1066 Τὸν
3322 1010 3529 1080 τρόπον
3556 1009 3740 1061 τοίνυν

2158 1121 2369 1180 ἐκεῖνος
2394 1115 2507 1170 τῶν
2542 1111 2862 1182 λεγομένων
2909 1109 2974 1162 ού
3025 1103 3282 1171 συνιδὼν,
3328 1099 3465 1155 ἀλλὰ
3509 1098 3740 1167 νομίσας

2156 1208 2351 1271 ἁπλῶς
2393 1207 2570 1261 ταῦτα
2621 1200 2880 1274 εἰρῆσθαι
2932 1195 3303 1269 (μεταμέλειά
3350 1208 3435 1254 τις
3486 1192 3586 1261 ἤδη
3644 1187 3738 1240 τὸν

2164 1301 2496 1357 Καλλίνικον
2524 1296 2687 1368 ἔχει),
2719 1289 3057 1365 παραλαϐὼν
3080 1287 3283 1350 εὐθέως
3315 1285 3502 1347 αὐτὶν,
3533 1280 3741 1352 χαίρων

2161 1393 2365 1465 ἐχώρει
2396 1391 2536 1459 πρὸς
2567 1389 2660 1443 τὸν
2692 1385 2843 1449 ναόν,
2873 1382 3030 1438 Ἐπεὶ
3053 1380 3111 1435 δὲ
3140 1378 3251 1431 τῶν
3276 1374 3488 1448 μιαρῶν
3510 1372 3742 1427 ἐκείνων

2162 1486 2379 1541 ἀδύτων
2431 1480 2583 1544 ἑντδς
2643 1479 2919 1547 ἐγένοντο,
2955 1469 3251 1543 προσσχὼν
3306 1471 3334 1522 ὁ
3393 1464 3741 1525 Καλλίνικος,

2161 1581 2338 1650 Κύριε
2384 1576 2564 1647 Ἰησοῦ
2601 1572 2829 1647 Χριστὲ,
2882 1571 2911 1625 ὁ
2961 1569 3054 1623 διὰ
3104 1563 3202 1620 τοῦ
3259 1561 3355 1616 σοῦ
3407 1558 3743 1630 θεράποντος

2158 1666 2377 1745 θύρσου
2410 1666 2651 1740 ἀψευδὴς
2679 1660 3042 1734 ὲπιγνωσθείς
3091 1674 3183 1730 μοι
3220 1655 3373 1719 Θεὸς,
3421 1655 3450 1707 ὁ
3499 1651 3594 1745 καὶ
3644 1665 3746 1718 μυ-

2166 1771 2354 1840 ριάκις
2406 1769 2486 1828 είς
2532 1763 2593 1817 σὲ
2631 1756 3074 1831 παρηνομηκότα
3132 1768 3200 1840 με
3253 1747 3327 1820 μὴ
3359 1744 3742 1813 ἀπωσάμενος,

2163 1837 2328 1926 αὐτὸς
2357 1857 2627 1929 ἀνάστηθι
2657 1853 2754 1908 καὶ
2781 1852 2879 1907 νῦν
2920 1850 3002 1913 είς
3029 1846 3129 1914 τὴν
3171 1837 3429 1914 βοήθειάν
3470 1855 3598 1908 μου,
3647 1838 3744 1929 και

2162 1956 2339 2022 δεῖξον
2373 1953 2473 2008 καὶ
2501 1927 2565 2005 ὲν
2591 1950 2718 2023 ὲμοὶ
2761 1947 2925 2004 πάλιν
2956 1942 3054 2013 τὴν
3106 1935 3428 1993 δυναστείαν
3461 1949 3579 1985 σου.
3635 1927 3747 1982 Καὶ

2167 2051 2280 2104 ἰδοὺ
2333 2047 2492 2117 φωνή
2538 2061 2625 2106 τις
2678 2039 2912 2111 ἠκούετο
2944 2034 3155 2091 ἄνωθεν
3204 2023 3647 2099 ὲπιθαρρύνουσᾶ.
3681 2035 3746 2074 τε

2165 2144 2333 2200 αὑτοῦ
2368 2143 2470 2214 τὴν
2496 2138 2681 2212 ψυχὴν
2709 2136 2809 2191 καὶ
2839 2135 2921 2196 είς
2951 2130 3013 2184 τὸ
3040 2127 3300 2200 βραϐεῖον
3337 2123 3439 2193 τῆς
3468 2121 3582 2214 ἄνω
3611 2118 3744 2188 κλή-

2166 2255 2305 2299 σεως
2327 2233 2697 2304 διεγείρονσα.
2731 2228 2792 2282 '0
2813 2226 2871 2279 δὲ
2902 2224 3143 2295 θάρρους
3172 2215 3426 2271 ἐντεῦθεν
3454 2213 3746 2304 γενόμενος

2165 2302 2444 2398 ἔμπλεως,
2497 2302 2592 2379 καὶ
2642 2321 2706 2378 τὸ
2756 2318 2854 2375 τοῦ
2890 2315 3100 2387 Κυρίου
3135 2312 3311 2380 δνομα
3350 2304 3615 2370 ἐπειπὼν,
3669 2302 3748 2371 τῷ

2165 2396 2261 2475 τοῦ
2292 2417 2630 2488 Ἀσκληπιοῦ
2670 2414 2878 2483 εἰδώλῳ
2912 2407 3144 2480 σφοδρόν
3173 2423 3229 2458 τι
3262 2403 3358 2457 καὶ
3388 2396 3748 2469 ἀπειλητικὸν

2166 2516 2421 2584 ἐπιτιμᾷ.
2446 2511 2557 2566 Καὶ
2601 2511 2628 2563 ὁ
2675 2505 2995 2577 τηλικοῦτος
3023 2500 3247 2571 ἀνδριὰς
3283 2497 3492 2556 ἐκεῖνος
3542 2490 3747 2561 μικρὰν

2168 2607 2269 2660 οὐκ
2287 2581 2521 2675 ἤνεγκεν
2548 2599 2896 2669 ὶπιτίμησιν,
2922 2592 3036 2647 ἀλλ’
3061 2590 3231 2654 ὀξέως
3260 2588 3366 2658 πρὸ
3389 2584 3501 2638 τῶν
3537 2581 3749 2635 ἐκείνου

2173 2674 2355 2751 ποδῶν
2383 2694 2724 2749 καταπίπτει
2757 2688 2951 2759 ὥσπερ
3008 2701 3094 2748 τις
3135 2679 3479 2754 βιασαμένης
3538 2674 3750 2745 χειρός.

2170 2790 2318 2861 Πρὸς
2375 2786 2469 2842 τὸν
2522 2786 2771 2858 ήγὲμονα
2839 2779 3022 2835 τοίνυν
3080 2773 3289 2830 ἀπιδὼν
3319 2774 3349 2826 ὁ
3396 2768 3746 2829 Καλλίνικος,
3824 2794 3829 2798 -

2171 2859 2367 2949 Οὗτος,
2403 2883 2597 2950 φησιν,
2633 2876 2757 2931 οὐδὲ
2793 2871 3095 2940 ἀναστῆναι
3116 2867 3342 2929 δυνατὸς
3383 2864 3561 2923 ἕσταιι
3590 2862 3638 2911 εί
3673 2859 3746 2926 μή

2172 2994 2277 3032 που
2308 2973 2503 3047 βοηθὸν
2529 2970 2693 3033 αὐτὸς
2730 2970 2891 3039 χεῖρα
2931 2963 3168 3034 ὀρέξεις.
3196 2955 3496 3047 Διάὃλεψον
3523 2966 3749 3047 τοιμγαρο

2171 3066 2267 3121 οῦν
2284 3040 2572 3130 καὶγγνῶθι
2591 3058 2667 3121 ὡς
2691 3057 2753 3109 οὐ
2778 3055 3005 3125 γοητεία
3033 3050 3101 3103 τὰ
3128 3047 3370 3116 παρόντα
3414 3044 3509 3096 καὶ
3557 3040 3746 3108 τέχνη,

493 3165 623 3212 sunt
651 3194 666 3221 ,
700 3153 797 3210 sed
831 3155 1001 3209 Deum
1039 3153 1279 3222 aliquem
1311 3151 1367 3205 in
1415 3165 1502 3204 me
1523 3149 1767 3218 operari,
1802 3147 1897 3216 qui
1924 3147 1977 3200 in
2015 3155 2067 3201 te

2176 3158 2312 3214 ἀλλά
2354 3172 2439 3219 τις
2483 3152 2704 3223 ἐνεργεῖ
2752 3147 2885 3210 θεὸς
2915 3148 2973 3228 ὲν
3004 3145 3152 3215 ἐμοὶ,
3178 3141 3247 3194 τὰ
3274 3140 3368 3193 ίσα
3404 3136 3502 3190 καὶ
3534 3134 3627 3188 ἐπὶ
3663 3133 3750 3185 σοὶ

493 3262 716 3316 quoque
746 3253 927 3315 potest
958 3243 1148 3300 eadem
1182 3241 1364 3296 facere
1418 3239 1702 3301 miracula,
1761 3238 1806 3292 si
1857 3244 2072 3291 tantum

494 3338 551 3393 in
583 3353 711 3393 eum
742 3336 1066 3392 credideris.
1099 3333 1296 3389 Animo
1325 3348 1455 3402 ergo
1479 3331 1640 3386 valde
1686 3330 1884 3385 anxius
1939 3344 2077 3398 prie-

495 3448 606 3495 ses,
634 3429 789 3501 quod
819 3434 930 3500 iatn
958 3429 1132 3498 ipsius
1172 3442 1392 3498 quoque
1432 3424 1680 3481 Calliniei
1744 3423 2076 3493 fecissetia-

507 3536 747 3590 cturam,
772 3533 905 3578 tunc
952 3521 1177 3593 quidem
1208 3534 1336 3574 eum
1366 3519 1603 3574 includit
1629 3517 1682 3571 in
1719 3531 1968 3572 carcere.

573 3616 742 3674 XXV.
772 3616 910 3672 Cum
972 3629 1133 3669 mane
1169 3622 1354 3668 autem
1392 3610 1770 3683 surrexisset,
1814 3607 2075 3678 quoniam

502 3709 683 3775 malis,
732 3724 856 3779 quae
886 3706 1294 3777 iuﬂigerentur.
1336 3720 1462 3760 eum
1492 3701 1864 3758 noveratforo
1910 3714 2079 3770 supe—

502 3802 729 3868 riorem,
764 3811 825 3857 ut
853 3800 948 3871 qui
1005 3797 1201 3869 Thyrsi
1255 3806 1404 3853 esset
1458 3796 1765 3862 aemulator,
1797 3794 1852 3848 in
1883 3793 2077 3847 ambos

502 3895 668 3951 talem
716 3892 1043 3964 pronuntiat
1082 3888 1412 3945 sententiam
1446 3907 1460 3943 :
1492 3887 1651 3943 Illum
1690 3885 1937 3957 quidem,
1991 3883 2079 3938 in-

503 3990 646 4062 quit,
701 3987 794 4059 qui
844 4001 956 4041 sea
1008 3985 1238 4041 deorum
1297 3983 1526 4053 abrupit
1575 3981 1967 4050 conjunctione
2020 3985 2078 4031 et

504 4082 903 4148 familiaritate,
946 4088 1003 4136 et
1034 4079 1243 4134 horum
1283 4077 1611 4132 miserorum
1670 4073 1876 4139 fraudi,
1936 4087 2079 4142 quos

502 4177 857 4234 Christianos
878 4182 1100 4240 vocant,
1149 4188 1207 4228 se
1252 4171 1526 4243 adiunxit,
1558 4169 1883 4226 Callinicum
1906 4169 2078 4239 iubeo

502 4287 638 4327 ense
671 4278 904 4325 mortem
932 4268 1161 4334 subire;
1198 4266 1473 4338 Thyrsum
1529 4280 1684 4328 vero,
1747 4262 1843 4334 qui
1890 4262 2079 4316 multis

502 4364 771 4435 gloriatur
820 4360 1108 4431 prodigiis,
1158 4368 1214 4413 et
1262 4360 1357 4428 qui
1415 4358 1584 4412 etiam
1644 4356 1983 4425 procuravit,
2019 4361 2080 4407 ιιι

506 4456 678 4511 miser
728 4462 1139 4524 perverteretur
1184 4449 1508 4509 Callinicus.
1554 4450 1610 4503 in
1669 4447 1964 4519 quamdam
2013 4444 2079 4500 li-

2179 3247 2681 3320 Oaupatoupyﬁaat
2714 3225 3037 3308 δυνάμενος,
3081 3234 3242 3304 μόνον
3267 3231 3316 3284 εί
3344 3228 3430 3283 ἐπ’
3453 3225 3618 3282 αὑτὸν
3656 3241 3750 3277 πι-

2181 3318 2491 3404 στεύσειας.
2526 3332 2741 3406 Σῷόδρα
2793 3331 2924 3402 γοῦν
2966 3328 3259 3398 ἀθυμήσας
3303 3325 3331 3377 ὁ
3376 3318 3623 3392 ἡγεμὼν,
3666 3319 3749 3371 an

2178 3438 2276 3491 καὶ
2306 3433 2471 3489 αὐτδν
2498 3431 2601 3502 ἤδη
2630 3431 2722 3481 τὸν
2758 3423 3084 3479 Καλλίνικον
3128 3416 3421 3486 ἐζημίωτο,
3447 3410 3751 3482 τηνικαῦτα

2183 3530 2284 3603 μιν
2314 3528 2511 3599 εἱρκτῇ
2552 3519 2867 3578 κατακλείει
2900 3517 2992 3568 τὸν
3020 3514 3212 3582 ἄνδρα.

2251 3596 2384 3674 KE'.
2415 3616 2626 3670 Ἕωθεν
2657 3614 2713 3668 δὲ
2746 3609 3010 3673 ἀναστὰς,
3044 3608 3166 3660 ἐπεὶ
3202 3602 3389 3658 κακῶν
3433 3596 3751 3665 ἐπαγωγαῖς

2181 3713 2486 3785 ἁχείρωτον
2542 3707 2709 3761 αὑτὸν
2763 3705 3037 3772 ἑπόμενον
3071 3699 3188 3770 ⁴ᾔδει
3230 3690 3318 3748 οἷα
3348 3691 3602 3762 ζηλωτὴν
3652 3686 3748 3739 τοῦ

2180 3779 2394 3876 Θύρσου
2418 3801 2742 3873 γενόμενον,
2775 3794 3034 3864 τοιαύτην
3067 3790 3189 3845 κατ’
3226 3786 3555 3858 ἀμφοτέρων
3592 3779 3755 3848 ἐκφέ-

2184 3872 2278 3972 ρει.
2307 3898 2404 3969 τὴν
2439 3896 2618 3965 ψῆφον
2650 3908 2666 3924 ⁴
2704 3891 2811 3944 Τὸν
2849 3889 2949 3960 μὲν
2997 3884 3413 3957 ἀπορραγέντα,
3440 3877 3597 3947 φησι,
3642 3872 3752 3942 πρδ

2186 3988 2389 4061 μικροῦ
2404 3987 2501 4056 τῆς
2523 3984 2634 4037 τῶν
2672 3983 2810 4034 θεῶν
2836 3980 3189 4039 οἰκειώσεως,
3210 3976 3304 4028 καὶ
3330 3975 3399 4042 τῇ
3419 3970 3528 4023 τῶν
3553 3967 3754 4020 ἀθλίων

2182 4059 2389 4136 τούτων
2417 4079 2606 4150 ἀπάτῃ
2632 4074 2725 4139 οὓς
2752 4070 3111 4144 Χριστιανοὺς
3138 4059 3759 4135 καλοῦσι,προστεθέντα

2187 4147 2650 4230 Καλλίνικον
2722 4168 2810 4222 διὰ
2877 4165 3069 4233 ξίφους
3132 4161 3364 4216 θάνατον
3451 4147 3759 4223 ὑποστῆναι

2186 4269 2397 4335 κελεύω
2417 4282 2431 4297 ’
2465 4266 2561 4318 τὸν
2600 4263 2656 4316 δέ
2684 4277 2746 4330 γε
2790 4258 3015 4318 πολλαῖς
3044 4253 3359 4327 τερατείαις
3392 4244 3763 4317 ὲπισεμνυνό-

2188 4375 2350 4432 μενον
2380 4355 2614 4424 Θύρσον,
2655 4352 2713 4414 ὃς
2743 4352 2835 4405 καί⁵
2859 4349 2938 4420 τῷ
2962 4346 3182 4416 δειλαίῳ
3223 4343 3402 4414 τούτῳ
3444 4337 3761 4406 Καλλινίκῳ

2184 4455 2285 4522 τὴν
2333 4449 2671 4518 διαστροφὴν
2723 4442 3177 4515 ἐμνηστεύσατο,
3228 4440 3312 4501 είς
3365 4453 3489 4489 τινα
3541 4432 3762 4502 γυμνὴν

501 4564 701 4618 igneam
754 4547 1017 4617 injectum
1109 4557 1367 4612 capsam.
1448 4556 1575 4596 cum
1627 4557 1692 4594 ea
1762 4538 2068 4595 acutissima

2187 4543 2535 4616 ἐμϐληθέντα
2571 4539 2748 4611 θήκην
2794 4536 3039 4604 ὁξυτάτῳ
3084 4535 3182 4587 σὺν
3228 4532 3368 4602 αὐτῇ
3431 4526 3762 4593 διακοπῆναι

501 4657 659 4698 serra
685 4638 996 4696 minutatim
1025 4635 1309 4699 dissecari,
1342 4643 1403 4690 ut
1428 4634 1652 4703 prolixae
1682 4633 1827 4688 illius
1874 4632 2080 4701 decep-

506 4734 680 4790 tionis
718 4740 776 4788 et
819 4730 1220 4802 praestigiarum
1248 4768 1262 4790 ,
1316 4726 1510 4796 dignas
1557 4727 1724 4781 etiam
1771 4733 1893 4794 post
1934 4739 2078 4778 mor-

504 4838 615 4879 tem
678 4824 796 4878 lnat
859 4835 1071 4891 pcenas.
1144 4817 1326 4887 Atque
1388 4817 1480 4872 ille
1545 4816 1769 4886 quidem
1832 4830 1956 4870 eum
2022 4809 2077 4867 in

505 4924 772 4984 martyres
806 4912 950 4965 hanc
1010 4908 1226 4963 tulisset
1255 4907 1611 4971 sententiam,
1664 4921 1859 4960 rursus
1909 4904 2081 4973 coapit

506 5022 704 5062 vacare
756 5005 825 5060 iis
851 5018 968 5074 ηοω
1003 5017 1062 5057 se
1082 5002 1148 5056 ad
1186 5016 1409 5056 manum
1439 5000 1771 5065 oﬂ‘erebant,
1816 4999 2073 5067 negotiis.

503 5097 644 5154 Cum
679 5111 778 5150 eos
829 5104 1015 5150 autem
1071 5092 1418 5161 accepissent
1469 5090 1693 5151 milites.
1747 5088 2077 5144 Callinicum

504 5186 933 5261 quidemeforo
961 5186 1249 5248 eductum,
1290 5196 1416 5238 cum
1474 5189 1692 5249 tempus
1743 5178 1999 5246 petiisset
2025 5187 2082 5232 et

506 5282 814 5352 accepiSSet
868 5279 1226 5351 precationis.
1287 5293 1384 5346 per
1429 5290 1617 5331 ensem
1659 5274 1809 5329 illata
1876 5271 2079 5326 deinde

505 5390 687 5433 morte
747 5382 1156 5430 consummant.
1214 5370 1557 5424 Generosum
1621 5381 1753 5419 vero
1811 5365 2080 5434 'l‘hyrsum

506 5486 633 5528 cum
673 5469 726 5523 in
757 5465 1051 5538 quamdam
1088 5463 1396 5519 machinam
1429 5459 1787 5514 immisissent
1822 5458 2079 5527 ligneam,

509 5577 570 5618 nt
604 5563 854 5632 improbe
895 5561 1138 5631 iusserat
1187 5573 1413 5627 praeses,
1450 5555 1668 5610 cuidam
1700 5552 1864 5607 Vitali
1892 5563 1948 5606 et
1983 5552 2082 5607 Sa-

508 5658 641 5711 bino
666 5638 949 5715 mandan',
979 5661 1037 5705 ut
1053 5659 1387 5706 tormentum
1409 5656 1801 5718 exsequantur.
1824 5646 1930 5713 Qui
1954 5661 2079 5701 cum

508 5760 730 5800 sursum
763 5758 975 5799 serram
1013 5739 1233 5795 trahere
1261 5738 1715 5808 aggrederentur,
1750 5752 1814 5790 ea
1855 5736 2079 5805 quidem

510 5838 595 5895 eis
635 5836 925 5894 videbatur
960 5831 1114 5891 valde
1148 5829 1330 5902 gravis
1356 5838 1410 5889 ct
1435 5830 1604 5888 ductu
1637 5828 1895 5897 difﬁcilis,
1920 5828 1977 5885 in
2009 5827 2081 5885 li-

2184 4638 2267 4699 είς
2290 4632 2433 4687 λεπὰ
2459 4633 2664 4702 πρίονι,
2696 4628 2773 4690 ὡς
2805 4626 2871 4680 ἂν
2898 4628 2998 4695 τῆς
3037 4624 3260 4695 μακρᾶς
3293 4622 3508 4688 ἐκείνης
3536 4616 3759 4683 ἀπάτης

2185 4726 2280 4779 καὶ
2310 4722 2569 4793 γοητείας
2593 4720 2752 4784 ἀξίαν
2783 4718 2879 4771 καὶ
2925 4715 3063 4785 μετὰ
3103 4710 3365 4782 τελευτὴν
3396 4711 3608 4778 ὑπόσχῃ
3660 4710 3760 4774 τὴν

2184 4818 2366 4878 δίκην.
2432 4816 2494 4867 '0
2550 4813 2651 4882 μὲν
2708 4807 2802 4864 οὖν
2844 4808 3072 4862 τοιαῦτα
3110 4806 3252 4860 κατὰ
3305 4804 3415 4856 τῶν
3463 4802 3763 4872 μαρτύρων

2186 4908 2635 4979 ἀποφηνάμενος,
2668 4905 2775 4959 τῶν
2806 4907 2863 4958 ἑν
2893 4902 3048 4972 χερσὶ
3075 4898 3426 4968 πραγμάτων
3456 4893 3761 4966 φροντίδων

2185 5004 2411 5071 ἥπτετο,
2441 4996 2861 5067 Παραλαϐόντες
2886 4994 2941 5046 δὲ
2984 4992 3183 5053 αὐτοὺς
3210 4990 3260 5042 οἱ
3293 4988 3631 5056 στρατιῶται
3664 4981 3762 5036 τὸν

2189 5098 2291 5165 μὲν
2333 5091 2662 5145 Καλλίνικον
2706 5085 3071 5155 ἐξαγαγόντες
3099 5085 3199 5152 τῆς
3232 5082 3440 5151 ἀγορᾶς
3470 5120 3484 5140 ,
3516 5081 3611 5131 καὶ
3641 5095 3764 5129 και.

2188 5189 2282 5258 μὴν
2314 5185 2620 5255 αἰτήσαντα
2648 5178 2961 5252 προσευχῆς
2987 5176 3082 5229 καὶ
3114 5175 3371 5237 λαϐόντα,
3405 5167 3524 5224 εἶτα
3550 5171 3649 5223 καὶ
3683 5170 3761 5239 τῷ

2181 5280 2271 5332 διὰ
2299 5278 2484 5346 ξίφους
2509 5273 2723 5342 θανάτῳ
2741 5270 3032 5324 τελειοῦσι·
3062 5268 3276 5337 Θύρσον
3311 5266 3368 5318 δὲ
3397 5265 3490 5317 τὸν
3510 5267 3761 5330 γενναῖον

2183 5372 2265 5434 εἷς
2298 5389 2351 5422 τι
2386 5370 2689 5440 μηχάνημα
2726 5365 2936 5434 γυμνὸν
2959 5361 3292 5432 ἐμϐαλόντες
3325 5360 3401 5421 ὡς
3425 5358 3488 5411 τὸ
3522 5354 3763 5424 πονηρὸν

2184 5465 2465 5530 ἐπίταγμα
2532 5458 2769 5527 Βίταλίῳ
2841 5456 2951 5507 τινὶ
2994 5456 3089 5507 καὶ
3132 5452 3344 5522 Σαϐίνῳ
3373 5449 3472 5519 τὴν
3527 5448 3764 5517 βάσανον

2183 5556 2606 5624 ἐπιτρέπουσιν.
2659 5549 2762 5604 Ὧν
2812 5549 3022 5602 ἄνωθεν
3088 5547 3272 5599 ἕλκειν
3334 5542 3769 5614 ἐπιχειρούντων

2184 5645 2278 5697 τὸν
2316 5643 2518 5715 πρίονα
2547 5682 2562 5707 ,
2599 5640 2772 5712 βαρὺς
2792 5640 2914 5706 ·μὲν
2941 5633 3099 5702 οὗτος
3128 5637 3314 5699 αὐτοῖς
3345 5635 3523 5688 ἐδόκει
3556 5630 3759 5700 κομιδῆ

2184 5738 2280 5792 καὶ
2305 5738 2649 5803 δυσάγωγος,
2684 5732 2886 5802 κοῦφος
2911 5731 2968 5786 δὲ
2995 5731 3147 5803 ὅμως
3174 5731 3316 5786 κατὰ
3345 5726 3442 5783 τοῦ
3479 5726 3641 5793 ξύλου
3665 5724 3762 5777 καὶ

2187 5830 2461 5901 μετέωρος
2489 5828 2688 5899 ηρηχετο
2714 5839 2728 5855 ·
2752 5822 2895 5882 ὥστε
2921 5821 3051 5889 τοὺς
3113 5822 3217 5893 μὲν
3252 5821 3482 5890 κάμνειν
3517 5818 3591 5889 τῷ
3614 5814 3771 5887 ἄχθει
