4102 6376
357 332 459 396 5'11

1243 330 1717 429 MARTYRIUM
1761 343 1824 404 S.
1864 344 2152 406 THYRSI
2187 346 2284 407 ΕΤ
2324 349 2743 413 SOCIORUM.

3519 349 3623 411 538

360 448 458 503 καὶ
479 445 671 518 ἱδρῶτι
704 444 1096 517 περιρρεῖσθαι
1135 451 1340 518 συχνῷ,
1386 448 1447 503 τὸ
1475 448 1636 516 ξύλον
1680 449 1933 505 δὲνάπα-
1961 506 1962 509 η

2060 473 2201 522 {num
2251 476 2382 517 vero
2411 461 2783 518 descendebat
2839 461 3137 516 admodum
3168 460 3309 515 levis
3336 472 3394 516 et
3452 463 3627 517 subli-

364 538 455 602 θὲς
523 537 730 608 μένειν,
800 535 1057 607 οὐδαμῶς
1129 537 1300 592 αὑτοῦ
1361 539 1792 610 παραπτομένου
1836 539 1934 593 τοῦ

363 629 609 699 πρίονος.
631 628 799 692 Τέλος
825 628 884 682 δὲ
916 626 1279 700 σφοδρότερον
1307 631 1416 685 τῶν
1442 631 1653 702 ἀνδρῶν
1679 630 1939 701 ἐγκειμέ-

367 738 478 773 νων
498 719 839 789 διανοίγεται
872 722 975 790 μὲν
1013 721 1339 790 αὐτομάτως
1367 724 1400 794 ή
1437 722 1578 794 θήκη
1614 737 1629 754 ·
1661 722 1836 788 ἔξεισι
1883 721 1940 776 δὲ

363 813 392 865 6
438 810 681 881 ὸθλητῆς
738 812 968 881 φαιδρὸς
995 811 1096 883 τὴν
1145 811 1269 882 ὄψιν
1313 814 1410 868 καὶ
1454 812 1717 885 θαλερόςο
1751 812 1941 884 ὥσπερ

365 902 560 973 ήδονῆς
617 902 774 967 θείας
826 903 928 974 τῆς
990 904 1201 959 ἐκείνου
1255 904 1438 975 ψυχῆς
1510 904 1940 977 καταχυθείσης.

370 995 512 1060 Τοὺς
543 996 643 1066 μὲν
673 990 769 1049 οὖν
796 996 1177 1067 περιεστῶτας
1205 998 1322 1052 ὅσοι
1343 1014 1405 1051 τε
1434 998 1573 1068 πρὸς
1586 997 1646 1052 τὸ
1674 998 1942 1067 τιμωρεί-

371 1085 520 1154 σθαι,
554 1088 652 1141 καὶ
679 1087 796 1141 ὅσοι
826 1087 969 1141 κατά
1002 1086 1135 1143 θέαν
1170 1087 1341 1160 μόνην
1375 1088 1657 1160 παρῆσαν,
1680 1087 1943 1159 ἔκπληξις

371 1178 582 1242 πάντας
605 1172 721 1232 εἷλε
760 1180 855 1233 καὶ
899 1179 1075 1247 θίγειν
1106 1178 1283 1235 οὐδενί⁵
1328 1179 1560 1252 δύναμις
1598 1177 1667 1254 ἦν
1712 1181 1802 1237 διὰ
1843 1181 1942 1254 τήν

374 1271 685 1343 ὑπερϐολὴν
710 1271 805 1326 τού
835 1270 1142 1343 θαύματος.

444 1542 589 1614 KQ".
659 1544 717 1600 Ὀ
767 1548 981 1617 μάρτυς
1021 1546 1080 1599 δὲ
1118 1545 1209 1600 τδν
1261 1545 1465 1600 οἰκεῖον
1504 1543 1606 1613 τῆς
1659 1544 1944 1616 ἀθλήσεως

373 1638 574 1710 δρόμον
614 1637 940 1708 αἰσθόμενος
989 1637 1090 1710 ῆδη
1160 1638 1299 1709 πρὸς
1359 1638 1513 1703 τέλος
1567 1638 1789 1709 ἥκοντα,
1850 1636 1945 1691 καί

383 1749 532 1795 τινος
596 1731 806 1787 ἄνωθεν
857 1732 1046 1804 φωνῆς
1108 1733 1244 1801 πρὸς
1301 1733 1371 1787 τὰ
1402 1732 1632 1804 βραδεῖα
1671 1730 1946 1802 καλούσης

332 1860 343 1869 ι
377 1823 647 1889 ἀκούσας,
686 1825 877 1895 χεῖρας
912 1824 1031 1894 ἅμα
1081 1823 1176 1878 καὶ
1223 1824 1350 1878 νοῦν
1393 1827 1476 1889 είς
1522 1826 1785 1895 οὐρανοὺς
1816 1824 1948 1877 ἀνα-

379 1916 549 1986 σχὼν,
594 1913 916 1987 Εὐχαριστῶ
939 1931 1047 1981 σοι,
1068 1915 1244 1987 Κύριε
1286 1916 1469 1987 Ἰησοῦ
1506 1916 1734 1988 Χριστὶ,
1769 1911 1945 1980 εἶπεν,

375 2010 464 2064 ὅτι
498 2027 569 2081 με
598 2009 818 2076 ἀνάξιον
853 2008 987 2064 δντα
1018 2007 1381 2079 προσελάϐου,
1414 2009 1514 2064 καὶ
1545 2007 1642 2063 τοῦ
1675 2007 1770 2062 σοῦ
1820 2007 1950 2078 κλή-

378 2119 479 2175 ρου
506 2101 604 2155 καὶ
626 2101 720 2155 τοῦ
750 2101 916 2171 χοροῦ
942 2099 1054 2154 τῶν
1078 2101 1571 2175 εύαρεστησάντων
1595 2118 1678 2155 σοι
1716 2099 1948 2170 κατηξί-

379 2211 551 2257 ωσας.
583 2194 694 2247 Καὶ
720 2191 816 2247 νῦν
838 2193 987 2258 δέξαι
1014 2210 1118 2264 μου
1146 2195 1245 2264 τὴν
1276 2192 1456 2264 ψυχὴν
1498 2194 1556 2246 ἑν
1604 2193 1818 2265 εἰρήνῃ,
1853 2191 1951 2247 καὶ

382 2288 463 2348 είς
490 2285 550 2339 τὸ
581 2284 739 2354 ἆγιὸν
775 2302 873 2337 σου
906 2286 1296 2357 θυσιαστήριον
1320 2285 1524 2357 ταύτην
1555 2286 1820 2355 εἰσάγαγε
1854 2284 1953 2355 τῆς

383 2379 668 2447 ἀφράστςυ
704 2380 857 2445 παρὰ
886 2380 970 2433 σοὶ
1004 2379 1341 2449 μεθέξουσαν
1371 2379 1734 2450 εὐφροσύνης.
1768 2378 1953 2433 Ταῦτα

385 2467 532 2533 εἷπε,
564 2474 660 2525 καὶ
710 2473 989 2527 πάντοθεν
1035 2475 1102 2544 τῇ
1155 2473 1251 2527 τοῦ
1286 2472 1529 2544 Χριστοῦ
1568 2472 1829 2543 σφραγίδι
1861 2489 1957 2540 ση-

390 2560 773 2630 μειωσάμενος
813 2564 932 2627 ταῖς
991 2564 1201 2617 ἐκείνου
1233 2565 1396 2634 χερσὶ
1447 2563 1547 2636 τὴν
1580 2564 1743 2633 ἁγίαν
1777 2562 1958 2632 ψυχὴν

387 2651 780 2723 παρατίθησιν.
822 2652 1013 2719 Οὕτως
1064 2655 1379 2727 εὐμήχανός
1423 2673 1484 2709 τε
1525 2659 1617 2710 καὶ
1643 2658 1701 2709 ὲν
1729 2657 1958 2726 ἀπόροις

388 2739 625 2811 εὔπορος
675 2743 708 2809 ή
747 2741 841 2796 τοῦ
892 2743 1028 2797 Θεοῦ
1076 2745 1318 2816 apparo;
1360 2747 1548 2817 σοφία.
1598 2746 1732 2802 Ἰδοὺ
1785 2745 1896 2815 γὰρ
1930 2746 1959 2799 6

391 2831 545 2901 παρὰ
590 2831 700 2885 τῶν
747 2833 963 2906 ἐχθρῶν
1016 2837 1308 2902 τοσαύταις
1358 2837 1600 2902 ἐκδοθεὶς
1640 2838 1959 2909 τιμωρίαις,

393 2927 488 2981 καὶ
534 2928 703 2997 μηδὲν
749 2927 961 2981 ἐκεῖθεν
1018 2929 1206 2983 παθὼν
1247 2929 1485 3002 χαλεπὸν
1534 2928 1816 3002 ἀκολούθῳ
1866 2930 1961 2986 καὶ

392 3020 594 3088 φυσικῇ
619 3017 850 3091 τελευτῇ
885 3020 1147 3074 καταλύει
1175 3021 1268 3074 τδν
1293 3020 1433 3088 βίον.

2040 552 2181 606 mis:
2216 553 2357 608 adeo
2409 561 2470 608 ut
2503 554 2577 608 illi
2613 555 2835 624 quidem
2892 553 3135 623 pondere
3175 553 3516 619 laborarent,
3569 565 3626 610 et

2041 646 2214 701 multo
2243 646 2445 703 sudore
2477 646 2945 707 circumfluerent,
2973 645 3182 716 lignum
3215 654 3399 701 autem
3436 660 3627 700 mane-

2041 749 2126 793 ret
2155 738 2451 808 integrum,
2480 738 2533 791 id
2565 754 2717 793 serra
2752 739 2978 792 minime
3000 739 3331 808 attingente.
3379 737 3625 793 Tandem

2041 838 2225 885 autem
2254 831 2581 901 urgentibus
2612 839 2669 885 et
2705 830 3045 885 instantibus
3076 830 3189 885 illis
3213 829 3622 890 vehementius,

2041 936 2206 991 capsa
2228 920 2450 991 quidem
2476 935 2574 974 sua
2599 930 2798 988 sponte
2822 919 3078 989 aperitur
3110 937 3124 973 :
3162 918 3451 988 egreditur
3484 933 3623 972 vero

2042 1012 2248 1068 athleta
2307 1012 2466 1067 laetus
2511 1020 2568 1066 et
2596 1010 2820 1077 alacris,
2899 1010 3135 1081 perinde
3178 1024 3244 1064 ac
3292 1010 3339 1063 si
3376 1008 3626 1063 divinum

2043 1104 2318 1174 quoddam
2349 1103 2609 1175 gaudium
2643 1103 2797 1157 illius
2827 1102 3123 1158 invasisset
3146 1103 3418 1158 animum.
3444 1102 3627 1171 Atque

2043 1209 2139 1251 eos
2177 1195 2417 1264 quidem,
2452 1193 2546 1264 qui
2594 1193 3048 1258 circumstabant,
3085 1204 3196 1247 tam
3253 1193 3347 1262 qui
3376 1191 3629 1252 aderant,

2047 1296 2107 1342 ut
2132 1288 2461 1357 supplicium
2486 1296 2790 1352 sumerent,
2815 1302 2978 1356 quam
2997 1296 3057 1340 ut
3077 1286 3257 1341 solum
3288 1291 3629 1354 spectarent,

2044 1378 2195 1448 cepit
2222 1393 2416 1434 omnes
2464 1388 2659 1448 stupor
2685 1385 2742 1433 et
2765 1377 3086 1442 admiratio,
3109 1386 3168 1432 et
3190 1391 3389 1446 .neque
3418 1380 3633 1443 poterat

2046 1469 2191 1524 ullus
2208 1485 2335 1525 eum
2368 1479 2588 1541 tangere
2618 1478 2842 1539 pr0pter
2878 1468 3095 1540 insigne
3130 1466 3483 1522 miraculum.

2116 1562 2306 1620 XXVI.
2338 1563 2540 1634 Μαι-ψ·
2565 1571 2750 1618 autem
2782 1577 2907 1617 cum
2970 1562 3239 1616 sensisset
3286 1574 3510 1613 cursum
3544 1557 3629 1611 sui

2045 1657 2363 1714 certaminis
2390 1656 2500 1727 jam
2531 1657 2722 1710 venire
2774 1654 2841 1710 ad
2875 1651 3070 1716 linem,
3125 1662 3183 1707 et
3214 1651 3453 1720 desuper
3475 1648 3636 1703 audi-

2046 1746 2217 1802 visset
2256 1760 2447 1801 vocem
2494 1743 2818 1825 quamdam,
2845 1759 2973 1799 eum
3002 1741 3069 1797 ad
3103 1741 3294 1796 bravia
3315 1749 3657 1815 vocantem,

2048 1852 2242 1893 manus
2272 1837 2435 1892 simul
2489 1846 2547 1892 et
2592 1843 2831 1890 mentem
2889 1835 2946 1888 in
2981 1833 3184 1888 caelum
3236 1834 3435 1888 tollens
3470 1849 3486 1888 :
3520 1833 3636 1902 Ago

2049 1932 2147 1988 tibi
2198 1931 2423 2002 gratias.
2473 1930 2703 1984 Domine
2752 1927 2886 1982 Jesu
2937 1927 3181 1992 Christe,
3226 1927 3429 1996 inquit,
3480 1923 3631 1993 quod

2050 2039 2158 2088 me,
2190 2024 2284 2093 qui
2312 2038 2433 2078 sum
2459 2021 2733 2092 indignus.
2764 2020 3069 2091 acceperis,
3098 2029 3155 2076 et
3177 2028 3268 2074 tua
3300 2019 3641 2091 haereditate

2049 2122 2108 2170 et
2134 2114 2305 2169 choro
2336 2128 2470 2169 eoru
2494 2131 2550 2179 u,
2594 2114 2691 2183 qui
2724 2112 2821 2168 tibi
2850 2114 3208 2182 placuerunt,
3242 2111 3507 2182 dignatus
3533 2109 3632 2172 sis,

2050 2205 2120 2261 Et
2146 2221 2292 2261 nunc
2321 2204 2509 2274 accipe
2537 2204 2776 2259 animam
2803 2219 2981 2259 meam
3022 2203 3076 2258 in
3107 2218 3264 2272 pace,
3300 2212 3360 2257 et
3393 2217 3514 2256 eam
3544 2201 3627 2255 in-‘

2054 2297 2251 2353 troduc
2277 2297 2346 2353 ad
2385 2312 2608 2353 sacrum
2637 2306 2793 2351 tuum
2824 2296 3021 2359 altare.
3056 2294 3356 2350 inetl‘abilis
3390 2292 3538 2363 apud
3581 2300 3637 2347 te

2052 2390 2257 2447 laetitiae
2284 2389 2523 2444 futuram
2561 2389 2914 2458 participem.
2965 2386 3088 2442 Haec
3115 2386 3279 2450 dixit,
3313 2396 3370 2440 et
3409 2400 3536 2440 cum
3575 2399 3636 2438 se

2056 2483 2301 2554 undique
2334 2482 2541 2539 Christi
2570 2482 2846 2551 signasset
2874 2481 3181 2552 signaculo,
3237 2479 3292 2532 iu
3328 2493 3526 2532 manus
3574 2477 3639 2530 il-

2056 2577 2167 2633 lius
2189 2588 2436 2632 sanctam
2465 2575 2696 2645 deponit
2736 2574 2999 2630 animam.
3033 2573 3168 2628 Tam
3201 2572 3416 2627 facilem
3435 2581 3492 2626 et
3524 2578 3637 2625 tam

2058 2668 2366 2739 expeditam
2407 2668 2463 2722 in
2512 2667 2680 2722 rebus
2746 2664 3024 2736 perplexis
3087 2673 3142 2718 et
3172 2663 3358 2719 dubiis
3428 2661 3642 2716 invenit

2060 2762 2202 2817 viam
2233 2757 2530 2815 inell'abilis
2579 2758 2671 2812 Dei
2703 2756 2998 2826 sapientia.
3051 2754 3196 2809 Ecce
3252 2753 3404 2808 enim
3434 2751 3531 2821 qui
3568 2751 3641 2804 ab

2061 2851 2302 2908 inimicis
2333 2860 2443 2905 tam
2460 2850 2651 2905 nmltis
2674 2848 2855 2903 fuerat
2883 2847 3118 2902 traditus
3146 2845 3461 2915 suppliciis,
3491 2853 3549 2899 et
3571 2859 3641 2899 ex

2063 2947 2145 3018 iis}
2167 2946 2305 3001 nihil
2367 2958 2533 3015 grave
2554 2953 2611 2998 et
2634 2943 2927 2998 molestum
2957 2949 3229 3004 senserat,
3264 2947 3641 2994 consentanea

2063 3050 2121 3097 et
2152 3037 2390 3094 naturali
2426 3044 2603 3091 morte
2629 3034 2847 3090 excedit
2882 3034 3012 3088 vita.

414 3124 417 3125 '
464 3111 590 3167 KZ'.
633 3109 811 3174 Πολὺς
856 3112 883 3163 6
928 3112 1137 3181 μεταξὺ
1186 3113 1411 3184 χρόνος,
1447 3113 1544 3166 καὶ
1572 3112 1962 3183 Διοκλητιανδς

2136 3131 2352 3189 XXVII.
2395 3129 2625 3185 Multum
2657 3127 2971 3183 intercessit
3002 3125 3289 3195 temporis,
3344 3133 3401 3179 et
3431 3122 3642 3177 Diocle-

396 3206 494 3272 μὲν
544 3202 642 3270 τῆς
684 3201 976 3272 Ῥωμαίων
1027 3205 1206 3275 ἀρχῆς
1258 3205 1601 3277 τυραννικῶς
1647 3204 1957 3258 ἔπιϐαίνει·

391 3297 743 3365 διατάγματα
767 3294 827 3349 δὲ
852 3294 1020 3349 πάλιν
1046 3296 1338 3368 πανταχοῦ
1369 3298 1731 3367 καταπέμπει
1767 3296 1801 3369 ῆ
1830 3297 1966 3351 πάν·

392 3404 494 3451 τας
550 3386 701 3459 αὐτῷ
756 3388 1090 3458 κοινωνῆσαι
1148 3388 1251 3459 τῆς
1307 3389 1587 3455 ἀσεϐείας,
1646 3388 1681 3460 ἢ
1734 3389 1964 3444 θάνατον

398 3478 731 3550 ὑφίστασθαι
760 3478 863 3549 τὴν
896 3479 1127 3550 ζημίαν.
1180 3480 1470 3555 ’Δρῤιανδς
1512 3481 1695 3537 τοίνυν
1744 3483 1774 3536 6
1816 3498 1967 3552 τηνι-

394 3572 575 3627 καΰτα
603 3571 704 3640 τῆς
738 3570 1008 3643 Θηϐαΐδος
1050 3571 1426 3644 ἡγεμονεύων,
1484 3572 1762 3646 μελλήσας
1812 3574 1966 3627 οὐδὲν

406 3665 642 3720 ’Δσκλᾶν
670 3666 868 3719 αὐτίκα
895 3664 994 3719 καὶ
1016 3664 1294 3735 Λεωνίδην
1332 3666 1738 3736 πρεσϐεύοντας
1784 3664 1967 3719 λαϐὼν

394 3758 490 3830 τὴν
526 3757 837 3821 εὐσέϐειαν,
862 3757 1088 3821 πολλαῖς
1113 3756 1209 3811 καὶ
1242 3758 1509 3828 μεγάλαις
1539 3757 1837 3812 ὑποϐάλλει
1865 3756 1966 3827 βα-

364 3841 370 3845 “
397 3851 605 3916 σάνοις,
642 3844 764 3904 εἶτα
797 3851 891 3905 καὶ.
932 3848 1105 3920 αὐτῆς
1132 3850 1442 3921 πικρότατα
1474 3850 1575 3921 τῆς
1610 3851 1758 3920 ζωῆς
1790 3847 1969 3905 ἀπαλ-

394 3943 609 4001 λάττει.
660 3945 751 4009 Ὧς
780 3940 875 4000 οὖν
906 3944 1143 4008 ἑκείνοις
1166 3945 1229 3998 τὸ
1265 3943 1571 4015 μαρτύριον
1600 3946 1820 4018 ἦνυστο,
1870 3960 1966 3996 κε-

396 4038 547 4092 λεύει
576 4039 673 4092 καὶ
703 4037 918 4101 πάντας
950 4035 1331 4108 συλληφθῆναι
1368 4036 1499 4100 τοὺς
1534 4035 1641 4091 ἀνά
1682 4035 1784 4107 τὴν
1810 4033 1966 4095 πόλιν

395 4129 887 4203 Χριστιανοὺς,καὶ
910 4128 1151 4201 μάλιστα
1180 4129 1295 4183 ὅσοι
1324 4128 1435 4183 τῶν
1466 4127 1644 4183 ἄλλων
1676 4123 1814 4199 ἦσαν
1844 4128 1966 4182 ἐπι-

398 4223 697 4294 σημότεροι
725 4222 829 4294 τήν
867 4219 1177 4287 εὐσέϐειαν,
1208 4219 1304 4276 καὶ⁸
1331 4219 1664 4293 προτεθῆναι
1709 4218 1811 4291 μὲν
1836 4221 1967 4292 παρ’

400 4313 552 4384 αύτῷ
595 4312 665 4366 τὰ
707 4311 822 4366 τῶν
876 4310 1160 4365 κολάσεων
1211 4310 1444 4381 ὄργανα,
1487 4310 1682 4363 ἔπειτα
1735 4308 1793 4363 δὲ
1824 4314 1968 4364 κατά

400 4404 694 4475 πρόσωπον
754 4402 968 4458 ἐκείνου
1028 4402 1123 4455 καὶ
1180 4401 1378 4465 αὐτοὺς
1432 4401 1805 4471 παραστῆναι.
1864 4393 1968 4452 Ὧν

399 4497 636 4562 ὀξύτατα
667 4496 979 4567 γενομένων
1014 4495 1181 4558 αὐτὸς
1211 4493 1427 4564 σοϐαρῷ
1462 4497 1562 4563 μὲν
1593 4496 1671 4567 τῷ
1703 4494 1969 4564 σχήματι,
2002 4475 2047 4531 ι)

400 4588 765 4661 σοϐαρωτέρῳ
812 4586 869 4641 δὲ
918 4585 999 4655 τῷ
1045 4585 1362 4658 φρονήματι
1393 4601 1408 4616 ·
1448 4586 1589 4656 Παρ⁹
1646 4586 1776 4656 ὑμῖν
1844 4587 1967 4639 ἐστι

401 4679 587 4744 τοῦτο,
625 4681 732 4734 καὶ
771 4678 917 4750 ὑμᾶς
955 4678 1183 4750 κυρίους
1234 4676 1329 4732 τοῦ
1362 4677 1692 4748 πράγματος
1725 4677 1970 4747 τίθεμεν,

401 4771 497 4826 τοῦ
546 4772 583 4844 ἢ
624 4771 853 4833 θύοντας
901 4769 1074 4832 ἀδεῶς
1100 4770 1202 4840 ζῇν
1234 4771 1329 4826 καὶ
1362 4767 1709 4837 ἐλευθερίως,
1748 4767 1781 4837 ἢ
1813 4769 1975 4820 ἀπει-

401 4862 635 4928 θοῦντας
666 4862 944 4927 ποικίλαις
965 4866 1283 4933 τιμωρίαις,
1302 4856 1420 4929 εἶτα
1455 4862 1551 4915 καὶ
1582 4859 1733 4931 αὑτῷ
1755 4858 1973 4929 θανάτῳ

399 4956 665 5013 δίδοσθαι.
719 4954 909 5010 Ταῦτα
948 4954 1044 5009 τοῦ
1104 4954 1373 5025 ήγεμόνος
1422 4954 1674 5016 εἰπόντος
1723 4955 1820 5007 καὶ
1864 4954 1974 5009 τῶν

401 5048 656 5119 ὀργάνων
701 5048 906 5110 εὐθέως
945 5045 1381 5116 ὖποδειχθέντων
1408 5046 1616 5112 αὐταῖς,
1654 5047 1851 5117 ἄνδρες
1879 5049 1973 5100 τὸν

400 5140 639 5213 ἀριθμὸν
670 5140 812 5194 ἑπτά
865 5141 963 5194 καὶ
1005 5140 1341 5209 τριάκοντα,
1380 5139 1574 5211 ἄνδρες
1610 5139 1705 5194 καὶ
1740 5138 1975 5208 γνώμας

406 5235 502 5286 καὶ
527 5232 711 5303 ψυχάς
740 5231 1030 5302 ἀήττητοι,
1061 5232 1169 5284 τῶν
1195 5231 1511 5300 λεγομένων
1537 5231 1974 5297 καταγελῶντες,

402 5324 513 5391 τῶν
547 5324 849 5394 δρωμένων
880 5326 1100 5381 πάντων
1141 5323 1544 5395 ὑπερορῶντες,
1576 5320 1840 5392 ἀλλήλους
1872 5340 1978 5375 πα-

288 5476 305 5490 ,
407 5412 860 5483 ραθαρρύναντες
893 5412 990 5464 καλ⁵
1013 5413 1097 5465 ὅτι
1125 5413 1203 5482 μὴ
1237 5414 1400 5482 μόνον
1431 5414 1683 5475 εἰπόντες
1709 5412 1805 5465 τοῦ
1841 5413 1972 5465 δυσ-

408 5504 580 5567 σεϐῶς
604 5505 727 5574 ζῇν,
758 5503 898 5557 ἀλλὰ
928 5503 1023 5557 καὶ
1060 5504 1152 5556 τοῦ
1197 5504 1375 5567 καλῶς
1407 5507 1466 5558 ἐν
1497 5505 1751 5576 εὐσεϐείᾳ
1770 5505 1979 5572 διάγειν

406 5600 467 5651 τδ
492 5597 640 5666 ὑπὲρ
672 5596 847 5664 αὐτῆς
880 5596 1141 5650 τεθνάναι
1171 5596 1357 5670 πολλῷ
1393 5596 1626 5666 βέλτιον,
1665 5599 1748 5659 είς
1773 5597 1977 5666 μέσους

409 5689 531 5752 τοὺς
590 5687 878 5752 κινδύνους
939 5688 1177 5758 πηδῶσι,
1232 5688 1327 5744 καὶ
1376 5689 1468 5745 τὸν
1528 5688 1724 5757 καιρὸν
1766 5687 1977 5750 εὐθέως

408 5780 740 5844 ἁρπάζουσι.
780 5779 927 5853 Πλὴν
963 5781 1011 5835 oi
1068 5783 1167 5853 μὲν
1197 5781 1344 5835 ἄλλοι
1392 5780 1700 5852 προθυμίας
1736 5779 1825 5832 ἐπὶ
1878 5779 1979 5849 τῆς

2067 3225 2246 3281 tianus
2274 3223 2498 3294 quidem
2564 3220 2852 3294 tyrannice
2886 3220 3196 3274 Romanum
3222 3216 3437 3271 invadit
3462 3216 3643 3284 impe-

2066 3316 2527 3373 rium:edictum
2576 3322 2761 3368 autem
2813 3326 3009 3368 rursus
3065 3310 3309 3365 mittitur
3366 3309 3421 3363 in
3452 3323 3644 3363 omnes

2067 3419 2272 3481 partes,
2331 3417 2391 3462 ut
2421 3408 2507 3462 vel
2532 3420 2723 3461 omnes
2760 3406 2871 3460 sint
2902 3420 3028 3461 cum
3078 3417 3148 3458 eo
3205 3401 3509 3471 participes
3542 3400 3643 3454 im-

2065 3500 2306 3572 pietatis,
2325 3509 2422 3555 aut
2450 3515 2667 3570 pmnam
2692 3499 2890 3553 mortis
2913 3498 3165 3553 subeant.
3200 3496 3472 3550 Arrianus
3490 3510 3643 3563 ergo,

2066 3594 2160 3663 qui
2195 3605 2327 3648 tunc
2365 3600 2485 3647 erat
2528 3607 2735 3662 praeses
2788 3589 3115 3654 Thebaidis,
3155 3588 3292 3643 nihil
3327 3594 3642 3647 cunctatus,

2066 3700 2191 3740 cum
2226 3700 2350 3740 mox
2381 3682 2597 3738 Asclam
2616 3691 2672 3737 et
2697 3680 2993 3736 Leonidem
3020 3678 3344 3750 accepisset,
3378 3677 3473 3746 qui
3496 3676 3645 3730 cole-

2068 3777 2203 3832 bant
2230 3786 2287 3830 et
2336 3775 2638 3831 tuebantur
2681 3774 2967 3844 pietatem,
3003 3786 3102 3825 eos
3131 3769 3319 3824 multis
3344 3779 3400 3823 et
3436 3766 3646 3837 magnis

2067 3864 2289 3935 subjicit
2322 3863 2611 3918 tormentis
2635 3878 2651 3924 ;
2679 3860 2881 3916 deinde
2910 3860 3077 3915 etiam
3114 3859 3471 3914 acerbissime
3492 3872 3589 3911 eos
3612 3873 3645 3911 a

2067 3956 2180 4011 vita
2217 3956 2434 4011 liberat.
2464 3955 2758 4024 Postquam
2803 3968 2933 4008 vero
2976 3952 3079 4007 fuit
3119 3960 3396 4022 peractum
3429 3950 3500 4002 ab
3540 3948 3646 4005 illis

2068 4047 2414 4117 martyrium,
2446 4043 2601 4114 jubet
2626 4044 2793 4096 etiam
2824 4056 3020 4097 omnes
3051 4038 3450 4109 comprehendi
3485 4037 3648 4093 Chri-

2067 4137 2301 4198 stianos,
2328 4134 2422 4204 qui
2442 4141 2604 4189 erant
2637 4133 2691 4187 in
2724 4130 2973 4195 civitate,
2993 4139 3050 4185 et
3079 4129 3315 4185 maxime
3359 4130 3455 4199 qui
3484 4136 3648 4182 erant

2067 4229 2192 4284 aliis
2223 4226 2425 4295 pietate
2453 4224 2624 4295 magis
2649 4223 2909 4294 insignes,
2942 4230 3001 4278 et
3023 4229 3150 4277 ante
3192 4220 3372 4291 ipsum
3423 4220 3648 4290 quidem

2068 4321 2200 4391 poni
2219 4319 2586 4374 instrumenta
2606 4313 3031 4386 suppliciorum;
3049 4312 3251 4368 deinde
3269 4312 3420 4383 ipsos
3432 4328 3650 4383 quoque

2072 4410 2192 4468 sisti
2214 4418 2339 4465 ante
2365 4409 2517 4464 illius
2549 4406 2770 4463 faciem.
2791 4406 2922 4472 Quae
2938 4421 3064 4461 cum
3086 4404 3379 4460 celerrime
3401 4404 3541 4460 facta
3565 4421 3650 4461 es-

2075 4512 2219 4567 sent,
2251 4501 2365 4572 ipse
2394 4500 2635 4571 superbo
2654 4496 2878 4567 quidem
2896 4498 3075 4562 vultu,
3107 4497 3434 4567 superbiore
3465 4505 3650 4553 autem

2075 4596 2275 4667 spiritu
2303 4613 2315 4647 :
2342 4593 2457 4649 Hoc
2483 4602 2591 4658 est,
2624 4590 2827 4661 inquit,
2888 4589 2944 4644 in
2996 4604 3161 4645 manu
3192 4599 3398 4655 vestra,
3429 4599 3486 4646 et
3509 4590 3653 4646 hanc

2024 4724 2033 4735 ι
2077 4705 2192 4746 rem
2214 4697 2409 4743 vestra:
2465 4686 2720 4757 potestati
2773 4683 3165 4755 permittimus,
3213 4692 3274 4737 ut
3299 4682 3383 4737 vel
3435 4683 3650 4737 δαρτίῆ-

2076 4790 2282 4845 cautes,
2316 4794 2506 4836 secure
2534 4777 2729 4833 vivatis
2756 4786 2813 4832 et
2838 4776 3034 4839 liuere,
3059 4791 3124 4831 ac
3177 4775 3224 4830 si
3247 4790 3357 4829 non
3390 4778 3653 4844 parcatis,

2076 4869 2245 4923 variis
2259 4868 2537 4923 dedamini
2553 4866 2926 4937 suppliciis,et
2943 4864 3144 4920 deinde
3161 4867 3327 4919 etiam
3342 4864 3444 4933 ipsi
3463 4866 3649 4918 morti.

2077 4961 2204 5016 lla-c
2232 4976 2356 5015 cum
2403 4958 2630 5013 dixisset
2686 4972 2907 5027 praeses,
2952 4966 3010 5011 et
3062 4955 3324 5010 continuo
3382 4963 3653 5010 tormenta

2076 5052 2157 5106 eis
2171 5050 2402 5105 fuissent
2431 5048 2788 5108 ostensa.viri
2825 5062 3059 5102 numero
3094 5045 3313 5115 triginta
3334 5053 3392 5099 et
3418 5054 3649 5112 septem,

2077 5141 2180 5196 viri
2208 5149 2266 5195 et
2290 5138 2576 5195 sententiis
2602 5137 2790 5193 invicti
2821 5145 2877 5191 et
2911 5136 3130 5197 animis,
3152 5151 3216 5189 ea
3243 5150 3365 5205 quae
3393 5135 3653 5190 diceban-

2080 5243 2168 5288 tur
2198 5230 2516 5295 trridentes,
2545 5244 2668 5299 qua:
2684 5228 3076 5292 cernebantur,
3103 5227 3290 5280 omnia
3334 5225 3651 5294 despicien-

2081 5333 2182 5387 tes,
2216 5333 2271 5378 et
2296 5321 2398 5377 sibi
2427 5319 2659 5374 invicem
2690 5319 2936 5372 animum
2967 5318 3252 5383 addentes,
3281 5330 3406 5370 cum
3441 5317 3547 5371 hoc
3561 5332 3653 5372 so—

2078 5418 2190 5471 lum
2222 5414 2510 5475 dixissent,
2570 5408 2688 5463 Non
2756 5410 2957 5472 solum,
3008 5422 3171 5476 quam
3241 5409 3407 5478 impie
3443 5410 3648 5475 vivere,

2079 5508 2178 5563 sed
2224 5507 2411 5567 etiam,
2466 5516 2630 5571 quam
2672 5508 2819 5552 recte
2859 5497 2914 5554 in
2978 5498 3181 5568 pietate
3225 5499 3395 5552 vitam
3426 5498 3646 5569 degere,

2079 5613 2182 5670 pro
2217 5598 2332 5667 ipsa
2364 5593 2504 5648 mori
2556 5605 2679 5647 esse
2713 5592 2906 5658 satius,
2932 5590 2989 5646 in
3025 5589 3207 5646 media
3234 5592 3530 5662 prosiliunt
3553 5609 3652 5662 pe-

2082 5688 2275 5751 ricula,
2297 5695 2351 5741 et
2385 5692 2601 5755 tempus
2625 5681 2903 5738 continuo‘
2922 5680 3217 5752 arripiunt.
3255 5680 3361 5736 Sed
3386 5681 3479 5737 alii
3527 5682 3652 5753 qui-

2085 5778 2209 5835 dem
2244 5777 2297 5833 in
2340 5774 2537 5831 eodem
2572 5781 2824 5845 prompto
2846 5780 2900 5828 et
2931 5770 3096 5827 alacri
3129 5771 3296 5828 animi
3322 5772 3523 5833 studio.
3555 5772 3652 5828 al-
