4122 6380
430 354 535 418 539

1658 337 1946 402 MENSIS
1982 334 2236 398 DECEM
2245 334 2424 396 BER.

3588 316 3697 384 510

425 472 535 527 huc
564 464 953 540 persistebant,
989 476 1168 531 neque
1193 460 1496 532 quidquam
1544 458 1670 514 illos
1716 455 2018 513 conturhao

2139 447 2296 517 ιύτῆς
2349 447 2602 519 εἴχοντο,
2654 446 2749 498 καὶ
2798 441 2954 497 οὐδὲν
3005 439 3118 494 τῶν
3166 436 3456 509 παρόντων
3501 435 3701 499 αὐτοὺς

421 563 516 617 bat
544 574 735 615 eorum
764 573 885 626 quae
910 555 1157 610 aderant.

502 650 740 707 XXVIII.
774 646 1007 714 Quidam
1034 655 1242 711 autem,
1272 644 1494 699 nomine
1519 642 1745 715 quidem
1788 639 2014 712 Apollo-

427 745 575 805 nius,
598 739 792 795 ordine
849 753 980 794 vero
1029 738 1224 802 lector,
1282 752 1407 791 cum
1435 736 1665 792 vidisset
1713 741 2014 789 tormento-

431 849 552 888 rum
583 831 815 887 t‘ormam
863 839 920 885 et
962 829 1398 908 multitudinem,
1460 828 1661 883 timore
1703 825 2013 896 completur

426 926 548 996 ejus
575 923 817 987 animus,
869 930 926 978 et
955 922 1281 978 dissolvitur
1343 929 1660 992 promptum
1692 919 1809 990 ejus
1841 915 2011 972 animi

427 1016 697 1072 studium.
719 1014 859 1072 Cum
884 1025 1068 1071 autem
1087 1015 1289 1084 duplex
1339 1029 1466 1070 eum
1489 1013 1780 1069 invasisset
1812 1019 2011 1072 metus,

431 1127 575 1167 unus
607 1111 833 1182 quidem
860 1111 1268 1166 imminentium
1295 1108 1718 1180 suppliciorum,
1757 1106 1896 1161 alter
1917 1120 2016 1159 au-

429 1212 545 1258 tem
575 1202 909 1273 abnegandze
928 1202 1250 1273 impietatis,
1279 1201 1514 1255 mediam
1548 1199 1691 1253 inter
1719 1207 2017 1267 utrumque

434 1292 766 1364 ingreditur,
801 1303 862 1346 ut
909 1307 1091 1361 neque
1137 1291 1382 1346 animam
1447 1288 1605 1344 daret
1650 1286 2015 1347 daemonibus.

431 1400 614 1456 neque
660 1399 863 1456 corpus
906 1383 1218 1447 lictoribus,
1259 1381 1354 1436 sed
1398 1396 1466 1434 ex
1499 1394 1658 1450 aequo
1701 1388 1758 1433 et
1795 1379 2017 1433 illorum

434 1478 708 1548 ellugeret
741 1474 1037 1537 sacrificia,
1068 1486 1123 1528 et
1157 1474 1355 1527 horum
1405 1471 1705 1527 cruciatus.
1746 1468 2023 1537 Quemad-

435 1570 661 1624 modum
710 1579 918 1631 autem,
946 1568 1059 1640 jam
1117 1574 1306 1636 parata
1361 1572 1447 1620 est
1479 1562 1763 1620 declarare
1819 1560 2018 1615 oratio.

436 1650 571 1716 Erat
594 1659 680 1715 vir
706 1660 929 1729 quidam
965 1668 1115 1714 stans
1151 1673 1320 1727 prope
1347 1655 1520 1720 illum,
1558 1654 1825 1725 religione
1850 1653 2023 1723 genti-

432 1754 523 1818 lis,
554 1753 779 1808 nomine
807 1760 992 1808 autem
1028 1750 1347 1814 Philemon,_
1369 1760 1486 1803 arte
1518 1748 1743 1812 tibicen,
1771 1748 1865 1816 qui
1902 1761 2025 1817 pro-

2119 539 2400 610 ἐθορύϐει.

2197 635 2334 686 κη’.
2378 631 2470 695 Εἷς
2500 632 2559 686 δέ
2587 650 2671 694 τις
2697 631 2797 701 τὴν
2828 627 3026 698 κλῆσιν
3061 626 3159 697 μὲν
3192 622 3576 684 Ἀπολλώνιος,
3604 620 3705 689 τήν

2121 727 2279 792 τάξιν
2326 727 2381 781 δέ
2425 724 2804 795 ἀναγνώστης,
2850 721 2921 775 τά
2970 737 3030 773 τε
3081 717 3197 787 εῐδη
3237 717 3331 770 καὶ
3367 714 3553 783 πλήθη
3599 713 3707 766 τῶν

2123 819 2569 891 βασανιστηρίων
2624 817 2770 877 ἰδὼν,
2832 815 3001 883 φόϐου
3053 812 3153 879 τὴν
3180 808 3363 880 ψυχὴν
3401 806 3709 878 πληροῦται

2123 918 2219 970 καὶ
2265 913 2366 984 τὴν
2408 910 2723 984 προθυμίαν
2762 906 3016 961 ἐκλύεται
3050 919 3065 936 ’
3112 903 3276 974 διττῷ
3308 902 3367 956 δὲ
3417 902 3569 972 φόϐῳ
3602 918 3705 952 κα·

2126 1006 2494 1077 τειλημμένος
2533 1003 2610 1070 τῷ
2657 1002 2758 1073 μὲν
2805 987 3492 1068 προστὰςέπηρτημένας
3537 991 3711 1063 βασά-

2126 1116 2274 1163 νους,
2308 1097 2387 1167 τῷ
2410 1098 2467 1151 δέ
2496 1094 2635 1166 πρὸς
2660 1094 2761 1160 τὴν
2807 1090 2910 1162 τῆς
2941 1088 3229 1150 εὐσεϐείας
3266 1085 3500 1156 ἄρνησιν
3533 1081 3712 1153 μέσην

2126 1195 2462 1267 ἀμφτέρων
2493 1191 2780 1261 τρέπεται,
2814 1187 2889 1249 ὡς
2931 1187 3072 1257 μήτε
3115 1183 3214 1255 τὴν
3242 1183 3426 1252 ψυχὴν
3449 1182 3557 1242 τοῖς
3590 1178 3711 1232 δαί-

2129 1304 2259 1357 μοσι
2296 1287 2435 1357 μήτε
2463 1284 2526 1338 τὸ
2563 1283 2728 1354 σῶμα
2754 1283 2870 1344 τοῖς
2907 1278 3127 1349 δημίοις
3163 1274 3439 1338 ἐκδοῦναι,
3472 1270 3588 1324 ἀλλ’
3619 1269 3710 1322 ἐπ’

2128 1378 2254 1444 ἴσης
2290 1377 2388 1431 καὶ
2426 1375 2527 1439 τὰς
2570 1374 2780 1428 τούτων
2828 1371 3023 1434 θυσίας
3063 1369 3159 1423 καὶ
3191 1371 3291 1430 τὰς
3324 1367 3453 1437 παρ’
3483 1363 3713 1418 ἐκείνων

2129 1470 2404 1540 τιμωρίας
2428 1468 2734 1536 διαφυγεῖν.
2756 1465 2831 1517 Τὸ
2857 1464 2916 1518 δέ
2949 1463 3098 1524 ὅπως
3129 1461 3157 1513 ὀ
3187 1458 3346 1527 λόγος
3389 1457 3493 1528 ήδη
3515 1453 3714 1525 δηλοῦν

2127 1566 2370 1632 ἕτοιμος.
2402 1559 2703 1631 Ἐτύγχανέ
2735 1575 2819 1620 τις
2846 1556 2992 1626 ἀνὴρ
3028 1552 3259 1622 πλησίον
3299 1553 3513 1605 ἐκείνου
3538 1546 3714 1611 ἐστὼς

2131 1659 2336 1729 Ἕλλην
2362 1657 2426 1711 τὸ
2453 1656 2644 1719 σέϐας,
2673 1653 2772 1723 τὴν
2809 1651 3005 1721 κλῆσιν
3045 1647 3179 1717 Φιλὴ
3189 1663 3329 1716 μων.
3381 1642 3483 1710 τὴν
3513 1640 3714 1709 τέχνην

2131 1751 2377 1820 αὐλητής
2399 1766 2415 1782 ο
2466 1748 2525 1811 δς
2566 1748 2657 1803 διὰ
2689 1745 2897 1816 ταύτην
2927 1742 3179 1798 ἐκαλεῖτο
3211 1739 3312 1809 μὲν
3346 1738 3460 1798 τοῖς
3506 1735 3713 1801 ἐπιχω-

435 1813 562 1912 pter
586 1857 706 1897 eam
749 1842 817 1897 ab
843 1842 913 1896 iis
935 1840 1159 1910 quidem
1190 1840 1285 1910 qui
1311 1838 1638 1894 habitabant
1686 1840 1742 1892 in
1771 1813 2019 1908 regione,

2139 1813 2273 1914 ρίοις
2312 1813 2606 1914 ἡοραύλης
2634 1856 2648 1871 ⁸
2692 1813 2891 1909 ἔτερπε
2934 1835 2991 1889 δέ
3043 1832 3140 1888 καὶ
3183 1828 3467 1902 ’Ᾱρῤιανὸν
3512 1825 3716 1878 ὁπόταν

437 1936 743 1991 vocabatur
791 1935 1122 1991 Choraules.
1167 1932 1489 1989 Delectabat
1538 1946 1671 1986 vero
1707 1931 1753 1986 is
1799 1943 2022 2001 quoque

435 2028 755 2093 Arrianum,
797 2028 1022 2099 quando
1075 2025 1360 2097 paululum
1422 2025 1638 2080 laxatus
1665 2038 1697 2079 a
1729 2023 1902 2086 curis,
1931 2036 2022 2077 as-

438 2120 678 2191 piciebat
696 2120 763 2176 ad
789 2122 1149 2191 voluptatem.
1177 2118 1317 2175 Cum
1357 2133 1484 2173 eum
1503 2126 1687 2173 autem
1739 2129 1910 2185 prope
1935 2117 2023 2167 vi-

446 2211 621 2267 disset
669 2212 1016 2282 Apollonius,
1084 2211 1338 2274 advocat,
1388 2220 1444 2264 et
1471 2208 1767 2279 pollicetur
1807 2205 2025 2277 eiqua-

441 2315 569 2358 tuor
602 2320 822 2368 aureos,
875 2304 921 2358 si
950 2319 1050 2374 pro
1081 2304 1177 2358 illo
1229 2300 1611 2365 sacriﬁcet,.et
1643 2313 1770 2354 eum
1797 2297 2023 2368 quidem

440 2395 641 2450 liberet
670 2409 701 2447 a
733 2395 1047 2458 tormentis,
1096 2408 1194 2449 eos
1227 2406 1359 2446 vero
1411 2391 1506 2460 qui
1541 2389 1825 2456 videbant,
1860 2396 1917 2443 et
1944 2388 2029 2460 ip-

440 2497 563 2537 sum
588 2482 885 2537 Arrianum
919 2480 1220 2550 deciperet,
1241 2480 1432 2534 dicens
1450 2494 1510 2534 se
1531 2477 1904 2549 Apollonium.
1922 2477 2028 2534 Pa-

441 2583 529 2630 ret
561 2575 648 2629 his
671 2573 958 2629 Philemon
986 2590 1001 2637 ;
1025 2582 1082 2627 et
1109 2572 1258 2627 illius
1283 2570 1507 2642 quidem
1533 2578 1739 2626 vestem
1767 2569 2024 2638 induens,

440 2673 499 2720 et
522 2665 756 2729 vultum,
805 2663 987 2734 quoad
1015 2663 1136 2733 ejus
1171 2661 1288 2716 ileri
1340 2660 1540 2732 potuit.
1575 2659 1853 2731 operiens,
1896 2675 2029 2732 per—

449 2758 606 2813 venit
644 2759 712 2813 ad
745 2757 1080 2813 sacriﬁcium
1114 2773 1130 2820 ;
1165 2755 1313 2810 Deus
1343 2762 1532 2809 autem
1586 2763 1726 2819 erat,
1781 2754 1876 2823 qui
1912 2753 2029 2808 haec

446 2847 779 2920 procumbat
810 2846 1236 2907 admirabiliter,
1280 2855 1336 2901 et
1387 2844 1768 2901 Philemonem
1802 2844 2027 2914 quidem

446 2940 512 2996 ad
540 2955 600 2996 se
631 2940 943 2996 attrahebat
966 2936 1063 3010 pei-
1099 2937 1492 3006 Apollonium;
1518 2953 1615 3007 per
1648 2937 2028 2992 Philemonem

445 3042 631 3088 autem
658 3033 953 3103 Apollonio
997 3031 1210 3086 texebat
1267 3043 1530 3084 coronam
1561 3028 1832 3100 martyrii,
1868 3037 1925 3083 et
1949 3031 2029 3085 sic

2127 1936 2231 1991 καὶ
2260 1930 2419 1996 οὗτος
2453 1932 2631 2006 μικρὰ
2669 1931 2780 1985 τῶν
2814 1927 3118 2001 φροντίδων
3149 1922 3469 1984 ἀπολυθείς.
3504 1919 3713 1972 Τοῦτον

2126 2027 2299 2096 ἐγγὺς
2330 2024 2459 2080 ίδὼν
2488 2022 2854 2085 Ἀπολλώνιος
2892 2019 3052 2073 καλεῖ
3091 2033 3152 2069 τε
3188 2014 3336 2091 ,πρδς
3371 2011 3567 2068 ἐαυτὸν
3617 2012 3717 2063 καὶ

2127 2117 2478 2188 ὑπισχνεῖται
2509 2112 2751 2186 χρυσοῦς
2779 2111 3084 2178 τέσσαρας,
3111 2108 3160 2159 εί
3211 2105 3329 2159 ἀντ’
3364 2102 3578 2157 ἐκείνου
3613 2100 3717 2171 τὴν

2135 2210 2330 2264 θυσίαν
2389 2206 2658 2271 ὑπέλθοι,
2723 2204 2822 2258 καὶ
2879 2199 3073 2255 τοῦτον
3147 2196 3248 2268 μὲν
3301 2194 3413 2249 τῶν
3464 2192 3717 2264 βασάνων

2130 2303 2360 2375 ῥύσαιτο
2385 2341 2401 2366 ,
2435 2299 2567 2363 τούς
2600 2295 2848 2369 ὁρῶντας
2878 2292 2937 2347 δὲ
2972 2290 3068 2346 καὶ
3096 2290 3263 2345 αὐτὸν
3313 2288 3609 2358 ’Λρῤιανδν
3639 2285 3719 2347 ὡς

2128 2393 2292 2457 αὐτὸς
2340 2392 2425 2462 εἴη
2472 2387 2869 2451 Ἀπολλώνιος,
2912 2383 3396 2455 παρακρούσαιτο.
3451 2379 3713 2433 Πείθεται

2127 2484 2344 2550 τούτοις
2367 2483 2653 2555 Φιλήμων,
2679 2481 2777 2535 καὶ
2811 2478 2912 2551 τὴν
2953 2478 3170 2532 ἐκείνου
3219 2473 3420 2545 στολὴν
3454 2471 3718 2541 μετενδὺς

2129 2576 2228 2630 καὶ
2276 2575 2341 2630 τὺ
2392 2574 2693 2644 πρόσωπον
2748 2571 2828 2634 ὠς
2882 2569 3014 2640 ἐνῆν
3059 2563 3457 2635 καλυψάμενος
3509 2562 3711 2632 ἐχώρει

2132 2668 2275 2740 πρὸς
2307 2666 2408 2738 τὴν
2444 2665 2665 2720 θυσίαν.
2693 2662 2828 2728 Θεὸς
2857 2662 2915 2716 δέ
2948 2660 3059 2732 ἄρα
3093 2656 3162 2734 ἧν
3186 2661 3213 2713 ό
3242 2657 3416 2711 ταῦτα
3446 2671 3716 2725 πραγμακ

2130 2758 2434 2830 τευόμενος
2466 2754 2811 2827 παραδόξως,
2843 2753 2940 2808 καὶ
2965 2752 3247 2822 Φιλήμονα
3281 2749 3380 2820 μὲν
3411 2747 3481 2803 δι’
3525 2746 3720 2800 ’Δπολο

2129 2853 2325 2907 λωνίου
2360 2850 2498 2923 πρὸς
2532 2849 2729 2904 ἑαυτὸν
2760 2846 3172 2916 ἐπισπώμενος,
3203 2844 3293 2898 διὰ
3320 2842 3628 2912 Φιλήμονος
3661 2840 3719 2894 δέ

2143 2942 2492 3012 Ἀπολλωνίῳ
2527 2941 2623 2996 τοῦ
2659 2939 2969 3011 μαρτυρίου
3024 2935 3246 2990 πλέκων
3282 2933 3374 2987 τδν
3422 2932 3716 3002 στέφανον,

2131 3035 2230 3090 καὶ
2268 3034 2412 3089 οὕτω
2455 3032 2716 3104 ἀφορμὰς
2766 3030 2837 3085 δι’
2871 3028 3125 3103 ἀλλήλων
3160 3025 3502 3099 ἀμφοτέροις
3538 3022 3718 3086 διδοὺς

448 3142 545 3196 per
585 3142 645 3182 se
697 3125 931 3180 invicem
974 3124 1112 3180 dans
1155 3122 1427 3179 ambobus
1474 3124 1843 3187 occasionem,
1888 3131 1948 3177 ut
1978 3121 2028 3177 ei

2139 3126 2234 3197 τῆς
2267 3125 2404 3198 πρὸς
2436 3124 2602 3180 αὐτὸν
2631 3122 2990 3184 οίκειὼσεως.

448 3215 749 3271 familiares
779 3212 1100 3270 evaderent.

524 3306 717 3362 XXIX.
768 3307 904 3362 Nam
926 3321 1052 3362 cum
1084 3306 1465 3362 Philemonem
1491 3284 1623 3360 tunc
1643 3305 2032 3369 illuminasset,
2118 3308 2143 3324 ’

450 3409 531 3466 et,
565 3411 625 3456 ut
654 3415 780 3456 cum
814 3408 968 3455 veste
999 3399 1246 3454 animum
1271 3412 1496 3469 quoque
1524 3406 1788 3463 mutaret,
1815 3397 2031 3454 eﬂ’ecis—

454 3501 560 3559 set,
613 3494 744 3548 fecit
795 3502 856 3547 ut
882 3492 989 3548 hoc
1041 3493 1227 3562 ipsum
1283 3500 1454 3557 esset,
1507 3491 1656 3561 quod
1711 3489 2030 3545 simulabat.

459 3586 593 3640 lVam
614 3600 739 3639 cum
770 3600 829 3639 se
845 3583 1065 3647 quidem
1086 3583 1244 3654 signo
1267 3583 1451 3638 crucis
1474 3582 1745 3653 signasset
1775 3590 2033 3650 tanquam

454 3677 822 3740 Christianus,
862 3676 993 3730 utin
1031 3676 1136 3730 hoc
1163 3689 1385 3745 quoque
1432 3674 1752 3730 ostenderet
1811 3673 2032 3744 Apollo-

460 3773 636 3833 inium.
692 3770 971 3840 profectus
1002 3779 1086 3825 est
1112 3777 1261 3823 recta
1295 3768 1362 3823 ad
1398 3769 1579 3838 ipsum
1605 3766 1911 3838 praesidem.
1941 3767 2038 3822 Ille

457 3876 641 3919 autem
679 3878 805 3917 cum
833 3877 960 3918 eum
993 3861 1244 3925 vidisset,
1273 3874 1373 3915 eos
1400 3860 1494 3930 qui
1518 3858 1749 3915 aderant
1789 3859 2034 3929 rogabat,

458 3957 710 4020 quisnam
759 3964 925 4010 esset.
960 3953 1099 4008 Cum
1130 3953 1210 4007 illi
1249 3967 1384 4006 vero
1424 3951 1736 4007 dixissent:
1773 3950 1873 4006 Est
1916 3951 2040 4022 qui-

457 4049 584 4103 dem
635 4062 800 4111 unus,
830 4055 891 4101 ut
919 4044 1159 4111 videtur,
1217 4059 1284 4098 ex
1328 4043 1659 4100 Christianis
1693 4059 1708 4097 :
1740 4042 1832 4098 ille
1854 4052 2039 4098 autem

453 4142 711 4213 iussisset
762 4141 910 4195 illico
957 4154 1086 4194 eum
1140 4136 1475 4201 sacriﬁcare,
1534 4143 1666 4191 tunc
1726 4135 2037 4202 Philemon,

460 4248 647 4291 mente
677 4235 895 4289 facilius
923 4241 1131 4288 mutata
1188 4246 1354 4300 quam
1394 4239 1569 4294 veste,
1604 4237 1662 4284 et
1720 4228 1949 4299 perinde
1976 4243 2042 4283 ac

460 4326 737 4381 reveritus
773 4333 920 4380 esset
946 4323 1003 4379 id
1048 4322 1197 4392 quod
1254 4321 1596 4386 imi-labatur,
1630 4328 1727 4375 aut
1750 4320 1937 4391 potius
1964 4320 2040 4385 ei,

459 4423 609 4491 quod
661 4427 746 4473 est
780 4417 975 4483 videri,
1031 4425 1091 4471 ut
1121 4422 1268 4471 esset
1321 4415 1491 4470 etiam
1551 4413 1867 4484 adiecisset,
1895 4413 2041 4468 clara

2207 3310 2337 3364 ΚΦ.
2375 3304 2807 3380 Περιαστράψας
2841 3303 2952 3375 γὰρ
2980 3303 3103 3357 τότε
3136 3301 3402 3372 Φιλήμονι
3443 3297 3725 3368 φωτισμὸν

2135 3403 2231 3458 καὶ
2283 3401 2477 3473 ὥσπερ
2525 3401 2644 3471 ἅμα
2695 3401 2763 3471 τῇ
2798 3396 2960 3466 στολῇ
3008 3393 3108 3448 καὶ
3152 3393 3251 3464 τὴν
3281 3392 3461 3464 ψυχὴν
3487 3391 3722 3461 ἀμεῖψαι

2137 3495 2574 3566 παρασκευάσας
2602 3493 2770 3546 ταύτὸ
2801 3487 2942 3545 εἶναι
2974 3487 3301 3559 πεποίηκεν,
3327 3486 3465 3553 ὅπερ
3490 3482 3601 3555 ἄρα
3626 3483 3724 3543 καὶ

2140 3589 2494 3657 ὑπεκρίνετοο
2534 3584 2991 3657 σφραγισάμενος
3023 3580 3122 3650 μὲν
3142 3579 3250 3650 γὰρ
3276 3571 3365 3631 οἷα
3396 3574 3727 3647 Χριστιανὸς

2139 3680 2219 3751 τῷ
2254 3679 2354 3733 τοῦ
2394 3676 2634 3748 σταυροῦ
2665 3675 2880 3745 σημείῳ
2908 3714 2923 3738 ,
2958 3673 3047 3726 ἵνα
3081 3674 3184 3726 κὰν
3214 3668 3392 3739 τούτῳ
3433 3666 3585 3739 δείξῃ
3632 3667 3728 3720 τὸν

2151 3770 2519 3826 ’Δπολλώνιον
2539 3810 2555 3834 ,
2590 3766 2726 3838 παρ’
2758 3767 2923 3821 αὐτὴν
2953 3764 3158 3825 εὐθέως
3184 3763 3279 3815 τὸν
3311 3761 3560 3832 ἡγεμόνα
3593 3757 3729 3829 ἐχὼο

2143 3882 2248 3938 ρει.
2287 3863 2353 3921 Ὀ
2378 3863 2435 3918 δὲ
2466 3862 2560 3916 τὸν
2605 3860 2777 3932 ἄνδρα
2826 3857 2953 3912 ἰδὼν
2979 3897 2994 3922 ,
3040 3856 3127 3921 τίς
3166 3851 3321 3917 οὗτος
3359 3852 3552 3925 ἠρώτα
3595 3851 3726 3914 τούς

2141 3954 2531 4027 παρεστῶτας.
2556 3953 2652 4017 Ὧς
2673 3952 2730 4006 δὲ
2763 3951 2815 4005 οι
2848 3949 2970 4021 μὲν,
3005 3947 3129 4001 Τῶν
3158 3944 3527 4015 Χριστιανῶν,
3551 3939 3726 4011 εἶπον,

2141 4051 2334 4121 ὥσπερ
2389 4050 2591 4113 ἔοικεν,
2625 4041 2730 4114 εἷς,
2775 4047 2803 4101 ὁ
2854 4046 2911 4099 δέ
2971 4043 3123 4097 θύειν
3176 4041 3344 4097 αὐτὸν
3379 4038 3728 4110 παραχρῆμα

2142 4143 2409 4197 ἐπέταττε
2440 4182 2455 4206 ,
2490 4139 2615 4196 τότε
2650 4137 2715 4208 δὴ
2749 4138 2872 4192 τότε
2908 4135 3172 4205 Φιλήμων
3206 4134 3338 4204 ῥᾷον
3368 4130 3400 4200 ἥ
3432 4129 3492 4183 τὸ
3521 4129 3731 4197 ἔνδυμα

2143 4236 2242 4307 τὴν
2269 4234 2502 4304 γνώμην
2532 4230 2864 4305 μεταϐαλὼν
2900 4229 2997 4282 καὶ¹
3036 4227 3229 4297 ῶσπερ
3262 4224 3291 4279 ὂ
3322 4225 3577 4293 ἐμιμεῖτο
3598 4221 3730 4307 6:40-

2144 4304 2389 4397 ωπηθεὶς
2444 4323 2478 4396 ἢ
2524 4304 2586 4376 τὸ
2633 4321 2818 4374 δοκεῖν
2890 4316 3100 4390 μᾶλλον
3160 4314 3257 4367 καὶ
3303 4310 3440 4365 αὐτὸ
3475 4309 3537 4364 τὸ
3587 4304 3731 4363 εῐναι

2146 4415 2434 4488 προσθεὶς,
2492 4412 2729 4483 λαμπρᾷ
2783 4408 2860 4469 ὡς
2915 4403 3062 4477 εἶχεν
3115 4402 3389 4472 ἀνέκραγε
3421 4402 3486 4470 τῇ
3539 4400 3732 4469 φωνῇ·

460 4489 619 4574 voce,
652 4516 920 4579 quantum
959 4514 1197 4576 poterat,
1251 4504 1527 4560 clamabat
1560 4523 1576 4561 :
1606 4504 1727 4560 Non
1767 4504 2034 4559 sacriﬁco.

2149 4509 2226 4564 Οὐ
2282 4507 2418 4572 θύω,
2477 4502 2812 4576 Χριστιανὸς
2857 4501 2968 4573 γάρ
3015 4494 3156 4569 εῐμι,
3215 4492 3460 4565 Χριστυῦ
3522 4489 3733 4553 δοῦλος.

463 4604 596 4658 Sum
622 4601 770 4655 enim
797 4599 1171 4660 Christianus.
1204 4595 1415 4653 Christi
1444 4612 1661 4662 servus,
1704 4595 1910 4652 Christi
1944 4595 2041 4650 Dei

463 4698 595 4752 vivi.
616 4696 823 4751 Praeses
851 4702 1034 4748 autem
1066 4708 1080 4745 :
1113 4690 1235 4746 Non
1262 4689 1446 4746 vidisti
1474 4690 1637 4760 paulo
1660 4697 1810 4754 ante,
1837 4689 2040 4760 inquit,

464 4790 649 4860 qualia
674 4796 733 4843 et
763 4800 928 4857 quam
957 4785 1130 4840 multa
1161 4781 1410 4854 perpessi
1463 4780 1736 4852 supplicia
1764 4781 1952 4835 Asclas
1989 4788 2046 4836 et

466 4883 760 4948 Leonides,
787 4879 988 4937 deinde
1014 4877 1181 4935 etiam
1220 4885 1399 4931 morte
1447 4875 1599 4957 fuere
1641 4873 1993 4929 condemnati
2023 4874 2047 4927 τ

470 4977 584 5034 lloc
620 4977 823 5045 ipsum,
857 4972 1057 5043 inquit,
1096 4969 1200 5025 fuit
1228 4968 1363 5023 mihi
1394 4967 1635 5031 occasio,
1672 4982 1795 5036 quae
1824 4980 1910 5020 me
1944 4966 2045 5020 im-

467 5066 697 5139 pulitad
754 5064 1099 5135 martyrium,
1132 5061 1281 5133 quod
1328 5061 1520 5117 Asclas
1562 5068 1620 5114 et
1648 5059 1919 5115 Leonides
1966 5060 2048 5115 sic

469 5159 635 5230 paulo
673 5166 801 5213 ante
840 5156 1199 5211 decertarunt
1249 5161 1474 5224 propter
1503 5150 1811 5215 Christum,
1854 5161 1911 5206 et
1937 5166 2050 5205 ma—

471 5252 614 5306 xime
645 5247 951 5305 tolerantiae
983 5246 1111 5301 hinc
1136 5243 1381 5315 percepi
1413 5241 1747 5307 doctrinam,
1793 5249 1851 5297 et
1878 5256 2048 5312 argu-

472 5352 718 5400 mentum
751 5339 1113 5399 fortitudinis.
1149 5339 1215 5394 Et
1241 5336 1442 5407 alioqui
1471 5335 1796 5391 miraculum
1821 5333 1969 5404 quod
1995 5332 2051 5389 in

475 5438 568 5492 illa
596 5437 720 5492 navi
749 5445 840 5490 tua
897 5434 977 5489 illi
1008 5447 1186 5503 nuper
1236 5428 1626 5493 ostenderunt,
1675 5442 1862 5499 quam,
1925 5441 2050 5482 cum

476 5547 575 5603 per
615 5528 854 5585 medium
918 5526 1163 5583 ﬂuminis
1214 5524 1429 5580 alveum
1459 5523 1718 5587 lerretur,
1765 5521 2050 5585 sisterent,

476 5637 619 5694 quos
640 5638 752 5678 non
785 5620 1088 5685 induxerit,
1121 5628 1185 5674 ut
1208 5633 1268 5675 se
1316 5624 1515 5689 parent
1540 5618 1606 5671 ad
1635 5614 2053 5686 suscipiendum

2148 4598 2392 4673 Χριστοῦ
2426 4597 2521 4652 τοῦ
2559 4596 2763 4662 ζῶντος
2814 4592 2973 4648 Θεοῦ.
3018 4590 3129 4646 Καὶ
3153 4588 3182 4642 ό
3215 4583 3472 4659 ἡγεμὼν,
3626 4582 3735 4673 πρδ

2153 4670 2356 4761 μικροῦ
2384 4684 2666 4758 ἑώρακας,
2698 4679 2878 4746 εἶπεν,
2927 4680 3137 4752 ἡλίκων
3180 4676 3278 4731 καὶ
3318 4674 3467 4729 ὅσων
3507 4671 3559 4724 οι
3605 4670 3736 4761 περὶ

2163 4757 2404 4839 Ἄσκλᾶν
2439 4757 2537 4835 καλ⁸
2564 4775 2840 4847 Λεωνίδην
2866 4772 3226 4846 πειραθέντες
3267 4766 3570 4828 κολάσεων,
3612 4757 3736 4817 εἶτα

2153 4876 2251 4931 καὶ
2297 4874 2532 4928 θάνατον
2586 4868 3033 4939 κατεκρίθησαν;
3070 4863 3131 4918 Ὀ
3178 4861 3259 4927 δέ,
3293 4859 3438 4916 Αὐτὸ
3486 4857 3587 4930 μὲν
3641 4851 3738 4912 οὖν

2154 4967 2339 5032 τοῦτο,
2372 4966 2504 5036 ἐφη,
2549 4963 2646 5018 καὶ
2694 4959 2924 5049 ἀφορμὴ
2968 4957 3065 5012 τοῦ
3101 4953 3409 5049 μαρτυρίου
3442 4969 3534 5049 μᾳοι
3577 4951 3742 5049 vivo:

2154 5074 2264 5115 νεν’
2301 5060 2385 5112 ὅτι
2418 5059 2513 5111 καὶ
2544 5055 2782 5117 Ἀσκλᾶς
2798 5041 2900 5106 καὶ
2921 5050 3199 5119 Λεωνίδης
3223 5046 3373 5102 οὐτω
3395 5043 3504 5117 πρὸ
3538 5041 3740 5115 μικροῦ

2157 5151 2248 5206 διὰ
2293 5148 2531 5220 Χριστὸν
2573 5147 2942 5218 ἠγωνίσαντο,
2994 5141 3094 5197 κα)⁸
3151 5139 3423 5210 μεγίστης
3458 5132 3739 5205 ὑπομονῆς

2158 5240 2414 5297 ἐντεῦθεν
2466 5240 2787 5310 ἐδρεψάμην
2861 5232 3219 5290 διδασκαλίαν
3281 5230 3379 5284 καὶ
3439 5225 3742 5298 καρτερίας

2159 5334 2443 5389 ὑπόθεσιν.
2470 5330 2693 5395 Ἀλλως
2722 5347 2783 5384 τε
2809 5328 2904 5384 καὶ
2939 5327 3001 5380 τὸ
3037 5324 3227 5394 θαῦμα
3258 5322 3288 5377 δ
3323 5319 3459 5389 περὶ
3504 5319 3607 5388 τὴν
3638 5316 3740 5392 σὴν

2160 5429 2366 5481 ἐκεῖνοι
2402 5422 2536 5480 ναῦν
2573 5421 2929 5487 ἐπεδείξαντο
2963 5417 3276 5490 φερομένην
3306 5413 3483 5482 αὐτὴν
3511 5410 3602 5464 διὰ
3644 5407 3741 5462 τοῦ

2162 5519 2414 5590 ποταμοῦ
2449 5516 2594 5571 κατὰ
2645 5513 2814 5587 μέσον
2845 5513 2940 5566 τὸν
2996 5512 3166 5582 πόρον
3221 5507 3551 5577 στήσαντες,
3590 5501 3746 5563 τίνας

2161 5611 2265 5665 οὐκ
2299 5609 2365 5665 ἂν
2392 5604 2770 5662 ἀποδύσασθαι
2796 5602 2932 5672 πρὸς
2959 5601 3051 5656 τὸν
3081 5598 3247 5654 αὐτὸν
3279 5596 3423 5669 ὑπὲρ
3459 5592 3746 5657 εὐσεϐείας
3840 5640 3865 5663 ,

475 5682 756 5767 certamen
806 5725 906 5781 pro
967 5682 1223 5782 pietate?
1283 5682 1423 5764 Cum
1492 5682 1813 5776 desperaret
1866 5706 2034 5775 itaque

2165 5701 2355 5770 ἀγῶνα
2404 5695 2889 5770 παρασκευάσειε;
2927 5694 3281 5751 Μεταπεϊσαι
3334 5688 3522 5743 τοίνυν
3568 5682 3747 5747 οὕτως

476 5813 679 5877 pra-ses
736 5816 794 5856 se
848 5815 1007 5872 posse
1043 5797 1196 5854 illum
1247 5812 1277 5852 a
1302 5812 1401 5853 sua
1435 5795 1720 5852 traducere
1756 5795 2052 5861 sententia,

2169 5792 2336 5846 αὐτὸν
2361 5788 2728 5860 ἀπαγορεύων
2753 5788 2780 5842 ὁ
2805 5785 3196 5861 ἡγεμὼν,πρδς
3216 5784 3347 5847 τούς
3372 5777 3746 5853 περιεστῶτας
