4122 6380
418 369 514 436 Ml

1322 375 1799 436 MARTYRIUM‘
1826 377 1890 437 S.
1932 377 2221 439 THYRSI
2265 380 2362 440 ET
2396 380 2812 443 SOCiORUM.

3585 379 3691 442 5ίὲ

413 485 805 558 ἐπιστραφεὶς,
841 484 1263 554 Μεταπέμψατέ
1294 504 1409 556 μοι,
1451 490 1612 558 φησι,
1643 491 1735 541 τδν
1766 485 1988 559 Χοραύ-

2095 489 2247 556 Mihi,
2305 490 2506 561 inquit,
2557 496 2824 548 accersite
2877 493 3207 550 Choraulem
3250 495 3627 552 Philemonem
3661 513 3680 552 :

408 584 514 653 λην
536 580 818 650 Φιλήμονα
843 592 859 607 ⁸
893 576 1027 640 ῖσως
1053 577 1161 630 ὑπὸ
1185 577 1293 631 τῶν
1316 578 1497 632 αὑλῶν
1529 578 1743 633 ἑκείνου
1774 580 1868 633 καὶ
1897 581 1996 651 τῆς

410 671 666 741 σειρῆνος
714 668 855 739 πρὸς
907 666 1104 737 ἡδονὰς
1156 669 1370 732 ἀνεθεὶς
1414 670 1562 742 ῥᾴων
1610 670 1678 725 ἂν
1722 669 1867 724 οὑτω
1896 671 1996 742 τὴν

410 764 717 835 μεταϐολὴν
774 762 1011 831 γένοιτοσ
1056 763 1271 830 ἀγνοῶν
1317 764 1538 827 πάντως
1575 764 1603 817 ὁ
1636 763 1867 829 μάταιος
1912 768 1996 820 ὃτι

411 856 582 920 αὑτὸς
633 848 798 918 οὗτος
856 853 1121 923 Φιλήμων
1187 850 1257 926 ἦν
1307 856 1405 910 καὶ
1466 858 1534 927 τῇ
1593 856 1734 928 αὑτῇ
1777 854 1992 929 γλώττῃ

404 946 713 1020 χρώμενος,
743 946 893 1017 πλὴν
934 946 1064 1000 ὅσον
1110 946 1382 1019 πρότερον
1434 948 1536 1018 μὲν
1569 946 1676 1001 ὑπὸ
1704 948 1869 1020 λύρᾳ*
1900 950 1996 1005 καὶ

409 1038 626 1102 αὐλοῖς,
651 1039 776 1093 τότε
801 1038 859 1093 δὲ
889 1037 1176 1110 Πνεὺματι
1212 1039 1342 1108 θείῳ
1371 1039 1776 1109 φθεγγόμενος.

479 1131 561 1184 A'.
588 1130 783 1199 Πάσης
813 1129 997 1184 τοίνυν
1037 1130 1241 1201 σχεδον·
1270 1132 1371 1200 τῆς
1407 1132 1542 1201 περὶ
1569 1132 1735 1186 αὑτὸν
1781 1131 1993 1199 τάξεως

412 1220 507 1273 τὸν
562 1220 739 1290 δῆμον
789 1221 1194 1294 περιελθούσης
1251 1223 1349 1276 καὶ
1417 1224 1660 1294 οὐδαμοῦ
1712 1225 1994 1297 Φιλήμονα

409 1312 737 1383 δυνηθεσης
761 1313 968 1384 εὑρεῖν,
1016 1316 1046 1368 ό
1071 1313 1329 1384 ἡγεμὼν,
1379 1316 1487 1369 Τὸν
1513 1316 1748 1387 ἀδελφὸν
1779 1318 1992 1371 ἐκείνου

414 1404 634 1466 θέωνα.
661 1404 791 1474 ἔφη,
826 1406 1221 1477 μετακλητέον,
1259 1407 1354 1460 καὶ
1385 1407 1552 1472 αὑτὸς
1603 1409 1731 1462 ἔνθα
1774 1409 1994 1471 πάντως

412 1495 676 1568 Φιλήμων
713 1496 832 1550 ἐστὶ
884 1498 1112 1563 διδάξει.
1168 1499 1324 1552 Ἐπεὶ
1352 1499 1412 1553 δὲ
1441 1501 1538 1554 καὶ
1566 1500 1720 1555 Θέων
1755 1503 1992 1573 πάρεστι

418 1592 588 1661 μηδὲν
610 1592 822 1654 ἐκεῖνος
851 1592 1009 1655 εἰδὼς
1035 1633 1050 1657 ,
1090 1589 1205 1656 οἷος
1239 1593 1329 1663 είη
1357 1595 1563 1658 σκοπὸς
1594 1596 1674 1667 τῷ
1697 1596 1990 1667 Φιλήμονι,

416 1679 606 1749 υῦτος,
656 1680 805 1749 εἷπε,
833 1686 1139 1756 Φιλήμωνν
1166 1686 1353 1753 δείξας
1388 1688 1480 1741 τὸν
1524 1687 1777 1756 ἀδελφόν.
1812 1689 1994 1752 Εὐθὺς

414 1775 512 1828 οὖν
533 1778 562 1829 ὁ
584 1776 814 1847 ήγεμὼν
842 1778 940 1829 ἀνα
952 1778 1251 1833 καλύπτειν
1282 1780 1449 1834 αὑτοῦ
1475 1780 1577 1851 τὴν
1602 1781 1724 1851 ὄψιν
1750 1781 1990 1848 ἐκέλευε,

415 1868 516 1922 καὶ
546 1867 711 1921 ἰδόντι
751 1868 919 1940 γελᾷν
970 1869 1073 1939 μὲν
1120 1870 1275 1941 αὑτῷ
1310 1872 1474 1944 ἐπῄει
1519 1874 1757 1944 τερπνόν
1797 1891 1849 1926 τι
1894 1876 1989 1929 καὶ

419 1962 611 2014 ἄνετον
637 1960 927 2031 νομίσαντι
972 1962 1199 2025 πάντως
1234 1963 1317 2026 είς
1361 1964 1580 2032 γέλωτα
1615 1948 1773 2020 τοῦτο
1800 1965 1990 2021 θέσθαι

419 2050 770 2117 Χριστιανῶν
801 2052 897 2103 τὸν
929 2052 1209 2123 Φιλήμονα
1243 2053 1339 2107 καὶ
1389 2055 1545 2125 παρὰ
1592 2055 1753 2110 τοῦτο
1796 2059 1890 2111 καὶ
1931 2058 1991 2112 τὸ

414 2141 761 2210 προσωπεῖον
794 2141 975 2194 έκεῖνο
999 2125 1419 2212 περιϐαλέσθαι,
1443 2143 1529 2197 ἶνα
1561 2147 1655 2199 καὶ
1686 2145 1870 2209 ἄλλοις
1885 2164 1991 2199 πα-

420 2232 538 2301 ρείη
569 2233 758 2303 γεὶᾷν.
793 2229 930 2287 Εἶτα
975 2233 1036 2287 τὸ
1083 2234 1183 2301 μὲν
1225 2235 1412 2305 δρᾶμα
1441 2236 1532 2289 καὶ
1558 2236 1661 2306 τὴν
1699 2236 1992 2307 ὑπόκρισιν

417 2326 784 2395 ἀπορρίπτειν
830 2327 1119 2393 ὲπέττατε,
1163 2327 1534 2398 προσελθόντα
1575 2328 1631 2381 δὲ
1668 2329 1764 2382 σὺν
1797 2329 1991 2399 ἐκείνῳ

418 2416 592 2471 θύειν.
633 2414 788 2471 Ἐπεὶ
814 2418 875 2472 δὲ
896 2419 1159 2488 Φιλήμων
1189 2421 1502 2474 τούναντίον
1544 2420 1753 2490 ἔφασκε
1787 2420 1992 2490 μᾶλλον

414 2509 496 2579 τῷ
526 2511 624 2579 μέν
648 2511 872 2581 Χριστῷ
903 2510 1188 2583 λατρεύειν
1216 2514 1337 2576 ταῖς
1370 2512 1671 2583 ἀληθείαις.
1706 2515 1778 2567 τὰ
1806 2513 1862 2567 δὲ
1884 2514 1994 2569 τῶν

419 2603 628 2655 ἑγείνου
654 2602 797 2657 θεῶν
834 2605 893 2657 ὲν
923 2605 1113 2676 παιδιᾷ
1156 2604 1252 2658 καὶ
1284 2605 1484 2675 γέλωτι
1519 2607 1790 2673 τίθεσθαι,
1824 2608 1990 2680 πολλὴ

414 2694 676 2765 ἔκπληξις
718 2691 834 2766 εἶχε
874 2698 969 2750 καὶ
997 2697 1202 2766 ἀπορία
1220 2698 1311 2752 τὸν
1339 2698 1623 2767 δικαστήν.
1679 2698 1993 2770 Ἐμσλέψας

412 2784 506 2837 οὖν
534 2785 672 2854 προς
729 2786 1035 2856 Φιλήμονα,
1076 2788 1221 2858 Πρὸς
1263 2789 1456 2860 αὑτῆς,
1506 2789 1638 2860 ἔφη,
1670 2788 1770 2860 τῆς
1805 2791 1992 2859 ὑγείας

424 2875 717 2946 Ῥωμαίων
761 2877 942 2949 ἀληθῆ
993 2880 1063 2932 τὰ
1108 2882 1378 2952 παρόντα,
1421 2880 1683 2952 Φιλῆμον,
1742 2883 1772 2952 ἢ
1825 2883 1991 2955 χλεύη

414 2969 754 3038 Χριστιανῶν
786 2974 883 3025 καὶ
922 2974 1178 3043 μυκτήρ;
1227 2974 1286 3028 Ὀ
1313 2974 1393 3039 δὲ,
1429 2976 1503 3029 Οὑ
1532 2976 1633 3044 τὴν
1665 2976 1855 3047 ὑγείαν
1881 2980 1994 3049 ἐγὼ

413 3064 511 3131 τὴν
555 3060 861 3135 Ῥωμαίων,
898 3063 1013 3118 ἀλλ’
1041 3066 1210 3137 αὐτὴν
1241 3067 1469 3139 ὄμνυμι,
1529 3070 1657 3142 ἔφη,
1691 3070 1792 3143 τὴν
1822 3074 1989 3143 ἐμαυ-

2098 578 2334 637 lortasse
2369 583 2630 637 tibiarum
2679 584 2900 639 illarum
2951 585 3249 641 dulcedine
3277 587 3566 642 delinitus.
3602 587 3684 641 fu-

2097 671 2260 726 cilius
2318 674 2645 738 mutahitur,
2699 676 2961 743 ignorans
3000 678 3227 733 omnino
3279 680 3502 741 stultus,
3534 678 3685 734 hunc

2100 763 2280 832 ipsum
2320 779 2444 820 esse
2468 765 2875 831 Philemonem,
2907 778 2966 824 et
2988 768 3183 825 eadem
3214 771 3402 841 lingua
3431 779 3678 826 utentem

2097 855 2204 910 nisi
2230 855 2380 927 quod
2427 859 2579 926 prius
2618 860 2845 929 quidem
2879 862 2998 933 lyra
3049 873 3104 917 et
3140 862 3310 929 tibiis,
3339 874 3472 918 tunc
3495 873 3682 919 autem

2096 948 2284 1003 divino
2317 938 2647 1020 loquebatur
2679 951 2915 1022 Spiritu.

2159 1127 2330 1182 XXX.
2366 1127 2505 1184 Cum
2551 1144 2684 1200 ergo
2728 1139 2840 1185 tota
2871 1129 2985 1186 fere
3006 1132 3207 1187 cohOrs
3235 1135 3363 1205 ejus
3396 1138 3679 1205 apparito-

2095 1236 2218 1274 rum
2249 1220 2430 1275 ohiret
2458 1223 2746 1292 populum,
2799 1232 2857 1278 et
2882 1240 3155 1295 nusquam
3213 1238 3400 1296 posset
3432 1230 3681 1286 invenire

2095 1313 2471 1369 Philemonem
2500 1333 2515 1371 :
2549 1314 2721 1381 Illius,
2741 1316 2942 1386 inquit,
2968 1321 3141 1372 frater
3171 1318 3361 1373 'l‘heon
3387 1329 3471 1375 est
3493 1336 3681 1375 accer-

2094 1404 2319 1461 sendus.
2348 1406 2471 1475 ipse
2524 1408 2669 1462 enim
2701 1411 2930 1463 omnino
2981 1409 3225 1473 ducebit,
3272 1411 3365 1465 ubi
3408 1413 3684 1467 sitPhilc-

2096 1512 2245 1568 mon.
2271 1496 2410 1552 Cum
2440 1509 2623 1553 autem
2654 1498 3157 1563 adfuisset'l‘heon,
3180 1502 3276 1557 ille
3300 1504 3441 1558 nihil
3468 1504 3679 1567 sciens,

2094 1588 2273 1656 qualis
2303 1598 2449 1644 esset
2506 1606 2708 1660 scopus
2738 1591 3083 1647 Philemonis
3117 1610 3131 1646 :
3168 1593 3265 1646 llic
3332 1603 3440 1656 cst,
3480 1594 3680 1665 inquit,

2093 1680 2403 1747 Philemon,
2450 1684 2750 1740 ostendens
2794 1684 3044 1740 fratrem.
3119 1686 3319 1740 Statim
3344 1703 3479 1755 ergo
3510 1688 3679 1759 jussit

2094 1788 2298 1842 praises
2350 1790 2478 1829 cum
2539 1777 2759 1844 aperire
2794 1776 3012 1837 faciem.
3040 1789 3111 1832 et
3140 1792 3264 1831 cum
3298 1778 3550 1841 vidisset,
3582 1796 3679 1834 ve-

2094 1866 2380 1921 hementer
2393 1866 2615 1936 quidem
2635 1868 2881 1938 crepitet
2903 1867 3125 1937 profuse
3158 1867 3366 1934 ridere,
3394 1869 3676 1925 arbitrans

2092 1958 2468 2014 Philemonem
2510 1959 2618 2013 hoc
2643 1961 2870 2015 omnino
2914 1961 3099 2017 facere
3153 1972 3212 2017 ut
3264 1963 3472 2018 rideret
3518 1963 3679 2018 Chri-

2091 2052 2301 2106 stianos
2334 2060 2432 2107 :et
2479 2051 2603 2107 ideo
2634 2053 2781 2107 illam
2811 2069 2937 2108 eum
2971 2055 3221 2110 induisse
3278 2070 3589 2125 personam,
3619 2065 3681 2111 ut

2091 2142 2228 2199 alios
2257 2159 2477 2213 quoque
2506 2155 2753 2201 moveret
2774 2148 2841 2201 aii
2876 2147 3070 2202 risum.
3121 2147 3330 2204 Deinde
3363 2150 3519 2203 illum
3547 2150 3676 2219 qui-

2091 2233 2216 2289 dem
2246 2235 2408 2306 jussit
2463 2246 2647 2292 aetum
2711 2238 2995 2307 deponere
3033 2246 3089 2294 et
3117 2240 3553 2301 simulationem.
3587 2257 3680 2297 ac-

2090 2326 2379 2382 cedentem
2417 2344 2550 2383 vero
2572 2345 2699 2384 cum
2731 2330 2825 2384 illo
2852 2331 3193 2387 sacriﬁcare.
3227 2333 3526 2402 Postquam
3575 2351 3677 2389 au-

2093 2424 2202 2473 tem
2237 2429 2427 2473 contra
2461 2420 2599 2474 dixit
2638 2421 2948 2488 Philemon,
2980 2438 3039 2479 se
3071 2423 3293 2479 Christo
3325 2424 3549 2495 quidem
3585 2442 3679 2481 re-

2091 2525 2221 2564 vera
2251 2512 2481 2576 servire,
2515 2512 2663 2567 illius
2698 2521 2883 2567 autem
2918 2513 3053 2569 deos
3087 2515 3291 2571 habere
3327 2531 3426 2585 pro
3456 2518 3588 2570 ludo
3620 2526 3677 2571 et

2093 2601 2635 2669 ridiculo:judicem
2692 2619 2922 2671 magnus
2981 2604 3181 2660 invasit
3206 2615 3403 2675 stupor
3433 2614 3488 2660 et
3514 2605 3680 2660 dubi-

2085 2694 2248 2747 'tatio.
2288 2694 2513 2749 lntueus
2575 2698 2759 2766 itaque
2792 2697 3196 2761 Philemonem,
3231 2698 3333 2753 Per
3359 2700 3554 2768 ipsam,
3594 2700 3681 2752 in-

2092 2786 2235 2856 quit,
2289 2787 2663 2841 Romanorum
2692 2789 2948 2854 salutem,
3000 2805 3205 2844 verane
3279 2799 3411 2844 sunt
3462 2805 3585 2859 qua:
3625 2789 3679 2843 in

2095 2876 2406 2948 praesentia,
2450 2893 2483 2932 ο
2517 2879 2822 2942 Philemon,
2864 2896 2891 2933 a
2931 2891 2983 2934 te
3038 2879 3194 2943 llum,
3244 2896 3313 2934 an
3363 2891 3679 2947 comparata

2093 2969 2525 3024 adirridcudum
2578 2980 2634 3024 et
2670 2971 3062 3026 ludilicamlum
3124 2971 3525 3027 Christianos?
3584 2972 3679 3027 Ille

2095 3076 2248 3130 vero,
2305 3062 2423 3118 Non
2481 3063 2882 3126 Romanorum,
2950 3063 3154 3133 inquit,
3210 3078 3332 3133 ego,
3374 3063 3471 3118 sed
3498 3078 3678 3117 meam

413 3155 505 3207 τοῦ
544 3158 825 3227 σωτηρίαν
872 3160 966 3213 καὶ
1010 3159 1101 3215 τὸν
1141 3161 1275 3232 ἐμὶν
1308 3162 1591 3231 Δεσπότην
1624 3165 1720 3219 καὶ
1758 3165 1988 3236 βασιλέα

2094 3153 2269 3224 ipsius
2315 3155 2444 3226 juro
2491 3155 2748 3218 salutem,
2776 3162 2833 3209 et
2865 3155 3161 3210 Dominum
3194 3170 3379 3210 meum
3409 3164 3465 3210 et
3489 3170 3671 3226 regem

412 3247 668 3317 Χριστὸν,
698 3253 758 3304 οὐ
787 3253 982 3320 γέλως,
1037 3255 1099 3308 οὑ
1136 3257 1350 3322 παιδιὰ,
1402 3259 1465 3310 οὑ
1520 3258 1773 3331 πλάσμα,
1818 3261 1987 3332 οὑμε-

419 3340 545 3393 νοῦν
579 3342 648 3395 τὰ
671 3343 944 3413 ὁρώμενα,
978 3345 1114 3401 ἀλλὰ
1145 3350 1375 3418 καρδίας
1411 3352 1707 3420 μετάθεσις
1749 3354 1983 3426 ἀληθὴς,

411 3436 504 3485 κίι
556 3435 691 3504 πρὸς
736 3435 975 3508 Χριστὸν
1034 3441 1226 3505 πίστις
1277 3441 1689 3513 ἁψευδεστάτηο
1722 3448 1817 3499 καὶ
1845 3448 1986 3518 ὑπὲρ

408 3528 615 3596 τιιύτης
660 3527 772 3596 ἐγὼ
819 3530 918 3598 τῆς
988 3530 1280 3603 ὁμολογίας
1319 3537 1418 3605 οὑχ
1468 3536 1566 3590 ἕνα
1624 3538 1807 3608 μόνον,
1849 3540 1988 3594 ἀλλὰ

409 3623 505 3670 aut
555 3621 829 3692 μυρίοδς,
887 3625 938 3677 εί
996 3619 1112 3679 οἷόν
1174 3644 1232 3680 τε
1267 3671 1282 3696 ,
1350 3629 1614 3695 θανάτους
1689 3633 1986 3687 ἀποθανεῖν

412 3710 655 3779 ἕτοιμος.

475 3802 602 3857 AA'.
640 3804 841 3877 Ὀργῆς
871 3809 1165 3881 έπλήρωςε
1218 3812 1394 3867 ταῦτα
1451 3813 1545 3868 τὸν
1590 3815 1856 3887 ἡγεμόνα,
1891 3819 1986 3872 καὶ

405 3892 544 3962 πρὸς
577 3896 703 3958 τοὺς
741 3901 1111 3968 περιεδτῶτας
1138 3905 1498 3975 ἐπιστραφεὶς
1537 3907 1874 3963 ἐπυνθάνετο
1895 3911 1987 3963 Φι-

402 3977 614 4049 λήμονα
644 3986 986 4056 παραχρῆμα
1012 3990 1248 4044 κτείνειν
1291 3990 1436 4045 οὕτω
1477 3994 1730 4065 φανερῶς
1766 3994 1987 4067 ἐξυϐρι-

405 4075 539 4125 κότα
572 4076 707 4145 arpi,-
740 4079 863 4140 τοὺς
885 4078 1038 4144 θεοὺς
1062 4083 1156 4135 καὶ
1177 4084 1349 4154 ἀσεϐῆ
1375 4085 1648 4156 ἐπίσημον
1668 4086 1986 4159 ἀποδεδειγ-

406 4164 585 4230 μένον,
620 4167 654 4235 ἦ
702 4168 897 4238 χρόνον
949 4177 1251 4244 παρασχεῖν
1298 4176 1378 4238 είς
1439 4176 1730 4247 ἐπίσκεψιν
1786 4195 1846 4231 τε
1893 4182 1986 4233 καὶ

409 4257 776 4325 μεταμέλειαν
830 4261 925 4314 τοῦ
966 4264 1356 4336 γεγενημένου.
1410 4267 1471 4321 '0
1526 4268 1626 4339 μὲν
1676 4269 1770 4324 οὖν
1814 4272 1985 4343 δῆμος

408 4360 426 4415 i
449 4347 681 4420 ἰσχυρῶς
712 4353 821 4423 γὰρ
856 4350 971 4424 εἶχε
994 4356 1157 4420 πόθος
1181 4358 1380 4423 αὑτοὺς
1407 4361 1709 4432 Φιλήμονος
1730 4365 1821 4416 καὶ
1853 4367 1986 4418 πάι.-

404 4452 496 4500 τες
517 4441 617 4506 τῇς
639 4442 846 4495 ἐκείνου
867 4443 1116 4513 γλώττης
1134 4449 1226 4499 καὶ
1255 4448 1365 4501 τῶν
1391 4448 1570 4502 αὑλῶν
1596 4449 1899 4521 ὲξεκρέμειν
1910 4462 1982 4519 το)

2088 3247 2394 3313 Christum,
2435 3263 2547 3303 non
2571 3263 2696 3303 esse
2729 3247 3067 3311 irrisionem,
3107 3262 3210 3303 nec
3233 3247 3529 3312 lusionem,
3566 3262 3668 3302 uec

2087 3338 2367 3395 fictionem
2389 3355 2513 3412 qua:
2537 3339 2817 3403 videntur,
2844 3338 2942 3394 sed
2970 3354 3157 3410 veram
3194 3338 3381 3394 cordis
3411 3339 3673 3394 mutatio-

2088 3448 2237 3497 nem,
2288 3448 2346 3487 et
2376 3432 2539 3487 ﬁdem
2566 3444 2689 3488 esse
2735 3431 2790 3488 in
2826 3429 3110 3489 Christum
3164 3429 3533 3486 certissimam
3578 3440 3676 3485 :et

2087 3538 2174 3579 me
2203 3540 2302 3594 pro
2334 3524 2438 3579 hoc
2470 3524 2850 3590 confessione,
2884 3542 2995 3579 non
3027 3540 3193 3579 unam
3243 3522 3440 3583 solam.
3469 3522 3563 3579 sel
3589 3524 3674 3575 in-

2087 3613 2480 3680 numerabiles,
2526 3615 2569 3668 si
2605 3614 2723 3669 lieri
2780 3626 2991 3683 posset,
3027 3625 3282 3684 paratum
3334 3630 3457 3671 esse
3486 3617 3676 3670 subire

2087 3714 2319 3760 mortes.

2157 3797 2355 3856 XXXI.
2380 3797 2606 3853 llweira
2641 3798 2942 3869 implevere
2980 3798 3272 3868 praesidem
3301 3816 3315 3853 :
3348 3808 3402 3854 et
3443 3814 3670 3854 conver-

2087 3902 2184 3942 sus
2204 3886 2271 3941 ad
2303 3903 2400 3943 eos
2429 3889 2521 3958 qui
2561 3888 3018 3953 circumstabant,
3047 3889 3296 3959 rogabat,
3360 3906 3428 3943 an
3455 3900 3678 3958 oporte-

2088 3988 2178 4034 ret
2213 3979 2469 4050 protinus
2501 3979 2753 4034 occidere
2778 3979 3181 4045 Philemonem,
3215 3981 3308 4051 qui
3337 3981 3470 4037 deos
3492 3994 3679 4054 aperte

2090 4079 2239 4127 tanta
2266 4069 2528 4125 aliecerat
2562 4069 2926 4135 contumelia,
2969 4078 3023 4124 et
3059 4069 3331 4125 evasisset
3379 4081 3486 4125 tam
3539 4072 3682 4126 insi-

2086 4162 2267 4234 guiter
2301 4163 2526 4233 impius,
2548 4178 2615 4215 an
2633 4161 2684 4215 ei
2704 4169 2923 4231 tempus
2952 4161 3203 4232 przehere
3228 4170 3289 4215 ut
3311 4162 3682 4228 deliberaret,

2086 4266 2142 4312 et
2166 4257 2286 4328 ejus
2315 4254 2466 4326 quod
2496 4255 2727 4314 fecerat,
2752 4253 3057 4308 duceretur
3113 4255 3463 4324 paenitentia.
3499 4259 3682 4327 Atque

2087 4348 2324 4419 populus
2354 4347 2578 4417 quidem
2603 4344 2965 4415 (Philemonis
2989 4346 3137 4400 enim
3166 4362 3366 4416 magno
3391 4351 3688 4403 tenebatur

2087 4440 2395 4505 desiderio,
2429 4449 2488 4493 et
2530 4437 2851 4509 pendebant
2896 4451 3091 4493 omnes
3120 4438 3190 4493 ah
3237 4438 3388 4495 illius
3414 4440 3597 4510 lingua
3627 4452 3685 4496 ct

403 4532 606 4586 αὐτίκα
657 4537 801 4604 μάλα
832 4538 1016 4608 ἠξίουν
1056 4541 1148 4592 τδν
1173 4540 1420 4612 ἡγεμόνα
1452 4540 1527 4613 μὴ
1576 4543 1873 4598 ἀπολλύναι
1906 4546 1988 4596 λέ-

2093 4548 2123 4587 a
2164 4531 2341 4602 tibiis)
2393 4530 2607 4599 rogavit
2646 4530 2903 4600 protinus
2951 4529 3261 4600 praesidem,
3322 4546 3393 4585 ne
3426 4530 3684 4602 perderet

403 4637 594 4689 γοντες
613 4624 712 4692 τὴν
742 4631 928 4699 κοινὴν
956 4628 1059 4699 τῆς
1084 4630 1293 4694 πόλεως
1318 4631 1535 4703 ἡδονήν.
1564 4633 1626 4686 ’0
1645 4634 1701 4686 δὲ
1726 4634 1819 4687 τὸν
1839 4634 1991 4688 τόνον

403 4712 554 4783 αὑτῷ
588 4716 683 4767 καὶ
716 4716 812 4787 τὴν
837 4716 1148 4789 προθυμίαν
1164 4719 1396 4775 ἑλκῦσαι
1417 4721 1762 4791 βουλόμενος,
1796 4723 1987 4794 Ὁρᾷς,

400 4799 449 4861 ὦ
477 4807 740 4877 Φιλῆμον,
763 4805 934 4877 εἷπεν,
965 4811 1115 4875 ὅπως
1136 4830 1233 4866 σου
1260 4815 1354 4866 καὶ
1385 4814 1446 4867 τὸ
1466 4814 1671 4885 πλῆθος
1696 4816 1818 4869 λίαν
1849 4818 1985 4888 ἐρωο

399 4898 569 4963 τικῶς
606 4902 940 4972 περιέχεται,
976 4904 1070 4957 καὶ
1121 4905 1312 4973 κοινὴν
1345 4907 1445 4975 μέν
1487 4924 1545 4959 σε
1576 4906 1834 4961 καλοῦσιν
1869 4907 1990 4980 ἡδε-

402 4991 515 5063 νὴν,
544 4994 732 5065 κοινὴν
770 4994 827 5048 δὲ
853 4995 1172 5065 νομίζουσιν
1231 4997 1615 5071 εὐφροσύνην;
1674 5001 1746 5052 Σὺ
1773 5001 1831 5053 δὲ
1882 5001 1989 5053 κᾶν

402 5084 531 5153 γοῦν
555 5085 651 5138 τοῦ
701 5086 832 5157 παρ’
865 5088 1046 5143 αὑτῶν
1080 5091 1278 5160 κρότου
1314 5091 1410 5145 καὶ
1464 5091 1574 5146 τῶν
1603 5095 1840 5146 ἐπείνων
1869 5096 1991 5147 ἐπι-

404 5177 663 5246 μνησθεὶς
691 5181 787 5231 καὶ
820 5181 1004 5250 σαυτῷ
1035 5184 1132 5234 καὶ
1153 5182 1364 5245 τούτοις
1395 5182 1465 5235 τὰ
1493 5183 1782 5255 εἰθισμένα
1817 5187 1986 5238 ποιῶν

397 5266 509 5329 τοῖς
530 5266 773 5337 σωτῆρσι
817 5266 979 5321 θῦσον
1011 5268 1177 5332 θεοῖς.
1241 5271 1368 5324 Ἰδοὺ
1423 5271 1532 5340 γὰρ
1562 5276 1655 5326 καὶ
1683 5277 1715 5342 ή
1753 5273 1983 5345 μεγίστη

403 5364 541 5429 μετὰ
562 5362 763 5433 μικρὸν
792 5363 1027 5417 τελεῖται
1049 5366 1382 5436 πανήγυρις,
1416 5367 1473 5418 ὲν
1572 5368 1985 5440 φιλοτιμότερον

399 5453 574 5523 ᾄδεις,
596 5456 691 5509 καὶ
727 5457 791 5509 σὺ
818 5458 918 5526 μὲν
947 5456 1164 5530 ήσθήσῃ
1196 5458 1295 5530 τὴν
1338 5458 1515 5531 ψυχὴν
1542 5461 1653 5523 τοῖς
1698 5460 1845 5531 παρὰ
1865 5460 1986 5512 τούο

395 5561 504 5598 των
532 5546 798 5611 ἐπαίνοις,
832 5549 993 5619 ἡμῶν
1021 5550 1078 5603 δὲ
1110 5550 1319 5618 θέλξεις
1349 5552 1448 5621 τὴν
1482 5551 1652 5622 ἀκοὴν
1675 5554 1786 5615 τοῖς
1818 5553 1985 5622 αὐλή-

398 5653 552 5708 μασι.
581 5638 728 5709 Πρὶς
755 5639 927 5694 ταῦτα
959 5639 1238 5712 Φιλήμων,
1255 5641 1322 5695 Ἦ
1350 5643 1657 5714 πανήγυρις
1687 5640 1848 5711 αὕτη.
1873 5655 1981 5712 φη-

340 5710 345 5719 ⁴
396 5733 502 5795 σἰν,
537 5750 583 5786 ω
612 5734 864 5804 ἡγεμὼν,
896 5735 994 5807 τῆς
1029 5733 1241 5788 ἐκεῖθεν
1267 5734 1680 5805 ἀναμιμνήσκει
1703 5750 1771 5804 με
1805 5749 1980 5787 πανο-

394 5824 611 5894 τύρεως
636 5841 651 5854 '
691 5827 801 5897 ἠδὲ
828 5826 1107 5898 φιλοτιμία
1143 5828 1239 5897 τῆς
1268 5826 1532 5897 μουσικῆς
1562 5824 1640 5889 εἰς
1673 5823 1976 5894 φαντασίαν

2090 4637 2445 4680 communem
2479 4622 2822 4692 voluptatem
2862 4621 3121 4678 civitatis.
3154 4621 3251 4679 Ille
3278 4631 3462 4678 autem
3490 4624 3684 4679 volens

2090 4715 2213 4785 ejus
2248 4714 2469 4769 solvere
2496 4715 2891 4776 constantiam,
2919 4725 2975 4769 et
3010 4727 3325 4785 promptum
3353 4716 3527 4769 animi
3560 4725 3680 4770 stu-

2090 4808 2244 4862 dium
2280 4825 2296 4863 :
2337 4807 2524 4873 Vides,
2555 4807 2756 4875 inquit,
2792 4821 2825 4859 ο
2847 4805 3159 4871 Philemon,
3188 4815 3397 4876 quanto
3417 4807 3492 4860 tui
3525 4823 3675 4861 amo~

2091 4913 2150 4953 re
2183 4905 2409 4953 tenetur
2450 4897 2711 4966 populus,
2743 4909 2800 4950 et
2820 4896 3286 4964 quemadmodum
3318 4910 3675 4951 communem

2089 5000 2141 5044 te
2171 4997 2334 5044 vocat
2370 4989 2735 5057 voluptatem,
2773 5001 3125 5041 communem
3168 4995 3352 5041 autem
3395 4987 3676 5043 existimat

2087 5081 2368 5137 laetitiam!
2403 5080 2485 5134 Tu
2514 5092 2646 5149 ergo
2679 5079 2871 5133 saltem
2895 5093 3090 5134 eorum
3115 5089 3341 5148 plausus
3358 5091 3414 5134 et
3444 5080 3675 5134 laudum

2087 5188 2321 5237 memor,
2352 5182 2409 5227 et
2435 5171 2647 5225 faciens
2679 5184 2802 5239 quae
2830 5179 2960 5225 sunt
2986 5176 3043 5223 et
3075 5170 3172 5224 tibi
3213 5178 3269 5223 et
3301 5169 3368 5226 iis
3385 5180 3673 5235 consueta,

2086 5265 2339 5322 Sacrifica
2372 5263 2483 5319 diis
2539 5263 2947 5319 servatoribus.
3008 5261 3146 5318 Ecce
3177 5263 3668 5319 enim’maximuut

2087 5361 2289 5414 festqu
2325 5374 2451 5413 mox
2480 5356 2782 5428 peragitur,
2837 5356 2892 5411 in
2934 5370 3047 5425 quo
3079 5365 3134 5410 tu
3163 5354 3385 5424 quidem
3410 5359 3675 5428 praeclaro

2089 5468 2276 5518 canes,
2312 5458 2369 5505 et
2397 5464 2587 5504 eorum
2621 5448 2995 5503 laudibustibi
3016 5447 3390 5504 oblectahitur
3420 5450 3670 5506 animus:

2088 5560 2250 5597 aures
2277 5556 2408 5595 vero
2434 5551 2651 5596 nostras
2683 5549 2846 5595 cantu
2880 5538 3026 5595 tibiae
3061 5539 3424 5598 demulcebis.
3450 5544 3529 5597 Ad
3558 5545 3674 5601 haec

2089 5649 2272 5690 autem
2323 5633 2613 5688 Philemon
2649 5652 2662 5688 :
2697 5629 2834 5698 Hoc,
2868 5630 3075 5703 inquit,
3114 5634 3341 5701 festum,
3387 5651 3421 5691 ο
3447 5652 3672 5708 praeses,

2085 5726 2222 5782 mihi
2261 5725 2319 5780 ln
2357 5723 2681 5780 memoriam
2715 5731 2941 5779 revocat
2970 5722 3198 5794 festum,
3225 5726 3374 5796 quod
3406 5727 3521 5783 illic
3548 5728 3671 5801 agi-

2085 5829 2207 5889 tur;
2245 5820 2420 5877 honor
2452 5834 2584 5877 vero
2606 5827 2661 5876 et
2688 5818 2809 5876 laus
2854 5818 3077 5877 musicae
3130 5818 3287 5891 facit,
3342 5831 3402 5879 ut
3451 5823 3669 5887 visione
