4122 6380
426 360 531 422 543

1641 366 1925 425 MENSIS
1964 365 2371 425 DECEMBER

3578 359 3681 424 51$

423 472 837 539 apprehcniam
882 476 1180 545 angelicam
1228 476 1602 549 hymnodiam.
1678 478 1828 532 Seras
1867 491 1998 545 ergo

2108 477 2198 545 τῆς
2227 477 2525 547 ἀγγελικῆς
2572 477 2695 544 ἄγει
2762 492 2829 544 με
2867 473 3161 545 ὕμνῳδίας.
3228 471 3362 526 Ἰσθι
3387 470 3680 539 τοιγαροῦν

423 561 560 623 fore,
588 573 647 616 ut
680 564 880 618 fruStra
935 567 1176 628 labores.
1216 584 1260 624 sn
1312 583 1397 623 me
1436 569 1658 624 coneris
1707 583 1736 621 a
1766 584 1883 621 utea
1910 568 1997 622 di-

425 668 646 706 movere
672 655 945 709 sententia
983 675 994 711 :
1037 674 1215 729 neque
1241 675 1373 714 vero
1399 661 1575 714 solum
1635 660 1772 714 nihil
1824 659 1994 725 proii-

425 743 562 806 Cies.
609 744 704 798 sed
733 748 898 799 etiam
939 751 1113 820 majus
1143 752 1274 806 mihi
1313 752 1366 805 in
1410 752 1689 807 Christum
1723 756 1995 808 accendes

425 835 785 892 desiderium.
847 840 1056 895 I’rmses
1085 852 1264 897 autem
1294 860 1308 898 :
1343 844 1448 898 Sed
1485 844 1588 897 etsi
1652 844 1858 905 omnia,
1927 852 1995 897 ut

429 927 638 989 dixisti,
698 930 923 984 molesta
951 943 1005 986 et
1039 934 1225 1001 gravia
1277 935 1804 1006 propteriCliristum
1831 936 2000 989 susti-

424 1018 633 1073 nueris.
677 1018 807 1086 quid
856 1019 1371 1078 hinclucril'aeies?
1431 1024 1624 1092 Neque
1679 1024 1848 1088 enim,
1893 1026 1996 1078 etsi

424 1106 606 1159 munia
637 1106 743 1174 pati
773 1107 1024 1177 elegeris.
1067 1126 1156 1164 res
1186 1111 1283 1166 tibi
1349 1115 1608 1168 succedet
1675 1114 1738 1167 ad
1795 1125 1998 1184 marty-

427 1195 593 1248 rium.
635 1195 768 1250 Nam
790 1214 968 1269 neque
993 1201 1170 1255 factus
1195 1217 1255 1256 es
1272 1204 1871 1268 onminoChristianus,
1897 1221 1996 1258 ne-

425 1302 531 1354 que
555 1289 816 1356 accepisti
848 1290 1203 1360 baptismum,
1235 1295 1631 1350 convenienter
1672 1296 1889 1350 illorum
1924 1296 1999 1350 Ιο-

424 1378 603 1445 gibus.

502 1465 712 1523 XXXII.
751 1468 866 1523 Hoc
905 1481 1192 1542 postquam
1217 1475 1427 1529 audivit
1464 1476 1776 1538 Philemon.
1819 1478 1998 1532 exclao

428 1560 597 1612 mavit
639 1576 652 1610 :
702 1559 747 1616 Ο
801 1561 980 1632 ignem
1023 1565 1347 1631 spiritalem,
1407 1568 1500 1637 qui
1533 1581 1799 1622 accensus
1837 1582 1898 1622 es
1944 1568 1997 1620 in

426 1651 563 1704 meis
585 1654 921 1719 praecordiis,
970 1665 1237 1725 quantum
1295 1658 1395 1712 tibi
1445 1659 1643 1723 debeo,
1691 1675 1725 1713 ο
1778 1672 1999 1729 praeses,

427 1743 571 1809 quod
614 1758 700 1795 me
729 1745 894 1798 etiam
930 1746 1137 1801 invitus
1166 1750 1418 1803 maximis
1447 1750 1674 1805 allecisti
1698 1750 1999 1815 beneficiis,

2101 568 2182 620 ὅτι
2209 569 2463 636 ἄπρακτα
2495 569 2751 637 πονήσεις
2801 566 2903 635 ἐμὲ
2937 564 3288 635 μεταπείσειν
3341 563 3638 632 ἐπιχειρῶν
3659 578 3673 591 ·

2103 660 2199 711 καὶ
2247 659 2308 711 οὐ
2357 660 2515 726 μόνον
2540 658 2690 711 οὐδὲν
2730 658 2967 727 ὀνήσεις,
3009 655 3145 711 ἀλλὰ
3180 657 3276 709 καὶ
3332 654 3558 708 πλείονά
3591 671 3681 723 μοι

2104 749 2243 819 πρὸς
2292 750 2525 817 Χριστὸν
2576 749 2800 818 ἀνάψεις
2834 750 2927 803 τὸν
2966 747 3146 801 πόθον.
3199 747 3307 799 Καὶ
3360 744 3677 815 ὁηγεμώνο

2116 840 2252 894 Ἀλλ’
2285 841 2332 892 εί
2364 842 2458 894 καὶ
2491 841 2686 901 πάντα,
2722 839 2908 909 ὥσπερ
2948 840 3105 910 ἔφης,
3140 839 3231 892 διὰ
3273 836 3510 905 Χριστὸν
3541 837 3682 890 ὑπσ-

2104 934 2275 1001 στήσῃ
2305 932 2373 983 τὰ
2397 931 2637 1000 λυπηρά,
2663 930 2716 983 τί
2737 930 2798 983 τὸ
2832 931 3022 1000 κέρδος
3050 930 3298 983 ἐντεῦθεν
3322 928 3462 992 ἕξεις
3486 944 3501 991 ς
3534 928 3680 981 Οὐδὲ

2103 1016 2211 1084 γὰρ
2245 1018 2323 1080 εἰς
2357 1017 2654 1087 μαρτύριόν
2686 1034 2770 1070 σοι
2798 1018 2860 1070 τὸ
2905 1019 3165 1087 πρᾶγμα,
3198 1016 3304 1070 κᾶν
3353 1018 3530 1070 πάντα
3582 1015 3683 1089 ἕλῃ

2104 1109 2319 1174 παθεῖν,
2362 1109 2702 1180 ἀποϐήσεται
2721 1126 2734 1141 ο
2770 1111 2885 1163 ἐπεὶ
2910 1109 3035 1164 οὔτε
3064 1109 3392 1180 Χριστιανὸς
3416 1109 3568 1176 ὅμως
3586 1109 3681 1175 γέ-

2104 1217 2264 1268 γονας
2290 1200 2412 1254 οὔτε
2443 1202 2550 1272 μὴν
2588 1201 2728 1256 κατά
2754 1202 2878 1265 τοὺς
2912 1202 3138 1257 ἐκείνων
3167 1203 3363 1272 νόμους
3388 1200 3451 1254 τὸ
3491 1199 3685 1270 βάπτι-

2106 1308 2217 1359 σμα
2244 1292 2493 1361 εἴληφας.

2175 1474 2297 1527 AB’.
2330 1473 2501 1527 Τοῦτο
2522 1474 2776 1543 Φιλήμων
2809 1473 2886 1537 ὼς
2912 1473 3176 1544 ἤκουσεν,
3222 1473 3286 1525 Ὢ
3316 1470 3409 1524 τοῦ
3435 1488 3685 1542 πνευμα-

2105 1565 2258 1619 τικοῦ
2285 1566 2479 1637 πυρὸς,
2504 1566 2822 1635 ἀνεϐόησεν,
2854 1564 2882 1616 ὃ
2911 1565 3031 1627 ταῖς
3059 1565 3221 1633 ἐμαῖς
3249 1562 3439 1632 φρεσὶν
3473 1564 3681 1632 ὑπανῆ-

2104 1657 2240 1727 ψας’
2274 1656 2349 1720 ὡς
2405 1656 2607 1719 πολλὰς
2644 1656 2844 1722 ὀφείλω
2893 1673 2975 1708 σοι
3010 1654 3107 1719 τὰς
3151 1656 3400 1724 χάριτας,
3429 1653 3678 1724 ἡγεμὼν,

2106 1748 2187 1801 ὅτι
2218 1765 2286 1818 με
2316 1747 2410 1801 καὶ
2439 1748 2588 1802 ἄκων
2611 1747 2754 1802 οὕτω
2783 1746 2850 1799 τὰ
2876 1746 3109 1814 μέγιστα
3132 1745 3507 1816 εὐηργέτηκας
3531 1741 3682 1812 ίεροῦ
3789 1784 3801 1799 .

425 1844 646 1884 sacrum
692 1830 1025 1901 baptismum
1060 1835 1113 1889 in
1151 1838 1470 1892 memoriam
1538 1854 1824 1894 revocans.
1872 1838 1995 1892 Hac

2108 1839 2467 1909 θαπτίσματος
2501 1841 2841 1909 ἀναμνήσας.
2877 1837 3062 1890 Ταῦτα
3106 1836 3240 1907 πρὸς
3293 1835 3385 1887 τὸν
3440 1835 3684 1903 ἡγεμόνα

427 1938 550 1975 cum
583 1923 813 1978 dixisset
854 1926 1093 1992 pra-Sidi,
1126 1928 1278 1983 stetit
1341 1928 1393 1980 in
1430 1928 1604 1982 media
1658 1928 1840 1994 turba,
1898 1936 1993 1982 et:

427 2013 578 2082 Rogo
611 2029 726 2077 vos,
756 2017 1113 2072 vehementer
1132 2019 1477 2085 exclamavit,
1506 2020 1550 2073 si
1577 2020 1701 2089 quis
1739 2021 1883 2073 inter
1904 2035 1998 2073 vos

426 2113 623 2172 praeest
652 2103 1001 2171 Christianis,
1034 2120 1088 2164 et
1136 2112 1439 2163 contemnit
1471 2121 1739 2165 tormenta
1776 2119 1998 2180 propter

428 2195 710 2264 pietatem,
752 2198 895 2252 adsit
940 2200 1072 2265 cito,
1098 2211 1154 2254 et
1188 2217 1274 2256 me
1321 2202 1508 2255 divino
1563 2203 1847 2272 impertiat
1901 2203 1992 2255 ha-

430 2288 707 2356 ptismate.
749 2291 1039 2360 Postquam
1071 2302 1253 2349 autem
1307 2295 1440 2349 vidit
1472 2310 1664 2350 omnes
1706 2298 1879 2348 victos
1927 2294 1999 2346 ti-
2048 2290 2051 2293 λ

430 2394 604 2446 more,
636 2390 692 2434 et
716 2381 829 2449 qui,
867 2391 927 2435 ut
957 2391 1173 2451 tempus
1205 2386 1533 2454 postulabat,
1566 2385 1703 2438 nihil
1745 2393 2000 2452 poterant

431 2471 607 2525 facere
624 2473 967 2544 iuveniliter,
1026 2474 1216 2529 dolore
1244 2467 1410 2529 animi
1442 2477 1740 2538 cruciatus,
1789 2484 1999 2528 clean-

432 2566 590 2618 t'nuo
625 2565 679 2618 in
714 2580 902 2620 vocem
934 2582 1229 2635 erumpens
1279 2584 1402 2622 cum
1452 2569 1644 2623 calidis
1695 2569 1952 2638 lacrymis
1984 2585 1997 2621 :

431 2654 578 2708 Deus
613 2670 769 2711 meus
811 2656 1054 2722 Christe,
1085 2660 1285 2728 inquit,
1313 2660 1404 2729 qui
1440 2676 1525 2713 me
1581 2660 1812 2728 benigne
1846 2659 1994 2729 aspi-

435 2746 611 2813 ciens,
643 2762 673 2801 a
707 2747 984 2818 profundo
1017 2766 1206 2806 errore
1240 2767 1325 2805 me
1368 2752 1654 2814 revocasti,
1711 2769 1779 2807 ne
1807 2752 1885 2806 sic
1912 2767 1999 2806 me

431 2837 722 2909 despicias,
755 2841 1003 2897 divinum
1033 2842 1364 2911 baptismum
1398 2844 1623 2899 minime
1664 2853 1997 2899 assecutum.

432 2930 538 2985 Sed
579 2948 688 3001 quo
721 2933 805 2988 vis
850 2933 1013 2990 modo
1072 2936 1301 2991 ostende
1352 2937 1485 2990 mihi
1547 2938 1891 2992 sacerdotem
1946 2945 2003 2992 et

433 3038 654 3094 aquam,
679 3038 717 3079 a‘
748 3041 857 3096 quo
888 3038 941 3081 et
971 3028 1027 3080 in
1053 3043 1181 3096 qua,
1233 3028 1490 3081 similiter
1529 3038 1692 3098 atque
1717 3029 1808 3081 alii
1838 3028 2000 3083 Chri-

437 3117 625 3181 stiani,
665 3118 1005 3188 baptizabor.
1063 3120 1199 3175 Cum
1232 3121 1312 3174 sic
1341 3120 1588 3184 dixisset,
1612 3121 1787 3175 nubes
1841 3122 2005 3176 desu-

434 3224 535 3278 per
563 3210 829 3264 continuo
856 3211 1219 3277 descendens,
1270 3227 1390 3267 cum
1421 3228 1544 3266 eum
1592 3222 1827 3267 stantem
1885 3229 2001 3268 me—

433 3297 587 3350 dium
636 3298 692 3351 in
731 3297 919 3352 orbem
976 3299 1509 3368 comprehendisset,
1554 3301 1866 3371 baptizavit.
1897 3301 2004 3358 De-

434 3386 562 3442 inde
588 3387 763 3444 nubes
790 3388 1015 3458 quidem
1056 3405 1277 3446 sursum
1335 3393 1604 3448 ascendit.
1669 3394 1761 3448 lIle
1793 3403 2002 3457 autem,

435 3478 697 3534 omnibus
742 3480 1083 3548 videntibus,
1116 3481 1325 3538 ﬂuento
1383 3485 1592 3540 cmlesti
1643 3486 2002 3556 baptizatus:

436 3569 627 3634 Vobis,
657 3571 855 3642 inquit,
885 3575 1148 3629 omnibus
1198 3575 1387 3630 videre
1440 3577 1622 3640 licuit,
1692 3580 1783 3648 qui
1842 3578 2005 3633 Chri-

439 3661 607 3716 stiani
642 3661 865 3730 quidem
894 3665 1050 3731 estis,
1094 3666 1334 3720 nondum
1366 3677 1547 3722 autem
1573 3669 1739 3723 vultis
1771 3669 2005 3724 manife-

437 3763 577 3809 stam
618 3769 738 3810 esse
761 3765 997 3812 vestram
1035 3760 1323 3828 pietatem,
1371 3762 1831 3831 quemadmodum
1878 3780 2004 3819 cum

437 3845 626 3901 nullus
652 3847 843 3917 utique
870 3848 939 3904 ad
996 3867 1082 3906 me
1115 3867 1282 3908 ausus
1339 3865 1484 3909 esset
1534 3856 1823 3920 accedere,
1884 3857 2005 3926 ipse

442 3939 668 3994 veniens
704 3951 894 4012 aperte
919 3942 1205 4011 Dominus,
1241 3960 1328 4000 me
1351 3946 1586 4001 maximo
1628 3947 1770 4003 dono
1804 3950 2008 4019 imper-

441 4030 529 4085 tiit
558 4031 923 4103 baptismatis.
954 4035 1145 4093 Videte
1173 4053 1324 4108 ergo,
1378 4048 1431 4094 et
1464 4041 1608 4110 turpi
1642 4057 1707 4094 ae
1753 4041 2007 4097 illiberali

442 4125 638 4180 timore
694 4125 1032 4183 liberemini.
1093 4129 1402 4196 Quinetiam
1429 4142 1485 4188 tu
1542 4150 1761 4205 quoque
1804 4138 2008 4206 aspice,

440 4233 663 4288 praeses,
696 4221 882 4276 relicta
907 4261 923 4286 ,
963 4236 1086 4293 qua:
1135 4223 1275 4277 nihil
1331 4224 1499 4279 habet
1565 4226 1698 4280 utile
1742 4226 1953 4281 insania
1992 4246 2007 4284 :

440 4324 732 4378 cognosce,
762 4313 983 4367 cuinam
1009 4312 1121 4367 Deo
1161 4317 1398 4384 teipsum
1434 4316 1644 4386 absque
1675 4317 1890 4374 ratione
1924 4319 2009 4375 I‘e-

440 4402 585 4455 ceris
610 4402 917 4464 inimicum.
965 4411 1023 4457 et
1055 4406 1541 4473 quemadmodum,
1587 4424 1654 4463 eo
1680 4410 1887 4479 judice,
1934 4411 2012 4466 sis

440 4487 685 4542 luiturus
714 4505 905 4557 poenas
1498 4542 1506 4548 .

516 4580 758 4636 XXXIII.
792 4582 929 4638 Cum
978 4596 1186 4658 martyr
1236 4589 1316 4643 sic
1339 4598 1485 4644 esset
1533 4590 1772 4655 locutus,
1813 4608 2014 4662 preses

452 4688 632 4742 neque
653 4690 716 4730 ea
744 4691 867 4746 qua:
891 4676 1033 4733 vidit
1055 4679 1424 4738 admirabilia.
1461 4684 1691 4736 omnino
1713 4684 2014 4739 attendens

447 4767 560 4838 (res
599 4767 744 4821 enim
774 4768 937 4838 plane
972 4785 1136 4833 caeca,
1172 4780 1256 4826 est
1282 4770 1500 4840 vitium)
1541 4788 1555 4825 :
1598 4772 1726 4828 Ilaec
1762 4774 2013 4844 quidem,

447 4860 651 4931 inquit,
679 4860 859 4927 mitte,
908 4879 942 4918 ο
995 4863 1304 4921 Philemon.
1342 4865 1489 4920 Nihil
1523 4865 1669 4921 enim
1703 4877 1789 4922 est
1822 4867 2013 4933 aliud,

447 4951 557 5007 nisi
581 4953 762 5007 solum
791 4954 1076 5009 oculorum
1109 4955 1362 5024 deceptio
1383 4966 1441 5011 et
1475 4958 1785 5029 praestigiae.
1816 4958 1898 5013 Tu
1920 4974 2018 5013 au-

445 5052 557 5100 tem
584 5043 696 5109 dic,
719 5060 955 5114 quanam
972 5046 1042 5102 de
1068 5062 1229 5102 causa
1270 5063 1358 5103 res
1417 5048 1655 5119 despicis
1711 5050 1848 5105 adeo
1894 5050 2017 5105 dul-

450 5149 563 5201 ces,
609 5145 671 5190 ut
703 5151 880 5207 neque
922 5147 1138 5193 tuarum
1199 5139 1456 5215 tibiarum
1503 5142 1670 5197 ullam
1704 5141 1874 5198 ducas
1932 5158 2019 5197 ra-

450 5227 676 5291 tionem,
706 5242 889 5298 neque
913 5230 1214 5284 maximum
1244 5240 1499 5286 nostrum
1542 5231 1743 5286 festum
1780 5232 1865 5286 vel
1903 5241 2021 5286 tan~

451 5316 623 5371 tillum
649 5319 835 5374 veniat
875 5320 930 5374 in
961 5333 1226 5386 mentem,
1283 5338 1464 5393 neque
1517 5323 1688 5377 ullum
1730 5325 1899 5378 totius
1925 5339 2019 5394 p0—

455 5407 569 5476 puli
595 5417 646 5462 tc
668 5412 847 5479 capiat
883 5413 1219 5470 desiderium
1255 5433 1268 5468 :
1297 5416 1391 5486 qui
1441 5425 1733 5486 postquam
1765 5418 2020 5473 uenerint

452 5501 673 5570 quidem
730 5504 784 5557 in
820 5504 1116 5569 theatrum,
1175 5516 1230 5564 te
1276 5517 1459 5564 autem
1517 5526 1624 5563 non
1673 5512 2023 5581 adspexerint

453 5593 726 5650 concinne
751 5607 808 5649 et
837 5597 1120 5653 modulate
1151 5610 1468 5669 canentem,
1502 5601 1599 5657 sed
1627 5603 1794 5657 alium
1831 5619 1933 5673 pro
1970 5613 2022 5658 te

438 5695 757 5753 sementem
792 5688 978 5755 tibias,
1036 5702 1329 5762 quantum,
1362 5703 1543 5764 putas,
1573 5694 1871 5765 Iugebnnt,
1899 5710 2022 5750 mo-

451 5775 651 5833 dorum
689 5790 909 5837 tuorum
942 5782 1323 5852 recordantes,
1356 5793 1412 5841 et
1441 5795 1545 5841 tua:
1570 5786 1848 5842 illicientis
1892 5803 2020 5843 sua-

2041 4515 2096 4576 Ι)

2099 1931 2471 1999 φθεγξάμενος
2504 1932 2559 1981 ἐν
2594 1931 2742 2000 μέσῳ
2770 1929 2876 1982 τῶν
2900 1927 3075 1996 ὄχλων
3103 1927 3234 1995 ἔστη
3259 1966 3273 1989 ,
3313 1926 3410 1978 καὶ
3434 1965 3449 1989 ,
3481 1923 3683 1991 Δέομαι

2103 2023 2284 2091 ὑμῶν.
2306 2025 2613 2092 ἀνέκραγεν
2638 2022 2892 2092 ἰσχυρῶς,
2922 2019 2974 2072 εἴ
3002 2035 3083 2082 τις
3106 2020 3161 2071 ἐν
3188 2020 3314 2088 ὑμῖν
3346 2014 3685 2084 Χριστιανῶν

2098 2116 2184 2186 εἴη
2209 2114 2565 2185 προεστηκὼς
2591 2114 2685 2167 καὶ
2710 2110 2959 2184 βασάΰων
2991 2109 3344 2180 καταφρονῶν
3359 2109 3446 2162 διὰ
3469 2108 3567 2177 τὴν
3595 2105 3688 2157 εὐ-

2100 2208 2337 2272 σὲϐειαν,
2362 2208 2574 2276 παρίτω
2612 2205 2671 2258 τὸ
2718 2206 2882 2273 τάχος
2933 2203 3027 2257 καὶ
3072 2200 3535 2272 βαπτίσματόςμε
3585 2199 3683 2252 τοῦ

2100 2297 2246 2351 θείου
2282 2298 2630 2366 μεταδιδότω.
2666 2297 2754 2359 Ὠς
2803 2296 2861 2348 δὲ
2897 2295 3105 2358 πάντας
3139 2293 3285 2364 ἑώρα
3307 2293 3417 2369 δέει
3445 2293 3688 2361 νικωμέ-

2099 2407 2222 2453 νους
2248 2391 2343 2442 καὶ
2368 2391 2536 2457 μηδὲν
2564 2388 2656 2441 τοῦ
2685 2388 2878 2460 καιροῦ
2909 2389 3108 2459 δρᾶσαι
3145 2386 3478 2456 δυναμένους
3507 2402 3686 2437 νεανι-

2101 2480 2359 2550 κώτερον,
2383 2479 2526 2550 λύπῃ
2546 2481 2838 2550 συγχυθεὶς
2863 2480 2961 2551 τὴν
2982 2479 3159 2548 ψυχὴν
3185 2480 3277 2530 καὶ
3303 2478 3487 2546 φωνὴν
3507 2477 3700 2545 αἴρων,

2103 2572 2309 2634 εὐθέως
2330 2571 2471 2641 μετὰ
2490 2572 2708 2640 θερμῶν
2731 2572 2838 2623 τῶν
2864 2570 3136 2641 δ;κρύων,
3169 2568 3226 2622 Ὀ
3247 2569 3375 2629 Θεό;
3407 2585 3529 2636 μου,
3555 2567 3683 2636 ἔφη,

2102 2664 2327 2734 Χριστὲ,
2360 2664 2419 2727 ὃς
2453 2664 2678 2733 εὐμενές
2708 2682 2797 2733 μοι
2850 2663 3051 2733 βλέψας
3083 2665 3181 2733 τῆς
3229 2660 3449 2732 βαθείας
3473 2661 3684 2728 πλάνης

2102 2754 2413 2807 ἀνεκαλέσω
2433 2770 2523 2823 με,
2556 2753 2630 2825 μὴ
2654 2755 2797 2808 οὕτω
2832 2772 2898 2824 με
2924 2754 3171 2824 περιίδῃς
3191 2754 3283 2805 τοῦ
3311 2752 3457 2805 θείου
3494 2748 3686 2821 βαπτί-

2104 2862 2307 2915 σματος
2329 2846 2714 2916 ἀκοινώνητον,
2749 2845 2866 2899 ἀλλ’
2888 2846 2947 2899 ὃν
2973 2845 3153 2915 βούλει
3175 2845 3376 2913 τρόπον
3406 2843 3685 2906 ὑπόδειξόν

2106 2955 2198 3008 μοι
2232 2937 2327 2990 καὶ
2363 2936 2513 3008 ἱερέα
2535 2940 2630 2991 καὶ
2660 2936 2806 3008 ὕδωρ
2836 2937 2966 3007 παρ’
2993 2930 3054 2989 οὗ
3083 2937 3173 2989 καὶ
3208 2939 3265 2989 ὲν
3292 2929 3336 3002 ᾧ
3360 2937 3474 2997 τοῖς
3498 2934 3683 2994 ἄλλοις

2103 3028 2303 3097 ὁμοίως
2330 3028 2673 3096 Χριστιανοῖς
2709 3028 3172 3097 βαπτισθήσομτι.
3216 3025 3403 3087 Οὕτως
3435 3025 3682 3085 εἰπόντος

2108 3119 2304 3186 νεφέλη
2335 3117 2542 3171 ἄνωθεν
2575 3117 2737 3180 εὐθὺς
2775 3117 3169 3172 ὑποκαταϐἄσα
3202 3115 3292 3169 καὶ
3320 3116 3486 3185 μέσον
3522 3115 3685 3167 αὐτὸν

2107 3211 2374 3279 ἑστηκότα
2401 3210 2587 3279 κύκλῳ
2618 3209 2990 3280 περιλαϐιῦσα
3030 3210 3344 3262 ἐϐάπτισεν.
3381 3204 3512 3261 Εἶτα
3539 3210 3568 3277 ἡ
3603 3225 3687 3260 νε-

2105 3302 2242 3373 φέλη
2267 3302 2366 3372 μὲν
2383 3302 2558 3355 ἄνεισι
2587 3302 2747 3356 πάλιν
2764 3319 2779 3333 ο
2804 3302 2832 3353 ὁ
2857 3302 2913 3354 δὲ
2944 3301 3049 3353 ὑπὸ
3073 3304 3185 3364 τοίς
3206 3302 3460 3354 ἁπάντων
3483 3299 3684 3368 ὀφθαλο

2108 3398 2230 3467 μοῖς
2256 3395 2494 3466 οὐρανίῳ
2549 3394 2753 3464 νάματι
2815 3393 3260 3465 βαπτισάμενος,
3313 3390 3479 3463 Ὀρᾷν
3531 3390 3682 3460 ὑμῖν.

2106 3489 2236 3559 ἔφη,
2268 3486 2553 3557 πρόκειται
2575 3487 2738 3541 πᾶσιν
2758 3487 2872 3539 ὅσοι
2895 3487 3211 3557 Χριστιανοὶ
3241 3484 3342 3553 μέν
3371 3486 3512 3546 ἐστε,
3531 3482 3684 3535 οῠπω

2104 3578 2284 3632 δὲκαὶ
2338 3579 2487 3647 δῆλοι
2546 3578 2645 3647 τὴν
2673 3577 2951 3630 εὐσέϐειαν
2988 3574 3151 3629 ἐἶναι
3205 3574 3481 3645 βούλεσθε,
3534 3574 3684 3637 ὅπως

2104 3669 2318 3732 οὐδενὸς
2344 3669 2499 3739 ὑμῶν
2519 3668 2641 3721 οὐδὲ
2668 3658 2988 3736 προσελθεῖν
3016 3684 3107 3737 μοι
3136 3668 3280 3736 τάχα
3312 3666 3687 3737 θαρσήσαντος

2109 3760 2271 3824 αὐτὸς
2304 3760 2579 3829 ἐπιφανῶς
2607 3759 2778 3812 ἐλθὼν
2799 3761 2826 3812 ὁ
2861 3760 3139 3830 Δεσπότης
3178 3759 3276 3829 τῆς
3304 3757 3565 3828 μεγίστης
3592 3773 3685 3824 μοι
3712 3780 3715 3783 -

2106 3853 2202 3907 τοῦ
2263 3856 2639 3925 βαπτίσματος
2692 3853 3021 3925 ἐκοινώνησε
3073 3853 3305 3924 δωρεᾶς.
3361 3852 3529 3905 Ἴδετε
3572 3867 3682 3903 τοι·

2108 3946 2334 4016 γαροῦν,
2369 3946 2462 4000 καὶ
2486 3946 2651 4015 φόϐου
2686 3946 2781 3999 καὶ
2837 3946 3039 4008 δειλίας
3071 3950 3167 4015 τῆς
3214 3944 3471 4013 ἀγεννοῦς
3505 3945 3685 3999 ἀπαλ-

2109 4038 2332 4108 λάγητε.
2360 4040 2471 4092 Καὶ
2502 4040 2567 4092 σὺ
2590 4038 2668 4103 δὲ,
2700 4039 3029 4110 περίϐλεπτε
3052 4039 3298 4109 ἡγεμὼν,
3322 4039 3518 4107 μανίας
3533 4038 3687 4090 οὐδὲν

2111 4132 2343 4203 ἐχούσης
2378 4129 2654 4195 λυσιτελὲς
2677 4132 2943 4194 ἀποστάς,
2976 4129 3147 4198 γνῶθι
3175 4129 3281 4182 τίνι
3308 4128 3427 4198 Θεῷ
3460 4127 3687 4185 σεαυτὸν

2111 4224 2322 4292 ἀλόγως
2357 4223 2795 4291 ἐξεπολέμωσας,
2829 4224 2922 4277 καὶ
2945 4223 3099 4284 ὅπως
3121 4221 3216 4274 ὑπ’
3240 4220 3388 4292 αὐτῷ
3411 4219 3695 4284 δικάζοντι

2125 4317 2338 4387 μέλλεις
2366 4317 2469 4386 τὴν
2498 4315 2724 4370 κόλασιν
2751 4315 3031 4385 ὑποσχεῖν.

2186 4586 2310 4642 Al".
2347 4588 2504 4642 Οὕτω
2549 4590 2927 4662 φθεγξαμένου
2960 4591 3053 4647 τοῦ
3092 4592 3368 4663 μάρτυρος
3417 4593 3445 4645 ὀ
3470 4590 3699 4659 ἡγεμὼν

2120 4680 2255 4751 μήτε
2288 4681 2500 4743 τούτοις
2548 4675 2628 4743 οἷς
2683 4682 2883 4752 ἤκουσε
2934 4685 3072 4754 μήτε
3107 4677 3187 4744 οἷς
3217 4678 3326 4735 εἶδε
3370 4682 3693 4754 παραδόξοις

2114 4773 2268 4842 ὅμως
2321 4772 2613 4843 προσσχὼν
2677 4774 2913 4843 (τυφλὸν
2942 4775 3050 4845 γὰρ
3113 4774 3424 4845 ἀκριϐῶςή
3473 4772 3691 4841 κακία).

2116 4862 2304 4919 Ταῦτα
2344 4864 2467 4934 μὲν,
2508 4862 2651 4928 εἷπε,
2699 4865 2961 4936 Φιλῆμον,
2992 4868 3122 4938 ὲᾷν’
3178 4867 3331 4923 οὐδὲν
3360 4867 3467 4936 γὰρ
3497 4867 3579 4919 ὅτι
3617 4865 3696 4937 μὴ

2114 4956 2416 5026 ὀφθαλμῶν
2449 4957 2633 5026 ἀπάτη
2672 4958 2834 5027 μόνον
2884 4958 2981 5011 καὶ
3029 4958 3285 5028 τερατεία
3308 4971 3324 4988 ⁸
3389 4959 3453 5011 σὺ
3487 4958 3540 5011 δὲ
3571 4959 3692 5010 ὅτου

2115 5051 2278 5122 χάριν
2312 5049 2482 5120 ἡδέων
2511 5049 2655 5102 οὕτω
2696 5051 3041 5120 πραγμάτων
3088 5050 3306 5119 ἀμελῶς
3336 5050 3494 5119 ἔσχες
3546 5049 3691 5110 εἰπὲ.

2116 5140 2193 5206 ὡς
2231 5143 2368 5211 μήτε
2405 5140 2516 5194 τῶν
2547 5140 2767 5195 οἰκείων
2796 5142 2974 5195 αὐλῶν
3004 5142 3211 5212 μηδένα
3232 5142 3389 5210 λόγον
3417 5140 3696 5194 ποιεῖσθαι

2123 5234 2261 5303 μήτε
2292 5232 2392 5301 τῆς
2433 5232 2695 5302 μεγίστης
2733 5234 2892 5304 ἡμῶν
2939 5234 3133 5303 ἑορτῆς
3183 5235 3306 5303 μηδ’
3332 5235 3408 5294 είς
3437 5232 3697 5304 βραχεῖαν

2120 5323 2424 5393 ἀνάμνησιν
2462 5322 2740 5391 ἔρχεσθαι,
2802 5323 2940 5393 μήτε
2974 5323 3067 5376 τοῦ
3139 5326 3454 5392 σύμπαντος
3505 5323 3696 5376 τούτου

2120 5415 2359 5486 πλήθους
2392 5414 2564 5468 πόθον
2598 5413 2915 5486 λαμϐάνειν,
2938 5415 2989 5467 οἳ
3021 5414 3239 5468 ἐπειδὰν
3265 5415 3569 5484 ἀφίκωνται
3597 5414 3698 5483 μὲν

2121 5510 2201 5570 είς
2222 5508 2281 5560 τὸ
2305 5508 2556 5578 θέατρον,
2580 5506 2640 5560 σὲ
2663 5507 2719 5559 δὲ
2743 5506 2820 5577 μὴ
2848 5507 3151 5561 θεάσωνται
3171 5506 3232 5560 τὺ
3259 5507 3495 5579 ἐμμελὲς
3521 5508 3700 5560 ἐκεῖνο

2121 5603 2216 5656 καὶ¹
2245 5600 2527 5674 γλαφυρὸν
2564 5599 2780 5672 ᾅδοντα,
2808 5600 2946 5655 ἀλλά
2970 5599 3097 5657 τοὺς
3128 5600 3340 5664 αὑλοὺς⁹
3361 5602 3549 5671 ἕτερον
3580 5601 3701 5652 ἄντι

2123 5691 2221 5745 σοῦ
2248 5691 2509 5756 λαϐόντα,
2552 5689 2695 5743 πόσα
2723 5689 2901 5753 δοκεῖς
2929 5690 3302 5761 ἀνοιμώζουσι
3326 5691 3436 5745 τῶν
3464 5690 3575 5745 σῶν
3603 5706 3700 5761 με·

2129 5783 2392 5852 ανημένοι
2419 5781 2593 5853 μελῶν
2620 5784 2713 5836 καὶ
2751 5781 2849 5853 τῆς
2876 5782 3140 5851 γλυκείας
3192 5782 3360 5845 ὅντως
3425 5783 3611 5853 τυγγός
3642 5796 3700 5835 τε
