4102 6376
421 328 527 390 545

1311 331 1779 392 MARTYIHUM
1813 333 1872 391 S.
1909 333 2191 393 THYRSI
2237 334 2332 393 ET
2373 335 2783 396 SOCIORUM.

3569 341 3674 404 546

417 448 509 499 καὶ
539 444 800 516 χάριτοςς
846 443 1006 499 una
1049 445 1152 499 ταῦ
1166 464 1224 500 τα
1254 449 1282 500 ὁ
1304 447 1533 519 ἡγεμὼν
1568 451 1771 517 γυναιξὶ
1797 452 1990 521 μᾶλλον

2103 452 2288 507 vitatis
2315 462 2371 509 et
2411 454 2648 524 gratim?
2710 452 2816 508 Sed
2884 452 2999 508 haec
3031 454 3250 523 quidem
3301 471 3516 533 prmscs.
3555 473 3677 528 qua:

416 536 703 608 ἢανδράσι
750 538 1099 607 προσήκοντα
1160 538 1360 605 λέγων,
1397 542 1490 595 καὶ
1517 542 1779 613 κολακείᾳ
1819 542 2001 596 δουλο-

417 631 622 698 πρεπεῖ
668 627 1007 698 διαφθείρειν
1064 628 1243 699 ψυχῆς
1297 630 1578 699 εὐγένειαν
1613 634 1997 703 προελόμενος.

416 720 674 790 Φιλήμονι
709 720 764 772 δὲ
812 719 1067 773 τοσοῦτον
1125 722 1359 790 ἐμέλησε
1421 723 1531 775 τῶν
1593 724 1869 794 ῥηθέντων
1897 724 1996 788 ὡς,

415 812 532 864 ἐπεὶ
555 810 698 879 ἔγνω
729 811 821 863 τὸν
849 810 1090 881 ἡγεμόνα
1109 812 1275 865 οἱονεί
1304 830 1356 866 τι
1382 813 1576 885 δέλεαρ
1601 814 1748 884 αὐτῷ
1775 816 1997 885 προτεί-

419 920 581 957 νοντα
613 901 737 964 τοὺς
773 902 969 964 αὐλοὺς
998 902 1090 953 καὶ
1112 899 1285 964 οὕτως
1315 903 1477 956 αὑτὸν
1506 902 1772 973 θηρεῦσαι
1794 904 1999 974 πειρὼ-

422 1011 603 1063 μενον,
671 995 842 1047 ἐδεῖτο
893 992 1200 1063 θερμότατα
1234 992 1327 1045 τοῦ
1378 992 1513 1047 Θεοῦ
1560 996 1844 1065 πῦρκατὰ
1886 998 1997 1050 τῶν

418 1087 598 1139 αὐλῶν
627 1087 846 1156 ἀφεῖναι
871 1087 966 1138 καὶ
994 1085 1201 1155 τέφραν
1231 1086 1429 1148 αὐτοὺς
1472 1088 1755 1155 ἀποφῆναι
1783 1089 1879 1141 καὶ
1905 1088 1994 1141 κό-

416 1196 521 1241 νιν,
560 1178 894 1231 Είσάκουσόν
920 1195 1022 1247 μου
1046 1178 1140 1230 καὶ
1168 1176 1284 1240 νῦν,
1320 1177 1513 1247 λέγων,
1542 1180 1712 1249 Κύριε
1749 1180 1994 1250 βασιλεῦ,

416 1271 509 1323 καὶ
547 1270 736 1339 ὥσπερ
763 1266 849 1322 ἐπ’
871 1269 974 1338 ἐμὲ
1002 1268 1166 1338 ὕδωρ,
1200 1268 1343 1323 οὕτω
1393 1270 1486 1323 καὶ
1544 1270 1635 1323 ἐπὶ
1668 1271 1792 1336 τοὺς
1828 1273 1994 1341 ἐμοὺς

360 1378 363 1379 ⁷
412 1361 613 1423 αὐλοὺς
643 1360 755 1431 πῦρ
782 1358 982 1414 ἐλθέτω
1009 1363 1101 1413 καὶ
1135 1360 1505 1428 καταφαγέτω
1531 1362 1745 1427 αὐτοὺς,
1777 1360 1871 1426 οὓς
1899 1363 1995 1415 ἰπὶ

2104 544 2280 613 magis
2306 544 2545 608 feminis,
2579 558 2742 614 quam
2779 543 2916 597 viris
2995 546 3352 609 conveniunt,
3380 546 3678 601 servilibus

2109 634 2395 688 blanditiis
2421 636 2609 689 volens
2643 649 3004 705 corrumpere
3036 650 3366 706 generosum
3404 636 3673 691 animum.

2102 720 2411 776 Philemoni
2449 734 2633 777 autem
2695 732 2857 779 tantae
2893 741 3043 780 cura:
3091 726 3314 780 luerunt
3346 741 3410 780 ea
3444 741 3564 794 qua:
3592 727 3678 782 di-

2105 821 2192 866 cta
2225 822 2374 875 sunt,
2410 821 2469 866 ιιι
2514 823 2803 883 postquam
2834 815 3090 885 cognovit
3127 816 3411 883 praesidem
3437 817 3487 870 ei
3515 817 3678 871 tibias

2111 910 2370 970 tanquam
2394 918 2550 957 escas
2584 915 3007 973 prnponentem,
3037 915 3092 959 ct
3114 908 3193 960 sic
3226 922 3351 960 eum
3380 921 3675 963 conantem

2101 990 2338 1056 illiccrc,
2371 994 2541 1048 Deum
2581 994 2784 1063 rogarit
2807 994 3215 1059 ardentissime,
3253 1005 3311 1050 ut
3340 998 3519 1067 ignem
3567 999 3674 1052 im-

2103 1084 2351 1139 mitteret
2382 1085 2436 1138 in
2466 1085 2648 1148 tibias,
2687 1095 2741 1139 et
2768 1101 2861 1140 cas
2911 1086 2966 1139 in
3002 1087 3244 1141 cinerem
3311 1088 3588 1157 redigeret
3617 1096 3676 1143 et

2099 1180 2382 1249 pulverem
2446 1194 2462 1233 :
2525 1179 2732 1233 Exaudi
2800 1192 2885 1232 me
2935 1180 3089 1233 nunc
3143 1194 3385 1248 quoque,
3463 1178 3675 1245 dicens,

2098 1271 2329 1326 Domine
2388 1272 2506 1336 rex,
2566 1278 2622 1325 et
2651 1269 2931 1340 quomodo
2984 1284 3152 1339 supra
3215 1286 3302 1325 me
3368 1286 3534 1342 aqua,
3600 1274 3675 1328 ita

2093 1365 2260 1418 etiam
2350 1378 2518 1433 supra
2601 1377 2752 1417 meas
2824 1362 2987 1417 tibias
3027 1364 3213 1417 veniat
3265 1362 3426 1433 ignis,
3477 1373 3533 1418 et
3583 1378 3678 1418 eas

410 1457 474 1507 τὸ
511 1452 604 1507 σδν
632 1451 933 1523 μαρτύριον
976 1452 1073 1505 κα)⁸
1093 1453 1216 1515 ταῖς
1250 1453 1441 1523 χερσὶν
1478 1452 1620 1523 ἔχων
1670 1454 1990 1525 παρεθέμην

2093 1455 2344 1519 devoret,
2369 1470 2534 1525 quas,
2567 1453 2637 1509 ad
2674 1465 2825 1509 tuum
2862 1468 3096 1508 currens
3138 1456 3479 1525 martyrium,
3508 1456 3678 1525 depo-

423 1547 785 1617 Ἀπολλωνίῳ.
820 1545 951 1610 Ναὶ,
988 1544 1238 1599 Δέσποτα
1297 1545 1496 1615 Ἰησοῦ,
1533 1546 1621 1599 ῐνα
1655 1548 1827 1617 μηδέν
1883 1566 1988 1619 μου

2091 1548 2179 1602 sui
2212 1547 2356 1617 apud
2387 1547 2759 1617 Apollonium.
2807 1545 2910 1608 lta,
2948 1545 3181 1600 Domine
3236 1546 3391 1611 Jesu,
3448 1556 3508 1600 ut
3546 1546 3674 1601 vani

408 1639 570 1708 τῆσδε
602 1638 701 1707 τῆς
740 1636 1163 1706 ματαιοτεχνίας
1201 1636 1503 1707 ὑπολειφθῇ
1554 1635 1828 1707 λείψανον,
1856 1639 1990 1710 μηδέ

2091 1638 2260 1709 hujus
2281 1638 2390 1694 mei
2448 1636 2667 1693 artificii
2702 1636 2867 1691 nulla:
2897 1648 3229 1691 remaneant
3258 1637 3522 1708 reliquiae,
3573 1655 3673 1694 ne-

409 1748 492 1793 τις
524 1730 647 1784 ἰδὼν
698 1730 807 1783 τῶν
852 1729 1097 1784 ἀπίστων
1117 1770 1133 1796 ,
1170 1721 1355 1791 Οὗτοι,
1400 1729 1466 1782 ἂν
1487 1730 1655 1797 είποι,
1686 1731 1989 1802 Φιῖιήμονος

409 1840 583 1877 αυι.ο·.

476 1916 597 1970 AA'.
628 1913 799 1969 Οὔπω
827 1913 980 1977 τέλος
1013 1912 1319 1983 ἐλάμϐανεν
1345 1914 1380 1983 ἠ
1423 1913 1581 1985 εὐχὴ,
1629 1915 1723 1970 καὶ
1753 1913 1994 1985 σκηπτὸς

411 2007 511 2076 μὲν
537 2007 634 2059 ἐπὶ
661 2005 760 2069 τὰς
812 2006 1173 2060 Ἀπολλωνίου
1231 2008 1420 2077 χεῖρας
1455 2006 1677 2061 καθίετο
1696 2022 1713 2039 ·
1762 2011 1857 2063 καὶ
1881 2010 1991 2060 τῶν

408 2097 607 2169 χειρῶν
635 2098 733 2167 μὲν
767 2096 1087 2168 παραδόξως
1125 2098 1265 2166 ἄγαν
1286 2098 1582 2168 ἀπέσχετο,
1607 2097 1906 2169 κατέφλεξε
1935 2099 1991 2152 δὲ

408 2192 538 2252 τοὺς
567 2189 761 2252 αὐλοὺς
796 2192 892 2245 καὶ
942 2192 1022 2254 είς
1067 2190 1197 2261 χοῦν
1253 2190 1453 2255 αὐτοὺς
1484 2192 1581 2245 καὶ
1608 2193 1758 2245 κόνιν
1790 2190 1991 2254 εὐθέως

406 2281 647 2351 διέθηκε,
674 2280 925 2353 καθάπερ
940 2281 1084 2346 τινὸς
1110 2283 1204 2336 τὸν
1223 2284 1465 2354 σκηπτὸν
1490 2286 1870 2354 περιάγοντος,
1890 2286 1986 2337 καὶ

405 2374 565 2427 τένων
580 2375 677 2443 μὲν
692 2374 830 2443 χρῆν
840 2374 1160 2446 ἀπέχεσθαι,
1174 2375 1331 2429 τίνων
1351 2376 1407 2429 δὲ
1422 2374 1994 2445 ἂψασθαιδιαδεικνύν·

403 2481 514 2524 τος.
534 2465 814 2518 Ἐντευθεν
835 2464 1118 2535 ἀμφότερα
1130 2464 1483 2537 κατωρθοῦτο
1500 2465 1674 2519 ταῦτα
1697 2483 1708 2493 ·
1728 2466 1988 2538 Φιλήμονι

403 2552 509 2619 μὲν
539 2554 704 2625 γὰρὴ
734 2553 867 2625 εὐχὴ
895 2554 1071 2625 πέρας
1094 2548 1207 2624 εἶχε
1237 2555 1333 2608 καὶ
1383 2556 1463 2620 είς
1496 2554 1658 2626 ἔργον
1690 2555 1986 2625 ἐξέϐαινεν,

404 2642 753 2713 Ἀπολλωνίῳ
765 2643 823 2696 δὲ
843 2643 944 2715 ἤδη
967 2643 1030 2697 θύ
1039 2648 1106 2714 pa.
1119 2644 1254 2717 πρὸς
1267 2645 1327 2698 τὺ
1351 2663 1426 2715 μα
1434 2646 1530 2716 ρτύ
1540 2663 1571 2715 ρ
1594 2663 1652 2699 ον
1664 2646 1987 2716 διηνοίγετο.

400 2732 555 2786 Θέων
578 2732 688 2805 γὰρ
708 2734 735 2786 ὁ
752 2733 1048 2804 Φιλήμονος
1064 2735 1287 2805 ἁδελφὸς
1306 2735 1532 2801 εὐθέως,
1550 2736 1738 2806 ὥσπερ
1760 2736 1823 2790 ἐκ
1843 2754 1988 2801 τινος

402 2826 706 2898 ἀποστολῆς
736 2827 979 2899 δραμὼν,
1007 2829 1185 2883 πάντα
1199 2828 1292 2882 τοῦ
1318 2828 1592 2900 δράματος
1623 2830 1879 2905 γνωρίζει
1910 2831 1987 2902 τῷ

408 2918 659 2987 ἡγεμόνι,
685 2919 833 2983 ὅπως
860 2936 921 2972 τε
954 2919 1219 2989 Φιλήμονι
1245 2920 1344 2989 τὴν
1372 2919 1582 2972 οίκείαν
1611 2921 1803 2990 στολὴν
1830 2937 1985 2990 περι-

410 3010 603 3061 έϐαλεν
637 3009 1018 3077 ’Δπολλὼνιος,
1050 3011 1201 3075 ὅπως
1230 3028 1289 3065 τε
1325 3011 1443 3066 ἀντ’
1479 3012 1693 3067 ἐκείνου
1736 3013 1987 3084 χωρῆσαι

411 3103 547 3171 πρὸς
576 3102 699 3166 τοὺς
720 3103 935 3171 ἀγῶνα..
961 3103 1127 3158 αὐτὸν
1169 3104 1581 3176 παρεσκεύασε,
1603 3106 1697 3159 καὶ¹
1724 3105 1799 3170 ὡς
1823 3106 1986 3170 αὐτὸς

409 3189 563 3258 οὗτος
584 3196 672 3265 είη
697 3195 797 3265 τῆς
824 3196 1035 3250 ἐκείνου
1059 3196 1361 3269 διαφθορᾶς
1383 3196 1728 3261 αἰτιώτατος.
1758 3199 1987 3266 "Aperui

410 3283 502 3340 οὖν
531 3286 732 3342 αὐτίκα
760 3288 853 3342 καὶ
878 3288 1258 3355 Ἀπολλώνιος,
1276 3285 1320 3358 ᾧ
1352 3291 1577 3361 μανικόν
1603 3306 1657 3344 τι
1676 3292 1770 3344 καὶ
1797 3292 1987 3361 ἄγριον

411 3380 690 3450 ἐμϐλέψας
740 3381 1060 3453 ’Δρῤιανός-
1114 3384 1178 3436 Τί
1232 3383 1414 3449 τοῦτο,
1478 3384 1634 3454 φηςι,
1674 3383 1985 3455 μιαρώτατε

416 3473 637 3526 πάντων
666 3473 994 3544 ἀνθρώπων,
1044 3474 1071 3528 δ
1100 3475 1196 3528 καὶ
1245 3476 1395 3548 ἡμᾶς
1426 3474 1522 3529 καὶ
1558 3478 1658 3544 τὴν
1684 3476 1840 3529 πόλιν
1892 3475 1989 3528 καλ⁸

409 3565 624 3618 τουτονὶ
653 3565 745 3618 τὸν
772 3565 1007 3620 δείλαιον
1041 3567 1334 3637 είργασαι;
1380 3568 1575 3638 ὅτιπερ
1634 3568 1988 3639 ἀπονοίαμὲν

413 3655 511 3708 καὶ
535 3654 672 3709 θεῶν
696 3655 789 3709 καὶ
815 3656 996 3726 νόμων
1019 3657 1398 3728 ύπερςορονῶν,
1423 3656 1597 3726 δειλίᾳ
1620 3657 1675 3710 δὲ
1691 3659 1789 3718 τὰς
1815 3656 1989 3728 βασά-

413 3763 536 3802 νους
566 3746 849 3812 ἐκκλίνων,
901 3746 1143 3816 ἧμειψάς
1180 3764 1238 3799 τε
1266 3748 1402 3817 πρὸς
1449 3748 1611 3801 αὐτὸν
1659 3748 1760 3816 τὴν
1787 3747 1987 3816 ἐσθῆτα

413 3840 507 3892 καὶ
544 3838 855 3909 μαγγανεία
897 3832 1005 3891 τινὶ
1057 3838 1157 3909 τὴν
1186 3838 1350 3891 αὑτοῦ
1409 3839 1636 3910 καρδίαν
1677 3839 1984 3911 διέτρεψας,

415 3927 682 3997 μεγίστης
712 3926 905 3997 ἡδονῆς
932 3926 1031 3997 τὴν
1066 3928 1217 3980 πόλιν
1241 3929 1579 3996 ἀποστήσας.
1616 3928 1764 3981 Ἔδει
1794 3945 1854 3981 σε
1876 3928 1988 3981 τοί-

412 4035 528 4081 νυν,
560 4019 609 4069 εἰ
641 4019 739 4082 τὰς
765 4018 1014 4081 κολάσεις
1046 4017 1216 4080 οὕτως
1246 4017 1557 4081 ἐδεδοίκεις,
1595 4021 1720 4087 ἐμοὶ
1754 4020 1985 4090 προσελ-

413 4109 576 4161 θόντα
609 4108 708 4180 τὴν
740 4109 967 4180 γνώμην
988 4108 1357 4178 ἀποκαλύψαι.
1403 4109 1547 4177 Ἐγὼ
1589 4111 1646 4162 δέ
1678 4112 1987 4172 σεπὰντως

412 4201 596 4271 ἀνῆκα
623 4202 690 4255 ἂν
709 4202 894 4274 νόμοις
922 4201 1332 4272 φιλανθρωπίας
1356 4202 1679 4272 πειθόμενος
1700 4221 1713 4235 ·
1746 4206 1840 4258 καὶ
1862 4204 1986 4259 οὔτε

412 4294 480 4346 ἂν
523 4293 687 4356 αὐτὸς
728 4294 1035 4363 πράγματα
1068 4289 1235 4363 εἶχες,
1261 4289 1386 4346 οὔτε
1434 4294 1644 4364 ἑτέροις
1698 4299 1982 4366 παρεῖχες,

413 4386 553 4440 ἀλλὰ
596 4385 749 4448 δέους
807 4384 901 4438 καὶ
941 4384 1199 4440 κινδύνων
1251 4385 1591 4456 ἀπαλλαγεὶς
1632 4386 1806 4451 ἀδεῶς
1856 4388 1987 4459 ἔζης

413 4478 510 4531 καὶ
535 4475 922 4546 ἀπραγμόνως.

488 4571 616 4624 AE'.
677 4556 864 4622 Ταῦτα
923 4566 1017 4621 τοῦ
1072 4568 1343 4640 ἡγεμόνος
1400 4570 1648 4635 είπὸντος
1701 4570 1992 4624 ὑπολαϐὼν

424 4661 822 4723 ’Δπολλών;ος’
861 4660 985 4713 Ὀτι
1043 4661 1142 4730 μὲν
1195 4660 1435 4728 εὐλόγως
1490 4662 1640 4732 ἡμᾶς
1687 4661 1990 4734 διαλοιδορῇ

415 4756 512 4807 καὶ
536 4754 728 4824 ῦϐρεσι
749 4752 995 4817 πλύνεις,
1017 4752 1138 4806 οὐδὲ
1170 4753 1331 4818 αὐτὸς
1350 4754 1416 4807 ἂν
1441 4754 1753 4821 ἀντείποιμι
1776 4753 1993 4824 πρῶτος

414 4843 663 4914 ἐμαυτοῦ
724 4845 1031 4915 κατήγορος
1081 4842 1196 4898 ὢν·
1256 4844 1398 4917 πλὴν
1451 4845 1551 4917 οὐχ
1610 4846 1694 4901 ὅτι
1724 4846 1992 4898 τοσούτων

415 4935 641 5001 ἀγαθῶν
669 4935 861 5006 ἐκείνῳ
893 4937 1164 5005 κατέστην
1192 4936 1388 5000 αἴτιος,
1419 4936 1535 4990 ἀλλ’
1583 4938 1665 4989 ὅτι
1702 4936 1779 5007 μὴ
1811 4934 1990 5006 πολλῷ

416 5030 685 5099 πρότερον
741 5026 1001 5096 ἐμαντῷ’
1059 5028 1153 5079 καὶ
1202 5027 1304 5095 οὐχ
1357 5027 1437 5081 ὅτι
1492 5020 1648 5090 οὗτος
1709 5027 1809 5095 τὴν
1854 5026 1992 5095 ἐμὴν

417 5119 623 5187 ἐσθῆτα
670 5116 844 5180 ἐνέδυ,
898 5116 1015 5169 ἀλλ’
1070 5117 1154 5171 ὅτι
1199 5117 1405 5189 ταύτην
1458 5116 1757 5187 ὲπενδύθην
1809 5117 1987 5179 αὑτός.

419 5212 613 5283 Ὅμως
638 5211 761 5263 ἐπεὶ
792 5208 1056 5279 διἀύτῆς
1101 5211 1400 5282 ἀμφότεροι
1452 5213 1723 5282 σωτήριον
1776 5210 1992 5279 emota;

415 5302 620 5373 ἑν.υμα
650 5301 917 5374 κρίμασιν
948 5296 1029 5366 οἷς
1053 5296 1195 5355 οἶδεν
1242 5305 1270 5355 ὁ
1303 5302 1539 5373 ἀψευδὴς
1594 5301 1729 5365 Θεὸς
1777 5301 1987 5355 ἐνδεδύ-

420 5398 582 5465 paea,
611 5395 721 5449 ἴσθι
751 5395 940 5463 σαφῶς
969 5396 1045 5460 ὡς
1067 5393 1192 5449 οὔτε
1243 5396 1502 5467 Φιλήμων
1549 5396 1612 5449 τὸ
1649 5398 1787 5465 μετᾶ
1820 5397 1992 5450 ταῦτα

417 5488 538 5541 οὔτε
582 5491 690 5560 μὴν
722 5487 1083 5552 ’Δπολλὼνιος
1117 5489 1257 5551 θεοῖς
1289 5487 1547 5559 θύσομεν.
1625 5489 1767 5541 Ἀλλ’
1801 5491 1849 5542 εί
1900 5490 1992 5541 κα)⁸

417 5583 682 5654 πρότερον
714 5601 798 5638 σοι
823 5580 1033 5647 δειλίας
1063 5582 1379 5654 ὑπέσχομεν
1423 5582 1667 5654 γραφὴν,
1704 5583 1800 5635 νῦν
1833 5580 1992 5652 μεγί-

418 5692 550 5746 στην
600 5678 695 5730 καὶ
740 5680 985 5748 φανερὰν
1036 5677 1379 5747 ἐπιδείξομαι
1430 5678 1527 5748 τὴν
1562 5677 1809 5745 ἀνδρίαν.
1848 5675 1991 5743 Πρὸς

421 5766 592 5820 ταῦτα
615 5766 785 5840 θυμοῦ
819 5768 1059 5832 πνεύτας
1103 5769 1392 5841 “primi;
1438 5768 1597 5821 αὐτὴν
1630 5766 1728 5837 μὲν
1778 5764 1989 5837 μείζοτι

2090 1746 2198 1800 que
2218 1746 2315 1786 eas
2344 1730 2536 1786 videns
2583 1729 2861 1799 quispiam
2893 1743 2961 1783 ex
2990 1728 3304 1783 infidelibus
3328 1768 3344 1794 ,
3368 1730 3551 1785 dicat:
3580 1729 3674 1786 Ha:

2014 1802 2065 1863 Β
2095 1832 2229 1877 sunt
2270 1822 2419 1876 tibia:
2452 1821 2819 1876 Philemonis.

2163 1912 2405 1967 XXXIV.
2429 1912 2682 1968 Nondum
2710 1912 2877 1966 llnitae
2905 1919 3064 1966 erant
3095 1926 3308 1981 preces,
3360 1919 3415 1971 ct
3437 1911 3673 1967 descen-

2092 2007 2174 2064 dit
2200 2006 2422 2077 quidem
2463 2005 2673 2061 fulmen
2726 2020 2896 2074 supra
2950 2019 3147 2059 manus
3198 2003 3499 2073 Apollonii,
3542 2014 3597 2059 et
3638 2020 3671 2060 a

2095 2102 2353 2159 manibus
2403 2100 2626 2171 quidem
2659 2099 2932 2155 abstinuit
2956 2097 3380 2163 admirabiliter,
3411 2097 3672 2152 combus-

2096 2197 2169 2252 sit
2194 2206 2379 2251 autem
2414 2194 2601 2260 tibias,
2646 2202 2703 2248 et
2732 2207 2827 2247 cas
2847 2192 3109 2247 continuo
3138 2190 3350 2261 redegit
3397 2190 3453 2244 in
3482 2191 3672 2259 pulve-

2093 2304 2208 2344 rem
2233 2288 2564 2359 et,cinercm
2606 2302 2620 2340 :
2667 2283 2894 2355 perinde
2922 2298 2986 2337 ac
3036 2282 3082 2338 si
3112 2282 3319 2337 fulmen
3347 2282 3664 2337 circumdu-

2091 2390 2245 2437 ceret
2271 2379 2570 2449 quispiam,
2601 2386 2655 2431 et
2683 2392 2714 2430 a
2763 2374 3092 2444 quibusnam
3115 2374 3336 2443 quidem
3364 2374 3667 2434 abstinere.

2091 2485 2340 2541 quamam
2372 2482 2504 2523 vero
2563 2475 2784 2537 tangere
2818 2473 3089 2535 Oporteat.
3143 2463 3483 2521 ostenderet.
3530 2463 3670 2518 [line

2093 2572 2321 2631 utraque
2371 2565 2778 2615 successerunt.
2810 2557 2945 2613 Nam
2981 2566 3038 2612 et
3091 2554 3430 2612 Philemonis
3478 2562 3667 2609 votum

2089 2652 2389 2708 deductum
2445 2658 2530 2706 est
2563 2651 2631 2704 ad
2669 2649 2969 2714 eﬂ'cctum;
3019 2648 3310 2718 Apollonio
3342 2656 3524 2701 autem
3553 2646 3664 2716 jam

2089 2750 2277 2810 aperta
2306 2750 2430 2795 erat
2458 2740 2627 2810 janua
2654 2739 2720 2792 ad
2755 2739 3107 2808 martyrium.
3159 2737 3300 2793 Nam
3334 2736 3522 2789 Theon
3559 2733 3669 2787 fra-

2092 2842 2174 2887 ter
2200 2831 2569 2895 Philemonis,
2604 2841 2860 2900 tanquam
2890 2833 2957 2885 ab
2987 2831 3172 2898 aliquo
3190 2829 3668 2893 missus,cnrrens

2088 2941 2309 2981 omnem
2339 2939 2455 2979 rem
2480 2932 2685 2994 gestam
2721 2922 2996 2993 significat
3022 2920 3267 2991 praesidi,
3301 2917 3664 2989 quemadmo-

2087 3018 2219 3074 dum
2253 3017 2636 3072 Philemonem
2663 3030 2763 3069 sua
2818 3024 2970 3068 veste
2997 3012 3179 3068 induit
3217 3011 3561 3081 Apollonius,
3608 3018 3665 3064 ct

2011 3141 2056 3200 ε
2088 3110 2556 3183 quemadmodum
2592 3107 2862 3171 eﬂ‘ecerit,
2895 3114 2956 3160 ut
2987 3120 3085 3173 [ro
3114 3104 3208 3158 illo
3239 3102 3419 3157 adiret
3448 3103 3515 3156 ad
3546 3117 3665 3155 cer-

2090 3215 2296 3266 tamen,
2332 3210 2391 3259 et
2415 3211 2476 3257 ut
2530 3200 2699 3255 fuerit
2729 3199 2845 3270 ipse
2877 3196 3169 3268 prmeipua,
3188 3209 3351 3249 causa
3378 3193 3527 3249 illius
3551 3192 3668 3248 exi-

2090 3298 2172 3353 tii.
2202 3295 2517 3352 Adducitur
2539 3308 2672 3364 ergo
2702 3307 2828 3345 mox
2863 3304 3084 3360 quoque
3112 3286 3454 3358 Apollonius.
3491 3286 3667 3351 Quem

2089 3396 2248 3443 torvo
2273 3395 2330 3442 et
2377 3385 2589 3440 furioso
2640 3382 2795 3437 vultu
2844 3381 3070 3435 intuens
3118 3377 3388 3432 Arrianus
3451 3392 3465 3430 :
3521 3374 3666 3441 Quid

2088 3479 2196 3535 hoc
2224 3488 2328 3544 est,
2364 3476 2565 3547 inquit,
2588 3490 2621 3529 ο
2647 3473 2892 3530 omnium
2917 3470 3197 3526 hominum
3218 3469 3665 3531 sceleratissime,

2088 3570 2235 3641 quod
2284 3568 2465 3625 fecisti
2489 3576 2545 3623 et
2576 3566 2759 3632 nobis,
2812 3575 2871 3619 et
2900 3563 3135 3629 civitati,
3161 3571 3217 3616 ct
3265 3560 3391 3615 huic
3414 3558 3616 3613 misero
3646 3573 3661 3611 :

2088 3662 2239 3731 quod
2272 3669 2501 3731 propter
2529 3656 2897 3727 arrogantiam
2961 3653 3183 3724 quidem
3229 3651 3365 3706 deos
3414 3662 3470 3705 et
3518 3651 3666 3721 leges

2087 3748 2418 3818 despiciens,
2449 3753 2599 3800 metu
2643 3752 2828 3799 autem
2885 3751 3153 3798 tormenta
3199 3740 3499 3802 declinans.
3538 3754 3665 3795 cum

2088 3853 2155 3893 eo
2193 3836 2418 3893 mutasti
2438 3846 2669 3898 vestem,
2694 3843 2751 3890 et
2776 3833 3103 3903 quibusdam
3129 3832 3412 3887 maleficiis
3428 3847 3524 3886 cor
3545 3832 3665 3900 ejus

2088 3928 2423 4000 pervertisti,
2471 3927 2697 3996 privans
2733 3926 3014 3982 civitatem
3050 3925 3286 3980 maxima
3337 3923 3663 3993 voluptate?

2087 4021 2412 4092 Oportebat,
2461 4021 2511 4075 si
2544 4020 2624 4074 sic
2658 4020 2888 4075 timebas
2940 4018 3229 4089 supplicia,
3267 4015 3336 4071 ad
3371 4030 3458 4071 mc
3510 4029 3663 4070 acce-

2088 4112 2242 4177 dere,
2271 4122 2328 4168 et
2357 4122 2510 4167 tuum
2532 4112 2778 4165 animum
2819 4110 3058 4178 aperire.
3116 4109 3233 4178 Ego
3260 4122 3390 4162 vero
3439 4105 3664 4161 omnino

2089 4204 2143 4260 id
2184 4204 2281 4258 tibi
2316 4203 2651 4259 remisissem
2694 4204 2814 4273 lege
2844 4200 3199 4255 humanitatis
3238 4207 3296 4255 et
3342 4212 3520 4267 neque
3566 4197 3662 4251 tibi

2088 4297 2282 4353 fuisset
2324 4296 2634 4351 exhibitum
2668 4300 2974 4366 negotium,
3022 4306 3203 4361 neque
3236 4300 3295 4345 tu
3319 4289 3664 4345 exhibuisscs

2089 4391 2214 4444 aliis
2247 4409 2261 4444 :
2294 4388 2391 4444 sed
2419 4387 2684 4442 liberatus
2707 4403 2738 4442 a
2766 4395 2917 4441 metu
2946 4394 3002 4439 et
3031 4384 3318 4455 periculis,
3360 4396 3553 4437 secure
3586 4381 3650 4434 vi-

2009 4475 2064 4536 D
2090 4482 2282 4545 xisses,
2310 4491 2368 4535 et
2395 4480 2515 4535 sine
2548 4480 2656 4534 ulla
2685 4477 2958 4534 molestia.

2160 4571 2381 4629 XXXV.
2440 4571 2567 4627 Haec
2634 4586 2759 4626 cum
2809 4570 3037 4625 dixisset
3093 4584 3331 4640 praeses,
3390 4569 3666 4640 excipiens

2090 4665 2419 4736 Apollonius
2446 4682 2462 4722 :
2499 4662 2657 4730 Quod
2692 4677 2791 4717 nos
2816 4662 3039 4732 quidem
3089 4661 3438 4717 contumeliis
3463 4668 3517 4716 et
3549 4674 3660 4714 ma-

2094 4758 2313 4814 ledictis
2340 4758 2466 4828 jure
2500 4754 2807 4821 insecteris,
2862 4769 2932 4809 ne
2962 4754 3079 4823 ipse
3112 4752 3337 4823 quidem
3389 4751 3638 4807 contradi

2092 4852 2292 4915 xerim,
2348 4858 2410 4903 ut
2441 4847 2535 4918 qui
2568 4848 2838 4916 mcipsum
2871 4846 3083 4915 primus
3129 4858 3380 4898 accusem
3418 4858 3433 4896 :
3471 4857 3664 4897 verum

2091 4959 2202 4997 non
2232 4943 2380 5006 ideo,
2412 4940 2558 5010 quod
2592 4949 2868 4995 tantorum
2906 4937 3181 4991 bonorum
3226 4932 3307 4988 illi
3346 4946 3510 4987 causa
3544 4931 3665 4986 fue-

2093 5035 2221 5098 rim,
2244 5032 2342 5088 sed
2368 5032 2516 5103 quod
2546 5047 2655 5085 non
2691 5030 2825 5083 mihi
2858 5028 3033 5082 multo
3060 5026 3215 5096 prius
3250 5042 3266 5078 :
3293 5032 3479 5079 etnon
3516 5024 3662 5092 quod

2094 5124 2211 5192 ipse
2247 5137 2424 5177 meam
2453 5128 2660 5175 vestem
2700 5116 2969 5178 induerit,
3022 5114 3117 5170 sed
3148 5114 3291 5184 quod
3316 5127 3417 5182 ego
3452 5122 3660 5167 vestem

2096 5215 2249 5268 illius
2289 5213 2590 5268 induerim.
2619 5209 2887 5277 Quoniam
2917 5217 3095 5262 tamen
3147 5220 3246 5274 per
3299 5204 3467 5272 ipsam
3499 5205 3663 5259 ambo

2091 5307 2322 5363 salutari
2353 5306 2677 5360 indumento
2705 5300 2883 5356 induti
2916 5314 3130 5362 sumus,
3174 5298 3242 5352 iis
3265 5294 3507 5367 judiciis,
3543 5312 3665 5365 qua:

2092 5418 2257 5458 verus
2290 5401 2447 5455 novit
2476 5401 2645 5460 Deus.
2675 5404 2827 5451 certo
2869 5394 3033 5456 scias,
3067 5406 3246 5460 neque
3282 5389 3511 5458 posthac
3540 5389 3666 5443 Phi-

2091 5492 2388 5552 lemonem,
2454 5500 2631 5555 neque
2685 5482 3033 5553 Apollonium
3083 5479 3191 5535 diis
3235 5478 3664 5535 sacriﬁcaturos.

2093 5581 2248 5647 Quod
2272 5580 2318 5636 si
2350 5578 2506 5649 prius
2541 5575 2855 5629 timiditatis
2884 5589 2913 5627 a
2943 5581 2994 5626 te
3026 5588 3145 5628 sum
3178 5577 3491 5635 accusatus,
3522 5586 3668 5625 nunc

2094 5672 2380 5725 maximam
2411 5679 2467 5724 ct
2490 5677 2739 5735 apertam
2766 5666 3052 5720 ostendam
3084 5661 3484 5717 fortitudinem.
3531 5660 3666 5715 Prn-

2097 5775 2217 5835 pter
2262 5763 2375 5817 hare
2426 5763 2561 5816 iram
2600 5758 2815 5828 spirans
2875 5755 3160 5821 Arrianus,
3222 5756 3399 5825 ipsum
3442 5753 3663 5817 quidem
