4102 6376
369 388 472 450 54-,
1592 347 1874 412 MENSIS
1913 347 1969 405 υς

2074 342 2341 404 EMBER.
3530 330 3634 389 bili

371 507 527 548 inht'l
594 513 640 548 Ill

367 503 527 575 jubet
594 503 896 557 ιιιιηοτιυιιδ
931 503 1204 535 reserva”
1244 503 1606 532 uuuauuua,
1644 503 1663 522 ι
1687 503 1945 520 ..ην-..ψη

362 603 548 647 autem
577 602 606 639 a
648 580 828 636 tribus
857 570 1126 628 militibus
1151 564 1369 620 fortiter
1398 560 1532 616 ca’di
1561 559 1777 614 oculos.
1807 553 1946 609 Cum

363 697 498 736 vero
527 673 759 747 populus
776 684 840 723 ea
861 679 981 736 quae
1001 660 1226 723 ﬁebant,
1253 670 1396 726 azgre
1416 653 1652 717 tulisset,
1669 661 1724 706 et
1743 649 1950 703 clama-

364 783 466 834 ret,
490 737 549 824 ut
577 737 780 820 milites
805 758 874 813 ab
887 770 953 810 eo
980 751 1325 807 abstinerent
1346 747 1364 817 (
1388 745 1616 800 moleste
1635 741 1782 796 enim
1812 737 1953 791 fere-

365 827 497 917 bant
531 859 684 914 illum
709 851 842 922 pati,
871 846 962 916 qui
990 857 1085 898 eos
1117 840 1398 909 voluptate
1455 833 1770 894 aﬁecerat),
1799 827 1954 881 dice-

365 958 458 1010 bat
487 963 730 1022 praeses:
757 944 858 998 Tui
889 940 1082 994 saltem
1106 935 1268 990 modo
1312 929 1599 988 miserere,
1633 921 1949 977 Philemon.

367 1047 462 1099 Sin
488 1011 700 1103 minus,
748 1044 804 1091 at
833 1029 1018 1104 populi
1052 1027 1296 1097 quidem,
1339 1022 1498 1090 cujus
1527 1033 1628 1087 pro
1664 1023 1716 1068 te
1751 1011 1956 1066 acerbe

371 1141 766 1207 discerpuntur
798 1131 1030 1184 viscera.
1065 1125 1142 1178 Te
1174 1120 1320 1176 enim
1341 1109 1954 1186 oportetconsiderare,

369 1231 512 1304 quod
605 1236 656 1282 te
682 1235 788 1280 tam
825 1234 1052 1292 parvum
1085 1226 1140 1272 et
1167 1215 1286 1269 leve
1308 1209 1579 1266 subeunte
1602 1200 1956 1304 supplicium:

371 1288 671 1380 ostendunt
740 1288 944 1372 tan—tam
1003 1308 1174 1365 animi
1233 1298 1710 1375 perturbationem
1762 1309 1776 1347 :
1825 1288 1958 1361 quid

374 1420 489 1482 ﬁet,
524 1415 568 1469 si
607 1409 910 1479 majoribus
966 1402 1127 1459 malis
1171 1395 1465 1454 aﬁiciaris?
1498 1393 1612 1462 Ego
1667 1389 1839 1451 enim,
1899 1391 1961 1437 ut

375 1509 472 1563 tibi
509 1519 728 1576 quoque.
767 1514 942 1555 meam
977 1504 1216 1550 mentem
1272 1486 1539 1558 aperiam,
1585 1497 1696 1537 non
1750 1487 1961 1534 temere

377 1615 597 1672 possum
634 1597 868 1650 credere
898 1591 968 1644 iis
1000 1603 1120 1658 quae
1173 1583 1435 1640 videntur
1469 1597 1484 1633 :
1518 1577 1615 1632 sed
1663 1576 1770 1628 hoc
1820 1570 1962 1626 mihi

378 1670 475 1748 das
506 1687 940 1760 conjiciendum,
993 1677 1140 1751 quod
1188 1675 1375 1747 populi
1412 1673 1605 1727 volens
1638 1670 1691 1722 in
1725 1676 1777 1722 te
1807 1679 1963 1720 amo-

378 1801 493 1840 rem
533 1781 792 1853 experiri,
846 1775 1118 1832 simulasti
1178 1781 1231 1825 te
1275 1783 1396 1822 esse
1453 1762 1856 1835 Christianum,
1909 1766 1966 1812 et

381 1878 492 1931 diis
529 1872 843 1929 sacriﬁcare
893 1863 1180 1922 recusasti.
1237 1861 1292 1913 Si
1329 1873 1459 1929 ergo
1519 1856 1638 1909 hzee
1697 1857 1782 1906 est
1829 1863 1960 1903 vera

381 1982 544 2022 causa
579 1974 684 2019 tua:
713 1957 1052 2020 mutationis,
1090 1963 1144 2009 et
1193 1953 1424 2024 pulchre
1471 1947 1638 2012 nosti,
1693 1955 1959 2016 quantum

381 2057 479 2111 tibi
513 2056 648 2109 bene
677 2052 807 2108 velit
854 2047 1112 2119 populus,
1166 2054 1221 2099 et
1281 2037 1773 2112 quemadmodum,
1835 2048 1961 2089 cum

384 2147 482 2200 tibi
517 2143 748 2198 caeditur
781 2140 969 2204 facies,
999 2136 1100 2206 ipsi
1149 2133 1314 2188 corde
1341 2143 1396 2186 et
1422 2131 1608 2184 animo
1647 2127 1824 2198 magis
1845 2123 1961 2179 alli-

383 2239 626 2301 ciuntur,
660 2233 908 2287 sacriﬁca
955 2237 1010 2283 tu
1043 2241 1285 2296 quoque.
1349 2221 1658 2284 Philemon,
1696 2228 1752 2274 et
1799 2231 1961 2287 quem

385 2343 447 2382 ex
499 2324 737 2379 incussis
769 2321 866 2374 tibi
891 2316 1143 2387 colaphis
1174 2317 1508 2382 acceperunt
1535 2310 1805 2370 dolorem,
1854 2305 1964 2361 leni

388 2431 485 2485 per
544 2413 828 2484 gaudium,
875 2408 1022 2477 quod
1083 2413 1268 2476 postea
1322 2407 1710 2468 consequetur.
1793 2395 1966 2449 Pran-

389 2511 617 2562 deamus
655 2506 711 2558 in
770 2501 976 2570 templo
1031 2496 1340 2567 Serapidis,
1394 2492 1664 2547 etlaztitia
1729 2487 1964 2542 maxima

392 2599 642 2652 fruamur
663 2602 718 2648 et
748 2589 981 2646 deliciis.

460 2686 701 2743 XXXVI.
735 2683 1022 2740 Philemon
1069 2688 1252 2732 autem
1279 2674 1492 2746 juilici:
1531 2671 1662 2726 Mihi
1719 2669 1965 2740 quidem,

391 2783 589 2852 inquit,
619 2793 774 2835 cinna
806 2786 994 2848 parata
1035 2785 1116 2828 εει
1153 2770 1204 2824 in
1229 2769 1420 2833 caelis;
1457 2767 1522 2819 ad
1548 2767 1812 2836 papulum
1837 2779 1968 2818 vero

391 2886 691 2929 conversus
737 2868 916 2933 :Cur,
983 2864 1179 2935 inquit,
1229 2863 1274 2916 si
1319 2877 1422 2932 ego
1446 2860 1644 2924 ea:dar,
1696 2858 1855 2913 vobis
1887 2866 1971 2912 est

393 2962 722 3020 molestum?
762 2960 930 3029 Atqui
966 2956 1187 3028 quando
1234 2970 1383 3010 eram
1427 2950 1754 3014 Cboraules,
1811 2949 1968 3005 multi

398 3072 501 3110 nos
530 3054 797 3108 feriebant
865 3050 1179 3104 adulatores
1218 3064 1230 3099 :
1260 3057 1316 3100 et
1351 3056 1748 3111 nonnunquam
1801 3040 1968 3095 facie-

651 485 896 557 ajoribus
931 490 1204 535 rescrvan
1244 468 1606 532 cruciatibus,
1640 461 1945 522 Philomeni

2074 456 2259 510 ιελεύει
2318 453 2620 525 τιμωρίαις
2680 446 3063 521 ταμιευθῆναι,
3121 443 3252 513 Φιλή
3266 459 3400 511 μονα
3454 443 3509 496 δὲ
3535 444 3638 495 ὑπὸ

2156 548 2180 557 -
2307 546 2321 557 ο
2380 545 2393 557 ι
2843 539 2866 552 ε
2957 537 3051 557 ,ιη
3104 535 3255 557 I1---
3293 534 3610 557 χ..-ιν--η..-

2050 548 2223 615 τριῶν
2270 545 2503 606 εὐτόνως
2556 539 2910 613 στρατιωτῶν
2952 537 3052 599 τὰς
3102 535 3255 605 ὄψεις
3285 534 3638 605 ῥαπίζεσθαι.

2051 639 2159 692 Τοῦ
2220 638 2394 709 δήμου
2444 636 2500 689 δὲ
2531 637 2644 697 τοῖς
2671 632 2980 702 γινομένοις
3035 630 3518 698 περιπαθήσαντος
3545 627 3640 680 καὶ

2053 732 2358 802 ἀπέχεσθαι
2385 729 2553 782 αὐτοῦ
2605 728 2838 799 βοῶντος
2890 725 3020 787 τοὺς
3071 721 3415 794 στρατιώτας
3450 721 3640 789 (λελύ-

2056 845 2227 897 πηντο
2252 827 2361 896 γὰρ
2390 827 2583 878 τούτου
2635 823 2938 892 πάσχοντος
2969 819 3030 886 ἐξ
3059 813 3233 887 οῦττερ
3267 818 3474 888 ἡδονάς
3497 811 3642 887 εἶχον

2054 923 2253 974 ἐκεῖνοι
2280 919 2321 988 ),
2355 920 2382 970 6
2409 919 2657 987 ἡγεμὼν,
2696 915 2813 968 Κᾶν
2838 914 2974 982 ἄρτι,
3015 910 3267 975 σεαυτὸν,
3303 904 3449 970 εἷπε,
3479 909 3637 975 Φιλῆο

2062 1031 2182 1083 μον,
2250 1011 2508 1079 ἐλέησονο
2542 1011 2588 1060 εί
2623 1007 2668 1060 δ’
2720 1001 2836 1068 οῦν,
2885 1004 3022 1056 ἀλλὰ
3080 1002 3172 1054 τὸν
3212 1002 3388 1070 δῆμον
3428 1001 3643 1070 πικρῶς

2060 1105 2202 1176 ὑπὲρ
2226 1103 2318 1157 σοῦ
2354 1105 2424 1155 τὰ
2478 1100 2764 1168 σπλάγχνα
2812 1096 3274 1164 διακοπτόμενον·
3333 1093 3644 1162 λογίζεσθαι

2059 1200 2171 1270 γάρ
2224 1215 2282 1250 σε
2347 1196 2454 1266 χρὴ
2487 1195 2581 1257 ὡς,
2626 1194 2675 1245 εί
2737 1195 2833 1246 καὶ
2867 1191 3078 1262 κούφην
3128 1189 3270 1242 οὕτω
3301 1195 3396 1242 καὶ
3443 1191 3645 1259 μικρὰν

2063 1293 2362 1361 ὑπέχοντος
2417 1286 2715 1355 τιμωρίαν,
2747 1284 3005 1351 τοιαύτην
3051 1282 3453 1335 ἐπιδείκνυνται
3485 1298 3644 1350 περι-

2064 1384 2318 1445 πάθειαν,
2340 1380 2392 1434 τί
2427 1396 2561 1432 ποτε
2591 1378 2656 1432 ἂν
2682 1375 2829 1431 οὗτοι
2852 1375 3098 1439 πάθοιεν,
3128 1375 3370 1445 μείζοσιν
3404 1373 3638 1426 ἐκδοθέν-

2061 1494 2153 1538 τος
2175 1476 2372 1537 κακοῖς
2400 1491 2415 1534 ;
2467 1471 2609 1540 Ἐγὼ
2641 1472 2774 1539 γάρ,
2837 1468 2922 1522 ἵνα
2949 1486 3030 1522 σοι
3067 1469 3162 1521 καὶ¹
3192 1469 3290 1537 τὴν
3321 1467 3459 1536 ἐμὴν
3483 1469 3646 1520 ἑκκα-

2064 1565 2217 1635 λύψω
2237 1564 2486 1633 γνώμην.
2513 1562 2635 1616 οὐδὲ
2668 1560 2952 1614 πιστεύειν
2994 1558 3182 1618 άπλῶς
3215 1559 3322 1626 ἔχω
3355 1559 3472 1620 τοῖς
3505 1557 3647 1626 ὁρω-

2071 1658 2288 1728 μένοις⁸
2326 1656 2441 1710 ἀλλ’
2467 1653 2645 1708 ἐκεῖνό
2679 1671 2768 1724 μοι
2800 1653 2961 1715 δίδως
3007 1652 3261 1705 ὑπονοεῖν
3303 1649 3379 1712 ὡς
3413 1650 3521 1717 ἄρα
3556 1649 3648 1700 τὶν

2068 1751 2200 1820 περὶ
2229 1749 2286 1801 σὲ
2317 1748 2418 1816 τῆς
2449 1747 2656 1809 πόλεως
2682 1744 2960 1815 γυμνάσαι
3005 1743 3171 1796 πόθον
3206 1740 3532 1811 βουλόμενος
3560 1740 3649 1792 τὸν

2065 1839 2395 1907 Χριστιανὸν
2427 1836 2735 1907 ὑπεκρίθης
2793 1836 2889 1889 καὶ
2921 1835 3070 1888 θύειν
3105 1836 3218 1896 τοῖς
3255 1832 3397 1894 Θεοῖς
3433 1831 3649 1900 άπηγσῖ-

2068 1951 2295 2008 ρευκας.
2322 1933 2497 1998 Εἴπερ
2523 1926 2616 1984 οὖν
2643 1929 2782 2000 αῦτη
2819 1945 2902 1981 σοι
2921 1929 3019 1996 τῆς
3048 1925 3354 1997 μεταϐολῆς
3384 1925 3416 1994 ἡ
3444 1923 3648 1992 ἀληθὴς

2066 2027 2242 2089 αἰτία,
2297 2026 2393 2078 καὶ
2455 2023 2702 2094 ἀκριϐῶς
2735 2021 2910 2090 ἔγνως
2939 2021 3062 2073 ὅσον
3113 2017 3204 2071 ἐπὶ
3237 2018 3319 2070 σοὶ
3353 2016 3444 2068 τοῦ
3478 2015 3653 2084 δήμου

2064 2121 2126 2174 τὸ
2154 2118 2402 2189 φίλτρον,
2460 2119 2556 2168 καὶ
2615 2115 2765 2177 ὅπως
2797 2129 2894 2165 σου
2947 2107 3318 2180 ραπιζομένου
3367 2108 3465 2169 τὰς
3492 2107 3652 2175 ὅψεις

2070 2211 2228 2265 αὐτοὶ
2250 2210 2348 2267 τὴν
2393 2207 2621 2279 καρδίαν
2658 2204 2862 2275 μᾶλλον
2901 2201 2996 2256 καὶ
3019 2200 3119 2263 τὰς
3147 2199 3328 2268 ψυχὰς
3356 2198 3654 2267 πάσχουσ,

2069 2303 2232 2357 θῦσον
2261 2302 2355 2354 καὶ
2391 2300 2575 2362 αὐτὸς,
2606 2298 2875 2367 Φιλῆμον,
2906 2296 3000 2350 καὶ
3030 2293 3132 2365 τὴν
3181 2291 3275 2346 ἐπὶ
3318 2294 3434 2354 τοῖς
3490 2291 3657 2360 ῥαπί-

2070 2411 2240 2464 σμασι
2265 2393 2442 2462 λύπην
2471 2388 2655 2444 αὐτῶν
2685 2389 2771 2441 διὰ
2804 2388 2904 2456 τῆς
2965 2386 3108 2457 μετὰ
3150 2384 3323 2436 ταῦτα
3355 2383 3525 2452 χαρᾶς
3555 2397 3656 2432 πα·

2069 2483 2411 2557 ραμύθησαι.
2451 2479 2997 2553 Ἀριστοποιηθῶμεν
3023 2481 3080 2530 ὲν
3112 2476 3188 2544 τῷ
3221 2474 3534 2545 Σεραπείῳ,
3558 2473 3654 2524 καὶ

2072 2577 2340 2648 μεγίστης
2369 2575 2487 2644 ἅμα
2515 2571 2610 2626 καὶ
2639 2572 2847 2642 τρυφῆς
2883 2569 2977 2622 καὶ
3003 2569 3201 2640 ἡδονῆς
3223 2565 3648 2632 ἀπολαύσωμεν.

2141 2665 2283 2735 [ις’.
2322 2666 2432 2720 Καὶ
2469 2667 2495 2718 ὀ
2544 2662 2805 2732 Φιλήμων
2855 2662 2998 2732 πρὸς
3061 2659 3162 2728 μὲν
3217 2657 3308 2711 τὸν
3362 2655 3658 2722 δικαστὴν,

2081 2759 2240 2830 Ἐμοὶ
2262 2758 2324 2812 τὸ
2353 2757 2593 2820 δεῖπνον,
2639 2749 2814 2816 εἷπεν,
2863 2753 2923 2805 ὲν
2949 2751 3204 2820 οὐρανοῖς
3228 2745 3616 2819 εὐτρεπίζεται
3643 2760 3656 2775 ·

2074 2853 2210 2922 πρὸς
2243 2851 2300 2904 δὲ
2333 2851 2423 2903 τ’νν
2452 2849 2628 2919 δῆμον
2663 2844 3028 2916 ἐπιστραφεὶς
3054 2883 3072 2908 ,
3125 2842 3286 2914 Ὑμῖν
3323 2840 3378 2894 δὲ
3409 2841 3532 2893 ὅτου
3560 2839 3663 2908 χά-

2079 2963 2163 3016 ριν
2197 2943 2329 3013 ἐμοῦ
2368 2941 2744 3014 ραπιζομένου
2778 2939 2948 3008 λύπη,
2986 2938 3145 3006 φησι,
3208 2935 3388 2989 καίτοι
3423 2934 3660 3004 ὁπηνίκα

2085 3036 2378 3106 Χοραύλης
2403 3030 2492 3107 ἦν,
2525 3033 2714 3087 ἔπαιον
2743 3033 2823 3095 εἰς
2853 3033 3001 3101 ἡμᾶς
3037 3028 3224 3082 πολλοὶ
3259 3027 3367 3080 τῶν
3385 3027 3658 3079 κολάκωνο

398 3151 530 3204 bant
559 3151 722 3202 etiam
751 3144 935 3212 pejora
962 3151 1016 3196 et
1049 3141 1335 3212 graviora;
1391 3151 1488 3191 vos
1518 3144 1702 3190 autem
1729 3134 1969 3188 suaviter

2078 3130 2196 3182 ἔστι
2232 3129 2276 3181 δ’
2306 3129 2395 3181 ὅτε
2441 3127 2540 3181 καὶ⁴
2578 3126 2748 3195 χείρω
2797 3125 2893 3178 καὶ
2925 3123 3206 3194 βαρύτερα
3233 3119 3622 3188 διεπράττοντο
3658 3134 3661 3136 ·

393 3253 449 3294 ct
481 3240 702 3308 profuse
729 3235 997 3289 ridebatis
1028 3272 1044 3299 ,
1076 3245 1307 3298 eamque
1330 3243 1445 3282 rem
1479 3242 1576 3281 vos
1627 3241 1820 3281 revera
1853 3240 1976 3280 esse

395 3340 608 3385 vestras
633 3325 907 3397 putabatis
953 3322 1200 3378 delicias.
1235 3320 1341 3375 Sed
1374 3333 1522 3372 nunc
1544 3326 1973 3373 consentaneum

396 3433 503 3485 cst,
533 3433 776 3474 vestrum
833 3417 1077 3471 dolorem
1137 3428 1259 3468 esse
1316 3411 1560 3466 laetitiam
1619 3421 1674 3464 et
1715 3409 1974 3480 gaudium

397 3514 719 3585 angelorum
752 3527 764 3563 :
797 3523 1030 3578 quorum
1053 3505 1240 3560 laetitia
1281 3514 1366 3558 est
1391 3502 1526 3556 mihi
1557 3517 1764 3572 magnae
1803 3515 1974 3566 curae,

401 3617 455 3661 et
486 3619 625 3674 quos
645 3617 746 3673 ego
777 3602 902 3655 volo
934 3614 1031 3668 per
1061 3613 1148 3651 me
1176 3597 1468 3662 delectare,
1503 3610 1626 3650 cum
1678 3595 1781 3648 sim
1812 3592 1975 3647 Chri-

400 3699 631 3758 stianus,
681 3701 738 3749 et
788 3693 959 3747 colam
1018 3692 1302 3760 pietatem.
1362 3688 1488 3743 Haec
1546 3703 1670 3743 cum
1733 3685 1977 3740 audisset

399 3801 620 3856 passes,
653 3795 709 3839 et
742 3784 811 3839 de
844 3783 1168 3838 Philemone
1220 3794 1438 3836 omnem
1470 3793 1622 3849 spem
1660 3777 1974 3850 abjecisset,

401 3889 535 3934 tunc
591 3878 645 3932 in
675 3892 800 3932 eum
837 3874 1091 3947 graviora
1145 3870 1463 3944 aggreditur
1515 3869 1785 3940 supplicia
1842 3887 1856 3924 :
1921 3880 1978 3924 et

401 3969 708 4026 Philemoni
732 3978 788 4023 et
817 3966 1110 4037 Apollonio
1128 3964 1288 4036 jubet
1307 3961 1524 4034 perfodi
1551 3963 1710 4020 talos.
1739 3969 1796 4017 et
1818 3961 1978 4015 funes

404 4063 487 4116 eis
515 4059 751 4132 alligari,
777 4069 832 4114 et
887 4059 967 4113 sic
996 4073 1096 4129 per
1126 4064 1297 4112 totam
1338 4054 1616 4109 civitatem
1654 4052 1782 4107 duci
1825 4067 1978 4105 mare

405 4164 572 4224 tyres.
603 4152 740 4207 Cum
778 4152 886 4206 cito
911 4159 1098 4217 autem
1134 4147 1336 4203 factum
1361 4145 1578 4209 fuisset,
1629 4143 1777 4214 q’uod
1800 4144 1978 4214 jusse-

405 4257 508 4310 rat,
533 4261 631 4300 eos
662 4259 856 4300 rursus
877 4243 1036 4314 jubet
1057 4241 1125 4295 ad
1160 4256 1218 4296 se
1252 4239 1476 4294 adduci.
1509 4236 1610 4302 Qui
1639 4250 1766 4290 cum
1793 4242 1979 4289 essent

403 4339 651 4402 adducti,
679 4337 910 4407 propius
943 4333 1212 4390 accedens
1237 4331 1305 4386 ad
1335 4329 1710 4384 Philemonem
1745 4345 1758 4380 :
1793 4323 1975 4391 Vides,

409 4430 610 4497 inquit,
663 4443 696 4481 ι)
726 4426 1038 4490 Philemon,
1065 4437 1233 4493 quam
1263 4421 1376 4474 sint
1405 4418 1588 4487 gravia
1619 4418 1687 4484 {et
1722 4415 1975 4481 molesta,

2080 3224 2226 3294 ὑμᾶς
2257 3222 2314 3274 δὲ
2347 3220 2527 3274 πλατὺ
2554 3220 2759 3289 μᾶλλον
2792 3218 2890 3272 καὶ
2930 3217 3149 3286 ἥδιστον
3200 3212 3446 3280 ἐγελᾶτε,
3479 3208 3658 3264 καὶτὸ

2079 3318 2314 3387 πρᾶγμα
2336 3312 2552 3384 τρυφὴν
2595 3311 2810 3374 οίκείαν
2860 3308 3104 3379 ἀτεχνῶς
3149 3307 3453 3375 ἐνομίζετε.
3496 3302 3663 3355 Ἀλλὰ

2078 3409 2173 3463 νῦν
2201 3409 2345 3461 ἔοικε
2381 3405 2480 3477 τὴν
2514 3403 2791 3475 ὑμετέραν
2815 3401 2997 3471 λύπην
3025 3399 3201 3470 χαρὰν
3234 3398 3487 3464 ἀγγέλων
3517 3390 3662 3447 εἶναι

2077 3503 2171 3555 καὶ
2195 3500 2410 3572 ἡδονὴν,
2457 3491 2532 3552 ὧν
2561 3497 2685 3567 ἐμοὶ
2736 3495 2949 3564 σφόδρα
2993 3492 3147 3563 μέλει
3187 3491 3286 3559 τῆς
3319 3487 3662 3557 εὐφροσύνης

2078 3593 2176 3647 καὶ
2205 3591 2299 3657 οὒς
2327 3589 2437 3660 ἐγὼ
2460 3591 2689 3660 τέρπειν
2711 3587 2781 3641 δι’
2813 3583 3051 3656 ἐμαυτοῦ
3093 3582 3375 3652 βούλομαι,
3402 3580 3664 3650 Χριστια-

2079 3687 2167 3748 νὸς
2209 3682 2298 3739 ,ὣν
2343 3683 2439 3735 κα)⁵
2490 3680 2779 3740 εὐσεϐείας
2833 3675 3325 3748 μεταποιούμενος.
3393 3671 3664 3724 Τούτωνὸ

2079 3776 2304 3848 ἡγεμὼν
2334 3775 2572 3836 ἀκούσας
2607 3773 2703 3825 καὶ
2726 3771 2913 3824 τέλεον
2944 3768 3221 3836 ἀπογνοὺς
3250 3767 3342 3819 τὸν
3362 3766 3662 3836 Φιλήμονα,

2079 3870 2202 3924 τότε
2230 3868 2296 3938 δὴ
2325 3868 2419 3920 καὶ
2455 3865 2774 3938 βαρυτέρων
2823 3861 2943 3916 κατ’
2974 3862 3145 3916 αὐτοῦ
3196 3859 3471 3914 κολάσεων
3495 3859 3665 3910 ἆπτε-

2080 3981 2198 4029 ται,
2224 3963 2320 4016 καὶ
2350 3959 2568 4014 κελεύει
2592 3956 2951 4028 διατρηθῆναι
2969 3954 3232 4024 Φιλήμονι
3264 3954 3360 4006 καὶ
3388 3949 3663 4004 Ἀπολλω-

2081 4055 2178 4124 νίῳ
2216 4055 2342 4118 τοὺς
2377 4053 2487 4106 τῶν
2512 4049 2687 4104 ποδῶν
2711 4048 3095 4120 ἀστραγάλους
3127 4045 3372 4119 σχοίνους
3400 4059 3460 4096 τε
3482 4041 3666 4095 αὐτῶν

2083 4144 2392 4213 ὲκδεθῆναι,
2451 4142 2546 4194 καὶ
2597 4137 2740 4192 οὕτω
2795 4140 2885 4192 διὰ
2914 4139 3096 4208 πάσης
3151 4137 3252 4207 τῆς
3300 4136 3506 4197 πόλεως
3541 4132 3666 4192 τοὺς

2086 4238 2371 4308 μάρτυρας
2397 4233 2670 4287 ἕλκεσθαι.
2704 4233 2912 4287 Θᾶττον
2957 4231 3014 4285 δὲ
3038 4228 3387 4290 τελεσθέντος
3428 4227 3523 4280 τοῦ
3547 4228 3668 4279 tm-

2082 4333 2366 4402 τάγματος
2396 4329 2695 4400 παρίστησι
2713 4326 2806 4380 καὶ
2827 4325 2990 4379 πάλιν
3012 4325 3232 4388 αὐτοὺς,
3252 4323 3346 4376 καὶ
3379 4319 3665 4393 προσσχὼν

2084 4422 2163 4493 τῷ
2208 4421 2509 4491 Φιλήμονι,
2562 4419 2751 4489 Ὁρᾷς,
2807 4410 2854 4473 ὦ
2903 4415 3164 4486 Φιλῆμον,
3225 4408 3399 4477 εἶπεν,
3452 4413 3598 4470 ὅπως
3630 4411 3664 4480 ή

403 4536 526 4588 quae
556 4519 889 4580 inferuntur,
935 4512 1243 4585 supplicia?
1305 4511 1411 4566 Ubi
1458 4518 1543 4564 est
1587 4521 1770 4563 autent
1821 4505 1969 4560 vobis

2086 4513 2195 4568 τῶν
2219 4513 2472 4584 βασάνων
2499 4508 2766 4580 ἐπαγωγὴ
2799 4508 3010 4580 χαλεπὴ
3037 4507 3159 4560 λίαν
3181 4505 3273 4560 καὶ
3295 4503 3661 4576 περιώδυνοςς

409 4611 646 4664 invictus
674 4610 762 4663 ille
791 4609 958 4674 Dcus,
1018 4614 1074 4662 et
1106 4621 1207 4660 cur
1257 4620 1374 4664 non
1401 4619 1500 4658 vos
1545 4618 1574 4657 a
1619 4600 1879 4672 praesenti
1911 4599 1981 4653 li-

408 4702 623 4756 beravit
675 4699 1024 4753 calamitate?
1071 4695 1154 4752 Ad
1200 4696 1318 4751 haec
1348 4695 1679 4750 Philemon:
1718 4691 1979 4747 Nondum

413 4797 582 4861 nosti,
615 4795 820 4865 inquit,
870 4794 1124 4858 Arriane,
1156 4791 1619 4864 quemadmodum
1649 4802 1763 4842 non
1797 4786 1983 4842 verbis

410 4892 609 4953 solum,
648 4887 741 4943 sed
763 4887 926 4941 etiam
967 4886 1130 4941 factis
1173 4884 1520 4941 ostendimus
1576 4878 1980 4943 fortitudinem,

405 4997 456 5038 et
505 4989 776 5036 tormenta
796 4979 1030 5034 vicimus
1061 4974 1442 5047 experientia?
1487 4970 1671 5027 Nostri
1711 4985 1846 5027 vero
1885 4969 1982 5024 Dei

407 5074 627 5127 virtutis
649 5071 818 5125 multa
852 5068 1075 5139 quidem
1105 5063 1270 5122 etiam
1325 5065 1432 5119 alia
1477 5061 1666 5117 vidisti
1719 5063 1773 5116 in
1821 5060 1982 5116 nobis

411 5166 566 5232 signa
597 5179 613 5216 ι
648 5177 844 5230 aquam
895 5158 962 5212 de
986 5158 1148 5218 coelo,
1184 5157 1364 5226 ignem
1405 5153 1473 5208 de
1501 5152 1661 5218 caelo,
1696 5168 1767 5208 ne
1800 5151 1980 5206 dicam

408 5272 470 5308 ra
509 5270 630 5323 quae
662 5253 842 5307 vidisti
873 5266 971 5321 per
1000 5250 1220 5303 Asclam
1273 5257 1329 5302 et
1372 5244 1697 5300 Leonidam.
1755 5243 1910 5310 Quod
1935 5244 1981 5299 si

410 5367 423 5396 ‹
449 5346 576 5398 tiam
611 5345 763 5413 plura
792 5342 1013 5412 quaeris,
1039 5355 1140 5408 ego
1165 5338 1260 5392 tibi
1287 5352 1507 5408 quoque
1531 5335 1939 5390 alia'ostendam
1963 5353 1978 5401 ;

409 5442 760 5508 primumque
814 5437 908 5490 tibi
957 5435 1111 5506 quasi
1178 5435 1230 5487 in
1272 5432 1509 5501 imagine
1543 5443 1812 5498 exponam
1844 5442 1984 5496 quo-

410 5531 573 5584 modo
603 5529 670 5583 ab
695 5529 789 5582 illo
821 5529 1115 5582 salvantur.
1151 5523 1277 5578 Haec
1311 5539 1437 5577 cum
1469 5520 1717 5585 dixisset,
1746 5519 1884 5588 petit
1923 5528 1983 5574 ut

408 5623 511 5677 sibi
549 5627 902 5676 construatur
943 5617 1169 5688 quidam
1237 5629 1413 5670 ocnus
1448 5627 1634 5668 amens
1662 5651 1676 5675 ,
1709 5611 1983 5680 signiﬁcat

411 5727 541 5765 vero
595 5711 739 5780 apud
773 5725 890 5773 eos,
919 5710 1032 5778 .qui
1075 5711 1128 5762 in
1197 5723 1260 5763 ea
1317 5705 1537 5766 regione
1571 5702 1840 5762 habitant
1871 5701 1978 5757 hoc

411 5799 758 5866 vocabulum,
819 5798 1058 5868 speciem
1095 5797 1386 5867 quamdam
1412 5807 1609 5848 currus
1636 5793 1944 5846 muliebris.

2087 4605 2196 4660 Ποῦ
2225 4606 2283 4660 δὲ
2313 4605 2404 4658 καὶ
2429 4603 2643 4676 ἄμαχος
2669 4602 2797 4672 ὑμῖν
2823 4603 3027 4664 ἐκεῖνος
3061 4600 3218 4663 Θεὸς,
3250 4598 3344 4652 καὶ
3367 4597 3458 4650 διὰ
3481 4596 3536 4649 τί
3563 4595 3664 4663 τῆς

2084 4698 2369 4770 παρούσης
2422 4697 2568 4767 ὑμᾶς
2595 4695 2843 4764 ἀνάγκης
2878 4693 2979 4748 οὐκ
3025 4691 3301 4758 ἐξείλετο;
3332 4690 3471 4759 Πρὸς
3490 4687 3663 4740 ταῦτα

2083 4791 2420 4863 ὁΦιλήμων,
2477 4788 2590 4844 Καὶ
2643 4786 2832 4851 οὔπω,
2878 4785 3063 4855 φησὶν,
3117 4783 3314 4851 ἔγνως,
3384 4781 3660 4853 Ἀρῤιανὲ,

2083 4884 2232 4944 ὅπως
2259 4880 2318 4934 ού
2349 4879 2532 4948 λόγοις
2560 4879 2745 4949 μόνον,
2770 4875 2909 4931 ἀλλά
2943 4876 3038 4929 καὶ
3084 4874 3269 4948 ἔργοις
3314 4875 3415 4940 τὴν
3461 4889 3663 4942 καρτε-

2086 4972 2210 5047 ρίαν
2239 4969 2662 5042 ὲπιδεδείγμεθα
2693 4969 2790 5024 καὶ
2820 4967 2992 5040 πείρᾳ
3015 4967 3111 5030 τὰς
3134 4967 3403 5037 βασάνου;
3433 4961 3664 5034 ὴλέγξα-

2087 5083 2219 5138 nev;
2244 5065 2356 5135 Τῆς
2384 5065 2440 5117 δὲ
2461 5061 2556 5117 τοῦ
2579 5065 2855 5133 ἡμετέρου
2888 5061 3023 5113 Θεοῦ
3051 5059 3336 5128 δυνάμεως
3364 5058 3533 5112 πολλὰ
3564 5058 3664 5129 μὲν

2084 5155 2224 5221 εἶδες
2262 5155 2348 5227 ἐφ’
2385 5158 2517 5227 ήμῖν
2551 5156 2756 5226 σημεῖα
2795 5152 2888 5208 καὶ
2914 5152 3072 5217 ἄλλα,
3129 5151 3272 5220 ὕδωρ
3305 5151 3363 5216 ἐξ
3407 5151 3663 5222 ούρανοῦ,

2086 5249 2198 5320 πῦρ
2224 5247 2285 5314 ἐξ
2319 5245 2575 5318 ούρανοῦ,
2628 5246 2716 5298 ἴνα
2771 5247 2847 5316 μὴ
2883 5245 2974 5296 καὶ
3003 5246 3103 5297 ὅσα
3136 5242 3204 5297 δι’
3269 5244 3474 5296 ’Δσκλᾶ
3520 5243 3662 5309 λέγω

2084 5341 2178 5394 καὶ
2214 5339 2481 5394 Λεωνίδου
2513 5337 2808 5392 τεθέασαιο
2841 5337 2890 5389 εί
2920 5337 2975 5390 δὲ
3002 5338 3096 5389 καὶ
3132 5335 3307 5389 πλείω
3331 5335 3662 5406 ζητεῖς,ὲγώ

2087 5449 2168 5484 σοι
2211 5433 2307 5485 καὶ
2341 5430 2504 5500 ἕτερα
2540 5430 2816 5496 ἐπιδείξω,
2864 5427 3132 5499 πρότερον
3179 5427 3235 5481 δὲ
3262 5430 3358 5481 καὶ
3383 5430 3533 5490 ὅπως
3557 5445 3664 5494 φυ-

2085 5522 2352 5592 λάττομαι
2382 5521 2512 5590 παρ’
2546 5520 2736 5586 αὐτοῦ,
2794 5521 3050 5594 καθάπερ
3074 5523 3132 5573 ὲν
3163 5521 3316 5590 τύπῳ
3348 5521 3456 5574 τινὶ
3482 5535 3664 5588 παρα-

2090 5615 2275 5683 στήσω
2299 5629 2402 5666 σοι.
2436 5613 2626 5666 Ταῦτα
2657 5612 2828 5666 είπὼν
2863 5612 3021 5667 ὄκνον
3055 5612 3206 5682 αὐτῷ
3228 5614 3461 5666 αἰτεῖται
3489 5629 3661 5665 κατα-

2085 5703 2452 5773 σκευασθῆναι
2483 5701 2737 5772 χαλκοῦν.
2773 5703 3034 5756 Βούλεται
3056 5703 3111 5756 δὲ
3141 5703 3301 5756 τοῦτο
3320 5707 3432 5768 τοῖς
3456 5705 3662 5774 ἐπιχω-

2087 5795 2221 5866 ρίοις
2245 5794 2438 5864 δίφρου
2472 5793 2617 5856 τινὸς
2656 5794 2973 5862 γυναικείου
3003 5790 3146 5859 εἶδος
3181 5789 3340 5849 εἶναι.

4080 1957 4088 2240 ἔ
