4122 6380
387 303 489 368 559

1270 313 1740 377 MAR'I‘YRIUM
1784 318 1844 379 S.
1891 320 2180 382 THYRSI
2230 325 2321 385 ΕΓ
2363 327 2792 396 SOCIORUM.

3577 348 3681 413 550

452 407 578 468 AZ'.
624 412 1042 482 Ἑπινεύσαντος
1070 419 1255 472 τοίνυν
1306 421 1398 476 τοῦ
1441 425 1734 496 ἡγεμόνος,
1767 433 1862 485 καὶ
1889 449 1945 484 το

2050 467 2059 494 ι
2171 434 2436 492 XXXVII.
2499 441 2636 495 Cum
2674 461 2878 513 pra‘ses
2902 458 3084 503 autem
3117 451 3426 519 annuisset,
3463 467 3518 513 et
3553 474 3679 514 cur-

383 505 600 574 δὶφρου,
619 507 694 569 ὡς
726 507 934 572 ἐκεῖνος
966 509 1159 581 ᾔτησε,
1188 518 1758 589 κατασκευασθέντος,
1787 525 1981 578 παιδά-

384 613 496 666 ριον
532 599 767 666 ἀχθῆναι
803 603 1158 671 προστάττει,
1209 608 1552 682 ἐμϐληθῆναι
1600 633 1658 667 τε
1703 620 1782 678 είς
1813 621 1976 672 αὑτὸν

379 690 474 740 καὶ
505 691 771 758 ἀσφαλῶς
801 695 1198 767 ὲγκλεισθῆναι
1223 715 1238 728 ⁶
1298 703 1689 774 ἀθροισθέντας
1741 710 1798 763 δὲ
1837 713 1976 766 πάν-

379 797 478 842 τας
512 782 639 844 τοὺς
665 783 770 835 ἀνα
805 784 905 856 τὴν
938 786 1096 842 πόλιν
1147 793 1390 859 τοξεύειν
1444 799 1844 872 ἐπισταμένους
1898 807 1974 870 ὡς

379 874 522 926 κατά
586 877 792 930 σκοποῦ
851 878 1069 948 βάλλειν
1131 887 1224 938 τοῦ
1276 889 1492 960 δίφρου,
1547 895 1641 947 καὶ
1696 896 1840 952 οὕτω
1895 904 1971 973 μὴ

378 965 594 1032 ὑφεῖναι
639 969 983 1036 τοξεύοντας,
1022 977 1125 1040 ἕως
1172 979 1200 1030 ό
1233 980 1423 1051 δίφρος
1457 985 1604 1050 ἄπας
1666 991 1972 1063 κσλυφθεέη

375 1060 487 1120 τοῖς
525 1058 766 1128 βέλεσιν.
799 1064 1029 1118 Ἐκεῖιοι
1067 1069 1168 1138 μὲν
1206 1069 1303 1126 οὗν
1356 1075 1740 1146 ἀθροισθέντες
1790 1085 1967 1149 οὕτως

374 1152 616 1216 ἐποίουν,
647 1155 675 1206 ὁ
701 1156 755 1209 δὲ
781 1157 988 1228 χαλκὸς
1012 1165 1030 1231 (
1052 1158 1122 1233 ἦν
1150 1165 1262 1237 γὰρ
1287 1161 1403 1233 οἷος
1436 1173 1573 1242 πρὸς
1605 1173 1776 1243 βελῶν
1801 1179 1962 1231 ἀντέο

375 1259 492 1310 χειν
563 1245 831 1318 ὀξύτητας
886 1248 993 1314 ἔξω
1040 1255 1140 1316 τὰς
1202 1257 1417 1326 πληγὰς
1461 1261 1787 1336 δεχόμενος)
1817 1269 1963 1324 ἔνδον

375 1335 593 1406 ἀκλαὸῆ
626 1341 718 1392 τὸν
749 1345 915 1396 παῖδα
945 1343 1225 1412 διέσωζεν.
1300 1352 1452 1406 Ἐπεὶ
1485 1354 1542 1408 δὲ
1591 1359 1745 1413 αὐτοί
1784 1381 1840 1415 τε
1877 1383 1965 1418 το-

374 1427 626 1494 ξεύοντες
677 1436 886 1505 ἔκαμον
915 1439 1010 1491 καὶ
1063 1442 1132 1494 τὰ
1160 1442 1292 1512 βέλη
1321 1449 1534 1513 τούτοις
1563 1452 1802 1519 ἔλειπον,
1821 1459 1963 1512 ἀπα-

374 1522 461 1584 θὲς
489 1525 817 1581 ἐκϐάλλεται
865 1532 923 1582 τὸ
957 1533 1171 1586 παιδίον
1196 1552 1208 1565 ·
1241 1538 1332 1590 καὶ
1359 1541 1409 1592 oi
1443 1547 1576 1612 περὶ
1602 1545 1694 1598 τὸν
1717 1550 1961 1620 ἡγεμόνα

375 1612 476 1679 μὲν
502 1615 835 1686 ἀποροῦντες
856 1620 1186 1692 εἱστήκεσαν
1206 1628 1326 1681 ὅτου
1351 1631 1514 1700 χάριν
1535 1637 1956 1700 γένοιτοταῦτα.

383 1705 438 1756 ὐ
467 1707 680 1803 μέξρτυς
717 1712 902 1775 μέντοι
930 1714 1068 1784 πρὸς
1103 1719 1194 1770 τὸν
1250 1721 1538 1794 Ἀρῤιανὸν
1561 1767 1574 1791 ,
1609 1729 1801 1796 Τοῦτο,
1853 1751 1960 1803 φη-

373 1799 487 1897 σὶν,Δ
514 1795 558 1852 ῶ
609 1803 858 1897 ἡγεμὼν,
917 1810 1155 1881 ἐναργὴς
1195 1812 1338 1869 ἔστω
1363 1819 1460 1887 τῆς
1510 1821 1653 1892 ἐμῆς
1682 1795 1955 1897 σωτηρίας

368 1892 555 1945 εἰκών.
595 1896 808 1967 Ὠσπερ
840 1900 949 1969 γὰρ
972 1903 998 1953 ὁ
1020 1908 1151 1966 παῖς
1168 1899 1347 1972 οὗτος,
1395 1915 1576 1966 καίτοι
1613 1917 1750 1986 πρὸς
1785 1892 1956 1990 μιλδὲν

367 1983 546 2052 ἑαυτῷ
600 1988 899 2059 δυνάμενος
959 2007 1263 2066 συντελεῖν,
1316 2004 1467 2073 ὅμως
1515 2009 1754 2077 χαλεπὸν
1802 2014 1957 2067 οὐδὲν

369 2073 471 2124 ὑπὸ
502 2077 771 2130 τοσούτων
795 2083 1009 2154 ἀνδρῶν
1053 2091 1147 2141 καὶ
1181 2091 1354 2160 βελῶν
1393 2073 1665 2150 πέπονθεν
1710 2102 1951 2170 ἀσφαλέ-

367 2183 536 2219 στατα
565 2170 639 2238 τῷ
672 2172 857 2244 χαλκῷ
887 2178 1389 2253 διατετειχισμένος
1413 2203 1427 2215 ·
1449 2188 1538 2243 τὸν
1563 2191 1724 2245 αὑτὸν
1751 2197 1954 2264 τρόπον

365 2259 544 2328 κάγὼ,
607 2264 708 2316 κᾶν
741 2267 932 2337 μυρίαι
970 2288 1060 2339 μοι
1119 2275 1372 2342 κολάσεις
1425 2282 1794 2354 ὲπενεχθεῖεν,
1831 2291 1954 2344 οὐδὲ

370 2355 500 2420 μιᾶς
530 2355 734 2410 τούτων
768 2365 1252 2437 ἐπιστραφήσομαι
1278 2387 1292 2402 ο
1329 2371 1596 2442 ἀμϐλύνει
1631 2379 1742 2448 γὰρ
1781 2381 1953 2446 αὐτας

367 2448 400 2516 ἡ
429 2448 520 2499 τοῦ
571 2451 706 2519 ἐμοῦ
743 2454 983 2525 Χριστοῦ
1015 2459 1244 2531 δύναμις
1295 2463 1643 2539 ἀδαμαντίνῳ
1673 2486 1740 2539 με
1777 2472 1951 2542 τείχει

366 2540 552 2612 κύκλῳ
580 2546 1048 2616 περιτειχίζουσα.
1101 2553 1290 2623 Θυμοῦ
1340 2559 1477 2628 πρὸς
1505 2561 1679 2616 ταῦτα
1705 2540 1964 2636 ninguis

361 2650 455 2686 ται
498 2636 783 2709 amputa;
810 2643 905 2695 καὶ
934 2643 1028 2697 τοῦ
1059 2647 1339 2719 μάρτυρος
1365 2651 1585 2721 ἐλέγξαι
1611 2655 1735 2719 τοὺς
1759 2659 1951 2726 λόγους

363 2725 696 2797 βουλόμενος
731 2736 812 2797 είς
851 2735 989 2807 ἔργα
1036 2740 1239 2807 μᾶλλον
1273 2743 1478 2808 αὐτοὺς
1509 2747 1739 2813 ἐκϐῆναι
1779 2756 1945 2807 πειεῖ.

361 2822 538 2876 Φυτοῦ
591 2825 699 2894 γάρ
730 2845 876 2892 τινος
926 2831 1018 2883 τὸν
1052 2831 1264 2888 δίκαιον
1290 2836 1610 2908 ἀναρτήσας
1662 2842 1799 2913 ὅπερ
1831 2845 1949 2913 ἐχό-

366 2933 507 2982 μενα
535 2918 637 2986 μὲν
659 2921 754 2972 τοῦ
792 2921 1039 2991 βήματος
1068 2920 1137 2995 ἦν
1181 2928 1434 2998 ἑστηκὸς,
1479 2932 1574 2984 τοῦ
1605 2935 1860 3002 Περσέως
1889 2939 1945 2991 δὲ

360 3008 507 3062 οὕτω
558 3012 923 3084 καλουμένου,
985 3017 1211 3082 τοξότας
1269 3021 1432 3075 αὑτὸν
1491 3024 1755 3078 πάντοθεν
1787 3047 1941 3100 napt-

361 3101 563 3171 ίστησι.
627 3105 738 3158 Καὶ
769 3107 820 3158 oi
859 3107 958 3177 μὲν
985 3108 1210 3163 ἕὸαλλον
1259 3112 1525 3184 ἰσχυρῶς·
1560 3115 1677 3182 τόδὲ
1707 3123 1772 3188 τῇ
1809 3122 1946 3188 πρὸς

357 3189 450 3243 τὸν
473 3194 674 3246 οἰκεῖον
719 3197 1004 3266 Δεσπότην
1034 3201 1166 3270 εύχῇ
1201 3200 1380 3257 πάντα
1425 3204 1628 3275 ὁμοίως
1679 3209 1942 3264 ἀπεσόῆει

354 3284 426 3336 τὰ
463 3284 613 3354 βέλη.
655 3285 763 3338 Καὶ
793 3289 903 3357 γὰρ
932 3289 1002 3340 τά
1034 3289 1133 3359 μὲν
1172 3294 1252 3352 εἰς
1279 3292 1382 3362 γῆν
1410 3293 1634 3359 ἔπιπτε,
1659 3297 1726 3349 τὰ
1760 3297 1817 3350 δὲ
1846 3301 1940 3352 καὶ

354 3377 437 3445 τῷ
459 3377 665 3448 δένδρῳ
690 3383 1108 3452 περιεπήγνυτο
1129 3400 1142 3412 ·
1207 3384 1372 3456 ἕτερα
1399 3385 1455 3440 δὲ
1481 3388 1570 3442 τοῦ
1599 3389 1760 3462 ἀέρος
1809 3395 1942 3445 θαυ-

356 3468 584 3536 μαστῶς
606 3469 969 3540 ἐξεκρέματο.

422 3560 553 3613 AH'.
611 3559 769 3614 Ἐπεὶ
793 3563 848 3613 δὲ
873 3564 1184 3618 κεκένωντο
1215 3566 1314 3636 μὲν
1343 3569 1526 3632 αὐτοῖς
1556 3572 1613 3623 αί
1643 3573 1935 3644 φαρέτραι,

348 3655 378 3705 ὁ
412 3655 626 3721 μάρτυς
653 3656 709 3708 δὲ
757 3655 929 3710 δεινὸν
985 3659 1046 3711 τὸ
1095 3661 1362 3730 παράπαν
1409 3664 1563 3716 οὐδὲν
1613 3665 1873 3738 ἔπασχεν,
1907 3670 1936 3721 ὁ

350 3743 579 3812 ἡγεμών
612 3762 673 3798 τε
718 3737 895 3800 ταῦτα
939 3750 1083 3818 ὁρῶν
1138 3753 1238 3806 οὐκ
1264 3748 1378 3825 εἶχε
1410 3759 1526 3820 τοῖς
1574 3759 1812 3828 παροῦσι
1844 3778 1937 3814 πι-

354 3836 601 3888 στεύεινο
629 3837 818 3908 θαῦμά
843 3858 894 3894 τι
943 3842 1105 3895 πάλιν
1141 3845 1420 3917 ἐπιτρέχει
1457 3849 1537 3920 τῷ
1565 3851 1823 3922 θαύματι.
1874 3851 1935 3909 '0

351 3928 452 3996 μὲν
477 3930 586 4000 γὰρ
616 3931 880 4000 ἠπείγετο
910 3935 1106 4003 μαθεῖν
1138 3940 1186 3990 εί
1226 3940 1404 4009 ἀληθῆ
1439 3943 1506 3995 τά
1531 3943 1809 4014 ὁρώμενα.
1842 3945 1934 4016 Τῷ

345 4020 498 4089 τόπῳ
526 4021 582 4074 δὲ
617 4024 906 4093 παραστὰς
939 4027 1221 4099 Φιλήμονα
1251 4033 1388 4100 πρὸς
1429 4031 1490 4085 τὸ
1518 4033 1738 4106 δένδρον
1770 4037 1934 4100 ἀκρι-

348 4113 460 4178 ϐῶς
483 4115 700 4170 ἐθεᾶτο.
722 4117 812 4171 Ἑν
845 4119 1022 4190 τούτῳ
1052 4121 1108 4173 δὲ
1131 4122 1241 4175 τῶν
1271 4123 1477 4195 ἀερίων
1506 4127 1734 4181 ἐκείνων
1761 4127 1934 4197 βελῶν

348 4205 407 4257 ἓν
437 4207 824 4262 ὲπικαταπτὰν
853 4209 946 4262 τὸν
978 4211 1154 4274 δεξιὸν
1187 4214 1336 4284 αύτῴ
1373 4215 1560 4284 βάλλει
1586 4217 1695 4271 τῶν
1726 4220 1933 4287 ὀφθαλ-

350 4299 491 4367 μῶν,
517 4302 614 4352 καλ⁵
641 4301 842 4354 αὐτίκα
870 4307 1056 4374 πηροῖ.
1106 4305 1170 4358 Ἠ
1217 4307 1274 4360 δὲ
1306 4301 1554 4379 πήρωσις
1588 4310 1727 4382 αὕτη
1766 4330 1932 4382 φωτι-

346 4391 489 4461 auc-'3
522 4393 748 4463 καρδίας
777 4391 911 4467 ἦρξε
940 4397 1018 4466 τῷ
1051 4398 1311 4470 δικαστῇ.
1383 4402 1526 4472 Ὅρα
1557 4404 1668 4474 γὰρ
1701 4405 1800 4476 τὴν
1832 4406 1929 4458 τοῦ

343 4485 481 4538 Θεοῦ
523 4487 718 4554 σοφίαν
751 4491 814 4540 ἐκ
852 4490 1064 4560 μακροῦ
1108 4492 1416 4546 πλέκουσαν
1468 4495 1564 4548 καὶ
1622 4497 1930 4551 ποικίλλου-

346 4593 445 4629 σαν
480 4579 804 4648 παραδόξως
853 4582 1157 4646 λυσιτελεῖς
1200 4586 1546 4654 πραγμάτων
1584 4589 1926 4659 οἰκονομίας.

359 4671 645 4742 Ἀρριανὸς
694 4675 804 4744 γὰρ
863 4677 1035 4728 πολλὰ
1098 4680 1198 4745 μὲν
1240 4679 1506 4748 Χριστὸν,
1542 4679 1715 4733 πολλὰ
1750 4682 1804 4734 δὲ
1837 4682 1932 4735 καὶ⁹

343 4762 708 4832 Χριστιανοὺς
729 4767 914 4832 κακῶς
933 4767 1090 4836 ἔλεγε
1116 4771 1322 4839 σφόδρα
1339 4774 1407 4842 τῇ
1438 4771 1599 4845 ὀδύνῃ
1625 4774 1928 4844 παρωξυμ-

349 4858 530 4924 μένος.
567 4859 673 4911 Τοῦ
709 4860 879 4914 κακοῦ
901 4862 961 4914 δὲ
991 4865 1141 4932 ὅμως
1171 4866 1488 4933 ἡττώμενος
1533 4867 1928 4937 κατενεχθῆναι

349 4947 559 5001 κελεύει
619 4950 711 5002 τὸν
757 4951 1022 5023 ἀθλητήν.
1064 4950 1200 5007 Εἶτα
1260 4957 1356 5009 καὶ
1397 4956 1727 5027 θεραπεύειν
1757 4959 1928 5012 ἐδεῖτο

346 5040 438 5090 τὸν
491 5040 772 5110 ὀφθαλμὸν
831 5044 1022 5113 μαθὼν
1052 5047 1080 5098 ὁ
1109 5045 1302 5116 ἄερρων
1363 5049 1426 5099 ἐκ
1486 5049 1580 5100 τοῦ
1621 5049 1814 5102 παθεῖν
1845 5051 1928 5103 ὅτι

344 5132 518 5200 ὅσπερ
547 5131 688 5185 οὔτω
721 5136 1039 5204 παραδᾷξως
1073 5137 1273 5206 πλῆξαι
1305 5137 1530 5202 δυνατὸς
1553 5142 1800 5207 γέγονεν,
1825 5143 1928 5195 οὐκ

347 5224 412 5274 ἀν
447 5226 554 5291 ἄρα
583 5226 676 5277 καὶ
705 5227 1026 5296 παραδόξως
1065 5229 1322 5282 ἰάσασθαι
1353 5231 1617 5294 ἀδύνατος
1651 5238 1924 5304 καταστῇ.

353 5317 412 5366 '0
439 5316 516 5380 δὲ,
545 5317 660 5369 Νῦν
693 5319 908 5387 μέντοι,
944 5320 1097 5390 ςησὶ,
1129 5323 1226 5391 τὴν
1253 5324 1398 5376 ἴασιν
1426 5325 1824 5396 ἀναϐάλλομαι,
1849 5327 1924 5399 μὴ

341 5412 440 5461 καὶ
492 5411 749 5478 γοητείαν
811 5408 970 5476 αὖθις
1024 5415 1263 5485 καλέσῃς
1297 5416 1396 5486 τὴν
1426 5419 1773 5487 εὐεργεσίαν,
1827 5421 1925 5475 καὶ

342 5505 654 5558 ὑπεύθυνον
685 5507 846 5570 αὐτὸς
878 5509 1117 5578 ἐμαυτὸν
1135 5511 1434 5578 ἀλογίστως
1462 5529 1544 5564 σοι
1571 5515 1922 5585 καταστήσω⁶

335 5597 457 5650 ἀλλ’
490 5601 657 5668 ἡνίκα
717 5599 812 5652 τοῦ
876 5599 1129 5671 σώματος
1167 5605 1569 5674 ὲκδημήσαιμι,
1627 5606 1726 5677 ἤδη
1759 5606 1815 5659 δὲ
1865 5608 1924 5660 τὸ

334 5691 493 5754 τέλος
521 5694 712 5760 ἐγγὺς,
747 5693 842 5747 ἐπὶ
894 5695 985 5748 τὸν
1017 5696 1149 5764 ὲμῇν
1190 5695 1364 5748 ἐλθὼν
1398 5699 1586 5764 τάςον,
1622 5701 1718 5752 καὶ
1772 5701 1922 5752 κόνιν

336 5783 553 5837 ἐκεῖθεν
570 5785 772 5856 λαῦὼν,
794 5785 969 5856 ταύτῃ
989 5789 1178 5857 χρῖσαι
1202 5787 1294 5842 τὸν
1329 5789 1630 5859 ὀφθαλμὸν,
1651 5790 1923 5860 ἐπιλέγων

2093 541 2210 586 rus,
2245 539 2303 582 ut
2347 529 2438 584 ille
2467 533 2726 600 petierat,
2785 547 2935 592 esset
2967 551 3351 608 constructus,
3383 545 3544 616 jubet
3577 550 3678 604 ad-

2084 615 2210 670 duci
2253 620 2518 688 puellum,
2573 633 2629 678 et
2660 626 2712 679 in
2744 642 2869 682 eum
2903 629 3127 688 immitti
3154 645 3210 690 et
3242 615 3536 706 diligenter
3585 640 3674 696 in-

2085 705 2231 759 cludi
2265 725 2278 760 :
2315 714 2638 782 congregari
2665 731 2798 770 vero
2829 734 3043 787 omnes,
3073 725 3167 793 qui
3203 739 3363 781 erant
3418 729 3469 784 in
3537 734 3679 787 civi-

2084 805 2192 852 tate
2227 802 2390 868 periti
2443 799 2761 875 sagittandi,
2807 821 2864 866 et
2884 813 2950 867 ad
2986 830 3215 871 currum
3270 821 3499 888 jaculari
3554 836 3672 880 tan-

2080 903 2244 956 quam
2273 895 2339 944 ad
2371 907 2598 964 scopum
2641 915 2655 951 :
2689 909 2745 954 et
2788 918 2898 957 non
2936 919 3155 962 cessare
3189 911 3438 979 jaCnIari,
3491 916 3671 973 donec

2085 990 2230 1036 totus
2265 999 2466 1040 currus
2501 1001 2651 1045 esset
2681 1001 2857 1049 tectus
2883 998 3116 1066 sagittis.
3146 1004 3417 1072 Atqueilli
3443 1009 3668 1077 quidem

2078 1079 2394 1147 congregati
2415 1080 2496 1134 sic
2526 1081 2822 1138 faciebant.
2876 1086 2973 1141 {Es
2999 1099 3183 1145 autem
3214 1095 3353 1163 (erat
3383 1098 3531 1152 enim
3563 1100 3668 1154 huc

2067 1162 2313 1232 jusmodi
2369 1178 2448 1227 ut.
2483 1171 2548 1224 ad
2585 1175 2961 1231 resistendum
3026 1183 3164 1236 aciei
3197 1187 3454 1252 telorum,
3524 1194 3667 1247 ictus

2074 1257 2354 1327 aet-iperet
2411 1265 2782 1337 extrinsecus)
2814 1269 2965 1326 intus
3017 1273 3246 1330 illaesum
3302 1277 3668 1339 conservabat

2075 1363 2330 1416 puerum.
2358 1353 2496 1408 Cum
2535 1373 2689 1423 vero,
2753 1371 2810 1415 et
2857 1363 2957 1432 ipsi
2984 1369 3296 1436 sagittundo
3341 1382 3526 1426 essent
3563 1375 3664 1429 de-

2071 1444 2224 1512 fessi,
2257 1457 2314 1502 et
2351 1451 2456 1505 tela
2488 1452 2571 1508 eis
2594 1455 2954 1523 defecissent,
2982 1478 3122 1532 puer
3147 1455 3404 1521 educitur
3435 1469 3660 1527 illmsus.

2071 1537 2139 1591 Et
2172 1540 2350 1596 stabat
2384 1544 2606 1612 quidem
2643 1564 2846 1616 prmses
2878 1551 3107 1616 dubius,
3139 1558 3227 1610 cui
3265 1557 3382 1614 haec
3437 1564 3658 1618 tierent.

2069 1629 2213 1686 Dicit
2243 1644 2426 1690 autem
2474 1650 2687 1707 martyr
2718 1644 2958 1700 Arriano
2992 1665 3004 1700 :
3048 1647 3184 1714 Hoc,
3224 1651 3421 1720 inquit,
3459 1669 3659 1722 oprte-

2067 1737 2176 1790 ses,
2209 1735 2292 1780 est
2326 1728 2422 1782 tibi
2450 1731 2680 1787 evidens
2727 1735 2904 1806 imago
2934 1753 3069 1793 mea:
3096 1741 3310 1795 salutis.
3367 1742 3657 1808 Quomodo

2062 1815 2208 1869 enim
2245 1817 2336 1872 hic
2367 1835 2532 1888 puer,
2587 1825 2803 1881 etiamsi
2857 1828 2961 1882 sibi
3013 1831 3080 1884 ad
3137 1831 3274 1886 nihil
3311 1837 3482 1904 possit
3533 1853 3655 1893 esse

2062 1909 2407 1976 utilis,Lnihil
2443 1925 2627 1971 tamen
2671 1935 2835 1988 grave
2862 1912 3056 1990 passus
3099 1934 3184 1978 est
3237 1941 3266 1979 a
3297 1940 3402 1980 tam
3463 1930 3655 1986 multis

2060 2001 2194 2057 viris
2233 2013 2289 2059 et
2327 2007 2526 2077 jaculis
2558 2026 2668 2065 tere
2704 2013 2912 2082 optime
2973 2017 3244 2080 munitus,
3305 2020 3502 2075 eodem
3532 2039 3654 2078 mo-

2059 2095 2130 2149 do
2153 2112 2257 2166 ego
2287 2114 2532 2170 quoque,
2557 2103 2773 2158 etiamsi
2803 2107 2939 2160 mihi
2979 2107 3410 2166 innumerabilia
3444 2113 3653 2173 inﬂicta

2057 2185 2263 2243 fuerint
2309 2192 2601 2262 supplicia,
2655 2197 2865 2253 nullius
2918 2200 3116 2256 horum
3166 2218 3360 2258 curam
3406 2222 3640 2278 geram;

2057 2292 2120 2332 ea
2151 2280 2300 2335 enim
2360 2284 2622 2340 obtundit
2675 2301 2730 2344 et
2769 2290 2989 2345 hebetat
3019 2295 3122 2347 mei
3189 2295 3394 2351 Christi
3447 2301 3643 2366 virtus,

2057 2387 2180 2441 qua:
2249 2391 2338 2430 me
2394 2379 2763 2435 circumcirca
2819 2399 2982 2438 muro
3021 2387 3202 2440 munit
3263 2389 3642 2448 adamantino.

2056 2464 2292 2535 Propter
2324 2467 2444 2523 haec
2476 2469 2557 2525 ira
2593 2471 2856 2542 impletur
2881 2476 3189 2544 Arrianus;
3235 2491 3291 2536 et
3319 2497 3446 2538 cum
3478 2487 3646 2541 vellet

2055 2558 2225 2612 verba
2259 2563 2519 2632 martyris
2554 2566 2904 2630 convincere,
2957 2567 3088 2625 facit
3118 2581 3170 2626 ut
3204 2587 3264 2627 ea
3311 2575 3497 2643 potius
3547 2577 3649 2632 de-

2056 2647 2332 2704 ducantur
2357 2652 2423 2706 ad
2452 2653 2737 2710 eﬂ‘eetum.
2784 2658 2920 2714 Nam
2955 2675 3078 2714 cum
3112 2679 3142 2716 e
3164 2665 3401 2732 quadam
3442 2670 3643 2724 arbore

2057 2744 2444 2812 suspendisset
2470 2748 2706 2816 justum,
2741 2765 2861 2820 qua:
2899 2753 3079 2807 stabat
3113 2757 3506 2828 quidemjuxta
3538 2763 3640 2816 tri-

2057 2833 2248 2898 bunal,
2287 2839 2590 2893 vocabatur
2616 2851 2800 2897 autem
2829 2843 3036 2907 Persei,
3065 2847 3210 2901 circa
3241 2865 3368 2903 eum
3396 2866 3462 2905 ex
3487 2853 3642 2908 omni

2057 2935 2211 2993 parte
2264 2928 2456 2982 statuit
2497 2932 2834 3000 sagittarios.
2889 2933 2958 2987 Et
3007 2936 3083 2988 illi
3140 2939 3364 3006 quidem
3420 2942 3641 2998 fortiter

2058 3021 2427 3089 torquebant;
2477 3024 2570 3078 ille
2613 3041 2748 3080 vero
2784 3041 2881 3082 sua
2932 3030 2997 3082 ad
3045 3030 3339 3085 Dominum
3385 3036 3639 3090 oratione

2055 3117 2240 3167 omnia
2295 3115 2399 3168 tela
2433 3117 2692 3173 similiter
2729 3119 3056 3190 depellebat.
3110 3123 3245 3177 Nam
3277 3125 3384 3179 alia
3413 3127 3638 3196 quidem

2051 3205 2326 3261 cadebant
2356 3208 2410 3261 in
2447 3218 2676 3274 terram,
2708 3211 2814 3266 alia
2847 3229 2978 3267 vero
3001 3214 3310 3284 figebantur
3344 3217 3397 3270 in
3415 3218 3635 3286 arbore,

2045 3297 2367 3355 aliaautem
2416 3302 2827 3360 admirabiliter
2862 3296 3267 3376 peudehantex
3305 3322 3454 3365 aere.

2114 3570 2402 3627 XXXVIII.
2436 3574 2731 3642 Postquam
2759 3589 2891 3628 vero
2916 3575 2998 3629 eis
3015 3575 3238 3644 quidem
3265 3575 3489 3632 fuerunt
3517 3579 3633 3631 exi-

2045 3666 2246 3718 nanitte
2268 3665 2565 3734 pliarctrar,
2596 3675 2806 3737 martyr
2830 3677 3013 3720 autem
3045 3667 3182 3720 nihil
3211 3668 3441 3722 omnino
3465 3684 3632 3739 grave

2041 3756 2377 3824 patiebatur.
2412 3757 2622 3812 Praéses
2671 3756 2786 3812 hazc
2840 3757 3056 3820 videns,
3105 3774 3212 3812 non
3249 3768 3465 3826 poterat
3510 3776 3631 3816 cre-

2041 3847 2176 3902 dere
2222 3848 2291 3901 iis
2315 3863 2437 3916 qua:
2476 3848 2762 3911 cernebat,
2800 3856 2858 3902 et
2881 3864 2994 3918 prae
3027 3849 3392 3903 admiratione
3423 3863 3624 3902 accur-

2040 3939 2113 3992 rit
2143 3939 2211 3993 ad
2243 3940 2598 3994 miraculum.
2634 3940 2771 3995 Nam
2801 3941 2894 3995 ille
2937 3941 3158 4010 quidem
3199 3941 3626 4002 studebatscire

2038 4047 2107 4085 an
2132 4046 2264 4085 vera
2300 4041 2489 4085 essent
2523 4047 2647 4101 quae
2694 4033 3048 4087 videbantur.
3119 4031 3260 4086 Cum
3315 4031 3386 4086 ad
3433 4032 3622 4088 locum

2039 4135 2227 4180 autem
2282 4127 2630 4188 accessisset,
2694 4125 3074 4178 Philemonem
3139 4124 3278 4178 vidit
3323 4134 3511 4193 aperte
3566 4125 3622 4178 in

2036 4218 2260 4272 arbore.
2293 4217 2520 4271 Interim
2560 4228 2743 4270 autem
2794 4231 2861 4270 ex
2895 4216 3062 4270 aeriis
3084 4216 3192 4270 illis
3216 4215 3417 4286 jaculis
3451 4232 3621 4270 unum

2034 4310 2322 4374 advolans,
2355 4309 2481 4363 ferit
2523 4311 2573 4365 ei
2609 4309 2900 4364 dexterum
2949 4312 3194 4373 oculum,
3249 4325 3488 4379 eumque
3526 4325 3624 4363 ex-

2035 4413 2229 4457 caecat.
2260 4402 2388 4457 Haec
2421 4418 2554 4458 vero
2574 4404 2890 4466 excmcatio,
2949 4402 3245 4472 fuitjudiei
3287 4402 3620 4473 principium

1963 4520 2006 4574 ι)
2039 4494 2491 4550 illuminationis.
2550 4496 2685 4550 Vide
2720 4498 2868 4552 enim
2901 4496 2993 4550 Dei
3032 4497 3383 4566 sapientiam,
3441 4512 3562 4566 qua:
3587 4511 3619 4551 e

2034 4587 2338 4656 longinquo
2372 4588 2640 4650 contexit,
2675 4597 2732 4640 et
2771 4587 3182 4642 admirabiliter
3235 4589 3410 4643 variat
3457 4589 3621 4643 utiles

2035 4697 2224 4736 rerum
2259 4681 2726 4750 dispensationes.
2753 4683 3022 4736 Arrianus
3045 4682 3189 4735 enim
3222 4683 3460 4736 multum
3489 4682 3619 4750 qui-

2031 4775 2157 4830 dem
2214 4775 2531 4840 Christum,
2576 4777 2808 4830 multum
2844 4787 3030 4832 autem
3071 4778 3240 4831 etiam
3271 4776 3620 4830 Christianos

2034 4869 2340 4924 insectatus
2367 4879 2453 4924 est
2485 4869 2815 4929 maledictis,
2857 4870 3033 4938 utqui
3085 4868 3235 4938 gravi
3269 4867 3459 4921 dolore
3489 4867 3616 4920 irri-

2034 4971 2263 5016 taretur.
2291 4962 2335 5014 A
2368 4964 2514 5016 malo
2544 4971 2723 5016 tamen
2773 4963 2972 5021 victus.
3007 4960 3173 5031 jussit
3201 4957 3410 5014 deferri
3465 4974 3612 5011 mar-

2033 5064 2231 5126 tyrem.
2270 5053 2479 5109 Deinde
2513 5055 2680 5108 etiam
2708 5055 2942 5123 rogavit,
3003 5061 3066 5106 ut
3102 5057 3325 5106 curaret
3361 5049 3609 5113 oculum,

2029 5165 2094 5202 ex
2128 5164 2196 5202 eo
2236 5147 2381 5215 quod
2429 5163 2630 5216 passus
2671 5147 2851 5201 fuerat
2915 5145 3142 5210 stultus,
3191 5144 3402 5209 dicens,
3461 5141 3609 5211 quod

2030 5243 2310 5310 quomodo
2343 5240 2748 5293 admirabiliter
2809 5240 2987 5293 fuerat
3035 5247 3244 5317 potens
3296 5236 3362 5289 ad
3410 5249 3610 5304 percu-

2032 5335 2306 5396 tiendum,
2338 5337 2410 5389 ita
2434 5336 2502 5390 sit
2533 5335 2698 5389 etiam
2717 5335 2785 5387 ad
2809 5332 3111 5388 sanandum
3130 5329 3491 5385 admirabilis.
3515 5329 3611 5384 Ille

2030 5438 2214 5482 autem
2255 5447 2266 5480 :
2298 5429 2457 5482 Nunc
2497 5426 2748 5496 quidem,
2779 5425 2982 5495 inquit,
3033 5424 3133 5478 tibi
3158 5425 3332 5478 offero
3364 5423 3611 5477 sanatio-

2030 5535 2178 5584 nem,
2206 5533 2274 5571 ne
2315 5517 2646 5571 beneficium
2677 5526 2961 5586 acceptum
3018 5531 3211 5572 rursus
3261 5530 3425 5569 voces
3473 5529 3612 5583 praem

2027 5611 2237 5680 Siigius,
2276 5620 2336 5664 et
2369 5610 2485 5678 ipse
2518 5607 2924 5665 inconsiderate
2967 5627 3056 5666 me
3090 5610 3186 5665 tibi
3212 5625 3368 5666 reum
3401 5606 3610 5662 consti-

2029 5711 2199 5758 tuam.
2241 5702 2348 5758 Sed
2376 5703 2650 5773 quandoe
2679 5719 2913 5775 corpore
2942 5717 3239 5760 excessero
3272 5703 3401 5774 (jam
3419 5710 3606 5756 autem

2028 5796 2155 5852 ﬁnis
2199 5799 2633 5866 appropinquat)
2677 5802 2907 5856 veniens
2951 5799 3020 5856 ad
3049 5815 3231 5857 meum
3261 5797 3605 5862 sepulcrum.
