4122 6380
451 299 548 364 551

1695 291 1977 351 ΜΕΝὸίὸ
2021 289 2269 350 DECEM
2286 290 2450 351 BER.

3600 287 3712 350 552

451 421 505 466 et
529 427 593 466 ex
620 426 688 466 eo
718 410 1001 479 pulverem
1047 407 1349 478 accipiens,
1410 421 1476 460 eo
1507 420 1649 477 unge
1677 404 1922 469 oculum,
1955 402 2035 456 in-

2154 402 2204 454 rb
2239 403 2333 455 καὶ
2378 401 2439 455 τὸ
2468 400 2566 454 τοῦ
2601 401 2841 472 Χριστοῦ
2895 402 3091 472 ϐνομα,
3130 399 3225 454 καὶ
3269 401 3370 453 οὐκ
3398 399 3476 464 είς
3506 401 3729 470 μακρὰν

453 517 653 554 vocans
723 511 779 552 tu
832 515 1053 568 quoque
1106 498 1314 553 Christi
1384 513 1610 561 nomen,
1666 506 1722 551 et
1772 511 1880 549 non
1944 493 2035 548 diu

455 602 600 662 post,
658 593 750 644 sed
785 592 970 646 statim
1004 600 1332 660 sequentem
1376 589 1610 642 habebis
1653 586 1966 642 sanitatem.

528 680 770 734 XXXIX.
822 681 952 734 Post
990 681 1090 734 hoe
1121 697 1232 735 non
1261 679 1449 734 diﬂert
1473 680 1763 740 Arrianus,
1801 676 1890 730 sed
1925 693 2041 729 am-

455 774 646 827 borum
715 773 901 836 simul,
968 774 1310 828 Philemonis
1363 781 1419 827 et
1451 769 1727 841 Apollonii
1788 777 2038 838 amputat

454 865 654 934 capita.
696 865 831 918 Nam
862 867 977 918 sive
1033 865 1335 918 mentiatur
1359 864 1672 926 Philemon,
1706 862 1906 930 inquit,
1950 862 2043 915 ira!

456 957 634 1010 mcdcl
658 973 722 1010 or
756 957 884 1011 :sin
935 959 1137 1021 minus,
1192 958 1324 1011 mihi
1352 957 1641 1012 curabitur
1680 955 1892 1011 oculus.
1932 954 2042 1008 Ta-

457 1048 542 1101 les
585 1048 806 1118 quidem
849 1050 1003 1104 fuere
1029 1051 1255 1105 athletis
1289 1050 1606 1106 occasiones
1630 1049 1912 1119 martyrii;
1966 1058 2046 1102 ta-

460 1138 541 1192 lcs
563 1149 745 1194 autem
787 1141 949 1194 etiam
976 1143 1181 1197 exitus.
1241 1143 1516 1206 Quoniam
1577 1157 1710 1196 vero
1757 1142 2046 1211 oportebat

461 1229 760 1283 Art-ianum
798 1247 1016 1301 quoque
1042 1249 1147 1286 non
1180 1247 1304 1288 esse
1338 1234 1496 1287 oculo
1535 1233 1894 1297 obcaecatum,
1949 1231 2046 1285 sed

463 1319 620 1372 illum
657 1335 878 1388 quoque
930 1322 1094 1375 simul
1132 1338 1252 1377 esse
1280 1323 1464 1376 animo
1506 1323 1898 1388 illuminatum,
1942 1324 2047 1377 hoc

463 1426 683 1479 quoque
737 1415 1100 1482 consequitur
1148 1429 1211 1468 ea
1263 1429 1385 1484 quae
1439 1423 1863 1485 prmeesserunt.
1913 1413 2046 1467 Nam

464 1516 588 1554 cum
639 1503 887 1572 reliquias
941 1504 1194 1567 fuissent,
1235 1514 1292 1559 ut
1333 1522 1430 1574 par
1457 1513 1597 1570 erat,
1644 1506 1805 1575 apiis
1849 1503 2050 1558 habitze

467 1594 524 1648 in
551 1595 782 1655 honore.
809 1607 863 1650 et
907 1598 1207 1652 cum-Ascla
1243 1609 1301 1653 et
1347 1599 1590 1654 Leonida
1628 1600 1826 1654 divinis
1845 1597 2048 1652 Christi

469 1687 808 1757 martyribus
843 1687 1142 1756 depositae;
1175 1690 1442 1744 Arrianus
1465 1691 1647 1746 statim
1671 1707 1799 1760 tnon
1827 1689 2044 1744 sinebat

369 1823 374 1828 .
465 1780 610 1830 enim
641 1779 835 1833 oculus
865 1795 990 1833 eum
1047 1797 1170 1835 esse
1201 1782 1474 1852 desidem)
1507 1785 1720 1838 accedit
1773 1783 1838 1836 ad
1890 1797 2040 1846 eum,

467 1869 611 1922 sicut
643 1868 823 1923 fuerat
857 1870 906 1923 ei
941 1871 1290 1939 praedictum,
1331 1883 1384 1926 et
1425 1890 1549 1925 eum
1584 1873 1898 1940 sustulisset
1927 1871 2047 1941 pul-

467 1977 675 2025 verem,
725 1963 942 2032 inungit
1003 1965 1222 2018 oculum
1285 1981 1298 2018 :
1356 1966 1414 2019 In
1476 1967 1696 2019 nomine
1753 1975 1869 2029 tuo,
1915 1963 2044 2018 Jesu

465 2053 709 2118 Christe,
761 2053 976 2120 dicens,
1035 2067 1264 2124 propter
1319 2072 1480 2124 quem
1521 2057 1608 2110 isti
1666 2065 1897 2109 mortem
1947 2070 2048 2108 sua

468 2155 664 2214 sponte
692 2146 999 2217 elegerunt,
1037 2148 1259 2216 impono
1305 2149 1586 2217 pulverem
1620 2163 1742 2202 meo
1774 2148 1955 2212 oculo;
1993 2155 2049 2201 et

469 2236 514 2289 si
543 2251 738 2290 rursus
787 2251 1086 2306 aspexero.
1156 2240 1269 2306 ipse
1297 2254 1516 2308 quoque
1546 2239 1722 2292 dicam
1770 2254 1877 2291 non
1928 2252 2050 2290 esse

469 2328 637 2382 alium
674 2327 844 2382 Deum
898 2339 1098 2396 praeter
1129 2338 1202 2383 tc.
1265 2329 1389 2383 Haec
1413 2346 1534 2384 ctnn
1569 2329 1818 2394 dixisset,
1864 2329 2048 2384 statim

473 2418 750 2487 duplicem
776 2419 988 2472 invenit
1020 2420 1384 2484 curationem,
1436 2436 1631 2490 nempe
1692 2429 1748 2476 et
1800 2421 1947 2474 oculi
1995 2428 2052 2473 et

474 2509 693 2562 anima.
736 2506 871 2562 Nam
930 2509 1022 2562 illo
1058 2511 1279 2579 quidem
1326 2511 1473 2564 videt
1523 2512 1718 2574 snlem,
1780 2511 1880 2565 hac
1921 2525 2050 2563 vero

475 2597 786 2652 veritatem.
825 2599 1121 2668 Egreditur
1155 2616 1289 2670 ergo
1319 2601 1476 2656 laetus
1513 2610 1569 2655 et
1595 2603 1838 2656 clamans
1871 2619 1886 2656 :
1919 2601 2049 2656 Sum

471 2688 840 2754 Christianus,
879 2701 938 2745 et
1007 2707 1194 2745 coram
1240 2692 1432 2747 multis
1475 2693 1706 2747 testibus
1774 2691 2046 2747 conﬁtens

473 2789 760 2848 acceptum
789 2780 1138 2835 beneficium.
1183 2781 1416 2835 Domum
1448 2795 1630 2837 autem
1690 2799 1964 2846 reversus,
1997 2794 2054 2840 et

474 2887 666 2925 omnes
693 2872 784 2941 qui
815 2881 976 2926 erant
1010 2876 1156 2943 apud
1188 2889 1247 2928 se
1302 2874 1566 2943 baptizat,
1621 2884 1676 2928 et
1713 2876 1931 2945 triginta
1957 2893 2054 2931 sex

475 2963 828 3019 Christianos
853 2966 1062 3019 relaxat
1093 2982 1124 3021 e
1151 2967 1410 3021 vinculis.
1442 2967 1546 3021 Tot
1575 2969 1723 3022 enim
1749 2977 1878 3024 tunc
1897 2982 2055 3026 erant

2142 491 2546 545 ἀκολουθοῦσαν
2579 493 2720 560 ἕξεις
2753 491 2919 556 εὐθὺς
2953 493 3046 545 καὶ
3081 491 3179 563 τὴν
3213 493 3357 544 ίασιν

2214 664 2335 720 ΛΘ’.
2371 667 2511 737 Πρὸς
2544 668 2719 721 ταῦτα
2772 668 2834 722 οὗ
2871 667 3084 738 μέλλων
3154 667 3448 739 ’Δρριανὺς
3479 661 3572 737 ἦν,
3608 663 3733 719 ἀλλ’

2144 760 2470 830 ἀμφοτέρων
2509 759 2668 829 ὁμοῦ,
2725 760 3032 830 Φιλήμονὸς
3088 775 3149 812 τε
3187 759 3282 812 καὶ
3331 760 3729 822 Ἀπολλωνίου,

2142 854 2242 916 τὰς
2277 851 2520 919 κεφαλὰς
2551 853 2875 922 ἀποτέμνει.
2904 854 3005 904 ’Ἂν
3040 869 3098 904 τε
3139 853 3248 923 γὰρ
3279 852 3535 920 ψεύδοιτο
3564 850 3733 920 ψιλή·

2149 962 2286 1014 μων,
2343 945 2498 1013 φησὶ,
2561 945 2651 996 τὸν
2712 946 2883 1015 θυμὶν
2935 944 3254 1013 θεραπεύω”
3307 946 3372 998 ἄν
3405 960 3463 995 τε
3508 945 3602 1013 μὴ,
3635 944 3734 996 τὸν

2143 1034 2426 1104 όιεθαλμὸν
2456 1035 2778 1106 ίαθήσομαι.
2804 1035 3042 1088 Τοιαῦτα
3076 1035 3175 1104 μὲν
3193 1050 3306 1096 τοις
3337 1035 3604 1105 ἀθληταῖς
3628 1033 3731 1087 τοῦ

2151 1127 2454 1200 μαρτυρίου
2487 1129 2544 1182 αί
2568 1130 2816 1200 ἀφορμαί
2843 1145 2858 1158 ο
2883 1129 3133 1182 τοιαῦται
3165 1129 3220 1182 δὲ
3248 1130 3340 1184 καὶ
3371 1131 3428 1181 αἱ
3450 1127 3731 1184 τελευτεί.

2158 1219 2314 1274 Ἐπεὶ
2336 1221 2394 1274 δὲ
2427 1220 2535 1274 ἔδει
2563 1223 2658 1275 καὶ
2703 1222 2987 1294 Ἀρριανὸν
3015 1224 3090 1292 μὴ
3119 1223 3208 1274 τὸν
3233 1221 3514 1290 ὀφθαλμὸν
3537 1239 3735 1291 πηρω-

2146 1313 2308 1383 θῆναι
2363 1315 2547 1382 μόνον,
2608 1313 2744 1367 ἀλλὰ
2782 1315 3040 1368 κάκεῖνον
3103 1314 3217 1383 ἅμα
3256 1313 3598 1383 φωτισθῆναι
3631 1312 3735 1364 καὶ

2149 1405 2249 1473 τὴν
2277 1404 2479 1476 ψυχὴν,
2544 1407 2638 1458 καὶ
2696 1406 2854 1459 τοῦτο
2887 1408 3000 1469 τοῖς
3044 1405 3314 1476 φθάσασιν
3345 1405 3732 1459 ἐπακολουθεῖ.

2151 1497 2275 1551 Τῶν
2303 1502 2414 1568 γὰρ
2455 1497 2728 1566 λειψάνων
2759 1499 2944 1561 αὐτοῖς
2990 1499 3158 1567 τιμῆς
3189 1498 3346 1567 παρά
3368 1499 3478 1560 τοῖς
3509 1497 3736 1549 εὐσεϐές

2154 1609 2262 1654 σιν,
2293 1591 2483 1662 ὥσπερ
2511 1587 2579 1663 ἦν
2610 1591 2789 1660 θέμις,
2823 1591 3191 1657 ἀξιωθέντων,
3226 1592 3323 1646 καὶ
3356 1592 3498 1660 μετά
3522 1589 3736 1643 ’Δσκλᾶ

2153 1683 2250 1737 καὶ
2295 1683 2564 1738 Λεωνίδου
2614 1684 2724 1737 τῶν
2765 1683 2926 1737 θείων
2989 1684 3084 1737 τοῦ
3139 1682 3379 1754 Χριστοῦ
3437 1684 3736 1753 μαρτύρων

2149 1777 2581 1840 κατατεθέντων,
2618 1775 2819 1841 εὐθέως
2869 1776 3157 1848 ’Δρριανὺς
3193 1776 3288 1846 (οὗ
3323 1775 3432 1846 γὰρ
3481 1775 3568 1828 εἴα
3601 1774 3735 1843 βλα-

2149 1869 2331 1924 κεύειν
2363 1869 2727 1939 όόφθαλμὸς)
2780 1869 3087 1940 πρόσεισιν,
3142 1868 3334 1937 ὥσπερ
3381 1866 3474 1920 οὖν
3513 1867 3668 1936 αὐτῷ
3697 1869 3733 1937 ἡ

2150 1963 2479 2030 ἐπαγγελία,
2514 1963 2610 2014 καὶ
2634 1959 2724 2014 τοῦ
2757 1961 2883 2031 χοὸς
2912 1962 3055 2031 ἄρας
3085 1961 3277 2016 πάττει
3302 1963 3393 2014 τὸν
3423 1959 3733 2029 ὁφθαλμδν,

2162 2055 2252 2106 Ἐν
2282 2056 2358 2125 τῷ
2385 2053 2610 2124 ὀνόματί
2638 2070 2752 2120 σου,
2775 2053 2981 2123 Χριστὲ
2999 2052 3205 2123 Ἰησοῦ,
3235 2053 3433 2121 λέγων,
3467 2052 3535 2105 δι’
3564 2052 3624 2106 ὃν
3641 2054 3734 2104 καὶ

2150 2141 2294 2202 οὗτοι
2325 2148 2386 2200 τὺ
2411 2147 2594 2201 θανεῖν
2629 2149 2858 2214 εἵλοντο,
2905 2146 3136 2201 ὲπιτιθῶ
3173 2164 3276 2217 μου
3317 2147 3418 2217 τὴν
3455 2147 3602 2199 κόνιν
3652 2145 3736 2214 τῷ

2151 2239 2435 2310 ὀφθαλμῷ,
2455 2240 2552 2294 καὶ
2571 2241 2617 2292 εί
2643 2238 3043 2310 ἀναϐλέψομαι,
3071 2239 3181 2310 ἐρῶ
3201 2239 3296 2292 καὶ
3326 2239 3489 2302 αὐτὸς
3520 2239 3604 2291 ὅτι
3635 2240 3738 2290 οὐκ

2153 2334 2302 2387 ἐστιν
2331 2333 2548 2403 ἀληθῶς
2587 2333 2776 2403 ἕτερος
2806 2334 2951 2403 πλήν
2984 2349 3081 2386 σου
3113 2332 3269 2396 Θεός.
3338 2332 3526 2386 Ταῦτα
3559 2330 3736 2385 εἰπὼν

2151 2426 2344 2497 διπλῆν
2371 2425 2534 2490 εὐθὺς
2583 2425 2833 2497 εὑρίσκει
2863 2427 2966 2496 τὴν
3001 2427 3146 2480 ἴασιν
3169 2426 3267 2480 καί
3293 2423 3579 2496 ὀφθαλμοῦ
3637 2425 3740 2477 καὶ

2151 2518 2331 2588 ψυχῆς
2361 2519 2452 2572 καὶ
2483 2519 2772 2589 ἀμφότερα
2805 2518 2942 2589 ὁμοῦ
2970 2517 3146 2572 ταῦτα
3182 2515 3605 2590 φωτίζεταιοτῷ
3638 2516 3740 2586 μὲν

2154 2611 2265 2681 γὰρ
2303 2611 2406 2681 ὁρᾷ
2437 2609 2529 2665 τδν
2555 2610 2733 2682 ἥλιον,
2764 2612 2831 2680 τῇ
2864 2610 2921 2664 δὲ
2950 2611 3050 2681 τὴν
3080 2610 3362 2681 ἀλήθειαν.
3381 2611 3622 2676 Ἐξεισιν
3644 2607 3741 2662 οὖν

2153 2702 2360 2773 χαίρων
2398 2702 2493 2757 καὶ
2528 2701 2774 2774 κράζων,
2799 2703 3130 2774 Χριστιανός
3162 2705 3304 2772 είμι,
3337 2704 3429 2756 καὶ
3463 2703 3565 2755 ὑπο
3603 2701 3742 2754 πολ-

2154 2794 2266 2856 λοῖς
2287 2797 2403 2857 τοῖς
2440 2794 2680 2865 μάρτυσι
2708 2795 2809 2863 τὴν
2840 2796 3164 2864 εὐεργεσίαν
3193 2795 3494 2864 ὁμολογῶν.
3532 2793 3741 2848 Ἐπαν-

2154 2883 2326 2938 ελθὼν
2375 2885 2434 2938 δὲ
2464 2885 2650 2939 οἴκαδε
2709 2886 2919 2951 πάντας
2945 2904 3005 2940 τε
3051 2887 3311 2956 βαπτίζει
3344 2889 3471 2950 τοὺς
3501 2890 3558 2940 ἐν
3584 2887 3742 2956 αὐτῷ

2157 2977 2249 3029 καὶ
2289 2976 2648 3046 Χριστιανοὺς
2680 2977 2742 3042 ἓξ
2770 2979 2862 3032 ἐπὶ
2895 2981 3008 3042 τοῖς
3035 2979 3343 3050 τριάκοντα
3370 2979 3481 3032 τῶν
3515 2979 3741 3049 δεσμῶν

478 3065 704 3126 prepter
736 3055 1013 3111 Christum
1057 3058 1111 3110 in
1142 3058 1399 3112 vinculis.
1424 3059 1630 3114 Deinde
1655 3075 1776 3114 cum
1811 3064 2051 3131 accepis-

2157 3068 2363 3138 ἀνίησι.
2407 3068 2712 3133 Τοσούτους
2755 3070 2862 3140 γὰρ
2904 3071 3001 3124 καὶ
3033 3071 3122 3124 διὰ
3151 3072 3394 3142 Χριστὸν
3427 3071 3741 3141 τηνικαῦτα

476 3157 560 3200 set
609 3147 895 3212 sindones,
943 3163 1066 3201 cum
1110 3149 1296 3203 multis
1345 3151 1710 3217 aromatibus,
1749 3167 1873 3206 cum
1907 3156 2046 3208 mul-

479 3237 548 3289 tis
603 3237 747 3299 aliis,
795 3247 852 3292 et
913 3236 1134 3292 duobus
1209 3239 1507 3307 episcopis,
1557 3254 1747 3293 rursus
1778 3239 1928 3294 venit
1985 3240 2050 3294 ad

479 3330 667 3383 thecas
707 3339 1047 3395 sanctorum,
1080 3339 1136 3385 et
1173 3331 1366 3385 horum
1403 3332 1744 3387 venerandas
1795 3332 2056 3402 reliquias

480 3421 718 3478 ﬁdeliter
741 3424 906 3478 simul
934 3433 990 3479 ct
1009 3425 1098 3494 pie
1129 3433 1272 3479 terra
1300 3424 1452 3496 tegit.

549 3715 662 3769 XL.
695 3714 832 3770 Cum
859 3715 926 3771 de
951 3719 1038 3783 ieo
1069 3727 1252 3788 autem
1307 3717 1447 3772 fama
1489 3719 1599 3788 jam
1638 3720 1832 3775 ruisset
1877 3721 2057 3778 delata

476 3807 542 3862 ad
566 3806 988 3872 Diocletianum,
1019 3809 1166 3877 quod
1185 3807 1536 3864 Christianus
1565 3825 1632 3865 cx
1665 3811 1857 3866 Grazco
1879 3812 2058 3869 factus

475 3912 620 3956 esset
647 3902 935 3965 Arrianus,
977 3910 1034 3955 et
1063 3901 1210 3971 quod
1260 3902 1576 3958 sacriﬁcare
1621 3919 1967 3975 nequaquam
2000 3907 2054 3960 in

478 3993 724 4046 animum
751 3993 1062 4059 induceret,
1092 3993 1260 4046 mittit
1289 3994 1380 4050 ille
1406 4005 1643 4064 quatuor
1695 4006 2054 4066 protectores,

477 4085 678 4140 lubens
726 4096 784 4140 ut
815 4100 940 4140 cum
967 4087 1374 4156 quamprimum
1397 4087 1756 4153 adducerent,
1795 4098 1855 4143 ut
1894 4105 2058 4144 accu-

489 4190 608 4232 rate
644 4179 834 4243 sciret,
864 4194 931 4232 an
963 4195 1092 4233 vera
1116 4190 1325 4243 essent,
1355 4180 1839 4249 quaedieebantur.
1878 4187 2059 4252 Atque

480 4269 572 4322 isti
608 4270 829 4338 quidem
879 4286 1003 4324 cum
1043 4272 1220 4340 ipsum
1269 4272 1845 4341 comprehcndissent,
1894 4289 2057 4345 urge-

483 4363 614 4414 bant
647 4363 713 4414 ad
743 4364 848 4416 iter
872 4361 1314 4418 lneundum.llle
1334 4374 1516 4418 autem
1545 4366 1844 4435 persuadet
1865 4365 1933 4420 iis
1957 4366 2056 4436 qui

483 4463 772 4522 tantopere
796 4453 1090 4522 urgebant,
1122 4455 1472 4519 ductoribus,
1526 4471 1654 4510 cum
1721 4457 1776 4512 id
1813 4458 2058 4512 nummis

480 4544 708 4598 emisset
749 4543 1104 4613 octingentis,
1135 4555 1194 4598 ut
1223 4560 1391 4613 parvo
1425 4553 1672 4615 tempore
1707 4547 1814 4602 sibi
1856 4547 2056 4603 liceret

483 4633 748 4689 accedere
783 4635 851 4688 ad
880 4643 1178 4705 martyrum
1206 4633 1494 4702 reliquias.
1519 4634 1656 4689 Cum
1699 4634 1749 4689 ei
1773 4651 1904 4706 ergo
1933 4635 2060 4690 data

480 4727 740 4782 facultate
795 4728 1144 4794 accessisset,
1220 4726 1468 4798 rogabat,
1544 4743 1754 4797 pronus
1801 4729 2055 4795 cadebat,

483 4818 854 4887 supplicabat,
906 4819 1192 4889 pulverem
1219 4818 1679 4887 amplectebatur;
1711 4829 1767 4874 et
1795 4822 2060 4890 precaba-

481 4919 591 4964 tur.
627 4921 687 4964 ut
721 4912 769 4964 ei
795 4929 952 4978 opem
1003 4912 1176 4967 ferret
1221 4912 1274 4965 in
1305 4913 1630 4978 certamine,
1683 4920 1740 4968 et
1772 4929 1877 4969 vox
1944 4925 2056 4971 sta-

485 5002 581 5055 tim
635 5003 825 5057 audita
855 5015 991 5057 este
1051 5003 1308 5071 sepulcro
1374 5004 1688 5072 (videbatur
1729 5015 1913 5061 autem
1952 5023 2056 5062 vox

485 5105 605 5146 esse
631 5093 992 5164 Philemonis)
1030 5094 1222 5150 dicens
1274 5112 1289 5148 :
1341 5095 1472 5150 Esto
1502 5095 1684 5162 fortis,
1712 5097 1972 5165 Arriana,
2005 5113 2060 5154 et

490 5187 676 5240 nullus
709 5198 887 5242 metus
930 5197 982 5244 te
1041 5190 1283 5244 invadat.
1323 5190 1468 5244 Ecce
1497 5190 1648 5244 enim
1711 5192 1977 5261 Dominus
2005 5203 2059 5248 te

482 5280 547 5332 ad
578 5281 819 5349 scipsum
851 5285 1107 5348 accersit,
1141 5292 1197 5338 et
1224 5283 1378 5338 ducit
1413 5284 1480 5338 ad
1513 5284 1842 5346 certamina.
1877 5296 1933 5340 et
1967 5289 2051 5342 in-

485 5372 622 5442 cipit
671 5373 765 5427 tibi
829 5387 1126 5431 contexere
1171 5392 1432 5431 coronam
1485 5378 1756 5448 martyrli.
1821 5379 2058 5436 llabebis

483 5480 617 5519 vero
643 5482 740 5522 eos
761 5486 1006 5540 quoque,
1037 5475 1131 5542 qui
1166 5485 1216 5527 te
1250 5473 1317 5527 ad
1351 5488 1472 5528 eam
1504 5474 1806 5539 deducunt,
1844 5485 2059 5545 protec-

488 5566 656 5623 tores,
700 5561 952 5617 laborunt
1015 5565 1178 5619 simul
1239 5569 1419 5621 socios
1457 5575 1514 5622 et
1572 5571 2054 5624 remunerationis.

487 5645 668 5715 Illum,
702 5666 827 5705 cum
863 5653 978 5709 hac
1007 5657 1273 5722 audisset,
1300 5657 1471 5711 subiit
1499 5667 1693 5727 stupor
1725 5668 1780 5712 et
1819 5659 2059 5712 admira-

487 5735 564 5790 tio
595 5741 755 5796 simul
789 5758 912 5799 cum
937 5745 1004 5801 iis
1038 5747 1131 5816 qui
1159 5749 1407 5816 aderant,
1461 5759 1512 5804 et
1549 5749 1594 5802 ei
1635 5759 1902 5818 potestate
1930 5750 2053 5804 data

2157 3157 2272 3234 εἶχε
2299 3165 2369 3216 τά
2397 3164 2776 3236 δεσμωτήρια.
2812 3163 2944 3219 Εἶτα
2990 3167 3087 3220 καὶ
3126 3165 3370 3230 σινδόνας
3410 3165 3520 3218 τῶν
3570 3165 3742 3217 πολυ-

2156 3252 2330 3321 τίμων
2354 3251 2538 3305 λαϐὼν
2565 3254 2664 3306 σὺν
2716 3254 2834 3324 ἅμα
2869 3255 2964 3307 καὶ
2986 3255 3168 3318 ἄλλοις
3199 3256 3417 3318 πολλοῖς
3441 3255 3738 3324 ἁρὼμασι,

2158 3343 2297 3412 πρὸς
2353 3341 2410 3395 δὲ
2460 3343 2604 3411 μετά
2642 3343 2858 3396 πολλῶν
2888 3345 2985 3398 καὶ
3015 3343 3194 3398 ἄλλων
3227 3347 3320 3397 καὶ
3349 3344 3444 3398 δύο
3473 3346 3581 3398 τῶν
3617 3347 3743 3398 ὲπιν

2159 3437 2382 3490 σκόπων
2405 3437 2500 3489 ἐπὶ
2532 3437 2628 3501 τάς
2658 3437 2834 3509 θήκας
2864 3437 2975 3492 τῶν
3014 3438 3186 3506 ἁγίων
3229 3437 3386 3502 αὖθις
3415 3439 3586 3510 χωρεῖ
3643 3437 3744 3492 καὶ

2157 3527 2225 3579 τὰ
2255 3527 2432 3581 σεπτά
2455 3529 2663 3583 τούτων
2698 3529 2928 3600 λείψανα
2959 3531 3166 3596 πιστῶς
3207 3531 3324 3603 ἅμα
3360 3533 3454 3585 καὶ
3489 3530 3742 3595 εὐλαϐῶς

2157 3620 2224 3688 τῇ
2258 3621 2327 3688 γῇ
2356 3619 2758 3690 κατακρύπτει.

2229 3708 2320 3764 Μ’.
2352 3709 2464 3776 Τῆς
2485 3712 2542 3764 δὲ
2565 3715 2690 3782 περὶ
2716 3712 2882 3766 αὑτοῦ
2905 3712 3097 3784 φήμης
3124 3715 3217 3767 καὶ
3246 3717 3322 3778 εἰς
3349 3713 3742 3784 Διοκλητιανὶν

2159 3802 2260 3872 ἥδη
2291 3803 2676 3874 ἀνενεχθείσης
2705 3804 2781 3868 ὡς
2823 3804 2933 3877 ἀρα
2985 3806 3321 3876 Χριστιανὸς
3355 3805 3412 3872 ἐξ
3475 3806 3744 3873 ’Ἐλληνις

2171 3883 2456 3968 Ἀρριανὸς
2516 3898 2750 3965 γένοιτο.
2786 3899 2881 3952 καὶ
2909 3899 2990 3962 ὡς
3019 3901 3122 3952 οὐκ
3165 3899 3245 3952 ἔτι
3284 3899 3434 3954 θύειν
3465 3900 3734 3970 ἀνέχοιτο,

2159 3989 2368 4059 πέμπει
2393 3989 2667 4060 τέσσαρας
2703 3993 2911 4054 ἐκεῖνος
2933 3991 3047 4044 τῶν
3076 3991 3484 4063 προτεκτώρων
3515 3992 3605 4044 τὸν
3631 3991 3731 4044 ἆν-

2159 4082 2261 4152 δρα
2291 4081 2558 4144 κελεύσας
2669 4084 2902 4154 τάχιστα
2937 4086 3068 4157 παρ’
3093 4084 3257 4139 αὐτὸν
3305 4087 3558 4154 ἀγαγεῖν.
3587 4083 3732 4136 ὥστε

2163 4171 2355 4241 μαθεῖν
2411 4172 2660 4240 ἀκριϐῶς
2692 4173 2740 4224 εί
2770 4173 2948 4243 ἀληθῆ
3002 4175 3071 4227 τὰ
3117 4175 3409 4244 λεγόμενα.
3447 4174 3607 4228 Οὗτοι
3640 4176 3742 4245 μὲν

2160 4261 2254 4315 οὖν
2283 4263 2444 4316 αὑτὸν
2483 4263 2848 4328 συλλαϐόντες
2909 4266 3051 4338 πρὸς
3105 4267 3207 4337 τὴν
3241 4269 3360 4322 ὁδὸν
3409 4269 3640 4340 ήπειγον
3665 4284 3680 4298 ο
3713 4271 3743 4321 ὁ

2161 4355 2218 4409 δὲ
2249 4356 2427 4409 πείθει
2467 4357 2595 4421 τοὺς
2645 4359 2990 4424 σπουδαστὰς
3015 4360 3357 4416 ὀκτακοσίων
3393 4364 3556 4418 τοῦτο
3589 4383 3743 4431 νομέ-

2085 4441 2138 4501 D
2167 4450 2393 4519 σμάτων
2423 4451 2758 4522 ἐωνημένος,
2787 4452 2930 4506 ὥστε
2954 4453 3164 4525 βραχὺν
3209 4455 3364 4526 αὐτῷ
3397 4457 3590 4526 χρόνον
3621 4457 3744 4510 δοῦ-

2161 4560 2246 4596 ναι
2277 4545 2393 4606 τοῖς
2415 4543 2525 4596 τῶν
2545 4545 2842 4617 μαρτύρων
2863 4547 3188 4613 προσελθεῖν
3209 4550 3507 4619 λειψάνοις.
3534 4551 3738 4605 Λαϐὼν

2161 4634 2346 4687 τοίνυν
2376 4633 2470 4688 καὶ
2498 4636 2810 4705 προσελθὼν
2862 4638 3055 4706 ἐδεῖτο,
3121 4641 3520 4710 προσέπιπτεν,
3551 4643 3737 4712 ἠξίου,

2161 4725 2260 4796 τὴν
2289 4727 2438 4780 κόνιν
2464 4727 2902 4800 περιεπτύσσετο
2941 4732 3036 4783 καὶ
3071 4730 3411 4800 συνάρασθαι
3436 4732 3613 4802 τούτῳ
3641 4735 3739 4802 τῆς

2161 4819 2446 4889 ἀθλήσεως
2473 4819 2695 4892 ηὔχετο,
2724 4824 2820 4877 καὶ
2853 4827 3206 4897 παραχρῆμα
3239 4827 3392 4897 φωνὴ
3431 4826 3526 4879 τοῦ
3562 4830 3738 4894 τάφου

2161 4911 2393 4980 ἠκούετο
2417 4928 2431 4942 ⁶
2463 4915 2636 4969 ἐδόκει
2668 4915 2725 4970 δὲ
2752 4917 2785 4988 ἡ
2815 4918 2968 4988 φωνὴ
2983 4918 3286 4990 Φιλήμονος
3317 4917 3454 4972 εἶναι
3493 4933 3507 4948 ⁶
3534 4920 3742 4990 ’Λνδρῖο

2162 5005 2281 5069 ζου,
2331 5006 2604 5076 Ἀρριανὲ,
2663 5006 2920 5080 λέγουσα,
2977 5010 3071 5064 καὶ
3136 5010 3300 5078 φόϐος
3351 5028 3412 5064 σε
3471 5012 3739 5083 μηδαμῶς

2163 5097 2357 5166 ἐχέτω.
2395 5098 2529 5150 Ἰδοὺ
2561 5100 2670 5170 γάρ
2695 5118 2753 5153 σε
2790 5102 2926 5174 πρὶς
2950 5103 3142 5156 ἑαυτὸν
3179 5106 3205 5157 ό
3235 5104 3515 5173 Δεσπότης
3569 5121 3739 5173 μετα-

2163 5191 2415 5243 καλεῖται
2436 5193 2530 5244 καὶ
2557 5193 2664 5262 πρὸ
2691 5194 2818 5257 τοὺς
2845 5195 3066 5264 ἀγῶνας
3096 5195 3243 5264 ἄγει,
3300 5197 3396 5249 καὶ
3425 5195 3742 5249 διαπλέκειν

2161 5284 2392 5354 ἄρχεταί
2424 5302 2505 5338 σοι
2535 5287 2630 5340 τοῦ
2664 5288 2972 5358 μαρτυρίου
3003 5289 3100 5342 τὸν
3145 5289 3436 5358 στέφανον.
3479 5289 3741 5357 Προπέμ-

2163 5393 2362 5440 ποντας
2382 5378 2438 5430 δέ
2473 5395 2531 5431 σε
2556 5379 2687 5450 παρ’
2712 5383 2877 5433 αὑτὸν
2905 5383 3147 5444 καὶτοὺς
3180 5387 3570 5452 προτέκτωρας
3596 5381 3739 5446 ἕξεις

2162 5474 2258 5524 καὶ
2282 5473 2392 5525 τῶν
2428 5473 2608 5525 πόνων
2637 5475 2734 5526 καὶ
2763 5475 2871 5526 τῶν
2893 5474 3148 5545 ἀμοιϐῶν
3175 5475 3574 5538 κοινωνοῦντας
3631 5491 3738 5530 σοι.

2161 5565 2381 5617 Τούτων
2439 5567 2653 5618 ἐκεῖνον
2708 5567 3022 5621 ἀκούσαντα
3055 5567 3318 5640 ἔκπληξίς
3369 5587 3429 5622 τε
3461 5569 3602 5639 μετά
3631 5569 3741 5621 τῶν

2163 5659 2436 5710 συνόντων
2477 5659 2651 5729 εἰσῄει
2705 5661 2800 5712 καὶ
2847 5661 3029 5726 ἁδείας
3057 5662 3161 5714 ὑπὸ
3194 5662 3304 5715 τῶν
3335 5663 3741 5731 προτεκτὼρων

2161 5750 2442 5818 ίπιτυχὼν
2489 5755 2566 5816 είς
2599 5754 2688 5806 τὸν
2721 5750 2871 5809 οἷκον
2919 5756 3007 5808 τὶν
3042 5756 3206 5810 αὑτοῦ
3240 5758 3536 5810 ὲπανὲκεν.
3570 5754 3736 5806 Ἔνθα
