4102 6376
477 313 583 374 555
1701 302 1982 363 MENSIS
2025 299 2451 362 DECEMBER.
3612 297 3717 361 558

474 424 604 481 liter
652 422 704 474 in
745 435 811 474 eo
859 417 1256 487 quiescentem.
1290 411 1414 466 llaec
1475 426 1599 466 cum
1655 411 1885 466 vidisset
1917 412 2044 466 Dio-

2162 411 2441 473 Ξασιλείοις
2476 408 2617 474 τινὸς
2665 408 2930 478 οἰόμενος.
2974 405 3130 459 Ἐϐόα
3169 407 3265 460 οὖν
3312 405 3408 460 καὶ
3436 407 3721 460 συνεκάλει

476 513 767 574 eletiauus,
832 507 936 562 {uit
973 505 1338 560 conturbatus
1387 512 1446 557 et
1495 501 1815 567 exterritus,
1862 500 2048 556 existi-

2162 503 2271 563 τοὺς
2293 501 2659 572 βοηθήσοντας
2683 516 2694 530 ·
2728 497 3011 570 Ἀρριανὸς
3033 497 3112 563 δὲ,
3137 498 3231 568 Μὴ
3255 496 3510 568 θορυϐοὖ,
3534 499 3723 574 πράως

479 620 634 664 mans
680 602 916 672 aliquem
975 613 1040 653 ex
1072 596 1139 651 iis
1187 595 1466 666 quierant
1493 595 1546 648 in
1576 595 1744 665 regia,
1789 593 2050 648 invadere

2162 597 2254 648 Ξιπδ
2278 596 2375 665 τῆς
2405 595 2593 664 κλίνης
2639 592 2790 663 αὑτῷ
2822 592 3188 664 ὑπερεφώνει,
3234 592 3409 654 οὐδεὶς
3449 571 3723 658 ἐπανέστη

477 692 846 767 tyrannidem.
871 687 1156 746 Clamabat
1184 686 1370 755 itaque
1387 693 1443 740 et
1468 687 1808 740 convocabat
1834 699 1934 739 eos
1955 683 2048 754 qui

2162 687 2257 740 τῶν
2284 686 2388 740 ὑπὸ
2405 688 2587 757 χεῖρα,
2610 685 2718 738 οὐδ’
2743 685 3005 756 ἐπιϐουλή
3023 702 3106 748 τις
3130 683 3419 754 εἴργασται
3444 685 3585 736 κατὰ
3608 683 3725 748 σοῦ,

477 794 664 845 essent
696 799 854 854 opem
891 781 1055 838 laturi
1076 799 1098 848 ;~
1117 780 1398 851 ,Arrianus
1435 794 1567 834 vero
1591 778 1642 832 ei
1677 777 1875 831 leniter
1909 777 2045 830 dixit

2162 778 2262 830 ὶλλ’
2293 777 2403 845 ἐγώ
2439 795 2520 830 σοι
2553 779 2764 841 ἐκεῖνος
2796 776 3087 849 Ἀρριανὸς
3137 778 3165 828 ὁ
3198 774 3423 846 ἡγεμὼν
3457 774 3728 844 Θηϐαΐδος

476 895 508 934 e
539 880 684 934 lecto
712 886 736 928 :'
751 875 830 930 Ne
857 870 1230 935 conturberis;
1261 883 1423 923 nemo
1457 884 1522 922 ex
1554 868 1620 922 iis
1654 867 1747 935 qui
1779 875 1908 920 sunt
1940 875 2046 920 tu.e

2162 867 2204 922 iv
2227 869 2306 931 εἰς
2331 871 2392 922 τδ
2415 869 2603 938 χάσμα
2636 867 2838 938 βαλὼν,
2867 868 3115 937 ἰδωμεν,
3139 867 3346 933 ἔλεγες,
3371 867 3420 920 εί
3453 869 3562 920 τῶν
3579 868 3729 936 ἐμῶν

477 967 709 1040 subjecti
754 962 1036 1036 potestati,
1091 960 1361 1014 adversus
1418 968 1470 1012 te
1521 957 1838 1018 insurrexit,
1870 971 2050 1025 neque

2162 957 2313 1010 ιὺτὸν
2345 957 2613 1022 ὲξελεῖται
2648 960 2845 1030 χειρῶν
2877 961 2904 1013 ὁ
2938 961 3198 1030 Χριστός.

481 1068 605 1123 ιιιιιε
648 1064 746 1119 tibi
783 1069 914 1116 sunt
959 1067 1159 1129 paratae
1194 1055 1446 1121 insidiae;
1503 1055 1597 1109 sed
1626 1069 1726 1124 ego
1756 1069 1875 1107 sum
1914 1053 2003 1106 ille
2041 1053 2328 1119 Arrianus,
2365 1055 2663 1110 Thebaidis
2700 1063 3054 1122 procurator,
3091 1071 3255 1125 quem
3279 1071 3402 1109 cum
3436 1056 3490 1110 in
3512 1065 3724 1110 vastum

480 1161 638 1216 illum
703 1153 888 1228 jecisti
953 1152 1186 1214 hiatum,
1223 1149 1539 1212 Videamus,
1569 1147 1813 1209 dicebas,
1839 1161 1906 1198 an
1936 1145 2188 1202 Christus
2243 1149 2420 1217 ipsum
2450 1163 2479 1202 a
2508 1149 2645 1202 meis
2681 1148 2941 1203 liberabit
2971 1149 3243 1203 manibus.

552 1252 745 1310 XLIII.
777 1253 1008 1321 Propter
1044 1248 1160 1302 haec
1194 1244 1570 1300 Diocletianus
1602 1243 1706 1296 fuit
1736 1242 1918 1295 animo
1949 1242 2048 1295 ob-

2219 1244 2352 1297 Ml".
2391 1243 2534 1312 Πρὸς
2560 1242 2737 1296 ταῦτα
2759 1244 3146 1312 Διοκλητιανὸς
3171 1242 3449 1310 ἐξεπλάγη
3489 1241 3589 1312 τὴν
3621 1242 3728 1312 ψυ-

479 1347 848 1420 stupelactus,
878 1355 1170 1410 sermoque
1194 1339 1296 1394 fuit
1321 1338 1373 1394 ei
1402 1336 1720 1406 impeditus,
1771 1344 1827 1389 et
1873 1349 2050 1403 neque

2162 1333 2273 1405 (ὴν,
2313 1332 2621 1405 ἑπεσχέσθη
2684 1333 2744 1387 τὸ
2776 1333 3022 1402 φθέγμα,
3045 1334 3140 1387 καὶ
3191 1335 3312 1387 οὑδὲ
3368 1332 3550 1403 φωνὴν
3578 1335 3728 1404 ὅμως

487 1458 673 1499 vocem
703 1437 925 1509 quidem
975 1434 1200 1488 omnino
1233 1438 1450 1502 poterat
1478 1429 1752 1483 emittere.
1791 1426 1892 1480 Vix
1933 1434 2052 1480 tan-
2095 1433 2102 1440 '

485 1537 606 1590 dem
637 1533 704 1589 ad
731 1547 790 1588 se
818 1529 1053 1586 rediens.
1088 1526 1235 1580 foras
1275 1522 1574 1594 processit,
1603 1521 1798 1575 timore
1833 1527 2054 1589 pertur-

2149 1425 2414 1498 προέσθαι
2437 1425 2663 1488 δυνατὸς
2684 1420 2772 1494 ἦν.
2808 1424 3061 1493 Βραδέως
3088 1423 3146 1477 δὲ
3195 1426 3290 1477 καὶ
3317 1425 3472 1494 μόλις
3503 1429 3725 1492 ἀνενεγ-

2149 1514 2261 1569 κὼν
2288 1516 2390 1580 ἔξω
2421 1531 2480 1566 τε
2525 1511 2784 1584 περιδεὴς
2834 1509 3032 1580 ἐχώρει
3062 1511 3154 1563 καὶ
3201 1510 3332 1580 βοῆς
3360 1510 3430 1563 τὰ
3481 1509 3728 1578 βασίλεια

489 1629 668 1690 batus,
696 1634 754 1678 et
791 1623 1030 1677 clamore
1077 1617 1322 1688 implevit
1361 1616 1566 1686 regiam
1613 1631 1626 1668 :
1665 1611 1708 1667 Ο
1743 1610 2051 1681 improbam

2162 1604 2436 1667 ἑνεπίπλα,
2449 1604 2560 1674 Τῆς
2582 1601 2962 1672 κακοτεχνίας,
2986 1601 3182 1668 λέγων,
3204 1599 3304 1670 τῆς
3325 1600 3578 1669 γοητείας
3601 1600 3613 1652 l
3638 1600 3728 1652 οὑ-

485 1689 686 1780 artetn,
720 1716 934 1777 dicens,
965 1729 999 1767 ο
1038 1709 1340 1782 ργωειὶεἱεε
1373 1708 1386 1759 l
1425 1722 1590 1760 nemo
1630 1706 1915 1764 hucusque
1946 1702 2053 1756 tale

2162 1697 2241 1749 δὲν
2260 1695 2475 1749 οὑδέπω
2502 1694 2762 1748 τοσοῦτον
2793 1693 3105 1763 εἴργασται,
3138 1692 3234 1746 καὶ
3277 1690 3455 1745 πολλὰ
3499 1689 3726 1743 τοιαῦτα

427 1819 429 1822 ‘
487 1811 621 1880 quid
649 1806 798 1872 fecit;
824 1817 879 1862 et
903 1805 1104 1859 multas
1124 1799 1392 1872 ejusmodi
1419 1798 1608 1852 dicens
1629 1810 1823 1866 nugas.
1851 1793 2056 1848 Deinde

476 1901 652 1956 etiam
692 1897 887 1969 majori
923 1899 1001 1950 ira
1028 1907 1315 1957 accensus,
1334 1890 1494 1961 jussit
1522 1888 1706 1943 statim
1730 1902 1948 1942 saccum
1971 1884 2056 1939 af-

485 1989 648 2054 lerri,
684 1989 738 2042 in
768 2002 876 2057 quo
905 1994 1050 2040 esset
1079 1982 1300 2053 quidem
1330 1994 1522 2043 arena,
1547 1977 1641 2032 sed
1675 1991 1786 2030 non
1814 1984 1959 2032 esset
1992 1989 2057 2030 ea

486 2083 703 2153 plenus,
727 2081 837 2134 imo
853 2089 999 2134 esset
1016 2090 1208 2146 magna
1227 2090 1292 2129 ex
1315 2082 1465 2144 parte
1483 2087 1712 2136 vacuus,
1739 2079 1799 2125 ut
1816 2069 2058 2140 pondere

485 2175 734 2246 quidem,
769 2171 969 2233 aiebat,
1005 2183 1184 2224 arenae
1216 2167 1474 2222 deorsum
1504 2164 1752 2219 trahatur
1795 2178 1810 2216 :
1861 2170 1927 2217 eo
1960 2177 2058 2216 au-

487 2282 620 2334 tem.
666 2267 814 2340 quod
865 2276 952 2322 est
996 2278 1255 2328 vacuum,
1306 2260 1572 2330 suscipiat
1608 2257 1944 2323 Arrianum;
2002 2257 2058 2310 in

486 2377 648 2432 quem
675 2361 936 2430 injectum
977 2357 1134 2428 jubet
1164 2369 1290 2410 eum
1321 2352 1524 2408 dimitti
1555 2352 1610 2406 in
1641 2351 1750 2404 alto
1780 2348 1938 2404 mari.
1969 2347 2058 2403 ln-

487 2451 645 2505 terim
680 2464 811 2503 vero
856 2455 1199 2516 protectores
1241 2457 1486 2513 quoque,
1515 2451 1575 2495 ut
1620 2454 1855 2508 quorum
1887 2436 2057 2492 animi

490 2543 671 2611 priore
720 2539 986 2595 miraculo
1039 2545 1226 2592 essent
1273 2534 1430 2598 moti,
1479 2530 1813 2587 conﬁtentur
1845 2545 1906 2585 se
1939 2545 2060 2585 esse

482 2633 859 2699 Christianos,
895 2640 951 2686 et
983 2628 1307 2686 accedentes
1340 2625 1407 2681 ad
1442 2624 1839 2681 Diocletianum
1869 2637 1884 2675 :
1915 2619 2061 2686 Qua-

489 2743 613 2783 nam
661 2726 730 2781 de
777 2739 965 2790 causa,
1013 2721 1256 2784 aiebant,
1291 2719 1594 2782 hominem,
1626 2716 1722 2786 qui
1753 2714 1892 2769 nihil
1927 2712 2057 2766 mali

489 2819 709 2888 quidem
735 2816 888 2880 fecit,
925 2816 1035 2870 lino
1063 2829 1196 2868 vero
1222 2811 1337 2867 Deo
1365 2825 1502 2866 vero
1528 2817 1614 2865 est
1650 2807 1979 2878 conjunetus
2006 2812 2060 2859 et

483 2910 793 2975 familiaris,
825 2916 880 2964 et
905 2923 1002 2978 per
1031 2907 1210 2976 ipsum
1250 2919 1362 2958 non
1393 2916 1568 2972 pauca
1595 2900 1726 2955 fecit
1761 2898 2052 2962 miracula,

487 3008 626 3059 adeo
653 3011 714 3058 ut
743 3018 935 3057 omnes
966 3001 1060 3070 qui
1107 2999 1157 3054 ei
1213 2998 1328 3052 Deo
1370 2993 1745 3056 crediderunt,
1779 2989 2060 3046 conﬁdant

2157 1789 2354 1858 λέγων.
2388 1783 2520 1840 Εἶτα
2546 1788 2642 1840 καὶ
2665 1785 2802 1856 πρδς
2830 1786 3056 1856 μείζονα
3093 1784 3263 1854 θυμὸν
3295 1783 3554 1852 tamen;
3591 1784 3724 1837 σάκ-

2159 1897 2252 1934 κον
2308 1879 2467 1942 εὑθὺς
2533 1879 2794 1932 ἐπέταττε
2855 1879 3188 1949 κομισθῆναι
3217 1876 3446 1946 ψάμμον
3497 1875 3724 1943 ἔχοντα,

2159 1970 2300 2040 πλὴν
2323 1971 2382 2023 οὑ
2423 1970 2644 2039 μεστὸν,
2677 1969 2795 2024 ἀλλ’
2823 1969 3071 2040 ἐπιχειλῆ
3101 1969 3196 2022 καὶ
3231 1968 3506 2030 διάκενον,
3532 1967 3620 2020 ἴνα
3647 1965 3724 2035 τῷ

2161 2063 2258 2134 μὲν
2280 2063 2432 2132 ἄχθει
2459 2062 2559 2130 τῆς
2610 2063 2861 2132 ψάμμου,
2897 2061 3052 2131 φησὶ,
3103 2061 3460 2131 καθέλκηται,
3497 2059 3575 2131 τῷ
3605 2059 3725 2112 δια-

2157 2153 2299 2222 κένῳ
2321 2153 2374 2205 δὲ
2407 2153 2498 2207 τὸν
2552 2154 2843 2225 ’Λρριανὺν
2875 2153 3227 2223 ὑποδέχηται·
3279 2145 3324 2220 ᾧ
3380 2151 3727 2222 ἐμϐληθέντα

2158 2245 2494 2316 προσωτέρω
2540 2246 2818 2316 θαλάσσης
2871 2245 3219 2316 ἐπέσκηπτεν
3273 2243 3566 2314 ἀφεθῆναι.
3639 2242 3728 2296 Ἐν

2157 2335 2332 2406 τούτῳ
2381 2336 2438 2389 δὲ
2475 2335 2570 2389 καὶ
2617 2335 2668 2390 οι
2721 2335 3128 2407 προτέκτωρες,
3155 2332 3243 2388 οἷα
3283 2335 3360 2406 τῷ
3395 2333 3725 2404 προλαϐόντι

2159 2427 2354 2497 αἵματι
2374 2427 2473 2490 τὰς
2502 2426 2680 2498 ψυχὰς
2703 2427 3163 2498 προκεκινημένοι
3193 2425 3558 2499 Χριστιανοὺς
3599 2425 3729 2479 tau-

2158 2519 2284 2581 τοὺς
2313 2518 2724 2588 ἀνομολογοῦσι,
2758 2519 2851 2571 καὶ
2901 2518 3294 2590 προσελθόντες
3327 2514 3728 2588 Διοκλητιανῷ.

2161 2609 2324 2662 ’οτου
2355 2608 2536 2679 χάριν,
2569 2605 2741 2673 εἷπον,
2768 2609 3056 2680 ἄνθρωπον
3083 2608 3388 2663 οὐδ’ὁτιοῦν
3416 2609 3516 2678 μὲν
3540 2608 3730 2677 ἀδικη-

2162 2717 2353 2764 σαντα,
2379 2700 2499 2770 Θεῷ
2525 2699 2582 2752 δὲ
2615 2702 2816 2770 μᾶλλον
2841 2701 3065 2771 ἀψευδεῖ
3108 2701 3606 2772 προσοικειωθέντα
3632 2702 3729 2752 καὶ

2157 2792 2222 2846 δι’
2250 2793 2413 2847 αὑτοῦ
2445 2793 2726 2863 θαυμάσια
2782 2794 2885 2848 οὑκ
2937 2793 3098 2863 ὀλίγα
3153 2795 3526 2864 ἐνηργηκότα.
3583 2792 3726 2846 ὥστε

2160 2885 2383 2956 θαρρεῖν
2409 2884 2652 2948 ἅπαντας
2683 2885 2812 2949 τοὺς
2843 2885 2963 2956 Θεῷ
3005 2883 3232 2956 τοιούτῳ
3288 2885 3729 2946 πεπιστευκότας

2157 2972 2258 3035 ὅτι,
2292 2970 2394 3026 κᾶν
2422 2972 2685 3026 ἀποθάνοι
2711 2990 2816 3038 τις,
2849 2972 3097 3044 ζήσεται,
3131 2973 3232 3026 κᾶν
3257 2975 3314 3026 ὲν
3346 2974 3522 3044 βόθρῳ
3553 2973 3726 3044 βληθῇ

488 3094 636 3166 quod
687 3092 901 3148 etiamsi
952 3090 1077 3162 quis
1120 3098 1371 3144 mortuus
1413 3085 1600 3149 fuerit,
1635 3085 1803 3148 vivet,
1849 3081 1953 3136 etsi
1999 3080 2052 3135 in

2162 3064 2252 3166 καὶ
2295 3063 2462 3166 λίθοις
2524 3064 2880 3136 καταχωσθῇ,
2944 3067 3052 3120 κᾶν
3111 3066 3376 3120 ὑποκάτω
3439 3067 3659 3137 πετρῶν
3695 3067 3728 3135 ἢ

483 3190 690 3245 fossam
724 3185 891 3241 fuerit
923 3185 1222 3254 projectus,
1250 3177 1462 3234 etiamsi
1492 3174 1768 3244 lapidibus
1797 3172 2056 3238 obrutus,

484 3278 704 3335 etiamsi
736 3279 808 3332 sit
837 3275 940 3330 sub
971 3273 1164 3341 petris,
1203 3269 1419 3325 etiamsi
1453 3266 1639 3322 omnia
1679 3263 1844 3319 simul
1890 3262 2059 3318 luerit

488 3384 684 3440 passus
718 3367 928 3439 gravia,
964 3363 1140 3435 possit
1178 3375 1374 3416 rursus
1409 3356 1618 3414 servari
1648 3371 1715 3412 ex
1745 3355 2004 3410 omnibus
2042 3372 2055 3408 :

489 3477 588 3516 cur
616 3476 742 3516 eum
773 3469 1030 3528 tanquam
1062 3452 1374 3508 maleﬁcum
1410 3449 1726 3520 quempiam
1747 3445 1964 3519 jussisti
2004 3444 2057 3498 in

491 3567 640 3608 mare
669 3550 873 3621 dejici?
903 3549 1041 3604 Cum
1077 3545 1195 3616 ipso
1221 3559 1352 3614 ergo
1387 3557 1490 3597 nos
1519 3554 1739 3613 quoque
1759 3553 1862 3593 nos
1913 3537 2061 3608 ipsos

491 3645 816 3714 praebemus,
844 3648 902 3696 et
935 3653 1216 3710 rogamus,
1247 3645 1306 3690 ut
1328 3633 1577 3690 eamdem
1606 3637 1863 3694 mortem,
1899 3641 2059 3698 quam

491 3739 628 3808 ipse,
657 3733 971 3790 subeamus.
997 3728 1288 3784 Credimus
1316 3725 1462 3781 enim
1496 3725 1666 3779 Deum
1691 3719 1935 3784 Arriani,
1965 3717 2058 3788 qui

501 3843 627 3882 eum
657 3826 846 3882 eduxit
873 3839 938 3880 ex
965 3820 1236 3894 profundo
1267 3828 1443 3882 terra),
1478 3823 1534 3870 et
1565 3813 1828 3876 vinculis,
1859 3819 1916 3865 et
1941 3819 2063 3863 tan-

492 3923 563 3977 tis
593 3919 896 3991 lapidibus,
933 3929 1092 3986 posse
1135 3928 1237 3968 nos
1285 3925 1506 3982 quoque
1557 3906 1852 3970 suscitare,
1897 3911 1952 3957 et
1992 3902 2057 3955 ad

490 4015 750 4085 optimam
781 4011 947 4065 vitam
979 4006 1264 4061 traducere
1288 4011 1344 4059 et
1373 4002 1534 4071 longe
1564 3996 1960 4054 beatissimam.

563 4104 751 4160 XLIV.
807 4100 887 4155 Ad
950 4099 1066 4152 hzec
1129 4096 1219 4149 ille
1277 4091 1574 4147 admodum
1628 4086 1835 4142 ironiee
1884 4104 1896 4138 :
1949 4085 2062 4153 Ego

497 4197 663 4250 etiam
695 4193 869 4263 prius,
898 4188 1099 4258 inquit,
1141 4183 1362 4254 quando
1406 4194 1628 4237 eramus
1657 4177 1903 4248 ejusdem
1940 4188 2066 4228 sen—

495 4285 702 4350 tentia,
733 4292 788 4337 et
815 4282 982 4337 eratis
1015 4278 1269 4339 studiosi,
1310 4283 1369 4329 ut
1394 4287 1480 4327 me
1508 4267 1900 4330 observaretis,
1939 4265 2064 4319 nul-

493 4383 626 4442 lam,
652 4385 714 4430 ut
743 4373 920 4435 scitis,
941 4381 1178 4426 vestram
1208 4367 1383 4437 repuli
1412 4364 1761 4436 petitionem,
1793 4359 1888 4415 sed
1905 4373 2064 4414 .sem-

2160 3155 2332 3226 ὀρέων
2354 3153 2411 3230 ᾖ,
2443 3158 2549 3211 κᾶν
2575 3157 2712 3228 ὁμοῦ
2744 3158 2906 3213 πάθοι
2944 3159 3012 3212 τὰ
3039 3158 3190 3212 δεινά
3218 3157 3460 3223 ἅπαντα,
3503 3158 3730 3214 δυνατὸν

2161 3247 2313 3318 αὑτῷ
2339 3249 2504 3302 πάλιν
2536 3250 2600 3303 ἐκ
2623 3249 2842 3304 πάντων
2877 3249 3267 3320 ἀνασωθῆναι·
3315 3251 3404 3304 διὰ
3426 3252 3476 3304 τί
3508 3251 3573 3322 δὴ
3608 3251 3732 3304 τοῦθ

2161 3357 2251 3393 τον
2273 3340 2466 3412 ὥσπερ
2491 3341 2615 3396 τινὰ
2644 3342 2751 3394 τῶν
2785 3342 3112 3412 κακούργων
3155 3342 3427 3412 ἀφεθῆναι
3453 3343 3596 3396 κατὰ
3637 3342 3731 3396 θα-

2161 3432 2366 3502 λάσσης
2390 3434 2714 3497 ὲκέλευσαςς
2749 3433 2853 3486 Σὺν
2885 3434 3034 3504 αὑτῷ
3061 3430 3155 3488 οὖν
3187 3436 3281 3488 καὶ
3307 3437 3468 3506 ἡμεῖς
3496 3437 3724 3500 ἑαυτοὺς

2165 3523 2580 3595 ἑμπαρέχομεν,
2607 3525 2851 3592 δεόμενοι
2873 3525 3096 3590 τὸηῖσον
3121 3526 3313 3596 ἐκείνῳ
3337 3525 3567 3580 θάνατον
3591 3528 3726 3580 ὑπο-

2164 3614 2373 3683 στῆναι.
2407 3611 2744 3682 Πιστεὺομεν
2777 3614 2885 3684 γὰρ
2916 3615 2992 3678 ὡς
3023 3619 3050 3670 ὁ
3079 3616 3367 3687 ’Λρριανοῦ
3401 3616 3533 3679 Θεὸς
3558 3619 3586 3671 ὀ
3608 3616 3729 3672 τοῦ-

2161 3723 2252 3758 τον
2275 3708 2338 3758 ὲκ
2375 3703 2548 3776 μυχοῦ
2577 3705 2676 3773 γῆς
2702 3705 2795 3758 καὶ
2829 3706 3045 3777 δεσμῶν
3069 3707 3164 3761 καὶ
3197 3707 3362 3762 λίθων
3388 3707 3726 3781 τηλικούτων

2163 3797 2470 3866 ἐξαγαγὼν,
2522 3797 2685 3861 αὐτὸς
2729 3797 2955 3860 δυνατὸς
2999 3799 3152 3852 ἔσται
3187 3801 3403 3864 πάντως
3451 3803 3546 3855 καὶ
3578 3804 3727 3871 ἡμᾶς

2163 3889 2466 3957 ἀναστῆσαι
2500 3890 2594 3942 καὶ
2626 3891 2705 3954 είς
2744 3891 3032 3962 κρείττονα
3061 3890 3210 3962 ζωὴν
3239 3892 3334 3946 καὶ
3372 3894 3729 3964 μακαριωτά-

2162 3997 2266 4049 την
2291 3983 2610 4050 ἀναγαγεῖν.

2233 4076 2364 4128 ΜΔν.
2399 4076 2538 4142 [Ιρδς
2571 4074 2745 4129 ταῦτα
2776 4075 2913 4147 μετά
2945 4076 3152 4146 πολλῆς
3180 4078 3390 4140 ἐκεῖνος
3436 4077 3535 4148 τῆς
3565 4079 3730 4147 εἰρω-

2164 4170 2333 4234 νείας,
2375 4168 2516 4236 Ἐγὼ
2546 4169 2641 4222 καὶ
2676 4171 2966 4240 πρότερον,
3006 4166 3180 4232 εἷπεν,
3233 4170 3394 4240 ἡνίκα
3419 4169 3522 4238 τῆς
3559 4172 3730 4241 αὐτῆς

2165 4258 2508 4312 ὲκοινωνεῖτέ
2537 4276 2627 4329 μοι
2661 4257 2890 4328 γνώμης
2944 4259 3034 4311 καὶ
3061 4259 3189 4328 περὶ
3215 4259 3316 4327 τὴν
3364 4259 3505 4328 ἐμὴν
3533 4261 3730 4312 ὲσπου-

2165 4351 2358 4415 δάξετε
2411 4349 2730 4421 θεραπείαν,
2775 4351 2877 4402 οὑκ
2931 4350 3178 4420 ἀγνοεῖτε
3222 4352 3441 4414 πάντως
3499 4351 3576 4414 ὡς
3607 4351 3727 4404 οὑδὲ

491 4483 594 4538 per
622 4463 1023 4523 vos-exaudivi,
1049 4470 1105 4514 et
1137 4469 1194 4513 ut
1227 4436 1380 4528 pater
1429 4455 1666 4509 ﬁliorum
1697 4491 1712 4518 ,
1761 4451 1839 4505 sic
1890 4448 2060 4507 vestri

2169 4443 2301 4513 μίαν
2329 4441 2439 4495 τῶν
2463 4441 2744 4512 ὑμετέρων
2775 4439 3058 4509 διωσάμην
3084 4443 3377 4509 αἰτήσεων,
3413 4441 3530 4494 ἀλλ’
3591 4441 3731 4512 ὲπήο

496 4571 687 4612 curam
716 4555 880 4625 gessi.
917 4553 1062 4617 Quin
1089 4551 1255 4604 etiam
1289 4563 1436 4600 nunc
1461 4560 1706 4614 quoque,
1737 4543 1841 4597 etsi
1873 4543 1929 4596 in
1961 4556 2058 4611 pa-

496 4649 633 4703 trios
666 4645 799 4700 deos
829 4643 1004 4714 impii,
1037 4651 1094 4696 et
1120 4641 1176 4694 in
1207 4654 1308 4693 nos
1339 4636 1589 4691 inﬁdeles
1613 4633 1958 4697 exstiteritis,
1995 4645 2064 4684 ne

497 4739 580 4796 sic
610 4737 833 4808 quidem
862 4749 961 4790 vos
999 4731 1282 4802 repellam.
1309 4728 1413 4784 Sed
1437 4725 1698 4797 quoniam
1721 4723 1889 4780 sititis
1917 4737 2061 4777 eam-

498 4831 624 4885 dem
670 4835 941 4889 mortem,
979 4836 1144 4894 quam
1197 4819 1484 4878 Arrianus,
1537 4830 1637 4885 ego
1683 4829 1801 4868 eam
1843 4825 2064 4882 quoque

498 4923 658 4977 vobis
682 4917 980 4975 concedam
1020 4911 1400 4970 libentissime.
1451 4907 1804 4978 Theotychus
1835 4914 2015 4959 autem
2047 4942 2061 4964 ,

497 5017 591 5084 qui
627 5021 746 5068 erat
772 5011 986 5082 primus
1012 5009 1256 5070 illorum,
1286 5003 1568 5072 excipiens
1598 5017 1611 5055 :
1645 5001 1809 5064 Deus,
1847 4995 2060 5066 inquit,

496 5123 530 5161 ο
557 5107 875 5177 imperator,
907 5101 972 5155 ad
999 5115 1161 5170 quem
1195 5097 1512 5168 migramus,
1539 5104 1593 5148 et
1619 5093 1672 5146 in
1700 5106 1862 5161 quem
1895 5089 2064 5144 resol-

497 5202 680 5253 viluur
713 5215 728 5252 :
760 5197 851 5265 qui
903 5193 1064 5249 nobis
1105 5205 1304 5244 nomen
1337 5186 1569 5256 praebuit
1617 5180 1961 5245 admirabile,
2009 5187 2064 5232 et

495 5293 585 5347 cui
619 5291 824 5362 placuit
855 5299 914 5342 ut
943 5301 1046 5342 nos
1082 5294 1312 5339 mortem
1346 5297 1446 5352 pro
1473 5295 1541 5332 eo
1571 5278 1905 5336 subiremus,
1939 5272 2058 5342 ipse

501 5399 552 5440 te
583 5381 1023 5437 remunerabitur
1067 5391 1168 5448 pro
1205 5374 1414 5429 meritis
1443 5381 1548 5426 tua:
1587 5369 1642 5422 in
1678 5383 1777 5422 nos
1821 5364 2067 5419 all‘ectio-

497 5473 630 5533 uis;
666 5472 762 5526 sed
798 5470 843 5524 si
868 5469 974 5523 hoc
998 5481 1218 5538 quoque
1243 5481 1272 5519 a
1301 5473 1354 5518 te
1383 5471 1563 5534 potest
1595 5457 1902 5528 impetrari,
1933 5470 2064 5521 rogo

493 5570 572 5645 te,
611 5577 646 5618 ο
685 5561 1000 5632 imperator,
1031 5569 1090 5614 ut
1119 5573 1268 5611 meas
1319 5553 1606 5610 facultates
1635 5550 1801 5604 liceat
1835 5549 1888 5602 in
1923 5545 2061 5600 duas

498 5659 682 5721 partes
715 5650 977 5716 dividere,
997 5659 1052 5704 et
1079 5663 1186 5702 una
1213 5648 1434 5717 quidem
1468 5657 1595 5714 pars
1615 5639 1752 5695 aula:
1773 5650 2066 5692 consecre-

496 5753 590 5796 tur
621 5741 800 5809 regi-.15,
839 5742 1008 5797 altera
1038 5757 1166 5796 vero
1207 5738 1568 5794 distribuatur
1599 5730 1858 5802 orphanis
1889 5739 1941 5783 et
1978 5728 2061 5782 vi-

2169 4551 2292 4586 κοον
2325 4533 2560 4603 ἐμαυτὸν
2583 4533 2670 4584 ἀεὶ
2700 4535 2961 4602 παρεῖχον
2993 4531 3122 4602 ὑμῖν
3146 4533 3239 4584 καὶ
3270 4531 3462 4603 ὥσπερ
3504 4548 3588 4592 τις
3623 4549 3730 4582 πα-

2169 4624 2273 4694 τὴρ
2334 4624 2538 4676 παίδων
2573 4623 2814 4692 γνησίων
2857 4623 3001 4677 οὑτω
3037 4625 3399 4694 περιειχὸμην
3443 4623 3571 4693 ὑμῖν
3594 4640 3608 4654 ·
3638 4627 3731 4675 καὶ

2167 4717 2264 4771 νῦν
2299 4716 2353 4769 δὲ
2416 4715 2634 4778 ἀσεϐεῖς
2693 4733 2749 4768 τε
2787 4716 2914 4785 περὶ
2944 4719 3068 4778 τοὺς
3106 4716 3393 4786 πατρῴους
3433 4715 3589 4778 θεοὺς
3640 4716 3732 4768 καὶ

2169 4812 2297 4880 περὶ
2331 4808 2479 4878 ἡμᾶς
2522 4807 2788 4869 ἀπίστους
2823 4807 3202 4875 ἀναφανέντας
3236 4807 3361 4860 οὑδὲ
3387 4806 3560 4870 οὕτως
3589 4807 3734 4876 ὑμός

2167 4901 2480 4970 ἀπώσομαι.
2545 4900 2686 4952 Ἀλλ’
2719 4901 2844 4952 ἐπεὶ
2900 4901 2986 4952 τὸν
3020 4901 3183 4953 αὑτὸν
3246 4899 3513 4970 Ἀρριανῷ
3543 4899 3731 4965 διψᾶτε

2169 4994 2418 5054 θάνατον,
2457 4991 2568 5058 ἐγὼ
2612 4992 2705 5044 καὶ
2738 4990 2895 5044 τοῦτο
2927 4993 3056 5060 ὑμῖν
3088 4990 3479 5062 προθυμότατα
3510 4991 3734 5059 χαριοῦ-

2173 5102 2292 5156 μαι.
2320 5085 2585 5153 Θεὸτυχος
2610 5084 2666 5136 δὲ
2691 5086 2717 5136 ὁ
2771 5084 2988 5155 πρῶτος
3045 5085 3270 5136 ἐκείνων
3327 5084 3635 5145 ὑπολαϐὼν,
3675 5084 3735 5135 ’0

2166 5176 2320 5237 Θεὸς,
2345 5171 2522 5238 εἶπεν,
2557 5169 2602 5229 ὧ
2627 5173 2870 5243 βασιλεῦ,
2896 5177 3035 5246 πρὸς
3061 5175 3119 5226 ὂν
3145 5173 3494 5245 ἐκδημοῦμεν
3529 5174 3624 5226 καὶ
3653 5176 3735 5237 είς

2166 5267 2224 5320 ἂν
2257 5267 2588 5335 ἀναλὺομεν,
2609 5269 2636 5318 ὁ
2657 5267 2718 5319 τὸ
2735 5267 3050 5336 θαυμαστὸν
3072 5267 3206 5336 ἡμῖν
3234 5265 3734 5336 περιποιησάμενος

2167 5359 2337 5427 ϐνομα
2367 5361 2463 5412 καὶ
2506 5360 2598 5411 τὸν
2630 5358 2771 5429 ὑπὲρ
2802 5357 2966 5411 αὑτοῦ
2999 5358 3299 5429 εὐδοκήσας
3325 5356 3555 5410 θάνατον
3587 5357 3736 5425 ἡμᾶς

2169 5450 2491 5519 ὑποστῆναι,
2523 5451 2687 5513 αὑτός
2746 5466 2804 5502 σε
2838 5452 2937 5518 τῆς
2971 5450 3105 5519 πρὸς
3137 5450 3287 5520 ἡμᾶς
3312 5448 3480 5513 ἀξίως
3504 5448 3736 5517 ἀμείψε-

2167 5559 2257 5596 ται
2289 5543 2602 5607 διαθέσεως.
2635 5543 2782 5613 Πλὴν
2811 5546 2864 5598 εἰ
2894 5561 2975 5606 τις
3001 5543 3098 5597 καὶ
3131 5544 3281 5609 παρὰ
3311 5541 3518 5595 τοιοῦδε
3549 5540 3735 5610 χάρις.

2167 5633 2277 5702 ἐγὼ
2309 5636 2404 5686 καὶ
2434 5635 2590 5687 τοῦτό
2615 5651 2707 5687 σου
2729 5635 2944 5704 δέομαι,
2982 5633 3224 5705 βασιλεῦ,
3247 5634 3388 5686 ὥστε
3412 5632 3510 5704 τὴν
3549 5631 3737 5684 eiciunt

2167 5727 2263 5797 τὴν
2291 5726 2430 5797 ἐμὴν
2473 5728 2681 5796 ἐφεῖναι
2717 5727 2837 5780 δνσὶ
2870 5728 3086 5798 μοίραις
3117 5726 3486 5797 διαιρεθῆναι,
3517 5723 3612 5778 καὶ
3635 5719 3737 5793 τὴν
