4102 6376
379 293 486 361 ἐῦῖ

1271 293 1748 356 MARTYRIUM
1787 295 1848 356 S.
1893 292 2183 354 THYRSI
2230 294 2323 353 ET
2367 293 2787 356 SOCIORUM.

3536 298 3640 358 53:8

383 418 484 488 μὲν
517 414 848 484 άνατ-θῆναι
879 414 957 486 τῷ
992 413 1212 485 βασιλικ
1227 415 1260 484 ἶ)
1293 415 1554 485 ταμιείῳ,
1591 415 1688 488 τὴν
1713 414 1769 467 δέ
1789 414 1961 484 ὀρφα-

2076 411 2211 466 duis.
2247 413 2384 467 Cum
2432 413 2547 483 ipse
2585 420 2768 467 autem
2815 409 2994 465 adhuc
3032 412 3188 480 plura
3223 410 3386 467 vellet
3430 411 3639 479 dicere,

379 509 492 570 νοῖς
525 509 620 560 καὶ
670 508 868 577 χήραις
927 505 1266 575 διαδοθῆναι.
1331 507 1456 558 Ἔτι
1487 505 1543 558 δὲ
1577 504 1744 559 αὑτοῦ
1774 504 1960 573 λέγειν

377 598 715 670 ὡρμημένου
773 601 820 652 oi
879 600 977 653 σὺν
1011 599 1162 669 αὑτῷ
1205 601 1378 669 τρεῖς,
1433 598 1661 668 Ἀδελφέ
1703 598 1958 666 Θεότυχε,

379 687 560 754 εἷπον,
592 694 692 760 τὴν
722 692 822 762 μὲν
855 694 1065 746 τούτων
1105 692 1362 760 πρόνοιαν
1406 691 1487 761 τῷ
1523 692 1820 761 φροντιστῇ
1854 689 1962 742 τῶν

379 784 669 855 ἡμετέρων
691 782 983 853 ἀναθῶμεν
1009 786 1158 851 Θεῷο
1189 785 1250 837 τὸ
1271 785 1328 838 δέ
1360 783 1452 836 νῦν
1485 784 1607 853 ἕχον
1636 783 1728 836 τοῦ
1759 781 1961 836 οίκείόυ

380 876 573 938 τέλους
629 877 787 928 αὑτοὶ
847 877 1253 945 φροντίσωμεν.
1332 871 1557 945 Ἐφὀἷς
1595 877 1686 930 ἐπὶ
1715 875 1962 936 συννοίας

384 967 516 1037 ἔστη
551 968 714 1037 μέχρι
737 967 932 1020 πολλοῦ
960 968 1374 1039 Διοκλητιανδς,
1397 968 1591 1032 ἐοικὼς
1615 968 1720 1021 τῶν
1750 967 1963 1040 ἀνδρῶν

385 1059 690 1130 θαυμάζειν
711 1060 771 1113 τὸ
801 1060 939 1132 πρὸς
964 1063 1057 1115 τὶν
1093 1061 1325 1115 θάνατον
1364 1061 1602 1132 εὑῲυχόν
1650 1079 1710 1116 τε
1739 1063 1832 1115 καὶ
1867 1079 1968 1133 μεο

382 1154 610 1223 γαλότολ
622 1171 745 1222 μον.

458 1247 595 1299 ME'.
625 1245 784 1300 Οὕτω
816 1245 872 1298 δέ
914 1245 1078 1300 αὑτὸν
1118 1249 1146 1300 ὁ
1171 1249 1419 1316 γενναίος
1462 1247 1746 1319 Ἀρριανὸς
1774 1243 1967 1317 ἔχοντα

385 1336 746 1406 θεασάμενος,
790 1338 952 1391 Ἀλλὰ
996 1338 1070 1408 μὴ
1103 1339 1182 1392 ἔτι
1221 1339 1443 1410 βούλου,
1479 1341 1666 1409 φησὶν,
1699 1339 1966 1410 παρατεί-

386 1446 498 1482 νειν
525 1433 656 1498 ἡμῖν
681 1429 779 1501 τήν
811 1430 1126 1500 μετάθεσιν.
1164 1431 1391 1501 βασιλεῦ
1421 1448 1436 1461 ·
1489 1432 1632 1502 τάχα
1667 1433 1774 1502 γὰρ
1807 1432 1966 1502 μεθο-

386 1521 504 1574 δεία
533 1523 628 1573 καὶ
659 1521 818 1574 τοῦτο
855 1521 951 1574 τοῦ
979 1522 1220 1593 πονηροῦ
1259 1523 1403 1576 ὥστε
1436 1523 1527 1576 τὸν
1559 1524 1659 1592 τῆς
1688 1525 1968 1594 ἀθλήσεως

385 1614 516 1682 ἡμῖν
562 1612 823 1681 ἐπικόψαι
865 1612 1090 1682 δρόμον.
1140 1613 1410 1667 Ἐνταῦθα
1465 1613 1564 1684 τὴν
1611 1613 1722 1677 τῶν
1753 1613 1966 1684 ἀνδρῶν

391 1702 698 1774 μεταῦολὴν
725 1703 1111 1776 Διοκλητιανὸς
1145 1705 1498 1759 παντάπασιν
1530 1705 1827 1774 ἀπογνοὺς,
1870 1706 1964 1759 καὶ

388 1797 608 1868 ἐτέρους
650 1797 788 1866 μετὰ
813 1795 1045 1866 ψάμμου
1073 1798 1348 1864 τέσσαρας
1395 1796 1683 1867 ἐνεχθῆναι
1727 1797 1965 1862 σάκκους

387 1889 624 1946 κελεύει,
653 1888 749 1941 καὶ
778 1887 870 1940 τὸν
898 1889 1086 1957 ὅμοιον
1149 1888 1424 1960 Ἀρῤιανῷ
1451 1889 1684 1944 θάνατον
1710 1891 1806 1944 κσιλ⁸
1840 1891 1968 1952 τοὺς

389 1978 782 2051 Ξτροτέκτωρας
811 1979 1136 2048 ὑποστῆναι,
1169 1983 1342 2050 πέρας
1377 1979 1522 2032 οὑτω
1552 1979 1817 2050 Φιλήμονι
1869 1983 1968 2052 τῆς

387 2075 753 2145 προρρήσεως
773 2073 1097 2140 δεξαμένης.
1159 2072 1458 2140 Ῥιφέντων
1488 2072 1543 2124 δέ
1603 2073 1784 2126 αὐτῶν
1825 2073 1969 2126 κατὰ

388 2164 486 2232 τῆς
513 2163 816 2232 θαλάσσης,
858 2162 1060 2217 αὐτίκα
1114 2162 1302 2230 δελφὶς
1354 2161 1675 2233 προσελθὼν
1703 2163 1969 2233 κρείττων

394 2257 426 2327 ἢ
459 2255 605 2309 κατὰ
635 2257 862 2325 δελφῖνα
898 2255 993 2310 καὶ
1018 2257 1118 2326 τὴν
1159 2254 1316 2324 ίσχὺν
1352 2257 1444 2308 καὶ
1466 2255 1526 2308 τό
1553 2255 1788 2325 μέγεθος,
1812 2257 1970 2324 κήτει

387 2352 454 2404 τὰ
485 2350 657 2404 πολλὰ
687 2349 1076 2421 παραπλήσιος
1115 2349 1212 2402 καὶ
1246 2348 1346 2419 τὴν
1399 2347 1561 2416 φύσιν
1596 2341 1708 2411 οἷος
1741 2347 1972 2400 ἀλλόκο-

387 2458 478 2506 τος
515 2443 648 2504 τοὺς
675 2442 835 2494 πέντε
866 2439 1004 2512 όμοῦ
1046 2440 1369 2509 παραδόξως
1425 2440 1666 2504 σάκκους
1717 2441 1814 2494 ἐπὶ
1863 2441 1972 2495 τῶν

389 2533 578 2588 νώτων
609 2535 871 2601 ἀσφαλῶς
927 2531 1274 2602 ἐπωμίζεται
1312 2531 1408 2587 καὶ
1442 2529 1534 2586 οἷά
1567 2550 1650 2594 τις
1679 2531 1811 2596 ναῦς
1839 2533 1972 2602 φόρ-

389 2648 482 2684 τον
515 2632 599 2693 είς
641 2628 1053 2700 Ἀλεξάνδρειαν
1083 2627 1234 2697 ἄγει.
1260 2630 1321 2682 Οἱ
1349 2629 1407 2682 δὲ
1432 2629 1623 2693 παῖδες
1651 2628 1972 2702 (ἐτύγχανον

388 2725 498 2794 γάρ
522 2724 659 2794 πρὸς
699 2721 851 2792 αὑτῴ
881 2722 964 2774 ἐτι
1019 2719 1098 2792 τῷ
1135 2720 1372 2791 αἰγιαλῷ
1429 2725 1844 2792 περιμένοντες,
1895 2721 1972 2786 ὡς

390 2819 574 2880 αὑτοῖς,
634 2815 741 2870 ὑπὸ
809 2814 1102 2887 Ἀρριανοῦ
1151 2814 1238 2883 εἴη
1297 2813 1696 2884 προειρημένον
1743 2813 1838 2867 καὶ
1872 2814 1971 2885 τήν

390 2911 541 2979 ὤραν
575 2909 942 2979 φυλάττοντες
976 2907 1268 2980 ἀκριϐῶς1,
1299 2908 1426 2961 ἐπεὶ
1449 2907 1541 2960 τδν
1568 2906 1792 2974 δελφῖνα
1834 2907 1974 2976 μετᾶ

389 3001 484 3057 τοῦ
527 3004 736 3072 φόρτου
759 3002 1073 3067 θεάσαιντο,
1107 2999 1505 3071 ἐκπλήττονται
1537 2999 1635 3068 μὲν
1682 2999 1776 3050 καὶ
1806 2998 1971 3051 αὑτοῦ

2065 505 2158 574 qui
2183 512 2478 560 erantcum
2512 521 2579 560 eo
2606 514 2740 568 tres,
2765 503 3057 559 dixerunt:
3085 503 3273 558 Frater
3301 504 3643 576 Theotyche,

2061 596 2263 648 harum
2295 595 2518 664 quidem
2551 611 2734 650 rerum
2758 611 2948 651 curam
2978 595 3356 664 relinquamus
3381 596 3514 655 Deo.
3541 597 3640 668 qui

2065 698 2221 743 curat
2245 702 2331 741 res
2356 697 2570 743 nostras
2604 706 2616 740 :
2648 690 2703 743 in
2733 689 3028 758 praesentia
3063 704 3192 742 vero
3225 704 3324 744 nos
3357 691 3530 745 nostri
3553 692 3646 746 de-

2065 794 2254 832 cessus
2279 795 2468 834 curam
2490 795 2764 849 geramus.
2793 781 3019 850 Propter
3048 797 3167 850 quae
3194 781 3288 835 diu
3317 783 3644 852 cogitabun-

2067 871 2170 926 dus
2238 873 2393 926 stetit
2425 872 2819 939 Diocletianus,
2851 881 2911 926 ut
2939 876 3034 942 qui
3075 872 3358 927 videretur
3381 875 3644 931 admirari

2066 977 2259 1018 eorum
2288 967 2340 1017 in
2369 975 2547 1019 morte
2564 968 2966 1021 contemnenda
2986 981 3241 1037 maguum
3275 976 3331 1022 et
3360 969 3640 1023 excelsum

2067 1071 2330 1111 animum.

2141 1236 2304 1293 XLV.
2341 1236 2476 1290 Cum
2507 1250 2633 1291 eum
2669 1247 2851 1291 autem
2881 1238 2960 1294 sic
2989 1238 3218 1296 vidisset
3252 1241 3510 1298 eﬂ‘ectum
3547 1244 3648 1298 Ar-

2071 1327 2310 1381 rianus:
2357 1326 2465 1381 Sed
2519 1327 2652 1393 noli,
2705 1329 2904 1398 inquit,
2956 1346 2988 1385 o
3037 1331 3358 1400 imperator,
3401 1345 3646 1390 nostram

2071 1420 2304 1489 amplius
2339 1419 2562 1474 diﬂ'erre
2601 1421 3029 1491 migrationem;
3069 1423 3303 1480 fortasse
3337 1427 3482 1481 enim
3517 1438 3649 1497 sunt

2071 1511 2154 1566 hae
2195 1512 2414 1582 maligni
2445 1512 2677 1573 insidiae.
2711 1524 2772 1568 ut
2813 1515 2975 1570 nobis
3009 1517 3378 1588 interrumpat
3423 1536 3648 1575 cursum

2070 1602 2480 1658 decertationis.
2500 1603 2656 1658 Tunc
2681 1621 2804 1658 cum
2830 1606 2898 1660 de
2929 1622 3118 1662 eorum
3149 1611 3452 1666 mutatione
3485 1627 3644 1682 spem

2072 1711 2289 1751 omnem
2319 1696 2611 1765 abjecissel
2638 1697 3030 1765 Diocletianus,
3053 1700 3214 1770 jubet
3237 1703 3374 1757 alios
3401 1716 3648 1773 quatuor

2068 1801 2258 1841 saccos
2291 1786 2473 1841 aﬂ'erri
2513 1802 2638 1842 cum
2665 1804 2854 1854 arena,
2883 1801 2939 1844 et
2971 1791 3206 1848 similem
3236 1795 3466 1849 Arriano
3501 1811 3650 1851 mor-

2071 1889 2178 1935 tem
2212 1880 2400 1936 subire
2445 1893 2808 1952 protectores,
2831 1894 2888 1937 ct
2911 1886 2988 1939 sic
3015 1885 3082 1939 ad
3115 1886 3372 1942 enectum
3411 1889 3652 1947 deducta

2069 1984 2153 2029 est
2179 1975 2464 2043 praedictio
2498 1975 2862 2031 Philemonis.
2897 1977 3034 2046 Ipsis
3067 1995 3198 2034 vero
3247 1980 3301 2034 in
3335 1999 3483 2038 mare
3521 2001 3653 2054 pro-

2065 2068 2248 2138 jectis,
2303 2068 2484 2122 statim
2541 2071 2808 2124 accedens
2857 2069 3179 2139 delphinus,
3249 2074 3427 2142 major
3481 2091 3648 2144 quam

2071 2159 2244 2215 soleat
2282 2175 2402 2216 esse
2443 2161 2760 2230 delphinus,
2799 2171 2854 2217 et
2897 2163 3094 2218 robore
3131 2172 3186 2218 et
3231 2167 3650 2237 magnitudine,

2072 2260 2128 2304 et
2156 2260 2278 2306 ceto
2327 2267 2518 2322 magna
2566 2267 2630 2306 ex
2677 2263 2835 2322 parte
2887 2253 3104 2321 similis,
3146 2265 3202 2310 et
3251 2267 3446 2312 natura
3487 2261 3651 2328 plane

2071 2344 2250 2400 aliena
2279 2353 2336 2401 et
2366 2346 2709 2414 admiranda,
2733 2347 2980 2418 quinque
3002 2350 3166 2404 simul
3193 2366 3385 2408 saccos
3413 2353 3653 2410 admira-

2071 2435 2257 2492 biliter
2290 2452 2483 2492 secure
2534 2438 2643 2493 fert
2687 2440 2961 2506 humeris,
2995 2451 3052 2497 et
3088 2450 3348 2514 tanquam
3393 2447 3646 2516 quaedam

2073 2529 2249 2592 navis.
2294 2545 2436 2586 onus
2481 2532 2636 2587 vehit
2672 2533 3088 2590 Alexandriam.
3129 2537 3286 2592 Pueri
3321 2548 3505 2594 autem
3536 2542 3654 2610 (ex-

2073 2623 2395 2690 Spectabant
2421 2625 2570 2679 enim
2604 2626 2786 2681 adhuc
2830 2627 2885 2680 in
2927 2627 3045 2697 ipso
3072 2628 3284 2694 littore,
3312 2640 3372 2684 ut
3398 2631 3481 2687 eis
3510 2648 3651 2702 pra:-

2073 2712 2282 2768 dictum
2319 2715 2500 2771 fuerat
2543 2717 2612 2770 ab
2651 2717 2910 2779 Arriano,
2953 2732 3008 2773 et
3043 2719 3236 2774 horam
3269 2733 3524 2778 accurate
3557 2725 3656 2778 ob-

2075 2806 2416 2877 servabant)
2473 2818 2765 2878 postquam
2831 2809 3155 2880 delphinum
3209 2813 3469 2870 vidcrunt
3527 2832 3656 2870 cum

2075 2914 2287 2963 onere,
2355 2909 2581 2968 stupent
2639 2899 2860 2968 quidem
2940 2901 3114 2972 ipsius
3175 2905 3652 2975 magnitudinem:

2074 2990 2438 3046 nihilominus
2478 3007 2628 3053 vero.
2682 2993 2828 3062 quod
2855 2994 2996 3048 sacci
3023 3010 3243 3064 quoque
3275 3005 3390 3052 tuto
3422 2999 3659 3056 fuissent.

387 3095 486 3166 τὴν
512 3094 847 3166 ὑπερϐολὴν,
881 3093 1038 3147 οἰδὲν
1069 3093 1126 3146 δέ
1149 3088 1314 3164 ἦττον
1356 3094 1451 3146 καὶ
1481 3094 1584 3161 τὴν
1611 3091 1968 3156 τῶν,σάκκων

2076 3083 2316 3148 adducti,
2343 3084 2481 3140 adeo
2511 3095 2572 3139 ut
2595 3085 2646 3140 ei
2670 3085 2856 3141 nullus
2881 3086 3104 3142 cederet
3127 3103 3194 3143 ex
3228 3090 3500 3159 humeris,
3526 3109 3655 3148 cum

391 3188 665 3258 ἀσφαλείᾳ
693 3185 1062 3258 παραγωγὴν,
1096 3185 1235 3239 ὥστε
1274 3185 1482 3255 μηδένα
1510 3183 1618 3237 τῶν
1649 3183 1835 3238 νώτων
1858 3185 1973 3238 δια-

392 3283 582 3332 πεσεῖν
616 3278 778 3330 λείων
809 3279 969 3345 φύσει
999 3278 1091 3330 καὶ
1113 3276 1418 3348 ὀλισθηρῶν
1443 3275 1820 3347 ὑπαρχόντων.
1848 3279 1975 3330 Δια-

392 3373 754 3440 πορουμένοις
812 3369 870 3421 δέ
932 3371 1043 3430 τοῖς
1109 3371 1301 3422 παισὶν
1345 3368 1677 3438 ὄπωςὸμέν
1701 3369 1974 3437 δεσπότης

391 3465 576 3525 αὑτοῖς
616 3463 898 3534 Ἀρριανὸς
959 3463 1086 3531 περὶ
1122 3461 1376 3532 σώματος
1415 3461 1580 3530 μόνου
1639 3461 1733 3514 τοῦ
1775 3460 1973 3515 ἐαυτοῦ

391 3557 491 3624 τὴν
517 3555 626 3608 ὑπὸ
655 3553 750 3606 τοῦ
802 3553 1048 3622 δελφῖνος
1104 3553 1483 3622 μετακομιδὴν
1538 3553 1755 3624 εἴρηκε,
1787 3554 1883 3607 νῦν
1916 3551 1974 3606 δὲ

391 3647 640 3715 τέσσαρα
672 3647 768 3698 καλ⁵
792 3645 927 3700 ἄλλα
971 3645 1110 3714 πρὸς
1157 3643 1307 3713 αὑτῷ
1361 3643 1644 3713 βλέπουσι,
1703 3645 1856 3714 φωνή
1888 3659 1975 3706 τις

392 3738 577 3802 αὐτοῖς⁵
605 3736 842 3805 ἠκούετο
889 3736 1170 3806 θειοτέρα,
1231 3735 1456 3788 Ἔλθετε
1494 3736 1676 3805 ὑμεῖς,
1717 3736 1974 3805 λέγουσα,

394 3827 488 3879 καὶ
511 3824 678 3878 αὑτοῦ
712 3841 770 3877 τε
800 3823 894 3877 τοῦ
919 3823 1186 3877 δεσπότου
1217 3825 1313 3877 καὶ
1342 3826 1410 3876 τὰ
1433 3826 1542 3877 τῶν
1573 3823 1976 3895 προτεκτώρων

395 3915 750 3988 κομιούμενοι
787 3914 1040 3986 σώματα.
1089 3917 1147 3968 Ὀ
1179 3915 1289 3986 γὰρ
1311 3915 1520 3968 ἐκεῖνον
1541 3919 1617 3976 εἰς
1647 3917 1746 3983 τὴν
1777 3914 1976 3968 ἐαυτοῦ

396 4009 542 4079 ζωὴν
567 4009 1081 4078 μετακαλεσάμενος
1109 4009 1203 4062 καὶ
1231 4008 1456 4071 τούτους
1477 4007 1681 4076 ὁμοίως
1707 4007 1804 4060 σὺν
1827 4005 1976 4075 αὐτῷ

398 4101 658 4170 κέκληκε.
688 4099 961 4164 Λαϐόντες
985 4097 1079 4154 οὖν
1105 4101 1278 4154 ταῦτα
1309 4102 1449 4167 μετὰ
1479 4099 1682 4156 Ἀσκλᾶ
1707 4101 1801 4152 καὶ
1827 4100 1976 4153 Λεω-

396 4193 538 4246 νίδου
567 4193 806 4261 ἐντίμως
839 4192 1170 4247 κατάθεσθε.
1207 4194 1317 4245 Καὶ
1350 4193 1382 4261 ἡ
1416 4193 1517 4260 μὲν
1548 4193 1703 4261 φωνὴ
1743 4191 1938 4252 οὕτως.

464 4286 617 4352 Μςν.
668 4281 728 4338 '0
753 4283 943 4354 μέντοι
967 4284 1154 4354 δελφὶς
1186 4286 1313 4347 τους
1354 4285 1594 4346 σάκκους
1627 4281 1706 4354 τῷ
1741 4281 1974 4352 αἰγιαλῷ

398 4391 466 4425 πε
482 4373 668 4443 ραθεὶς
687 4375 820 4425 εἴσω
838 4373 1108 4441 θαλάττης
1132 4373 1294 4425 πάλιν
1320 4372 1482 4428 αὐτὸς
1500 4373 1808 4444 ἐξενήχετο.
1829 4374 1891 4426 οι
1914 4374 1972 4425 δέ

2076 3187 2274 3231 natura
2309 3187 2494 3233 essent
2523 3177 2690 3233 laeves
2716 3189 2771 3234 et
2800 3178 3019 3234 lubrici.
3047 3181 3441 3239 Dubitantibus
3468 3195 3653 3241 autem

2078 3271 2288 3340 pueris,
2317 3271 2784 3340 quemadmodum
2812 3272 3074 3328 dominus
3111 3275 3334 3342 quidem
3385 3277 3658 3334 Arrianus

2077 3362 2146 3417 de
2185 3362 2310 3417 solo
2329 3377 2431 3416 suo
2459 3378 2691 3434 corpore
2723 3364 2950 3420 dixisset
2976 3364 3115 3430 fore,
3143 3376 3203 3422 ut
3246 3367 3298 3422 id
3332 3381 3659 3438 apportare-

2077 3463 2167 3509 tur
2191 3470 2221 3509 a
2249 3454 2533 3525 delphino,
2564 3472 2718 3511 nunc
2743 3472 2879 3512 vero
2905 3466 3104 3526 praeter
3129 3459 3306 3529 ipsum
3334 3461 3522 3517 vident
3548 3463 3657 3518 alia

2077 3553 2335 3615 quatuor,
2372 3561 2478 3601 vox
2519 3547 2771 3616 quaedam
2812 3548 3053 3606 divinior
3086 3550 3154 3604 ab
3195 3551 3278 3605 eis
3305 3560 3389 3607 est
3419 3554 3606 3609 audita
3635 3569 3653 3608 :

2078 3637 2274 3693 Venite
2314 3653 2432 3700 vos,
2459 3638 2670 3701 dicens,
2703 3651 2760 3695 et
2801 3641 3010 3696 domini
3055 3643 3260 3707 vestri,
3291 3653 3343 3698 et
3377 3656 3656 3714 protecto-

2079 3743 2202 3783 rum
2237 3731 2518 3799 accepturi
2569 3746 2823 3799 corpora.
2859 3732 2962 3797 Qui
2992 3736 3137 3786 enim
3171 3734 3325 3789 illum
3375 3737 3443 3792 ad
3495 3754 3657 3794 suam

2079 3823 2244 3875 vitam
2276 3822 2548 3889 evocavit,
2575 3838 2670 3877 eos
2702 3839 2921 3893 quoque
2945 3825 3160 3880 vocavit
3200 3843 3325 3881 cum
3365 3845 3432 3883 eo
3459 3829 3658 3887 simili-

2079 3919 2180 3966 ter.
2222 3911 2358 3967 Cum
2389 3928 2454 3968 ea
2493 3928 2624 3984 ergo
2675 3915 3026 3982 acceperitis,
3057 3931 3184 3971 cum
3230 3918 3390 3973 Ascla
3420 3930 3478 3974 et
3507 3921 3650 3976 Leo-
3738 3961 3745 3970 ι

2081 4002 2209 4057 nida
2244 4003 2551 4060 honoriﬁce
2583 4003 2865 4074 deponite.
2900 4005 2969 4060 Et
2993 4007 3074 4062 sic
3107 4009 3330 4077 quidem
3367 4026 3496 4069 vox.

2151 4269 2335 4324 XLVI.
2369 4269 2670 4340 Delphinus
2695 4279 2880 4324 autem
2913 4286 3037 4327 cum
3066 4287 3264 4329 saccos
3298 4276 3575 4346 posuisset
3603 4281 3658 4336 in

2078 4363 2287 4427 littore,
2333 4377 2526 4417 rursus
2568 4364 2812 4417 enatavit
2840 4363 2894 4420 in
2943 4381 3118 4422 mare.
3151 4368 3314 4424 Pueri
3363 4387 3494 4428 vero
3528 4389 3654 4430 cum

402 4467 589 4529 παῖδες
611 4464 854 4526 εὐλαϐῶς
872 4466 1012 4517 αὑτὰ
1026 4465 1340 4535 ἀνελόμενοι
1364 4466 1454 4518 καὶ
1476 4467 1554 4528 είς
1573 4465 1756 4519 πλοῖον
1779 4465 1971 4535 ἐμϐάν-

2082 4471 2144 4511 ea
2185 4453 2487 4510 honorifice
2533 4455 2913 4521 sustulissent,
2959 4467 3015 4512 et
3063 4459 3118 4513 in
3153 4476 3350 4516 navem
3393 4463 3654 4522 immisis-

398 4575 479 4622 τες
507 4559 596 4611 διὰ
619 4558 710 4611 τοῦ
730 4557 977 4626 ποταμοῦ
1000 4559 1341 4628 ἐκομίζοντο.
1360 4559 1604 4630 Ἡμέρας
1621 4559 1676 4612 δέ
1697 4562 1845 4631 τρεῖς
1877 4558 1975 4612 καὶ

400 4653 500 4714 τὰς
572 4653 695 4714 ίσας
744 4652 1178 4714 διαπλεύσαντες
1227 4653 1431 4715 νύκτας
1485 4656 1551 4723 τῇ
1629 4651 1980 4721 Ἀντινοητῶν

399 4744 681 4811 ἐγγίζουσι
734 4743 1093 4814 μητροπόλει,
1126 4743 1254 4797 ἔνθα
1294 4745 1387 4796 καὶ
1419 4745 1526 4796 ἔδει
1558 4743 1628 4796 τὰ
1659 4743 1780 4814 ἱερὰ
1805 4742 1978 4795 ταῦτα

400 4830 766 4899 κατατεθῆναι
787 4831 1039 4900 λείψανα.
1064 4832 1274 4884 ’Ύπνου
1296 4833 1352 4885 δὲ
1378 4832 1577 4894 αὐτοὺς
1601 4831 1976 4900 ἐπισχόντοςή

400 4921 532 4984 ναῦς
563 4921 828 4992 πλήρεσιν
863 4922 1056 4985 ίστῐο’ς
1084 4922 1456 4992 ἐφιπταμένη,
1491 4921 1612 4975 κατ’
1643 4923 1804 4974 αὑτὸν
1835 4922 1979 4972 ἐκεῖ·

400 5031 487 5066 νον
516 5014 609 5066 τὸν
635 5014 803 5067 τόπον
833 5016 889 5065 ἐν
923 5014 1128 5084 άκαρεί
1174 5015 1326 5082 ἔστη,
1364 5015 1518 5085 φωνή
1553 5031 1611 5066 τε
1656 5013 1974 5084 παραδόξως

399 5106 627 5174 ἠκούετο
646 5121 661 5137 ο
684 5104 981 5158 Baconii»;
1015 5103 1196 5173 (τοῦτο
1227 5104 1338 5173 γὰρ
1373 5103 1545 5174 ὄνομα
1569 5103 1739 5174 δήπου
1771 5103 1850 5174 τῷ
1875 5121 1974 5157 κυ-

401 5189 863 5268 δερνήτῃ),οὑτός
886 5198 1036 5249 ἐστιν
1057 5197 1086 5248 ὁ
1111 5197 1274 5259 τόπος
1297 5196 1356 5258 ὃς
1376 5212 1438 5263 γε
1467 5195 1652 5266 μέλλει
1676 5194 1784 5248 τῶν
1805 5194 1978 5263 ἁγίων

400 5288 758 5361 κληρωθῆναι
783 5289 854 5342 τὰ
877 5287 1133 5358 σώματα.
1159 5289 1434 5356 Ἔξυπνος
1459 5283 1554 5343 οὖν
1583 5291 1793 5351 ἐκεῖνος
1823 5290 1981 5354 γενό-

405 5397 564 5448 μενος
595 5381 691 5434 καὶ
724 5381 827 5451 τῆν
856 5379 992 5434 ναῦν
1027 5375 1117 5433 οἷα
1170 5381 1561 5452 πεπεδημένην
1592 5380 1792 5452 εὑρὼν,
1832 5382 1972 5434 ἀπο-

401 5473 575 5524 σαίνει
623 5473 722 5540 μὲν
753 5472 846 5526 τοῦ
881 5471 1096 5537 πλοίου,
1158 5472 1313 5541 τάχει
1369 5471 1427 5524 δὲ
1482 5470 1639 5543 παρὰ
1682 5473 1782 5540 τὴν
1819 5472 1977 5526 πόλιν

400 5567 661 5636 χωρήσας
695 5568 944 5637 μηνυτὴς
981 5565 1076 5619 τοῦ
1109 5565 1390 5637 θαύματος
1426 5565 1658 5633 γίνεται.
1699 5566 1810 5619 Καὶ
1850 5567 1981 5637 συρ-

401 5658 624 5727 ρἐυσιν
685 5657 884 5712 αὐτίκα
946 5657 1224 5729 πανδημεὶ
1274 5656 1473 5719 πάντες
1527 5655 1976 5727 λαμπαδηφόροι,

403 5749 839 5822 στεφανηφόροι,
881 5751 1057 5814 θείους
1105 5750 1309 5823 ὕμνους
1348 5750 1670 5820 ὑπᾴδοντες.
1708 5751 1808 5802 Ka‘t
1839 5747 1982 5801 οὑτω

2083 4557 2229 4613 sent,
2258 4562 2355 4616 per
2383 4546 2609 4602 ﬂuvium
2651 4549 2967 4618 portabant.
3001 4550 3139 4608 Cum
3169 4562 3356 4610 autem
3403 4564 3515 4613 tres
3541 4559 3662 4615 dies

2081 4648 2138 4694 ct
2175 4639 2401 4695 totidem
2430 4651 2621 4696 noctes
2659 4642 3032 4712 navigassent,
3059 4649 3504 4719 appropinquant
3541 4667 3659 4707 nte-

2081 4733 2280 4802 tropoli
2312 4733 2758 4801 Antinoetarum,
2791 4737 2881 4791 ubi
2908 4738 3200 4806 oportebat
3230 4755 3324 4794 eas
3347 4756 3532 4797 sacras
3558 4743 3661 4800 de-

2087 4826 2210 4891 poni
2243 4826 2522 4900 reliquias.
2565 4826 2703 4882 Cum
2730 4842 2828 4882 eos
2861 4843 2991 4883 vero
3022 4844 3250 4884 somnus
3275 4836 3661 4902 oppressisset,

2084 4916 2243 4970 navis
2272 4915 2451 4984 plenis
2479 4917 2614 4972 velis
2638 4915 2926 4984 advolans,
2959 4929 3238 4976 momento
3266 4923 3530 4990 temporis
3551 4933 3664 4980 ste-

2087 5008 2153 5060 tit
2193 5009 2248 5061 in
2279 5008 2370 5062 illo
2397 5009 2543 5069 loco,
2569 5017 2627 5062 et
2670 5025 2776 5064 vox
2818 5011 3008 5064 audita
3059 5011 3166 5066 l'uit
3209 5012 3614 5070 admirabiliter
3647 5030 3661 5070 :

2085 5099 2475 5156 Theodorition
2515 5102 2642 5172 (hoc
2669 5102 2818 5157 enim
2844 5113 2964 5158 erat
2993 5120 3191 5160 nomen
3222 5106 3663 5177 gubernatoris).

2085 5193 2175 5248 hic
2203 5202 2286 5248 est
2308 5193 2480 5255 locus.
2513 5195 2602 5262 qui
2623 5206 2707 5250 est
2734 5206 3050 5251 sanctorum
3080 5213 3312 5266 corpora
3339 5199 3663 5254 sortiturus.

2089 5287 2182 5344 llle
2226 5301 2360 5354 ergo
2407 5287 2695 5352 excitatus,
2729 5303 2856 5344 cum
2896 5288 3199 5344 invenisset
3246 5304 3438 5344 navem
3496 5291 3666 5347 veluti

2087 5380 2329 5435 vinctam
2373 5378 2757 5447 compedibus,
2794 5379 3082 5436 descendit
3121 5379 3346 5450 quidem
3386 5382 3454 5438 de
3484 5399 3664 5439 nave:

2089 5471 2346 5526 celeriter
2378 5479 2562 5524 autem
2612 5469 2892 5539 profectus
2947 5473 3001 5526 in
3037 5471 3342 5539 civitatem,
3395 5475 3668 5546 signiﬁcat

2092 5563 2443 5618 miraculum.
2471 5563 2732 5617 Protinus
2750 5578 2884 5620 vero
2910 5566 3131 5636 publice
3145 5567 3430 5624 conﬂuunt
3452 5583 3670 5638 omnes,

2088 5661 2362 5724 gestantes
2395 5653 2674 5723 lampades
2704 5666 2758 5708 et
2791 5671 3056 5721 coronas,
3085 5667 3139 5714 et
3173 5659 3391 5716 divinos
3437 5663 3671 5734 hymnos

2091 5751 2374 5800 canentes.
2409 5742 2476 5798 Et
2511 5759 2636 5798 cum
2685 5746 2766 5801 sic
2817 5761 2914 5802 eas
2967 5752 3226 5820 praeclare
3283 5762 3337 5808 et
3383 5753 3671 5820 magniﬁce
