4102 6376
442 300 551 365 5ζ9

1668 300 1953 362 MENSIS
2003 302 2433 365 DECEMBER.

3580 313 3685 377 56)

431 412 545 467 illic
594 411 1000 482 deposuissent,
1062 410 1259 468 uberes
1316 409 1530 468 fructus
1590 411 1990 467 miraculorum

2069 473 2071 480 _
2102 414 2378 486 λαμπρῶς
2404 414 2547 469 αὐτὰ
2577 416 2671 472 καὶ
2702 416 3013 481 πολυτελῶς
3036 417 3154 472 ἐκεί
3181 418 3549 492 καταθέμενοι
3586 425 3685 478 δα-

427 502 679 574 quotidie
721 502 1030 572 colligunt,
1075 502 1141 557 ad
1181 503 1408 573 gloriam
1454 504 1632 559 Patris
1670 513 1727 559 et
1775 504 1895 559 Filii
1940 518 1997 561 et

428 593 666 663 Spiritus
694 595 892 659 sancti,
918 593 1088 648 unius
1121 592 1428 650 divinitatis
1458 602 1515 650 et
1540 595 1820 666 potentiae,
1848 611 1995 651 nunc

423 692 481 739 et
512 699 751 756 semper,
783 693 838 742 et
865 687 920 741 in
950 687 1148 743 saecula
1176 689 1526 745 saeculorum.
1559 689 1758 744 Amen.

1316 960 1737 975 Μ

2105 504 2283 575 φιλεῖς
2311 505 2422 558 τῶν
2446 506 2747 576 θαυμάτων
2777 507 3016 575 ἑκάστης
3048 507 3344 578 δρέπονται
3382 508 3516 575 τοὺς
3545 531 3685 585 trap-

2107 598 2266 661 ποὺς.
2300 600 2375 661 εἰς
2407 596 2567 661 δόξαν
2597 598 2831 670 Πατρὸς,
2859 600 2991 653 Υἰρῦ
3018 601 3115 655 καὶ
3152 602 3311 671 ἁγίου
3339 604 3681 675 Πνξύματος,

2105 689 2207 758 τῆς
2234 690 2364 757 μιᾶς
2387 689 2656 758 Θεότητός
2683 706 2744 744 τε
2770 692 3171 763 καὶδυνάμεως
3197 693 3318 760 νῦν,
3351 695 3448 750 καὶ
3479 697 3566 751 ἀεὶ
3589 700 3684 753 καὶ

2104 780 2185 843 εἰς
2208 781 2335 843 τοὺς
2365 780 2570 845 αἰῶνας
2603 781 2712 837 τῶν
2739 784 2974 839 αἰώνων.
3023 785 3221 857 Ἀμήν.

1478 1123 2624 1240 COMMENTARIUS

1717 1348 1857 1406 BER
1871 1351 1913 1409 U
1926 1347 1971 1403 Μ
2005 1345 2279 1408 GESTAE
2291 1348 2384 1411 ΗΜ

557 1532 1030 1704 SANCTI
1156 1530 1329 1702 ET
1448 1520 2077 1695 GLORIllSI
2211 1528 2852 1700 APllS'l‘llLl
2952 1532 3509 1717 ,THOM/E.

1220 1855 1418 1920 (Serius
1442 1859 1503 1907 ad
1534 1857 1666 1906 diem
1687 1856 1744 1906 at
1782 1857 1933 1915 Dec.;
1963 1854 2132 1906 Graece
2162 1866 2258 1904 nou
2280 1857 2446 1904 exstat
2466 1853 2514 1904 in
2543 1867 2660 1905 mss.
2690 1854 2874 1917 Paris.)

483 2168 522 2225 ί.
556 2167 697 2223 Olim
722 2166 945 2238 quidem
997 2166 1050 2221 in
1103 2176 1249 2221 terra
1282 2175 1569 2220 versantes
1621 2158 1880 2233 apostoli,
1931 2169 1986 2216 et
2019 2164 2062 2224 Β
2090 2160 2146 2216 in
2176 2160 2287 2216 vita
2321 2175 2583 2231 paupere,
2616 2169 2672 2215 et
2704 2169 2877 2215 artem
2912 2175 3173 2217 exercens
3198 2163 3565 2232 piscatoriam,
3600 2166 3659 2224 in

401 2273 631 2327 terram,
667 2276 792 2330 quae
830 2266 916 2314 est
964 2257 1067 2313 sub
1119 2258 1279 2322 caelo,
1328 2256 1620 2318 obeuntes,
1659 2255 1727 2309 iis
1756 2254 1852 2324 qui
1881 2252 1985 2308 im-
2086 2265 2319 2323 utroque
2346 2263 2545 2321 potens
2574 2262 2656 2307 est
2685 2252 2938 2322 cognitus
2977 2266 3087 2308 :ex
3138 2268 3248 2310 uno
3279 2256 3500 2325 quidem
3548 2259 3662 2315 l‘or—

406 2355 597 2425 pietati
631 2351 1025 2417 inservierunt,
1055 2350 1426 2421 praedicarunt
1456 2349 1792 2410 libertatem,
1817 2345 1984 2400 mira-
2083 2353 2267 2397 matus
2296 2343 2367 2397 ad
2398 2345 2747 2405 tenuitatem,
2779 2358 2900 2413 quae
2937 2355 3068 2400 sunt
3096 2360 3525 2415 supervacanea,
3559 2352 3661 2405 mi-

401 2448 548 2503 cniis
575 2445 643 2501 ad
678 2445 911 2500 salutem
963 2445 1033 2499 ab
1079 2458 1270 2498 errore
1307 2441 1712 2505 abstrahentes,
1762 2451 1819 2494 et
1853 2438 1979 2495 ﬁdei

405 2536 731 2610 malagmate
765 2536 1104 2591 medicantes
1141 2533 1374 2597 animas,
1400 2548 1524 2603 quae
1548 2531 1869 2587 laborabant
1895 2530 1980 2586 in-

402 2632 688 2688 ﬁdelitate.
714 2630 1012 2700 Postquam
1038 2635 1223 2682 autem
1246 2625 1553 2696 migrarunt
1575 2624 1639 2679 ad
1661 2622 1975 2689 Dominum,

401 2724 508 2794 piis
541 2722 884 2791 reliquerunt
926 2732 1185 2788 corpora,
1231 2718 1458 2788 pignora
1492 2716 1707 2781 salutis,
1738 2724 1795 2769 ut
1823 2716 1971 2784 quod

402 2831 528 2874 cum
558 2813 808 2878 aderant,
841 2810 1142 2875 faciebant,
1180 2809 1285 2864 hoc
1312 2810 1477 2864 etiam
1526 2816 1812 2877 postquam
1866 2808 1974 2860 mi-

398 2912 669 2979 grassent,
704 2903 1005 2969 eliicerent,
1029 2902 1275 2957 celestis
1302 2900 1448 2955 illius
1475 2898 1712 2968 publica:
1741 2898 1977 2953 celebri-

399 3001 529 3054 tatis
581 2998 868 3068 imagines,
921 3009 1114 3051 eorum
1167 2993 1444 3048 memoriae
1474 2990 1612 3046 festa
1666 2990 1823 3044 nobis
1872 2991 1978 3043 lar-

394 3093 606 3161 pientes
632 3108 646 3145 :
674 3098 734 3145 ut
761 3098 1020 3159 tanquam
1061 3101 1184 3144 cum
1211 3085 1576 3156 praesentibus
1605 3095 1662 3140 et
1692 3085 1978 3140 disseren-

395 3184 546 3239 tibus
581 3197 772 3235 rursus
814 3188 1116 3244 versantes,
1152 3178 1525 3248 percipiamus
1574 3180 1802 3245 gratiam
1839 3191 1974 3246 apo-

392 3273 665 3328 stolicam.
685 3269 841 3325 Unde
863 3269 1029 3322 etiam
1059 3280 1208 3321 nunc
1231 3266 1571 3321 clarissimus
1595 3265 1970 3335 apostolorum

394 3366 673 3427 Thomas,
719 3375 818 3432 per
861 3361 982 3432 ejus
1035 3361 1356 3414 memoriam
1406 3358 1692 3413 nobisequ
1754 3372 1972 3413 rursum

393 3463 651 3512 versitur
682 3469 696 3505 :
733 3451 992 3515 Thomas,
1028 3449 1234 3520 quiest
1266 3449 1391 3503 ﬁdei
1441 3458 1645 3503 nostrae
1690 3458 1844 3519 pater
1894 3463 1963 3503 ex

2081 2436 2232 2490 nime
2261 2435 2663 2500 admittentem,
2704 2445 2761 2490 et
2790 2435 2988 2491 doctus
3019 2452 3139 2492 esse
3171 2448 3493 2495 contentum
3528 2444 3663 2499 solis

2080 2525 2440 2591 necessariis;
2477 2525 2546 2579 ab
2576 2526 2747 2581 altero
2790 2537 2974 2581 autem
3018 2528 3307 2584 institutus
3335 2532 3400 2586 ad
3436 2534 3655 2603 patien-

2083 2617 2212 2672 tiam
2240 2617 2299 2672 in
2324 2618 2628 2682 laboribus,
2673 2628 2729 2673 et
2760 2619 2828 2673 ad
2855 2619 2981 2684 boc,
3029 2628 3089 2674 ut
3120 2622 3285 2677 rebus
3324 2624 3571 2680 molestis
3600 2637 3658 2681 et

2076 2713 2287 2780 asperis
2318 2726 2415 2764 sua
2447 2721 2641 2781 sponte
2683 2712 2896 2780 primus
2927 2724 3304 2770 exerceretur.

2148 2803 2241 2858 Ill.
2279 2803 2538 2859 Protinus
2569 2804 2754 2874 itaque
2795 2806 2942 2859 nulla
2969 2806 3233 2861 dilatione
3268 2823 3403 2863 usus
3424 2818 3508 2863 cst
3536 2825 3644 2864 nec

2075 2897 2448 2962 cunctatione,
2482 2912 2584 2951 nec
2612 2897 2848 2951 tardavit
2872 2897 2939 2951 ad
2975 2899 3316 2953 vocationem
3351 2918 3365 2961 ;
3395 2900 3490 2955 sed
3520 2903 3659 2956 adeo

2075 2988 2334 3044 celeriter
2358 2989 2463 3043 fuit
2497 2999 2759 3056 mutatus,
2790 3000 2848 3043 et
2875 2989 3092 3044 vinctus
3125 3006 3253 3045 vere
3288 2995 3555 3054 vocantis,
3588 3001 3650 3047 ut

2075 3084 2225 3139 dicto
2246 3084 2410 3140 citius
2447 3084 2763 3139 ostenderet
2797 3086 3187 3140 obedientiam.
3213 3089 3390 3156 Atque
3417 3091 3497 3142 sic
3522 3087 3652 3158 qui-

2074 3177 2199 3232 dem
2250 3179 2309 3231 lit
2338 3175 2516 3233 Verbo
2545 3176 2848 3238 familiaris,
2880 3186 2937 3231 et
2974 3178 3212 3232 refertur
3268 3180 3319 3231 in
3356 3195 3649 3234 numerum

2074 3269 2431 3340 reliquorum,
2481 3271 2575 3339 qui
2613 3270 2791 3325 vocati
2822 3269 3087 3324 fuerant:
3123 3270 3289 3340 titque
3336 3272 3645 3339 discipulus

2072 3361 2241 3415 animi
2277 3361 2460 3416 studio
2492 3361 2958 3431 promptissimus.
2991 3362 3240 3416 minister
3268 3362 3645 3426 ﬁdelissimus,

2074 3450 2469 3521 apostolusque
2519 3459 2579 3506 et
2615 3465 2937 3506 mcononius
2969 3452 3391 3521 probatissimus
3428 3464 3651 3522 aposto-

393 3545 804 3608 incredulitate,
835 3551 890 3596 et
926 3519 1090 3597 index
1126 3541 1402 3612 perlectus
1429 3540 1678 3595 veritatis
1707 3558 1722 3594 :
1756 3542 1853 3609 qui
1887 3540 1972 3594 in-
1995 3519 2038 3576 (ἶ
2072 3542 2217 3597 latus
2251 3519 2494 3614 gentium
2517 3585 2532 3609 ,
2559 3545 2654 3614 qui
2693 3544 2796 3598 fuit
2819 3543 2869 3598 ei
2901 3519 3166 3600 creditus.
3216 3545 3411 3601 Statim
3458 3519 3645 3602 autem

393 3634 737 3693 credulitatis
795 3633 1139 3687 occasionem
1190 3630 1496 3701 amputavit
1545 3630 1866 3695 incredulis,
1912 3637 1969 3684 ct

392 3730 557 3785 tidem
593 3725 968 3797 apostolorum
1023 3739 1121 3795 per
1172 3723 1612 3778 incredulitatem
1659 3720 1824 3777 ellicit
1868 3719 1968 3774 llr-

391 3824 646 3879 miorem.

460 3911 528 3967 Ii.
562 3909 792 3979 Quando
814 3907 961 3963 enim
992 3905 1309 3978 unigenitus
1327 3905 1424 3961 Dei
1444 3905 1638 3971 Filius,
1667 3908 1761 3978 qui
1792 3918 1877 3963 est
1908 3909 1965 3966 in

386 4004 514 4060 sinu
549 4000 748 4065 Patris,
779 4016 890 4055 non
927 3998 1112 4055 ferens
1140 3998 1330 4053 videre
1360 4012 1523 4052 suum
1550 4000 1869 4069 ﬁgmentum
1901 4002 1959 4056 in

387 4096 595 4166 peccati
619 4092 941 4148 servitutem
966 4089 1270 4154 redactum,
1286 4088 1404 4144 suis
1429 4088 1533 4143 bac
1555 4092 1613 4143 in
1637 4104 1697 4143 re
1721 4090 1955 4145 inﬂexus

386 4183 716 4246 visceribus,
743 4181 894 4236 visus
919 4189 1003 4235 est
1025 4180 1169 4236 sicut
1191 4195 1315 4244 nos,
1335 4179 1380 4234 si
1405 4189 1691 4249 peccatum
1713 4180 1963 4251 dempse-

386 4276 485 4339 ris,
507 4285 641 4329 tunc
662 4272 754 4326 hic
785 4285 1006 4341 quoque
1026 4269 1568 4339 nmgnusapostolua.
1580 4269 1958 4339 postaliorum

385 4364 783 4434 discipulorum
836 4361 1184 4424 electionem,
1236 4359 1331 4430 qui
1375 4358 1565 4414 Iesum
1598 4367 1728 4412 sunt
1760 4359 1958 4425 secuti,

374 4459 572 4530 jussus
595 4463 680 4510 est
711 4454 870 4522 sequi
908 4453 1224 4507 Dominum.
1285 4450 1421 4505 Nam
1467 4464 1594 4505 cum
1625 4451 1681 4506 in
1710 4451 1898 4507 Judaea
1926 4467 1959 4507 a

386 4557 565 4603 matre
598 4555 744 4603 esset
774 4547 829 4600 in
858 4546 1037 4599 lucem
1065 4544 1269 4608 editus,
1295 4542 1507 4598 balteus
1546 4552 1821 4613 parentes,
1858 4546 1956 4616 qui

384 4644 551 4696 vitam
579 4641 821 4695 tenuiter
859 4636 1131 4708 agebant,
1159 4636 1227 4689 ab
1266 4635 1348 4689 eis
1391 4633 1639 4689 alebatur
1672 4644 1729 4690 et
1755 4635 1957 4691 educa-

381 4736 565 4794 batur,
596 4742 653 4786 ot
700 4728 781 4783 ad
803 4730 973 4783 vitam
1022 4723 1364 4780 lormabatnr
1411 4723 1672 4791 similem,
1706 4726 1878 4780 veluti
1924 4741 1959 4780 a

2068 3641 2125 3687 et
2152 3632 2222 3687 ad
2252 3637 2617 3703 apostolatum
2649 3634 2753 3689 fuit
2781 3634 3199 3701 corroboratus,
3229 3645 3287 3690 et
3318 3637 3503 3691 divina
3535 3638 3641 3691 im-

2068 3725 2252 3796 pletus
2299 3727 2505 3782 virtute
2533 3765 2547 3787 ,
2578 3736 2634 3780 et
2667 3726 3055 3783 miraculornm
3106 3727 3259 3783 dives
3302 3728 3643 3797 operatione,

2066 3817 2259 3871 statuit
2292 3833 2418 3872 cum
2450 3817 2632 3873 Verbo
2664 3817 2869 3872 versari
2895 3829 3180 3888 perpetuo.
3219 3821 3360 3875 Cum
3386 3835 3497 3890 quo
3521 3821 3646 3891 qui-

2065 3907 2193 3965 dem
2220 3911 2425 3981 degens
2455 3919 2570 3965 toto
2595 3920 2859 3980 tempore,
2887 3926 2996 3980 quo
3024 3911 3189 3965 vitam
3216 3912 3327 3981 egit
3364 3913 3419 3967 in
3452 3927 3639 3979 carne,

2064 4000 2266 4054 multas
2296 4001 2518 4070 quidem
2569 4015 2694 4055 cum
2738 4015 2807 4055 eo
2850 4000 3024 4054 subiit
3057 3999 3402 4061 amictiones,
3437 4003 3639 4059 uiultas

2061 4100 2246 4147 autem
2273 4089 2693 4161 persecutiones
2732 4098 2791 4145 et
2826 4089 3207 4160 migrationes.
3242 4089 3309 4144 Et
3339 4090 3639 4161 aliquando

2060 4183 2284 4255 quidem
2312 4198 2439 4239 cum
2470 4185 2587 4254 ipse
2612 4197 2644 4236 a
2661 4180 2869 4237 Judazis
2893 4182 3291 4252 expelleretur,
3313 4184 3478 4238 simul
3500 4199 3640 4253 quo-

2059 4290 2169 4346 que
2199 4289 2323 4330 cum
2352 4289 2420 4330 eo
2445 4273 2860 4344 exponebatur;
2900 4283 2958 4328 et
3001 4289 3126 4329 cum
3163 4274 3444 4344 lapidibus
3469 4291 3639 4345 appe-

2057 4357 2289 4430 t‘eretur,
2324 4366 2439 4435 ipse
2470 4379 2691 4436 quoque
2719 4365 2883 4420 simul
2914 4366 3308 4436 appetebatur;
3335 4367 3631 4439 aliquando

2058 4467 2242 4513 autem
2270 4471 2397 4512 cum
2430 4456 2609 4527 ipsum
2640 4456 2844 4512 vellent
2890 4456 2947 4510 in
2988 4471 3141 4511 suam
3181 4457 3431 4528 redigere
3476 4446 3634 4528 pcto-

2064 4557 2287 4616 atatem,
2322 4555 2382 4604 et
2434 4556 2613 4604 morte
2652 4545 2892 4613 allicere,
2939 4557 3166 4618 paratos
3209 4561 3331 4604 erat
3376 4548 3634 4603 alacriter

2056 4655 2181 4696 eum
2222 4640 2342 4711 ipso
2370 4646 2548 4694 morte
2574 4636 2738 4706 abici,
2774 4637 3050 4694 desiderio
3082 4639 3299 4708 plenam
3342 4639 3489 4696 illam
3531 4654 3632 4694 vo-

2056 4745 2175 4788 cem
2209 4732 2469 4787 emittens
2511 4729 2582 4786 ad
2622 4730 2919 4785 Dominum
2948 4746 2964 4784 :
2994 4748 3013 4782 t
3052 4728 3274 4797 Eamus,
3320 4740 3380 4786 et
3426 4730 3625 4786 moria-

375 4821 617 4893 quodain
646 4822 856 4890 optimc
886 4816 1198 4889 padagogo.
1236 4825 1560 4887 paupertate
1603 4817 1872 4880 erudiam.
1897 4826 1957 4872 et
1985 4855 2028 4908 ο
2056 4836 2182 4880 mur
2217 4837 2343 4880 cuin
2376 4822 2562 4894 ipso‘.
2594 4840 2613 4875 ι
2648 4820 2883 4890 Quando
2908 4822 3057 4878 enim
3087 4824 3327 4879 amicum
3360 4822 3626 4878 Lazarum

371 4915 457 4971 ad
472 4912 691 4971 Domini
732 4911 1151 4984 suscipiendum
1175 4917 1513 4982 praceptun
1554 4919 1719 4981 aptus
1764 4911 1951 4967 reddi-

379 5016 489 5066 tus.
530 5004 728 5063 Libros
775 5006 961 5077 itaque
1012 5006 1195 5076 legens
1243 5004 1512 5061 Moesicos
1543 5002 1609 5075 (ii
1643 5001 1795 5058 enim
1823 5003 1955 5058 dili-

2054 4932 2087 4972 a
2119 4916 2358 4972 mortuis
2407 4915 2782 4972 suscitaturus
2814 4916 3076 4986 pergebat
3107 4913 3378 4980 Salvator,
3407 4917 3632 4985 quando

2053 5021 2152 5077 per
2179 5004 2484 5061 absentiam
2515 5006 2793 5062 concessit
2844 5005 3007 5062 morti
3044 5019 3315 5077 superare
3351 5014 3625 5069 naturam,

374 5109 567 5172 senm
601 5098 1051 5170 proponebantur
1076 5096 1204 5152 aliis
1221 5097 1557 5167 Iudaeorum)
1588 5095 1954 5165 componebat
2050 5094 2272 5168 quando
2306 5093 2477 5149 voluit
2513 5094 2813 5151 osnndere
2842 5094 3157 5165 sepulcrum
3187 5094 3367 5149 somni
3417 5094 3623 5158 locum,

376 5194 601 5266 quldem
628 5207 760 5248 suos
785 5203 969 5248 mores
1013 5189 1084 5246 ad
1132 5188 1479 5244 honestatem
1516 5202 1531 5240 :
1566 5186 1816 5242 doctrina
1849 5202 1953 5241 au-

2053 5186 2280 5257 quando
2312 5185 2559 5241 vinctum
2590 5194 2878 5240 mortuum
2903 5182 3077 5238 voluit
3120 5182 3337 5239 elﬁcere
3363 5182 3431 5238 ad
3461 5199 3621 5240 voea-

372 5297 490 5351 tem
517 5284 860 5340 forinabatur
881 5282 949 5338 ad
975 5294 1063 5337 res
1091 5279 1413 5345 divlnlores,
1459 5287 1517 5334 et
1555 5292 1589 5333 a
1637 5278 1951 5349 puerilibus
2047 5280 2254 5336 tionem
2289 5277 2428 5334 vivis
2461 5276 2809 5342 celeriorem,
2834 5284 2966 5331 tunc
3011 5276 3339 5332 accedentes
3365 5275 3625 5346 discipuli

376 5375 570 5444 procul
599 5384 845 5430 remotus
874 5372 1156 5439 ludibriis,
1190 5371 1590 5428 instituebatur
1632 5378 1690 5426 et
1737 5382 1950 5427 creasse

2046 5382 2263 5428 metum
2284 5370 2660 5443 [indicabant
2683 5369 3024 5431 indm-orum.
3053 5368 3262 5439 lapides
3290 5366 3624 5424 revocabant

377 5468 494 5532 bat,
544 5467 719 5522 donec
764 5466 1104 5536 pervenisset
1154 5464 1223 5521 ad
1289 5466 1586 5537 perfectam
1634 5476 1949 5519 mensuram
2048 5464 2107 5517 in
2139 5464 2484 5525 memoriam,
2517 5459 2960 5516 dehortabantur
3020 5473 3090 5515 ne
3125 5459 3453 5515 accederet:
3487 5455 3623 5511 cla-

371 5559 554 5614 aetatis
577 5558 806 5615 Christi.
836 5558 1040 5616 Vivens
1078 5559 1261 5628 enim,
1294 5559 1437 5617 sicut
1488 5555 1643 5629 prius
1684 5555 1946 5624 diximus,
2048 5554 2245 5627 sister,
2285 5553 2561 5620 dicentes,
2612 5567 2766 5609 nunc
2811 5549 3135 5624 quarebant
3181 5549 3355 5607 Judaei
3387 5557 3440 5605 te
3473 5549 3621 5605 occi-

475 5737 499 5770 ‘
534 5737 693 5794 Icari.
723 5752 801 5805 χι,
836 5737 917 5792 16.
