  <div class='ocr_page' id='page_1' title='image "/cluster/home/n/w/nwhite01/storage/ocr_20150623/116/hvd.32044073502221/286.png"; bbox 0 0 4122 6380; ppageno 0'>
   <div class='ocr_carea' id='block_1_1' title="bbox 385 350 495 421">
    <p class='ocr_par' dir='ltr' id='par_1_1' title="bbox 385 350 495 421">
     <span class='ocr_line' id='line_1_1' title="bbox 385 350 495 421; baseline 0 -1"><span class='ocrx_word' id='word_1_1' title='bbox 385 350 495 421; x_wconf 60' lang='grc' dir='ltr'><strong>δδι</strong></span> 
     </span>
    </p>
   </div>
   <div class='ocr_carea' id='block_1_2' title="bbox 1495 359 2546 436">
    <p class='ocr_par' dir='ltr' id='par_1_2' title="bbox 1495 359 2546 436">
     <span class='ocr_line' id='line_1_2' title="bbox 1495 359 2546 436; baseline 0.013 -14"><span class='ocrx_word' id='word_1_2' title='bbox 1495 359 1684 430; x_wconf 71' lang='lat' dir='ltr'><strong>VITA</strong></span> <span class='ocrx_word' id='word_1_3' title='bbox 1725 365 1788 425; x_wconf 92' lang='lat' dir='ltr'><strong>S.</strong></span> <span class='ocrx_word' id='word_1_4' title='bbox 1825 365 2114 428; x_wconf 72' lang='lat' dir='ltr'><strong>THOMIE</strong></span> <span class='ocrx_word' id='word_1_5' title='bbox 2152 368 2546 436; x_wconf 83' lang='lat' dir='ltr'><strong>APOSTOLI.</strong></span> 
     </span>
    </p>
   </div>
   <div class='ocr_carea' id='block_1_3' title="bbox 3547 380 3650 441">
    <p class='ocr_par' dir='ltr' id='par_1_3' title="bbox 3547 380 3650 441">
     <span class='ocr_line' id='line_1_3' title="bbox 3547 380 3650 441; baseline 0.019 -2"><span class='ocrx_word' id='word_1_6' title='bbox 3547 380 3650 441; x_wconf 72' lang='lat'><strong>56:2</strong></span> 
     </span>
    </p>
   </div>
   <div class='ocr_carea' id='block_1_4' title="bbox 392 471 3645 558">
    <p class='ocr_par' dir='ltr' id='par_1_4' title="bbox 392 471 3645 558">
     <span class='ocr_line' id='line_1_4' title="bbox 392 471 3645 558; baseline 0.006 -30"><span class='ocrx_word' id='word_1_7' title='bbox 392 473 545 536; x_wconf 86' lang='lat' dir='ltr'><strong>dere,</strong></span> <span class='ocrx_word' id='word_1_8' title='bbox 575 480 634 527; x_wconf 89' lang='lat' dir='ltr'><strong>et</strong></span> <span class='ocrx_word' id='word_1_9' title='bbox 669 486 858 526; x_wconf 79' lang='lat' dir='ltr'><strong>rursus</strong></span> <span class='ocrx_word' id='word_1_10' title='bbox 889 471 1044 527; x_wconf 83' lang='lat' dir='ltr'><strong>vadis</strong></span> <span class='ocrx_word' id='word_1_11' title='bbox 1068 472 1200 528; x_wconf 91' lang='lat' dir='ltr'><strong>illoc</strong></span> <span class='ocrx_word' id='word_1_12' title='bbox 1225 472 1285 525; x_wconf 70' lang='lat' dir='ltr'><strong>&#39;i</strong></span> <span class='ocrx_word' id='word_1_13' title='bbox 1325 492 1343 525; x_wconf 75' lang='grc' dir='ltr'><strong><em>ι</em></strong></span> <span class='ocrx_word' id='word_1_14' title='bbox 1378 474 1512 530; x_wconf 88' lang='lat' dir='ltr'><strong>Cum</strong></span> <span class='ocrx_word' id='word_1_15' title='bbox 1538 485 1721 531; x_wconf 88' lang='lat' dir='ltr'><strong>autem</strong></span> <span class='ocrx_word' id='word_1_16' title='bbox 1751 477 1826 532; x_wconf 84' lang='lat' dir='ltr'><strong>illi</strong></span> <span class='ocrx_word' id='word_1_17' title='bbox 1862 494 1972 534; x_wconf 90' lang='lat' dir='ltr'><strong>non</strong></span> <span class='ocrx_word' id='word_1_18' title='bbox 2000 484 2047 544; x_wconf 76' lang='grc' dir='ltr'><strong>Α</strong></span> <span class='ocrx_word' id='word_1_19' title='bbox 2077 482 2230 538; x_wconf 85' lang='lat' dir='ltr'><strong>cruci</strong></span> <span class='ocrx_word' id='word_1_20' title='bbox 2265 481 2601 539; x_wconf 82' lang='lat' dir='ltr'><strong>amxerunt?</strong></span> <span class='ocrx_word' id='word_1_21' title='bbox 2630 484 2734 552; x_wconf 86' lang='lat' dir='ltr'><strong>Qui</strong></span> <span class='ocrx_word' id='word_1_22' title='bbox 2783 485 3008 542; x_wconf 71' lang='lat' dir='ltr'><strong>Tboma:</strong></span> <span class='ocrx_word' id='word_1_23' title='bbox 3055 501 3162 542; x_wconf 92' lang='lat' dir='ltr'><strong>non</strong></span> <span class='ocrx_word' id='word_1_24' title='bbox 3217 503 3608 558; x_wconf 83' lang='lat' dir='ltr'><strong>persuaserunt</strong></span> <span class='ocrx_word' id='word_1_25' title='bbox 3631 530 3645 552; x_wconf 90' lang='lat'><strong>,</strong></span> 
     </span>
    </p>
   </div>
   <div class='ocr_carea' id='block_1_5' title="bbox 390 558 1967 632">
    <p class='ocr_par' dir='ltr' id='par_1_5' title="bbox 390 558 1967 632">
     <span class='ocr_line' id='line_1_5' title="bbox 390 558 1967 632; baseline 0.003 -18"><span class='ocrx_word' id='word_1_26' title='bbox 390 566 622 632; x_wconf 82' lang='lat' dir='ltr'><strong>possent</strong></span> <span class='ocrx_word' id='word_1_27' title='bbox 649 558 985 629; x_wconf 84' lang='lat' dir='ltr'><strong>persuadere</strong></span> <span class='ocrx_word' id='word_1_28' title='bbox 1009 560 1142 630; x_wconf 91' lang='lat' dir='ltr'><strong>(non</strong></span> <span class='ocrx_word' id='word_1_29' title='bbox 1167 559 1315 614; x_wconf 89' lang='lat' dir='ltr'><strong>enim</strong></span> <span class='ocrx_word' id='word_1_30' title='bbox 1338 561 1630 631; x_wconf 88' lang='lat' dir='ltr'><strong>oportebat</strong></span> <span class='ocrx_word' id='word_1_31' title='bbox 1663 563 1967 626; x_wconf 73' lang='lat' dir='ltr'><strong>infantiam.</strong></span> 
     </span>
    </p>
   </div>
   <div class='ocr_carea' id='block_1_6' title="bbox 391 651 1974 726">
    <p class='ocr_par' dir='ltr' id='par_1_6' title="bbox 391 651 1974 726">
     <span class='ocr_line' id='line_1_6' title="bbox 391 651 1974 726; baseline 0.001 -18"><span class='ocrx_word' id='word_1_32' title='bbox 391 669 515 725; x_wconf 70' lang='lat' dir='ltr'><strong>qua:</strong></span> <span class='ocrx_word' id='word_1_33' title='bbox 547 664 678 708; x_wconf 90' lang='lat' dir='ltr'><strong>tunc</strong></span> <span class='ocrx_word' id='word_1_34' title='bbox 706 661 844 718; x_wconf 89' lang='lat' dir='ltr'><strong>erat,</strong></span> <span class='ocrx_word' id='word_1_35' title='bbox 877 651 1299 723; x_wconf 90' lang='lat' dir='ltr'><strong>discipulorum,</strong></span> <span class='ocrx_word' id='word_1_36' title='bbox 1335 656 1494 710; x_wconf 87' lang='lat' dir='ltr'><strong>morti</strong></span> <span class='ocrx_word' id='word_1_37' title='bbox 1520 670 1678 726; x_wconf 82' lang='lat' dir='ltr'><strong>opem</strong></span> <span class='ocrx_word' id='word_1_38' title='bbox 1710 657 1852 711; x_wconf 81' lang='lat' dir='ltr'><strong>ferre</strong></span> <span class='ocrx_word' id='word_1_39' title='bbox 1879 656 1974 710; x_wconf 85' lang='lat' dir='ltr'><strong>ad-</strong></span> 
     </span>
    </p>
   </div>
   <div class='ocr_carea' id='block_1_7' title="bbox 391 743 1976 814">
    <p class='ocr_par' dir='ltr' id='par_1_7' title="bbox 391 743 1976 814">
     <span class='ocr_line' id='line_1_7' title="bbox 391 743 1976 814; baseline 0.003 -15"><span class='ocrx_word' id='word_1_40' title='bbox 391 760 589 801; x_wconf 88' lang='lat' dir='ltr'><strong>versus</strong></span> <span class='ocrx_word' id='word_1_41' title='bbox 614 745 903 807; x_wconf 71' lang='lat' dir='ltr'><strong>Lazarum,</strong></span> <span class='ocrx_word' id='word_1_42' title='bbox 933 760 1114 812; x_wconf 88' lang='lat' dir='ltr'><strong>neque</strong></span> <span class='ocrx_word' id='word_1_43' title='bbox 1143 743 1594 814; x_wconf 90' lang='lat' dir='ltr'><strong>impedimentum</strong></span> <span class='ocrx_word' id='word_1_44' title='bbox 1631 747 1976 804; x_wconf 86' lang='lat' dir='ltr'><strong>liberationis</strong></span> 
     </span>
    </p>
   </div>
   <div class='ocr_carea' id='block_1_8' title="bbox 390 836 1976 911">
    <p class='ocr_par' dir='ltr' id='par_1_8' title="bbox 390 836 1976 911">
     <span class='ocr_line' id='line_1_8' title="bbox 390 836 1976 911; baseline 0.004 -19"><span class='ocrx_word' id='word_1_45' title='bbox 390 851 459 892; x_wconf 80' lang='lat' dir='ltr'><strong>ex</strong></span> <span class='ocrx_word' id='word_1_46' title='bbox 486 836 784 905; x_wconf 83' lang='lat' dir='ltr'><strong>sepulcris.</strong></span> <span class='ocrx_word' id='word_1_47' title='bbox 831 837 1053 891; x_wconf 90' lang='lat' dir='ltr'><strong>illorum</strong></span> <span class='ocrx_word' id='word_1_48' title='bbox 1089 838 1238 892; x_wconf 93' lang='lat' dir='ltr'><strong>cerni</strong></span> <span class='ocrx_word' id='word_1_49' title='bbox 1292 840 1684 911; x_wconf 87' lang='lat' dir='ltr'><strong>timiditatem),</strong></span> <span class='ocrx_word' id='word_1_50' title='bbox 1723 851 1870 896; x_wconf 90' lang='lat' dir='ltr'><strong>metu</strong></span> <span class='ocrx_word' id='word_1_51' title='bbox 1920 852 1976 898; x_wconf 92' lang='lat' dir='ltr'><strong>et</strong></span> 
     </span>
    </p>
   </div>
   <div class='ocr_carea' id='block_1_9' title="bbox 311 928 1974 1004">
    <p class='ocr_par' dir='ltr' id='par_1_9' title="bbox 311 928 1974 1004">
     <span class='ocr_line' id='line_1_9' title="bbox 311 928 1974 1004; baseline 0.004 -22"><span class='ocrx_word' id='word_1_52' title='bbox 311 999 322 1004; x_wconf 89' lang='lat'><em>_</em></span> <span class='ocrx_word' id='word_1_53' title='bbox 396 929 679 982; x_wconf 85' lang='lat' dir='ltr'><strong>desiderio</strong></span> <span class='ocrx_word' id='word_1_54' title='bbox 713 928 992 984; x_wconf 85' lang='lat' dir='ltr'><strong>distractis</strong></span> <span class='ocrx_word' id='word_1_55' title='bbox 1019 945 1213 984; x_wconf 89' lang='lat' dir='ltr'><strong>eorum</strong></span> <span class='ocrx_word' id='word_1_56' title='bbox 1248 932 1466 995; x_wconf 89' lang='lat' dir='ltr'><strong>animis,</strong></span> <span class='ocrx_word' id='word_1_57' title='bbox 1507 937 1974 989; x_wconf 86' lang='lat' dir='ltr'><strong>convertebantnr</strong></span> 
     </span>
    </p>
   </div>
   <div class='ocr_carea' id='block_1_10' title="bbox 397 1020 1978 1098">
    <p class='ocr_par' dir='ltr' id='par_1_10' title="bbox 397 1020 1978 1098">
     <span class='ocr_line' id='line_1_10' title="bbox 397 1020 1978 1098; baseline 0.006 -23"><span class='ocrx_word' id='word_1_58' title='bbox 397 1020 465 1075; x_wconf 81' lang='lat' dir='ltr'><strong>ad</strong></span> <span class='ocrx_word' id='word_1_59' title='bbox 517 1021 688 1075; x_wconf 89' lang='lat' dir='ltr'><strong>animi</strong></span> <span class='ocrx_word' id='word_1_60' title='bbox 731 1022 1139 1091; x_wconf 78' lang='lat' dir='ltr'><strong>aegritudinem.</strong></span> <span class='ocrx_word' id='word_1_61' title='bbox 1183 1021 1288 1078; x_wconf 88' lang='lat' dir='ltr'><strong>Sed</strong></span> <span class='ocrx_word' id='word_1_62' title='bbox 1343 1024 1582 1082; x_wconf 85' lang='lat' dir='ltr'><strong>Thomas</strong></span> <span class='ocrx_word' id='word_1_63' title='bbox 1625 1039 1878 1098; x_wconf 89' lang='lat' dir='ltr'><strong>prompte</strong></span> <span class='ocrx_word' id='word_1_64' title='bbox 1921 1039 1978 1084; x_wconf 87' lang='lat' dir='ltr'><strong>et</strong></span> 
     </span>
    </p>
   </div>
   <div class='ocr_carea' id='block_1_11' title="bbox 399 1113 1976 1184">
    <p class='ocr_par' dir='ltr' id='par_1_11' title="bbox 399 1113 1976 1184">
     <span class='ocr_line' id='line_1_11' title="bbox 399 1113 1976 1184; baseline 0.004 -16"><span class='ocrx_word' id='word_1_65' title='bbox 399 1113 652 1168; x_wconf 78' lang='lat' dir='ltr'><strong>alacriter</strong></span> <span class='ocrx_word' id='word_1_66' title='bbox 682 1113 900 1168; x_wconf 89' lang='lat' dir='ltr'><strong>solvens</strong></span> <span class='ocrx_word' id='word_1_67' title='bbox 933 1115 1196 1184; x_wconf 74' lang='lat' dir='ltr'><strong>apostolis</strong></span> <span class='ocrx_word' id='word_1_68' title='bbox 1224 1117 1530 1172; x_wconf 87' lang='lat' dir='ltr'><strong>molestiam</strong></span> <span class='ocrx_word' id='word_1_69' title='bbox 1567 1135 1581 1172; x_wconf 89' lang='lat'><strong>:</strong></span> <span class='ocrx_word' id='word_1_70' title='bbox 1633 1136 1652 1170; x_wconf 72' lang='grc' dir='ltr'><strong><em>ι</em></strong></span> <span class='ocrx_word' id='word_1_71' title='bbox 1691 1120 1895 1176; x_wconf 89' lang='lat' dir='ltr'><strong>Eamus</strong></span> <span class='ocrx_word' id='word_1_72' title='bbox 1921 1129 1976 1177; x_wconf 88' lang='lat' dir='ltr'><strong>et</strong></span> 
     </span>
    </p>
   </div>
   <div class='ocr_carea' id='block_1_12' title="bbox 404 1202 1973 1278">
    <p class='ocr_par' dir='ltr' id='par_1_12' title="bbox 404 1202 1973 1278">
     <span class='ocr_line' id='line_1_12' title="bbox 404 1202 1973 1278; baseline 0.005 -19"><span class='ocrx_word' id='word_1_73' title='bbox 404 1217 527 1267; x_wconf 88' lang='lat' dir='ltr'><strong>nos,</strong></span> <span class='ocrx_word' id='word_1_74' title='bbox 580 1202 782 1273; x_wconf 76' lang='lat' dir='ltr'><strong>inquit,</strong></span> <span class='ocrx_word' id='word_1_75' title='bbox 816 1215 871 1257; x_wconf 92' lang='lat' dir='ltr'><strong>et</strong></span> <span class='ocrx_word' id='word_1_76' title='bbox 904 1205 1209 1258; x_wconf 87' lang='lat' dir='ltr'><strong>moriamur</strong></span> <span class='ocrx_word' id='word_1_77' title='bbox 1261 1221 1386 1261; x_wconf 88' lang='lat' dir='ltr'><strong>cum</strong></span> <span class='ocrx_word' id='word_1_78' title='bbox 1430 1207 1570 1278; x_wconf 89' lang='lat' dir='ltr'><strong>ipso.</strong></span> <span class='ocrx_word' id='word_1_79' title='bbox 1630 1227 1647 1258; x_wconf 77' lang='grc' dir='ltr'><strong><em>ι</em></strong></span> <span class='ocrx_word' id='word_1_80' title='bbox 1695 1209 1789 1263; x_wconf 84' lang='lat' dir='ltr'><strong>Est</strong></span> <span class='ocrx_word' id='word_1_81' title='bbox 1825 1212 1973 1266; x_wconf 89' lang='lat' dir='ltr'><strong>enim</strong></span> 
     </span>
    </p>
   </div>
   <div class='ocr_carea' id='block_1_13' title="bbox 400 1295 1972 1374">
    <p class='ocr_par' dir='ltr' id='par_1_13' title="bbox 400 1295 1972 1374">
     <span class='ocr_line' id='line_1_13' title="bbox 400 1295 1972 1374; baseline 0.006 -25"><span class='ocrx_word' id='word_1_82' title='bbox 400 1295 595 1364; x_wconf 86' lang='lat' dir='ltr'><strong>quavis</strong></span> <span class='ocrx_word' id='word_1_83' title='bbox 646 1296 756 1348; x_wconf 90' lang='lat' dir='ltr'><strong>vita</strong></span> <span class='ocrx_word' id='word_1_84' title='bbox 807 1295 1023 1360; x_wconf 84' lang='lat' dir='ltr'><strong>melior,</strong></span> <span class='ocrx_word' id='word_1_85' title='bbox 1053 1312 1175 1366; x_wconf 74' lang='lat' dir='ltr'><strong>quae</strong></span> <span class='ocrx_word' id='word_1_86' title='bbox 1224 1313 1349 1351; x_wconf 91' lang='lat' dir='ltr'><strong>com</strong></span> <span class='ocrx_word' id='word_1_87' title='bbox 1401 1299 1630 1355; x_wconf 87' lang='lat' dir='ltr'><strong>Domino</strong></span> <span class='ocrx_word' id='word_1_88' title='bbox 1682 1303 1972 1374; x_wconf 88' lang='lat' dir='ltr'><strong>accipitur,</strong></span> 
     </span>
    </p>
   </div>
   <div class='ocr_carea' id='block_1_14' title="bbox 400 1384 1978 1462">
    <p class='ocr_par' dir='ltr' id='par_1_14' title="bbox 400 1384 1978 1462">
     <span class='ocr_line' id='line_1_14' title="bbox 400 1384 1978 1462; baseline 0.008 -21"><span class='ocrx_word' id='word_1_89' title='bbox 400 1384 628 1442; x_wconf 89' lang='lat' dir='ltr'><strong>occisio.</strong></span> <span class='ocrx_word' id='word_1_90' title='bbox 667 1385 844 1455; x_wconf 83' lang='lat' dir='ltr'><strong>Atque</strong></span> <span class='ocrx_word' id='word_1_91' title='bbox 897 1385 1012 1442; x_wconf 70' lang='lat' dir='ltr'><strong>haec</strong></span> <span class='ocrx_word' id='word_1_92' title='bbox 1046 1388 1270 1455; x_wconf 84' lang='lat' dir='ltr'><strong>quidem</strong></span> <span class='ocrx_word' id='word_1_93' title='bbox 1315 1391 1394 1446; x_wconf 86' lang='lat' dir='ltr'><strong>sic</strong></span> <span class='ocrx_word' id='word_1_94' title='bbox 1447 1408 1506 1448; x_wconf 89' lang='lat' dir='ltr'><strong>se</strong></span> <span class='ocrx_word' id='word_1_95' title='bbox 1566 1394 1866 1462; x_wconf 80' lang='lat' dir='ltr'><strong>habebant,</strong></span> <span class='ocrx_word' id='word_1_96' title='bbox 1920 1407 1978 1453; x_wconf 90' lang='lat' dir='ltr'><strong>et</strong></span> 
     </span>
    </p>
   </div>
   <div class='ocr_carea' id='block_1_15' title="bbox 402 1477 1974 1559">
    <p class='ocr_par' dir='ltr' id='par_1_15' title="bbox 402 1477 1974 1559">
     <span class='ocr_line' id='line_1_15' title="bbox 402 1477 1974 1559; baseline 0.01 -29"><span class='ocrx_word' id='word_1_97' title='bbox 402 1477 780 1547; x_wconf 79' lang='lat' dir='ltr'><strong>apostolorum</strong></span> <span class='ocrx_word' id='word_1_98' title='bbox 812 1477 1028 1532; x_wconf 90' lang='lat' dir='ltr'><strong>animos</strong></span> <span class='ocrx_word' id='word_1_99' title='bbox 1052 1479 1330 1538; x_wconf 84' lang='lat' dir='ltr'><strong>detinebat</strong></span> <span class='ocrx_word' id='word_1_100' title='bbox 1368 1484 1681 1548; x_wconf 88' lang='lat' dir='ltr'><strong>admiratio,</strong></span> <span class='ocrx_word' id='word_1_101' title='bbox 1722 1490 1974 1559; x_wconf 90' lang='lat' dir='ltr'><strong>cogitau-</strong></span> 
     </span>
    </p>
   </div>
   <div class='ocr_carea' id='block_1_16' title="bbox 403 1570 1972 1641">
    <p class='ocr_par' dir='ltr' id='par_1_16' title="bbox 403 1570 1972 1641">
     <span class='ocr_line' id='line_1_16' title="bbox 403 1570 1972 1641; baseline 0.01 -18"><span class='ocrx_word' id='word_1_102' title='bbox 403 1580 485 1625; x_wconf 86' lang='lat' dir='ltr'><strong>tes</strong></span> <span class='ocrx_word' id='word_1_103' title='bbox 520 1570 882 1640; x_wconf 88' lang='lat' dir='ltr'><strong>condiscipuli</strong></span> <span class='ocrx_word' id='word_1_104' title='bbox 916 1573 1199 1628; x_wconf 85' lang='lat' dir='ltr'><strong>audaciam</strong></span> <span class='ocrx_word' id='word_1_105' title='bbox 1236 1575 1304 1630; x_wconf 91' lang='lat' dir='ltr'><strong>ad</strong></span> <span class='ocrx_word' id='word_1_106' title='bbox 1336 1589 1564 1641; x_wconf 83' lang='lat' dir='ltr'><strong>mortem</strong></span> <span class='ocrx_word' id='word_1_107' title='bbox 1608 1581 1972 1638; x_wconf 89' lang='lat' dir='ltr'><strong>subeundam.</strong></span> 
     </span>
    </p>
   </div>
   <div class='ocr_carea' id='block_1_17' title="bbox 470 1663 1974 1735">
    <p class='ocr_par' dir='ltr' id='par_1_17' title="bbox 470 1663 1974 1735">
     <span class='ocr_line' id='line_1_17' title="bbox 470 1663 1974 1735; baseline 0.011 -19"><span class='ocrx_word' id='word_1_108' title='bbox 470 1663 560 1716; x_wconf 89' lang='lat' dir='ltr'><strong>lV.</strong></span> <span class='ocrx_word' id='word_1_109' title='bbox 590 1663 694 1718; x_wconf 77' lang='lat' dir='ltr'><strong>Sed</strong></span> <span class='ocrx_word' id='word_1_110' title='bbox 721 1679 843 1718; x_wconf 90' lang='lat' dir='ltr'><strong>cum</strong></span> <span class='ocrx_word' id='word_1_111' title='bbox 873 1680 1008 1719; x_wconf 73' lang='lat' dir='ltr'><strong>crux</strong></span> <span class='ocrx_word' id='word_1_112' title='bbox 1035 1667 1134 1720; x_wconf 78' lang='lat' dir='ltr'><strong>lixa</strong></span> <span class='ocrx_word' id='word_1_113' title='bbox 1167 1667 1380 1735; x_wconf 79' lang='lat' dir='ltr'><strong>luisset,</strong></span> <span class='ocrx_word' id='word_1_114' title='bbox 1411 1681 1465 1725; x_wconf 91' lang='lat' dir='ltr'><strong>et</strong></span> <span class='ocrx_word' id='word_1_115' title='bbox 1493 1688 1641 1727; x_wconf 90' lang='lat' dir='ltr'><strong>mors</strong></span> <span class='ocrx_word' id='word_1_116' title='bbox 1663 1686 1808 1730; x_wconf 90' lang='lat' dir='ltr'><strong>esset</strong></span> <span class='ocrx_word' id='word_1_117' title='bbox 1847 1693 1974 1732; x_wconf 88' lang='lat' dir='ltr'><strong>sos-</strong></span> 
     </span>
    </p>
   </div>
   <div class='ocr_carea' id='block_1_18' title="bbox 405 1753 1976 1830">
    <p class='ocr_par' dir='ltr' id='par_1_18' title="bbox 405 1753 1976 1830">
     <span class='ocr_line' id='line_1_18' title="bbox 405 1753 1976 1830; baseline 0.01 -23"><span class='ocrx_word' id='word_1_118' title='bbox 405 1767 591 1820; x_wconf 87' lang='lat' dir='ltr'><strong>pensa,</strong></span> <span class='ocrx_word' id='word_1_119' title='bbox 623 1763 679 1806; x_wconf 87' lang='lat' dir='ltr'><strong>et</strong></span> <span class='ocrx_word' id='word_1_120' title='bbox 714 1753 962 1809; x_wconf 82' lang='lat' dir='ltr'><strong>infernos</strong></span> <span class='ocrx_word' id='word_1_121' title='bbox 1005 1757 1314 1812; x_wconf 81' lang='lat' dir='ltr'><strong>traheretur</strong></span> <span class='ocrx_word' id='word_1_122' title='bbox 1344 1762 1616 1830; x_wconf 87' lang='lat' dir='ltr'><strong>captivus,</strong></span> <span class='ocrx_word' id='word_1_123' title='bbox 1654 1774 1710 1818; x_wconf 91' lang='lat' dir='ltr'><strong>et</strong></span> <span class='ocrx_word' id='word_1_124' title='bbox 1767 1777 1976 1822; x_wconf 89' lang='lat' dir='ltr'><strong>mutata</strong></span> 
     </span>
    </p>
   </div>
   <div class='ocr_carea' id='block_1_19' title="bbox 402 1844 1978 1915">
    <p class='ocr_par' dir='ltr' id='par_1_19' title="bbox 402 1844 1978 1915">
     <span class='ocr_line' id='line_1_19' title="bbox 402 1844 1978 1915; baseline 0.011 -17"><span class='ocrx_word' id='word_1_125' title='bbox 402 1852 548 1898; x_wconf 86' lang='lat' dir='ltr'><strong>esset</strong></span> <span class='ocrx_word' id='word_1_126' title='bbox 595 1844 681 1898; x_wconf 77' lang='lat' dir='ltr'><strong>lex</strong></span> <span class='ocrx_word' id='word_1_127' title='bbox 730 1847 990 1914; x_wconf 87' lang='lat' dir='ltr'><strong>sepulcri,</strong></span> <span class='ocrx_word' id='word_1_128' title='bbox 1030 1857 1080 1901; x_wconf 90' lang='lat' dir='ltr'><strong>et</strong></span> <span class='ocrx_word' id='word_1_129' title='bbox 1137 1866 1284 1904; x_wconf 85' lang='lat' dir='ltr'><strong>mors</strong></span> <span class='ocrx_word' id='word_1_130' title='bbox 1338 1851 1543 1909; x_wconf 86' lang='lat' dir='ltr'><strong>Christi</strong></span> <span class='ocrx_word' id='word_1_131' title='bbox 1589 1855 1782 1911; x_wconf 72' lang='lat' dir='ltr'><strong>eﬂ‘ecta</strong></span> <span class='ocrx_word' id='word_1_132' title='bbox 1833 1870 1978 1915; x_wconf 90' lang='lat' dir='ltr'><strong>esset</strong></span> 
     </span>
    </p>
   </div>
   <div class='ocr_carea' id='block_1_20' title="bbox 404 1938 1976 2018">
    <p class='ocr_par' dir='ltr' id='par_1_20' title="bbox 404 1938 1976 2018">
     <span class='ocr_line' id='line_1_20' title="bbox 404 1938 1976 2018; baseline 0.011 -29"><span class='ocrx_word' id='word_1_133' title='bbox 404 1950 551 1990; x_wconf 91' lang='lat' dir='ltr'><strong>mors</strong></span> <span class='ocrx_word' id='word_1_134' title='bbox 581 1938 792 2001; x_wconf 89' lang='lat' dir='ltr'><strong>mortis,</strong></span> <span class='ocrx_word' id='word_1_135' title='bbox 819 1952 1046 2009; x_wconf 76' lang='lat' dir='ltr'><strong>surgens</strong></span> <span class='ocrx_word' id='word_1_136' title='bbox 1074 1941 1323 1997; x_wconf 84' lang='lat' dir='ltr'><strong>Salvator</strong></span> <span class='ocrx_word' id='word_1_137' title='bbox 1345 1954 1468 2013; x_wconf 87' lang='lat' dir='ltr'><strong>post</strong></span> <span class='ocrx_word' id='word_1_138' title='bbox 1497 1958 1680 2004; x_wconf 90' lang='lat' dir='ltr'><strong>erecta</strong></span> <span class='ocrx_word' id='word_1_139' title='bbox 1709 1950 1852 2018; x_wconf 88' lang='lat' dir='ltr'><strong>apud</strong></span> <span class='ocrx_word' id='word_1_140' title='bbox 1887 1951 1976 2006; x_wconf 87' lang='lat' dir='ltr'><strong>in-</strong></span> 
     </span>
    </p>
   </div>
   <div class='ocr_carea' id='block_1_21' title="bbox 403 2027 1977 2107">
    <p class='ocr_par' dir='ltr' id='par_1_21' title="bbox 403 2027 1977 2107">
     <span class='ocr_line' id='line_1_21' title="bbox 403 2027 1977 2107; baseline 0.01 -26"><span class='ocrx_word' id='word_1_141' title='bbox 403 2027 549 2082; x_wconf 76' lang='lat' dir='ltr'><strong>feros</strong></span> <span class='ocrx_word' id='word_1_142' title='bbox 579 2028 844 2083; x_wconf 85' lang='lat' dir='ltr'><strong>adversus</strong></span> <span class='ocrx_word' id='word_1_143' title='bbox 875 2039 1102 2084; x_wconf 82' lang='lat' dir='ltr'><strong>mortem</strong></span> <span class='ocrx_word' id='word_1_144' title='bbox 1137 2042 1363 2103; x_wconf 68' lang='lat' dir='ltr'><strong>tropaea,</strong></span> <span class='ocrx_word' id='word_1_145' title='bbox 1389 2046 1614 2107; x_wconf 83' lang='lat' dir='ltr'><strong>apparet</strong></span> <span class='ocrx_word' id='word_1_146' title='bbox 1638 2040 1752 2094; x_wconf 88' lang='lat' dir='ltr'><strong>suis</strong></span> <span class='ocrx_word' id='word_1_147' title='bbox 1781 2042 1977 2097; x_wconf 79' lang='lat' dir='ltr'><strong>amicis</strong></span> 
     </span>
    </p>
   </div>
   <div class='ocr_carea' id='block_1_22' title="bbox 402 2118 1978 2201">
    <p class='ocr_par' dir='ltr' id='par_1_22' title="bbox 402 2118 1978 2201">
     <span class='ocr_line' id='line_1_22' title="bbox 402 2118 1978 2201; baseline 0.013 -30"><span class='ocrx_word' id='word_1_148' title='bbox 402 2118 719 2186; x_wconf 79' lang='lat' dir='ltr'><strong>lugentibus</strong></span> <span class='ocrx_word' id='word_1_149' title='bbox 735 2129 790 2173; x_wconf 90' lang='lat' dir='ltr'><strong>et</strong></span> <span class='ocrx_word' id='word_1_150' title='bbox 810 2121 1089 2188; x_wconf 82' lang='lat' dir='ltr'><strong>ﬂentibus,</strong></span> <span class='ocrx_word' id='word_1_151' title='bbox 1117 2124 1171 2179; x_wconf 92' lang='lat' dir='ltr'><strong>in</strong></span> <span class='ocrx_word' id='word_1_152' title='bbox 1206 2127 1310 2181; x_wconf 92' lang='lat' dir='ltr'><strong>hoc</strong></span> <span class='ocrx_word' id='word_1_153' title='bbox 1333 2145 1552 2201; x_wconf 88' lang='lat' dir='ltr'><strong>quoque</strong></span> <span class='ocrx_word' id='word_1_154' title='bbox 1582 2132 1739 2189; x_wconf 78' lang='lat' dir='ltr'><strong>[idem</strong></span> <span class='ocrx_word' id='word_1_155' title='bbox 1773 2135 1978 2192; x_wconf 82' lang='lat' dir='ltr'><strong>faciens</strong></span> 
     </span>
    </p>
   </div>
   <div class='ocr_carea' id='block_1_23' title="bbox 399 2210 1976 2289">
    <p class='ocr_par' dir='ltr' id='par_1_23' title="bbox 399 2210 1976 2289">
     <span class='ocr_line' id='line_1_23' title="bbox 399 2210 1976 2289; baseline 0.015 -27"><span class='ocrx_word' id='word_1_156' title='bbox 399 2210 649 2265; x_wconf 65' lang='lat' dir='ltr'><strong>victoria:</strong></span> <span class='ocrx_word' id='word_1_157' title='bbox 677 2227 692 2263; x_wconf 90' lang='lat'><strong>:</strong></span> <span class='ocrx_word' id='word_1_158' title='bbox 725 2213 816 2282; x_wconf 87' lang='lat' dir='ltr'><strong>qui</strong></span> <span class='ocrx_word' id='word_1_159' title='bbox 851 2229 1034 2268; x_wconf 89' lang='lat' dir='ltr'><strong>rerum</strong></span> <span class='ocrx_word' id='word_1_160' title='bbox 1087 2228 1235 2272; x_wconf 89' lang='lat' dir='ltr'><strong>recte</strong></span> <span class='ocrx_word' id='word_1_161' title='bbox 1275 2231 1551 2289; x_wconf 83' lang='lat' dir='ltr'><strong>gestarum</strong></span> <span class='ocrx_word' id='word_1_162' title='bbox 1590 2224 1716 2280; x_wconf 91' lang='lat' dir='ltr'><strong>illos</strong></span> <span class='ocrx_word' id='word_1_163' title='bbox 1764 2227 1976 2285; x_wconf 77' lang='lat' dir='ltr'><strong>faciens</strong></span> 
     </span>
    </p>
   </div>
   <div class='ocr_carea' id='block_1_24' title="bbox 403 2309 1970 2387">
    <p class='ocr_par' dir='ltr' id='par_1_24' title="bbox 403 2309 1970 2387">
     <span class='ocr_line' id='line_1_24' title="bbox 403 2309 1970 2387; baseline 0.015 -32"><span class='ocrx_word' id='word_1_164' title='bbox 403 2312 759 2371; x_wconf 80' lang='lat' dir='ltr'><strong>spectatores,</strong></span> <span class='ocrx_word' id='word_1_165' title='bbox 790 2315 938 2364; x_wconf 76' lang='lat' dir='ltr'><strong>certe</strong></span> <span class='ocrx_word' id='word_1_166' title='bbox 968 2324 1069 2363; x_wconf 88' lang='lat' dir='ltr'><strong>nec</strong></span> <span class='ocrx_word' id='word_1_167' title='bbox 1096 2309 1271 2380; x_wconf 88' lang='lat' dir='ltr'><strong>ipsum</strong></span> <span class='ocrx_word' id='word_1_168' title='bbox 1305 2313 1529 2382; x_wconf 89' lang='lat' dir='ltr'><strong>quidem</strong></span> <span class='ocrx_word' id='word_1_169' title='bbox 1561 2319 1812 2387; x_wconf 88' lang='lat' dir='ltr'><strong>permisit</strong></span> <span class='ocrx_word' id='word_1_170' title='bbox 1845 2338 1970 2380; x_wconf 87' lang='lat' dir='ltr'><strong>esse</strong></span> 
     </span>
    </p>
   </div>
   <div class='ocr_carea' id='block_1_25' title="bbox 403 2396 1975 2478">
    <p class='ocr_par' dir='ltr' id='par_1_25' title="bbox 403 2396 1975 2478">
     <span class='ocr_line' id='line_1_25' title="bbox 403 2396 1975 2478; baseline 0.013 -31"><span class='ocrx_word' id='word_1_171' title='bbox 403 2404 685 2461; x_wconf 81' lang='lat' dir='ltr'><strong>expertem</strong></span> <span class='ocrx_word' id='word_1_172' title='bbox 721 2396 1024 2464; x_wconf 89' lang='lat' dir='ltr'><strong>primorum</strong></span> <span class='ocrx_word' id='word_1_173' title='bbox 1065 2401 1472 2459; x_wconf 87' lang='lat' dir='ltr'><strong>miraculorum.</strong></span> <span class='ocrx_word' id='word_1_174' title='bbox 1514 2407 1570 2460; x_wconf 94' lang='lat' dir='ltr'><strong>ln</strong></span> <span class='ocrx_word' id='word_1_175' title='bbox 1613 2410 1844 2478; x_wconf 89' lang='lat' dir='ltr'><strong>quadam</strong></span> <span class='ocrx_word' id='word_1_176' title='bbox 1875 2412 1975 2468; x_wconf 86' lang='lat' dir='ltr'><strong>do-</strong></span> 
     </span>
    </p>
   </div>
   <div class='ocr_carea' id='block_1_26' title="bbox 405 2486 1972 2574">
    <p class='ocr_par' dir='ltr' id='par_1_26' title="bbox 405 2486 1972 2574">
     <span class='ocr_line' id='line_1_26' title="bbox 405 2486 1972 2574; baseline 0.015 -36"><span class='ocrx_word' id='word_1_177' title='bbox 405 2486 662 2541; x_wconf 88' lang='lat' dir='ltr'><strong>muncula</strong></span> <span class='ocrx_word' id='word_1_178' title='bbox 695 2488 996 2558; x_wconf 90' lang='lat' dir='ltr'><strong>discipulos</strong></span> <span class='ocrx_word' id='word_1_179' title='bbox 1028 2491 1080 2545; x_wconf 93' lang='lat' dir='ltr'><strong>in</strong></span> <span class='ocrx_word' id='word_1_180' title='bbox 1118 2503 1330 2549; x_wconf 85' lang='lat' dir='ltr'><strong>arctum</strong></span> <span class='ocrx_word' id='word_1_181' title='bbox 1367 2505 1496 2552; x_wconf 92' lang='lat' dir='ltr'><strong>tunc</strong></span> <span class='ocrx_word' id='word_1_182' title='bbox 1530 2509 1708 2555; x_wconf 83' lang='lat' dir='ltr'><strong>metus</strong></span> <span class='ocrx_word' id='word_1_183' title='bbox 1739 2505 1972 2574; x_wconf 80' lang='lat' dir='ltr'><strong>cogebat</strong></span> 
     </span>
    </p>
   </div>
   <div class='ocr_carea' id='block_1_27' title="bbox 404 2575 1975 2666">
    <p class='ocr_par' dir='ltr' id='par_1_27' title="bbox 404 2575 1975 2666">
     <span class='ocr_line' id='line_1_27' title="bbox 404 2575 1975 2666; baseline 0.015 -37"><span class='ocrx_word' id='word_1_184' title='bbox 404 2575 716 2633; x_wconf 67' lang='lat' dir='ltr'><strong>Iudaeorum</strong></span> <span class='ocrx_word' id='word_1_185' title='bbox 759 2597 772 2632; x_wconf 93' lang='lat'><strong>:</strong></span> <span class='ocrx_word' id='word_1_186' title='bbox 808 2597 918 2651; x_wconf 93' lang='lat' dir='ltr'><strong>quo</strong></span> <span class='ocrx_word' id='word_1_187' title='bbox 954 2584 1176 2653; x_wconf 88' lang='lat' dir='ltr'><strong>quidem</strong></span> <span class='ocrx_word' id='word_1_188' title='bbox 1210 2587 1264 2640; x_wconf 94' lang='lat' dir='ltr'><strong>in</strong></span> <span class='ocrx_word' id='word_1_189' title='bbox 1298 2590 1441 2656; x_wconf 92' lang='lat' dir='ltr'><strong>loco,</strong></span> <span class='ocrx_word' id='word_1_190' title='bbox 1482 2593 1790 2660; x_wconf 88' lang='lat' dir='ltr'><strong>periculum</strong></span> <span class='ocrx_word' id='word_1_191' title='bbox 1844 2614 1975 2666; x_wconf 80' lang='lat' dir='ltr'><strong>pra:-</strong></span> 
     </span>
    </p>
   </div>
   <div class='ocr_carea' id='block_1_28' title="bbox 403 2669 1974 2752">
    <p class='ocr_par' dir='ltr' id='par_1_28' title="bbox 403 2669 1974 2752">
     <span class='ocr_line' id='line_1_28' title="bbox 403 2669 1974 2752; baseline 0.016 -31"><span class='ocrx_word' id='word_1_192' title='bbox 403 2669 674 2739; x_wconf 81' lang='lat' dir='ltr'><strong>videntes,</strong></span> <span class='ocrx_word' id='word_1_193' title='bbox 707 2675 1020 2730; x_wconf 84' lang='lat' dir='ltr'><strong>manebant.</strong></span> <span class='ocrx_word' id='word_1_194' title='bbox 1058 2678 1115 2731; x_wconf 90' lang='lat' dir='ltr'><strong>lu</strong></span> <span class='ocrx_word' id='word_1_195' title='bbox 1153 2680 1394 2734; x_wconf 88' lang='lat' dir='ltr'><strong>medium</strong></span> <span class='ocrx_word' id='word_1_196' title='bbox 1424 2698 1554 2752; x_wconf 88' lang='lat' dir='ltr'><strong>ergo</strong></span> <span class='ocrx_word' id='word_1_197' title='bbox 1586 2701 1775 2741; x_wconf 85' lang='lat' dir='ltr'><strong>eorum</strong></span> <span class='ocrx_word' id='word_1_198' title='bbox 1804 2689 1974 2746; x_wconf 88' lang='lat' dir='ltr'><strong>laten-</strong></span> 
     </span>
    </p>
   </div>
   <div class='ocr_carea' id='block_1_29' title="bbox 411 2761 1970 2850">
    <p class='ocr_par' dir='ltr' id='par_1_29' title="bbox 411 2761 1970 2850">
     <span class='ocr_line' id='line_1_29' title="bbox 411 2761 1970 2850; baseline 0.016 -37"><span class='ocrx_word' id='word_1_199' title='bbox 411 2761 548 2815; x_wconf 90' lang='lat' dir='ltr'><strong>tium</strong></span> <span class='ocrx_word' id='word_1_200' title='bbox 583 2764 796 2819; x_wconf 86' lang='lat' dir='ltr'><strong>accedit</strong></span> <span class='ocrx_word' id='word_1_201' title='bbox 821 2766 1000 2833; x_wconf 82' lang='lat' dir='ltr'><strong>Jesus,</strong></span> <span class='ocrx_word' id='word_1_202' title='bbox 1021 2786 1131 2824; x_wconf 89' lang='lat' dir='ltr'><strong>non</strong></span> <span class='ocrx_word' id='word_1_203' title='bbox 1163 2787 1354 2827; x_wconf 86' lang='lat' dir='ltr'><strong>vocem</strong></span> <span class='ocrx_word' id='word_1_204' title='bbox 1383 2777 1645 2833; x_wconf 91' lang='lat' dir='ltr'><strong>emittens</strong></span> <span class='ocrx_word' id='word_1_205' title='bbox 1678 2790 1970 2850; x_wconf 86' lang='lat' dir='ltr'><strong>antequam</strong></span> 
     </span>
    </p>
   </div>
   <div class='ocr_carea' id='block_1_30' title="bbox 402 2853 1961 2929">
    <p class='ocr_par' dir='ltr' id='par_1_30' title="bbox 402 2853 1961 2929">
     <span class='ocr_line' id='line_1_30' title="bbox 402 2853 1961 2929; baseline 0.017 -26"><span class='ocrx_word' id='word_1_206' title='bbox 402 2853 765 2920; x_wconf 83' lang='lat' dir='ltr'><strong>aspiceretur,</strong></span> <span class='ocrx_word' id='word_1_207' title='bbox 825 2873 935 2912; x_wconf 91' lang='lat' dir='ltr'><strong>non</strong></span> <span class='ocrx_word' id='word_1_208' title='bbox 980 2861 1290 2929; x_wconf 87' lang='lat' dir='ltr'><strong>pulsatione</strong></span> <span class='ocrx_word' id='word_1_209' title='bbox 1336 2867 1463 2921; x_wconf 92' lang='lat' dir='ltr'><strong>ostii</strong></span> <span class='ocrx_word' id='word_1_210' title='bbox 1521 2871 1724 2924; x_wconf 86' lang='lat' dir='ltr'><strong>territis</strong></span> <span class='ocrx_word' id='word_1_211' title='bbox 1772 2889 1961 2929; x_wconf 88' lang='lat' dir='ltr'><strong>eorum</strong></span> 
     </span>
    </p>
   </div>
   <div class='ocr_carea' id='block_1_31' title="bbox 402 2943 1968 3034">
    <p class='ocr_par' dir='ltr' id='par_1_31' title="bbox 402 2943 1968 3034">
     <span class='ocr_line' id='line_1_31' title="bbox 402 2943 1968 3034; baseline 0.017 -40"><span class='ocrx_word' id='word_1_212' title='bbox 402 2943 599 2999; x_wconf 89' lang='lat' dir='ltr'><strong>animis</strong></span> <span class='ocrx_word' id='word_1_213' title='bbox 639 2961 653 2998; x_wconf 91' lang='lat'><strong>:</strong></span> <span class='ocrx_word' id='word_1_214' title='bbox 691 2947 784 3000; x_wconf 89' lang='lat' dir='ltr'><strong>sed</strong></span> <span class='ocrx_word' id='word_1_215' title='bbox 818 2949 1007 3017; x_wconf 85' lang='lat' dir='ltr'><strong>pedes,</strong></span> <span class='ocrx_word' id='word_1_216' title='bbox 1037 2952 1130 3020; x_wconf 88' lang='lat' dir='ltr'><strong>qui</strong></span> <span class='ocrx_word' id='word_1_217' title='bbox 1187 2970 1286 3024; x_wconf 87' lang='lat' dir='ltr'><strong>per</strong></span> <span class='ocrx_word' id='word_1_218' title='bbox 1332 2973 1482 3012; x_wconf 90' lang='lat' dir='ltr'><strong>mare</strong></span> <span class='ocrx_word' id='word_1_219' title='bbox 1531 2970 1659 3014; x_wconf 89' lang='lat' dir='ltr'><strong>sunt</strong></span> <span class='ocrx_word' id='word_1_220' title='bbox 1696 2962 1922 3032; x_wconf 87' lang='lat' dir='ltr'><strong>ingressi</strong></span> <span class='ocrx_word' id='word_1_221' title='bbox 1951 3009 1968 3034; x_wconf 83' lang='lat'><strong>,</strong></span> 
     </span>
    </p>
   </div>
   <div class='ocr_carea' id='block_1_32' title="bbox 402 3035 1973 3122">
    <p class='ocr_par' dir='ltr' id='par_1_32' title="bbox 402 3035 1973 3122">
     <span class='ocr_line' id='line_1_32' title="bbox 402 3035 1973 3122; baseline 0.018 -36"><span class='ocrx_word' id='word_1_222' title='bbox 402 3035 558 3089; x_wconf 85' lang='lat' dir='ltr'><strong>ostiis</strong></span> <span class='ocrx_word' id='word_1_223' title='bbox 590 3052 807 3108; x_wconf 90' lang='lat' dir='ltr'><strong>quoque</strong></span> <span class='ocrx_word' id='word_1_224' title='bbox 839 3057 947 3094; x_wconf 91' lang='lat' dir='ltr'><strong>non</strong></span> <span class='ocrx_word' id='word_1_225' title='bbox 986 3047 1194 3112; x_wconf 87' lang='lat' dir='ltr'><strong>apertis</strong></span> <span class='ocrx_word' id='word_1_226' title='bbox 1223 3047 1496 3104; x_wconf 89' lang='lat' dir='ltr'><strong>intrarunt</strong></span> <span class='ocrx_word' id='word_1_227' title='bbox 1540 3050 1793 3122; x_wconf 83' lang='lat' dir='ltr'><strong>(negabat</strong></span> <span class='ocrx_word' id='word_1_228' title='bbox 1824 3060 1973 3114; x_wconf 79' lang='lat' dir='ltr'><strong>enim</strong></span> 
     </span>
    </p>
   </div>
   <div class='ocr_carea' id='block_1_33' title="bbox 2076 573 3652 654">
    <p class='ocr_par' dir='ltr' id='par_1_33' title="bbox 2076 573 3652 654">
     <span class='ocr_line' id='line_1_33' title="bbox 2076 573 3652 654; baseline 0.009 -28"><span class='ocrx_word' id='word_1_229' title='bbox 2076 573 2356 643; x_wconf 85' lang='lat' dir='ltr'><strong>quomodo</strong></span> <span class='ocrx_word' id='word_1_230' title='bbox 2374 577 2778 647; x_wconf 84' lang='lat' dir='ltr'><strong>reputabuntur</strong></span> <span class='ocrx_word' id='word_1_231' title='bbox 2793 579 2963 650; x_wconf 88' lang='lat' dir='ltr'><strong>digni,</strong></span> <span class='ocrx_word' id='word_1_232' title='bbox 2983 579 3452 650; x_wconf 86' lang='lat' dir='ltr'><strong>quiadmittantor</strong></span> <span class='ocrx_word' id='word_1_233' title='bbox 3474 599 3652 654; x_wconf 64' lang='lat' dir='ltr'><strong>agam</strong></span> 
     </span>
    </p>
   </div>
   <div class='ocr_carea' id='block_1_34' title="bbox 2077 665 3649 739">
    <p class='ocr_par' dir='ltr' id='par_1_34' title="bbox 2077 665 3649 739">
     <span class='ocr_line' id='line_1_34' title="bbox 2077 665 3649 739; baseline 0.008 -20"><span class='ocrx_word' id='word_1_234' title='bbox 2077 665 2263 721; x_wconf 83' lang='lat' dir='ltr'><strong>tibus?</strong></span> <span class='ocrx_word' id='word_1_235' title='bbox 2290 667 2410 721; x_wconf 81' lang='lat' dir='ltr'><strong>Non</strong></span> <span class='ocrx_word' id='word_1_236' title='bbox 2476 681 2527 724; x_wconf 88' lang='lat' dir='ltr'><strong>te</strong></span> <span class='ocrx_word' id='word_1_237' title='bbox 2580 671 2792 739; x_wconf 84' lang='lat' dir='ltr'><strong>pudore</strong></span> <span class='ocrx_word' id='word_1_238' title='bbox 2821 671 3085 738; x_wconf 78' lang='lat' dir='ltr'><strong>alliciunt,</strong></span> <span class='ocrx_word' id='word_1_239' title='bbox 3113 683 3168 728; x_wconf 90' lang='lat' dir='ltr'><strong>et</strong></span> <span class='ocrx_word' id='word_1_240' title='bbox 3196 674 3264 729; x_wconf 90' lang='lat' dir='ltr'><strong>ad</strong></span> <span class='ocrx_word' id='word_1_241' title='bbox 3289 674 3450 731; x_wconf 75' lang='lat' dir='ltr'><strong>[idem</strong></span> <span class='ocrx_word' id='word_1_242' title='bbox 3478 686 3649 732; x_wconf 81' lang='lat' dir='ltr'><strong>attra-</strong></span> 
     </span>
    </p>
   </div>
   <div class='ocr_carea' id='block_1_35' title="bbox 2078 758 3644 834">
    <p class='ocr_par' dir='ltr' id='par_1_35' title="bbox 2078 758 3644 834">
     <span class='ocr_line' id='line_1_35' title="bbox 2078 758 3644 834; baseline 0.006 -22"><span class='ocrx_word' id='word_1_243' title='bbox 2078 758 2238 824; x_wconf 84' lang='lat' dir='ltr'><strong>hunt,</strong></span> <span class='ocrx_word' id='word_1_244' title='bbox 2268 760 2702 829; x_wconf 65' lang='lat' dir='ltr'><strong>praecedentium</strong></span> <span class='ocrx_word' id='word_1_245' title='bbox 2740 761 2991 834; x_wconf 79' lang='lat' dir='ltr'><strong>ingentes</strong></span> <span class='ocrx_word' id='word_1_246' title='bbox 3021 767 3197 822; x_wconf 64' lang='lat' dir='ltr'><strong>turbae</strong></span> <span class='ocrx_word' id='word_1_247' title='bbox 3225 769 3644 828; x_wconf 83' lang='lat' dir='ltr'><strong>miraculorum:</strong></span> 
     </span>
    </p>
   </div>
   <div class='ocr_carea' id='block_1_36' title="bbox 2078 851 3650 928">
    <p class='ocr_par' dir='ltr' id='par_1_36' title="bbox 2078 851 3650 928">
     <span class='ocr_line' id='line_1_36' title="bbox 2078 851 3650 928; baseline 0.008 -25"><span class='ocrx_word' id='word_1_248' title='bbox 2078 851 2328 920; x_wconf 88' lang='lat' dir='ltr'><strong>leprosos</strong></span> <span class='ocrx_word' id='word_1_249' title='bbox 2363 854 2701 919; x_wconf 82' lang='lat' dir='ltr'><strong>mundatus;</strong></span> <span class='ocrx_word' id='word_1_250' title='bbox 2737 857 3073 928; x_wconf 86' lang='lat' dir='ltr'><strong>paralyticos</strong></span> <span class='ocrx_word' id='word_1_251' title='bbox 3118 857 3346 928; x_wconf 79' lang='lat' dir='ltr'><strong>integris</strong></span> <span class='ocrx_word' id='word_1_252' title='bbox 3369 861 3650 915; x_wconf 88' lang='lat' dir='ltr'><strong>membro-</strong></span> 
     </span>
    </p>
   </div>
   <div class='ocr_carea' id='block_1_37' title="bbox 2080 946 3651 1016">
    <p class='ocr_par' dir='ltr' id='par_1_37' title="bbox 2080 946 3651 1016">
     <span class='ocr_line' id='line_1_37' title="bbox 2080 946 3651 1016; baseline 0.007 -20"><span class='ocrx_word' id='word_1_253' title='bbox 2080 958 2203 997; x_wconf 83' lang='lat' dir='ltr'><strong>rum</strong></span> <span class='ocrx_word' id='word_1_254' title='bbox 2233 946 2592 1016; x_wconf 78' lang='lat' dir='ltr'><strong>compagibus</strong></span> <span class='ocrx_word' id='word_1_255' title='bbox 2635 949 2962 1013; x_wconf 85' lang='lat' dir='ltr'><strong>restitutos;</strong></span> <span class='ocrx_word' id='word_1_256' title='bbox 3009 965 3186 1006; x_wconf 75' lang='lat' dir='ltr'><strong>czecus</strong></span> <span class='ocrx_word' id='word_1_257' title='bbox 3227 952 3446 1006; x_wconf 78' lang='lat' dir='ltr'><strong>videndi</strong></span> <span class='ocrx_word' id='word_1_258' title='bbox 3480 952 3651 1007; x_wconf 81' lang='lat' dir='ltr'><strong>facul-</strong></span> 
     </span>
    </p>
   </div>
   <div class='ocr_carea' id='block_1_38' title="bbox 2081 1037 3651 1112">
    <p class='ocr_par' dir='ltr' id='par_1_38' title="bbox 2081 1037 3651 1112">
     <span class='ocr_line' id='line_1_38' title="bbox 2081 1037 3651 1112; baseline 0.006 -23"><span class='ocrx_word' id='word_1_259' title='bbox 2081 1037 2177 1092; x_wconf 90' lang='lat' dir='ltr'><strong>tati</strong></span> <span class='ocrx_word' id='word_1_260' title='bbox 2229 1037 2510 1104; x_wconf 84' lang='lat' dir='ltr'><strong>redditus;</strong></span> <span class='ocrx_word' id='word_1_261' title='bbox 2563 1055 2758 1096; x_wconf 87' lang='lat' dir='ltr'><strong>manus</strong></span> <span class='ocrx_word' id='word_1_262' title='bbox 2805 1050 2982 1094; x_wconf 88' lang='lat' dir='ltr'><strong>morte</strong></span> <span class='ocrx_word' id='word_1_263' title='bbox 3016 1041 3209 1096; x_wconf 75' lang='lat' dir='ltr'><strong>atl‘ecta</strong></span> <span class='ocrx_word' id='word_1_264' title='bbox 3238 1082 3252 1107; x_wconf 94' lang='lat'><strong>,</strong></span> <span class='ocrx_word' id='word_1_265' title='bbox 3293 1058 3417 1112; x_wconf 63' lang='lat' dir='ltr'><strong>quas</strong></span> <span class='ocrx_word' id='word_1_266' title='bbox 3461 1060 3651 1098; x_wconf 87' lang='lat' dir='ltr'><strong>rursus</strong></span> 
     </span>
    </p>
   </div>
   <div class='ocr_carea' id='block_1_39' title="bbox 2078 1128 3653 1204">
    <p class='ocr_par' dir='ltr' id='par_1_39' title="bbox 2078 1128 3653 1204">
     <span class='ocr_line' id='line_1_39' title="bbox 2078 1128 3653 1204; baseline 0.003 -20"><span class='ocrx_word' id='word_1_267' title='bbox 2078 1128 2183 1184; x_wconf 81' lang='lat' dir='ltr'><strong>fuit</strong></span> <span class='ocrx_word' id='word_1_268' title='bbox 2215 1130 2281 1183; x_wconf 89' lang='lat' dir='ltr'><strong>ad</strong></span> <span class='ocrx_word' id='word_1_269' title='bbox 2314 1131 2477 1184; x_wconf 86' lang='lat' dir='ltr'><strong>vitam</strong></span> <span class='ocrx_word' id='word_1_270' title='bbox 2508 1143 2796 1199; x_wconf 85' lang='lat' dir='ltr'><strong>revocata;</strong></span> <span class='ocrx_word' id='word_1_271' title='bbox 2829 1132 3046 1198; x_wconf 82' lang='lat' dir='ltr'><strong>ﬂuctus,</strong></span> <span class='ocrx_word' id='word_1_272' title='bbox 3079 1148 3176 1203; x_wconf 88' lang='lat' dir='ltr'><strong>per</strong></span> <span class='ocrx_word' id='word_1_273' title='bbox 3203 1148 3341 1204; x_wconf 86' lang='lat' dir='ltr'><strong>quos</strong></span> <span class='ocrx_word' id='word_1_274' title='bbox 3377 1135 3653 1192; x_wconf 84' lang='lat' dir='ltr'><strong>inceditur</strong></span> 
     </span>
    </p>
   </div>
   <div class='ocr_carea' id='block_1_40' title="bbox 2079 1223 3650 1297">
    <p class='ocr_par' dir='ltr' id='par_1_40' title="bbox 2079 1223 3650 1297">
     <span class='ocr_line' id='line_1_40' title="bbox 2079 1223 3650 1297; baseline 0.004 -23"><span class='ocrx_word' id='word_1_275' title='bbox 2079 1223 2346 1292; x_wconf 80' lang='lat' dir='ltr'><strong>pedibus;</strong></span> <span class='ocrx_word' id='word_1_276' title='bbox 2397 1231 2453 1278; x_wconf 91' lang='lat' dir='ltr'><strong>et</strong></span> <span class='ocrx_word' id='word_1_277' title='bbox 2500 1223 2742 1280; x_wconf 79' lang='lat' dir='ltr'><strong>Lazarus</strong></span> <span class='ocrx_word' id='word_1_278' title='bbox 2765 1225 3081 1294; x_wconf 87' lang='lat' dir='ltr'><strong>sepulcrum</strong></span> <span class='ocrx_word' id='word_1_279' title='bbox 3114 1241 3347 1291; x_wconf 76' lang='lat' dir='ltr'><strong>exuens,</strong></span> <span class='ocrx_word' id='word_1_280' title='bbox 3388 1235 3650 1297; x_wconf 83' lang='lat' dir='ltr'><strong>tanquam</strong></span> 
     </span>
    </p>
   </div>
   <div class='ocr_carea' id='block_1_41' title="bbox 2079 1312 3655 1388">
    <p class='ocr_par' dir='ltr' id='par_1_41' title="bbox 2079 1312 3655 1388">
     <span class='ocr_line' id='line_1_41' title="bbox 2079 1312 3655 1388; baseline 0.004 -22"><span class='ocrx_word' id='word_1_281' title='bbox 2079 1312 2326 1366; x_wconf 86' lang='lat' dir='ltr'><strong>vestem?</strong></span> <span class='ocrx_word' id='word_1_282' title='bbox 2374 1313 2672 1382; x_wconf 91' lang='lat' dir='ltr'><strong>quomodo,</strong></span> <span class='ocrx_word' id='word_1_283' title='bbox 2723 1315 2882 1382; x_wconf 83' lang='lat' dir='ltr'><strong>cujus</strong></span> <span class='ocrx_word' id='word_1_284' title='bbox 2934 1315 3231 1371; x_wconf 87' lang='lat' dir='ltr'><strong>admiraris</strong></span> <span class='ocrx_word' id='word_1_285' title='bbox 3279 1331 3466 1386; x_wconf 88' lang='lat' dir='ltr'><strong>opera,</strong></span> <span class='ocrx_word' id='word_1_286' title='bbox 3532 1319 3655 1388; x_wconf 83' lang='lat' dir='ltr'><strong>ejus</strong></span> 
     </span>
    </p>
   </div>
   <div class='ocr_carea' id='block_1_42' title="bbox 2079 1403 3651 1472">
    <p class='ocr_par' dir='ltr' id='par_1_42' title="bbox 2079 1403 3651 1472">
     <span class='ocr_line' id='line_1_42' title="bbox 2079 1403 3651 1472; baseline 0.003 -14"><span class='ocrx_word' id='word_1_287' title='bbox 2079 1412 2390 1472; x_wconf 86' lang='lat' dir='ltr'><strong>suspectam</strong></span> <span class='ocrx_word' id='word_1_288' title='bbox 2424 1403 2594 1458; x_wconf 89' lang='lat' dir='ltr'><strong>habes</strong></span> <span class='ocrx_word' id='word_1_289' title='bbox 2625 1405 3128 1460; x_wconf 83' lang='lat' dir='ltr'><strong>resurrectionem?</strong></span> <span class='ocrx_word' id='word_1_290' title='bbox 3157 1406 3276 1462; x_wconf 89' lang='lat' dir='ltr'><strong>Non</strong></span> <span class='ocrx_word' id='word_1_291' title='bbox 3305 1407 3493 1463; x_wconf 83' lang='lat' dir='ltr'><strong>credat</strong></span> <span class='ocrx_word' id='word_1_292' title='bbox 3525 1407 3651 1464; x_wconf 89' lang='lat' dir='ltr'><strong>Cai-</strong></span> 
     </span>
    </p>
   </div>
   <div class='ocr_carea' id='block_1_43' title="bbox 2080 1493 3654 1564">
    <p class='ocr_par' dir='ltr' id='par_1_43' title="bbox 2080 1493 3654 1564">
     <span class='ocr_line' id='line_1_43' title="bbox 2080 1493 3654 1564; baseline 0.004 -17"><span class='ocrx_word' id='word_1_293' title='bbox 2080 1493 2249 1564; x_wconf 89' lang='lat' dir='ltr'><strong>phas;</strong></span> <span class='ocrx_word' id='word_1_294' title='bbox 2295 1495 2512 1550; x_wconf 83' lang='lat' dir='ltr'><strong>curiose.</strong></span> <span class='ocrx_word' id='word_1_295' title='bbox 2558 1504 2836 1551; x_wconf 88' lang='lat' dir='ltr'><strong>scrutetur</strong></span> <span class='ocrx_word' id='word_1_296' title='bbox 2881 1496 3249 1564; x_wconf 85' lang='lat' dir='ltr'><strong>Nicodemus;</strong></span> <span class='ocrx_word' id='word_1_297' title='bbox 3287 1499 3654 1559; x_wconf 82' lang='lat' dir='ltr'><strong>calumnietur</strong></span> 
     </span>
    </p>
   </div>
   <div class='ocr_carea' id='block_1_44' title="bbox 2078 1583 3651 1649">
    <p class='ocr_par' dir='ltr' id='par_1_44' title="bbox 2078 1583 3651 1649">
     <span class='ocr_line' id='line_1_44' title="bbox 2078 1583 3651 1649; baseline 0.004 -11"><span class='ocrx_word' id='word_1_298' title='bbox 2078 1583 2319 1639; x_wconf 74' lang='lat' dir='ltr'><strong>Judaeos.</strong></span> <span class='ocrx_word' id='word_1_299' title='bbox 2340 1585 2450 1638; x_wconf 93' lang='lat' dir='ltr'><strong>Cor</strong></span> <span class='ocrx_word' id='word_1_300' title='bbox 2467 1585 2942 1649; x_wconf 80' lang='lat' dir='ltr'><strong>dubitatThomas</strong></span> <span class='ocrx_word' id='word_1_301' title='bbox 2968 1586 3037 1642; x_wconf 85' lang='lat' dir='ltr'><strong>de</strong></span> <span class='ocrx_word' id='word_1_302' title='bbox 3069 1590 3478 1644; x_wconf 86' lang='lat' dir='ltr'><strong>resurrectione</strong></span> <span class='ocrx_word' id='word_1_303' title='bbox 3503 1591 3525 1644; x_wconf 85' lang='lat'><strong>?</strong></span> <span class='ocrx_word' id='word_1_304' title='bbox 3547 1590 3651 1646; x_wconf 87' lang='lat' dir='ltr'><strong>Sed</strong></span> 
     </span>
    </p>
   </div>
   <div class='ocr_carea' id='block_1_45' title="bbox 2081 1676 3652 1751">
    <p class='ocr_par' dir='ltr' id='par_1_45' title="bbox 2081 1676 3652 1751">
     <span class='ocr_line' id='line_1_45' title="bbox 2081 1676 3652 1751; baseline 0.004 -21"><span class='ocrx_word' id='word_1_305' title='bbox 2081 1685 2272 1730; x_wconf 90' lang='lat' dir='ltr'><strong>contra</strong></span> <span class='ocrx_word' id='word_1_306' title='bbox 2302 1676 2611 1747; x_wconf 88' lang='lat' dir='ltr'><strong>discipulus</strong></span> <span class='ocrx_word' id='word_1_307' title='bbox 2640 1678 2862 1732; x_wconf 90' lang='lat' dir='ltr'><strong>videtur</strong></span> <span class='ocrx_word' id='word_1_308' title='bbox 2892 1679 3074 1734; x_wconf 88' lang='lat' dir='ltr'><strong>dicere</strong></span> <span class='ocrx_word' id='word_1_309' title='bbox 3092 1681 3332 1751; x_wconf 89' lang='lat' dir='ltr'><strong>justiora</strong></span> <span class='ocrx_word' id='word_1_310' title='bbox 3362 1697 3376 1734; x_wconf 89' lang='lat'><strong>:</strong></span> <span class='ocrx_word' id='word_1_311' title='bbox 3404 1683 3513 1736; x_wconf 90' lang='lat' dir='ltr'><strong>Cur</strong></span> <span class='ocrx_word' id='word_1_312' title='bbox 3533 1698 3652 1738; x_wconf 88' lang='lat' dir='ltr'><strong>mea</strong></span> 
     </span>
    </p>
   </div>
   <div class='ocr_carea' id='block_1_46' title="bbox 2082 1769 3651 1841">
    <p class='ocr_par' dir='ltr' id='par_1_46' title="bbox 2082 1769 3651 1841">
     <span class='ocr_line' id='line_1_46' title="bbox 2082 1769 3651 1841; baseline 0.003 -19"><span class='ocrx_word' id='word_1_313' title='bbox 2082 1769 2352 1824; x_wconf 90' lang='lat' dir='ltr'><strong>dubitatio</strong></span> <span class='ocrx_word' id='word_1_314' title='bbox 2371 1778 2454 1824; x_wconf 87' lang='lat' dir='ltr'><strong>est</strong></span> <span class='ocrx_word' id='word_1_315' title='bbox 2474 1785 2504 1824; x_wconf 88' lang='lat' dir='ltr'><strong>a</strong></span> <span class='ocrx_word' id='word_1_316' title='bbox 2531 1769 2686 1826; x_wconf 86' lang='lat' dir='ltr'><strong>vobis</strong></span> <span class='ocrx_word' id='word_1_317' title='bbox 2712 1771 3189 1840; x_wconf 73' lang='lat' dir='ltr'><strong>reprehendenda,</strong></span> <span class='ocrx_word' id='word_1_318' title='bbox 3209 1789 3242 1826; x_wconf 92' lang='grc' dir='ltr'><strong>ο</strong></span> <span class='ocrx_word' id='word_1_319' title='bbox 3270 1773 3541 1841; x_wconf 79' lang='lat' dir='ltr'><strong>apostoli?</strong></span> <span class='ocrx_word' id='word_1_320' title='bbox 3571 1774 3651 1828; x_wconf 78' lang='lat' dir='ltr'><strong>Ad</strong></span> 
     </span>
    </p>
   </div>
   <div class='ocr_carea' id='block_1_47' title="bbox 2078 1861 3652 1934">
    <p class='ocr_par' dir='ltr' id='par_1_47' title="bbox 2078 1861 3652 1934">
     <span class='ocr_line' id='line_1_47' title="bbox 2078 1861 3652 1934; baseline 0.006 -18"><span class='ocrx_word' id='word_1_321' title='bbox 2078 1861 2298 1918; x_wconf 75' lang='lat' dir='ltr'><strong>Jodzeos</strong></span> <span class='ocrx_word' id='word_1_322' title='bbox 2337 1863 2562 1918; x_wconf 87' lang='lat' dir='ltr'><strong>cmittor</strong></span> <span class='ocrx_word' id='word_1_323' title='bbox 2599 1878 2780 1934; x_wconf 66' lang='lat' dir='ltr'><strong>praeco</strong></span> <span class='ocrx_word' id='word_1_324' title='bbox 2824 1865 3289 1932; x_wconf 88' lang='lat' dir='ltr'><strong>resurrectionis;</strong></span> <span class='ocrx_word' id='word_1_325' title='bbox 3331 1866 3476 1922; x_wconf 88' lang='lat' dir='ltr'><strong>sicut</strong></span> <span class='ocrx_word' id='word_1_326' title='bbox 3513 1882 3608 1924; x_wconf 82' lang='lat' dir='ltr'><strong>vos</strong></span> <span class='ocrx_word' id='word_1_327' title='bbox 3638 1907 3652 1930; x_wconf 86' lang='lat'><strong>.</strong></span> 
     </span>
    </p>
   </div>
   <div class='ocr_carea' id='block_1_48' title="bbox 2079 1956 3655 2028">
    <p class='ocr_par' dir='ltr' id='par_1_48' title="bbox 2079 1956 3655 2028">
     <span class='ocr_line' id='line_1_48' title="bbox 2079 1956 3655 2028; baseline 0.003 -20"><span class='ocrx_word' id='word_1_328' title='bbox 2079 1956 2403 2026; x_wconf 79' lang='lat' dir='ltr'><strong>proﬁciscor</strong></span> <span class='ocrx_word' id='word_1_329' title='bbox 2451 1957 2739 2026; x_wconf 86' lang='lat' dir='ltr'><strong>apostolus</strong></span> <span class='ocrx_word' id='word_1_330' title='bbox 2787 1957 2853 2011; x_wconf 89' lang='lat' dir='ltr'><strong>ad</strong></span> <span class='ocrx_word' id='word_1_331' title='bbox 2889 1956 3201 2012; x_wconf 87' lang='lat' dir='ltr'><strong>docendum</strong></span> <span class='ocrx_word' id='word_1_332' title='bbox 3239 1966 3433 2028; x_wconf 79' lang='lat' dir='ltr'><strong>gentes</strong></span> <span class='ocrx_word' id='word_1_333' title='bbox 3462 1975 3655 2015; x_wconf 66' lang='lat' dir='ltr'><strong>resur.</strong></span> 
     </span>
    </p>
   </div>
   <div class='ocr_carea' id='block_1_49' title="bbox 2080 2048 3652 2120">
    <p class='ocr_par' dir='ltr' id='par_1_49' title="bbox 2080 2048 3652 2120">
     <span class='ocr_line' id='line_1_49' title="bbox 2080 2048 3652 2120; baseline 0.003 -19"><span class='ocrx_word' id='word_1_334' title='bbox 2080 2049 2406 2103; x_wconf 87' lang='lat' dir='ltr'><strong>rectionem.</strong></span> <span class='ocrx_word' id='word_1_335' title='bbox 2436 2048 2730 2116; x_wconf 86' lang='lat' dir='ltr'><strong>Quomodo</strong></span> <span class='ocrx_word' id='word_1_336' title='bbox 2769 2065 2924 2120; x_wconf 89' lang='lat' dir='ltr'><strong>ergo,</strong></span> <span class='ocrx_word' id='word_1_337' title='bbox 2951 2050 3156 2120; x_wconf 83' lang='lat' dir='ltr'><strong>quibus</strong></span> <span class='ocrx_word' id='word_1_338' title='bbox 3196 2066 3306 2106; x_wconf 90' lang='lat' dir='ltr'><strong>non</strong></span> <span class='ocrx_word' id='word_1_339' title='bbox 3342 2051 3420 2107; x_wconf 78' lang='lat' dir='ltr'><strong>iui</strong></span> <span class='ocrx_word' id='word_1_340' title='bbox 3468 2053 3652 2108; x_wconf 84' lang='lat' dir='ltr'><strong>socius</strong></span> 
     </span>
    </p>
   </div>
   <div class='ocr_carea' id='block_1_50' title="bbox 2077 2140 3652 2213">
    <p class='ocr_par' dir='ltr' id='par_1_50' title="bbox 2077 2140 3652 2213">
     <span class='ocr_line' id='line_1_50' title="bbox 2077 2140 3652 2213; baseline 0.001 -19"><span class='ocrx_word' id='word_1_341' title='bbox 2077 2140 2400 2210; x_wconf 75' lang='lat' dir='ltr'><strong>speetaculi,</strong></span> <span class='ocrx_word' id='word_1_342' title='bbox 2431 2141 2730 2212; x_wconf 85' lang='lat' dir='ltr'><strong>suscipiam</strong></span> <span class='ocrx_word' id='word_1_343' title='bbox 2769 2157 2925 2212; x_wconf 71' lang='lat' dir='ltr'><strong>aeque</strong></span> <span class='ocrx_word' id='word_1_344' title='bbox 2954 2149 3119 2209; x_wconf 90' lang='lat' dir='ltr'><strong>atque</strong></span> <span class='ocrx_word' id='word_1_345' title='bbox 3153 2141 3256 2212; x_wconf 87' lang='lat' dir='ltr'><strong>ipsi</strong></span> <span class='ocrx_word' id='word_1_346' title='bbox 3283 2143 3652 2213; x_wconf 79' lang='lat' dir='ltr'><strong>legationem?</strong></span> 
     </span>
    </p>
   </div>
   <div class='ocr_carea' id='block_1_51' title="bbox 2078 2232 3651 2305">
    <p class='ocr_par' dir='ltr' id='par_1_51' title="bbox 2078 2232 3651 2305">
     <span class='ocr_line' id='line_1_51' title="bbox 2078 2232 3651 2305; baseline 0.003 -21"><span class='ocrx_word' id='word_1_347' title='bbox 2078 2232 2385 2298; x_wconf 84' lang='lat' dir='ltr'><strong>Quomodo,</strong></span> <span class='ocrx_word' id='word_1_348' title='bbox 2422 2249 2658 2303; x_wconf 90' lang='lat' dir='ltr'><strong>quorum</strong></span> <span class='ocrx_word' id='word_1_349' title='bbox 2687 2250 2794 2289; x_wconf 90' lang='lat' dir='ltr'><strong>non</strong></span> <span class='ocrx_word' id='word_1_350' title='bbox 2829 2233 3005 2288; x_wconf 88' lang='lat' dir='ltr'><strong>babco</strong></span> <span class='ocrx_word' id='word_1_351' title='bbox 3035 2234 3424 2304; x_wconf 78' lang='lat' dir='ltr'><strong>cognitionem.</strong></span> <span class='ocrx_word' id='word_1_352' title='bbox 3455 2251 3518 2290; x_wconf 88' lang='lat' dir='ltr'><strong>ea</strong></span> <span class='ocrx_word' id='word_1_353' title='bbox 3550 2251 3651 2305; x_wconf 82' lang='lat' dir='ltr'><strong>ego</strong></span> 
     </span>
    </p>
   </div>
   <div class='ocr_carea' id='block_1_52' title="bbox 2079 2325 3647 2396">
    <p class='ocr_par' dir='ltr' id='par_1_52' title="bbox 2079 2325 3647 2396">
     <span class='ocr_line' id='line_1_52' title="bbox 2079 2325 3647 2396; baseline 0.003 -16"><span class='ocrx_word' id='word_1_354' title='bbox 2079 2325 2290 2380; x_wconf 83' lang='lat' dir='ltr'><strong>docebo</strong></span> <span class='ocrx_word' id='word_1_355' title='bbox 2311 2326 2484 2381; x_wconf 87' lang='lat' dir='ltr'><strong>alios?</strong></span> <span class='ocrx_word' id='word_1_356' title='bbox 2504 2325 2790 2392; x_wconf 85' lang='lat' dir='ltr'><strong>Quomodo</strong></span> <span class='ocrx_word' id='word_1_357' title='bbox 2815 2325 3002 2396; x_wconf 81' lang='lat' dir='ltr'><strong>lingua</strong></span> <span class='ocrx_word' id='word_1_358' title='bbox 3030 2340 3096 2380; x_wconf 89' lang='lat' dir='ltr'><strong>ea</strong></span> <span class='ocrx_word' id='word_1_359' title='bbox 3118 2325 3263 2380; x_wconf 86' lang='lat' dir='ltr'><strong>dicet</strong></span> <span class='ocrx_word' id='word_1_360' title='bbox 3289 2326 3647 2384; x_wconf 71' lang='lat' dir='ltr'><strong>confidenter.</strong></span> 
     </span>
    </p>
   </div>
   <div class='ocr_carea' id='block_1_53' title="bbox 2078 2418 3647 2489">
    <p class='ocr_par' dir='ltr' id='par_1_53' title="bbox 2078 2418 3647 2489">
     <span class='ocr_line' id='line_1_53' title="bbox 2078 2418 3647 2489; baseline -0.001 -17"><span class='ocrx_word' id='word_1_361' title='bbox 2078 2434 2312 2489; x_wconf 89' lang='lat' dir='ltr'><strong>quorum</strong></span> <span class='ocrx_word' id='word_1_362' title='bbox 2344 2427 2510 2473; x_wconf 88' lang='lat' dir='ltr'><strong>testes</strong></span> <span class='ocrx_word' id='word_1_363' title='bbox 2539 2435 2648 2472; x_wconf 91' lang='lat' dir='ltr'><strong>non</strong></span> <span class='ocrx_word' id='word_1_364' title='bbox 2689 2419 2856 2472; x_wconf 82' lang='lat' dir='ltr'><strong>habet</strong></span> <span class='ocrx_word' id='word_1_365' title='bbox 2893 2419 3124 2473; x_wconf 78' lang='lat' dir='ltr'><strong>oculos?</strong></span> <span class='ocrx_word' id='word_1_366' title='bbox 3175 2418 3369 2473; x_wconf 83' lang='lat' dir='ltr'><strong>Verbis</strong></span> <span class='ocrx_word' id='word_1_367' title='bbox 3426 2418 3647 2472; x_wconf 83' lang='lat' dir='ltr'><strong>credam</strong></span> 
     </span>
    </p>
   </div>
   <div class='ocr_carea' id='block_1_54' title="bbox 2077 2508 3648 2580">
    <p class='ocr_par' dir='ltr' id='par_1_54' title="bbox 2077 2508 3648 2580">
     <span class='ocr_line' id='line_1_54' title="bbox 2077 2508 3648 2580; baseline -0.001 -16"><span class='ocrx_word' id='word_1_368' title='bbox 2077 2511 2244 2564; x_wconf 85' lang='lat' dir='ltr'><strong>solis?</strong></span> <span class='ocrx_word' id='word_1_369' title='bbox 2272 2509 2377 2566; x_wconf 89' lang='lat' dir='ltr'><strong>Sed</strong></span> <span class='ocrx_word' id='word_1_370' title='bbox 2411 2510 2613 2566; x_wconf 70' lang='lat' dir='ltr'><strong>Judaais</strong></span> <span class='ocrx_word' id='word_1_371' title='bbox 2639 2525 2735 2565; x_wconf 89' lang='lat' dir='ltr'><strong>ero</strong></span> <span class='ocrx_word' id='word_1_372' title='bbox 2761 2510 2816 2564; x_wconf 92' lang='lat' dir='ltr'><strong>iu</strong></span> <span class='ocrx_word' id='word_1_373' title='bbox 2852 2509 2958 2565; x_wconf 80' lang='lat' dir='ltr'><strong>(ide</strong></span> <span class='ocrx_word' id='word_1_374' title='bbox 2990 2521 3304 2580; x_wconf 74' lang='lat' dir='ltr'><strong>suspectos,</strong></span> <span class='ocrx_word' id='word_1_375' title='bbox 3339 2524 3537 2579; x_wconf 87' lang='lat' dir='ltr'><strong>meque</strong></span> <span class='ocrx_word' id='word_1_376' title='bbox 3570 2508 3648 2563; x_wconf 82' lang='lat' dir='ltr'><strong>fa—</strong></span> 
     </span>
    </p>
   </div>
   <div class='ocr_carea' id='block_1_55' title="bbox 2079 2600 3652 2672">
    <p class='ocr_par' dir='ltr' id='par_1_55' title="bbox 2079 2600 3652 2672">
     <span class='ocr_line' id='line_1_55' title="bbox 2079 2600 3652 2672; baseline 0.001 -20"><span class='ocrx_word' id='word_1_377' title='bbox 2079 2602 2304 2656; x_wconf 78' lang='lat' dir='ltr'><strong>cilitatis</strong></span> <span class='ocrx_word' id='word_1_378' title='bbox 2352 2603 2694 2656; x_wconf 87' lang='lat' dir='ltr'><strong>damnabunt</strong></span> <span class='ocrx_word' id='word_1_379' title='bbox 2741 2609 2798 2656; x_wconf 92' lang='lat' dir='ltr'><strong>et</strong></span> <span class='ocrx_word' id='word_1_380' title='bbox 2847 2602 3104 2657; x_wconf 90' lang='lat' dir='ltr'><strong>levitatis.</strong></span> <span class='ocrx_word' id='word_1_381' title='bbox 3141 2600 3386 2657; x_wconf 85' lang='lat' dir='ltr'><strong>Gentiles</strong></span> <span class='ocrx_word' id='word_1_382' title='bbox 3431 2615 3652 2672; x_wconf 85' lang='lat' dir='ltr'><strong>quoque</strong></span> 
     </span>
    </p>
   </div>
   <div class='ocr_carea' id='block_1_56' title="bbox 2079 2672 3641 2763">
    <p class='ocr_par' dir='ltr' id='par_1_56' title="bbox 2079 2672 3641 2763">
     <span class='ocr_line' id='line_1_56' title="bbox 2079 2672 3641 2763; baseline 0.001 -18"><span class='ocrx_word' id='word_1_383' title='bbox 2079 2692 2246 2746; x_wconf 88' lang='lat' dir='ltr'><strong>verba</strong></span> <span class='ocrx_word' id='word_1_384' title='bbox 2281 2672 2400 2747; x_wconf 37' lang='lat' dir='ltr'><strong>non.</strong></span> <span class='ocrx_word' id='word_1_385' title='bbox 2435 2692 2764 2757; x_wconf 88' lang='lat' dir='ltr'><strong>admittent;</strong></span> <span class='ocrx_word' id='word_1_386' title='bbox 2806 2693 2990 2763; x_wconf 89' lang='lat' dir='ltr'><strong>potius</strong></span> <span class='ocrx_word' id='word_1_387' title='bbox 3039 2703 3221 2748; x_wconf 88' lang='lat' dir='ltr'><strong>autem</strong></span> <span class='ocrx_word' id='word_1_388' title='bbox 3273 2709 3453 2748; x_wconf 90' lang='lat' dir='ltr'><strong>meum</strong></span> <span class='ocrx_word' id='word_1_389' title='bbox 3506 2693 3641 2747; x_wconf 88' lang='lat' dir='ltr'><strong>ride-</strong></span> 
     </span>
    </p>
   </div>
   <div class='ocr_carea' id='block_1_57' title="bbox 2078 2783 3652 2854">
    <p class='ocr_par' dir='ltr' id='par_1_57' title="bbox 2078 2783 3652 2854">
     <span class='ocr_line' id='line_1_57' title="bbox 2078 2783 3652 2854; baseline 0.001 -18"><span class='ocrx_word' id='word_1_390' title='bbox 2078 2783 2219 2836; x_wconf 88' lang='lat' dir='ltr'><strong>bunt</strong></span> <span class='ocrx_word' id='word_1_391' title='bbox 2259 2784 2657 2849; x_wconf 89' lang='lat' dir='ltr'><strong>testimonium,</strong></span> <span class='ocrx_word' id='word_1_392' title='bbox 2691 2785 2784 2854; x_wconf 89' lang='lat' dir='ltr'><strong>qui</strong></span> <span class='ocrx_word' id='word_1_393' title='bbox 2816 2799 2882 2838; x_wconf 80' lang='lat' dir='ltr'><strong>ex</strong></span> <span class='ocrx_word' id='word_1_394' title='bbox 2927 2784 3042 2839; x_wconf 87' lang='lat' dir='ltr'><strong>solo</strong></span> <span class='ocrx_word' id='word_1_395' title='bbox 3075 2783 3266 2839; x_wconf 89' lang='lat' dir='ltr'><strong>auditu</strong></span> <span class='ocrx_word' id='word_1_396' title='bbox 3300 2784 3538 2854; x_wconf 84' lang='lat' dir='ltr'><strong>praedico</strong></span> <span class='ocrx_word' id='word_1_397' title='bbox 3568 2799 3652 2838; x_wconf 90' lang='lat' dir='ltr'><strong>re-</strong></span> 
     </span>
    </p>
   </div>
   <div class='ocr_carea' id='block_1_58' title="bbox 2077 2877 2498 2931">
    <p class='ocr_par' dir='ltr' id='par_1_58' title="bbox 2077 2877 2498 2931">
     <span class='ocr_line' id='line_1_58' title="bbox 2077 2877 2498 2931; baseline 0 0"><span class='ocrx_word' id='word_1_398' title='bbox 2077 2877 2498 2931; x_wconf 83' lang='lat' dir='ltr'><strong>surrectionem.</strong></span> 
     </span>
    </p>
   </div>
   <div class='ocr_carea' id='block_1_59' title="bbox 2149 2967 3650 3035">
    <p class='ocr_par' dir='ltr' id='par_1_59' title="bbox 2149 2967 3650 3035">
     <span class='ocr_line' id='line_1_59' title="bbox 2149 2967 3650 3035; baseline -0.003 -11"><span class='ocrx_word' id='word_1_399' title='bbox 2149 2969 2238 3024; x_wconf 90' lang='lat' dir='ltr'><strong>Vl.</strong></span> <span class='ocrx_word' id='word_1_400' title='bbox 2270 2968 2389 3024; x_wconf 85' lang='lat' dir='ltr'><strong>Non</strong></span> <span class='ocrx_word' id='word_1_401' title='bbox 2423 2968 2655 3023; x_wconf 90' lang='lat' dir='ltr'><strong>multum</strong></span> <span class='ocrx_word' id='word_1_402' title='bbox 2703 2967 3016 3022; x_wconf 87' lang='lat' dir='ltr'><strong>intercessit</strong></span> <span class='ocrx_word' id='word_1_403' title='bbox 3051 2968 3333 3035; x_wconf 83' lang='lat' dir='ltr'><strong>temporis,</strong></span> <span class='ocrx_word' id='word_1_404' title='bbox 3371 2976 3426 3022; x_wconf 88' lang='lat' dir='ltr'><strong>et</strong></span> <span class='ocrx_word' id='word_1_405' title='bbox 3459 2983 3650 3022; x_wconf 76' lang='lat' dir='ltr'><strong>rursus</strong></span> 
     </span>
    </p>
   </div>
   <div class='ocr_carea' id='block_1_60' title="bbox 2079 3060 3650 3132">
    <p class='ocr_par' dir='ltr' id='par_1_60' title="bbox 2079 3060 3650 3132">
     <span class='ocr_line' id='line_1_60' title="bbox 2079 3060 3650 3132; baseline -0.005 -10"><span class='ocrx_word' id='word_1_406' title='bbox 2079 3063 2255 3122; x_wconf 78' lang='lat' dir='ltr'><strong>adfuit</strong></span> <span class='ocrx_word' id='word_1_407' title='bbox 2275 3063 2561 3127; x_wconf 90' lang='lat' dir='ltr'><strong>Dominus,</strong></span> <span class='ocrx_word' id='word_1_408' title='bbox 2590 3062 2870 3132; x_wconf 86' lang='lat' dir='ltr'><strong>ingressus</strong></span> <span class='ocrx_word' id='word_1_409' title='bbox 2897 3060 3224 3115; x_wconf 90' lang='lat' dir='ltr'><strong>miraculum</strong></span> <span class='ocrx_word' id='word_1_410' title='bbox 3261 3075 3406 3114; x_wconf 84' lang='lat' dir='ltr'><strong>nunc</strong></span> <span class='ocrx_word' id='word_1_411' title='bbox 3433 3075 3650 3129; x_wconf 81' lang='lat' dir='ltr'><strong>quoque</strong></span> 
     </span>
    </p>
   </div>
   <div class='ocr_carea' id='block_1_61' title="bbox 399 3128 3642 3222">
    <p class='ocr_par' dir='ltr' id='par_1_61' title="bbox 399 3128 3642 3222">
     <span class='ocr_line' id='line_1_61' title="bbox 399 3128 3642 3222; baseline 0.009 -44"><span class='ocrx_word' id='word_1_412' title='bbox 399 3142 526 3222; x_wconf 78' lang='lat' dir='ltr'><strong>suas</strong></span> <span class='ocrx_word' id='word_1_413' title='bbox 569 3128 716 3198; x_wconf 81' lang='lat' dir='ltr'><strong>leges</strong></span> <span class='ocrx_word' id='word_1_414' title='bbox 761 3142 955 3187; x_wconf 88' lang='lat' dir='ltr'><strong>natura</strong></span> <span class='ocrx_word' id='word_1_415' title='bbox 997 3136 1145 3206; x_wconf 87' lang='lat' dir='ltr'><strong>jussa</strong></span> <span class='ocrx_word' id='word_1_416' title='bbox 1194 3156 1223 3193; x_wconf 90' lang='lat' dir='ltr'><strong>a</strong></span> <span class='ocrx_word' id='word_1_417' title='bbox 1255 3139 1530 3213; x_wconf 85' lang='lat' dir='ltr'><strong>Domino),</strong></span> <span class='ocrx_word' id='word_1_418' title='bbox 1564 3155 1620 3199; x_wconf 90' lang='lat' dir='ltr'><strong>et</strong></span> <span class='ocrx_word' id='word_1_419' title='bbox 1651 3148 1743 3216; x_wconf 88' lang='lat' dir='ltr'><strong>qui</strong></span> <span class='ocrx_word' id='word_1_420' title='bbox 1781 3151 1967 3207; x_wconf 86' lang='lat' dir='ltr'><strong>omnia</strong></span> <span class='ocrx_word' id='word_1_421' title='bbox 1997 3146 2039 3204; x_wconf 85' lang='lat' dir='ltr'><strong>C</strong></span> <span class='ocrx_word' id='word_1_422' title='bbox 2075 3155 2327 3211; x_wconf 87' lang='lat' dir='ltr'><strong>similiter</strong></span> <span class='ocrx_word' id='word_1_423' title='bbox 2353 3153 2672 3214; x_wconf 88' lang='lat' dir='ltr'><strong>ostendens.</strong></span> <span class='ocrx_word' id='word_1_424' title='bbox 2708 3162 2767 3207; x_wconf 85' lang='lat' dir='ltr'><strong>ut</strong></span> <span class='ocrx_word' id='word_1_425' title='bbox 2805 3169 2927 3222; x_wconf 67' lang='lat' dir='ltr'><strong>qua:</strong></span> <span class='ocrx_word' id='word_1_426' title='bbox 2969 3152 3092 3207; x_wconf 87' lang='lat' dir='ltr'><strong>aliis</strong></span> <span class='ocrx_word' id='word_1_427' title='bbox 3129 3152 3291 3208; x_wconf 88' lang='lat' dir='ltr'><strong>simul</strong></span> <span class='ocrx_word' id='word_1_428' title='bbox 3339 3152 3642 3221; x_wconf 85' lang='lat' dir='ltr'><strong>discipulis.</strong></span> 
     </span>
    </p>
   </div>
   <div class='ocr_carea' id='block_1_62' title="bbox 400 3217 1970 3303">
    <p class='ocr_par' dir='ltr' id='par_1_62' title="bbox 400 3217 1970 3303">
     <span class='ocr_line' id='line_1_62' title="bbox 400 3217 1970 3303; baseline 0.02 -33"><span class='ocrx_word' id='word_1_429' title='bbox 400 3217 624 3285; x_wconf 79' lang='lat' dir='ltr'><strong>fecerat,</strong></span> <span class='ocrx_word' id='word_1_430' title='bbox 660 3222 712 3275; x_wconf 91' lang='lat' dir='ltr'><strong>in</strong></span> <span class='ocrx_word' id='word_1_431' title='bbox 739 3238 896 3278; x_wconf 90' lang='lat' dir='ltr'><strong>suum</strong></span> <span class='ocrx_word' id='word_1_432' title='bbox 932 3230 1194 3297; x_wconf 89' lang='lat' dir='ltr'><strong>templum</strong></span> <span class='ocrx_word' id='word_1_433' title='bbox 1231 3232 1534 3303; x_wconf 88' lang='lat' dir='ltr'><strong>ingreditur</strong></span> <span class='ocrx_word' id='word_1_434' title='bbox 1565 3239 1766 3294; x_wconf 83' lang='lat' dir='ltr'><strong>clausis</strong></span> <span class='ocrx_word' id='word_1_435' title='bbox 1791 3243 1970 3300; x_wconf 86' lang='lat' dir='ltr'><strong>ostiis:</strong></span> 
     </span>
    </p>
   </div>
   <div class='ocr_carea' id='block_1_63' title="bbox 397 3313 1975 3405">
    <p class='ocr_par' dir='ltr' id='par_1_63' title="bbox 397 3313 1975 3405">
     <span class='ocr_line' id='line_1_63' title="bbox 397 3313 1975 3405; baseline 0.018 -44"><span class='ocrx_word' id='word_1_436' title='bbox 397 3323 452 3362; x_wconf 86' lang='lat' dir='ltr'><strong>et</strong></span> <span class='ocrx_word' id='word_1_437' title='bbox 483 3313 574 3379; x_wconf 86' lang='lat' dir='ltr'><strong>qui</strong></span> <span class='ocrx_word' id='word_1_438' title='bbox 605 3327 701 3380; x_wconf 91' lang='lat' dir='ltr'><strong>per</strong></span> <span class='ocrx_word' id='word_1_439' title='bbox 728 3313 933 3384; x_wconf 89' lang='lat' dir='ltr'><strong>lignum</strong></span> <span class='ocrx_word' id='word_1_440' title='bbox 961 3331 1193 3376; x_wconf 90' lang='lat' dir='ltr'><strong>mortem</strong></span> <span class='ocrx_word' id='word_1_441' title='bbox 1221 3327 1500 3388; x_wconf 89' lang='lat' dir='ltr'><strong>contrivit,</strong></span> <span class='ocrx_word' id='word_1_442' title='bbox 1526 3345 1668 3385; x_wconf 87' lang='lat' dir='ltr'><strong>nunc</strong></span> <span class='ocrx_word' id='word_1_443' title='bbox 1692 3332 1975 3405; x_wconf 55' lang='lat' dir='ltr'><strong>tinﬁal&#39;l&#39;ert</strong></span> 
     </span>
    </p>
   </div>
   <div class='ocr_carea' id='block_1_64' title="bbox 404 3403 1972 3486">
    <p class='ocr_par' dir='ltr' id='par_1_64' title="bbox 404 3403 1972 3486">
     <span class='ocr_line' id='line_1_64' title="bbox 404 3403 1972 3486; baseline 0.019 -32"><span class='ocrx_word' id='word_1_444' title='bbox 404 3403 507 3471; x_wconf 89' lang='lat' dir='ltr'><strong>ipsi</strong></span> <span class='ocrx_word' id='word_1_445' title='bbox 542 3403 673 3474; x_wconf 83' lang='lat' dir='ltr'><strong>ligni</strong></span> <span class='ocrx_word' id='word_1_446' title='bbox 707 3418 937 3463; x_wconf 66' lang='lat' dir='ltr'><strong>naturai.</strong></span> <span class='ocrx_word' id='word_1_447' title='bbox 963 3411 1126 3468; x_wconf 89' lang='lat' dir='ltr'><strong>Venit</strong></span> <span class='ocrx_word' id='word_1_448' title='bbox 1156 3432 1288 3486; x_wconf 87' lang='lat' dir='ltr'><strong>ergo</strong></span> <span class='ocrx_word' id='word_1_449' title='bbox 1337 3418 1591 3476; x_wconf 85' lang='lat' dir='ltr'><strong>Christus</strong></span> <span class='ocrx_word' id='word_1_450' title='bbox 1626 3424 1680 3478; x_wconf 91' lang='lat' dir='ltr'><strong>in</strong></span> <span class='ocrx_word' id='word_1_451' title='bbox 1732 3403 1972 3484; x_wconf 70' lang='lat' dir='ltr'><strong>medium</strong></span> 
     </span>
    </p>
   </div>
   <div class='ocr_carea' id='block_1_65' title="bbox 401 3497 1971 3574">
    <p class='ocr_par' dir='ltr' id='par_1_65' title="bbox 401 3497 1971 3574">
     <span class='ocr_line' id='line_1_65' title="bbox 401 3497 1971 3574; baseline 0.018 -29"><span class='ocrx_word' id='word_1_452' title='bbox 401 3508 623 3558; x_wconf 86' lang='lat' dir='ltr'><strong>eorum,</strong></span> <span class='ocrx_word' id='word_1_453' title='bbox 653 3497 922 3553; x_wconf 91' lang='lat' dir='ltr'><strong>miraculo</strong></span> <span class='ocrx_word' id='word_1_454' title='bbox 954 3500 1233 3572; x_wconf 83' lang='lat' dir='ltr'><strong>ingressus</strong></span> <span class='ocrx_word' id='word_1_455' title='bbox 1268 3510 1600 3568; x_wconf 80' lang='lat' dir='ltr'><strong>conﬁrmans</strong></span> <span class='ocrx_word' id='word_1_456' title='bbox 1649 3517 1971 3574; x_wconf 83' lang='lat' dir='ltr'><strong>miraculum</strong></span> 
     </span>
    </p>
   </div>
   <div class='ocr_carea' id='block_1_66' title="bbox 403 3587 1974 3677">
    <p class='ocr_par' dir='ltr' id='par_1_66' title="bbox 403 3587 1974 3677">
     <span class='ocr_line' id='line_1_66' title="bbox 403 3587 1974 3677; baseline 0.022 -42"><span class='ocrx_word' id='word_1_457' title='bbox 403 3587 850 3646; x_wconf 68' lang='lat' dir='ltr'><strong>resurrectionis.</strong></span> <span class='ocrx_word' id='word_1_458' title='bbox 888 3592 953 3646; x_wconf 84' lang='lat' dir='ltr'><strong>Et</strong></span> <span class='ocrx_word' id='word_1_459' title='bbox 981 3595 1059 3648; x_wconf 90' lang='lat' dir='ltr'><strong>sic</strong></span> <span class='ocrx_word' id='word_1_460' title='bbox 1087 3597 1310 3667; x_wconf 87' lang='lat' dir='ltr'><strong>quidem</strong></span> <span class='ocrx_word' id='word_1_461' title='bbox 1345 3602 1600 3673; x_wconf 71' lang='lat' dir='ltr'><strong>discipuli</strong></span> <span class='ocrx_word' id='word_1_462' title='bbox 1645 3609 1779 3677; x_wconf 83' lang='lat' dir='ltr'><strong>ipsis</strong></span> <span class='ocrx_word' id='word_1_463' title='bbox 1802 3613 1974 3670; x_wconf 90' lang='lat' dir='ltr'><strong>oculis</strong></span> 
     </span>
    </p>
   </div>
   <div class='ocr_carea' id='block_1_67' title="bbox 400 3676 1970 3768">
    <p class='ocr_par' dir='ltr' id='par_1_67' title="bbox 400 3676 1970 3768">
     <span class='ocr_line' id='line_1_67' title="bbox 400 3676 1970 3768; baseline 0.02 -43"><span class='ocrx_word' id='word_1_464' title='bbox 400 3676 540 3768; x_wconf 64' lang='lat' dir='ltr'><strong>ejus,</strong></span> <span class='ocrx_word' id='word_1_465' title='bbox 577 3693 739 3746; x_wconf 89' lang='lat' dir='ltr'><strong>quem</strong></span> <span class='ocrx_word' id='word_1_466' title='bbox 797 3681 1219 3753; x_wconf 88' lang='lat' dir='ltr'><strong>desiderabant,</strong></span> <span class='ocrx_word' id='word_1_467' title='bbox 1268 3690 1509 3747; x_wconf 81' lang='lat' dir='ltr'><strong>fructum</strong></span> <span class='ocrx_word' id='word_1_468' title='bbox 1558 3676 1924 3768; x_wconf 87' lang='lat' dir='ltr'><strong>percipientes</strong></span> <span class='ocrx_word' id='word_1_469' title='bbox 1953 3744 1970 3768; x_wconf 88' lang='lat'><strong>,</strong></span> 
     </span>
    </p>
   </div>
   <div class='ocr_carea' id='block_1_68' title="bbox 401 3766 1969 3864">
    <p class='ocr_par' dir='ltr' id='par_1_68' title="bbox 401 3766 1969 3864">
     <span class='ocr_line' id='line_1_68' title="bbox 401 3766 1969 3864; baseline 0.02 -46"><span class='ocrx_word' id='word_1_470' title='bbox 401 3766 582 3821; x_wconf 77' lang='lat' dir='ltr'><strong>lctitia</strong></span> <span class='ocrx_word' id='word_1_471' title='bbox 618 3770 1009 3831; x_wconf 66' lang='lat' dir='ltr'><strong>adiciebantur.</strong></span> <span class='ocrx_word' id='word_1_472' title='bbox 1050 3779 1213 3835; x_wconf 87' lang='lat' dir='ltr'><strong>Solus</strong></span> <span class='ocrx_word' id='word_1_473' title='bbox 1243 3794 1423 3839; x_wconf 89' lang='lat' dir='ltr'><strong>autem</strong></span> <span class='ocrx_word' id='word_1_474' title='bbox 1461 3766 1906 3864; x_wconf 61' lang='lat' dir='ltr'><strong>Tliotnasalifoit</strong></span> 
     </span>
    </p>
   </div>
   <div class='ocr_carea' id='block_1_69' title="bbox 398 3864 1972 3947">
    <p class='ocr_par' dir='ltr' id='par_1_69' title="bbox 398 3864 1972 3947">
     <span class='ocr_line' id='line_1_69' title="bbox 398 3864 1972 3947; baseline 0.021 -37"><span class='ocrx_word' id='word_1_475' title='bbox 398 3864 712 3926; x_wconf 84' lang='lat' dir='ltr'><strong>spectaculo</strong></span> <span class='ocrx_word' id='word_1_476' title='bbox 739 3881 752 3916; x_wconf 90' lang='lat'><strong>:</strong></span> <span class='ocrx_word' id='word_1_477' title='bbox 777 3868 868 3936; x_wconf 91' lang='lat' dir='ltr'><strong>qui</strong></span> <span class='ocrx_word' id='word_1_478' title='bbox 897 3869 1086 3926; x_wconf 91' lang='lat' dir='ltr'><strong>divino</strong></span> <span class='ocrx_word' id='word_1_479' title='bbox 1105 3875 1365 3942; x_wconf 88' lang='lat' dir='ltr'><strong>quodam,</strong></span> <span class='ocrx_word' id='word_1_480' title='bbox 1394 3889 1453 3933; x_wconf 91' lang='lat' dir='ltr'><strong>ut</strong></span> <span class='ocrx_word' id='word_1_481' title='bbox 1482 3882 1720 3947; x_wconf 87' lang='lat' dir='ltr'><strong>videtur,</strong></span> <span class='ocrx_word' id='word_1_482' title='bbox 1743 3888 1972 3942; x_wconf 69' lang='lat' dir='ltr'><strong>consilio</strong></span> 
     </span>
    </p>
   </div>
   <div class='ocr_carea' id='block_1_70' title="bbox 399 3955 1970 4044">
    <p class='ocr_par' dir='ltr' id='par_1_70' title="bbox 399 3955 1970 4044">
     <span class='ocr_line' id='line_1_70' title="bbox 399 3955 1970 4044; baseline 0.019 -40"><span class='ocrx_word' id='word_1_483' title='bbox 399 3969 509 4006; x_wconf 88' lang='lat' dir='ltr'><strong>non</strong></span> <span class='ocrx_word' id='word_1_484' title='bbox 536 3955 742 4020; x_wconf 73' lang='lat' dir='ltr'><strong>adt-rat,</strong></span> <span class='ocrx_word' id='word_1_485' title='bbox 774 3969 835 4014; x_wconf 92' lang='lat' dir='ltr'><strong>ot</strong></span> <span class='ocrx_word' id='word_1_486' title='bbox 860 3977 982 4016; x_wconf 91' lang='lat' dir='ltr'><strong>cum</strong></span> <span class='ocrx_word' id='word_1_487' title='bbox 1017 3966 1342 4022; x_wconf 68' lang='lat' dir='ltr'><strong>miraculum</strong></span> <span class='ocrx_word' id='word_1_488' title='bbox 1375 3973 1551 4040; x_wconf 85' lang='lat' dir='ltr'><strong>magis</strong></span> <span class='ocrx_word' id='word_1_489' title='bbox 1580 3977 1970 4044; x_wconf 73' lang='lat' dir='ltr'><strong>exani‘inasset,</strong></span> 
     </span>
    </p>
   </div>
   <div class='ocr_carea' id='block_1_71' title="bbox 398 4053 1973 4127">
    <p class='ocr_par' dir='ltr' id='par_1_71' title="bbox 398 4053 1973 4127">
     <span class='ocr_line' id='line_1_71' title="bbox 398 4053 1973 4127; baseline 0.019 -29"><span class='ocrx_word' id='word_1_490' title='bbox 398 4055 542 4102; x_wconf 87' lang='lat' dir='ltr'><strong>esset</strong></span> <span class='ocrx_word' id='word_1_491' title='bbox 571 4053 884 4118; x_wconf 78' lang='lat' dir='ltr'><strong>pra-clarior</strong></span> <span class='ocrx_word' id='word_1_492' title='bbox 903 4072 1081 4125; x_wconf 71' lang='lat' dir='ltr'><strong>prreco</strong></span> <span class='ocrx_word' id='word_1_493' title='bbox 1109 4063 1557 4121; x_wconf 89' lang='lat' dir='ltr'><strong>resurrectionis.</strong></span> <span class='ocrx_word' id='word_1_494' title='bbox 1588 4067 1693 4122; x_wconf 72' lang='lat' dir='ltr'><strong>Sed</strong></span> <span class='ocrx_word' id='word_1_495' title='bbox 1723 4070 1973 4127; x_wconf 86' lang='lat' dir='ltr'><strong>Salvator</strong></span> 
     </span>
    </p>
   </div>
   <div class='ocr_carea' id='block_1_72' title="bbox 398 4139 1968 4230">
    <p class='ocr_par' dir='ltr' id='par_1_72' title="bbox 398 4139 1968 4230">
     <span class='ocr_line' id='line_1_72' title="bbox 398 4139 1968 4230; baseline 0.019 -42"><span class='ocrx_word' id='word_1_496' title='bbox 398 4139 620 4206; x_wconf 82' lang='lat' dir='ltr'><strong>quidem</strong></span> <span class='ocrx_word' id='word_1_497' title='bbox 649 4159 773 4198; x_wconf 89' lang='lat' dir='ltr'><strong>cum</strong></span> <span class='ocrx_word' id='word_1_498' title='bbox 807 4148 890 4200; x_wconf 92' lang='lat' dir='ltr'><strong>sui</strong></span> <span class='ocrx_word' id='word_1_499' title='bbox 923 4153 1236 4219; x_wconf 88' lang='lat' dir='ltr'><strong>spectaculo</strong></span> <span class='ocrx_word' id='word_1_500' title='bbox 1266 4155 1627 4224; x_wconf 88' lang='lat' dir='ltr'><strong>impertiisset</strong></span> <span class='ocrx_word' id='word_1_501' title='bbox 1667 4163 1968 4230; x_wconf 88' lang='lat' dir='ltr'><strong>apostolos,</strong></span> 
     </span>
    </p>
   </div>
   <div class='ocr_carea' id='block_1_73' title="bbox 399 4233 1972 4318">
    <p class='ocr_par' dir='ltr' id='par_1_73' title="bbox 399 4233 1972 4318">
     <span class='ocr_line' id='line_1_73' title="bbox 399 4233 1972 4318; baseline 0.018 -38"><span class='ocrx_word' id='word_1_502' title='bbox 399 4233 626 4286; x_wconf 87' lang='lat' dir='ltr'><strong>recessit</strong></span> <span class='ocrx_word' id='word_1_503' title='bbox 658 4237 924 4304; x_wconf 82' lang='lat' dir='ltr'><strong>protinus,</strong></span> <span class='ocrx_word' id='word_1_504' title='bbox 955 4241 1342 4308; x_wconf 81' lang='lat' dir='ltr'><strong>perfectiorem</strong></span> <span class='ocrx_word' id='word_1_505' title='bbox 1369 4250 1850 4318; x_wconf 79' lang='lat' dir='ltr'><strong>contemplationis</strong></span> <span class='ocrx_word' id='word_1_506' title='bbox 1877 4255 1972 4308; x_wconf 87' lang='lat' dir='ltr'><strong>vi-</strong></span> 
     </span>
    </p>
   </div>
   <div class='ocr_carea' id='block_1_74' title="bbox 397 4322 1792 4408">
    <p class='ocr_par' dir='ltr' id='par_1_74' title="bbox 397 4322 1792 4408">
     <span class='ocr_line' id='line_1_74' title="bbox 397 4322 1792 4408; baseline 0.017 -31"><span class='ocrx_word' id='word_1_507' title='bbox 397 4322 609 4380; x_wconf 86' lang='lat' dir='ltr'><strong>sionem</strong></span> <span class='ocrx_word' id='word_1_508' title='bbox 645 4327 867 4385; x_wconf 74' lang='lat' dir='ltr'><strong>Thomae</strong></span> <span class='ocrx_word' id='word_1_509' title='bbox 896 4335 1095 4402; x_wconf 90' lang='lat' dir='ltr'><strong>amico,</strong></span> <span class='ocrx_word' id='word_1_510' title='bbox 1123 4345 1183 4390; x_wconf 89' lang='lat' dir='ltr'><strong>ot</strong></span> <span class='ocrx_word' id='word_1_511' title='bbox 1218 4338 1453 4408; x_wconf 82' lang='lat' dir='ltr'><strong>videtur,</strong></span> <span class='ocrx_word' id='word_1_512' title='bbox 1485 4358 1792 4401; x_wconf 88' lang='lat' dir='ltr'><strong>reservans.</strong></span> 
     </span>
    </p>
   </div>
   <div class='ocr_carea' id='block_1_75' title="bbox 471 4417 1966 4502">
    <p class='ocr_par' dir='ltr' id='par_1_75' title="bbox 471 4417 1966 4502">
     <span class='ocr_line' id='line_1_75' title="bbox 471 4417 1966 4502; baseline 0.015 -30"><span class='ocrx_word' id='word_1_513' title='bbox 471 4417 530 4472; x_wconf 88' lang='lat' dir='ltr'><strong>V.</strong></span> <span class='ocrx_word' id='word_1_514' title='bbox 567 4417 704 4473; x_wconf 89' lang='lat' dir='ltr'><strong>Cum</strong></span> <span class='ocrx_word' id='word_1_515' title='bbox 731 4431 912 4477; x_wconf 90' lang='lat' dir='ltr'><strong>autem</strong></span> <span class='ocrx_word' id='word_1_516' title='bbox 947 4441 1200 4483; x_wconf 87' lang='lat' dir='ltr'><strong>reversos</strong></span> <span class='ocrx_word' id='word_1_517' title='bbox 1258 4441 1403 4486; x_wconf 82' lang='lat' dir='ltr'><strong>esset</strong></span> <span class='ocrx_word' id='word_1_518' title='bbox 1452 4432 1714 4502; x_wconf 84' lang='lat' dir='ltr'><strong>Thomas,</strong></span> <span class='ocrx_word' id='word_1_519' title='bbox 1764 4447 1820 4491; x_wconf 90' lang='lat' dir='ltr'><strong>et</strong></span> <span class='ocrx_word' id='word_1_520' title='bbox 1873 4455 1966 4494; x_wconf 85' lang='lat' dir='ltr'><strong>ve-</strong></span> 
     </span>
    </p>
   </div>
   <div class='ocr_carea' id='block_1_76' title="bbox 396 4511 1968 4590">
    <p class='ocr_par' dir='ltr' id='par_1_76' title="bbox 396 4511 1968 4590">
     <span class='ocr_line' id='line_1_76' title="bbox 396 4511 1968 4590; baseline 0.017 -29"><span class='ocrx_word' id='word_1_521' title='bbox 396 4511 567 4564; x_wconf 86' lang='lat' dir='ltr'><strong>nisset</strong></span> <span class='ocrx_word' id='word_1_522' title='bbox 599 4511 654 4565; x_wconf 90' lang='lat' dir='ltr'><strong>in</strong></span> <span class='ocrx_word' id='word_1_523' title='bbox 693 4523 931 4569; x_wconf 84' lang='lat' dir='ltr'><strong>mentem</strong></span> <span class='ocrx_word' id='word_1_524' title='bbox 963 4517 1249 4590; x_wconf 90' lang='lat' dir='ltr'><strong>discipulis</strong></span> <span class='ocrx_word' id='word_1_525' title='bbox 1291 4525 1340 4578; x_wconf 87' lang='lat' dir='ltr'><strong>ei</strong></span> <span class='ocrx_word' id='word_1_526' title='bbox 1387 4525 1568 4582; x_wconf 81' lang='lat' dir='ltr'><strong>dicere</strong></span> <span class='ocrx_word' id='word_1_527' title='bbox 1606 4545 1619 4581; x_wconf 90' lang='lat'><strong><em>:</em></strong></span> <span class='ocrx_word' id='word_1_528' title='bbox 1659 4545 1676 4578; x_wconf 73' lang='grc' dir='ltr'>ι</span> <span class='ocrx_word' id='word_1_529' title='bbox 1717 4529 1968 4587; x_wconf 87' lang='lat' dir='ltr'><strong>Vidimus</strong></span> 
     </span>
    </p>
   </div>
   <div class='ocr_carea' id='block_1_77' title="bbox 399 4601 1969 4683">
    <p class='ocr_par' dir='ltr' id='par_1_77' title="bbox 399 4601 1969 4683">
     <span class='ocr_line' id='line_1_77' title="bbox 399 4601 1969 4683; baseline 0.014 -27"><span class='ocrx_word' id='word_1_530' title='bbox 399 4601 716 4667; x_wconf 89' lang='lat' dir='ltr'><strong>Dominum,</strong></span> <span class='ocrx_word' id='word_1_531' title='bbox 750 4625 767 4657; x_wconf 85' lang='grc'><strong>›</strong></span> <span class='ocrx_word' id='word_1_532' title='bbox 807 4607 898 4662; x_wconf 88' lang='lat' dir='ltr'><strong>ille</strong></span> <span class='ocrx_word' id='word_1_533' title='bbox 921 4622 1146 4681; x_wconf 88' lang='lat' dir='ltr'><strong>propter</strong></span> <span class='ocrx_word' id='word_1_534' title='bbox 1182 4613 1236 4667; x_wconf 90' lang='lat' dir='ltr'><strong>id</strong></span> <span class='ocrx_word' id='word_1_535' title='bbox 1269 4615 1414 4683; x_wconf 93' lang='lat' dir='ltr'><strong>quod</strong></span> <span class='ocrx_word' id='word_1_536' title='bbox 1452 4618 1732 4682; x_wconf 86' lang='lat' dir='ltr'><strong>audiebat,</strong></span> <span class='ocrx_word' id='word_1_537' title='bbox 1778 4621 1969 4678; x_wconf 66' lang='lat' dir='ltr'><strong>laetitia</strong></span> 
     </span>
    </p>
   </div>
   <div class='ocr_carea' id='block_1_78' title="bbox 395 4693 1971 4771">
    <p class='ocr_par' dir='ltr' id='par_1_78' title="bbox 395 4693 1971 4771">
     <span class='ocr_line' id='line_1_78' title="bbox 395 4693 1971 4771; baseline 0.016 -27"><span class='ocrx_word' id='word_1_538' title='bbox 395 4693 650 4758; x_wconf 80' lang='lat' dir='ltr'><strong>allectos,</strong></span> <span class='ocrx_word' id='word_1_539' title='bbox 700 4698 845 4765; x_wconf 90' lang='lat' dir='ltr'><strong>quod</strong></span> <span class='ocrx_word' id='word_1_540' title='bbox 883 4699 1002 4754; x_wconf 82' lang='lat' dir='ltr'><strong>ﬁeri</strong></span> <span class='ocrx_word' id='word_1_541' title='bbox 1044 4702 1431 4771; x_wconf 88' lang='lat' dir='ltr'><strong>desiderabat,</strong></span> <span class='ocrx_word' id='word_1_542' title='bbox 1465 4707 1570 4763; x_wconf 91' lang='lat' dir='ltr'><strong>hoc</strong></span> <span class='ocrx_word' id='word_1_543' title='bbox 1610 4710 1810 4766; x_wconf 83' lang='lat' dir='ltr'><strong>factum</strong></span> <span class='ocrx_word' id='word_1_544' title='bbox 1851 4728 1971 4769; x_wconf 90' lang='lat' dir='ltr'><strong>esse</strong></span> 
     </span>
    </p>
   </div>
   <div class='ocr_carea' id='block_1_79' title="bbox 394 4787 1971 4874">
    <p class='ocr_par' dir='ltr' id='par_1_79' title="bbox 394 4787 1971 4874">
     <span class='ocr_line' id='line_1_79' title="bbox 394 4787 1971 4874; baseline 0.014 -36"><span class='ocrx_word' id='word_1_545' title='bbox 394 4787 649 4854; x_wconf 76' lang='lat' dir='ltr'><strong>audiens,</strong></span> <span class='ocrx_word' id='word_1_546' title='bbox 675 4805 782 4844; x_wconf 90' lang='lat' dir='ltr'><strong>non</strong></span> <span class='ocrx_word' id='word_1_547' title='bbox 806 4793 1090 4849; x_wconf 85' lang='lat' dir='ltr'><strong>credebat.</strong></span> <span class='ocrx_word' id='word_1_548' title='bbox 1119 4796 1308 4852; x_wconf 88' lang='lat' dir='ltr'><strong>Solent</strong></span> <span class='ocrx_word' id='word_1_549' title='bbox 1332 4801 1478 4854; x_wconf 87' lang='lat' dir='ltr'><strong>enim</strong></span> <span class='ocrx_word' id='word_1_550' title='bbox 1507 4803 1741 4874; x_wconf 85' lang='lat' dir='ltr'><strong>ingentis</strong></span> <span class='ocrx_word' id='word_1_551' title='bbox 1767 4805 1971 4860; x_wconf 73' lang='lat' dir='ltr'><strong>laetitia:</strong></span> 
     </span>
    </p>
   </div>
   <div class='ocr_carea' id='block_1_80' title="bbox 393 4881 1970 4968">
    <p class='ocr_par' dir='ltr' id='par_1_80' title="bbox 393 4881 1970 4968">
     <span class='ocr_line' id='line_1_80' title="bbox 393 4881 1970 4968; baseline 0.011 -36"><span class='ocrx_word' id='word_1_552' title='bbox 393 4881 850 4949; x_wconf 82' lang='lat' dir='ltr'><strong>exsuperationes</strong></span> <span class='ocrx_word' id='word_1_553' title='bbox 894 4899 1013 4939; x_wconf 89' lang='lat' dir='ltr'><strong>esse</strong></span> <span class='ocrx_word' id='word_1_554' title='bbox 1048 4888 1318 4944; x_wconf 87' lang='lat' dir='ltr'><strong>tardiores</strong></span> <span class='ocrx_word' id='word_1_555' title='bbox 1340 4891 1405 4944; x_wconf 88' lang='lat' dir='ltr'><strong>ad</strong></span> <span class='ocrx_word' id='word_1_556' title='bbox 1436 4907 1498 4945; x_wconf 88' lang='lat' dir='ltr'><strong>ea</strong></span> <span class='ocrx_word' id='word_1_557' title='bbox 1524 4894 1798 4949; x_wconf 87' lang='lat' dir='ltr'><strong>credenda</strong></span> <span class='ocrx_word' id='word_1_558' title='bbox 1847 4912 1970 4968; x_wconf 68' lang='lat' dir='ltr'><strong>quae</strong></span> 
     </span>
    </p>
   </div>
   <div class='ocr_carea' id='block_1_81' title="bbox 397 4974 1969 5058">
    <p class='ocr_par' dir='ltr' id='par_1_81' title="bbox 397 4974 1969 5058">
     <span class='ocr_line' id='line_1_81' title="bbox 397 4974 1969 5058; baseline 0.012 -32"><span class='ocrx_word' id='word_1_559' title='bbox 397 4974 680 5030; x_wconf 86' lang='lat' dir='ltr'><strong>dicuntur.</strong></span> <span class='ocrx_word' id='word_1_560' title='bbox 719 4975 1010 5048; x_wconf 88' lang='lat' dir='ltr'><strong>Discipulis</strong></span> <span class='ocrx_word' id='word_1_561' title='bbox 1044 4980 1252 5050; x_wconf 87' lang='lat' dir='ltr'><strong>igitur:</strong></span> <span class='ocrx_word' id='word_1_562' title='bbox 1286 5000 1304 5032; x_wconf 70' lang='grc' dir='ltr'><strong><em>ι</em></strong></span> <span class='ocrx_word' id='word_1_563' title='bbox 1345 4983 1480 5051; x_wconf 83' lang='lat' dir='ltr'><strong>Nisi,</strong></span> <span class='ocrx_word' id='word_1_564' title='bbox 1526 4986 1739 5058; x_wconf 90' lang='lat' dir='ltr'><strong>inquit,</strong></span> <span class='ocrx_word' id='word_1_565' title='bbox 1776 4990 1969 5045; x_wconf 70' lang='lat' dir='ltr'><strong>videro</strong></span> 
     </span>
    </p>
   </div>
   <div class='ocr_carea' id='block_1_82' title="bbox 399 5066 1970 5142">
    <p class='ocr_par' dir='ltr' id='par_1_82' title="bbox 399 5066 1970 5142">
     <span class='ocr_line' id='line_1_82' title="bbox 399 5066 1970 5142; baseline 0.012 -24"><span class='ocrx_word' id='word_1_566' title='bbox 399 5066 452 5120; x_wconf 93' lang='lat' dir='ltr'><strong>in</strong></span> <span class='ocrx_word' id='word_1_567' title='bbox 491 5069 746 5124; x_wconf 88' lang='lat' dir='ltr'><strong>manibus</strong></span> <span class='ocrx_word' id='word_1_568' title='bbox 770 5071 890 5142; x_wconf 89' lang='lat' dir='ltr'><strong>ejus</strong></span> <span class='ocrx_word' id='word_1_569' title='bbox 914 5073 1164 5128; x_wconf 83' lang='lat' dir='ltr'><strong>tissnram</strong></span> <span class='ocrx_word' id='word_1_570' title='bbox 1195 5076 1473 5131; x_wconf 87' lang='lat' dir='ltr'><strong>clavorum</strong></span> <span class='ocrx_word' id='word_1_571' title='bbox 1503 5117 1518 5142; x_wconf 93' lang='lat'><strong>,</strong></span> <span class='ocrx_word' id='word_1_572' title='bbox 1557 5090 1613 5134; x_wconf 91' lang='lat' dir='ltr'><strong>et</strong></span> <span class='ocrx_word' id='word_1_573' title='bbox 1649 5080 1858 5135; x_wconf 89' lang='lat' dir='ltr'><strong>mittam</strong></span> <span class='ocrx_word' id='word_1_574' title='bbox 1888 5083 1970 5138; x_wconf 80' lang='lat' dir='ltr'><strong>di-</strong></span> 
     </span>
    </p>
   </div>
   <div class='ocr_carea' id='block_1_83' title="bbox 393 5159 1965 5232">
    <p class='ocr_par' dir='ltr' id='par_1_83' title="bbox 393 5159 1965 5232">
     <span class='ocr_line' id='line_1_83' title="bbox 393 5159 1965 5232; baseline 0.012 -24"><span class='ocrx_word' id='word_1_575' title='bbox 393 5159 564 5227; x_wconf 85' lang='lat' dir='ltr'><strong>gitum</strong></span> <span class='ocrx_word' id='word_1_576' title='bbox 592 5177 776 5216; x_wconf 90' lang='lat' dir='ltr'><strong>meum</strong></span> <span class='ocrx_word' id='word_1_577' title='bbox 807 5162 862 5216; x_wconf 89' lang='lat' dir='ltr'><strong>in</strong></span> <span class='ocrx_word' id='word_1_578' title='bbox 888 5163 1068 5218; x_wconf 89' lang='lat' dir='ltr'><strong>locum</strong></span> <span class='ocrx_word' id='word_1_579' title='bbox 1093 5166 1396 5232; x_wconf 87' lang='lat' dir='ltr'><strong>clavorum,</strong></span> <span class='ocrx_word' id='word_1_580' title='bbox 1423 5177 1476 5225; x_wconf 90' lang='lat' dir='ltr'><strong>et</strong></span> <span class='ocrx_word' id='word_1_581' title='bbox 1506 5171 1718 5226; x_wconf 88' lang='lat' dir='ltr'><strong>mittam</strong></span> <span class='ocrx_word' id='word_1_582' title='bbox 1743 5190 1965 5228; x_wconf 87' lang='lat' dir='ltr'><strong>manum</strong></span> 
     </span>
    </p>
   </div>
   <div class='ocr_carea' id='block_1_84' title="bbox 394 5251 1968 5322">
    <p class='ocr_par' dir='ltr' id='par_1_84' title="bbox 394 5251 1968 5322">
     <span class='ocr_line' id='line_1_84' title="bbox 394 5251 1968 5322; baseline 0.011 -20"><span class='ocrx_word' id='word_1_583' title='bbox 394 5264 567 5302; x_wconf 86' lang='lat' dir='ltr'><strong>meam</strong></span> <span class='ocrx_word' id='word_1_584' title='bbox 612 5253 666 5306; x_wconf 90' lang='lat' dir='ltr'><strong>in</strong></span> <span class='ocrx_word' id='word_1_585' title='bbox 697 5251 842 5306; x_wconf 90' lang='lat' dir='ltr'><strong>latus</strong></span> <span class='ocrx_word' id='word_1_586' title='bbox 873 5254 1012 5322; x_wconf 90' lang='lat' dir='ltr'><strong>ejus,</strong></span> <span class='ocrx_word' id='word_1_587' title='bbox 1040 5273 1150 5310; x_wconf 91' lang='lat' dir='ltr'><strong>non</strong></span> <span class='ocrx_word' id='word_1_588' title='bbox 1183 5260 1402 5313; x_wconf 84' lang='lat' dir='ltr'><strong>credam</strong></span> <span class='ocrx_word' id='word_1_589' title='bbox 1428 5261 1472 5314; x_wconf 83' lang='grc'><strong>⁸.</strong></span> <span class='ocrx_word' id='word_1_590' title='bbox 1505 5280 1525 5314; x_wconf 71' lang='grc' dir='ltr'><strong><em>ι</em></strong></span> <span class='ocrx_word' id='word_1_591' title='bbox 1562 5263 1640 5318; x_wconf 80' lang='lat' dir='ltr'><strong>Ad</strong></span> <span class='ocrx_word' id='word_1_592' title='bbox 1675 5263 1790 5318; x_wconf 70' lang='lat' dir='ltr'><strong>hate</strong></span> <span class='ocrx_word' id='word_1_593' title='bbox 1828 5265 1968 5320; x_wconf 81' lang='lat' dir='ltr'><strong>forte</strong></span> 
     </span>
    </p>
   </div>
   <div class='ocr_carea' id='block_1_85' title="bbox 396 5341 1970 5417">
    <p class='ocr_par' dir='ltr' id='par_1_85' title="bbox 396 5341 1970 5417">
     <span class='ocr_line' id='line_1_85' title="bbox 396 5341 1970 5417; baseline 0.013 -27"><span class='ocrx_word' id='word_1_594' title='bbox 396 5341 627 5406; x_wconf 84' lang='lat' dir='ltr'><strong>apostoli</strong></span> <span class='ocrx_word' id='word_1_595' title='bbox 662 5359 676 5397; x_wconf 89' lang='lat'><strong>:</strong></span> <span class='ocrx_word' id='word_1_596' title='bbox 710 5342 852 5408; x_wconf 88' lang='lat' dir='ltr'><strong>Quid</strong></span> <span class='ocrx_word' id='word_1_597' title='bbox 883 5346 987 5398; x_wconf 89' lang='lat' dir='ltr'><strong>sibi</strong></span> <span class='ocrx_word' id='word_1_598' title='bbox 1014 5349 1143 5406; x_wconf 85' lang='lat' dir='ltr'><strong>vult.</strong></span> <span class='ocrx_word' id='word_1_599' title='bbox 1173 5364 1205 5402; x_wconf 94' lang='grc' dir='ltr'>ο</span> <span class='ocrx_word' id='word_1_600' title='bbox 1237 5349 1469 5417; x_wconf 86' lang='lat' dir='ltr'><strong>Thoma,</strong></span> <span class='ocrx_word' id='word_1_601' title='bbox 1502 5369 1686 5408; x_wconf 86' lang='lat' dir='ltr'><strong>sermo</strong></span> <span class='ocrx_word' id='word_1_602' title='bbox 1713 5356 1970 5411; x_wconf 84' lang='lat' dir='ltr'><strong>incredu-</strong></span> 
     </span>
    </p>
   </div>
   <div class='ocr_carea' id='block_1_86' title="bbox 397 5430 1954 5515">
    <p class='ocr_par' dir='ltr' id='par_1_86' title="bbox 397 5430 1954 5515">
     <span class='ocr_line' id='line_1_86' title="bbox 397 5430 1954 5515; baseline 0.013 -34"><span class='ocrx_word' id='word_1_603' title='bbox 397 5430 604 5486; x_wconf 80' lang='lat' dir='ltr'><strong>litatis?</strong></span> <span class='ocrx_word' id='word_1_604' title='bbox 639 5433 695 5488; x_wconf 88' lang='lat' dir='ltr'><strong>Si</strong></span> <span class='ocrx_word' id='word_1_605' title='bbox 728 5450 834 5489; x_wconf 94' lang='lat' dir='ltr'><strong>non</strong></span> <span class='ocrx_word' id='word_1_606' title='bbox 884 5438 1062 5493; x_wconf 86' lang='lat' dir='ltr'><strong>credit</strong></span> <span class='ocrx_word' id='word_1_607' title='bbox 1095 5437 1422 5511; x_wconf 85' lang='lat' dir='ltr'><strong>discipulos,</strong></span> <span class='ocrx_word' id='word_1_608' title='bbox 1473 5450 1747 5515; x_wconf 86' lang='lat' dir='ltr'><strong>quomodo</strong></span> <span class='ocrx_word' id='word_1_609' title='bbox 1781 5448 1954 5504; x_wconf 83' lang='lat' dir='ltr'><strong>credi-</strong></span> 
     </span>
    </p>
   </div>
   <div class='ocr_carea' id='block_1_87' title="bbox 397 5521 1967 5602">
    <p class='ocr_par' dir='ltr' id='par_1_87' title="bbox 397 5521 1967 5602">
     <span class='ocr_line' id='line_1_87' title="bbox 397 5521 1967 5602; baseline 0.015 -29"><span class='ocrx_word' id='word_1_610' title='bbox 397 5521 579 5580; x_wconf 81' lang='lat' dir='ltr'><strong>derint</strong></span> <span class='ocrx_word' id='word_1_611' title='bbox 609 5527 822 5583; x_wconf 78' lang='lat' dir='ltr'><strong>Joda-i?</strong></span> <span class='ocrx_word' id='word_1_612' title='bbox 857 5530 910 5584; x_wconf 87' lang='lat' dir='ltr'><strong>Si</strong></span> <span class='ocrx_word' id='word_1_613' title='bbox 940 5535 1221 5602; x_wconf 72' lang='lat' dir='ltr'><strong>apostoios</strong></span> <span class='ocrx_word' id='word_1_614' title='bbox 1246 5547 1300 5590; x_wconf 89' lang='lat' dir='ltr'><strong>et</strong></span> <span class='ocrx_word' id='word_1_615' title='bbox 1329 5538 1541 5594; x_wconf 88' lang='lat' dir='ltr'><strong>amicus</strong></span> <span class='ocrx_word' id='word_1_616' title='bbox 1586 5555 1695 5596; x_wconf 91' lang='lat' dir='ltr'><strong>non</strong></span> <span class='ocrx_word' id='word_1_617' title='bbox 1727 5541 1967 5600; x_wconf 85' lang='lat' dir='ltr'><strong>admittit</strong></span> 
     </span>
    </p>
   </div>
   <div class='ocr_carea' id='block_1_88' title="bbox 396 5622 1960 5705">
    <p class='ocr_par' dir='ltr' id='par_1_88' title="bbox 396 5622 1960 5705">
     <span class='ocr_line' id='line_1_88' title="bbox 396 5622 1960 5705; baseline 0.014 -37"><span class='ocrx_word' id='word_1_618' title='bbox 396 5622 899 5690; x_wconf 86' lang='lat' dir='ltr'><strong>resurrectionem,</strong></span> <span class='ocrx_word' id='word_1_619' title='bbox 948 5629 1226 5694; x_wconf 88' lang='lat' dir='ltr'><strong>quomodo</strong></span> <span class='ocrx_word' id='word_1_620' title='bbox 1256 5646 1376 5684; x_wconf 70' lang='lat' dir='ltr'><strong>eam</strong></span> <span class='ocrx_word' id='word_1_621' title='bbox 1416 5632 1743 5688; x_wconf 82' lang='lat' dir='ltr'><strong>admiserint</strong></span> <span class='ocrx_word' id='word_1_622' title='bbox 1794 5636 1828 5690; x_wconf 93' lang='lat' dir='ltr'><strong>ii</strong></span> <span class='ocrx_word' id='word_1_623' title='bbox 1867 5637 1960 5705; x_wconf 86' lang='lat' dir='ltr'><strong>qui</strong></span> 
     </span>
    </p>
   </div>
   <div class='ocr_carea' id='block_1_89' title="bbox 471 5807 1782 5884">
    <p class='ocr_par' dir='ltr' id='par_1_89' title="bbox 471 5807 1782 5884">
     <span class='ocr_line' id='line_1_89' title="bbox 471 5807 1782 5884; baseline 0.01 -23"><span class='ocrx_word' id='word_1_624' title='bbox 471 5809 488 5837; x_wconf 87' lang='lat'>&#39;</span> <span class='ocrx_word' id='word_1_625' title='bbox 514 5807 670 5864; x_wconf 62' lang='grc' dir='ltr'><strong>τιθείη.</strong></span> <span class='ocrx_word' id='word_1_626' title='bbox 705 5823 762 5871; x_wconf 87' lang='lat' dir='ltr'><strong>ll,</strong></span> <span class='ocrx_word' id='word_1_627' title='bbox 800 5810 849 5862; x_wconf 89' lang='lat'><strong>8.</strong></span> <span class='ocrx_word' id='word_1_628' title='bbox 968 5813 985 5842; x_wconf 84' lang='grc'>³</span> <span class='ocrx_word' id='word_1_629' title='bbox 1013 5815 1168 5870; x_wconf 81' lang='lat' dir='ltr'><strong>.loau.</strong></span> <span class='ocrx_word' id='word_1_630' title='bbox 1210 5833 1272 5871; x_wconf 76' lang='lat' dir='ltr'>xx</span> <span class='ocrx_word' id='word_1_631' title='bbox 1298 5861 1312 5884; x_wconf 89' lang='lat'><strong>,</strong></span> <span class='ocrx_word' id='word_1_632' title='bbox 1343 5819 1434 5872; x_wconf 59' lang='grc' dir='ltr'><strong>ἓξ».</strong></span> <span class='ocrx_word' id='word_1_633' title='bbox 1464 5818 1483 5850; x_wconf 70' lang='grc'>⁸</span> <span class='ocrx_word' id='word_1_634' title='bbox 1517 5817 1648 5874; x_wconf 86' lang='lat' dir='ltr'><strong>ibid.</strong></span> <span class='ocrx_word' id='word_1_635' title='bbox 1693 5819 1782 5874; x_wconf 69' lang='lat'><strong>€29.</strong></span> 
     </span>
    </p>
   </div>
   <div class='ocr_carea' id='block_1_90' title="bbox 2076 3245 3646 3316">
    <p class='ocr_par' dir='ltr' id='par_1_90' title="bbox 2076 3245 3646 3316">
     <span class='ocr_line' id='line_1_90' title="bbox 2076 3245 3646 3316; baseline -0.003 -14"><span class='ocrx_word' id='word_1_636' title='bbox 2076 3263 2140 3302; x_wconf 89' lang='lat' dir='ltr'><strong>ea</strong></span> <span class='ocrx_word' id='word_1_637' title='bbox 2169 3246 2271 3300; x_wconf 86' lang='lat' dir='ltr'><strong>soli</strong></span> <span class='ocrx_word' id='word_1_638' title='bbox 2303 3261 2523 3316; x_wconf 90' lang='lat' dir='ltr'><strong>quoque</strong></span> <span class='ocrx_word' id='word_1_639' title='bbox 2553 3246 2778 3300; x_wconf 68' lang='lat' dir='ltr'><strong>Thomas</strong></span> <span class='ocrx_word' id='word_1_640' title='bbox 2824 3246 3104 3315; x_wconf 85' lang='lat' dir='ltr'><strong>largiatur.</strong></span> <span class='ocrx_word' id='word_1_641' title='bbox 3139 3245 3387 3300; x_wconf 82' lang='lat' dir='ltr'><strong>Ostendit</strong></span> <span class='ocrx_word' id='word_1_642' title='bbox 3424 3261 3555 3314; x_wconf 85' lang='lat' dir='ltr'><strong>ergo</strong></span> <span class='ocrx_word' id='word_1_643' title='bbox 3595 3245 3646 3298; x_wconf 90' lang='lat' dir='ltr'><strong>ei</strong></span> 
     </span>
    </p>
   </div>
   <div class='ocr_carea' id='block_1_91' title="bbox 2077 3337 3648 3408">
    <p class='ocr_par' dir='ltr' id='par_1_91' title="bbox 2077 3337 3648 3408">
     <span class='ocr_line' id='line_1_91' title="bbox 2077 3337 3648 3408; baseline -0.003 -14"><span class='ocrx_word' id='word_1_644' title='bbox 2077 3338 2230 3407; x_wconf 86' lang='lat' dir='ltr'><strong>signa</strong></span> <span class='ocrx_word' id='word_1_645' title='bbox 2265 3338 2448 3392; x_wconf 82' lang='lat' dir='ltr'><strong>crocis</strong></span> <span class='ocrx_word' id='word_1_646' title='bbox 2473 3378 2485 3400; x_wconf 91' lang='lat'><strong>,</strong></span> <span class='ocrx_word' id='word_1_647' title='bbox 2520 3353 2586 3394; x_wconf 90' lang='lat' dir='ltr'><strong>ac</strong></span> <span class='ocrx_word' id='word_1_648' title='bbox 2625 3337 2872 3392; x_wconf 82' lang='lat' dir='ltr'><strong>volneris</strong></span> <span class='ocrx_word' id='word_1_649' title='bbox 2913 3337 3059 3407; x_wconf 89' lang='lat' dir='ltr'><strong>quod</strong></span> <span class='ocrx_word' id='word_1_650' title='bbox 3104 3337 3320 3408; x_wconf 86' lang='lat' dir='ltr'><strong>accepit</strong></span> <span class='ocrx_word' id='word_1_651' title='bbox 3354 3338 3409 3391; x_wconf 92' lang='lat' dir='ltr'><strong>in</strong></span> <span class='ocrx_word' id='word_1_652' title='bbox 3453 3338 3648 3400; x_wconf 86' lang='lat' dir='ltr'><strong>latere,</strong></span> 
     </span>
    </p>
   </div>
   <div class='ocr_carea' id='block_1_92' title="bbox 2075 3427 3646 3499">
    <p class='ocr_par' dir='ltr' id='par_1_92' title="bbox 2075 3427 3646 3499">
     <span class='ocr_line' id='line_1_92' title="bbox 2075 3427 3646 3499; baseline -0.001 -15"><span class='ocrx_word' id='word_1_653' title='bbox 2075 3429 2322 3485; x_wconf 85' lang='lat' dir='ltr'><strong>ostendit</strong></span> <span class='ocrx_word' id='word_1_654' title='bbox 2350 3429 2694 3499; x_wconf 88' lang='lat' dir='ltr'><strong>signaculum</strong></span> <span class='ocrx_word' id='word_1_655' title='bbox 2719 3470 2735 3495; x_wconf 90' lang='lat'><strong>,</strong></span> <span class='ocrx_word' id='word_1_656' title='bbox 2773 3428 2974 3486; x_wconf 85' lang='lat' dir='ltr'><strong>deinde</strong></span> <span class='ocrx_word' id='word_1_657' title='bbox 3016 3447 3029 3484; x_wconf 90' lang='lat'><strong>:</strong></span> <span class='ocrx_word' id='word_1_658' title='bbox 3065 3447 3086 3480; x_wconf 77' lang='grc' dir='ltr'>ι</span> <span class='ocrx_word' id='word_1_659' title='bbox 3123 3428 3261 3495; x_wconf 88' lang='lat' dir='ltr'><strong>Quia</strong></span> <span class='ocrx_word' id='word_1_660' title='bbox 3305 3427 3493 3484; x_wconf 84' lang='lat' dir='ltr'><strong>vidisti</strong></span> <span class='ocrx_word' id='word_1_661' title='bbox 3537 3444 3646 3491; x_wconf 81' lang='lat' dir='ltr'><strong>uie,</strong></span> 
     </span>
    </p>
   </div>
   <div class='ocr_carea' id='block_1_93' title="bbox 2077 3520 3651 3592">
    <p class='ocr_par' dir='ltr' id='par_1_93' title="bbox 2077 3520 3651 3592">
     <span class='ocr_line' id='line_1_93' title="bbox 2077 3520 3651 3592; baseline -0.002 -15"><span class='ocrx_word' id='word_1_662' title='bbox 2077 3521 2281 3590; x_wconf 90' lang='lat' dir='ltr'><strong>inquit,</strong></span> <span class='ocrx_word' id='word_1_663' title='bbox 2314 3520 2621 3576; x_wconf 89' lang='lat' dir='ltr'><strong>credidisti.</strong></span> <span class='ocrx_word' id='word_1_664' title='bbox 2658 3520 2806 3576; x_wconf 86' lang='lat' dir='ltr'><strong>Beati</strong></span> <span class='ocrx_word' id='word_1_665' title='bbox 2843 3521 2934 3592; x_wconf 90' lang='lat' dir='ltr'><strong>qui</strong></span> <span class='ocrx_word' id='word_1_666' title='bbox 2971 3537 3080 3576; x_wconf 89' lang='lat' dir='ltr'><strong>non</strong></span> <span class='ocrx_word' id='word_1_667' title='bbox 3132 3520 3410 3585; x_wconf 57' lang='lat' dir='ltr'><strong>viderunt,</strong></span> <span class='ocrx_word' id='word_1_668' title='bbox 3438 3529 3494 3574; x_wconf 88' lang='lat' dir='ltr'><strong>et</strong></span> <span class='ocrx_word' id='word_1_669' title='bbox 3525 3536 3651 3576; x_wconf 83' lang='lat' dir='ltr'><strong>cre-</strong></span> 
     </span>
    </p>
   </div>
   <div class='ocr_carea' id='block_1_94' title="bbox 2076 3611 3650 3684">
    <p class='ocr_par' dir='ltr' id='par_1_94' title="bbox 2076 3611 3650 3684">
     <span class='ocr_line' id='line_1_94' title="bbox 2076 3611 3650 3684; baseline 0 -18"><span class='ocrx_word' id='word_1_670' title='bbox 2076 3613 2338 3668; x_wconf 87' lang='lat' dir='ltr'><strong>diderunt</strong></span> <span class='ocrx_word' id='word_1_671' title='bbox 2368 3619 2411 3678; x_wconf 74' lang='grc'><strong>⁵,</strong></span> <span class='ocrx_word' id='word_1_672' title='bbox 2454 3632 2472 3665; x_wconf 76' lang='grc' dir='ltr'><strong><em>ι</em></strong></span> <span class='ocrx_word' id='word_1_673' title='bbox 2513 3628 2772 3684; x_wconf 87' lang='lat' dir='ltr'><strong>magnam</strong></span> <span class='ocrx_word' id='word_1_674' title='bbox 2820 3611 2980 3668; x_wconf 88' lang='lat' dir='ltr'><strong>nobis</strong></span> <span class='ocrx_word' id='word_1_675' title='bbox 3032 3612 3325 3682; x_wconf 87' lang='lat' dir='ltr'><strong>repositam</strong></span> <span class='ocrx_word' id='word_1_676' title='bbox 3355 3611 3650 3668; x_wconf 81' lang='lat' dir='ltr'><strong>ostendens</strong></span> 
     </span>
    </p>
   </div>
   <div class='ocr_carea' id='block_1_95' title="bbox 2077 3703 3646 3775">
    <p class='ocr_par' dir='ltr' id='par_1_95' title="bbox 2077 3703 3646 3775">
     <span class='ocr_line' id='line_1_95' title="bbox 2077 3703 3646 3775; baseline -0.004 -13"><span class='ocrx_word' id='word_1_677' title='bbox 2077 3704 2517 3771; x_wconf 88' lang='lat' dir='ltr'><strong>beatitudinem,</strong></span> <span class='ocrx_word' id='word_1_678' title='bbox 2598 3705 2693 3775; x_wconf 87' lang='lat' dir='ltr'><strong>qui</strong></span> <span class='ocrx_word' id='word_1_679' title='bbox 2757 3703 3094 3759; x_wconf 87' lang='lat' dir='ltr'><strong>credidimus</strong></span> <span class='ocrx_word' id='word_1_680' title='bbox 3160 3719 3257 3773; x_wconf 87' lang='lat' dir='ltr'><strong>per</strong></span> <span class='ocrx_word' id='word_1_681' title='bbox 3336 3718 3646 3760; x_wconf 88' lang='lat' dir='ltr'><strong>sermonem</strong></span> 
     </span>
    </p>
   </div>
   <div class='ocr_carea' id='block_1_96' title="bbox 2074 3793 3650 3866">
    <p class='ocr_par' dir='ltr' id='par_1_96' title="bbox 2074 3793 3650 3866">
     <span class='ocr_line' id='line_1_96' title="bbox 2074 3793 3650 3866; baseline -0.001 -17"><span class='ocrx_word' id='word_1_682' title='bbox 2074 3795 2493 3866; x_wconf 89' lang='lat' dir='ltr'><strong>discipulorum.</strong></span> <span class='ocrx_word' id='word_1_683' title='bbox 2550 3795 2688 3850; x_wconf 86' lang='lat' dir='ltr'><strong>illud</strong></span> <span class='ocrx_word' id='word_1_684' title='bbox 2737 3809 2866 3864; x_wconf 85' lang='lat' dir='ltr'><strong>ergo</strong></span> <span class='ocrx_word' id='word_1_685' title='bbox 2919 3793 3166 3848; x_wconf 89' lang='lat' dir='ltr'><strong>divinum</strong></span> <span class='ocrx_word' id='word_1_686' title='bbox 3215 3803 3268 3848; x_wconf 85' lang='lat' dir='ltr'><strong>et</strong></span> <span class='ocrx_word' id='word_1_687' title='bbox 3324 3793 3650 3850; x_wconf 82' lang='lat' dir='ltr'><strong>admirabile</strong></span> 
     </span>
    </p>
   </div>
   <div class='ocr_carea' id='block_1_97' title="bbox 2075 3886 3644 3960">
    <p class='ocr_par' dir='ltr' id='par_1_97' title="bbox 2075 3886 3644 3960">
     <span class='ocr_line' id='line_1_97' title="bbox 2075 3886 3644 3960; baseline -0.004 -16"><span class='ocrx_word' id='word_1_688' title='bbox 2075 3888 2446 3960; x_wconf 89' lang='lat' dir='ltr'><strong>spectaculum</strong></span> <span class='ocrx_word' id='word_1_689' title='bbox 2479 3903 2604 3942; x_wconf 90' lang='lat' dir='ltr'><strong>cum</strong></span> <span class='ocrx_word' id='word_1_690' title='bbox 2645 3898 2976 3942; x_wconf 87' lang='lat' dir='ltr'><strong>consecutus</strong></span> <span class='ocrx_word' id='word_1_691' title='bbox 3026 3896 3173 3941; x_wconf 89' lang='lat' dir='ltr'><strong>esset</strong></span> <span class='ocrx_word' id='word_1_692' title='bbox 3230 3886 3490 3950; x_wconf 86' lang='lat' dir='ltr'><strong>Thomas,</strong></span> <span class='ocrx_word' id='word_1_693' title='bbox 3539 3886 3644 3939; x_wconf 83' lang='lat' dir='ltr'><strong>fuit</strong></span> 
     </span>
    </p>
   </div>
   <div class='ocr_carea' id='block_1_98' title="bbox 2076 3977 3649 4048">
    <p class='ocr_par' dir='ltr' id='par_1_98' title="bbox 2076 3977 3649 4048">
     <span class='ocr_line' id='line_1_98' title="bbox 2076 3977 3649 4048; baseline -0.003 -13"><span class='ocrx_word' id='word_1_694' title='bbox 2076 3981 2239 4036; x_wconf 91' lang='lat' dir='ltr'><strong>ctiam</strong></span> <span class='ocrx_word' id='word_1_695' title='bbox 2276 3996 2440 4035; x_wconf 87' lang='lat' dir='ltr'><strong>causa</strong></span> <span class='ocrx_word' id='word_1_696' title='bbox 2473 3980 2758 4048; x_wconf 88' lang='lat' dir='ltr'><strong>apostolis,</strong></span> <span class='ocrx_word' id='word_1_697' title='bbox 2793 3988 2852 4034; x_wconf 92' lang='lat' dir='ltr'><strong>ut</strong></span> <span class='ocrx_word' id='word_1_698' title='bbox 2883 3979 2974 4033; x_wconf 89' lang='lat' dir='ltr'><strong>illa</strong></span> <span class='ocrx_word' id='word_1_699' title='bbox 3012 3979 3310 4041; x_wconf 87' lang='lat' dir='ltr'><strong>discerent,</strong></span> <span class='ocrx_word' id='word_1_700' title='bbox 3343 3992 3464 4046; x_wconf 86' lang='lat' dir='ltr'><strong>quae</strong></span> <span class='ocrx_word' id='word_1_701' title='bbox 3498 3977 3649 4046; x_wconf 79' lang='lat' dir='ltr'><strong>prius</strong></span> 
     </span>
    </p>
   </div>
   <div class='ocr_carea' id='block_1_99' title="bbox 2075 4067 3650 4134">
    <p class='ocr_par' dir='ltr' id='par_1_99' title="bbox 2075 4067 3650 4134">
     <span class='ocr_line' id='line_1_99' title="bbox 2075 4067 3650 4134; baseline -0.003 -10"><span class='ocrx_word' id='word_1_702' title='bbox 2075 4086 2182 4124; x_wconf 90' lang='lat' dir='ltr'><strong>non</strong></span> <span class='ocrx_word' id='word_1_703' title='bbox 2213 4077 2513 4134; x_wconf 89' lang='lat' dir='ltr'><strong>noverant;</strong></span> <span class='ocrx_word' id='word_1_704' title='bbox 2546 4084 2708 4126; x_wconf 89' lang='lat' dir='ltr'><strong>suum</strong></span> <span class='ocrx_word' id='word_1_705' title='bbox 2737 4067 2885 4124; x_wconf 91' lang='lat' dir='ltr'><strong>enim</strong></span> <span class='ocrx_word' id='word_1_706' title='bbox 2917 4069 3086 4122; x_wconf 90' lang='lat' dir='ltr'><strong>Deum</strong></span> <span class='ocrx_word' id='word_1_707' title='bbox 3119 4077 3176 4120; x_wconf 90' lang='lat' dir='ltr'><strong>et</strong></span> <span class='ocrx_word' id='word_1_708' title='bbox 3205 4067 3489 4120; x_wconf 86' lang='lat' dir='ltr'><strong>Dominum</strong></span> <span class='ocrx_word' id='word_1_709' title='bbox 3523 4081 3650 4120; x_wconf 85' lang='lat' dir='ltr'><strong>con-</strong></span> 
     </span>
    </p>
   </div>
   <div class='ocr_carea' id='block_1_100' title="bbox 2074 4155 3647 4229">
    <p class='ocr_par' dir='ltr' id='par_1_100' title="bbox 2074 4155 3647 4229">
     <span class='ocr_line' id='line_1_100' title="bbox 2074 4155 3647 4229; baseline -0.005 -13"><span class='ocrx_word' id='word_1_710' title='bbox 2074 4161 2254 4216; x_wconf 82' lang='lat' dir='ltr'><strong>fessos</strong></span> <span class='ocrx_word' id='word_1_711' title='bbox 2294 4167 2379 4215; x_wconf 90' lang='lat' dir='ltr'><strong>est</strong></span> <span class='ocrx_word' id='word_1_712' title='bbox 2403 4175 2528 4215; x_wconf 89' lang='lat' dir='ltr'><strong>eum</strong></span> <span class='ocrx_word' id='word_1_713' title='bbox 2567 4174 2730 4229; x_wconf 89' lang='lat' dir='ltr'><strong>quem</strong></span> <span class='ocrx_word' id='word_1_714' title='bbox 2763 4166 3067 4225; x_wconf 79' lang='lat' dir='ltr'><strong>aSpexerat.</strong></span> <span class='ocrx_word' id='word_1_715' title='bbox 3111 4157 3322 4211; x_wconf 78' lang='lat' dir='ltr'><strong>Revera</strong></span> <span class='ocrx_word' id='word_1_716' title='bbox 3366 4155 3512 4210; x_wconf 88' lang='lat' dir='ltr'><strong>enim</strong></span> <span class='ocrx_word' id='word_1_717' title='bbox 3551 4155 3647 4209; x_wconf 84' lang='lat' dir='ltr'><strong>Dei</strong></span> 
     </span>
    </p>
   </div>
   <div class='ocr_carea' id='block_1_101' title="bbox 2074 4247 3644 4322">
    <p class='ocr_par' dir='ltr' id='par_1_101' title="bbox 2074 4247 3644 4322">
     <span class='ocr_line' id='line_1_101' title="bbox 2074 4247 3644 4322; baseline -0.004 -14"><span class='ocrx_word' id='word_1_718' title='bbox 2074 4261 2158 4308; x_wconf 86' lang='lat' dir='ltr'><strong>est</strong></span> <span class='ocrx_word' id='word_1_719' title='bbox 2204 4251 2498 4322; x_wconf 88' lang='lat' dir='ltr'><strong>pulchrum</strong></span> <span class='ocrx_word' id='word_1_720' title='bbox 2549 4250 2764 4304; x_wconf 82' lang='lat' dir='ltr'><strong>facinus</strong></span> <span class='ocrx_word' id='word_1_721' title='bbox 2797 4249 3244 4304; x_wconf 86' lang='lat' dir='ltr'><strong>resurrectionis.</strong></span> <span class='ocrx_word' id='word_1_722' title='bbox 3275 4247 3410 4303; x_wconf 91' lang='lat' dir='ltr'><strong>Cum</strong></span> <span class='ocrx_word' id='word_1_723' title='bbox 3458 4257 3644 4304; x_wconf 88' lang='lat' dir='ltr'><strong>autem</strong></span> 
     </span>
    </p>
   </div>
   <div class='ocr_carea' id='block_1_102' title="bbox 2074 4345 3644 4419">
    <p class='ocr_par' dir='ltr' id='par_1_102' title="bbox 2074 4345 3644 4419">
     <span class='ocr_line' id='line_1_102' title="bbox 2074 4345 3644 4419; baseline -0.003 -16"><span class='ocrx_word' id='word_1_724' title='bbox 2074 4358 2197 4419; x_wconf 89' lang='lat' dir='ltr'><strong>post</strong></span> <span class='ocrx_word' id='word_1_725' title='bbox 2229 4348 2344 4404; x_wconf 65' lang='lat' dir='ltr'><strong>haec</strong></span> <span class='ocrx_word' id='word_1_726' title='bbox 2389 4347 2642 4404; x_wconf 89' lang='lat' dir='ltr'><strong>Christus</strong></span> <span class='ocrx_word' id='word_1_727' title='bbox 2674 4362 2702 4401; x_wconf 89' lang='lat' dir='ltr'><strong>a</strong></span> <span class='ocrx_word' id='word_1_728' title='bbox 2734 4345 3019 4414; x_wconf 81' lang='lat' dir='ltr'><strong>discipulis</strong></span> <span class='ocrx_word' id='word_1_729' title='bbox 3044 4361 3239 4416; x_wconf 85' lang='lat' dir='ltr'><strong>magna</strong></span> <span class='ocrx_word' id='word_1_730' title='bbox 3278 4362 3343 4401; x_wconf 76' lang='lat' dir='ltr'><strong>ex</strong></span> <span class='ocrx_word' id='word_1_731' title='bbox 3375 4355 3532 4415; x_wconf 87' lang='lat' dir='ltr'><strong>parte</strong></span> <span class='ocrx_word' id='word_1_732' title='bbox 3565 4347 3644 4400; x_wconf 89' lang='lat' dir='ltr'><strong>vi-</strong></span> 
     </span>
    </p>
   </div>
   <div class='ocr_carea' id='block_1_103' title="bbox 2073 4435 3646 4510">
    <p class='ocr_par' dir='ltr' id='par_1_103' title="bbox 2073 4435 3646 4510">
     <span class='ocr_line' id='line_1_103' title="bbox 2073 4435 3646 4510; baseline -0.006 -12"><span class='ocrx_word' id='word_1_733' title='bbox 2073 4441 2193 4498; x_wconf 86' lang='lat' dir='ltr'><strong>deri</strong></span> <span class='ocrx_word' id='word_1_734' title='bbox 2229 4457 2336 4498; x_wconf 90' lang='lat' dir='ltr'><strong>non</strong></span> <span class='ocrx_word' id='word_1_735' title='bbox 2372 4448 2580 4510; x_wconf 87' lang='lat' dir='ltr'><strong>posset,</strong></span> <span class='ocrx_word' id='word_1_736' title='bbox 2613 4447 2673 4496; x_wconf 94' lang='lat' dir='ltr'><strong>ot</strong></span> <span class='ocrx_word' id='word_1_737' title='bbox 2710 4439 2804 4509; x_wconf 91' lang='lat' dir='ltr'><strong>qui</strong></span> <span class='ocrx_word' id='word_1_738' title='bbox 2850 4446 2997 4493; x_wconf 86' lang='lat' dir='ltr'><strong>esset</strong></span> <span class='ocrx_word' id='word_1_739' title='bbox 3024 4438 3361 4509; x_wconf 76' lang='lat' dir='ltr'><strong>glorificatos</strong></span> <span class='ocrx_word' id='word_1_740' title='bbox 3391 4435 3646 4493; x_wconf 85' lang='lat' dir='ltr'><strong>incorru-</strong></span> 
     </span>
    </p>
   </div>
   <div class='ocr_carea' id='block_1_104' title="bbox 2072 4529 3647 4610">
    <p class='ocr_par' dir='ltr' id='par_1_104' title="bbox 2072 4529 3647 4610">
     <span class='ocr_line' id='line_1_104' title="bbox 2072 4529 3647 4610; baseline -0.004 -19"><span class='ocrx_word' id='word_1_741' title='bbox 2072 4537 2260 4610; x_wconf 88' lang='lat' dir='ltr'><strong>ptionc</strong></span> <span class='ocrx_word' id='word_1_742' title='bbox 2291 4533 2558 4603; x_wconf 82' lang='lat' dir='ltr'><strong>corporis,</strong></span> <span class='ocrx_word' id='word_1_743' title='bbox 2590 4541 2644 4587; x_wconf 91' lang='lat' dir='ltr'><strong>et</strong></span> <span class='ocrx_word' id='word_1_744' title='bbox 2675 4547 2785 4588; x_wconf 92' lang='lat' dir='ltr'><strong>non</strong></span> <span class='ocrx_word' id='word_1_745' title='bbox 2809 4539 2996 4601; x_wconf 86' lang='lat' dir='ltr'><strong>posset</strong></span> <span class='ocrx_word' id='word_1_746' title='bbox 3029 4529 3276 4600; x_wconf 84' lang='lat' dir='ltr'><strong>conspici</strong></span> <span class='ocrx_word' id='word_1_747' title='bbox 3323 4530 3647 4585; x_wconf 87' lang='lat' dir='ltr'><strong>mortalibus</strong></span> 
     </span>
    </p>
   </div>
   <div class='ocr_carea' id='block_1_105' title="bbox 2070 4622 3643 4696">
    <p class='ocr_par' dir='ltr' id='par_1_105' title="bbox 2070 4622 3643 4696">
     <span class='ocr_line' id='line_1_105' title="bbox 2070 4622 3643 4696; baseline -0.004 -12"><span class='ocrx_word' id='word_1_748' title='bbox 2070 4629 2267 4693; x_wconf 89' lang='lat' dir='ltr'><strong>oculis,</strong></span> <span class='ocrx_word' id='word_1_749' title='bbox 2298 4626 2544 4696; x_wconf 89' lang='lat' dir='ltr'><strong>seipsom</strong></span> <span class='ocrx_word' id='word_1_750' title='bbox 2577 4624 2927 4680; x_wconf 74' lang='lat' dir='ltr'><strong>manifestum</strong></span> <span class='ocrx_word' id='word_1_751' title='bbox 2956 4622 3244 4684; x_wconf 88' lang='lat' dir='ltr'><strong>reddebat,</strong></span> <span class='ocrx_word' id='word_1_752' title='bbox 3292 4622 3514 4692; x_wconf 89' lang='lat' dir='ltr'><strong>quando</strong></span> <span class='ocrx_word' id='word_1_753' title='bbox 3545 4637 3643 4677; x_wconf 91' lang='lat' dir='ltr'><strong>vo-</strong></span> 
     </span>
    </p>
   </div>
   <div class='ocr_carea' id='block_1_106' title="bbox 2071 4713 3646 4788">
    <p class='ocr_par' dir='ltr' id='par_1_106' title="bbox 2071 4713 3646 4788">
     <span class='ocr_line' id='line_1_106' title="bbox 2071 4713 3646 4788; baseline -0.006 -12"><span class='ocrx_word' id='word_1_754' title='bbox 2071 4721 2238 4786; x_wconf 86' lang='lat' dir='ltr'><strong>lebat,</strong></span> <span class='ocrx_word' id='word_1_755' title='bbox 2266 4728 2322 4774; x_wconf 91' lang='lat' dir='ltr'><strong>et</strong></span> <span class='ocrx_word' id='word_1_756' title='bbox 2341 4717 2564 4788; x_wconf 88' lang='lat' dir='ltr'><strong>quando</strong></span> <span class='ocrx_word' id='word_1_757' title='bbox 2597 4724 2826 4771; x_wconf 86' lang='lat' dir='ltr'><strong>noverat</strong></span> <span class='ocrx_word' id='word_1_758' title='bbox 2855 4714 3101 4769; x_wconf 82' lang='lat' dir='ltr'><strong>futurum</strong></span> <span class='ocrx_word' id='word_1_759' title='bbox 3131 4713 3263 4768; x_wconf 92' lang='lat' dir='ltr'><strong>utile</strong></span> <span class='ocrx_word' id='word_1_760' title='bbox 3289 4714 3357 4769; x_wconf 91' lang='lat' dir='ltr'><strong>iis</strong></span> <span class='ocrx_word' id='word_1_761' title='bbox 3380 4713 3472 4783; x_wconf 91' lang='lat' dir='ltr'><strong>qui</strong></span> <span class='ocrx_word' id='word_1_762' title='bbox 3501 4714 3646 4782; x_wconf 80' lang='lat' dir='ltr'><strong>aspi-</strong></span> 
     </span>
    </p>
   </div>
   <div class='ocr_carea' id='block_1_107' title="bbox 2069 4805 3641 4878">
    <p class='ocr_par' dir='ltr' id='par_1_107' title="bbox 2069 4805 3641 4878">
     <span class='ocr_line' id='line_1_107' title="bbox 2069 4805 3641 4878; baseline -0.006 -12"><span class='ocrx_word' id='word_1_763' title='bbox 2069 4811 2311 4867; x_wconf 89' lang='lat' dir='ltr'><strong>ciebant.</strong></span> <span class='ocrx_word' id='word_1_764' title='bbox 2337 4809 2527 4878; x_wconf 86' lang='lat' dir='ltr'><strong>Itaque</strong></span> <span class='ocrx_word' id='word_1_765' title='bbox 2552 4823 2677 4864; x_wconf 87' lang='lat' dir='ltr'><strong>cum</strong></span> <span class='ocrx_word' id='word_1_766' title='bbox 2700 4807 2917 4863; x_wconf 88' lang='lat' dir='ltr'><strong>Domini</strong></span> <span class='ocrx_word' id='word_1_767' title='bbox 2941 4806 3024 4861; x_wconf 86' lang='lat' dir='ltr'><strong>eis</strong></span> <span class='ocrx_word' id='word_1_768' title='bbox 3047 4805 3262 4862; x_wconf 81' lang='lat' dir='ltr'><strong>deesset</strong></span> <span class='ocrx_word' id='word_1_769' title='bbox 3289 4811 3641 4872; x_wconf 85' lang='lat' dir='ltr'><strong>conspectus,</strong></span> 
     </span>
    </p>
   </div>
   <div class='ocr_carea' id='block_1_108' title="bbox 2071 4893 3644 4972">
    <p class='ocr_par' dir='ltr' id='par_1_108' title="bbox 2071 4893 3644 4972">
     <span class='ocr_line' id='line_1_108' title="bbox 2071 4893 3644 4972; baseline -0.006 -14"><span class='ocrx_word' id='word_1_770' title='bbox 2071 4917 2260 4958; x_wconf 81' lang='lat' dir='ltr'><strong>curam</strong></span> <span class='ocrx_word' id='word_1_771' title='bbox 2292 4901 2556 4972; x_wconf 83' lang='lat' dir='ltr'><strong>gerebant</strong></span> <span class='ocrx_word' id='word_1_772' title='bbox 2589 4899 2789 4956; x_wconf 82' lang='lat' dir='ltr'><strong>veteris</strong></span> <span class='ocrx_word' id='word_1_773' title='bbox 2821 4898 2956 4954; x_wconf 86' lang='lat' dir='ltr'><strong>artis</strong></span> <span class='ocrx_word' id='word_1_774' title='bbox 2980 4936 2995 4961; x_wconf 89' lang='lat'><strong>,</strong></span> <span class='ocrx_word' id='word_1_775' title='bbox 3035 4897 3088 4950; x_wconf 93' lang='lat' dir='ltr'><strong>in</strong></span> <span class='ocrx_word' id='word_1_776' title='bbox 3124 4896 3230 4964; x_wconf 81' lang='lat' dir='ltr'><strong>qua</strong></span> <span class='ocrx_word' id='word_1_777' title='bbox 3263 4893 3476 4950; x_wconf 80' lang='lat' dir='ltr'><strong>fuerant</strong></span> <span class='ocrx_word' id='word_1_778' title='bbox 3504 4894 3644 4948; x_wconf 88' lang='lat' dir='ltr'><strong>edu-</strong></span> 
     </span>
    </p>
   </div>
   <div class='ocr_carea' id='block_1_109' title="bbox 2072 4983 3638 5057">
    <p class='ocr_par' dir='ltr' id='par_1_109' title="bbox 2072 4983 3638 5057">
     <span class='ocr_line' id='line_1_109' title="bbox 2072 4983 3638 5057; baseline -0.008 -9"><span class='ocrx_word' id='word_1_779' title='bbox 2072 4992 2199 5048; x_wconf 79' lang='lat' dir='ltr'><strong>cati.</strong></span> <span class='ocrx_word' id='word_1_780' title='bbox 2233 4993 2326 5046; x_wconf 87' lang='lat' dir='ltr'><strong>llla</strong></span> <span class='ocrx_word' id='word_1_781' title='bbox 2375 5001 2556 5046; x_wconf 88' lang='lat' dir='ltr'><strong>autem</strong></span> <span class='ocrx_word' id='word_1_782' title='bbox 2608 4998 2758 5053; x_wconf 88' lang='lat' dir='ltr'><strong>erat,</strong></span> <span class='ocrx_word' id='word_1_783' title='bbox 2814 4989 3068 5057; x_wconf 88' lang='lat' dir='ltr'><strong>scapham</strong></span> <span class='ocrx_word' id='word_1_784' title='bbox 3117 4983 3436 5046; x_wconf 86' lang='lat' dir='ltr'><strong>ascendere,</strong></span> <span class='ocrx_word' id='word_1_785' title='bbox 3485 4992 3542 5038; x_wconf 89' lang='lat' dir='ltr'><strong>et</strong></span> <span class='ocrx_word' id='word_1_786' title='bbox 3587 4983 3638 5036; x_wconf 90' lang='lat' dir='ltr'><strong>in</strong></span> 
     </span>
    </p>
   </div>
   <div class='ocr_carea' id='block_1_110' title="bbox 2071 5076 3643 5152">
    <p class='ocr_par' dir='ltr' id='par_1_110' title="bbox 2071 5076 3643 5152">
     <span class='ocr_line' id='line_1_110' title="bbox 2071 5076 3643 5152; baseline -0.003 -18"><span class='ocrx_word' id='word_1_787' title='bbox 2071 5083 2402 5152; x_wconf 83' lang='lat' dir='ltr'><strong>profundum</strong></span> <span class='ocrx_word' id='word_1_788' title='bbox 2465 5082 2631 5136; x_wconf 87' lang='lat' dir='ltr'><strong>maris</strong></span> <span class='ocrx_word' id='word_1_789' title='bbox 2678 5081 2812 5136; x_wconf 89' lang='lat' dir='ltr'><strong>retia</strong></span> <span class='ocrx_word' id='word_1_790' title='bbox 2862 5079 3170 5136; x_wconf 83' lang='lat' dir='ltr'><strong>demittere.</strong></span> <span class='ocrx_word' id='word_1_791' title='bbox 3213 5076 3459 5142; x_wconf 86' lang='lat' dir='ltr'><strong>Quodam</strong></span> <span class='ocrx_word' id='word_1_792' title='bbox 3515 5089 3643 5129; x_wconf 79' lang='lat' dir='ltr'><strong>vero</strong></span> 
     </span>
    </p>
   </div>
   <div class='ocr_carea' id='block_1_111' title="bbox 2070 5167 3640 5245">
    <p class='ocr_par' dir='ltr' id='par_1_111' title="bbox 2070 5167 3640 5245">
     <span class='ocr_line' id='line_1_111' title="bbox 2070 5167 3640 5245; baseline -0.004 -17"><span class='ocrx_word' id='word_1_793' title='bbox 2070 5175 2180 5239; x_wconf 83' lang='lat' dir='ltr'><strong>die,</strong></span> <span class='ocrx_word' id='word_1_794' title='bbox 2220 5174 2349 5231; x_wconf 90' lang='lat' dir='ltr'><strong>dum</strong></span> <span class='ocrx_word' id='word_1_795' title='bbox 2379 5175 2482 5245; x_wconf 89' lang='lat' dir='ltr'><strong>ipsi</strong></span> <span class='ocrx_word' id='word_1_796' title='bbox 2513 5173 2707 5229; x_wconf 84' lang='lat' dir='ltr'><strong>intenti</strong></span> <span class='ocrx_word' id='word_1_797' title='bbox 2745 5182 2904 5228; x_wconf 77' lang='lat' dir='ltr'><strong>erant</strong></span> <span class='ocrx_word' id='word_1_798' title='bbox 2928 5168 3240 5241; x_wconf 86' lang='lat' dir='ltr'><strong>piscationi,</strong></span> <span class='ocrx_word' id='word_1_799' title='bbox 3275 5167 3532 5237; x_wconf 87' lang='lat' dir='ltr'><strong>apparuit</strong></span> <span class='ocrx_word' id='word_1_800' title='bbox 3557 5167 3640 5221; x_wconf 83' lang='lat' dir='ltr'><strong>eis</strong></span> 
     </span>
    </p>
   </div>
   <div class='ocr_carea' id='block_1_112' title="bbox 2072 5259 3640 5331">
    <p class='ocr_par' dir='ltr' id='par_1_112' title="bbox 2072 5259 3640 5331">
     <span class='ocr_line' id='line_1_112' title="bbox 2072 5259 3640 5331; baseline -0.007 -11"><span class='ocrx_word' id='word_1_801' title='bbox 2072 5266 2416 5322; x_wconf 87' lang='lat' dir='ltr'><strong>desideratus</strong></span> <span class='ocrx_word' id='word_1_802' title='bbox 2453 5266 2652 5331; x_wconf 87' lang='lat' dir='ltr'><strong>.lesos,</strong></span> <span class='ocrx_word' id='word_1_803' title='bbox 2687 5275 2838 5322; x_wconf 87' lang='lat' dir='ltr'><strong>stans</strong></span> <span class='ocrx_word' id='word_1_804' title='bbox 2880 5266 2932 5318; x_wconf 89' lang='lat' dir='ltr'><strong>in</strong></span> <span class='ocrx_word' id='word_1_805' title='bbox 2980 5264 3191 5325; x_wconf 90' lang='lat' dir='ltr'><strong>littore,</strong></span> <span class='ocrx_word' id='word_1_806' title='bbox 3239 5270 3296 5316; x_wconf 89' lang='lat' dir='ltr'><strong>et</strong></span> <span class='ocrx_word' id='word_1_807' title='bbox 3341 5259 3542 5330; x_wconf 88' lang='lat' dir='ltr'><strong>jobens</strong></span> <span class='ocrx_word' id='word_1_808' title='bbox 3575 5260 3640 5314; x_wconf 87' lang='lat' dir='ltr'><strong>ad</strong></span> 
     </span>
    </p>
   </div>
   <div class='ocr_carea' id='block_1_113' title="bbox 2074 5353 3639 5429">
    <p class='ocr_par' dir='ltr' id='par_1_113' title="bbox 2074 5353 3639 5429">
     <span class='ocr_line' id='line_1_113' title="bbox 2074 5353 3639 5429; baseline -0.006 -15"><span class='ocrx_word' id='word_1_809' title='bbox 2074 5361 2352 5416; x_wconf 82' lang='lat' dir='ltr'><strong>dexteram</strong></span> <span class='ocrx_word' id='word_1_810' title='bbox 2395 5371 2602 5429; x_wconf 88' lang='lat' dir='ltr'><strong>partem</strong></span> <span class='ocrx_word' id='word_1_811' title='bbox 2636 5358 2793 5412; x_wconf 86' lang='lat' dir='ltr'><strong>navis</strong></span> <span class='ocrx_word' id='word_1_812' title='bbox 2840 5365 2955 5411; x_wconf 89' lang='lat' dir='ltr'><strong>rete</strong></span> <span class='ocrx_word' id='word_1_813' title='bbox 3003 5355 3313 5410; x_wconf 90' lang='lat' dir='ltr'><strong>demittere.</strong></span> <span class='ocrx_word' id='word_1_814' title='bbox 3355 5353 3526 5424; x_wconf 86' lang='lat' dir='ltr'><strong>Capta</strong></span> <span class='ocrx_word' id='word_1_815' title='bbox 3557 5363 3639 5408; x_wconf 83' lang='lat' dir='ltr'><strong>est</strong></span> 
     </span>
    </p>
   </div>
   <div class='ocr_carea' id='block_1_114' title="bbox 2075 5441 3640 5520">
    <p class='ocr_par' dir='ltr' id='par_1_114' title="bbox 2075 5441 3640 5520">
     <span class='ocr_line' id='line_1_114' title="bbox 2075 5441 3640 5520; baseline -0.008 -14"><span class='ocrx_word' id='word_1_816' title='bbox 2075 5462 2255 5506; x_wconf 88' lang='lat' dir='ltr'><strong>autem</strong></span> <span class='ocrx_word' id='word_1_817' title='bbox 2283 5452 2574 5508; x_wconf 90' lang='lat' dir='ltr'><strong>multitudo</strong></span> <span class='ocrx_word' id='word_1_818' title='bbox 2603 5451 2832 5520; x_wconf 89' lang='lat' dir='ltr'><strong>piscium</strong></span> <span class='ocrx_word' id='word_1_819' title='bbox 2856 5445 3311 5512; x_wconf 86' lang='lat' dir='ltr'><strong>innumerabilis;</strong></span> <span class='ocrx_word' id='word_1_820' title='bbox 3344 5453 3463 5500; x_wconf 87' lang='lat' dir='ltr'><strong>erat</strong></span> <span class='ocrx_word' id='word_1_821' title='bbox 3494 5441 3640 5498; x_wconf 86' lang='lat' dir='ltr'><strong>enim</strong></span> 
     </span>
    </p>
   </div>
   <div class='ocr_carea' id='block_1_115' title="bbox 2075 5536 3637 5615">
    <p class='ocr_par' dir='ltr' id='par_1_115' title="bbox 2075 5536 3637 5615">
     <span class='ocr_line' id='line_1_115' title="bbox 2075 5536 3637 5615; baseline -0.009 -16"><span class='ocrx_word' id='word_1_822' title='bbox 2075 5544 2245 5599; x_wconf 87' lang='lat' dir='ltr'><strong>divini</strong></span> <span class='ocrx_word' id='word_1_823' title='bbox 2272 5545 2458 5615; x_wconf 88' lang='lat' dir='ltr'><strong>jussus</strong></span> <span class='ocrx_word' id='word_1_824' title='bbox 2487 5543 2758 5613; x_wconf 85' lang='lat' dir='ltr'><strong>operatio.</strong></span> <span class='ocrx_word' id='word_1_825' title='bbox 2790 5542 2945 5596; x_wconf 91' lang='lat' dir='ltr'><strong>Tunc</strong></span> <span class='ocrx_word' id='word_1_826' title='bbox 2994 5539 3156 5595; x_wconf 92' lang='lat' dir='ltr'><strong>simul</strong></span> <span class='ocrx_word' id='word_1_827' title='bbox 3186 5553 3309 5594; x_wconf 91' lang='lat' dir='ltr'><strong>cum</strong></span> <span class='ocrx_word' id='word_1_828' title='bbox 3341 5536 3408 5592; x_wconf 85' lang='lat' dir='ltr'><strong>iis</strong></span> <span class='ocrx_word' id='word_1_829' title='bbox 3449 5537 3637 5591; x_wconf 87' lang='lat' dir='ltr'><strong>aderat</strong></span> 
     </span>
    </p>
   </div>
   <div class='ocr_carea' id='block_1_116' title="bbox 2074 5629 3638 5704">
    <p class='ocr_par' dir='ltr' id='par_1_116' title="bbox 2074 5629 3638 5704">
     <span class='ocr_line' id='line_1_116' title="bbox 2074 5629 3638 5704; baseline -0.005 -13"><span class='ocrx_word' id='word_1_830' title='bbox 2074 5637 2237 5692; x_wconf 89' lang='lat' dir='ltr'><strong>etiam</strong></span> <span class='ocrx_word' id='word_1_831' title='bbox 2276 5637 2534 5701; x_wconf 86' lang='lat' dir='ltr'><strong>Thomas,</strong></span> <span class='ocrx_word' id='word_1_832' title='bbox 2566 5645 2623 5690; x_wconf 71' lang='lat' dir='ltr'><strong>et</strong></span> <span class='ocrx_word' id='word_1_833' title='bbox 2654 5634 2815 5690; x_wconf 90' lang='lat' dir='ltr'><strong>simul</strong></span> <span class='ocrx_word' id='word_1_834' title='bbox 2849 5632 3140 5704; x_wconf 85' lang='lat' dir='ltr'><strong>navigabat</strong></span> <span class='ocrx_word' id='word_1_835' title='bbox 3169 5671 3182 5699; x_wconf 90' lang='lat'><strong>,</strong></span> <span class='ocrx_word' id='word_1_836' title='bbox 3230 5639 3284 5686; x_wconf 89' lang='lat' dir='ltr'><strong>et</strong></span> <span class='ocrx_word' id='word_1_837' title='bbox 3317 5629 3480 5685; x_wconf 87' lang='lat' dir='ltr'><strong>simul</strong></span> <span class='ocrx_word' id='word_1_838' title='bbox 3511 5640 3638 5696; x_wconf 72' lang='lat' dir='ltr'><strong>0pc-</strong></span> 
     </span>
    </p>
   </div>
  </div>
