4102 6376
474 401 580 463 5ίῗ3

1697 402 1982 463 MENSIS
2025 406 2038 464 1

2142 404 2275 465 ZEM
2287 406 2453 469 BER.
3611 399 3707 466 ὅτι

475 519 718 580 rabatttr,
747 521 803 567 et
836 512 1129 583 diligenter
1167 513 1396 568 curabat
1424 513 1558 567 retia
1583 557 1595 578 ,
1627 523 1683 567 et
1716 529 1773 568 se
1801 514 2035 582 paratis-
2066 521 2114 576 Α
2140 514 2304 586 longo
2335 526 2581 585 tempore
2622 513 2944 569 confirmata
2968 554 2981 579 ,
3018 511 3309 568 inducebat
3355 511 3709 567 consuetudi-

475 609 672 662 simum
725 603 1053 658 ostendebat
1107 602 1174 657 ad
1223 603 1614 658 obedientium.
1689 602 2040 673 Expei'ientia

473 697 620 753 enim
644 695 914 750 didicerat
947 695 1016 750 iis
1043 695 1293 760 credere,
1323 711 1444 766 qua:
1474 696 1617 750 Deus
1652 694 1820 764 fuerit
1843 710 2041 762 opera-

475 800 564 843 tus
603 805 616 840 :
653 797 709 842 et
741 787 867 842 ideo
901 803 1007 842 una
1041 786 1370 857 navigabat,
1405 795 1460 841 et
1501 786 1664 841 simul
1710 787 2040 856 operabatur

474 895 598 934 cum
631 879 915 948 discipulis
951 880 993 932 ³.

544 965 656 1022 VII.
689 965 824 1021 Cum
859 975 1044 1022 autem
1071 967 1180 1038 jam
1212 967 1427 1022 adesset
1459 976 1672 1037 tempus
1699 965 2041 1034 Assumptio-

473 1059 582 1125 nis,
612 1074 722 1128 quo
749 1075 874 1114 cum
907 1076 973 1115 eo
994 1061 1140 1130 quod
1172 1075 1237 1115 ex
1268 1061 1427 1115 nobis
1455 1069 1844 1130 assumpserat,
1876 1074 2042 1128 opor-

476 1151 622 1207 tebat
650 1151 928 1206 Christum
964 1152 1260 1208 ascendere
1289 1153 1354 1206 ad
1404 1154 1619 1207 Patrem
1648 1195 1661 1216 ,
1695 1153 1810 1222 ipse
1856 1151 2042 1206 educit

477 1253 678 1316 mystas
725 1255 878 1300 extra
933 1245 1250 1299 Bethaniam
1313 1261 1486 1315 usque
1535 1245 1599 1298 ad
1631 1245 1941 1310 Olivetum;
1985 1253 2040 1298 et

473 1335 586 1390 illic
629 1335 697 1389 de
730 1350 788 1390 se
829 1336 1124 1403 disserens,
1161 1346 1214 1391 et
1248 1353 1313 1390 ev
1343 1336 1646 1406 Scripturis
1699 1336 2039 1406 conjungens

475 1429 810 1493 testimonia,
848 1446 969 1484 cum
1006 1437 1062 1484 et
1088 1445 1272 1484 coram
1308 1429 1391 1482 eis
1425 1428 1775 1489 comedisset,
1817 1436 1872 1482 et
1907 1442 2040 1480 con-

473 1519 745 1577 ﬁrmasset
783 1537 840 1577 se
872 1538 979 1577 non
1015 1537 1136 1577 esse
1166 1523 1442 1591 Spiritum,
1467 1532 1526 1575 ut
1562 1522 1661 1590 ipsi
1695 1520 2041 1575 existimave-

482 1623 626 1679 rant,
650 1623 706 1667 et
734 1613 930 1669 deinde
965 1614 1177 1668 sublata
1211 1628 1374 1667 manu
1411 1613 1492 1667 eis
1518 1611 1834 1666 immisisset
1869 1611 2040 1665 bene-
2079 1677 2081 1679 _

475 1704 796 1768 dictionem,
825 1703 914 1757 ille
945 1702 1165 1773 quidem
1199 1701 1444 1756 ascendit
1481 1702 1537 1755 in
1566 1700 1755 1764 caelos;
1783 1698 1915 1768 ipsis
1943 1714 2040 1752 au-

476 1806 583 1851 tem
615 1811 738 1851 cum
770 1809 965 1862 magno
996 1794 1196 1864 gaudio
1218 1794 1322 1848 fuit
1353 1793 1560 1848 reditus
1593 1795 1645 1846 in
1674 1791 2036 1848 Jerusalem‘.

471 1886 674 1954 Quidni
700 1886 847 1941 enim
878 1887 1167 1958 gauderet,
1201 1896 1258 1941 et
1307 1901 1432 1941 cum
1467 1887 1592 1940 aliis
1642 1886 1919 1940 laetaretur
1950 1885 2034 1938 dio

471 1978 721 2049 scipulis,
759 1988 1144 2035 sacrosanctus
1204 1979 1306 2035 iste
1357 1987 1412 2034 et
1459 1994 1688 2050 magnus
1734 1978 2035 2047 apostolus,

473 2072 666 2127 videns
697 2072 861 2127 verba
906 2072 1140 2128 deducta
1168 2087 1287 2127 esse
1315 2071 1382 2126 ad
1418 2072 1697 2134 effectum,
1747 2079 1802 2125 et
1852 2086 2041 2126 susce-

470 2172 574 2232 pta:
615 2163 798 2218 carnis
827 2179 1017 2218 verum
1063 2180 1184 2218 esse
1233 2163 1576 2234 mysterium,
1621 2176 1797 2232 neque
1833 2163 2039 2216 frustra

475 2254 528 2307 in
563 2269 631 2308 eo
655 2265 926 2309 versatam
962 2255 1129 2309 fuisse
1165 2254 1650 2308 incredulitatem?
1695 2254 1872 2321 Atque
1919 2251 2038 2306 dies

471 2345 694 2415 quidem
733 2346 822 2400 ille
848 2361 876 2400 a
908 2345 1136 2400 Domino
1171 2331 1528 2414 praestitutus,
1556 2345 1665 2413 jam
1696 2343 1855 2397 tinent
1891 2341 2037 2397 acci-

469 2437 655 2505 piebat
689 2437 1079 2492 convenienter
1114 2437 1204 2501 iis,
1247 2453 1369 2507 qure
1403 2436 1493 2490 ille
1526 2436 1738 2490 dixerat
1779 2451 1793 2489 :
1847 2442 1903 2488 et
1952 2432 2037 2487 di-

472 2527 632 2580 vinus
677 2527 916 2597 Spiritus
968 2528 1036 2582 ad
1089 2543 1182 2582 eos
1232 2528 1518 2592 advolans,
1568 2538 1824 2597 tanquam
1871 2540 2038 2581 sonus

467 2619 688 2688 quidam
718 2619 880 2674 ﬂatus
909 2620 1270 2684 vehementis,
1308 2620 1489 2674 statim
1525 2619 1578 2674 in
1610 2620 1823 2688 linguas
1855 2619 2038 2689 igneas

467 2711 832 2765 dividebatur.
861 2711 964 2776 Qui
990 2728 1113 2766 cum
1150 2711 1341 2766 fuisset
1371 2727 1535 2780 super
1566 2727 2035 2780 unumquemque,

469 2802 703 2858 faciebat
732 2818 827 2859 eos
861 2804 1011 2875 loqui
1045 2805 1250 2876 linguis
1291 2805 1504 2866 alienis,
1539 2805 1676 2858 adeo
1711 2815 1790 2869 ut,
1814 2803 1910 2875 qui
1939 2819 2039 2857 au-

469 2896 717 2963 diebant,
773 2897 1120 2953 afﬁcerentur
1172 2913 1363 2968 magna
1414 2896 1777 2952 admiratione
1806 2898 1848 2951 ⁷.
1884 2895 2040 2951 Tunc

466 3006 601 3060 ergo
632 2991 720 3046 hic
744 3007 964 3061 quoque
991 3007 1219 3062 magnus
1244 2990 1524 3060 apostolus
1546 3005 1667 3044 cum
1693 2989 1908 3044 sederet
1931 3003 2039 3042 una

468 3097 595 3134 cum
626 3080 853 3150 reliquis
882 3081 1187 3151 discipulis,
1222 3083 1336 3152 ipse
1374 3098 1594 3153 quoque
1621 3083 1673 3135 in
1719 3081 1893 3152 igneis
1931 3082 2036 3136 lin-

2145 622 2316 670 nem,
2359 607 2573 661 ratione
2622 605 2815 675 quavis
2868 604 3256 674 potentiorem.
3297 602 3358 656 in
3405 602 3548 657 hanc
3577 616 3709 673 ergo

2144 698 2419 767 regionem
2476 713 2703 767 magnus
2747 695 3083 766 ingrediens
3139 694 3440 764 apostolus,
3497 693 3708 748 nullum

2142 806 2254 856 prae
2289 806 2347 844 se
2376 789 2498 844 tulit
2526 789 2726 842 fastum
2755 798 2808 842 et
2831 786 3224 857 arrogantiam,
3251 801 3429 856 neque
3453 786 3592 840 elate
3615 796 3712 840 aut

2142 882 2377 950 gloriose
2423 880 2702 950 quippiam
2746 888 2830 934 est
2881 879 3120 940 locutus,
3165 893 3343 947 neque
3385 877 3534 932 aliud
3581 875 3714 932 fecit

2143 974 2381 1041 superbe
2411 983 2468 1026 et
2500 973 2803 1027 insolenter
2850 971 2918 1025 ad
2963 969 3386 1024 ostentationem
3431 986 3444 1022 :
3483 969 3575 1023 sed
3617 985 3712 1023 or-

2143 1072 2304 1116 natus
2350 1061 2554 1118 Christi
2591 1060 2987 1124 moderatione,
3021 1068 3077 1114 et
3113 1077 3210 1129 pro
3241 1060 3437 1129 quovis
3478 1059 3588 1112 alio
3620 1074 3710 1112 or—

2143 1162 2400 1209 namento
2421 1163 2474 1208 et
2501 1153 2690 1217 lorica,
2721 1169 2783 1206 ea
2808 1152 3054 1218 indutus,
3071 1167 3226 1205 coma
3249 1150 3527 1213 sordidus,
3552 1151 3711 1205 vultu

2141 1247 2396 1316 pallidus,
2437 1255 2582 1300 totus
2612 1246 2800 1300 aridus
2835 1254 2890 1300 et
2922 1245 3234 1312 exsanguis,
3265 1252 3320 1297 et
3353 1244 3512 1312 plane
3545 1259 3712 1298 succo

2142 1353 2352 1402 carens,
2391 1347 2445 1391 et
2477 1347 2534 1391 ut
2562 1338 2728 1391 semel
2760 1337 2961 1401 diram,
3009 1351 3119 1388 non
3155 1344 3262 1388 tam
3293 1350 3516 1404 corpus,
3547 1351 3712 1404 quam

2145 1430 2395 1484 umbram
2445 1430 2698 1500 corporis
2744 1429 3166 1492 circumferens,
3205 1427 3430 1483 sordido
3477 1437 3532 1482 et
3577 1429 3710 1483 trito

2143 1520 2380 1574 amictus
2403 1520 2586 1589 pallio,
2617 1519 2864 1573 tuoribus
2893 1519 3054 1585 lenis,
3075 1535 3333 1574 sermone
3368 1518 3535 1582 utilis,
3559 1517 3717 1572 factis

2142 1611 2301 1666 valde
2336 1611 2705 1676 admirabilis,
2728 1610 3120 1666 humilioribus
3152 1626 3211 1666 se
3241 1609 3712 1675 accommodabat,

2141 1705 2368 1775 spiritus
2395 1705 2650 1758 altiorum
2681 1704 3020 1774 deprimens.

2213 1798 2303 1851 fx.
2337 1799 2471 1852 Cum
2507 1797 2708 1851 talibus
2736 1797 2982 1852 moribus
3009 1805 3064 1852 et
3099 1796 3207 1852 vita
3238 1795 3497 1866 praeditus
3523 1797 3588 1850 ad
3625 1796 3713 1851 In-

2143 1890 2242 1946 dos
2278 1889 2538 1951 venisset,
2574 1888 2860 1958 visumque
2890 1888 2939 1941 ei
2970 1896 3112 1942 eSSt-t
3157 1888 3335 1958 gentis
3386 1886 3595 1955 ingredi
3625 1886 3716 1940 in-

2145 1982 2375 2045 teriora,
2411 1990 2699 2051 postquam
2729 1980 2866 2034 vidit
2910 1979 3102 2034 falsam
3152 1981 3460 2036 datntonum
3497 1981 3718 2052 religio»-

2143 2088 2268 2127 nem
2296 2086 2392 2126 eos
2418 2069 2926 2139 comprehendisse,
2955 2077 3011 2124 et
3033 2070 3156 2124 imis
3183 2085 3372 2124 eorum
3401 2071 3600 2124 animis
3632 2069 3719 2123 in-

2142 2165 2373 2227 sedisse,
2406 2179 2515 2218 non
2563 2163 2743 2218 statim
2793 2161 3058 2232 processit
3094 2162 3163 2216 ad
3196 2179 3293 2217 eos
3339 2163 3672 2217 refellendos
3697 2203 3712 2226 .

2141 2273 2251 2311 non
2287 2255 2500 2311 induxit
2527 2256 3008 2326 reprehensiones,
3041 2269 3152 2309 non
3189 2262 3449 2325 tanquam
3476 2254 3716 2310 medica.-

2143 2357 2327 2402 mento
2366 2361 2498 2401 usus
2531 2355 2616 2400 est
2664 2345 3019 2411 austeritate;
3053 2345 3262 2400 sciebat
3323 2344 3469 2400 enim
3498 2387 3512 2410 ,
3562 2344 3714 2414 quod

2141 2456 2261 2509 qua:
2298 2439 2457 2510 longa
2490 2438 2888 2494 consuetudine
2919 2438 2971 2492 in
3009 2439 3212 2493 nostris
3236 2438 3556 2493 confirmata
3583 2447 3718 2492 sunt

2140 2533 2358 2598 animis,
2389 2545 2497 2588 non
2531 2543 2762 2603 possunt
2790 2532 2944 2587 facile
2987 2532 3158 2586 deleri
3186 2573 3200 2598 ,
3251 2542 3306 2586 et
3353 2530 3712 2601 persuasione

2142 2630 2339 2696 magis,
2369 2644 2532 2698 quam
2568 2627 2618 2680 vi
2659 2635 2966 2680 mutantur.
2998 2626 3296 2694 PrOpterea
3344 2623 3513 2694 magis
3542 2624 3719 2678 utitur

2143 2721 2596 2783 mansuetudine,
2621 2729 2676 2775 et
2704 2720 2866 2774 bonis
2897 2718 3236 2783 moribus,et
3266 2716 3482 2771 blandis
3505 2716 3715 2776 verbis.

2142 2827 2373 2882 magnus
2404 2819 2460 2865 et
2491 2810 2710 2882 dignus,
2748 2809 2840 2879 qui
2879 2809 2933 2862 in
2969 2809 3178 2862 honore
3231 2807 3550 2870 haberetur,
3599 2821 3716 2860 nou

2140 2917 2206 2956 ex
2235 2901 2373 2955 fastu
2404 2911 2458 2954 et
2485 2911 2720 2967 tumore,
2747 2910 2802 2954 et
2835 2899 3018 2954 verbis
3054 2897 3378 2969 magnificis,
3411 2897 3508 2952 sed
3537 2912 3602 2951 ex
3630 2895 3716 2949 fac

2142 2995 2246 3048 ctis
2273 3003 2326 3047 et
2349 2993 2518 3064 signis
2535 2994 2616 3049 eis
2645 3008 2938 3064 apparens,
2965 3001 3019 3046 et
3047 2991 3243 3061 insigni
3266 2989 3496 3054 Christi,
3516 3005 3717 3058 nempe

2142 3085 2474 3151 humilitate,
2508 3086 2664 3140 valde
2703 3095 2934 3140 ornatus
2964 3103 2976 3138 :
3016 3101 3126 3154 quo
3155 3083 3378 3153 quidem
3417 3098 3511 3136 eos
3544 3082 3719 3151 magis

469 3172 592 3240 guis
623 3172 835 3241 accepit
882 3173 1115 3242 gratiam
1148 3191 1161 3226 :
1194 3181 1247 3226 ct
1283 3187 1406 3226 cum
1449 3171 1503 3224 in
1541 3187 1699 3225 suum
1752 3172 2106 3240 habitacu-C
2139 3179 2388 3248 Cipiebal
2414 3187 2470 3232 et
2513 3175 2827 3231 altrahebat
2855 3178 2922 3230 att
2953 3175 3316 3245 agnitionem,
3363 3172 3509 3242 quod
3559 3182 3714 3227 esset

474 3266 588 3317 lum
617 3271 798 3317 totum
836 3264 1220 3317 intromisissct
1253 3261 1544 3331 Spiritum,
1581 3271 1725 3316 totus
1754 3262 1857 3316 fuit
1890 3261 2037 3316 illius

468 3354 919 3418 instrumentum,
944 3353 1100 3407 valde
1125 3353 1402 3423 sapienter
1428 3362 1482 3408 et
1514 3361 1821 3423 opportune
1852 3352 2037 3422 pulsa-

469 3453 605 3497 tum.
644 3442 737 3497 Sic
784 3458 915 3511 ergo
955 3442 1196 3498 Thomas
1243 3444 1311 3498 ab
1345 3443 1457 3498 alto
1501 3444 1859 3498 confirmatus
1885 3483 1900 3506 ,
1936 3442 2040 3496 fuit

467 3543 734 3605 perpetuo
757 3537 1056 3600 accinctus,
1087 3547 1452 3606 promptaque
1477 3546 1531 3592 et
1562 3537 1724 3591 alacri
1754 3537 1936 3591 animo
1970 3535 2038 3590 ad

469 3625 935 3696 praedicationem,
969 3626 1106 3680 nihil
1141 3625 1339 3680 timens
1370 3641 1563 3680 eorum
1596 3641 1717 3695 qum
1766 3636 1893 3680 sunt
1924 3635 2034 3680 ter-

470 3718 675 3784 ribilia,
699 3733 801 3772 nec
831 3727 1060 3788 stupens
1085 3718 1290 3788 aliquid
1326 3733 1516 3772 eorum
1570 3734 1692 3789 quae
1736 3726 1865 3773 sunt
1892 3719 2036 3774 clara

465 3822 523 3868 et
549 3811 800 3866 illustria.

542 3905 678 3959 γιιι.
709 3903 844 3960 Cum
881 3919 1010 3975 ergo
1041 3919 1127 3959 res
1159 3903 1418 3973 apostolis
1447 3917 1506 3957 se
1530 3902 1797 3958 baberent
1828 3919 1892 3958 ex
1918 3901 2038 3956 ani-

469 3995 544 4050 mi
580 3997 885 4056 sententia,
933 4002 1213 4064 oporteret
1256 4001 1436 4048 autem
1471 3995 1684 4048 Domini
1718 3996 1927 4064 iussum
1972 3993 2037 4047 fi-

468 4103 594 4142 nem
621 4089 893 4158 accipere,
924 4088 1017 4157 qui
1049 4085 1271 4158 quidem
1298 4093 1419 4140 erat
1458 4103 1471 4139 :
1508 4103 1524 4138 t
1557 4085 1766 4141 Euutes
1793 4086 1846 4140 in
1877 4101 2038 4140 mun-

470 4182 622 4244 dum,
654 4181 846 4236 docete
873 4195 1065 4234 omnes
1096 4187 1287 4248 gentes
1310 4179 1352 4244 ⁸,
1371 4198 1388 4231 ι
1416 4178 1555 4233 alius
1580 4179 1800 4248 quidem
1832 4194 1895 4232 ex
1911 4193 2041 4248 apo-

471 4271 626 4327 stolis
653 4271 814 4325 aliam
855 4271 1008 4324 orbis
1047 4278 1205 4324 terra:
1235 4279 1446 4340 partem
1495 4270 1725 4325 sortitus
1753 4278 1858 4331 est.
1892 4269 2037 4325 sicut

471 4360 573 4422 eis,
625 4359 720 4427 qui
774 4360 1091 4421 advenerat,
1149 4358 1428 4427 Spiritus,
1479 4371 1680 4415 sortem
1730 4360 2036 4414 definierat.

471 4450 712 4502 Thomas
743 4449 908 4520 igitur
935 4452 1132 4506 missus
1154 4459 1237 4503 est
1260 4450 1313 4502 in
1334 4449 1563 4514 Indiam,
1593 4465 1714 4519 qua:
1733 4459 1850 4505 erat
1878 4451 2038 4520 plane

2141 3269 2404 3339 operibus
2430 3267 2654 3339 quidem
2687 3266 3052 3328 admirabilis,
3097 3265 3296 3335 spiritu
3345 3273 3527 3318 autem
3562 3265 3718 3320 mitis

2140 3369 2196 3416 et
2219 3359 2556 3415 moderatus.
2585 3358 2774 3427 itaque
2799 3357 2928 3411 moti
2956 3355 3318 3410 admiratione
3339 3353 3481 3419 ludi,
3518 3367 3716 3422 rogare

2141 3459 2428 3521 cwperunt
2459 3449 2711 3520 quisnam
2744 3459 2910 3514 esset,
2946 3458 3004 3501 et
3034 3447 3187 3518 cuias
3214 3461 3414 3514 genere
3436 3485 3450 3510 ,
3480 3453 3535 3499 et
3562 3460 3717 3514 quaa-

2141 3558 2267 3597 nam
2292 3551 2437 3596 esset
2464 3542 2583 3611 ejus
2610 3540 2824 3610 religio,
2850 3549 2905 3594 et
2933 3540 3079 3609 quod
3114 3537 3381 3592 studium.
3407 3537 3501 3590 llle
3527 3549 3716 3590 autem

2145 3631 2409 3704 (habebat
2443 3631 2592 3685 enim
2623 3629 2678 3684 in
2715 3645 2772 3685 se
2806 3627 3083 3686 Christum
3130 3627 3472 3698 magistrum)
3514 3627 3718 3682 leniter

2139 3736 2195 3782 et
2226 3724 2472 3779 modeste
2517 3722 2820 3791 respondit,
2868 3721 3013 3791 quod
3061 3731 3209 3775 esset
3252 3734 3451 3791 genere
3484 3718 3715 3788 quidem

2140 3817 2383 3879 Judaus,
2420 3814 2726 3884 discipulus
2777 3822 2961 3868 autem
3012 3811 3239 3882 insignis
3281 3812 3428 3865 illius
3470 3809 3717 3881 Moysis,

2141 3908 2290 3962 illius
2331 3907 2553 3976 inquam
2597 3903 2928 3976 Moysis,qui
2971 3918 3094 3957 cum
3119 3903 3228 3956 Deo
3257 3909 3342 3954 est
3363 3901 3668 3955 collocutus
3697 3942 3713 3966 ,

2146 3997 2347 4054 deinde
2381 3997 2548 4052 etiam
2571 3994 2778 4050 Christi
2813 3994 2936 4048 Filii
2963 3993 3060 4048 Dei
3087 3991 3412 4062 discipulus,
3437 3991 3532 4060 qui
3565 3993 3717 4044 venit

2143 4091 2211 4146 ad
2251 4089 2442 4146 mundi
2474 4090 2729 4152 salutem,
2759 4085 2982 4155 etquod
3015 4085 3181 4140 vitam
3205 4093 3465 4139 aeternam
3515 4093 3570 4137 et
3595 4083 3718 4136 ani-

2141 4199 2354 4239 marum
2389 4183 2618 4238 salutem
2650 4180 2862 4236 veniret
2891 4179 3282 4233 annuntiatqu
3321 4196 3333 4228 :
3365 4176 3568 4246 quibus
3614 4176 3714 4244 qui

2143 4274 2514 4337 crediderint,
2552 4279 2719 4327 erunt
2753 4270 3120 4325 ineffabilium
3157 4270 3426 4323 bonorum
3481 4265 3714 4332 partici-

2141 4384 2258 4439 pes.
2297 4369 2566 4423 Pratterea
2612 4374 2798 4418 narrat
2834 4363 3039 4418 Christi
3086 4361 3180 4416 Dei
3227 4361 3389 4415 Verbi
3429 4358 3718 4414 demissio-

2144 4476 2294 4524 netn,
2331 4459 2609 4526 refertque
2635 4455 2899 4510 miracula
2945 4470 3066 4524 quae
3110 4453 3260 4517 fecit,
3295 4451 3424 4506 dum
3459 4452 3512 4505 in
3551 4453 3714 4505 terris

473 4540 732 4602 barbara,
763 4549 820 4594 et
846 4541 898 4593 in
935 4539 1160 4594 nefariis
1191 4541 1514 4594 versabatur
1544 4541 1874 4597 actionibus.
1913 4544 2035 4613 lpsa
2070 4527 2115 4584 Ῑ)
2147 4553 2201 4606 in
2229 4565 2394 4604 came
2429 4557 2647 4619 ageret;
2683 4548 2968 4617 ipsamque
2995 4543 3335 4615 passionem,
3370 4558 3491 4612 quae
3529 4541 3717 4598 multis

470 4639 652 4686 autem
680 4631 783 4684 sita
802 4641 884 4685 est
915 4630 1230 4700 longissime
1267 4631 1336 4685 ab
1369 4630 1624 4701 IEgypto;
1655 4633 1881 4690 alluitur
1905 4649 2037 4689 vero

361 4763 380 4775 .
471 4723 606 4780 mari
647 4722 800 4776 valde
833 4721 1150 4791 navigabili,
1188 4731 1243 4776 et
1269 4729 1351 4776 est
1379 4721 1601 4791 quidem
1657 4738 1828 4793 egena
1857 4741 2037 4779 rerum

472 4817 925 4874 necessariarum.
947 4813 1384 4869 abundatautem
1419 4813 1582 4870 rebus
1609 4817 1862 4884 pretiosis
1891 4826 1947 4871 et
1971 4817 2040 4870 ad

416 4939 420 4948 -
470 4909 657 4961 luxum
694 4906 1139 4960 accommodatis.
1177 4907 1306 4961 Eam
1334 4906 1544 4961 habitat
1573 4909 1624 4962 id
1657 4924 1848 4978 genus,
1889 4909 2038 4978 quod

469 5002 672 5056 delum
703 5009 806 5064 est,
838 4999 982 5068 quod
1013 5007 1094 5053 est
1137 4999 1661 5068 frequentissimum,
1691 5010 1745 5054 ct
1787 5001 2034 5056 deditum

401 5116 421 5170 ιτ
471 5097 812 5154 mercaturae,
849 5099 904 5143 et
934 5103 1124 5157 magna
1153 5104 1218 5142 ex
1253 5098 1408 5156 parte
1457 5089 1665 5142 nudum
1695 5128 1709 5152 ,
1759 5100 1816 5144 et
1866 5091 2040 5147 instar

471 5184 746 5249 ferarum,
797 5199 917 5250 quze
963 5182 1166 5250 degunt
1202 5181 1255 5233 in
1308 5181 1612 5244 montibus,
1648 5183 1812 5236 vitam
1849 5197 2036 5252 agens.

471 5276 642 5340 Quam
675 5274 746 5328 ob
775 5289 996 5328 causam
1038 5288 1332 5342 corporum
1379 5273 1722 5343 superficiem
1762 5275 1901 5329 radii
1949 5292 2039 5330 so-

469 5369 610 5422 lares
661 5366 928 5421 invadunt
961 5366 1244 5420 ardentius
1270 5405 1285 5429 ,
1323 5365 1592 5435 valdeque
1630 5365 1949 5430 incendunt,
1981 5377 2037 5422 et

468 5457 781 5528 denigrant,
816 5466 872 5511 et
914 5458 1158 5512 cfliciunt
1200 5457 1319 5511 visu
1347 5456 1728 5511 deformiores.
1767 5456 2037 5512 Colebant

471 5559 652 5604 autem
686 5549 774 5603 isti
807 5549 1098 5604 simulacra
1139 5550 1279 5604 facta
1306 5564 1374 5604 ex
1396 5565 1558 5605 omne.
1585 5564 1758 5620 genus
1783 5551 2031 5605 materia:

470 5650 524 5692 et
557 5640 702 5710 quod
735 5641 790 5693 in
838 5655 900 5694 ea
953 5641 1340 5696 conferebatur
1383 5641 1649 5708 studium,
1687 5651 1744 5697 et
1779 5642 1993 5697 cultura
2019 5679 2032 5705 ,

541 5818 560 5851 ⁸
589 5819 747 5879 Joan.
781 5838 888 5888 xxi.
927 5823 945 5876 1
982 5838 1135 5894 seqq.
1215 5821 1233 5851 ‘
1260 5821 1391 5877 Luc.
1424 5840 1566 5892 sxw,
1593 5824 1658 5878 36
1691 5839 1843 5894 seqq.

1958 5824 1975 5852 "
2004 5823 2121 5879 Act.
2159 5840 2216 5892 it,
2255 5824 2273 5878 l
2317 5838 2466 5894 seqq.

2143 4642 2362 4698 videtur
2395 4641 2704 4711 probrosa;
2749 4640 3007 4692 virtutem
3055 4634 3495 4700 resurrectionis,
3544 4647 3598 4689 et
3643 4634 3721 4697 ad

2145 4736 2316 4791 ccelos
2345 4733 2724 4788 ascensionem
2762 4746 2778 4784 :
2807 4729 2978 4799 Cujus
3010 4728 3334 4797 discipulus,
3361 4726 3536 4797 inquit
3564 4767 3578 4788 ,
3612 4740 3714 4794 ego

2144 4837 2200 4880 et
2235 4825 2486 4880 minister
2515 4822 2950 4884 admirabilium,
2979 4835 3100 4890 quae
3132 4820 3246 4888 ipse
3279 4817 3439 4882 fecit,
3474 4816 3718 4869 miracu-

2143 4915 2346 4981 lorum,
2378 4922 2542 4984 atque
2569 4912 2890 4968 oeconomiae
2919 4951 2933 4972 ,
2979 4925 3090 4980 qua
3133 4908 3235 4962 fuit
3267 4909 3412 4962 Deus
3441 4916 3497 4961 et
3527 4906 3714 4967 homo.

2140 5017 2360 5062 creatus
2403 5021 2525 5060 sum
2555 5009 2768 5074 praeco”;
2801 5001 2960 5070 cuius
3001 4999 3335 5055 annuntians
3375 4998 3427 5051 in
3465 4995 3716 5050 homines

2141 5097 2556 5167 benignitatem,
2579 5106 2634 5149 et
2654 5095 2974 5148 immensam
3001 5094 3054 5146 in
3079 5093 3225 5162 ipsos
3252 5088 3709 5153 misericordiam,

2140 5189 2207 5244 ad
2241 5201 2339 5241 vos
2370 5199 2543 5254 usque
2576 5182 2823 5246 accessi;
2860 5183 3018 5252 cujus
3054 5180 3231 5236 factus
3275 5195 3396 5235 sum
3449 5187 3620 5249 mysta
3657 5186 3715 5231 et

2142 5278 2448 5350 apostolus.
2491 5276 2556 5328 Et
2587 5289 2710 5329 cum
2749 5273 2884 5343 ipsis
2914 5271 3094 5326 oculis
3134 5271 3274 5324 facta
3305 5271 3373 5325 sit
3403 5269 3536 5323 mihi
3576 5267 3712 5323 ﬁdes

2144 5383 2335 5422 eorum
2371 5381 2495 5436 qua:
2521 5365 2806 5428 dicuntur,
2843 5379 2952 5417 non
2980 5363 3027 5415 vi
3065 5377 3160 5416 eos
3200 5362 3294 5430 qui
3326 5369 3588 5425 renuunt,
3615 5357 3712 5414 sed

2145 5460 2295 5515 omni
2326 5459 2593 5512 charitate
2627 5457 2930 5525 amplector
2955 5469 3052 5508 eos
3078 5454 3169 5522 qui
3202 5453 3625 5522 persuadentur.

2214 5551 2283 5606 Χ.
2315 5551 2431 5614 llis,
2463 5560 2517 5604 et
2549 5549 2798 5618 pluribus
2823 5545 2945 5599 aliis
2965 5545 3226 5598 divinitus
3253 5543 3478 5615 prolatis
3503 5541 3729 5608 verbis,

2145 5640 2404 5696 ludorum
2441 5639 2679 5710 populus
2719 5638 2785 5690 ad
2826 5636 3148 5707 mysterium
3191 5634 3561 5700 introductus,
3595 5631 3713 5688 suis

2745 5751 2781 5764 ‘

2548 5824 2567 5855 ⁸
2610 5822 2796 5878 Matth.
2833 5835 3019 5887 xxviii,
3062 5819 3145 5874 l8.
