4102 6376
332 359 441 424 565

1235 361 1705 423 MARTYRIUM
1751 364 1852 422 SS.
1889 363 1939 423 Χ
1985 364 2120 427 MM.
2149 368 2674 430 CRETENSIUM.

3474 373 3574 434 566

335 473 540 531 animis
597 472 845 544 suscepit
892 473 1045 530 verbi
1093 488 1302 532 semen.
1348 475 1554 532 Deinde
1602 478 1686 548 (ut
1732 478 1911 534 dicam
1950 491 1986 543 Α
2021 497 2147 552 pus,
2184 481 2426 538 fidelium
2451 481 2707 538 manibus
2727 481 2986 537 decenter
3016 477 3402 551 compositum,
3435 495 3588 551 sepe-

336 581 465 622 cum
493 564 684 621 divino
727 566 1042 637 Evangelio)
1069 567 1302 624 Domino
1339 569 1654 639 adjuvante,
1695 581 1750 625 et
1784 587 1906 626 ser-

339 671 561 732 monem
591 655 953 714 conﬁrmante
982 674 1082 729 per
1106 661 1258 730 signa
1282 663 1700 732 consequentia,
1729 665 1916 733 paula-

345 751 441 805 tim
471 742 697 822 quidem
736 751 960 806 abducti
992 762 1122 808 sunt
1151 754 1221 808 ab
1249 754 1520 809 idolorum
1557 756 1912 811 libaminibus

337 851 398 898 et
420 842 952 908 aboniinationibus,
979 845 1045 899 ad
1082 861 1271 901 veram
1303 855 1484 902 autem
1523 847 1684 902 iidem
1720 863 1910 904 acces-

339 939 556 995 serunt,
599 943 653 986 et
698 933 780 987 sic
831 934 1148 1002 apostolicis
1198 935 1568 990 transformati
1623 936 1911 1002 doctrinis,

341 1022 562 1078 Christo
590 1023 888 1078 familiares
912 1038 1207 1081 evaserunt
1233 1043 1333 1097 per
1355 1027 1686 1097 baptismum
1711 1043 1723 1080 :
1751 1028 1912 1096 adeo,

342 1123 406 1169 ut
435 1115 604 1168 etiam
637 1127 811 1184 usque
845 1117 912 1170 ad
946 1117 1120 1185 ipsum
1150 1134 1333 1189 regem
1369 1121 1680 1188 pervenerit
1713 1120 1915 1190 praedi-

338 1205 506 1268 catio,
537 1205 755 1260 etiamsi
800 1223 912 1260 non
943 1211 1242 1276 penetrarit
1275 1225 1448 1278 usque
1482 1210 1547 1264 ad
1583 1210 1914 1280 profundum

341 1299 461 1370 ejus
490 1301 709 1354 mentis.
747 1301 935 1370 itaque
963 1303 1057 1372 qui
1086 1319 1288 1373 genere
1331 1305 1554 1374 quidem
1600 1305 1666 1359 ad
1721 1319 1903 1374 regem

339 1390 672 1456 attinebant,
698 1408 823 1447 cum
847 1410 905 1448 se
931 1404 1074 1450 totos
1107 1396 1390 1451 dedissent
1411 1397 1761 1452 sermonibus
1788 1412 1916 1467 apo-

341 1483 491 1544 stoli,
525 1483 596 1537 ab
626 1498 694 1538 eo
728 1485 890 1539 avelli
937 1501 1044 1540 non
1085 1495 1389 1556 pmerant:
1437 1503 1528 1541 rex
1571 1495 1754 1542 autem
1803 1488 1918 1557 ipse

340 1571 602 1628 detentus
635 1588 664 1627 a
705 1575 976 1644 profunda
1011 1576 1242 1647 caligine
1271 1577 1614 1646 ignorantiae,
1644 1588 1699 1631 et
1729 1594 1758 1631 τι
1791 1578 1916 1648 qui-

342 1660 447 1716 bus
475 1662 757 1717 miraculis
786 1667 1078 1734 oportebat
1124 1665 1192 1720 ad
1237 1666 1414 1721 lucem
1464 1667 1700 1732 traduci,
1733 1667 1800 1720 ab
1833 1667 1919 1720 eis

345 1751 651 1808 voluntaria
679 1758 924 1810 ctecitate
949 1755 1015 1809 ad
1041 1757 1300 1826 majorem
1331 1772 1600 1812 accensus
1625 1755 1916 1821 insaniam,

2015 573 2183 629 litur:
2212 575 2354 644 regis
2379 583 2560 629 autem
2587 574 2730 628 illius
2760 572 2954 628 incidit
2982 573 3036 627 in
3057 587 3277 643 gravem
3305 570 3587 634 morbum,

2015 677 2071 720 et
2099 665 2193 736 qui
2215 676 2337 722 erat
2360 674 2476 721 arte
2493 665 2732 720 humana
2749 665 3006 720 validior.
3027 664 3189 718 Pater
3211 678 3342 733 ergo
3371 664 3584 734 (quidni

2017 757 2188 822 enim,
2224 757 2269 812 si
2301 756 2516 828 pater?)
2554 755 2854 811 inﬂectitur
2899 772 2928 810 a
2957 765 3150 809 natura
3178 753 3506 823 ﬂetibusque
3533 763 3589 806 et

2017 848 2278 920 lacrymis
2328 849 2609 920 irrigatur,
2660 847 3150 902 lamentationibus
3180 846 3454 911 laniatur;
3492 846 3586 900 sed

2017 941 2224 997 nullam
2275 943 2566 997 inveniens
2617 941 2740 997 mali
2790 938 3144 1004 solutionem,
3197 938 3586 993 miraculorum

2017 1037 2248 1108 apostoli
2282 1036 2624 1102 recordatur,
2677 1044 2732 1089 et
2779 1031 3058 1103 quaerebat
3091 1045 3312 1100 parvam
3350 1031 3586 1098 aliquam

2016 1136 2226 1198 partem
2257 1142 2325 1182 ex
2353 1127 2474 1196 ejus
2505 1124 2752 1196 reliquiis
2779 1123 2844 1178 ad
2875 1121 3208 1177 medendum
3236 1119 3285 1174 ei
3314 1121 3408 1188 qui
3441 1119 3592 1174 labo-

2017 1218 2196 1271 rabat.
2256 1215 2551 1286 Postquam
2599 1225 2782 1271 autem
2836 1212 3058 1268 rescivit
3097 1224 3204 1286 non
3259 1224 3578 1279 comparere

2017 1323 2217 1379 corpus
2247 1283 2637 1378 apostolicum,
2673 1307 2866 1361 saltem
2910 1283 3214 1374 pulverdm,
3243 1315 3408 1370 quem
3452 1299 3586 1354 illud

2019 1401 2218 1471 tetigit,
2270 1401 2432 1473 jussit
2479 1399 2696 1454 afferre.
2754 1395 2909 1463 Quod
2950 1393 3172 1464 quidem
3209 1408 3334 1447 cum
3384 1393 3586 1446 factum

2019 1500 2184 1555 esset,
2213 1502 2394 1562 pater,
2430 1490 2714 1562 aegrotanti
2759 1488 2870 1542 lilio
2913 1487 3139 1556 pulvere
3187 1483 3463 1554 imposito,
3500 1498 3590 1546 sa-

2018 1597 2152 1635 num
2189 1581 2325 1634 vidit
2355 1596 2503 1644 eum,
2531 1593 2691 1649 quem
2721 1575 2953 1648 putabat
2987 1575 3338 1640 moriturum,
3370 1573 3589 1628 etiamsi

2020 1671 2111 1726 ille
2137 1671 2406 1726 modicam
2437 1671 2614 1726 lucem
2643 1669 2959 1738 agnitionis,
2980 1680 3140 1737 quam
3166 1673 3467 1735 acceperat,
3493 1679 3588 1718 sua

2022 1771 2217 1832 sponte
2263 1763 2561 1833 repulerat,
2604 1771 2659 1816 et
2708 1775 2836 1816 vere
2885 1769 3006 1814 erat
3061 1767 3333 1822 mortuus,
3386 1766 3445 1810 ut
3494 1759 3589 1825 qui

341 1845 691 1899 consultabat
733 1845 802 1900 de
834 1856 1011 1901 morte
1063 1848 1318 1918 apostoli.
1366 1848 1735 1916 Quamobrem
1767 1850 1914 1905 dicto
1955 1845 1992 1898 Β
2021 1856 2280 1911 acerbam
2335 1864 2564 1909 mortem
2615 1851 2947 1921 suscepisset
2993 1848 3309 1920 impietatis.
3373 1847 3438 1901 Et
3476 1848 3592 1902 haec

347 1937 517 1992 citius
548 1937 603 1990 in
636 1953 765 1992 eum
792 1939 898 1993 fcrt
920 1941 1252 1995 sententiam
1286 1961 1299 1996 :
1332 1953 1386 1996 et
1419 1941 1624 1998 lanceis
1647 1942 1714 1996 de
1742 1942 1922 1996 medio

349 2028 562 2084 tollitur
593 2047 820 2101 magnus
845 2032 932 2087 hic
952 2035 1252 2102 apostolus,
1275 2035 1366 2103 qui
1396 2046 1620 2104 propter
1642 2035 1923 2090 Christum

349 2132 582 2178 mortem
612 2125 845 2180 libenter
878 2127 1142 2196 suscepit.
1181 2127 1318 2181 Eum
1350 2126 1570 2181 beatum
1599 2127 1821 2195 quidem
1842 2127 1928 2196 ju-

347 2214 557 2268 dicavit
589 2215 788 2270 chorus
817 2232 1009 2271 eorum
1043 2218 1135 2288 qui
1166 2233 1261 2287 per
1303 2219 1479 2288 ipsum
1510 2217 1867 2272 crediderunt
1901 2235 1912 2269 :

350 2305 574 2359 beatum
622 2317 806 2362 autem
839 2310 1058 2363 censuit
1104 2325 1325 2379 quoque
1364 2309 1569 2364 chorus
1599 2325 1788 2364 eorum
1823 2311 1914 2375 qui

352 2401 484 2446 sunt
536 2395 590 2448 in
633 2396 868 2452 excelsis
900 2411 917 2452 ε
947 2397 1260 2469 plausitque
1295 2401 1570 2470 justorum
1625 2399 1918 2454 multitudo

348 2500 477 2539 eum
504 2488 788 2556 apostolis,
826 2491 1076 2546 videntes
1111 2506 1326 2546 sacram
1373 2492 1520 2546 illam
1571 2500 1628 2546 et
1675 2492 1916 2545 divinam

350 2577 591 2630 animam
625 2579 678 2632 in
716 2581 884 2636 caelos
908 2581 1290 2647 asendentem,
1321 2591 1376 2637 et
1404 2581 1658 2652 stipatam
1694 2582 1917 2653 angelo-

351 2684 478 2722 rum
510 2670 822 2726 ordinibus.

429 2759 518 2814 XI.
551 2763 694 2829 Quid
736 2774 920 2818 autem
949 2764 1212 2835 deinceps
1236 2765 1617 2835 consequitur,
1647 2775 1702 2820 et
1731 2764 1860 2834 quid
1891 2779 1923 2818 e

354 2855 572 2923 superis
624 2856 875 2926 providet
928 2867 984 2912 et
1041 2859 1327 2929 diSpensat
1379 2859 1620 2922 bonitas,
1672 2857 1924 2912 homines

354 2946 644 3003 attrahens
671 2947 738 3002 ad
768 2948 1070 3019 pietatem?
1099 2949 1326 3006 Sacrum
1357 2949 1578 3020 quidem
1609 2947 1744 3003 illud
1794 2963 1920 3003 cor-

362 3113 529 3128 ﬁ...

1653 3110 1870 3123 ῌ

1976 3109 2214 3125 ..ν-,σι-

2019 1948 2240 2018 quidem
2267 1957 2532 2017 quantum
2571 1945 2728 2000 licuit
2778 1959 2888 1999 non
2937 1940 3246 1998 aberrando
3281 1955 3310 1994 a
3336 1940 3590 2001 veritate,

2021 2043 2326 2109 composita
2356 2038 2600 2100 fuerunt,
2629 2045 2684 2091 et
2713 2034 3027 2104 conscripta
3050 2073 3066 2099 ,
3093 2042 3148 2089 et
3177 2031 3408 2104 apostoli
3444 2031 3592 2084 laudi

2021 2140 2151 2185 sunt
2181 2130 2454 2185 dedicata.
2493 2129 2680 2182 Tanta:
2701 2127 2858 2182 nobis
2890 2126 3091 2183 laetitiae
3120 2140 3279 2180 causa
3299 2134 3383 2179 est
3419 2123 3590 2180 hodie

2023 2222 2284 2277 Thomas.
2311 2221 2413 2275 Per
2446 2234 2609 2290 quem
2642 2219 2806 2275 etiam
2845 2218 3103 2274 ludorum
3128 2217 3378 2272 barbara:
3403 2221 3595 2287 gentes

2025 2313 2343 2368 didicerunt
2382 2327 2503 2367 eam
2546 2310 2711 2375 viam,
2745 2325 2866 2378 qua:
2890 2309 2996 2364 fert
3023 2309 3089 2364 ad
3126 2308 3294 2364 oculos
3325 2317 3421 2364 :et
3453 2323 3594 2377 quo-

2031 2419 2153 2459 rum
2189 2418 2422 2473 corpora
2470 2417 2628 2456 crant
2683 2401 2818 2456 solis
2853 2400 3021 2455 radiis
3053 2401 3358 2470 denigrata,
3397 2413 3589 2455 evase-

2028 2503 2155 2550 runt
2177 2492 2426 2548 candidis
2451 2493 2699 2562 itetisque
2729 2501 2783 2547 et
2816 2490 3092 2546 alacribus
3138 2490 3338 2544 animis
3361 2532 3375 2554 ,
3410 2489 3502 2559 qui
3537 2489 3592 2541 in

2029 2583 2442 2655 intelligentiam
2473 2583 2638 2647 cadit,
2677 2581 2792 2636 sole
2827 2596 2964 2652 pure
2995 2595 3060 2635 ac
3088 2580 3330 2634 suaviter
3362 2579 3443 2633 eis
3469 2579 3595 2632 illu-

2025 2683 2277 2730 cescente
2309 2689 2322 2724 :
2350 2672 2415 2726 ad
2448 2672 2679 2742 gloriam
2724 2671 2904 2726 Patris
2933 2709 2948 2734 ,
2978 2681 3034 2726 et
3065 2669 3212 2738 Filii,
3256 2677 3313 2726 et
3357 2669 3598 2739 Spiritus

2025 2766 2203 2821 sancti
2227 2804 2243 2829 ,
2276 2765 2461 2828 unius,
2498 2773 2554 2820 et
2587 2779 2709 2834 qua:
2735 2762 2907 2818 dividi
2940 2777 3050 2817 non
3087 2771 3286 2832 potest,
3324 2759 3588 2816 divinita-

2026 2856 2100 2910 tis
2139 2871 2155 2910 :
2187 2869 2352 2924 quam
2385 2853 2544 2909 decet
2570 2852 2779 2924 gloria,
2814 2852 2992 2906 honor
3029 2859 3085 2906 et
3131 2849 3376 2906 adoratio
3421 2863 3588 2915 nunc,

2029 2961 2268 3018 semper,
2302 2955 2357 3001 et
2385 2946 2438 3000 in
2469 2945 2668 3000 saecula
2696 2942 3046 3000 seculorum.
3084 2941 3278 2996 Amen.

2537 3106 2802 3121 ’Ψ-

778 3263 1416 3353 ΜΑΡΤΥΡΙΟΝ
1493 3263 1720 3349 ΤΩΝ
1793 3262 1949 3346 ΑΓ]

2028 3260 2127 3344 ιΝ
2208 3255 2507 3342 ΔΕΚΑ
2579 3253 3171 3344 ΜΑΡΤΥΡΩΝ

1363 3458 1664 3574 ΤΩΝ
1742 3456 1942 3573 ΕΝ
2020 3452 2588 3567 ΚΡΗΤΗ.

647 3846 1509 3978 MARTYBIUM
1599 3855 1801 3968 SS.
1901 3851 2378 3966 DECEM
2470 3844 3284 4026 MABTYRUM

1135 4098 1341 4200 QUI
1428 4095 1555 4184 IN
1635 4092 2007 4180 CRETA
2089 4086 2400 4176 PASSI
2479 4084 2831 4175 SUNT.

657 4298 851 4354 (Grece
875 4295 1002 4356 apud
1023 4291 1327 4352 Cornelium,
1350 4293 1492 4342 Creta
1513 4301 1673 4347 sacra,
1700 4287 1750 4336 ι’
1777 4283 2000 4337 V'enetiis
2028 4283 2182 4343 1.715;
2205 4283 2377 4333 Latine
2401 4283 2527 4343 apud
2554 4277 2750 4334 Surium
2769 4281 2829 4331 ad
2852 4279 2912 4327 25
2940 4278 3267 4344 Decembris.)

434 4591 515 4647 A'.
555 4590 752 4650 ’Ἄλλος
788 4588 887 4657 μὲν
913 4586 1042 4639 ἄλλο
1079 4605 1129 4638 τι
1155 4589 1254 4656 τῆς
1285 4585 1658 4656 θρυλουμένης
1691 4581 1935 4646 διεξιέτω
1963 4582 2009 4644 C

365 4684 614 4752 Κρήτης,
635 4681 664 4732 6
688 4682 788 4746 μὲν
818 4679 879 4731 τὸ
907 4680 1125 4743 κάλλος,
1149 4681 1177 4732 6
1202 4679 1258 4732 δι
1289 4682 1348 4732 τὸ
1375 4677 1627 4748 μέγεθος,
1660 4676 1755 4728 καὶ
1782 4678 1808 4727 6
1837 4673 1937 4744 μὲν

366 4775 525 4841 τείχη
561 4771 657 4823 καὶ
687 4769 936 4838 λιμένας,
960 4773 986 4821 6
1017 4769 1075 4822 δὲ
1099 4769 1207 4822 τῶν
1236 4769 1394 4836 ὡρῶν
1413 4770 1512 4838 τὴν
1535 4769 1731 4838 κρᾶσιν
1764 4769 1854 4820 καὶ
1879 4765 1940 4818 τὸ

365 4866 473 4917 τῶν
498 4863 731 4933 καρπῶν
761 4861 1025 4931 εὓφορονθ
1083 4862 1194 4929 ἐγὼ
1241 4862 1296 4915 δὲ
1324 4861 1352 4914 6
1401 4861 1579 4912 πάντα
1617 4858 1784 4913 τᾶλλα.
1813 4857 1940 4926 νικᾷ

365 4956 456 5008 καὶ
489 4956 558 5024 ἣν
595 4954 763 5023 μόνην
795 4951 954 5016 ἀξία-ν
983 4955 1194 5021 εἴποιμι
1241 4952 1336 5006 τοῦ
1367 4951 1572 5022 ταύτης
1602 4946 1940 5020 δημιουργοῦ

364 5049 563 5117 qugd»,
598 5044 806 5115 ταύτην
858 5044 966 5114 πρὸ
988 5046 1096 5097 τῶν
1126 5044 1301 5098 ἄλλων
1350 5044 1484 5114 ἐρῶ.
1540 5041 1634 5103 Τίς
1659 5040 1714 5092 δὲ
1735 5033 1891 5099 οὗτος
1912 5041 1939 5090 ὁ

367 5136 581 5204 καρπδς
623 5136 718 5186 καὶ
773 5133 862 5196 τίς
889 5135 917 5185 6
947 5133 1202 5195 τοσοῦτος
1236 5131 1337 5200 τῆς
1366 5133 1534 5200 νήσου
1565 5129 1800 5195 κόσμος;
1842 5123 1941 5199 Τίς

366 5230 551 5297 ἕτερος
581 5226 612 5294 ἦ
637 5228 666 5278 6
696 5225 841 5288 θεῖος
863 5224 976 5277 τῶν
1011 5223 1306 5294 μαρτύρων
1333 5221 1516 5292 χορὸς,
1550 5221 1578 5272 6
1608 5217 1937 5287 ἐπαινούμες

367 5335 456 5379 νος
491 5317 750 5388 ἀριομδς,
810 5317 872 5369 τὸ
921 5317 1140 5369 πάντων
1193 5315 1294 5385 μὲν
1353 5313 1648 5383 θεαμάτων
1700 5310 1941 5380 ἥδιστον,

370 5412 590 5464 “nivem
630 5409 687 5461 δὲ
749 5409 1116 5475 ἀκουσμάτων
1175 5405 1635 5476 ὠφελιμώτατονς
1684 5403 1735 5455 οἱ
1785 5401 1940 5463 δέκα,

369 5501 533 5571 φημὶ,
595 5499 692 5552 τοῦ
738 5500 980 5561 Χριστοῦ
1032 5498 1444 5567 στεφανϊται,οἰ
1473 5499 1538 5548 ἐκ
1594 5494 1803 5561 ταύτης
1840 5492 1941 5563 μὲν

371 5592 750 5661 πρσελοόντες,
776 5590 1136 5657 γινναιότατα
1161 5589 1217 5642 δὲ
1250 5590 1344 5642 καὶ
1370 5588 1512 5660 ὑπὲρ
1543 5589 1586 5640 Χ
1597 5584 1780 5657 pter-c6
1804 5601 1944 5654 μαρ-

370 5684 734 5753 τυρήσαντες,
767 5683 816 5736 οἳ
847 5685 941 5737 καὶ
965 5682 1108 5736 καλά
1140 5698 1202 5750 γε
1241 5682 1410 5745 ὅντως
1447 5679 1821 5735 ἀποδεδώκασι
1875 5677 1943 5728 τὰ

373 5780 599 5846 τροφεῖα
635 5777 800 5847 τιμῆς
842 5778 973 5846 ὅσης
1022 5775 1192 5846 αὐτὴν
1219 5775 1552 5842 ἀξιώσαντες
1584 5773 1643 5826 τὸ
1678 5787 1942 5842 μαρτυρι-

2117 4579 2159 4633 ι.
2190 4579 2346 4634 Alius
2369 4578 2592 4647 quidem
2641 4574 2847 4646 aliquid
2896 4574 3044 4629 aliud
3096 4569 3458 4649 persequatur
3486 4592 3608 4632 ora~

2042 4670 2210 4736 tione,
2251 4670 2399 4725 illius
2432 4685 2552 4738 quae
2583 4669 2744 4738 vulgo
2763 4661 3260 4739 ⁸ἱειριειίιιιεξίίἷιτειξιιι;
3316 4667 3456 4723 alius
3483 4671 3607 4738 qui-

2042 4761 2166 4815 dem
2205 4759 2697 4831 pulchritudinem,
2745 4744 2886 4813 alius
2912 4752 3042 4814 'v’er‘o
3073 4758 3523 4828 magnitudinem,
3553 4771 3608 4813 et

2039 4850 2180 4904 alius
2209 4849 2435 4918 quidem
2466 4850 2679 4903 muniit!
2715 4861 2770 4905 et
2802 4852 3014 4920 portus,
3045 4849 3187 4903 alius
3245 4857 3428 4903 autem
3465 4855 3607 4905 aeris

2042 4937 2503 5011 temperation‘em‘
2526 4941 2889 4994 et‘fructuum
2940 4939 3298 4994 fertilitatem.
3335 4941 3447 5012 Ego
3477 4957 3608 4996 vero

2043 5036 2287 5104 id,quod
2317 5037 2438 5090 alia
2472 5035 2647 5089 \‘incit
2691 5035 2900 5101 omnia,
2960 5043 3017 5088 et
3065 5049 3227 5104 quam
3273 5033 3440 5087 solam
3489 5033 3610 5103 ejus

2042 5121 2236 5196 opiﬁce
2297 5127 2514 5197 dignam
2565 5125 2795 5181 dixerim
2846 5125 3205 5188 feracitatem,
3259 5139 3379 5177 eam
3429 5125 3602 5179 dicam

2043 5227 2168 5272 ante
2198 5217 2322 5271 alia.
2349 5217 2609 5284 Quisnam
2649 5226 2732 5270 est
2762 5219 2850 5270 hic
2880 5217 3112 5279 fructus,
3140 5223 3196 5268 et
3223 5213 3496 5282 quodnam
3523 5225 3610 5270 est

2044 5317 2254 5360 tantum
2282 5306 2475 5360 insulae
2507 5306 2928 5360 ornamentum?
2959 5303 3103 5369 Quid
3149 5302 3324 5364 aliud,
3374 5303 3482 5358 nisi
3521 5303 3610 5358 dio

2043 5399 2207 5452 vinus
2226 5397 2430 5451 chorus
2475 5409 2794 5468 martyrum,
2833 5407 2888 5450 et
2923 5395 3016 5465 qui
3049 5395 3302 5449 laudatur
3328 5411 3610 5456 numerus.

2043 5502 2099 5545 et
2123 5491 2269 5560 quod
2303 5492 2544 5542 omnium
2577 5489 2795 5556 quidem
2829 5498 2912 5542 est
2955 5489 3390 5558 spectaculorum
3417 5490 3613 5556 jucun-

2044 5583 2352 5643 dissitnttm,
2384 5597 2451 5635 ac
2501 5587 2870 5635 acroamatum
2923 5581 3167 5635 omnium
3223 5580 3622 5636 utilissimum?

2046 5676 2264 5737 Decem,
2298 5673 2543 5743 inquam,
2604 5671 2685 5726 illi
2716 5685 2817 5742 pro
2862 5671 3082 5728 Christo
3115 5671 3362 5744 martyrii
3397 5674 3626 5728 coronis

2044 5767 2280 5825 rcdimiti
2326 5766 2464 5837 :qui
2517 5780 2581 5820 ex
2617 5780 2678 5820 ea
2729 5763 2948 5834 quidem
2989 5773 3395 5834 processerunt,
3432 5765 3614 5820 fortis.
