4102 6376
459 282 563 352 ΜΠ

1678 282 1961 341 MENSIS
2004 271 2435 345 DECEMBER.‘

3588 274 3690 347 ιιι
3721 225 3738 243 ’

455 405 594 456 sime
625 410 805 458 autem
839 414 936 470 pro
993 397 1209 454 Christo
1262 398 1480 453 subiere
1520 398 1840 470 martyrium
1876 415 1889 453 ε
1929 398 2023 467 qui

2146 401 2239 463 ιῶς
2275 403 2334 454 ἐν
2365 403 2539 477 ταύτῃ
2574 401 2950 472 τελειωθῆναι.
2981 400 3168 464 Ὅπως
3206 400 3285 460 ὁὶ.
3329 396 3565 452 συνελὼν
3591 401 3688 472 ήδη

450 509 568 546 eam
600 507 700 561 pro
721 491 990 545 alimentis
1023 504 1210 544 revera
1241 489 1462 559 pulchre
1481 499 1610 546 sunt
1650 490 2015 556 remunerati,

2123 493 2155 544 6
2187 493 2343 560 λόγος
2372 496 2504 564 ἐρεῖ.

448 597 574 638 eum
601 598 720 636 eam
750 591 899 638 tanto
952 581 1161 638 honore
1183 581 1490 647 aﬂ‘ccerint,
1525 592 1586 636 ut
1633 582 1684 637 in
1718 596 1778 635 ea
1814 596 1909 649 per
1952 584 2275 655 martyrium
2334 584 2544 641 fuerint
2578 584 2961 642 consummati.
3016 584 3306 650 Quomodo
3324 600 3476 651 vero,
3506 588 3696 658 paucis

447 671 561 746 jam
603 673 747 728 dicet
774 673 973 728 oratio.

520 766 585 818 ll.
617 763 812 820 Decius
837 765 946 832 ille,
981 766 1074 835 qui
1107 781 1302 837 magno
1322 765 1424 820 fuit
1456 764 1640 820 furore
1674 764 1937 834 percitus,
1965 773 2020 820 et

453 857 519 911 ad
566 859 981 927 persequendos
1005 857 1350 914 Christianos
1383 858 1627 911 omnium
1673 855 1774 910 fuit
1804 855 2020 910 violen-

453 948 720 1009 tissimus,
754 947 799 1000 is
830 957 960 1008 tunc
1000 955 1214 1016 sceptra
1244 955 1439 1002 tenens
1481 945 1700 1016 imperii
1751 947 2026 1000 Romano-

461 1055 606 1098 rum,
638 1038 802 1110 hujus
841 1039 1034 1094 insula:
1057 1040 1346 1094 constituit
1403 1038 1788 1110 proconsulem
1843 1038 2021 1092 virum

457 1129 774 1198 quemdam,
814 1129 907 1198 qui
949 1129 1141 1183 eodem
1174 1143 1393 1198 quoque
1442 1128 1662 1183 nomine
1715 1128 2026 1198 appellaba-

457 1222 568 1281 tur,
601 1231 796 1286 nempe
838 1217 1057 1277 Decius.
1115 1231 1224 1271 non
1269 1216 1453 1270 minus
1506 1224 1714 1280 autem,
1766 1230 1928 1284 quam
1968 1215 2025 1269 in

453 1307 703 1370 nomine,
744 1306 1109 1361 conveniebat
1137 1305 1193 1360 in
1228 1306 1496 1362 moribus.
1530 1304 1781 1372 Quicum
1832 1305 2026 1362 fuisset

460 1401 514 1451 in
547 1397 733 1462 Creta,
783 1412 897 1452 rem
936 1411 1158 1467 parvam
1185 1398 1545 1462 existimavit,
1589 1409 1644 1452 ct
1674 1413 1793 1467 qua:
1821 1397 2024 1452 nullam

457 1489 685 1544 haberet
719 1489 1113 1543 immanitatem
1139 1497 1192 1542 et
1223 1488 1511 1548 saevitiam.
1555 1503 1747 1543 omnes
1776 1486 1871 1557 qui
1900 1495 2030 1542 sunt

2203 765 2276 820 Π.
2319 765 2506 825 Δέκιος
2535 765 2563 816 6
2623 763 2790 824 πολὺς
2833 761 2931 832 τὴν
2985 762 3181 833 μανίαν
3235 761 3419 816 καὶτὸ
3452 762 3700 829 κολάζειν

2131 855 2518 928 Χριστιανοὺς,
2553 855 2808 909 ἁπάντων
2855 855 2883 908 6
2915 855 3221 922 βιαιότατος
3251 849 3407 919 οὗτος
3431 857 3528 910 καὶ
3560 856 3701 925 σκῆ-

2131 964 2278 1016 πτρα
2305 948 2426 1002 τότε
2474 944 2764 1015 Ῥωμαίοις
2784 943 3007 1009 διέπων,
3037 944 3138 1011 τῆς
3161 945 3324 1012 νήσου
3363 944 3566 1014 ταύτης
3602 947 3699 998 ἀν-

2131 1040 2371 1093 θύπατον
2410 1037 2642 1107 καθιστᾷ
2669 1036 2838 1106 ἄνδρα
2879 1035 3026 1100 τινὰ,
3057 1035 3250 1088 Δέκιον
3284 1036 3382 1106 μὶν
3410 1038 3504 1088 καὶ
3539 1036 3702 1090 αὐτὸν

2129 1132 2440 1203 ὁμωνύμως
2475 1129 2834 1199 καλούμενον,
2867 1129 2965 1200 οὐχ
3003 1123 3166 1200 ἦττον
3195 1128 3252 1182 δὲ
3300 1128 3397 1182 τοῦ
3439 1129 3703 1198 ὀνόματος

2063 1283 2076 1296 υ
2128 1223 2223 1276 καὶ
2251 1222 2361 1284 τοῖς
2381 1219 2605 1290 τρόποις
2634 1218 3085 1288 συνηρμοσμένον
3107 1235 3121 1250 ο
3155 1216 3212 1280 ὃς
3237 1218 3295 1270 ἐν
3329 1217 3522 1288 Κρήτῃ
3541 1215 3703 1284 γενόα

2131 1330 2289 1384 μενος
2326 1312 2524 1382 μικρὸν
2585 1309 2749 1381 ἔργον
2780 1310 3028 1379 ἡγήσατο
3076 1311 3170 1361 καὶ
3195 1308 3349 1362 οὐδὲν
3399 1307 3522 1378 έχον
3551 1307 3704 1376 ὠμὸν

2124 1406 2245 1459 οὐδὲ
2298 1405 2513 1476 ἄγριον,
2537 1403 2598 1458 τδ
2631 1402 2840 1465 πάντας
2879 1402 3007 1465 τοὺς
3031 1403 3088 1454 ἐν
3128 1400 3304 1471 ταύτῃ
3343 1400 3706 1470 Χριστιανοὺς

2132 1495 2271 1566 μετὰ
2292 1495 2352 1550 τὸ
2391 1494 2613 1563 μυρίαις
2635 1492 2892 1546 ὑπελθεῖν
2941 1490 3191 1560 βασάνων
3231 1490 3429 1552 ίδέαις,’
3457 1487 3574 1542 εἶτα
3608 1489 3708 1543 καὶ

456 1584 511 1634 in
543 1597 606 1637 ea
635 1581 994 1641 Christianos,
1025 1588 1310 1649 postquam
1350 1579 1676 1649 subiecisset
1711 1581 2031 1634 innumera—

2146 1583 2347 1654 πικρῶς
2403 1581 2636 1636 ἀνελεῖν.
2705 1579 3098 1648 Ἀνεζητοῦντο
3135 1579 3316 1632 τοίνυν
3367 1579 3462 1631 καὶ
3491 1578 3708 1649 ἀνευριο

459 1670 665 1728 bilibus
718 1672 1017 1742 generibus
1067 1680 1494 1735 tormentorum,
1568 1671 1766 1726 deinde
1831 1669 2027 1728 acerbe

457 1763 650 1818 tollere
678 1762 749 1816 de
801 1761 1006 1817 medio.
1039 1760 1438 1827 Quaerebantur
1458 1775 1589 1831 ergo
1609 1775 1823 1821 omnes.
1865 1770 1921 1815 et
1942 1761 2028 1814 in-

458 1856 847 1921 veniebantur,
882 1864 937 1910 et
961 1855 1341 1924 comprehensi
1370 1854 1436 1908 ad
1461 1854 1635 1923 ipsum
1665 1853 2028 1910 ducebant-ur.

459 1950 594 2004 Cum
618 1947 818 2018 quibus
847 1947 937 2001 hic
962 1961 1184 2016 quoque
1214 1960 1370 2001 sacer
1414 1946 1642 2010 chorus,
1694 1946 2032 2016 prmstantis-

463 2041 729 2091 simorum
761 2036 1006 2091 virorum
1039 2037 1324 2101 denarius,
1366 2036 1537 2091 veluti
1566 2051 1631 2090 ex
1665 2037 1887 2106 optimis
1921 2037 2034 2091 exi-

462 2129 561 2183 mii
597 2127 784 2182 selecti
814 2127 1130 2182 civitatibus
1163 2142 1440 2196 :quorum
1472 2127 1608 2182 alios
1645 2127 1869 2197 quidem
1921 2142 2035 2181 ma-

465 2218 606 2269 xima
649 2215 920 2278 omnium,
978 2231 1100 2286 qua:
1129 2215 1242 2270 illic
1270 2223 1451 2281 erant,
1508 2215 1747 2285 prmbuit
1799 2217 2030 2282 cititas;

462 2307 556 2362 alii
613 2317 796 2362 autem
821 2306 927 2361 orti
953 2315 1112 2362 erant
1161 2323 1225 2362 ex
1256 2305 1423 2370 aliis;
1486 2306 1856 2369 communiter
1897 2323 2034 2362 vero

463 2400 625 2454 simul
654 2414 846 2453 omnes
875 2398 1208 2453 festinabant
1231 2399 1297 2453 ad
1337 2413 1522 2463 unam,
1573 2414 1694 2469 qua:
1725 2407 1810 2454 est
1838 2400 1894 2454 in
1925 2414 2037 2456 ca:-

461 2491 556 2555 lis,
595 2489 897 2546 civitatem.
937 2488 976 2542 li
999 2504 1122 2545 cum
1155 2496 1285 2544 tunc
1314 2490 1594 2544 stetissent
1625 2501 1751 2546 ante
1797 2506 2035 2558 procon-

463 2581 659 2645 sulem,
695 2595 833 2649 quos
865 2595 970 2634 non
1000 2588 1129 2635 tunc
1159 2579 1384 2649 quidem
1424 2595 1707 2636 sermones
1736 2581 1910 2636 libere
1940 2582 2039 2636 ha-

464 2667 745 2726 buerunt?
774 2671 1103 2740 quibusnam
1137 2680 1320 2726 autem
1351 2671 1508 2727 factis
1541 2687 1648 2726 non
1675 2674 2039 2734 obscurarum

465 2757 791 2812 sermones?
837 2766 891 2811 et
921 2757 1195 2827 quodnam
1247 2759 1471 2828 quidem
1512 2761 2040 2816 tormentorutuiter

467 2861 578 2902 non
649 2849 1049 2918 pervastarunt?
1104 2848 1390 2916 Quodnam
1453 2848 1633 2916 autem
1704 2853 2035 2922 supplicium

2133 1686 2327 1724 σκοντο
2368 1669 2571 1730 πάντες
2617 1666 2715 1722 καὶ
2791 1666 2928 1737 πρὸς
2983 1665 3148 1720 αὐτόν
3199 1667 3708 1736 συλλαμϐανόμενοι

2132 1763 2360 1832 ήγοντο·
2392 1760 2515 1830 μεθ’
2542 1755 2617 1813 ὧν
2673 1760 2768 1812 καὶ
2798 1760 2827 1812 6
2879 1758 3022 1826 ἱερὸς
3081 1751 3238 1822 οὗτος
3285 1760 3463 1828 χορὸς.
3529 1760 3562 1828 ἡ
3601 1757 3711 1810 τῶν

2131 1852 2402 1924 ἀριστέων
2437 1851 2620 1916 δεκὰς,
2673 1850 2900 1920 λογάδες
2953 1848 3146 1917 ὥσπερ
3178 1849 3545 1917 ἐξειλεγμένοι
3601 1847 3713 1900 τῶν

2133 1945 2372 2017 ἀρίστων
2403 1943 2634 2008 πόλεων,
2667 1937 2742 1997 ὧν
2769 1943 2898 2006 τοὺς
2929 1941 3032 2010 μὲν
3059 1943 3090 2011 ἡ
3124 1940 3355 2009 μεγίστη
3384 1939 3577 1992 πασῶν
3600 1937 3712 1990 τῶν

2135 2036 2251 2089 ἐκεῖ
2284 2037 2510 2105 παρεῖχε
2548 2033 2725 2099 πόλις,
2781 2033 2831 2087 οί
2879 2032 2935 2085 δὲ
2971 2032 3135 2094 ἄλλος
3177 2031 3275 2102 μὲν
3310 2031 3370 2094 ἐξ
3400 2030 3569 2098 ἄλλης
3605 2028 3716 2098 ὦρ-

2138 2145 2300 2200 μητο,
2319 2130 2472 2196 κοινῇ
2499 2127 2556 2179 δὲ
2584 2127 2731 2195 ὅμως
2760 2125 2966 2188 πάντες
3007 2125 3145 2194 πρὸς
3180 2124 3312 2192 μίαν
3344 2123 3444 2192 τὴν
3467 2124 3524 2174 ἐν
3548 2122 3718 2190 οὐρα-

2137 2221 2249 2283 νοῖς
2280 2219 2436 2272 πόλιν
2471 2217 2790 2288 ἠπείγοντο.
2833 2209 3019 2277 Οὗτοι,
3054 2215 3130 2278 ὡς
3166 2215 3243 2284 τῷ
3271 2213 3565 2282 ἀνθυπάτῳ
3594 2213 3715 2264 τότε

2137 2311 2512 2380 παρέστησαν,
2567 2311 2719 2372 τίνας
2750 2309 2848 2380 μὲν
2891 2309 2993 2361 οὐκ
3028 2306 3364 2376 ἐφθέγξαντο
3396 2304 3716 2377 παρρησίας

2135 2405 2352 2472 λόγους,
2387 2401 2494 2455 τίσι
2523 2401 2579 2455 δὲ
2612 2403 2712 2456 οὐκ
2739 2401 3069 2470 ἀπέκρυψαν
3103 2398 3285 2469 ῑργοις
3334 2397 3458 2458 τοὺς
3481 2398 3712 2465 λόγους;

2140 2493 2231 2546 καὶ
2255 2491 2374 2544 τίνα
2406 2491 2509 2558 μὲν
2533 2489 2636 2542 οὐκ
2664 2487 2902 2557 ἐπῆλθον
2929 2488 3179 2559 βασάνων
3207 2487 3330 2540 ὀδόν
3353 2503 3368 2552 ;
3415 2488 3540 2539 τίνα
3571 2487 3627 2539 δὲ
3651 2486 3716 2538 οὐ

2142 2581 2423 2652 παρῆλθον
2474 2581 2752 2651 τιμωρίαν
2807 2583 2874 2651 τῇ
2928 2579 3217 2650 καρτερίᾳ,
3276 2579 3370 2632 ἐπὶ
3423 2580 3720 2650 τριάκοντα

2140 2673 2239 2735 τὰς
2268 2674 2446 2734 πάσας
2478 2672 2692 2742 ἡμέρας
2711 2670 3072 2740 αἰκιζόμενοι,
3098 2669 3546 2740 στρεϐλούμενοι,
3575 2669 3722 2722 κατᾶ

2140 2764 2244 2833 γῆς
2265 2763 2576 2834 συρόμενοι,
2605 2761 2777 2826 λίθοις
2807 2762 3150 2832 βαλλόμενοι,
3181 2763 3314 2831 πρδς
3341 2761 3400 2814 ὁὶ
3420 2759 3722 2831 γελιὶιμενοί

2144 2873 2201 2908 τε
2235 2857 2330 2908 καὶ
2377 2855 2747 2923 ἐμπτυόμενοι
2798 2853 2893 2908 καὶ
2947 2852 3095 2906 ἅπαν
3142 2850 3284 2915 εἶδος
3336 2850 3722 2922 μυκτηρισμοῦ

469 2956 583 2995 non
615 2951 944 3011 superarunt
977 2942 1287 3004 tolerantia,
1331 2943 1476 3005 caesi,
1515 2944 1662 3008 torti,
1699 2958 1796 3013 per
1842 2955 2040 2998 terram

2148 2945 2436 3014 φέροντες;
2489 2943 2651 2996 ’Λλλὰ
2691 2942 2866 2995 ταῦτα
2899 2943 2998 3010 μὲν
3040 2942 3272 3002 ἐκείνοις
3296 2942 3575 3009 γυμνάσια
3613 2938 3724 2991 τῶν

481 3034 666 3098 tracti,
726 3032 1000 3102 lapidibus
1067 3034 1318 3103 appetiti,
1380 3033 1549 3096 irrisi,
1607 3038 1939 3104 eonsputali,
1992 3047 2045 3090 et

472 3140 634 3181 omne
696 3142 870 3196 genus
918 3125 1157 3181 ferentes
1214 3127 1700 3181 subsannationis?
1751 3127 1858 3182 Sed
1889 3137 2047 3182 erant

472 3217 589 3273 haec
641 3218 863 3288 quidem
907 3217 1016 3272 illis
1067 3217 1379 3276 futurorum
1417 3219 1721 3288 gymnasia,
1770 3226 1827 3274 et
1875 3218 2046 3274 veluti

473 3310 723 3379 quaedam
757 3309 1311 3380 prmexereitationes.
1340 3310 1631 3378 Postquam
1665 3320 1847 3364 autem
1881 3324 2050 3379 opor-

475 3403 627 3456 tebat
642 3417 735 3455 cos
753 3415 946 3470 magna
967 3415 1187 3454 currere
1207 3399 1472 3470 Olympia,
1501 3402 1782 3469 temporis,
1802 3401 2046 3469 inquam,

475 3499 921 3554 tormentorum;
955 3499 1075 3545 erat
1111 3505 1244 3544 vero
1273 3489 1391 3544 dies
1431 3489 1774 3559 prmstitutus
1833 3489 2050 3543 decimo

476 3583 750 3636 Kalendas
771 3579 1094 3645 Januarias;
1147 3590 1204 3634 et
1255 3591 1505 3650 paratum
1540 3582 1764 3649 quidem
1803 3583 2051 3636 erattri-

483 3673 665 3732 lunai.
703 3681 757 3726 et
781 3671 1108 3742 praesidebat
1141 3672 1469 3742 proconsul,
1500 3673 1849 3726 ducebantur
1876 3673 2052 3728 athle-

483 3775 551 3818 tae
581 3781 595 3818 :
621 3764 766 3833 pleni
812 3779 942 3818 vero
974 3773 1133 3818 erant
1163 3762 1348 3826 amba,
1398 3763 1448 3815 hi
1474 3763 1694 3831 quidem
1729 3764 1895 3817 animi
1938 3764 2053 3817 ala-

483 3857 701 3922 critate,
733 3857 822 3910 ille
861 3871 992 3911 vero
1045 3857 1230 3909 lurore
1257 3854 1568 3909 etinsania.
1611 3855 1680 3908 Et
1713 3855 1803 3909 ille
1830 3842 2056 3924 quidem

481 3956 602 4000 erat
623 3962 930 4016 propensus
981 3946 1047 4000 ad
1088 3947 1427 4016 puniendum
1472 3960 1644 4014 usque
1697 3945 1763 3997 ad
1802 3954 2054 4006 mortem,

489 4038 546 4092 hi
577 4053 708 4093 vero
741 4040 918 4108 parati
955 4047 1114 4092 erant
1153 4037 1426 4094 sustinere
1452 4052 1625 4107 usque
1654 4036 1722 4092 ad
1749 4045 2056 4090 extremum

485 4130 775 4198 spiritum:
821 4130 1090 4185 iracundo
1119 4139 1175 4184 et
1227 4131 1431 4184 caedem
1464 4130 1708 4199 spirante
1762 4129 1915 4182 vultu
1963 4143 2058 4182 eos

485 4233 705 4275 intuens
732 4239 744 4274 :
777 4221 1034 4286 Qumuam
1066 4230 1170 4285 est,
1202 4220 1399 4290 inquit,
1451 4228 1599 4275 tanta
1633 4218 2056 4290 amentia,quod

2153 3037 2457 3106 μελλόντων
2507 3037 2602 3090 καὶ
2642 3033 2730 3089 οἶα
2774 3033 3242 3104 προαγωνίσματα
3303 3030 3390 3102 ἦν.
3457 3032 3612 3084 Ἐπεὶ
3667 3032 3725 3084 δὲ

2149 3127 2255 3179 ἔδει
2306 3127 2532 3190 τούτους
2584 3128 2677 3179 καὶ
2711 3126 2780 3180 τὰ
2815 3125 3033 3197 μεγάλα
3082 3126 3315 3194 δραμεῖν
3362 3123 3635 3193 Ὀλύμπια
3657 3122 3727 3174 τὰ

2148 3220 2259 3273 τῶν
2294 3220 2524 3292 καιρῶν,
2573 3219 2842 3289 βασάνων,
2895 3219 3060 3288 φημὶ,
3091 3217 3296 3287 ὥριστο
3324 3217 3379 3269 δέ
3413 3218 3510 3269 καὶ
3535 3215 3726 3286 ἡμέρα

2149 3314 2257 3365 τῶν
2309 3311 2650 3381 Ἰαννουρίων
2680 3311 2960 3365 καλανδῶν
2992 3313 3023 3379 ἡ
3055 3315 3162 3381 πρὸ
3194 3310 3348 3372 δέκα,
3389 3310 3484 3362 καὶ
3523 3309 3582 3362 τὸ
3624 3308 3728 3377 μὲν

2151 3404 2309 3474 βῆμα
2334 3404 2669 3474 ηὐτρέπιστο
2721 3403 2817 3456 καὶ
2849 3403 2876 3454 ὀ
2911 3401 3223 3461 ἀνθύπατος
3275 3397 3642 3466 προεκάθητο,
3679 3398 3726 3448 οί

2149 3496 2207 3548 δὲ
2238 3495 2472 3565 ἀθληταὶ
2527 3495 2724 3563 ἤγοντο
2752 3508 2767 3526 ο
2801 3493 3028 3564 πλήρεις
3057 3493 3114 3545 δὲ
3142 3489 3283 3561 ἦσαν
3334 3489 3522 3560 ἄμφω,
3550 3489 3598 3540 οἱ
3629 3487 3728 3556 μὲν

2152 3588 2481 3658 προθυμίας,
2509 3587 2537 3638 ὁ
2561 3587 2618 3639 δὲ
2653 3585 2823 3656 θυμοῦ
2843 3589 2935 3638 καὶ
2968 3585 3174 3647 ἀνοίας,
3207 3586 3301 3637 καὶ
3334 3583 3409 3653 τῷ
3446 3581 3543 3649 μὲν
3569 3579 3734 3632 κολάο

2155 3682 2270 3744 ζειν
2297 3679 2458 3750 μέχρι
2489 3680 2583 3732 καὶ
2636 3679 2896 3748 τελευτῆς
2938 3679 2969 3746 ἡ
3000 3675 3162 3747 ῥοπὴ,
3194 3677 3306 3737 τοῖς
3338 3674 3393 3726 δὲ
3435 3671 3730 3740 ὑπομένειν

2153 3773 2248 3827 uati.
2273 3771 2372 3840 τῆς
2410 3769 2646 3840 ἐσχάτη⁹ς
2671 3771 2800 3840 ἄχρι
2834 3769 3002 3838 πνοῆς
3040 3771 3074 3838 ἠ
3108 3767 3456 3838 παρασκευή·
3510 3762 3729 3832 ὀργίλον

2154 3863 2339 3925 αὐτοῖς
2375 3861 2654 3932 summa;
2687 3862 2785 3914 καὶ
2810 3859 3050 3929 φονικὸν,
3079 3859 3177 3922 Τίς
3203 3861 3235 3925 ἡ
3268 3857 3528 3926 τοσαύτη,
3557 3856 3730 3924 λέγει,

2155 3953 2264 4004 τῶν
2316 3953 2530 4022 φρενῶν
2568 3951 2848 4015 ἔκστασις,
2902 3950 2988 4002 ὅτε
3027 3951 3164 4020 μήτε
3215 3949 3371 4014 λόγος
3398 3947 3532 4015 μήτε
3567 3945 3673 4014 μὴν
3705 3945 3737 3998 6

2155 4041 2348 4109 χρόνος
2392 4038 2452 4091 τδ
2481 4039 2728 4093 συνοῖσον
2757 4040 2905 4107 ἡμᾶς
2951 4037 3227 4102 ἐδίδαξενς
3263 4033 3395 4089 Εἶτα
3426 4035 3615 4105 ὥσπερ
3654 4033 3734 4102 τῷ

2159 4131 2515 4202 προσχήματι
2542 4131 2690 4200 μόνῳ
2720 4131 2819 4198 τῆς
2847 4132 3016 4199 ὀργῆς
3048 4129 3398 4197 καταπλήξας
3421 4127 3618 4188 αὐτοὺς
3639 4127 3738 4178 καὶ

2161 4223 2262 4292 ἥδη
2305 4221 2620 4290 πειθηνίους
2647 4220 2852 4285 λαϐὼν,
2877 4220 3109 4284 Θύσατε,
3157 4221 3342 4291 φησὶν,
3377 4213 3422 4272 ὣ
3447 4215 3624 4272 οὗτοιο
3685 4217 3735 4267 εί

487 4326 666 4379 neque
697 4312 858 4375 ratio,
892 4327 1069 4380 neque
1094 4319 1310 4380 tempus
1339 4327 1435 4364 vos
1466 4312 1518 4364 id
1566 4311 1772 4374 docuit,
1803 4311 1948 4380 quod
1976 4325 2043 4365 εει

2162 4314 2218 4366 δὲ
2252 4313 2349 4383 μὴ,
2381 4313 2497 4366 ἀλλ’
2523 4313 2633 4380 ἐγὼ
2668 4313 2767 4382 μὲν
2790 4313 2942 4366 οὐδὲν
2969 4313 3136 4365 πλέον
3167 4313 3300 4383 ἐρῶ,
3338 4313 3496 4381 ὑμεῖς
3520 4311 3576 4361 δὲ
3597 4309 3737 4361 εἴσε-

490 4401 736 4455 iuturum
769 4403 1161 4457 conducibile?
1211 4403 1417 4457 Deinde
1455 4404 1683 4472 perinde
1721 4418 1786 4456 ac
1821 4403 1865 4456 si
1914 4403 2055 4469 sola,

2165 4405 2259 4457 σθε
2294 4403 2409 4474 μετ’
2440 4403 2620 4473 ὀλίγον
2647 4403 2728 4466 τίς
2757 4405 2908 4456 ἐστιν
2929 4398 2972 4472 ᾧ
2997 4403 3092 4457 νῦν
3115 4405 3391 4457 ἁπειθεῖτε
3413 4403 3626 4458 Δέκιος.

489 4511 652 4561 quam
677 4511 790 4564 pra:
829 4509 887 4549 se
918 4495 1152 4560 ferebat,
1185 4496 1265 4550 ira
1321 4511 1419 4550 eos
1468 4496 1953 4564 perterrefecisset,
2001 4507 2056 4552 et
2089 4497 2202 4568 jam
2258 4497 2362 4562 eis,
2420 4509 2481 4551 ut
2559 4505 2842 4564 parerent,
2918 4495 3324 4564 persuasisset:
3395 4494 3734 4558 Sacriﬁcate,

379 4662 392 4672 _
495 4588 710 4658 inquit;
757 4587 842 4642 sin
895 4587 1096 4654 minus,
1137 4604 1238 4660 ego
1275 4589 1500 4659 quidem
1553 4590 1694 4644 nihil
1724 4591 1904 4647 dicam
1946 4592 2225 4662 amplius;
2275 4607 2374 4645 vos
2419 4600 2602 4645 autem
2671 4590 2862 4645 scietis
2903 4589 3064 4658 paulo
3102 4598 3264 4658 post,

437 4713 440 4726 ε
490 4683 710 4743 Decius.
737 4680 828 4736 cui
863 4696 960 4736 vos
982 4697 1090 4735 non
1128 4683 1293 4737 vultis
1321 4698 1468 4738 nunc
1504 4699 1714 4739 morem
1772 4700 1985 4754 gerere.

438 4764 443 4844 μ
564 4775 649 4830 Ill.
686 4773 766 4828 Ad
795 4774 912 4829 haec
971 4782 1280 4846 martyres:
1320 4775 1433 4830 Nos
1479 4776 1724 4844 quidem,
1757 4792 1792 4832 ο
1835 4790 2059 4846 pra-ses.

493 4866 926 4938 responderunt,
957 4875 1016 4922 et
1041 4867 1228 4922 verbis
1253 4877 1310 4923 et
1341 4867 1526 4932 faelis,
1549 4870 1786 4925 etetiam
1817 4877 2062 4936 tempore

492 4962 629 5015 satis
660 4975 906 5031 magnam
957 4959 1211 5014 dedimus
1237 4963 1676 5030 experientiam,
1708 4961 1852 5030 quod
1885 4975 2063 5029 neque

421 5035 446 5063 ⁵
492 5050 602 5104 diis
632 5049 1087 5113 sacriﬁcabimus,
1117 5065 1297 5120 neque
1332 5050 1398 5104 ad
1434 5050 1539 5105 hoc
1575 5051 1811 5120 alicujus
1837 5050 2065 5104 alterius

493 5138 758 5194 cedemus
786 5140 1158 5196 sermonibus.
1207 5139 1316 5196 Sed
1351 5156 1552 5210 neque,
1587 5141 1947 5209 interpellans
1975 5140 2062 5196 di-

498 5231 577 5286 xit
612 5230 833 5304 impius,
861 5230 1037 5299 vobis,
1075 5247 1109 5286 ο
1131 5231 1302 5302 impii,
1331 5239 1496 5286 erunt
1522 5246 1670 5286 curre
1696 5231 1806 5286 ulla
1825 5239 2068 5286 tarmen:

505 5321 597 5376 ta?
651 5323 1031 5393 Nequaquam,
1094 5323 1355 5380 dixerunt
1402 5327 1614 5391 sancti;
1667 5325 2064 5395 propemodum

499 5415 646 5470 enim
671 5416 777 5470 hoc
805 5417 1028 5471 nomine
1069 5418 1164 5472 tibi
1215 5417 1480 5474 habemus
1533 5417 1756 5485 gratias,
1797 5417 1942 5487 quod
1966 5430 2064 5472 no.

503 5504 588 5564 bis
615 5507 854 5573 dederis,
883 5517 943 5563 ut
978 5508 1062 5566 his
1092 5510 1433 5580 accipiamur
1459 5510 1657 5580 epulis.
1691 5509 1798 5567 Sed
1830 5524 1940 5568 non
1965 5509 2068 5572 sic.

503 5601 683 5671 inquit
714 5615 937 5671 praeses.
967 5601 1075 5662 erit
1103 5601 1394 5676 deumeos;
1445 5603 1543 5664 sed
1595 5603 1804 5668 scietis.
1865 5611 2067 5674 quanta

501 5692 572 5739 tit
598 5689 955 5747 maximorum
1003 5691 1233 5750 deorum
1296 5693 1562 5762 potentia,
1627 5709 1766 5764 quos
1803 5709 1898 5748 vos
1957 5703 2064 5747 tam

3340 4591 3590 4658 quisnam
3663 4589 3734 4645 sit

2232 4770 2304 4823 I".
2343 4770 2488 4838 Πρὸς
2540 4767 2712 4820 ταῦτα
2744 4768 2795 4819 οἱ
2829 4765 3133 4836 μάρτυρες,
3203 4766 3417 4836 Ἡμεῖς,
3453 4759 3499 4818 ὦ
3527 4767 3732 4836 ἅρχων,

2160 4863 2547 4931 ἀπεκρίναντο,
2581 4860 2675 4912 καὶ
2701 4857 2846 4928 λόγῳ
2895 4857 3074 4927 πολλῷ
3113 4858 3206 4910 καὶ
3227 4859 3396 4927 ἔργῳ,
3424 4859 3526 4927 ἤδη
3557 4859 3612 4910 δὲ
3643 4859 3737 4912 καὶ

2164 4955 2343 5024 χρίᾷνῳ
2374 4952 2471 5020 τὴν
2498 4954 2697 5020 πεῖραν
2728 4949 3044 5019 δεδώκαμεν
3067 4949 3141 5012 ὡς
3171 4948 3294 5002 οὔτε
3311 4951 3456 5012 θεοῖς
3477 4950 3733 5018 θύσομεν,

2165 5046 2289 5100 οὔτε
2309 5045 2452 5106 τινὸς
2480 5043 2640 5098 ἄλλου
2671 5043 2807 5111 πρός
2851 5041 3007 5096 τοῦτο
3041 5042 3230 5110 λόγους
3253 5042 3573 5112 ὑπείξομεν.
3601 5040 3738 5096 Οὔτε

2167 5139 2280 5209 μὴν
2306 5136 2442 5202 ἀλλ’,
2470 5135 2708 5204 ἐγκύψας
2736 5138 2762 5188 ὁ
2787 5135 3077 5205 δυσσεϐὴς,
3097 5134 3216 5187 οὐδὲ
3234 5135 3341 5188 τῶν
3373 5135 3623 5205 βασάνων
3643 5136 3737 5189 οὗ·

2171 5231 2297 5296 δὲν,
2345 5229 2590 5294 ἀνόσιοι,
2657 5228 2815 5298 μέλον
2875 5230 3038 5295 ὑμῖνς
3096 5227 3409 5297 Οὑμενοῦν,
3470 5222 3625 5280 εἷπον
3685 5230 3736 5281 οἱ

2175 5319 2320 5381 ἅγιοι
2344 5334 2358 5349 ·
2420 5316 2617 5387 μικροῦ
2637 5318 2742 5384 γάρ
2781 5334 2863 5370 σοι
2889 5320 2980 5371 καὶ
3013 5319 3240 5388 χάριτας
3283 5318 3736 5386 προσοφείλομεν,

2175 5413 2256 5465 ὅτι
2295 5410 2520 5472 ταύταις
2551 5410 2683 5480 ἡμῖν
2709 5409 3106 5479 ἐνευωχηθῆναι
3128 5409 3386 5470 δέδωκας.
3427 5408 3567 5462 Ἀλλ’
3598 5407 3736 5471 οὔτι,

2176 5505 2340 5574 φησιν
2355 5505 2383 5556 6
2399 5504 2604 5571 ἅρχων,
2621 5501 2684 5551 τὸ
2699 5500 2824 5569 ἑξῆς
2846 5499 3020 5564 οὕτως
3041 5501 3195 5556 ἔσται
3213 5500 3280 5554 ἂν
3302 5499 3411 5567 ἐγώ
3434 5518 3488 5553 τε
3508 5494 3553 5554 ὧ
3571 5501 3632 5571 (1’)
3651 5500 3742 5554 καὶ

2174 5599 2208 5666 ὴ
2239 5596 2345 5654 τῶν
2383 5594 2656 5665 μεγίστων
2685 5591 2821 5646 θεῶν
2849 5591 3103 5663 δύναμις.
3127 5589 3208 5658 οἷς
3236 5595 3369 5664 ἡμῖν
3399 5595 3622 5663 ἀναξδην
3656 5593 3742 5645 οὐ·

2177 5693 2308 5744 τωσὶ
2334 5686 2751 5752 διαλοιὸερεῖσθε
2802 5688 2934 5757 μηδὲ
2968 5689 3095 5750 τοὺς
3128 5689 3488 5761 παρεστῶτας
3515 5686 3738 5745 τούτους
