4122 6380
323 355 437 421 5⁷ἶῖ

1117 358 1585 422 MARTYRIUM
1626 360 1689 422 Β.
1722 363 2166 426 ANASTASIZE
2209 365 2304 426 ΕΤ
2351 366 2765 428 SOCIARUM.

3479 362 3580 426 574

325 467 484 530 σείας
515 464 671 535 lcrbe
697 463 861 520 οἱονεί
888 480 972 530 τις
1003 468 1146 538 ζώνη
1177 474 1356 541 χρυσῆ
1394 471 1461 525 τδ
1500 471 1754 525 πλεῖστον
1806 473 1906 542 τῆς
1935 482 1956 536 Α

2025 475 2204 530 Postea
2243 485 2450 540 autem,
2489 476 2710 547 quando
2736 475 2818 530 vis
2835 473 3103 540 veritatis,
3128 473 3296 529 veluti
3331 472 3578 544 quaedam

325 558 655 629 οἰκουμένης
685 558 1036 630 περιείληφε,
1062 561 1275 625 Παῦλος
1308 564 1403 616 ἐπὶ
1442 563 1732 635 τηννῆσον
1757 564 1908 618 στέλ-

327 652 484 704 λεται
514 649 604 718 ἐφ’
633 642 679 718 ᾧ
710 650 888 704 ταῦτα
915 651 1055 720 πρὸς
1091 652 1192 721 τὴν
1227 654 1357 706 νέαν
1392 656 1625 724 ἀγαγεῖν
1661 655 1906 726 Ῥώμην,

327 741 430 811 τὴν
457 739 708 810 βασιλίδα
745 741 888 809 φημὶ
917 741 1028 795 τῶν
1055 743 1263 796 πόλεων
1286 759 1303 776 ⁸
1337 744 1551 807 Παῦλος
1611 746 1820 807 ἐκεῖνος
1847 740 1908 798 οὗ

331 833 470 886 πολὺ
506 832 568 886 τὸ
587 835 687 902 τῆς
703 833 1018 905 ἁγιωσύνης
1044 835 1217 904 ὄνομα
1247 839 1346 906 τῆς
1374 837 1738 906 μεγαλοδόξου
1778 836 1912 890 Ῥώ-

333 940 446 993 μης
480 922 787 993 ἀρχιερέως
815 925 909 977 καὶ
937 923 1015 994 τῷ
1059 925 1248 994 τρόπῳ
1302 927 1505 995 μᾶλλον
1564 927 1596 998 ἢ
1632 927 1708 998 τῷ
1736 928 1913 999 θρόνῳ

331 1015 396 1068 τὸ
423 1015 702 1085 ἐπίσημον
755 1014 922 1084 ἔχων,
975 1010 1037 1068 οὗ
1075 1018 1169 1070 καὶ
1197 1017 1392 1086 κλῆσις
1420 1020 1582 1088 μόνον
1621 1018 1816 1087 μάστιξ
1845 1016 1913 1090 ἦν

331 1109 449 1168 τοῖς
477 1106 732 1175 δαίμοσιν
755 1107 1068 1179 ἐλατῆριος,
1098 1104 1256 1171 οὗτος
1287 1109 1521 1178 λογάδας
1550 1112 1613 1164 ἐκ
1646 1111 1912 1180 βασιλέως

333 1197 519 1252 λαϐὼν
544 1198 639 1252 τοῦ
671 1201 1076 1270 ἐγχειρήματος
1101 1204 1419 1271 συνεργοὺς,
1453 1202 1548 1256 ἐπὶ
1589 1203 1652 1256 τὸ
1681 1205 1916 1275 Κρητῶν

339 1291 707 1361 παραγίνεται
737 1291 910 1354 ἔθνος,
940 1291 1037 1346 καλ⁵
1053 1293 1150 1363 τὴν
1175 1294 1535 1364 ἐπικειμένην
1565 1294 1783 1364 ἀφελὼν
1803 1297 1917 1358 τοῖς

337 1380 616 1450 λειψάνοις
646 1381 768 1450 γῆν,
807 1381 1051 1452 εὑρίσκει
1085 1382 1280 1445 ταῦτα,
1307 1383 1512 1454 Χριστὲ
1537 1384 1781 1455 βασιλεῦ,
1810 1385 1918 1448 ζῶ-

342 1491 429 1526 σιν
458 1475 676 1527 ἐοικότα
697 1474 794 1527 καὶ⁵
815 1475 1023 1543 φθορᾶς
1054 1476 1344 1544 κρείττονα
1398 1477 1650 1548 καθάπερ
1692 1479 1919 1548 ἐνούσης

339 1565 422 1616 ἐτι
450 1563 623 1633 πνοῆς
657 1565 864 1627 νοτίδος
895 1583 956 1618 τε
983 1567 1168 1629 αὐτοῖς
1189 1561 1278 1620 οἷα
1329 1568 1392 1638 δὴ
1421 1569 1615 1642 δρόσου
1650 1569 1920 1638 ἐπικαθη-

342 1656 515 1724 μένης
545 1655 802 1725 ἑωθινῆς.
844 1656 1086 1710 Ἐκεῖθεν
1107 1655 1202 1710 οῦν
1233 1659 1374 1712 αὐτὰ
1401 1661 1499 1712 σὺν
1519 1660 1764 1729 θαύματι
1791 1662 1919 1714 ἀνε-

339 1745 568 1812 λόμενος
588 1749 656 1816 τῇ
683 1746 912 1817 λαμπρᾷ
943 1748 1040 1800 καὶ
1070 1747 1300 1817 βασιλίδι
1328 1751 1436 1802 τῶν
1489 1751 1693 1804 πόλεων
1737 1753 1918 1822 φέρων

339 1836 547 1900 δίδωτι,
565 1840 660 1891 καὶ
692 1837 788 1891 νῦν
816 1839 956 1892 εἰσιν
980 1834 1043 1892 οὗ
1075 1841 1170 1893 καὶ
1188 1840 1256 1893 τὰ
1284 1841 1405 1912 ἱερὰ
1430 1841 1539 1894 τῶν
1567 1843 1924 1912 μαρτυρικῶν
1955 1823 1996 1877 Β

345 1928 563 2000 νηπίων
601 1929 1033 2001 τεθησαύρισται
1060 1932 1310 2002 λείψανα,
1344 1935 1517 1987 κοινοὶ
1555 1934 1802 2005 σωτῆρες
1825 1933 1919 1986 καὶ⁸

342 2021 626 2090 πολιοῦχοι
657 2023 752 2075 καὶ
781 2023 1026 2092 φύλακες
1059 2025 1118 2077 ἐν
1150 2026 1317 2078 πᾶσιν
1341 2027 1584 2095 ἀνιαροῖς
1623 2027 1917 2095 ἄγρυπνοι,

342 2109 422 2166 ὧν
455 2114 667 2182 γένοιτο
695 2117 817 2178 ταῖς
851 2116 1171 2186 πρεσϐείαις
1197 2117 1455 2188 μετόχους
1481 2119 1572 2169 καὶ
1604 2118 1752 2187 ἡμᾶς
1775 2117 1920 2183 γενέ⁶

345 2208 475 2260 σθαι
515 2208 624 2260 τῶν
680 2209 1064 2279 ἀποκειμένων
1119 2210 1304 2273 αὐτοῖς
1349 2209 1573 2278 ἀγαθῶν
1616 2211 1803 2280 χάριτι
1830 2209 1922 2262 καὶ

345 2300 730 2371 ςιλανθρωπὶᾳ
804 2299 900 2353 τοῦ
961 2302 1170 2372 Κυρέου
1219 2302 1378 2372 ἡμῶν
1429 2301 1602 2371 Ἰησοῦ
1661 2299 1922 2373 Χριστοῦ,

351 2391 477 2460 μεθ’
529 2392 590 2446 οὗ
638 2394 716 2464 τῷ
764 2394 940 2464 Πατρὶ
983 2397 1100 2464 ἅμα
1125 2394 1200 2463 τῷ
1221 2395 1362 2464 ἁγίῳ
1385 2394 1662 2465 Πνεύματι
1683 2394 1807 2458 δόξα
1831 2395 1926 2446 καὶ

350 2485 551 2553 κρὲτος
572 2485 668 2540 νῦν
695 2489 789 2541 καὶ
819 2488 926 2553 ἀεὶ,
951 2486 1047 2540 καὶ
1069 2488 1148 2550 είς
1169 2488 1296 2550 τοὺς
1327 2486 1528 2549 αίῶνας
1552 2486 1658 2539 τῶν
1683 2485 1920 2540 αἰώνων.

361 2578 561 2648 Ἀμήν.

395 2730 668 2758 ιη’-ιη.-

2011 582 2148 621 zona
2171 583 2360 634 aurea,
2391 566 2825 638 "comprehendit
2858 566 3145 620 maximam
3181 575 3388 634 partem
3432 563 3584 620 orbis

2015 667 2310 722 terrarum,
2375 659 2582 713 Paulus
2614 659 2851 712 mittitur
2893 659 2948 712 in
2989 659 3241 720 insulam,
3292 667 3351 710 ut
3387 672 3479 711 eas
3514 655 3581 710 ad

2011 767 2208 806 novam
2239 751 2467 804 Romam
2520 750 2841 815 deduceret,
2894 750 2959 803 ad
3024 752 3288 818 reginam,
3336 751 3580 818 inquam,

2013 843 2233 897 urbium
2271 860 2285 897 :
2332 843 2536 898 Paulus
2575 843 2690 905 ille,
2748 843 2908 911 cujus
2944 851 3028 895 est
3073 855 3325 909 magnum
3382 855 3583 893 nomen

2013 939 2337 1017 sanctitatis,
2379 937 2628 1007 gloriosa:
2650 936 2836 989 Romae
2869 935 3132 1005 pontifex.
3180 941 3234 987 et
3267 933 3356 1000 qui
3417 932 3585 985 mori-

2013 1032 2118 1086 bus
2153 1031 2325 1101 magis
2351 1045 2513 1098 quam
2564 1027 2764 1081 throno
2811 1036 2930 1079 erat
2977 1025 3228 1094 insignis,
3259 1025 3438 1094 Tcujus
3499 1023 3584 1077 vel

2019 1124 2132 1178 sola
2172 1123 2464 1191 appellatio
2510 1128 2632 1175 erat
2657 1119 2930 1188 ﬂagellum
2970 1117 3034 1171 ad
3068 1116 3352 1186 pellendos
3375 1115 3582 1168 dmmo~

2015 1230 2137 1270 nes.
2173 1215 2221 1268 ls
2253 1229 2377 1268 cum
2415 1214 2722 1280 accepiseet
2768 1211 2985 1279 aliquos
3019 1210 3262 1263 delectos
3301 1207 3369 1260 ab
3412 1207 3587 1274 impe-

2018 1316 2233 1373 ratore,
2269 1306 2364 1375 qui
2395 1307 2512 1376 ejus
2539 1314 2720 1373 coepto
2747 1318 2904 1372 opem
2931 1303 3160 1366 ferrent,
3186 1300 3336 1354 venit
3367 1299 3431 1352 ad
3461 1313 3590 1368 gen-

2017 1409 2126 1455 tem
2157 1399 2474 1453 Cretensem
2501 1405 2590 1450 :et
2615 1411 2736 1450 cum
2770 1397 3292 1448 amovissetterram
3342 1387 3590 1457 reliquiis

2021 1487 2358 1559 impositam,
2390 1486 2597 1540 invenit
2624 1501 2738 1546 eas,
2774 1500 2807 1538 ο
2838 1483 2953 1536 Rex
2982 1480 3221 1542 Christe,
3270 1478 3477 1533 similes
3506 1476 3592 1529 vi-

2020 1581 2294 1641 ventibus,
2318 1591 2371 1633 et
2413 1578 2641 1632 interitu
2691 1575 3026 1645 superiores,
3065 1571 3293 1642 perinde
3325 1585 3389 1624 ac
3421 1569 3465 1622 si
3509 1567 3594 1621 in-

2021 1680 2168 1727 esset
2195 1670 2374 1725 adhuc
2409 1670 2657 1739 spiritus,
2712 1678 2766 1722 et
2797 1668 2878 1722 eis
2930 1667 3130 1721 humor
3184 1672 3441 1732 tanquam
3502 1673 3595 1711 ros

2032 1764 2302 1820 insideret
2331 1763 2660 1816 matutinus.
2693 1759 2831 1813 Cum
2862 1774 2953 1812 eas
2982 1772 3114 1827 ergo
3160 1755 3313 1808 illinc
3341 1750 3596 1806 sustulis-

2025 1864 2111 1911 set
2139 1869 2265 1909 cum
2298 1853 2588 1916 miraculo,
2632 1867 2724 1906 eas
2772 1849 2940 1904 tradit
2987 1847 3268 1917 praeclara:
3307 1853 3363 1899 et
3393 1841 3596 1911 reginae

2023 1947 2243 2002 urbium
2279 1960 2293 1995 :
2327 1953 2384 1999 et
2440 1959 2586 1997 nunc
2625 1951 2772 2006 sunt,
2837 1940 2931 1994 ubi
2977 1949 3106 1993 sunt
3160 1935 3413 2006 reposita
3467 1932 3597 1987 reli-

2025 2037 2172 2107 quia:
2233 2044 2535 2104 martyrum
2568 2031 2880 2096 infantium,
2923 2041 3245 2084 communes
3287 2032 3597 2079 servatores

2024 2135 2081 2181 et
2135 2125 2396 2195 praesides
2448 2123 2711 2184 civitatis,
2769 2131 2825 2176 et
2856 2121 3148 2190 vigilantes
3213 2115 3474 2171 custodes
3541 2113 3595 2164 in

2027 2217 2285 2273 omnibus
2335 2217 2505 2271 rebus
2555 2214 2846 2270 molestis:
2882 2226 3124 2282 quorum
3185 2201 3596 2262 intercessioni-

2027 2310 2134 2363 bus
2162 2307 2326 2362 detur
2361 2309 2526 2360 nobis
2550 2305 2812 2374 consequi
2839 2304 2981 2356 bona
3009 2301 3144 2369 ipsis
3189 2296 3446 2366 reposita,
3479 2309 3601 2364 gra-

2033 2397 2109 2451 tia
2141 2406 2197 2452 et
2232 2396 2527 2450 clementia
2557 2394 2770 2449 Domini
2809 2392 2983 2447 nostri
3019 2391 3148 2446 Jesu
3178 2386 3383 2444 ΟΙιι-ἱμιὶ
3418 2401 3431 2437 :
3474 2397 3600 2438 cum

2032 2503 2144 2556 quo
2191 2487 2340 2540 Patri
2401 2496 2459 2540 et
2494 2495 2684 2539 sancto
2713 2482 2945 2554 Spiritui
2997 2481 3172 2549 gloria
3233 2487 3289 2533 et
3335 2476 3600 2547 potentia,

2038 2591 2183 2631 nunc
2213 2587 2271 2631 et
2304 2591 2542 2645 semper,
2580 2585 2636 2629 et
2663 2576 2716 2628 in
2745 2575 2945 2628 saecula
2970 2572 3318 2626 smeulorum.
3342 2568 3540 2622 Amen.

1542 2893 2416 3016 ΜΑΡΤΥΡΙΟΝ

684 3125 903 3212 ΤΗΣ
979 3122 1302 3209 ΑΓΙΑΣ
1377 3122 1573 3206 ΚΑΙ
1645 3108 2186 3206 ΕΝΔΟΞΟΥ
2246 3111 3292 3215 ΜΕΓΑΛΟΜΑΡΤΥΡΟΣ

1459 3298 2514 3436 ΑΝΑΣΤΑΣΙΑΣ

916 3532 1037 3588 ΚΑΙ
1077 3530 1456 3600 ΤΩΝ-ΔΓΙΩΝ
1493 3528 1878 3587 ΜΑΡΤΥΡΩΝ
1917 3527 2217 3594 ΑΓᾹΠΗΣ,
2263 3525 2573 3580 ΕῘΡΗΝΗΣ
2614 3525 2733 3579 ΚΑΙ
2775 3522 3058 3578 ΧΙΟΝΙΑΣ

1658 3668 1788 3721 ΚΑΙ
1821 3666 1960 3720 ΤΩΝ
1989 3666 2288 3719 ΛΟΙΠΩΝ.

1559 4002 2434 4117 MARTYRIUM

708 4254 1192 4345 SANCTIE
1263 4252 1414 4342 ΕΤ
1491 4251 2056 4340 INCLYT/E
2148 4243 2593 4336 MAGNIE
2669 4239 3288 4332 MAR'I‘YBIS

933 4467 2066 4628 ANASTASUE
2176 4461 3064 4620 JUNIORIS

877 4744 978 4806 ET
1024 4741 1503 4805 SANCTARUM
1548 4739 2016 4800 MARTYRUM
2064 4736 2394 4809 AGAPES,
2440 4733 2752 4806 IRENES,
2797 4731 3158 4794 CHIONUE

1761 4885 1854 4940 ET
1879 4882 2272 4940 SOCIARUM.

872 5033 1064 5096 (Graece
1093 5046 1153 5084 ex
1179 5032 1285 5084 cod.
1311 5044 1405 5082 ms.
1432 5031 1586 5082 Paris.
1613 5041 1662 5078 n.
1698 5027 1854 5089 H96;
1883 5028 2054 5079 Latine
2082 5026 2211 5088 apud
2238 5023 2438 5075 Surium
2473 5022 2532 5071 ad
2561 5022 2694 5074 diem
2719 5021 2780 5070 25
2801 5013 3133 5076 Decembris.)
3220 5000 3223 5002 ’

451 5337 528 5391 A’.
575 5332 895 5388 ’Δναστασία
921 5331 1199 5400 γυναικῶν
1238 5333 1267 5401 ἡ
1298 5331 1563 5398 καλλίστη
1599 5329 1820 5400 Ῥώμης
1850 5329 1952 5400 μὲν

2025 5377 2026 5383 η
2126 5328 2168 5382 Ι.
2185 5323 2492 5388 Anastasio,
2518 5320 2812 5375 mulierum
2839 5313 3228 5386 pulcherrima,
3263 5307 3479 5378 inclytae
3505 5307 3632 5377 qui-

380 5429 481 5496 τῆς
511 5426 792 5498 περιδόξου
825 5423 1013 5494 φυτὸν,
1045 5424 1231 5492 γένεος
1253 5422 1309 5474 δὲ
1347 5421 1678 5492 περιφανείᾳ
1711 5422 1808 5474 καὶ
1830 5422 1960 5476 κάλ-

2059 5417 2182 5472 dem
2211 5417 2399 5470 Romae
2422 5421 2540 5466 erat
2565 5419 2689 5464 nata
2717 5427 2730 5462 :
2765 5405 2982 5476 generis
3013 5410 3196 5456 autem
3239 5397 3532 5469 splendore
3575 5405 3633 5450 et

382 5493 465 5572 λει
497 5493 770 5587 σώματος,
802 5493 1055 5587 εὖγενεία
1085 5534 1143 5569 τε
1168 5514 1349 5585 ψυχῆς
1385 5515 1478 5567 καὶ
1505 5513 1652 5585 ἠθῶν
1687 5514 1956 5585 εὐκοσμίᾳ

2060 5509 2310 5580 corporis
2336 5502 2764 5577 pulchritudine.
2793 5508 2849 5555 et
2873 5497 3067 5552 anima:
3096 5493 3399 5555 nobilitate,
3429 5499 3484 5545 et
3515 5505 3633 5545 mo-

384 5611 492 5664 τῶν
516 5609 708 5666 πασῶν
733 5610 954 5682 ἐκράτει
980 5610 1075 5662 καὶ
1099 5611 1210 5672 τοῖς
1235 5607 1491 5662 ἁπάντων
1513 5607 1672 5676 ᾔδετο
1699 5605 1956 5676 χείλεσιν,

2063 5616 2184 5654 rum
2239 5599 2524 5652 honestate
2578 5602 2634 5649 et
2679 5590 3055 5646 moderatione
3111 5601 3300 5641 omnes
3353 5583 3629 5643 vincebat,

385 5704 576 5775 ἀνδρὸς
604 5704 704 5774 μὲν
731 5677 1128 5773 πραιτεξτὰτου
1160 5702 1308 5765 τινὸς
1349 5700 1597 5770 θυγάτηρ
1629 5697 1786 5761 οὖσα,
1809 5697 1956 5766 παρά

2063 5703 2118 5749 et
2147 5691 2318 5747 labris
2370 5688 2614 5745 omnium
2663 5685 2985 5742 cauebatur.
3030 5682 3098 5736 Et
3125 5689 3245 5735 erat
3286 5677 3507 5746 quidem
3539 5688 3634 5728 cu-

388 5815 491 5852 τινι
521 5797 576 5851 δὲ
606 5797 759 5868 ἀνδρὶ
790 5795 1114 5868 Χρυσνιγόνλῳ
1149 5792 1385 5863 τοῦνομα
1415 5793 1480 5846 τὰ
1504 5792 1619 5845 θεῖα
1651 5790 1800 5860 σοφῷ
1831 5806 1958 5842 παι-

2057 5783 2276 5858 jusdam
2301 5781 2403 5838 viri
2447 5779 2749 5851 prretextati
2782 5777 2884 5834 (ilia
2916 5793 2928 5832 :
2957 5792 2984 5830 a
3017 5773 3250 5846 quodam
3298 5776 3503 5832 autem,
3529 5779 3638 5819 no~
