4102 6376
514 337 622 406 575

1754 342 2044 402 MENSIS
2087 329 2522 402 DECEMBER.

3695 342 3803 406 διο

464 465 474 527 ι
515 457 666 510 mine
698 452 1077 523 Chrysogono,
1120 449 1226 505 fuit
1276 448 1329 504 in
1373 448 1539 504 rebus
1589 448 1796 504 divinis
1825 448 2090 513 instituta,

2205 447 2484 511 δευθεῖσα,
2511 447 2571 512 ὃς
2603 447 2698 502 καὶ
2751 447 3061 520 μαρτυρίου
3127 449 3379 521 στεφάνῳ
3407 450 3506 523 τὴν
3557 456 3806 526 κεφαλὴν

510 543 601 600 cui
627 543 794 598 etiam
824 540 925 594 fuit
957 549 1143 609 postea
1174 550 1340 608 caput
1373 550 1698 596 cnnoratum
1727 554 1928 594 corona
1958 555 2105 594 mar-

511 633 661 704 tyrii,
697 632 842 686 sicut
881 631 1045 686 etiam
1073 631 1385 700 procedens
1410 630 1718 686 declarabit
1744 633 1944 695 oratio,
1977 647 2104 688 cum

513 724 714 794 impius
755 723 1136 778 Diocletianus
1169 722 1414 778 Romana
1447 735 1666 796 sceptra
1699 734 1831 780 tunc
1865 734 2103 784 teneret.

582 820 648 874 ll.
674 820 811 874 Cum
831 835 962 889 ergo
988 818 1132 888 apud
1164 818 1578 891 Chrysogonum
1607 819 1892 875 Anastasis
1918 820 2105 875 falsam

509 910 798 980 gentilium
821 909 1138 978 opinionem
1156 910 1340 965 verbis
1369 910 1673 965 luculentis
1695 911 1945 976 cluisset,
1975 925 2103 968 eum

511 1000 606 1068 qui
638 1015 766 1054 vere
793 1008 881 1053 est
931 998 1098 1065 Deus,
1126 1017 1228 1071 pro
1260 1002 1329 1056 iis
1359 1003 1452 1072 qui
1487 1002 1768 1066 viderunt,
1799 1005 2100 1075 cognoscit.

511 1092 579 1150 Et
609 1107 757 1146 nunc
787 1091 1010 1162 quidem
1042 1108 1152 1148 non
1203 1093 1377 1148 libere
1407 1094 1704 1164 profitetur
1757 1095 2040 1166 pietatem,
2069 1109 2102 1150 a

507 1197 665 1258 patre
702 1204 834 1243 vero
874 1189 957 1244 vel
1001 1189 1168 1245 invita
1225 1191 1282 1245 in
1325 1192 1740 1247 matrimonium
1795 1192 1922 1248 data
1982 1193 2102 1248 viro

505 1279 718 1350 gentili,
760 1282 984 1354 nomine
1031 1282 1250 1344 Publio.
1282 1294 1538 1350 conante,
1605 1293 1667 1340 ut
1711 1284 1939 1345 dicitur.
1994 1285 2102 1340 mi-

511 1386 667 1427 scere
695 1387 759 1426 ea
803 1389 924 1442 qua:
982 1374 1202 1428 misceri
1237 1384 1546 1444 nequeunt,
1604 1376 1696 1430 illa
1737 1376 1939 1446 partim
1977 1378 2101 1448 qui-

506 1463 630 1520 dem
679 1465 906 1518 omnino
962 1465 1069 1520 sibi
1123 1467 1415 1523 vindicans
1467 1468 1866 1539 virginitatem,
1899 1472 2098 1540 partim

505 1566 688 1611 autem
725 1556 1036 1612 abhorrens
1066 1560 1187 1627 ejus
1217 1559 1561 1630 religionem,
1620 1577 1686 1616 ne
1714 1577 1837 1617 cum
1864 1577 1931 1616 eo
1973 1563 2100 1633 qui-

513 1647 637 1702 dem
667 1648 892 1702 omnino
916 1648 1236 1706 cohabitare
1263 1653 1317 1704 in
1349 1651 1594 1706 animum
1622 1651 1862 1718 induxit,
1892 1656 1988 1712 sed
2039 1665 2098 1710 ut

506 1754 641 1808 pura
676 1739 743 1793 ad
795 1739 1082 1794 Christum
1129 1741 1440 1807 accederet,
1487 1754 1546 1799 et
1597 1748 1808 1802 nullum
1862 1761 1930 1803 ex
1976 1748 2096 1819 ejus

503 1830 792 1898 praeceptis
840 1831 1174 1900 despiceret,
1207 1832 1302 1886 diu
1342 1845 1621 1904 noctuque
1681 1838 1972 1903 meditans,
2026 1838 2094 1894 ad

502 1935 630 1976 eum
660 1936 877 1978 omnem
933 1923 1132 1978 direxit
1173 1924 1588 1994 cogitationem.
1620 1926 1840 1986 Vestem
1871 1929 2094 1999 quidem

505 2019 658 2067 certe
707 2028 851 2082 saepe
898 2023 1141 2080 mutans,
1187 2026 1244 2070 et
1285 2018 1375 2072 vili
1421 2033 1521 2087 pro
1567 2019 1856 2089 splendida
1905 2036 1964 2076 se
2012 2023 2098 2078 in-

515 2103 714 2166 duens,
743 2113 798 2159 ct
828 2121 888 2161 se
913 2107 1103 2162 habitu
1135 2109 1546 2178 quodammodo
1583 2112 1791 2178 celans,
1811 2128 1939 2169 una
1972 2129 2092 2170 eam

505 2208 772 2266 sequente
819 2201 1039 2267 ancilla,
1075 2217 1269 2257 omnes
1319 2203 1509 2260 obibat
1534 2220 1802 2272 carceres,
1829 2214 1886 2263 et
1930 2223 1960 2262 a
1989 2211 2095 2276 icu-

502 2289 757 2345 (todibus
787 2307 978 2348 cmens
1008 2293 1316 2363 ingressum
1346 2299 1612 2367 pecuniis,
1640 2314 1736 2354 eos
1771 2301 1868 2370 qui
1911 2301 1968 2355 in
2013 2303 2095 2358 eis

507 2397 609 2450 pro
639 2382 858 2438 Christo
905 2399 1065 2439 erant
1096 2385 1313 2451 inclusi,
1365 2395 1420 2442 et
1458 2403 1687 2458 corpore
1719 2399 1945 2462 propter
1979 2401 2097 2448 tor-

505 2484 688 2526 menta
725 2473 866 2528 male
895 2483 1055 2528 erant
1086 2475 1306 2542 affecti,
1339 2492 1464 2532 cum
1492 2488 1696 2548 quanta
1723 2482 1904 2550 potuit
1942 2500 2096 2540 reve-

507 2561 680 2614 rentia
729 2572 784 2616 et
843 2563 1054 2620 honore
1105 2566 1355 2630 curabat,
1406 2569 1575 2637 pedes
1629 2571 1842 2637 lavans,
1898 2589 2096 2630 manus

506 2652 760 2718 abluens,
813 2671 1024 2710 comam
1079 2658 1383 2723 sordidam,
1423 2661 1602 2729 quoad
1643 2663 1762 2733 ejus
1797 2663 1914 2719 ﬁeri
1943 2676 2096 2735 pote-

505 2752 611 2804 rat,
653 2761 986 2818 cxpurgans,
1017 2757 1072 2803 et
1107 2752 1254 2819 quod
1286 2753 1524 2820 pilorum
1564 2764 1684 2808 erat
1713 2757 2080 2825 superﬂuum,

502 2837 774 2904 proitixum
811 2848 995 2893 autem
1019 2852 1141 2895 erat
1179 2854 1406 2912 prepter
1427 2844 1643 2916 louga-n
1671 2847 1725 2900 in
1749 2863 1972 2904 carcere
2009 2851 2096 2906 in-

504 2927 837 2992 clusionem,
864 2931 1104 2988 ol‘ﬁciOse
1153 2936 1410 2996 tondens.
1442 2937 1765 3007 sanguinem
1799 2940 2095 3012 diligenter

502 3019 875 3091 abstergebat,
921 3026 1146 3080 vulnera
1179 3027 1481 3082 mundabat
1509 3047 1521 3084 :
1555 3029 1756 3086 deinde
1784 3033 1949 3087 etiam
1974 3035 2095 3091 alli-

2126 1791 2173 1852 B

2213 539 2440 610 ὕστερον
2465 541 2800 610 ἐκόσμησεν,
2848 538 3038 610 ῶσπερ
3067 540 3178 612 ἄρα
3223 542 3322 597 καὶ
3357 543 3564 612 προῖὼν
3587 548 3616 601 ὁ
3644 545 3806 614 λόγος

2210 631 2465 702 δηλώσει,
2502 630 2886 700 Διοκλητιανοῦ
2939 631 3065 692 τότε
3113 633 3211 688 τοῦ
3241 633 3536 699 δυσσεϐοῦς
3564 638 3633 692 τὰ
3670 639 3807 695 Ῥω-

2212 722 2389 792 μαίων
2419 723 2680 794 σκῆπτρα
2711 723 3019 786 διέποντος.

2280 813 2357 866 B'.
2386 813 2542 884 Παρὰ
2563 813 2900 885 Χρυσογόνῳ
2926 815 3108 870 τοίνυν
3148 819 3479 873 ’Δναστασία
3495 819 3600 890 τὴν
3623 821 3802 892 ἁλμυο

2211 905 2312 976 ρᾶν
2342 906 2454 959 τῶν
2498 906 2768 977 Ἑλλήνων
2797 907 2958 972 δόξαν
2995 909 3252 979 ποτίμοις
3285 913 3531 983 ῥήμασιν
3559 915 3799 969 ἀποκλυ-

2210 998 2423 1068 σαμένη
2453 998 2546 1051 τὸν
2577 999 2748 1063 ὅντως
2803 1000 2934 1054 ὅντα
2981 1000 3116 1055 Θεὸν
3151 1001 3276 1055 ἀντὶ
3324 1003 3434 1054 τῶν
3496 1003 3799 1059 δοκούντων

2207 1091 2580 1160 ἐπιγινώσκει.
2608 1093 2721 1146 Καὶ
2746 1094 2842 1146 νῦν
2877 1093 2978 1164 μὲν
3005 1094 3066 1148 οὑ
3099 1095 3544 1166 παρρησιάζεται
3574 1096 3673 1170 τὴν
3703 1099 3796 1152 εὐ-

2207 1186 2446 1248 σέϐειαν,
2473 1185 2625 1255 παρὰ
2654 1183 2711 1237 δέ
2735 1184 2830 1239 τοῦ
2871 1185 3080 1258 πατρὸς
3106 1188 3202 1240 καὶ
3225 1186 3436 1241 ἄκουσα
3462 1188 3598 1259 πρὸς
3619 1189 3799 1270 γάμον

2204 1276 2361 1348 ἀνδρὶ
2386 1276 2610 1346 Ἕλληνι
2637 1276 2949 1343 ἐκδοθεῖσα,
2975 1278 3198 1349 Ποπλίῳ
3220 1277 3480 1349 τοῦνομα,
3514 1283 3792 1352 πειρωμέ-

2203 1383 2296 1421 νου
2333 1367 2601 1436 μιγνύειν,
2629 1368 2693 1422 τὸ
2723 1369 2818 1423 τοῦ
2842 1369 3027 1440 λόγου,
3049 1372 3118 1426 τὰ
3149 1371 3381 1441 ἄμικτα,
3417 1373 3601 1443 ἐκείνη
3634 1376 3794 1428 τοῦτο

2207 1457 2305 1528 μὲν
2328 1456 2426 1527 τὴν
2460 1458 2766 1528 παρθενίαν
2799 1461 2928 1529 περὶ
2963 1461 3162 1522 παντὸς
3193 1462 3516 1532 ποιουμένη,
3548 1463 3707 1516 τοῦτο
3733 1464 3791 1518 δὲ

2202 1551 2298 1605 καὶ
2323 1550 2423 1621 τὴν
2457 1550 2623 1605 αὐτοῦ
2678 1553 2981 1623 θρησκείαν
3033 1555 3180 1625 μάλα
3229 1557 3640 1627 μυσαττομένη,
3677 1557 3792 1610 οὐδ’

2201 1642 2334 1706 ὅλως
2371 1643 2522 1710 αὐτῷ
2553 1648 2828 1699 συνοικεῖν
2863 1647 3077 1716 ἠγάπα,
3103 1647 3242 1701 ἀλλὰ
3269 1648 3330 1702 τὸ
3369 1648 3592 1717 καθαρὰ
3623 1666 3792 1720 προσ·

2201 1735 2377 1790 ελθεῖν
2407 1737 2631 1807 Χριστῷ
2683 1740 2776 1791 καὶ
2816 1739 2954 1808 μηδέ
3017 1739 3152 1810 μίαν
3189 1741 3300 1798 τῶν
3349 1742 3583 1795 ἐντολῶν
3621 1742 3790 1796 αὑτοῦ

2205 1827 2480 1898 παριδεῖν,
2533 1829 2691 1882 τοῦτο
2745 1831 3032 1901 μελετῶσα
3063 1833 3234 1885 νύκτα
3281 1834 3375 1886 καὶ
3421 1834 3541 1902 μεθ’
3574 1834 3791 1906 ἡμέραν

2205 1919 2344 1989 πρὸς
2375 1918 2524 1990 αύτῷ
2575 1921 2756 1974 πᾶσαν
2786 1921 3069 1993 ἁπηύθυνε
3123 1923 3220 1994 τὴν
3258 1924 3527 1978 διάνοιαν.
3573 1925 3792 1992 Ἀμέλει

2206 2009 2301 2062 καὶ
2363 2008 2464 2081 τὴν
2525 2009 2733 2079 ἐσθῆτα
2766 2011 3031 2074 πολλάκις
3091 2011 3400 2082 ἀμείϐουσα
3451 2016 3547 2068 καὶ
3578 2016 3793 2086 φαύλην

2204 2101 2325 2154 ἀντὶ
2369 2102 2470 2170 τῆς
2511 2101 2770 2172 λαμπρᾶς
2828 2104 3297 2175 περιϐαλλομένη,
3325 2110 3423 2158 καὶ
3459 2107 3537 2170 ὡς
3587 2102 3702 2160 οἷόν
3731 2124 3793 2160 τε

2203 2193 2521 2264 κρύπτουσα
2537 2195 2740 2266 ἑαυτὴν
2760 2198 2822 2248 ἐκ
2839 2197 2932 2249 τοῦ
2957 2199 3260 2268 σχήματος,
3285 2201 3413 2269 μιᾶς
3431 2201 3790 2270 ἐφεπομένης

2202 2284 2606 2355 θεραπαινίδος,
2642 2287 2824 2349 πάσας
2881 2304 2940 2340 τε
2987 2289 3086 2351 τὰς
3133 2289 3384 2358 φυλακὰς
3435 2291 3654 2362 περιῄει
3697 2294 3792 2346 καὶ

2201 2379 2480 2448 χρήμασιν
2517 2377 2625 2432 ἀπὸ
2662 2378 2773 2432 τῶν
2793 2379 3056 2447 φυλάκων
3101 2379 3202 2451 τὴν
3257 2379 3465 2434 ιῐσοδον
3501 2381 3790 2453 ὠνουμένη

2201 2469 2329 2532 τοὺς
2356 2471 2413 2523 ἐν
2444 2471 2638 2533 αὑταῖς
2662 2470 2802 2540 ὑπὲρ
2826 2470 3070 2538 Χριστοῦ
3107 2472 3536 2543 καθειρχθέντος
3568 2477 3662 2528 καὶ
3685 2475 3786 2545 βα-

2205 2560 2386 2621 σάνοις
2417 2561 2480 2612 τὸ
2509 2559 2668 2630 σῶμα
2705 2562 2957 2630 πονήρως
2979 2560 3224 2632 ἔχοντας,
3275 2565 3397 2634 μεθ’
3450 2566 3582 2633 ὅσης
3603 2567 3787 2630 αἰδοῦς

2203 2650 2507 2720 ἐθεράπευε
2541 2654 2632 2706 καὶ
2659 2654 2846 2723 τιμῆς,
2879 2653 3047 2717 πόδας
3079 2654 3381 2725 ρύπτουσα,
3401 2658 3592 2727 χεῖρας
3625 2657 3787 2710 εύλα-

2203 2743 2310 2805 ϐὡς
2340 2745 2742 2811 ἀπονίπτουσα,
2775 2747 2952 2816 κόμην
2987 2747 3252 2816 ρυπῶσαν
3281 2749 3353 2812 ὠς
3385 2745 3494 2801 οἷόν
3518 2767 3575 2802 τε
3598 2751 3790 2804 διακαο

2202 2835 2488 2906 θαίρουσα,
2516 2839 2610 2889 καὶ
2632 2837 2741 2889 τῶν
2766 2838 2976 2908 τριχῶν
3009 2839 3066 2891 τὸ
3095 2841 3368 2910 παρέλκον
3394 2841 3530 2912 ὅπερ
3561 2844 3588 2894 ό
3620 2842 3790 2906 πολὺς

2200 2923 2297 2993 τῆς
2331 2923 2669 2994 καθείρξεως
2691 2927 2936 2996 ἐμήκυνε
2965 2927 3156 2997 χρόνος
3184 2929 3600 2999 θεραπευτικῶς
3626 2949 3787 3002 περι-

2201 3017 2462 3088 κείρουσα
2482 3020 2812 3085 ἁπέκλυξεν,
2839 3015 2961 3074 εἶτα
2982 3023 3076 3076 καὶ
3107 3023 3340 3088 ὀθονίοις
3362 3025 3790 3095 καταδεσμοῦσα

501 3128 636 3180 gans
686 3114 896 3180 linteis,
938 3127 995 3170 et
1040 3119 1249 3173 sanctis
1296 3120 1640 3188 amplexibus
1681 3138 1840 3178 suum
1894 3127 1948 3181 in
1997 3141 2090 3185 eos

2203 3111 2296 3165 καὶ
2321 3112 2636 3182 ἀσπασμοῖς
2666 3114 2847 3182 ἁγίοις
2879 3114 2936 3168 τὸ
2969 3116 3106 3184 πρὸς
3137 3117 3333 3182 αὐτοὺς
3361 3117 3785 3191 ἐπιδεικνυμένη

501 3217 742 3258 amarem
794 3207 1070 3273 indicans,
1116 3221 1171 3263 et
1214 3212 1472 3265 alimenta
1515 3214 1814 3284 unicuique
1841 3219 2093 3288 praebens

500 3298 834 3361 necessaria,
883 3299 963 3352 sic
1004 3300 1208 3354 exibat.

571 3389 666 3444 Ill.
696 3391 818 3444 Haec
840 3407 965 3445 cum
983 3392 1177 3446 tierent
1197 3394 1432 3457 assidue,
1471 3401 1728 3467 quoniam
1754 3402 1928 3457 virum
1957 3405 2083 3461 late-

502 3497 559 3535 re.
585 3497 693 3536 non
727 3484 926 3551 potuit,
961 3486 1205 3540 resciscit
1247 3488 1410 3541 etiam
1450 3490 1715 3547 Publius:
1749 3504 1804 3548 et
1833 3498 2089 3564 protinus

501 3575 661 3628 multi
711 3588 840 3629 sunt
866 3576 1097 3629 adhibiti
1156 3581 1415 3636 custodes
1471 3585 1790 3653 Anastasize,
1839 3591 1931 3658 qui
1980 3608 2086 3646 non

502 3666 762 3722 sinebant
805 3685 925 3722 eam
961 3669 1128 3723 domo
1170 3672 1379 3741 egredi,
1430 3691 1608 3746 neque
1643 3679 1811 3732 ullum
1849 3682 1916 3736 ad
1968 3699 2086 3740 eam

507 3757 722 3828 ingredi
757 3775 823 3814 cx
863 3760 930 3814 iis
959 3761 1080 3829 qui,
1116 3772 1175 3816 ut
1209 3763 1283 3818 illi
1313 3766 1591 3835 dicebant,
1619 3785 1800 3826 mores
1828 3773 2090 3828 videban-

502 3858 593 3904 tur
619 3866 997 3921 corrumpere,
1055 3864 1109 3907 ct
1160 3863 1419 3924 poterant
1473 3859 1523 3913 ei
1574 3863 1927 3932 persuadere,
1965 3874 2084 3920 uta

502 3942 680 3998 Publii
724 3944 1032 3999 abstineret
1097 3950 1532 4006 consuetudine.
1594 3953 1745 4010 Illam
1803 3967 1988 4014 autem
2031 3968 2088 4014 et.

500 4033 606 4088 hoc
642 4035 864 4104 quidem
924 4037 1065 4091 male
1099 4038 1360 4108 habebat,
1409 4044 1555 4112 quod
1589 4045 1728 4104 alios
1758 4064 1954 4105 omnes
1991 4051 2086 4121 qui

499 4137 657 4181 antea
707 4129 775 4181 ab
825 4129 942 4198 ipsa
981 4134 1338 4192 curahantur.
1395 4151 1574 4206 neque
1647 4151 1830 4208 posset
1874 4143 2082 4210 videre,

499 4228 605 4268 nec
655 4215 722 4268 ab
774 4217 910 4286 ipsis
960 4218 1179 4274 videri:
1215 4223 1364 4292 quod
1417 4241 1551 4280 vero
1601 4229 1724 4297 plus
1763 4247 1930 4300 quam
1979 4235 2084 4291 alia

497 4323 619 4362 eam
641 4310 944 4376 cruciabat,
995 4323 1050 4367 et
1083 4315 1320 4369 medium
1349 4319 1467 4384 ejus
1496 4334 1590 4373 cor
1647 4325 1920 4394 tangebat,
1967 4338 2086 4382 erat

499 4410 809 4468 praeceptor
856 4403 1277 4475 Chrysogonus;
1335 4411 1427 4478 qui
1491 4428 1614 4468 cum
1668 4415 1888 4476 duobus
1925 4421 2086 4478 annis

2202 3204 2446 3275 φίλτρον,
2479 3206 2687 3274 τροφάς
2710 3224 2769 3259 τε
2805 3208 2904 3269 τὰς
2938 3207 3283 3278 ἐπιτηδείους
3311 3209 3528 3280 ἑκάστῳ
3549 3228 3784 3281 παρεχο-

2201 3297 2365 3366 μένη,
2392 3295 2568 3360 οὕτως
2597 3299 2809 3352 ἐκεῖθεν
2839 3298 3006 3370 ἐξῄει.

2267 3388 2343 3443 1".
2367 3389 2552 3443 Ταῦτα
2606 3393 2848 3461 συνεχῶς
2904 3397 3196 3464 γινόμενα,
3259 3395 3385 3448 ἐπεὶ
3441 3393 3516 3465 μὴ
3547 3391 3661 3465 εἶχε
3695 3397 3791 3450 τδν

2197 3481 2365 3554 ἄνδρα
2419 3483 2626 3549 λαθεῖν,
2679 3485 2946 3554 μανθάνει
3005 3487 3103 3540 καὶ
3132 3486 3394 3550 Πόπλιος,
3459 3492 3553 3541 καὶ
3583 3489 3783 3543 αὐτίκα

2198 3575 2438 3644 φύλακες
2465 3571 2607 3646 ἦσαν
2654 3579 2981 3650 Ἀναστασίᾳ
3017 3580 3228 3650 συχνοὶ,
3272 3579 3400 3650 μήτ’
3444 3581 3614 3649 αὐτὴν
3649 3581 3782 3646 ἐξιέο

2196 3687 2284 3722 ναι
2305 3672 2405 3739 τῆς
2431 3671 2612 3733 οἰκίας
2639 3671 2862 3735 ἐῶντες,
2893 3674 3030 3743 μήτε
3070 3674 3178 3742 μὴν
3203 3674 3332 3742 παρ’
3351 3673 3518 3744 αὐτὴν
3550 3669 3808 3726 εἰσιέναι

2194 3763 2317 3814 τινὰ
2365 3762 2474 3814 τῶν
2529 3763 2649 3814 κατ’
2705 3764 2954 3826 ἐκείνους
3012 3764 3416 3834 παραφθείρειν
3452 3766 3511 3817 τὸ
3540 3761 3673 3836 ἦθος
3701 3766 3778 3820 δον

2197 3854 2440 3908 κούντων
2474 3855 2570 3908 καὶ
2605 3855 2924 3925 δυναμένων
2958 3857 3131 3926 αὐτὴν
3179 3858 3386 3909 πείθειν
3426 3857 3523 3927 τῆς
3553 3856 3646 3910 τοῦ
3681 3860 3776 3912 Ilo-

2197 3946 2351 3999 πλίου
2399 3947 2701 4014 ἀπέχεσθαι
2767 3950 3067 4011 συνοικίας.
3113 3948 3226 4017 Τὴν
3255 3948 3312 4001 δέ
3343 3950 3438 4001 καὶ
3491 3949 3651 4002 τοῦτο
3684 3950 3777 4020 μὲν

2193 4039 2404 4104 ἐλύπει,
2429 4039 2489 4092 τὸ
2512 4043 2638 4104 τοὺς
2668 4040 2863 4103 ἄλλους
2900 4043 3150 4103 ἅπαντας
3171 4041 3297 4104 τοὺς
3341 4043 3445 4112 πρὸ
3503 4042 3598 4096 τοῦ
3649 4061 3763 4114 παρ

2193 4137 2363 4205 αὐτῆς
2395 4137 2872 4208 θεραπευομένους
2909 4135 3040 4204 μήθ’
3073 4137 3206 4206 όρᾷν
3254 4136 3332 4189 ἔτι
3363 4137 3624 4189 δύνασθαι
3651 4137 3774 4208 μήθ’

2195 4228 2286 4282 ὑπ’
2309 4230 2536 4282 ἐκείνων
2566 4227 2798 4300 ὁρᾶσθαι
2817 4242 2831 4258 ·
2865 4227 2893 4278 ὃ
2917 4226 2975 4279 δέ
3007 4226 3172 4282 πλέον
3205 4227 3312 4280 τῶν
3340 4227 3518 4281 ἄλλων
3541 4228 3662 4297 ἠνία
3687 4229 3771 4281 καῖ

2196 4321 2368 4392 μέσης
2421 4321 2593 4391 αὐτῆς
2648 4321 2856 4391 ἥπτετο
2884 4319 2982 4389 τῆς
3038 4319 3264 4389 καρδίας
3295 4319 3322 4370 ό
3359 4319 3674 4390 καθηγητὴς
3713 4317 3772 4391 ἧι

2193 4415 2565 4484 Χρυσόγονος,
2626 4413 2685 4475 ὃς
2733 4409 2803 4464 δι’
2832 4411 2972 4465 ὅλων
3008 4411 3145 4463 ἐτῶν
3197 4410 3290 4464 δύο
3326 4412 3525 4474 πολλὰς
3558 4412 3652 4464 καὶ
3684 4412 3780 4483 βαι

501 4487 733 4557 integris
775 4493 940 4546 multa
968 4504 1022 4548 et
1052 4498 1197 4553 varia
1228 4515 1330 4567 pro
1362 4501 1584 4558 Christo
1613 4513 1889 4564 tormenta
1918 4512 2086 4566 susti-

2198 4506 2347 4577 ρείας
2379 4506 2520 4576 ὑπὲρ
2553 4504 2791 4578 Χριστοῦ
2835 4504 3108 4576 βασάνους
3129 4503 3473 4568 ύπενεγκὼν,
3516 4500 3633 4556 εἶτα
3684 4507 3779 4559 καὶ

501 4585 734 4655 nuisset,
771 4586 1056 4644 habitabat
1104 4593 1158 4645 in
1209 4608 1451 4659 carcere,
1491 4597 1565 4652 ita
1610 4599 1840 4669 jutlente
1870 4604 2082 4660 Diocle-

502 4673 670 4728 tiano.
701 4675 781 4729 Ad
830 4691 954 4731 eum
999 4680 1217 4742 crebro,
1252 4687 1474 4752 quando
1527 4689 1581 4742 in
1643 4707 1739 4747 sua
1784 4707 1902 4749 erat
1934 4705 2084 4766 pote-

501 4774 681 4832 state,
753 4770 1078 4825 ventitabat.
1142 4773 1298 4838 Tunc
1370 4789 1550 4834 autem
1614 4786 1930 4853 prohibita,
1991 4807 2084 4859 per

499 4862 791 4928 quamdam
822 4878 990 4916 anum
1019 4864 1372 4936 ei'signilicat
1422 4886 1483 4924 ea
1518 4890 1638 4943 qtue
1675 4889 1994 4945 evenerant,
2029 4892 2085 4936 et

499 4967 596 5019 per
614 4967 732 5006 eam
757 4966 908 5025 rogat
931 4967 992 5010 ut
1014 4973 1110 5026 pro
1135 4959 1249 5028 ipsa
1274 4973 1564 5030 precetur;
1592 4973 1925 5038 precationis
1953 4991 2083 5030 vero

501 5043 617 5097 hzec
646 5045 716 5098 sit
743 5061 978 5111 summa,
1008 5059 1065 5104 ut
1087 5051 1156 5105 ab
1186 5052 1353 5121 impio
1381 5056 1601 5122 quidem
1636 5062 1830 5114 evadat
1867 5063 2080 5130 Publio,

495 5146 821 5203 assequatur
889 5151 1070 5193 autem
1126 5146 1618 5212 opportunitatem,
1684 5155 1920 5221 utquod
1989 5157 2084 5210 ha-

497 5223 588 5279 bet
639 5225 691 5277 iu
747 5229 931 5282 animo
967 5231 1202 5285 deducat
1248 5233 1313 5285 ad
1364 5237 1651 5304 cﬂ‘ectum,
1681 5251 1736 5294 ct
1767 5256 2085 5310 perseveret

490 5327 690 5368 curare
729 5332 824 5370 eos
849 5321 943 5388 qui
976 5324 1290 5382 martvricis
1346 5327 1684 5385 decorantur
1737 5335 2082 5404 vulneribus,

490 5404 676 5494 quoad
711 5409 833 5476 ejus
857 5410 977 5464 ﬁeri
1020 5413 1255 5481 poterit;
1289 5419 1421 5486 quin
1449 5420 1612 5474 etiam
1640 5433 1700 5478 ut
1747 5425 1864 5494 ipsa
1913 5428 2078 5484 vitam

494 5493 652 5550 ﬁniat
706 5498 758 5551 in
823 5501 1045 5569 pietatis
1097 5520 1264 5575 scapo
1299 5510 1648 5566 immutabili.
1693 5493 1819 5572 Haec
1852 5535 1975 5573 cum
2009 5521 2081 5574 si-

489 5588 810 5653 gnificasset
845 5593 1224 5666 Chrysogono,
1285 5611 1561 5669 postremo
1599 5609 1763 5664 etiam
1797 5610 1864 5667 de
1897 5613 2075 5666 mariti

493 5679 833 5743 profectione
893 5701 1020 5740 eum
1071 5688 1256 5743 reddit
1301 5696 1614 5755 certiorem.
1671 5700 1872 5756 Fuerat
1927 5705 2075 5759 enim

496 5765 587 5819 illo
617 5776 863 5840 tempme
916 5774 1138 5832 Publius
1169 5778 1364 5835 missus
1392 5785 1600 5854 legatus
1631 5790 1699 5846 ab
1742 5791 2076 5855 imperatore

2189 4600 2566 4669 δεσμωτήριον
2591 4595 2748 4667 ᾤκει,
2774 4595 2916 4650 οὕτω
2940 4595 3331 4667 Διοκλητιανοῦ
3351 4598 3776 4666 προστάξαντος.

2191 4692 2350 4762 [Ιαρᾶ
2401 4691 2588 4745 τοῦτον
2648 4690 2742 4743 καὶ
2797 4690 2866 4743 τὰ
2916 4689 3105 4754 πολλὰ,
3139 4691 3232 4744 ὅτε
3265 4690 3358 4743 καὶ
3391 4686 3459 4759 ἦν
3514 4691 3653 4760 αὐτῇ
3687 4691 3776 4744 ἐπ’

2189 4783 2460 4850 ἐξουσίας,
2489 4784 2699 4853 ἐφοίτα.
2743 4783 2879 4835 Τότε
2905 4782 2961 4835 δέ
3003 4783 3304 4852 εἰργομένη
3327 4781 3416 4834 διά
3443 4799 3588 4844 τινος
3621 4782 3774 4852 αύτῷ

2187 4877 2354 4947 γραὸς
2378 4880 2445 4930 τά
2471 4895 2529 4929 τε
2561 4877 2844 4946 συμϐάντα
2895 4878 3152 4944 γνωρίζει
3196 4878 3290 4928 καὶ
3336 4875 3472 4944 πρὸς
3497 4877 3595 4945 τὴν
3629 4877 3776 4943 ὑπὲρ

2187 4967 2354 5035 αὐτῆς
2385 4967 2549 5038 εὐχὴν
2572 4967 2659 5019 διὰ
2687 4965 2889 5036 ταύτης
2905 4965 3058 5035 ἠξίου
3081 4982 3095 4997 ·
3127 4965 3424 5035 κεφάλαιον
3445 4967 3500 5018 δέ
3526 4966 3775 5019 τίθεσθαι

2187 5061 2285 5127 τῆς
2316 5057 2500 5125 εὐχῆς,
2535 5056 2804 5109 Πουπλίου
2841 5057 2941 5126 μὲν
2992 5055 3086 5109 τοῦ
3147 5056 3443 5118 δυσσεϐοῦς
3485 5059 3771 5125 ἐκφυγεῖν,

2190 5150 2384 5220 καιροῦ
2415 5151 2471 5204 δέ
2505 5154 2687 5222 τυχεῖν
2712 5152 2779 5204 τά
2806 5168 2863 5204 τε
2887 5151 3031 5203 κατὰ
3070 5150 3298 5221 γνώμην
3331 5152 3410 5213 είς
3438 5151 3612 5220 πέρας
3635 5155 3773 5219 ἀγα-

2188 5247 2305 5311 γεῖν
2345 5243 2590 5306 καὶτοὺς
2624 5248 2736 5305 τοῖς
2771 5245 3135 5313 μαρτυρικοῖς
3185 5243 3496 5313 τραύμασιν
3535 5243 3773 5313 ὡραϊζο-

2189 5338 2388 5406 μένους
2418 5337 2494 5400 ὡς
2539 5333 2651 5391 οἷόν
2679 5354 2738 5389 τε
2791 5336 3204 5406 θεραπεύουσαν
3237 5337 3536 5405 διαμεῖναι,
3569 5338 3627 5390 οὐ
3660 5336 3770 5408 μὴν

2184 5427 2322 5480 ἀλλὰ
2346 5429 2438 5481 καὶ
2464 5427 2635 5499 αὐτὴν
2675 5429 2731 5482 ἐν
2764 5426 3086 5498 ἁμεταθέτῳ
3116 5427 3216 5491 τῆς
3262 5427 3545 5492 εὐσεϐείας
3575 5429 3771 5495 σκοπῷ

2185 5521 2282 5589 τὴν
2301 5519 2442 5590 ζωὴν
2469 5519 2792 5574 καταλῦσαι.
2816 5520 3000 5573 Ταῦτα
3022 5518 3096 5590 τῷ
3112 5522 3439 5590 Χρυσογόνῳ
3471 5537 3537 5591 ση
3548 5521 3770 5592 μήνασα

2183 5613 2499 5668 τελευταῖον
2539 5616 2634 5668 καὶ
2665 5618 2764 5684 τὴν
2801 5614 2894 5667 τοῦ
2921 5615 3112 5685 ἀνδρὸς
3148 5614 3458 5684 ἀποδημίαν
3482 5613 3764 5684 γνωρίζει.

2197 5705 2492 5776 Ἐτύγχανε
2516 5706 2625 5776 γὰρ
2648 5707 2770 5760 κατ’
2796 5709 2970 5761 ἐκεῖνο
2993 5708 3190 5778 καιροῦ
3223 5706 3497 5768 Πούπλιος
3527 5704 3770 5774 πρέσϐυς

2183 5797 2246 5848 ἐκ
2284 5795 2543 5858 βασιλέως
2571 5799 2702 5860 πρὸς
2729 5799 2943 5862 Πέρσας
2977 5798 3328 5860 ἀποσταλείς.
3361 5799 3425 5850 Ἀ
3453 5795 3546 5852 καλ⁵
3575 5793 3770 5862 μαθὼν
