4122 6380
586 309 693 372 579

1835 307 2128 368 MENSIS
2177 308 2614 369 DECEMBER.

3751 313 3855 376 580

585 419 904 488 largiamur,
928 415 1022 471 sed
1053 425 1104 470 te
1137 415 1302 470 etiam
1337 413 1766 469 statimeflieiam
1789 429 1996 486 magna:
2014 414 2159 470 urbis

2277 419 2548 490 μεγίστης
2572 417 2815 489 ἔπαρχον
2842 417 3134 484 ἀποδείξω.
3205 416 3264 472 Ὀ
3301 417 3360 472 δὲ
3394 418 3535 491 μήτε
3567 420 3667 492 τῆς
3700 423 3859 494 βασι-

583 509 772 564 Romae
814 508 1154 578 przefeclum.
1193 507 1289 560 llle
1321 517 1507 561 autem
1537 522 1640 562 nec
1671 507 2037 577 imperatoria:
2062 521 2164 577 po-

585 601 798 655 testatis
840 599 1262 669 obstupefactus
1301 599 1705 669 magnitudine,
1754 615 1935 680 neque
1988 599 2166 654 dono-
2207 672 2210 674 Ι

583 707 706 746 rum
733 690 906 745 ﬂexus
960 691 1166 760 ingenti
1228 691 1528 756 oblatione,
1575 691 1752 746 libere
1810 691 1946 745 dixit
1995 710 2008 746 :
2056 690 2166 762 Ego

583 799 753 836 unum
796 783 974 838 solum
1021 783 1148 835 novi
1191 783 1387 846 Deum,
1432 794 1488 838 et
1531 799 1657 838 eum
1700 783 1922 852 quidem
1975 783 2165 854 judico

581 877 777 946 quavis
807 876 926 930 luce
961 877 1275 931 suaviorem
1305 916 1321 941 ,
1349 877 1545 947 quavis
1579 892 1708 930 vero
1744 877 1852 930 vita
1877 876 2164 930 desidera-

584 966 860 1029 biliorem,
889 967 1147 1022 omnibus
1181 975 1362 1020 autem
1399 967 1650 1037 pecuniis
1677 967 2161 1036 quaestuosiorem.

583 1054 722 1108 Eum
753 1065 808 1108 et
834 1055 1014 1108 anima
1047 1056 1189 1121 colo,
1219 1067 1275 1109 et
1304 1055 1470 1110 labris
1499 1058 1784 1121 confiteor,
1818 1066 1872 1110 et
1908 1056 2166 1112 omnibus

582 1147 898 1202 videntibus
927 1148 1098 1202 adoro
1129 1149 1379 1217 genibus.
1409 1149 1648 1202 Deorum
1694 1157 1878 1202 autem
1914 1149 2167 1203 multitu-

581 1238 767 1292 dinem
798 1251 853 1290 ιιι
886 1238 1100 1293 fabulas
1128 1250 1183 1292 et
1215 1239 1516 1298 dmmunes,
1543 1248 1753 1293 tantum
1781 1239 1937 1293 abest
1974 1248 2033 1292 ut
2073 1255 2168 1294 co-

580 1329 709 1394 lam,
776 1339 835 1384 ut
887 1331 990 1384 sim
1067 1332 1315 1401 ejusdem
1366 1346 1492 1384 eum
1551 1332 1775 1386 Socrate
1842 1334 2152 1396 sententiae,

581 1432 835 1490 oportere
871 1437 968 1476 eos
998 1421 1186 1492 fugere
1220 1439 1320 1493 pro
1355 1423 1588 1487 viribus,
1621 1433 1678 1476 ut
1709 1423 1804 1493 qui
1837 1424 1948 1478 sint
1983 1425 2166 1478 homi-

580 1527 712 1566 num
743 1513 1027 1583 deceptio,
1058 1523 1112 1568 et
1141 1515 1449 1567 animarum
1485 1525 1673 1584 aperta
1705 1515 2002 1583 pernicies.
2035 1515 2168 1582 Quae

581 1620 714 1658 vero
749 1619 778 1658 a
829 1614 879 1660 te
937 1606 1070 1659 mihi
1123 1616 1508 1677 proponuntur
1547 1621 1774 1660 munera
1815 1617 1872 1662 et
1903 1608 2165 1672 honores,

582 1697 717 1751 nihil
781 1697 979 1752 melius
1037 1699 1241 1751 habere
1295 1698 1572 1764 arbitror,
1628 1714 1794 1769 quam
1852 1700 2066 1754 somnia
2112 1711 2168 1756 et

580 1789 824 1855 umbras,
849 1800 911 1843 et
927 1805 989 1844 ea
1010 1789 1166 1843 nihili
1190 1790 1355 1846 facio.

652 1897 765 1954 VII.
794 1899 915 1953 Non
951 1901 1076 1954 tulit
1106 1900 1326 1955 dicendi
1369 1901 1683 1958 libertatem
1711 1902 2036 1973 imperator,
2067 1902 2165 1958 sed

579 1991 810 2059 perinde
841 2007 905 2046 ac
930 1993 983 2046 in
1017 1995 1192 2061 prima
1224 2005 1558 2063 prostratum
1597 1996 2012 2064 congressione,
2037 2011 2167 2051 enm

2271 511 2431 581 λικῆς
2487 511 2739 578 ἐξουσίας
2773 510 2866 564 τὸν
2891 511 3057 578 ὄγκον
3089 510 3489 579 καταπλαγεὶς,
3543 514 3686 583 μήτε
3719 518 3855 584 πρὸς

2277 601 2336 654 τὸ
2368 602 2464 672 τῆς
2490 602 2699 673 δωρεᾶς
2752 603 2988 673 μέγεθος
3017 602 3305 670 καθυφεὶς,
3349 602 3514 670 Ἐγὼ,
3549 607 3689 674 μετὰ
3719 611 3858 678 παρ-

2271 691 2469 762 ρησίας
2498 692 2624 764 ἔφη,
2670 693 2767 747 ἕνα
2801 693 2960 762 μόνον
3007 687 3126 745 οἶδα
3150 691 3282 745 Θεὸν
3317 693 3410 746 καὶ
3435 691 3625 746 τοῦτον
3656 697 3854 760 παντὸς

2273 783 2374 853 μὲν
2404 785 2575 853 κρίνω
2633 785 2811 853 φωτὸς
2860 783 3148 854 ἡδύτερον,
3215 784 3434 837 πάντων
3465 785 3520 838 δέ
3552 785 3852 855 χρημάτων

2267 876 2710 946 κερδαλεώτερον
2727 894 2742 909 ·
2775 876 2966 930 τοῦτον
2999 877 3095 928 καὶ
3118 876 3266 946 ψυχῇ
3290 876 3540 946 λατρεύω
3561 877 3659 930 καὶ
3679 877 3852 946 χείλε-

2271 987 2356 1022 σιν
2377 969 2626 1040 ὁμολογῶ
2655 972 2748 1023 καὶ
2781 969 2998 1023 πάντων
3032 968 3286 1039 ὁρώντων
3313 971 3425 1032 το’ς
3453 968 3647 1036 γόνασι
3679 985 3852 1036 προς-

2271 1063 2438 1117 κυνῶ.
2501 1063 2650 1116 Θεῶν
2709 1063 2765 1114 δέ
2800 1061 3005 1132 πλῆθος
3037 1062 3134 1115 καὶ
3195 1060 3401 1131 μύθους
3463 1065 3558 1115 καὶ
3591 1061 3852 1130 δαίμονας

2268 1156 2524 1208 τοσοῦτον
2566 1155 2756 1224 ἀπέχω
2789 1153 3102 1224 λατρεύειν,
3141 1151 3286 1204 ὥστε
3322 1154 3416 1204 καὶ
3449 1152 3526 1223 τῷ
3557 1153 3636 1223 σῷ
3659 1152 3852 1223 κράτει

2269 1249 2738 1319 συμϐουλεύσαιμι
2802 1247 2868 1301 ἂν
2927 1247 3150 1316 φεύγειν
3211 1246 3409 1308 αὐτοὺς
3472 1245 3578 1298 ἀνὰ
3649 1246 3854 1317 κράτος

2267 1341 2342 1403 ὠς
2401 1341 2621 1410 ἀπάτην
2661 1338 2970 1411 ἀνθρώπων
3022 1340 3116 1392 καὶ
3150 1337 3340 1407 ψυχῶν
3368 1337 3548 1408 λύμην
3612 1338 3857 1407 φανερὰν

2267 1432 2781 1502 ἀποδεδειγμένους.
2824 1433 2906 1484 Τὰ
2929 1431 2985 1484 δέ
3019 1447 3082 1498 γε
3112 1430 3264 1500 παρὰ
3317 1428 3413 1482 σοῦ
3446 1447 3538 1499 μοι
3573 1430 3858 1500 προτεινό-

2271 1542 2412 1595 μενα
2443 1525 2592 1594 δῶρα
2617 1525 2710 1577 καὶ
2732 1525 2830 1584 τὰς
2858 1525 3024 1594 τιμὰς
3045 1524 3198 1576 οὐδὲν
3223 1524 3522 1593 ὀνειράτων
3544 1523 3667 1576 οὐδὲ
3693 1525 3858 1586 σκιᾶς

2266 1622 2489 1688 ἄμεινον
2524 1616 2956 1689 ἐχειν-ἡγοῦμαι,
2990 1617 3083 1671 καὶ
3124 1617 3258 1686 παρ’
3283 1617 3438 1670 οὐδὲν
3461 1617 3710 1686 τίθεμαι.

2342 1895 2416 1949 Z'.
2440 1895 2556 1949 Οὐκ
2610 1895 2810 1966 ἧνεγκε
2867 1893 2967 1966 τὴν
3019 1894 3335 1968 παρρησίαν
3363 1897 3391 1948 ὁ
3431 1893 3710 1965 βασιλεὺς.
3737 1895 3855 1948 ἀλλ’

2271 1987 2462 2058 ὥσπερ
2495 1987 2613 2058 ἅμα
2641 1989 2719 2053 τῷ
2766 1987 3157 2058 συμπλακῆναι
3197 1988 3585 2058 καταϐληθεὶς,
3622 1987 3857 2060 ὥρμησε

578 2083 819 2153 abripuit
854 2087 1110 2154 impetus,
1169 2095 1229 2140 ut
1273 2088 1374 2140 soli
1407 2089 1501 2140 ira:
1525 2087 1960 2157 gratiﬁcaretur;
1986 2089 2159 2158 jubet-

2273 2080 2421 2150 μόνῳ
2447 2078 2579 2148 γοῦν
2624 2080 2703 2150 τῷ
2761 2080 2918 2151 θυμῷ
2949 2081 3307 2151 χαρίσασθαι,
3362 2081 3458 2134 καὶ
3517 2081 3732 2134 κελεύει
3766 2081 3858 2134 τίαν

577 2189 686 2245 que
729 2187 786 2229 ut
817 2191 942 2232 eum
977 2178 1032 2230 in
1061 2178 1342 2233 desertum
1373 2181 1555 2234 locum
1589 2180 1877 2235 duxissent
1923 2179 2167 2250 Chryso-

578 2281 804 2336 gonum,
859 2270 911 2322 ei
957 2279 1123 2338 caput
1153 2280 1524 2339 amputarent,
1561 2271 1768 2326 invitus
1813 2287 1938 2326 eum
1977 2273 2166 2342 majori

579 2359 821 2413 alliciens
846 2361 1136 2427 beneficio,
1165 2378 1328 2432 quam
1357 2365 1580 2434 quando
1627 2365 1808 2420 libens
1845 2365 1988 2419 dona
2026 2365 2167 2421 offe-

580 2446 756 2512 rebat,
787 2451 1108 2504 existimans
1136 2451 1274 2513 fore.
1326 2463 1387 2506 ut
1414 2469 1540 2509 eum
1575 2455 1630 2509 in
1661 2469 1817 2508 suam
1851 2455 2167 2511 traduceret

578 2543 932 2596 sententiam.
973 2544 1154 2614 Atque
1202 2545 1308 2600 hoc
1341 2547 1565 2616 quidem
1611 2547 1818 2602 factum
1863 2558 1950 2602 est
2002 2558 2165 2618 prout

577 2631 694 2702 ipse
723 2633 1006 2690 decrevit:
1040 2646 1096 2692 et
1122 2652 1340 2692 sacrum
1371 2639 1506 2692 illud
1540 2654 1743 2710 corpus
1788 2641 2084 2711 projicitur
2108 2642 2163 2697 in

579 2725 763 2780 littore
797 2729 966 2782 maris
1013 2730 1103 2784 ubi
1144 2731 1311 2785 etiam
1348 2741 1460 2786 tres
1495 2747 1718 2787 sorores
1749 2743 1808 2788 et
1857 2735 2080 2799 animis,
2111 2745 2165 2792 et

495 2843 501 2852 -
579 2818 936 2887 corporibus,
956 2829 1011 2875 et
1029 2822 1230 2890 pietate
1248 2824 1298 2876 in
1325 2823 1518 2888 Deum,
1538 2839 1690 2878 suam
1718 2824 2167 2882 habebanthabi-

579 2912 845 2966 tationem
877 2928 999 2967 cum
1033 2915 1270 2984 quodam
1302 2915 1454 2970 Zoilo
1475 2917 1592 2972 viro
1623 2921 1714 2987 pio
1735 2926 1791 2972 et
1821 2921 2160 2990 presbytero.

552 3000 876 3103 {Sororibus
909 3016 1097 3063 autem
1125 3015 1284 3060 erant
1318 3010 1561 3072 nomina,
1599 3013 1782 3080 Agape
1821 3021 1878 3065 et
1907 3011 2160 3078 Cbionia,

575 3102 631 3148 et
654 3095 835 3150 lrene.
866 3096 964 3150 llic.
989 3112 1121 3151 vero
1141 3097 1350 3162 Zoilus,
1375 3115 1498 3153 cum
1529 3101 1633 3154 sibi
1669 3101 1937 3157 revelatus
1959 3115 2160 3175 marty-

575 3187 652 3240 ris
667 3186 1003 3258 Chrysogoni
1039 3191 1301 3258 reliquias
1333 3193 1647 3246 sustulisset
1667 3209 1772 3247 una
1803 3209 1927 3248 cum
1957 3159 2158 3266 capite,
2188 3159 2230 3213 ϐ

572 3283 712 3332 etin
750 3281 983 3347 quadam
1033 3296 1196 3348 capsa
1229 3296 1353 3334 cum
1396 3293 1604 3351 quanto
1658 3287 1907 3353 oportuit
1949 3286 2160 3341 honore

573 3371 943 3440 deposuisset,
996 3374 1284 3427 abscondit
1322 3375 1378 3428 in
1411 3389 1509 3429 sua
1559 3377 1917 3431 domuncula.
1977 3378 2157 3449 Atque

576 3466 888 3518 tricesimus
936 3465 1156 3533 quidem
1188 3473 1307 3518 erat
1332 3465 1472 3530 dies,
1520 3482 1588 3521 ex
1635 3483 1745 3537 quo
1781 3470 1902 3523 sita:
1936 3467 2158 3525 fuerant

575 3555 843 3624 reliquiae,
886 3557 938 3610 in
973 3557 1180 3611 somnis
1196 3567 1380 3612 autem
1417 3559 1736 3630 presbytero
1768 3560 1922 3616 Zoilo
1951 3573 2158 3632 martyr

575 3659 848 3713 apparens
879 3646 1270 3716 Chrysogonus
1292 3688 1305 3710 ,
1363 3649 1480 3702 haec
1511 3651 1562 3704 ei
1598 3650 1750 3705 visus
1792 3663 1878 3706 est
1927 3652 2153 3709 dicere:

575 3735 727 3791 Scias
758 3737 986 3808 impium
1015 3740 1402 3808 imperatorem
1449 3741 1880 3807 Diocletianum,
1919 3760 2045 3798 cum
2085 3746 2154 3801 de

573 3828 776 3885 Christi
809 3831 1024 3886 ancillis
1065 3842 1121 3887 et
1150 3834 1461 3897 sororibus,
1493 3836 1665 3899 lrene.
1697 3838 1879 3906 Agape
1910 3847 1961 3890 et
1990 3837 2157 3892 Chio-

573 3923 664 3977 nia
709 3923 878 3978 fuerit
927 3925 1103 3979 factus
1163 3928 1388 3990 certior,
1450 3928 1595 3981 intra
1647 3944 1843 3982 novem
1882 3929 1999 3984 dies
2033 3932 2154 3987 illas

577 4031 796 4085 quoque
823 4017 961 4071 velle
995 4019 1489 4087 comprehendere.
1531 4019 1610 4072 Tu
1640 4033 1821 4075 autem
1865 4021 2040 4088 edice,
2094 4032 2154 4078 ut

573 4108 859 4163 Anastasio
905 4110 997 4163 Dei
1019 4111 1213 4163 ancilla
1247 4125 1338 4164 eas
1384 4123 1540 4166 curet
1587 4126 1686 4181 pro
1720 4113 1954 4180 viribus,
1999 4123 2056 4168 et
2083 4115 2150 4169 ad

569 4212 847 4256 certamen
883 4203 1304 4272 susi-ipiendum
1335 4206 1417 4259 eis
1461 4205 1626 4258 addat
1658 4207 1926 4272 animum,
1976 4209 2153 4263 donec

569 4293 774 4347 fuerint
806 4297 1074 4351 redimita:
1102 4313 1304 4350 corona
1332 4298 1610 4368 martyrii;
1640 4299 1755 4367 ipse
1789 4314 1920 4352 vero
1951 4299 2149 4356 bonam

569 4400 722 4454 spem
741 4387 1040 4457 concipias,
1057 4388 1175 4442 fore
1199 4397 1258 4442 ut
1279 4391 1634 4444 suavissimos
1660 4390 1874 4444 fruetus
1898 4391 2147 4446 laborum

2268 2173 2616 2244 Χρυσόγονον
2650 2175 2709 2226 ἐν
2753 2175 2950 2244 ἐρήμῳ
2998 2175 3150 2245 τόπῳ
3181 2174 3449 2237 λαϐόντας
3478 2173 3580 2244 τὴν
3608 2174 3859 2242 κεφαλὴν

2269 2265 2552 2335 ἐκτεμεῖν,
2587 2266 2738 2320 ἄκων
2771 2266 2922 2337 αὐτῷ
2952 2267 3178 2337 μείζονα
3197 2268 3320 2330 δοὺς
3345 2267 3444 2338 τὴν
3471 2268 3798 2337 εὐεργεσίαν
3821 2269 3855 2339 ἢ

2267 2358 2356 2411 ὅτε
2387 2359 2528 2412 ἑκὼν
2559 2359 2848 2430 ἐχαρίζετο
2869 2360 3220 2429 μεταπείσειν
3238 2359 3662 2428 ὑπολαμϐάνων.
3678 2360 3860 2414 Τοῦτο

2273 2450 2373 2520 μὲν
2428 2447 2521 2504 οὖν
2553 2453 2693 2504 κατὰ
2751 2451 2812 2504 τὸ
2847 2451 3133 2521 διαταχθέν
3167 2453 3472 2520 ἐπράττετο
3502 2454 3595 2506 καὶ
3625 2453 3684 2506 τὸ
3708 2453 3857 2524 ἱερὸν

2267 2544 2446 2596 ἐκεῖνο
2473 2542 2634 2612 σῶμα
2669 2542 2809 2614 πρὸς
2837 2542 2914 2611 τῷ
2943 2542 3180 2612 αἰγιαλῷ
3229 2543 3326 2608 τῆς
3359 2541 3634 2613 θαλάσσης
3667 2543 3858 2612 ῥίπτε-

2265 2652 2377 2698 ται,
2417 2635 2506 2688 ἵνα
2533 2637 2628 2689 καὶ
2658 2637 2810 2705 τρεῖς
2836 2633 3070 2704 ἀδελφαὶ
3100 2635 3196 2687 καὶ
3242 2631 3466 2702 γνώμας
3497 2636 3592 2687 καὶ
3623 2635 3857 2704 σώματα

2266 2727 2362 2782 καὶ
2384 2726 2483 2798 τὴν
2517 2727 2654 2798 πρὸς
2685 2728 2818 2780 Θεὸν
2844 2727 3134 2781 εύσέόειαν
3166 2726 3305 2796 μετὰ
3333 2727 3541 2780 Ζωτὶου
3582 2727 3728 2790 τινὸς
3757 2728 3850 2779 1-3-

2266 2818 2470 2883 λαϐοῦς
2500 2821 2590 2872 καὶ
2618 2819 2997 2890 πρεσϐυτέρου
3027 2818 3126 2888 τὴν
3153 2818 3371 2889 οἴκησιν
3395 2818 3699 2873 ἐποιοῦντο.
3717 2818 3858 2882 Ταῖς

2265 2912 2518 2982 ἀδελφαῖς
2545 2911 2600 2964 δὲ
2629 2913 2698 2965 τὰ
2737 2912 2977 2982 ὀνόματα
3012 2911 3230 2983 Ἀγάπη
3254 2917 3347 2965 καὶ
3367 2911 3558 2964 Χιονία
3586 2929 3660 2982 φη
3670 2913 3729 2979 μὶ
3754 2913 3856 2965 καὶ

2264 3002 2494 3075 Εἰρήνη.
2518 2996 2687 3066 Οῦτος
2717 3005 2900 3072 μέντοι
2931 3005 2960 3057 δ
2983 3005 3184 3068 Ζωΐλος
3204 3006 3594 3074 ἀποκαλυφθὲν
3617 3006 3764 3074 αὐτῷ
3789 3006 3855 3060 τδ

2263 3095 2360 3146 τοῦ
2394 3097 2672 3166 μάρτυρος
2703 3097 3051 3166 Χρυσογόνου
3087 3096 3342 3166 λείψανον
3375 3097 3699 3166 ἀνελόμενος
3731 3096 3855 3168 ἅμα

2265 3187 2331 3255 τῇ
2363 3188 2576 3256 κεφαλῇ
2605 3191 2702 3241 καὶ
2736 3188 2883 3259 θήκῃ
2911 3189 3021 3241 τινὶ
3059 3188 3190 3258 μεθ’
3224 3189 3356 3256 ὅσης
3400 3187 3508 3240 ἔδει
3545 3189 3711 3259 τιμῆς
3745 3208 3853 3244 κα·-

2261 3279 2586 3349 ταθέμενος,
2617 3281 2676 3334 ἐν
2702 3280 2779 3350 τῷ
2803 3279 3063 3350 δωματίῳ
3099 3279 3176 3350 τῷ
3207 3279 3406 3333 ἑαυτοῦ
3439 3282 3847 3350 κατακρύπτει.

2263 3370 2578 3440 Τριακοστῇ
2638 3369 2737 3439 μὲν
2787 3365 2882 3422 οὖν
2932 3370 3119 3439 ἡμέρᾳ
3176 3369 3254 3440 τῷ
3305 3369 3546 3440 λειψάνῳ
3605 3372 3849 3441 κειμένῳ

2261 3465 2449 3535 Ζωΐλῳ
2474 3465 2608 3535 ὄναρ
2638 3466 2664 3517 ὁ
2694 3465 2906 3536 μάρτυς
2937 3463 3228 3533 ἐπιφανεὶς
3276 3463 3622 3535 Χρυσόγονος
3669 3463 3848 3518 ταῦτά

2258 3559 2308 3610 oi
2331 3559 2508 3626 λέγειν
2533 3560 2711 3612 ἐδόκει
2737 3575 2750 3588 ·
2794 3561 2840 3612 Ἷ
2853 3562 2937 3611 σθι
2963 3559 3054 3611 τὸν
3079 3558 3320 3628 δυσσεϐῆ
3357 3557 3586 3627 βασιλέα
3615 3559 3847 3626 Aman,-

2257 3651 2463 3717 τιανὸν,
2489 3649 2730 3718 γνωσθὲν
2762 3650 2911 3720 αύτῷ
2941 3652 3070 3720 περὶ
3107 3649 3217 3703 τῶν
3250 3649 3344 3702 τοῦ
3368 3647 3608 3718 Χριστοῦ
3637 3648 3844 3702 δούλων

2259 3741 2355 3793 καὶ
2414 3739 2662 3808 ἀδελφῶν
2693 3741 2952 3812 Εἰρήνης,
3018 3741 3265 3809 Ἀγάπης
3293 3742 3387 3794 καὶ
3425 3740 3672 3807 Χιονίαξ,
3708 3740 3841 3793 εῐσω

2258 3831 2482 3901 ἡμερῶν
2515 3832 2666 3885 ἐννέα
2699 3832 3062 3886 συλλαϐέσθαι
3094 3835 3188 3887 καὶ
3219 3834 3390 3896 αὐτὰς
3421 3831 3729 3902 βούλεσθαι.
3764 3831 3839 3886 Σὺ

2256 3923 2312 3975 δὲ
2331 3922 2444 3976 ἀλλ’
2476 3923 2838 3977 ’Δναστασίαν
2859 3923 2956 3994 τὴν
2979 3925 3072 3978 τοῦ
3097 3924 3232 3977 θεοῦ
3259 3924 3456 3992 δούλην
3482 3927 3842 3994 παρασκεύα-

2258 4032 2352 4069 σον
2395 4019 2597 4081 ταύτας
2634 4017 2776 4071 κατὰ
2827 4020 2888 4070 τὸ
2942 4017 3168 4070 δυνατὸν
3203 4017 3300 4070 καὶ
3355 4016 3694 4086 θεραπεῦσαι
3740 4019 3838 4071 καὶ

2257 4109 2394 4178 πρὸς
2428 4109 2518 4161 τὸν
2546 4110 2735 4176 ἀγῶνα
2771 4108 3140 4182 ἐπιθαρρῦναι
3163 4110 3292 4180 ἄχρι
3325 4110 3540 4163 καὶτὸν
3571 4128 3839 4182 μιρτυρι-

2255 4203 2352 4253 κᾶν
2383 4201 2742 4272 ἅναδήσονται
2801 4203 3088 4271 στέφανον.
3138 4203 3311 4265 Αὐτὸς
3341 4201 3397 4255 δέ
3431 4201 3558 4265 τοὺς
3584 4203 3835 4272 καρπούς

2256 4306 2338 4342 σοι
2364 4291 2473 4343 τῶν
2502 4292 2677 4344 πόνων
2701 4291 2955 4362 ἠδίστους
2983 4292 3284 4346 ἀπολαϐεῖν
3313 4289 3534 4354 εὔελπις
3566 4291 3679 4347 ἔσο.
3699 4293 3833 4345 Μετ’

2254 4383 2314 4435 ού
2356 4383 2493 4436 πολὺ
2517 4383 2625 4452 γὰρ
2666 4384 2778 4436 τῶν
2800 4384 3039 4438 ἐνταῦθά
3065 4401 3124 4436 τε
3159 4385 3438 4438 ἐπιπόνων
3461 4384 3832 4457 ἀπαλλαγήσῃ

569 4477 829 4546 accipias.
885 4478 1018 4531 Nam
1051 4497 1159 4533 non
1193 4482 1362 4535 multo
1395 4491 1519 4551 post
1551 4491 1814 4551 tempore,
1850 4492 1907 4537 et
1941 4500 1968 4538 a
2000 4484 2149 4538 labo~

2261 4475 2350 4527 καὶ
2397 4475 2538 4544 μετὰ
2583 4476 2692 4529 τῶν
2737 4475 2880 4546 ὑπὲρ
2929 4477 3171 4547 Χριστοῦ
3211 4476 3565 4544 ἀθλησάντων
3611 4478 3833 4547 Χριστῷ

571 4569 744 4634 ribus,
777 4571 868 4639 qui
896 4571 985 4624 hic
1012 4583 1160 4637 sunt,
1196 4573 1544 4638 liberaberis,
1573 4583 1626 4628 et
1658 4575 1725 4628 ad
1747 4574 2026 4630 Christum
2056 4581 2149 4630 ad-

569 4658 790 4714 duceris
814 4676 938 4714 cum
974 4662 1040 4714 iis
1073 4663 1167 4732 qui
1201 4679 1302 4733 pro
1333 4665 1548 4718 Christo
1575 4664 1948 4718 decertarunt.

647 4750 780 4806 \‘lll.
835 4751 1079 4807 Fuerunt
1131 4755 1244 4808 haec
1285 4770 1504 4824 quoque
1551 4754 1766 4824 cognita
1821 4755 2148 4810 venerandae

569 4845 842 4914 imprimis
867 4847 1190 4908 Anastasize.
1227 4856 1284 4900 et
1322 4847 1509 4901 divino
1545 4845 1753 4915 Spiritu
1789 4855 1956 4912 mota,
1995 4847 2149 4902 venit

519 4959 522 4961 *
569 4938 753 4990 statim
785 4937 851 4991 ad
881 4937 1295 5002 domunculam,
1327 4954 1490 5008 quam
1543 4939 1785 4993 nondum
1836 4947 2144 5008 aspexerat,

569 5040 624 5084 et
652 5030 919 5086 accedens
949 5031 1013 5084 ad
1049 5033 1433 5102 presbyterum
1465 5034 1700 5097 Zoilum,
1752 5033 2030 5102 qumrebat
2058 5048 2146 5088 εο-

570 5137 744 5186 rores,
779 5130 835 5175 et
875 5123 1101 5190 regabat
1139 5122 1207 5177 de
1239 5125 1306 5178 iis
1347 5140 1470 5193 qua:
1517 5127 1572 5179 in
1624 5123 1833 5178 somnis
1875 5123 1977 5177 sibi
2029 5124 2146 5176 visa

568 5213 808 5268 fuerant.
839 5214 974 5267 Cum
1006 5226 1191 5270 autem
1228 5216 1457 5272 vidisset
1485 5215 1744 5286 virgines,
1789 5225 1846 5270 et
1875 5216 2056 5270 locum
2091 5217 2146 5272 in

569 5322 680 5376 quo
712 5305 829 5360 sitae
863 5316 1019 5360 erant
1043 5305 1384 5380 Chrysogoni
1419 5308 1688 5379 reliquiae,
1713 5322 1838 5362 cum
1871 5309 1990 5363 illas
2019 5311 2145 5378 qui-

569 5398 693 5452 dem
726 5414 918 5467 magna
949 5399 1239 5454 affectione
1269 5409 1324 5454 et
1355 5401 1558 5470 pietate
1584 5400 1884 5463 adorasset,
1909 5416 2032 5454 cum
2063 5403 2145 5457 eis

571 5503 754 5547 autem
787 5506 948 5544 unam
982 5501 1197 5547 noctem
1232 5494 1606 5562 transcgisset,
1632 5494 1822 5562 eisque
1849 5506 2144 5563 congratu-

570 5580 701 5642 lata,
742 5581 808 5636 ad
840 5584 1082 5653 martyrii
1113 5583 1326 5640 fortiter
1357 5585 1644 5640 subeunda
1694 5585 1994 5640 certamina
2027 5585 2146 5640 ani-

574 5688 724 5727 mum
759 5677 893 5729 satis
923 5676 1246 5743 addidisset,
1283 5678 1523 5746 profecta
1571 5678 2006 5750 estﬁquileiam.
2044 5679 2144 5732 Eas

573 5763 720 5818 enim
757 5781 880 5821 cum
928 5768 1115 5822 multis
1144 5769 1264 5826 aliis
1312 5771 1522 5826 sciebat
1554 5786 1777 5826 cursum
1825 5779 2144 5839 peractnras

2253 4567 2602 4638 παραστήσῃ.

2323 4749 2406 4805 H'.
2457 4748 2736 4820 Ἐγνώσθη
2782 4751 2958 4804 ταῦτα
2985 4753 3083 4805 καὶ
3108 4754 3174 4822 τῇ
3217 4754 3524 4826 σεμνοτάτη
3568 4756 3830 4810 Ἀναστα-

2252 4841 2366 4911 σία,
2392 4843 2485 4894 καὶ
2517 4842 2796 4911 Πνεύματι
2846 4843 2982 4895 Θεοῦ
3021 4845 3308 4912 κινηθεῖσα
3343 4846 3435 4900 τὸν
3473 4849 3735 4912 οἰκίσκον,
3767 4849 3828 4902 ὃν

2249 4932 2460 4986 οὐδέπω
2495 4933 2736 4999 τεθέατο,
2765 4937 3114 5006 παραχρῆμα
3138 4937 3574 5008 καταλαμϐάνει,
3617 4941 3712 4993 καὶ
3751 4940 3829 5010 τῷ

2251 5024 2614 5096 πρεσϐυτέρῳ
2646 5028 2976 5096 παραστᾶσα
3018 5027 3206 5098 Ζωΐλῳ
3239 5031 3338 5092 τὰς
3379 5030 3614 5099 ἀδελφὰς
3646 5032 3828 5103 ἐζήτει

2250 5115 2345 5168 καὶ
2369 5115 2498 5186 περὶ
2523 5115 2631 5168 τῶν
2653 5115 2788 5185 δναρ
2820 5117 2956 5186 αὐτῇ
2990 5119 3351 5185 γνωσθέντων
3396 5122 3824 5178 ἀνεπυνθάνετο.

2261 5205 2466 5260 Ἰδοῦσα
2492 5207 2548 5260 δέ
2597 5207 2693 5269 τὰς
2726 5211 3032 5278 παρθένους
3087 5210 3182 5263 καὶ
3216 5214 3306 5264 τὶν
3337 5212 3502 5265 τόπον
3533 5213 3660 5266 ἔνθα
3692 5231 3829 5267 κατ-

2250 5299 2426 5353 έκειτο
2447 5299 2508 5352 τὸ
2534 5299 2627 5353 τοῦ
2662 5301 3008 5372 Χρυσογόνου
3058 5303 3339 5373 λείψανον,
3379 5306 3440 5358 τὸ
3464 5306 3562 5375 μὲν
3593 5323 3830 5376 περιπα-

2249 5391 2359 5455 θῶς
2385 5392 2500 5462 ᾰμα
2534 5396 2629 5446 καὶ
2677 5395 2915 5458 εὐλαϐῶς
2974 5399 3428 5468 προσκυνήσασα,
3459 5401 3581 5462 ταῖς
3611 5398 3664 5452 δέ
3697 5399 3829 5467 μίλν

2249 5484 2419 5539 νύκτα
2460 5486 2899 5554 συνδιαγαγοῦσα
2927 5489 3024 5540 καὶ
3055 5488 3386 5558 συνησθεῖσα
3411 5489 3668 5562 καὶπρὸς
3696 5492 3827 5554 τοὺς

2251 5583 2624 5651 μαρτυρικοὺς
2680 5582 2876 5646 ἄθλους
2935 5583 3138 5650 ἱκανῶς
3191 5586 3545 5657 ύπαλείψασα
3609 5587 3691 5651 είς
3727 5588 3828 5656 τὴν

2260 5674 2566 5728 ’Λκουῖλίαν
2594 5675 2891 5746 ἐπορεύθη.
2928 5677 3151 5741 Ταύτας
3170 5695 3230 5732 τε
3260 5680 3369 5751 γὰρ
3399 5680 3540 5751 μετὰ
3572 5680 3664 5732 καὶ
3698 5678 3828 5731 πολ-

2247 5767 2356 5820 λῶν
2383 5767 2559 5823 ᾶ).λων
2589 5769 2766 5824 ἐκεῖσε
2799 5772 2888 5824 τὸν
2913 5770 3116 5842 δρόμον
3149 5773 3269 5843 ᾔδει
3311 5773 3702 5846 δραμουμένας
3727 5771 3825 5826 τοῦ
