4122 6380
528 319 634 383 583

1769 311 2053 372 MENSIS
2096 313 2342 375 DECEM
2355 315 2525 376 BER.

3679 293 3787 383 sat

516 415 762 492 adortus.
797 435 1090 502 Postquam
1111 446 1244 487 vero
1281 431 1445 503 hujus
1487 445 1706 503 quoque
1742 431 2021 496 similiter,
2049 446 2080 486 e

2209 431 2377 502 αὐτῆς
2406 431 2628 502 ὁμοίως,
2677 429 2795 485 εἶτα
2847 431 2940 484 καὶ
2979 429 3076 502 τῆς
3121 431 3311 502 τρίτης
3351 429 3447 502 τὴν
3481 429 3789 499 μεταϐολὴν

515 529 714 584 deinde
774 528 950 580 tertia:
1019 524 1329 593 desperavit
1381 525 1768 588 mulationem,
1808 534 2088 594 postremo

514 621 742 676 dicens:
769 618 895 671 Haec
923 617 1148 670 audacia
1186 627 1366 670 vestra
1399 631 1660 686 responsa
1720 616 1870 670 nulla
1905 632 1962 672 re
1987 617 2090 672 alia

512 726 672 780 quam
705 708 926 762 inﬂictis
956 708 1246 762 tormentis
1298 708 1663 773 curabuntur,
1697 707 1820 762 illas
1865 708 2088 777 quidem

512 806 739 876 conjicit
798 805 851 866 in
911 819 1188 857 carcerem
1238 802 1404 872 :ipse
1457 814 1640 857 autem
1701 804 1753 857 in
1819 803 2088 872 supplicio

519 895 926 953 considerando
976 911 1038 949 ac
1093 895 1437 964 exquirendo
1485 894 1812 949 versabatur
1865 896 2086 962 animo,

511 1005 707 1045 novam
741 989 981 1057 aliquam
1009 997 1063 1041 et
1107 989 1267 1056 longe
1303 986 1680 1057 gravissimam
1729 988 1810 1041 eis
1856 998 2087 1042 mortem

510 1082 756 1136 invenire
787 1079 1148 1133 contendens.
1177 1078 1307 1144 Quae
1337 1093 1466 1131 vero
1495 1078 1579 1132 vel
1613 1087 1739 1131 ante
1762 1079 2083 1144 certamina,

509 1175 693 1226 animo
728 1181 783 1225 et
822 1171 1074 1224 instituto
1123 1178 1244 1224 erat
1296 1184 1489 1223 eorum
1544 1169 1864 1223 certationis
1913 1169 2084 1232 socia,

505 1262 808 1325 Anastasia,
829 1276 889 1313 ea
908 1275 1028 1328 quae
1055 1269 1440 1321 consueverat,
1472 1274 1580 1311 non
1625 1258 1874 1313 cessabat
1898 1258 2082 1312 adhuc

511 1351 712 1413 facere,
745 1350 931 1403 verbis
963 1349 1187 1418 quidem
1223 1348 1526 1402 accendens
1569 1349 1635 1402 ad
1664 1358 1966 1410 certamen,
2004 1362 2087 1401 re-

508 1443 620 1514 ipsa
652 1455 834 1498 autem
871 1460 1056 1498 earum
1091 1458 1280 1498 curam
1314 1458 1512 1511 gerens
1555 1461 1568 1496 :
1613 1451 1669 1497 et
1725 1458 1832 1496 non
1885 1443 2081 1495 harum

506 1537 705 1598 solum,
757 1551 937 1603 neque
989 1534 1328 1604 reliquorum
1383 1535 1627 1588 omnium
1679 1535 1775 1603 qui
1833 1533 2090 1587 similiter

508 1625 894 1687 decertabant,
971 1624 1226 1678 similiter
1283 1638 1470 1677 curam
1526 1624 1790 1694 gerebat,
1835 1624 1931 1679 sed
1991 1639 2085 1678 eos

507 1717 691 1775 etiam,
720 1717 810 1784 qui
840 1716 1044 1783 alioqui
1075 1725 1232 1769 erant
1261 1717 1474 1786 inopes.
1507 1716 1875 1772 Christianam
1901 1728 2082 1772 autem

2201 524 2445 592 ἀπέγνω,
2473 524 2782 576 τελευταῖον
2817 525 3008 587 αὐταῖς
3055 521 3296 576 ἐπειπὼν
3330 522 3405 583 ὡς
3435 521 3503 574 Al
3531 523 3787 591 θρασεῖαι

2200 617 2354 687 ὑμῶν
2408 617 2725 683 ἀποκρίσεις
2758 610 2918 669 αὗται
2970 615 3224 686 οὐδαμῶς
3269 614 3498 684 ἄλλωςῆ
3534 612 3788 682 βασάνων

2199 710 2486 779 ἐπιφοραῖς
2526 707 2861 778 ίαθήσονται,
2895 708 3114 768 ἐκείνας
3142 706 3240 775 μὲν
3275 709 3350 776 τῇ
3371 707 3562 776 εἱρκτῇ
3598 720 3785 774 παρα.-

2195 801 2429 870 δίδωσιν,
2461 801 2623 862 αὐτὸς
2653 799 2708 852 δὲ
2743 799 2872 868 περὶ
2894 801 2992 866 τὴν
3025 797 3312 866 διάσκεψιν
3349 797 3453 850 τῶν
3485 798 3779 867 τιμωριῶν

2195 889 2490 960 ἀπησχόλει
2528 889 2619 942 τὸν
2651 889 2798 952 νοῦν,
2827 889 3146 942 καινότατόν
3179 905 3298 940 τινα
3330 891 3421 940 καὶ
3455 886 3780 957 χαλεπώτα-

2195 996 2286 1033 τον
2316 979 2506 1040 αὑταῖς
2535 979 2766 1031 θάνατον
2797 978 3042 1043 ἐξευρεῖν
3068 978 3450 1046 ἐπειγόμενος.
3515 975 3582 1028 'H
3620 977 3677 1028 δέ
3712 993 3777 1043 γε

2195 1076 2290 1129 καὶ
2315 1074 2419 1142 πρὸ
2444 1076 2554 1128 τῶν
2606 1076 2833 1142 ἀγώνων
2864 1077 2928 1144 τῇ
2971 1078 3291 1145 προαιρέσει
3346 1074 3607 1137 σύναθλος
3638 1076 3776 1130 ταύ-
3814 1065 3816 1067 ’

2195 1182 2313 1226 ταις
2350 1164 2678 1220 Ἀναστασία
2705 1167 2769 1216 τὰ
2791 1165 3017 1216 εἰωθότα
3039 1165 3131 1217 καὶ
3159 1164 3237 1216 ἔτι
3259 1168 3437 1217 ποιεῖν
3462 1167 3562 1218 οὐκ
3583 1165 3773 1232 ἔληγε,

2194 1253 2373 1321 λόγοις
2405 1253 2503 1322 μὲν
2543 1253 2678 1323 πρὸς
2710 1253 2804 1306 τὸν
2842 1251 3028 1318 ἀγῶνα
3051 1250 3536 1320 διαθερμαξνουσα,
3587 1252 3771 1322 ἔργοις

2193 1345 2348 1398 δέτά
2391 1347 2491 1414 τῆς
2549 1345 2807 1414 προνοίας
2868 1343 3216 1409 ὲπιτελοῦσα,
3264 1346 3358 1396 καὶ
3409 1344 3530 1413 οὐχὶ
3561 1342 3771 1399 τούτων

2196 1436 2373 1506 μόνων
2405 1434 2524 1487 οὐδὲ
2556 1435 2664 1487 τῶν
2701 1435 2902 1486 λοιπῶν
2935 1435 3149 1486 πάντων
3177 1433 3287 1485 τῶν
3310 1433 3507 1503 ὁμοίως
3538 1432 3769 1485 ἀθλούν-

2191 1545 2298 1579 των
2327 1525 2526 1594 ὁμοίως
2562 1526 2758 1595 εῖχετο,
2795 1525 2930 1578 ἀλλά
2962 1525 3056 1577 καὶ
3078 1525 3186 1576 τῶν
3217 1523 3387 1584 ἄλλως
3413 1523 3768 1594 ἀπορούντων

2191 1619 2304 1671 ὅσοι
2338 1619 2408 1670 τὰ
2466 1617 2811 1688 Χριστιανῶν
2869 1617 3266 1688 πρεσϐεύοντες
3311 1611 3454 1688 ἧααν
3509 1613 3768 1680 οὐδαμῶς

2193 1711 2387 1780 ἡμέλει
2418 1713 2528 1774 τοῖς
2565 1710 2665 1772 μὲν
2695 1709 2920 1779 τροφὰς,
2958 1711 3068 1770 τοῖς
3103 1709 3158 1760 δὲ
3201 1707 3416 1770 στολὰς,
3445 1707 3554 1768 τοῖς
3581 1706 3638 1757 δέ
3668 1702 3770 1758 καὶ

507 1807 974 1876 amplectebantur
1044 1808 1389 1877 religimxem,
1445 1809 1671 1862 minime
1728 1809 2082 1878 no-gligebat:

2189 1805 2354 1871 ἄμφω
2387 1802 2681 1870 φιλοτίμως
2714 1803 3050 1870 παρέχουσα,
3099 1793 3175 1852 ὧν
3203 1798 3437 1866 ἀμοιϐὴν
3465 1799 3589 1866 μέαν
3619 1796 3768 1849 ἐκεί-

507 1899 612 1953 tllis
655 1899 877 1967 quidem
931 1897 1213 1959 alimenta,
1263 1900 1350 1952 his
1413 1915 1541 1954 vero
1578 1901 1922 1965 vestimenta,
1964 1901 2088 1955 aliis

507 1996 684 2042 autem
720 1997 954 2058 utraque
987 1991 1237 2058 prmbens
1282 1991 1612 2056 liberaliter,
1664 2008 1896 2061 quarunt
1945 1996 2088 2047 etab

511 2079 620 2134 illis
663 2096 822 2133 unam
871 2081 1091 2150 petebat
1129 2083 1658 2147 remunerationem,
1704 2093 1761 2136 et
1795 2084 1910 2152 ipsa
1950 2099 2089 2153 quo-

506 2187 609 2241 que
641 2172 986 2240 precabatur,
1043 2184 1099 2226 ut
1149 2174 1230 2228 eis
1261 2190 1489 2228 aureum
1543 2176 1850 2242 imponeret
1909 2174 2088 2243 signa—

505 2263 706 2319 culum.
764 2263 1012 2332 martyrii
1065 2278 1347 2318 coronam.
1384 2266 1450 2318 Et
1498 2265 1643 2334 quod
1699 2265 1812 2334 ipsa
1859 2265 2082 2334 quidem

506 2368 600 2422 spe
641 2370 745 2408 non
783 2356 852 2407 sit
883 2355 1038 2419 falsa,
1081 2355 1263 2410 statim
1294 2355 1591 2410 declarabit
1619 2359 1818 2412 oratio.

575 2443 692 2496 Xll.
753 2444 1120 2500 Diocletianus
1175 2458 1384 2509 autem,
1427 2463 1552 2502 cum
1621 2449 1688 2503 de
1751 2450 2087 2520 martyribus

506 2533 675 2586 multa
720 2533 902 2586 animo
954 2535 1230 2604 agitasset,
1269 2545 1325 2590 et
1376 2537 1426 2590 in
1487 2537 1655 2591 dubio
1709 2540 1827 2609 ejus
1894 2541 2078 2596 adhuc

507 2633 652 2678 esset
678 2625 915 2688 animus,
942 2636 998 2679 et
1026 2627 1188 2680 simul
1236 2635 1295 2682 ut
1349 2627 1792 2697 proﬁcisceretur
1827 2632 1880 2685 in
1912 2632 2082 2688 Mace-

510 2715 729 2769 doniam
785 2733 812 2770 a
867 2717 1194 2787 quibusdam
1232 2720 1467 2789 publicis
1504 2735 1794 2792 urgeretur
1827 2726 2080 2796 negotiis,

513 2823 638 2862 cum
683 2808 917 2864 Dulcitio
970 2810 1226 2878 praefecto
1276 2827 1468 2867 earum
1523 2814 1833 2871 mandasset
1877 2817 2084 2875 exarui-

507 2903 810 2962 natioaem,
845 2903 991 2968 quod
1039 2917 1134 2956 eas
1163 2912 1447 2972 oporteret
1493 2905 1712 2975 punire.
1745 2909 1916 2961 multa
1953 2925 2082 2978 prae-

509 2989 672 3059 cepit.
710 2990 804 3045 llle
837 3007 966 3044 vero
1005 3007 1130 3046 cum
1185 2995 1344 3049 mala:
1379 3004 1588 3049 natura:
1620 2996 1914 3067 adjecisset
1963 3017 2080 3056 ma-

2190 1909 2311 1955 νους
2339 1908 2396 1944 τε
2423 1891 2649 1961 ἀπῄτει,
2676 1894 2768 1943 καὶ
2799 1891 2934 1961 αὐτὴ
2966 1889 3032 1944 δι’
3064 1889 3231 1958 εὐχῆς
3271 1890 3508 1942 ἐποιεῖτο
3537 1888 3598 1939 τδ
3630 1889 3764 1940 πᾶσι

2189 1985 2399 2048 τούτοις
2429 1986 2638 2054 χρυσῆν
2693 1983 2964 2036 ἐπιθεῖναι
3007 1981 3278 2053 σφραγῖδα
3301 1980 3394 2032 τὸν
3427 1978 3764 2050 μαρτυρικὸν

2191 2077 2473 2144 στέφανον.
2497 2075 2606 2127 Καὶ
2638 2073 2779 2142 αὕτη
2822 2071 2919 2141 μὲν
2953 2072 3035 2123 ὅτι
3081 2071 3178 2140 τῆς
3210 2071 3418 2132 ἐλπίδος
3455 2070 3514 2121 οὐ
3551 2066 3768 2138 διεψεύ-

2190 2168 2294 2238 σθη
2319 2169 2441 2219 ὅσον
2472 2165 2626 2222 obitu)
2653 2167 2743 2216 καὶ
2771 2165 2798 2217 ὁ
2831 2164 2988 2232 λόγος
3019 2162 3267 2231 δηλώσει.

2257 2437 2359 2494 ω’.
2391 2438 2772 2508 Διοκλητιανος
2813 2438 2870 2490 δέ
2921 2436 3094 2488 πολλά
3151 2435 3282 2504 περὶ
3307 2432 3415 2487 τῶν
3469 2430 3760 2502 μαρτύρων

2185 2531 2643 2600 διασκεψάμενος,
2674 2533 2731 2582 ἐν
2766 2530 2960 2600 ἀπόρῳ
3005 2545 3063 2581 τε
3092 2527 3172 2581 ἔτι
3203 2526 3302 2596 τὴν
3334 2525 3558 2593 γνώμην
3597 2523 3758 2591 ἔχων.

2185 2625 2280 2678 καὶ
2313 2625 2429 2693 ἅμα
2485 2623 2583 2692 τὴν
2641 2625 2696 2687 ἐς
2745 2620 3083 2676 Μακεδονίαν
3132 2618 3374 2671 ἐλαύνειν
3435 2616 3540 2668 ὑπὸ
3599 2628 3766 2667 τινων

2184 2717 2556 2786 ἐπειγόμενος,
2583 2713 2851 2784 δημοσίων
2873 2712 3170 2780 Δουλκιτίῳ
3194 2711 3418 2779 ἐπάρχῳ
3434 2708 3530 2778 τὴν
3555 2703 3760 2758 τούτων

2182 2807 2426 2874 ἐξέτασιν
2459 2808 2782 2878 ἐπιτρέψας,
2839 2806 3008 2858 πολλὰ
3049 2807 3180 2873 περὶ
3213 2802 3305 2856 τοῦ
3334 2803 3444 2855 δεῖν
3475 2801 3642 2863 αὐτὰς
3665 2816 3760 2851 κο-

2182 2903 2365 2966 λάζειν
2417 2902 2776 2971 ἐπήγγελλεν.
2834 2898 2899 2953 Ὀ
2951 2900 3008 2951 δὲ
3065 2898 3278 2968 πονηρᾷ
3327 2897 3486 2962 φύσει
3517 2893 3756 2962 πονηρὰν

2182 2995 2440 3066 προσθεὶς
2467 2993 2730 3062 βασιλέως
2755 2991 3017 3057 διάταξιν,
3051 2989 3144 3042 καὶ
3167 2989 3259 3041 τὸν
3290 2987 3464 3055 θυμὸν
3488 2986 3562 3046 ὡς
3599 2984 3760 3053 μάλι-

505 3080 618 3134 lum
647 3082 998 3150 imperatoris
1030 3085 1372 3148 mandatum,
1425 3097 1478 3140 et
1507 3087 1644 3141 iram
1682 3091 1917 3146 maxime
1953 3109 2080 3147 exa-

2188 3105 2284 3142 στα
2339 3085 2661 3156 παραθήξας
2709 3085 2924 3153 ἕτοιμος
2979 3077 3047 3151 ἦν
3099 3081 3390 3149 ἀπλήστως
3443 3081 3510 3147 τῇ
3563 3076 3758 3146 γνώμῃ

509 3173 735 3239 ruisset,
785 3188 1008 3244 paratus
1036 3189 1155 3233 erat
1205 3194 1362 3232 suum
1402 3179 1786 3250 inexplebilem
1838 3185 2078 3241 animum

507 3267 801 3320 exsatiare.
833 3267 968 3321 Cum
1001 3278 1182 3322 autem
1206 3271 1316 3340 jam
1349 3281 1533 3341 parata
1562 3283 1747 3328 essent
1782 3285 2076 3343 tormenta,

509 3366 565 3410 et
596 3374 695 3426 pro
727 3359 988 3413 tribunali
1020 3369 1230 3415 starent
1267 3363 1528 3432 virgines,
1582 3365 1678 3433 qui
1724 3377 1908 3422 mente
1958 3379 2083 3424 erat

511 3448 670 3517 plane
703 3449 1046 3516 caecutiente,
1090 3461 1317 3520 repente
1352 3453 1518 3522 coepit
1553 3457 1721 3508 etiam
1752 3472 1873 3511 esse
1904 3473 2083 3514 caecus

507 3541 720 3602 oculis;
757 3541 837 3594 Vel
869 3543 1052 3610 potius
1091 3559 1215 3598 cum
1244 3544 1527 3599 videretur
1572 3550 1840 3617 aspicere,
1890 3560 1945 3604 et
1973 3567 2080 3606 non

507 3629 723 3683 clausos
749 3628 977 3683 haberet
1028 3631 1238 3694 oculos,
1294 3634 1572 3689 neminem
1625 3636 1850 3691 videbat
1891 3654 1958 3693 ex
2011 3639 2082 3695 iis

503 3720 598 3788 qui
635 3719 884 3775 aderant.
937 3721 1055 3786 Quo
1105 3721 1314 3778 factum
1365 3735 1468 3791 est,
1500 3737 1560 3780 ut
1615 3730 1849 3783 maxima
1884 3729 1966 3784 ira
1998 3733 2082 3785 in-

506 3826 722 3874 census,
767 3820 877 3866 tum
927 3813 1149 3882 quidem
1203 3816 1286 3870 vel
1337 3817 1539 3873 invitus
1587 3833 1680 3874 eas
1726 3821 2082 3876 abducereta

506 3901 798 3966 tribunali;
855 3902 1038 3957 timuit
1089 3905 1238 3958 enim
1273 3921 1342 3961 ne
1391 3908 1596 3977 aliquid
1630 3911 1868 3980 amplius
1924 3923 2080 3982 pate-

503 4004 676 4060 retur,
709 3995 754 4048 si
781 3995 1057 4050 adessent.
1109 3997 1301 4054 Postea
1333 4016 1462 4055 vero
1513 4017 1637 4057 cum
1670 4019 1864 4059 rursus
1897 4016 2081 4062 essent

502 4085 762 4152 conjecta:
814 4087 869 4139 in
904 4101 1205 4152 carcerem,
1260 4097 1314 4143 et
1359 4093 1468 4161 jam
1500 4093 1566 4148 ad
1621 4093 1789 4148 Deum
1850 4097 2082 4168 hymnos

505 4175 691 4230 dicere
717 4188 770 4231 et
804 4180 1014 4233 cantica
1047 4181 1277 4249 psallere
1313 4197 1582 4253 aggressa:
1621 4195 1826 4251 essent,
1861 4187 1919 4240 in
1963 4187 2082 4242 ani-

509 4281 600 4319 mo
636 4268 858 4336 quidem
886 4270 1079 4325 habuit
1103 4273 1435 4342 irrumpere.
1470 4283 1524 4329 et
1551 4290 1618 4332 ex
1658 4276 1957 4345 improviso
1989 4294 2080 4334 ac-

505 4359 724 4420 cedens,
761 4360 974 4415 illarum
1019 4365 1228 4428 venari,
1281 4371 1342 4420 ut
1391 4365 1639 4433 putabat,
1683 4368 1984 4438 praestigias
2020 4378 2079 4428 et

2187 3180 2514 3253 χρήσασθαι.
2561 3178 2650 3241 Ὠς
2697 3179 2752 3230 δέ
2782 3176 2875 3230 καὶ
2901 3174 3231 3244 ηὐτρέπιστο
3252 3173 3317 3226 τά
3364 3173 3507 3226 δεινά
3536 3171 3627 3224 καὶ
3659 3171 3759 3233 τὰς

2185 3273 2486 3344 παρθένους
2519 3271 2756 3341 παρίστη
2782 3269 2858 3338 τῷ
2893 3267 3117 3338 βήματι,
3161 3266 3188 3316 ὁ
3214 3265 3310 3334 τὴν
3339 3265 3574 3317 διάνοιαν
3597 3265 3760 3331 ἀκρι-

2183 3362 2292 3425 ὁῶς
2343 3362 2664 3430 τυφλώττων
2725 3360 2925 3429 τυφλὸς
2973 3358 3198 3423 ἐξάπινα
3231 3358 3325 3409 καὶ⁸
3357 3356 3453 3418 τὰς
3483 3355 3633 3423 ὅψεις
3662 3350 3756 3424 ἦν,

2186 3457 2387 3528 μᾶλλον
2425 3456 2481 3509 δέ
2517 3455 2732 3525 βλέπειν
2759 3454 2933 3506 δοκῶν
2985 3451 3074 3505 καὶ
3101 3452 3225 3512 τοὺς
3259 3448 3569 3516 ὀςθιλμοὺς
3616 3446 3758 3517 ἔχων

2189 3550 2533 3614 ἀκλείστους,
2570 3547 2758 3602 οὐδένα
2788 3546 2895 3599 τῶν
2949 3545 3233 3615 παρόντων
3264 3541 3444 3610 ἐώρα·
3488 3534 3614 3608 ᾧδὴ
3663 3539 3759 3592 καὶ

2186 3641 2418 3711 μάλιστα
2447 3639 2538 3692 τὸν
2600 3639 2768 3708 θυμὸν
2826 3636 3112 3696 ἐκκαυθεὶς
3162 3632 3284 3686 τότε
3315 3633 3412 3700 μὲν
3463 3630 3633 3693 αὐτὰς
3661 3631 3757 3683 καὶ

2181 3732 2329 3784 ἄκων
2367 3730 2568 3796 ἀπάγει
2625 3728 2718 3782 τοῦ
2765 3726 3006 3796 βήματος
3031 3739 3044 3754 ·
3102 3723 3293 3776 ἐδεδίρι
3325 3722 3430 3791 γὰρ
3463 3721 3536 3791 μή
3571 3737 3622 3772 τι
3661 3721 3756 3776 καὶ

2183 3823 2344 3876 πλέον
2385 3821 2808 3892 παρισταμένων
2845 3817 2989 3886 αὐτῷ
3022 3817 3217 3869 πάθοι·
3256 3816 3479 3884 ὕστερον
3510 3815 3564 3866 δὲ
3587 3813 3659 3874 ὡς
3686 3813 3752 3882 τῇ

2182 3917 2370 3985 εἱρκτῇ
2402 3913 2744 3984 παρεδίδοντο
2772 3911 2865 3964 καὶ
2901 3909 3001 3981 ήδη
3030 3909 3138 3962 τῶν
3185 3910 3262 3971 εἰς
3295 3908 3429 3960 Θεὸν
3454 3906 3636 3974 ὓμνων
3659 3907 3756 3957 aut

2181 4007 2331 4078 ᾠδῶν
2360 4007 2585 4076 εἴχοντο,
2608 4005 2757 4074 ὁρμᾷ
2789 4005 2889 4069 μὲν
2938 4001 3222 4071 είσπηδῆσ-
3246 4020 3263 4057 ι
3293 4002 3386 4054 καὶ
3415 3998 3649 4068 θηράσαι
3678 3995 3756 4065 τῷ

2181 4094 2476 4165 ἀπροόπτῳ
2535 4097 2631 4163 τὴν
2662 4093 2887 4146 ἐκείνων
2928 4091 3177 4169 φθάσας,
3218 4090 3291 4151 ὡς
3325 4087 3477 4159 ᾤετο,
3539 4101 3756 4154 μαγγα-

2181 4187 2361 4241 νείαν·
2402 4185 2519 4255 θείᾳ
2540 4185 2598 4236 δὲ
2621 4183 2785 4254 βουλῇ
2823 4183 2915 4234 καὶ
2956 4181 3158 4252 ταύτης
3199 4183 3404 4242 ἐκεῖνος
3434 4179 3526 4246 τῆς
3561 4175 3756 4246 βουλῆς

2181 4278 2445 4347 εἴργεται.
2482 4275 2592 4344 Τῆς
2641 4275 2749 4345 γὰρ
2799 4272 3013 4336 εὐθείας
3058 4271 3441 4343 παρατραπεὶς
3499 4268 3594 4321 καί
3632 4283 3753 4328 πως

2183 4366 2319 4435 πρός
2352 4382 2470 4420 τινα
2502 4365 2728 4434 πλησίον
2775 4363 3013 4416 οἰκίσκον
3036 4361 3417 4434 παρενεχθεὶς,
3445 4359 3503 4423 ὃς
3529 4358 3593 4428 δὴ
3638 4359 3752 4418 τοῖς

507 4448 927 4506 incantationes.
999 4453 1193 4509 Divina
1257 4464 1440 4509 autem
1507 4456 1788 4513 voluntate
1846 4459 1936 4517 ille
2011 4463 2080 4518 ab

2189 4453 2415 4522 φύλαξιν
2439 4459 2515 4516 εἰς
2532 4455 2816 4510 ὀπτανεῖον
2840 4454 3034 4516 ἐτέλει,
3056 4453 3288 4508 ἐνταῦθα
3315 4454 3378 4522 δὴ
3411 4450 3752 4522 μαγειρικοῖς

505 4539 610 4594 hoc
642 4555 862 4609 quoque
921 4553 1140 4597 arcetur
1185 4545 1439 4601 consilio.
1473 4546 1609 4602 Cum
1657 4550 1805 4603 enim
1861 4564 1891 4604 a
1927 4559 2077 4606 recta

509 4625 862 4688 declinasset,
895 4637 952 4683 et
985 4629 1050 4684 ad
1100 4631 1392 4699 quamdam
1447 4635 1810 4705 propinquam
1865 4637 2081 4694 delatus

505 4725 651 4771 esset
709 4718 1120 4786 domunculam,
1185 4739 1306 4792 quze
1354 4726 1575 4794 quidem
1613 4729 1932 4784 custodibus
1965 4738 2082 4784 erat

507 4807 627 4864 loco
658 4811 873 4876 culinat,
907 4813 998 4867 hic
1024 4829 1149 4868 cum
1190 4816 1245 4868 in
1289 4831 1416 4870 vasa
1448 4818 1720 4874 culinaria
1747 4829 1802 4873 et
1831 4819 1965 4876 ollas
1999 4824 2083 4876 in-

2180 4548 2421 4616 ἀγγείοις
2443 4547 2535 4599 καὶ
2567 4546 2792 4618 χύτραις
2826 4544 3164 4617 περιτυχὼν,
3197 4547 3413 4615 ἐκψρων
3440 4560 3498 4596 τε
3537 4543 3595 4594 τὸ
3630 4541 3753 4593 σύν-

2181 4638 2301 4691 ολον
2326 4637 2561 4706 γεγονὼς
2601 4639 2694 4690 καὶ
2726 4638 2894 4702 αύτάς
2944 4639 3186 4706 οἰόμενος
3230 4637 3328 4700 τὰς
3359 4635 3661 4705 παρθένους
3693 4635 3752 4683 ἐν

2181 4732 2370 4802 χερσὶν
2425 4730 2592 4800 ἐχειν,
2628 4729 2866 4799 ἀσϐόλης
2895 4730 2992 4798 μὲν
3024 4730 3122 4799 τὴν
3149 4729 3291 4797 δψιν,
3322 4727 3534 4794 λιγνὼς
3570 4725 3627 4778 δὲ
3653 4724 3754 4792 τὴν

2181 4824 2383 4891 ἐσθῆτα
2413 4825 2508 4875 καὶ
2532 4823 2742 4876 καπνοῦ
2769 4825 2983 4892 πλήρης
3023 4825 3116 4875 καὶ
3147 4822 3410 4883 δυσωδίας
3450 4820 3746 4872 ἐδείκνυτο.

505 4901 749 4970 eidisset,
783 4913 838 4959 et
867 4915 1013 4961 esset
1042 4909 1266 4962 omnino
1293 4920 1486 4964 emotae
1521 4913 1741 4977 mentis,
1775 4921 1830 4966 et
1856 4923 2074 4982 putaret
2112 4931 2170 4971 se
2204 4918 2351 4986 ipsas
2382 4916 2626 4986 virgines
2667 4916 2870 4970 habere
2923 4915 2978 4970 in
3008 4915 3285 4981 manibus,
3319 4913 3503 4966 vultus
3529 4911 3752 4982 quidem

507 4995 558 5050 ei
590 4997 694 5052 fuit
743 5001 984 5069 repletus
1018 5001 1270 5074 fuligine,
1323 5005 1496 5059 vestis
1525 5017 1709 5062 autem
1742 5009 1902 5077 plena
1933 5009 2155 5076 favillis,
2185 5010 2339 5064 fumo
2376 5019 2435 5065 et
2462 5020 2602 5064 tetro
2631 5009 2822 5064 odore.

581 5087 718 5144 Xlll.
748 5091 886 5146 Cum
941 5105 1121 5149 autem
1152 5111 1274 5165 qua:
1312 5098 1496 5151 animo
1527 5099 1784 5165 habebat,
1817 5099 2034 5156 fecisset
2061 5141 2077 5167 ,

511 5191 574 5236 ut
622 5183 980 5248 existimavit,
1035 5188 1190 5243 illinc
1242 5196 1326 5244 est
1383 5205 1656 5260 egressus,
1712 5193 1971 5247 omnibus
2027 5194 2080 5248 ei

510 5275 771 5344 subjectis
795 5287 946 5334 extra
973 5279 1120 5339 fores
1141 5297 1266 5336 eum
1297 5283 1762 5351 expectantibus.
1787 5284 2080 5354 Postquam

511 5380 644 5422 vero
675 5369 752 5426 iili
795 5385 919 5424 eum
955 5371 1232 5437 viderunt,
1264 5387 1388 5427 esse
1416 5373 1636 5446 aliquod
1662 5385 1940 5444 spcetrum
1989 5383 2085 5433 aut

511 5467 816 5513 monstrum
851 5461 1085 5530 Opinati,
1143 5464 1197 5518 in
1251 5465 1430 5534 fugam
1481 5473 1613 5520 sunt
1655 5466 1932 5522 conversi.
1986 5467 2081 5526 Ille

514 5560 696 5604 autem
729 5565 788 5607 se
815 5562 1190 5624 contemptum
1217 5564 1437 5625 putans,
1462 5565 1521 5610 ut
1551 5556 1645 5627 qui
1680 5556 1922 5612 nondum
1955 5572 2083 5614 seu-

512 5643 674 5696 sisset
709 5657 773 5697 ea
806 5659 927 5714 qute
952 5645 1056 5700 sibi
1093 5647 1426 5712 acciderant,
1463 5649 1708 5703 nondum
1735 5649 1957 5719 quidem
1981 5648 2080 5704 do-

515 5747 683 5801 mum,
720 5739 814 5791 sed
843 5741 896 5792 in
930 5740 1129 5810 regiam
1180 5752 1372 5808 magna
1409 5741 1486 5794 ira
1541 5749 1597 5794 et
1644 5741 1828 5796 studio
1851 5747 2080 5795 conten.

2259 5101 2357 5155 II".
2404 5100 2560 5154 Ἐπεὶ
2583 5102 2638 5154 δὲ
2669 5103 2739 5154 τὰ
2774 5100 2910 5154 κατά
2945 5098 3090 5165 νοῦν,
3127 5098 3196 5160 ὡς
3227 5097 3514 5169 ὑπείληφε,
3549 5096 3752 5162 δράσας

2189 5191 2398 5247 ἐκεῖθεν
2429 5191 2597 5262 ἐξῄει,
2631 5193 2738 5245 τῶν
2769 5191 2874 5250 ὑπὸ
2917 5193 3073 5260 χεῖρα
3105 5190 3322 5243 πάντων
3356 5188 3461 5252 ἔξω
3485 5191 3614 5260 περὶ
3656 5188 3754 5259 τὴν

2191 5283 2365 5354 θύραν
2395 5286 2794 5353 ἀναμενόντων,
2819 5283 2895 5344 ὼς
2929 5279 3068 5335 εἶδον
3101 5280 3266 5334 αὐτὸν
3307 5283 3504 5333 ἐκεῖνιι
3537 5297 3757 5351 φασμα-

2191 5375 2332 5448 τώδη
2363 5377 2482 5428 τινὰ
2532 5376 2625 5428 καὶ
2672 5377 2954 5446 τεράστιον
3009 5372 3375 5435 ὑπολαϐόντες
3411 5370 3568 5438 εἶναι,
3621 5375 3756 5444 πρδς

2194 5468 2369 5544 φυγὴν
2398 5469 2656 5540 ἐχώρουν.
2693 5466 2758 5521 '0
2785 5467 2840 5522 δὲ
2872 5467 3266 5538 περιφρόνησιν
3286 5460 3427 5518 εἶναι
3458 5466 3517 5518 τὸ
3537 5470 3760 5535 γεγώς

2189 5559 2437 5628 οἰόμενος
2463 5561 2559 5616 καὶ
2587 5557 2742 5616 οὔπω
2771 5559 2880 5614 τῶν
2908 5553 2983 5613 ὧν
3015 5558 3286 5614 πέπονθεν
3334 5557 3588 5629 αἴσθησιν
3612 5559 3758 5629 εἰλη-

2190 5650 2307 5720 φὼς
2341 5651 2439 5702 οὐκ
2461 5648 2538 5702 Ξτι
2564 5649 2664 5720 μὶν
2693 5651 2785 5705 ἐπὶ
2813 5651 2911 5722 τὴν
2931 5651 3129 5718 οἰκίαν,
3153 5651 3266 5704 ἀλλ’
3297 5652 3390 5704 ιπι
3413 5651 3483 5705 τὰ
3513 5651 3746 5720 βασίλειι

2185 5741 2322 5816 ὀργῇ
2363 5741 2530 5816 πολλῇ
2562 5744 2654 5796 καὶ
2685 5745 2891 5816 σπονδῇ
2913 5741 3117 5816 ἐχώρει
3145 5742 3315 5802 πολὺν
3337 5746 3448 5809 τοῖς
3476 5744 3646 5814 ὁρῶσι
3670 5746 3757 5801 τὶν
