4102 6376
306 316 410 382 585

1084 315 1556 374 MARTYRH’M
1600 313 1656 374 S.
1704 314 2150 373 ANASTASLE
2194 312 2290 372 ET
2332 312 2749 372 SOCIARUM.

3439 303 3542 365 586

303 427 512 494 γέλωτα
549 421 835 491 συγκινῶν.
885 420 998 490 Τῆς
1045 423 1102 474 δὲ
1130 423 1416 493 βασιλικῆς
1442 424 1612 492 αὐλῆς
1647 425 1739 490 καὶ
1771 424 1877 476 τῶν
1907 469 1914 485 ι

2002 423 2080 490 lit,
2118 437 2372 493 magnum
2406 421 2574 474 risum
2609 431 2836 473 movens
2868 415 2934 470 iis
2968 414 3062 486 qni
3107 414 3380 470 videbmt.
3412 411 3550 466 Cum

305 514 618 586 δορυφόρων
648 515 728 575 εἰς
754 513 916 582 μέσον
954 513 1124 566 ἐλθὼν
1155 514 1388 585 θορύϐου
1423 516 1619 584 μεστὸς
1647 516 1723 568 ὢν
1747 515 1877 584 ἐζή-

305 627 384 663 τει
415 609 510 661 τὸν
539 604 790 676 βασιλέα,
827 605 924 658 ατε
945 605 1008 676 δὴ
1037 606 1128 658 καὶ
1162 607 1304 659 κατὰ
1329 607 1437 660 τῶν
1457 607 1564 660 ὑπὸ
1583 609 1739 678 χεῖρα
1767 607 1876 659 τῶν

307 701 496 757 ἑαυτοῦ
537 700 884 769 ἐντυγχάνειν
909 700 1118 769 μέλλων
1152 699 1226 762 ὡς
1257 701 1350 753 ὑπ’
1371 701 1551 754 αὐτῶν
1575 701 1645 754 τὰ
1673 703 1878 771 ἔσχατα

307 791 763 864 περιυϐρισμένος
797 807 814 823 ο
841 792 892 845 οἱ
929 792 985 843 δὲ
1017 793 1310 863 ὑπόμωρον
1355 810 1476 846 τινα
1526 795 1618 846 καὶ
1648 793 1880 860 γελωτο·

308 887 456 939 ποιὸν
494 885 590 938 καὶ
621 886 940 954 παράφορον
969 885 1060 936 καὶ
1096 886 1273 938 πάντα
1305 885 1506 954 μᾶλλον
1543 884 1758 956 αύτδνῆ
1787 887 1879 938 τὸν

310 979 542 1051 ἔπαρχον
607 977 964 1040 ὑπονοοῦντες
1029 977 1340 1030 Δουλκίτιον
1392 980 1639 1048 πυγμαῖς
1684 994 1742 1030 τε
1787 977 1880 1030 καὶ

308 1071 568 1140 ὠθισμοῖς
614 1070 850 1134 ἐξώθουν
889 1069 986 1123 καὶ
1036 1070 1302 1138 ἀπεῖργον
1349 1069 1499 1137 αύτῷ
1528 1069 1625 1140 τὴν
1653 1069 1877 1122 εἴσοδον.

322 1165 471 1217 Ἐπεὶ
502 1163 557 1215 δέ
584 1179 727 1224 τινες
766 1165 873 1215 τῶν
915 1163 1122 1232 σφόδρα
1153 1163 1420 1232 συνήθων,
1451 1162 1547 1232 oet
1584 1163 1678 1214 καὶ
1729 1162 1881 1230 μόλις

307 1252 631 1320 ἀναγνόντες
661 1254 749 1306 τὸν
776 1252 946 1324 ἄνδρα
976 1254 1072 1306 καὶ
1096 1253 1156 1305 τὸ
1186 1254 1476 1322 γενόμενον
1515 1251 1881 1323 συμϐαλόντες

310 1345 524 1411 καὶτῆς
574 1347 898 1414 παραφορᾶς
945 1345 1287 1414 ἐλεήσαντες,
1315 1346 1394 1408 εἰς
1431 1345 1531 1414 τὴν
1572 1345 1749 1398 οἰκίαν
1769 1346 1884 1396 ’ἀπ-

309 1436 534 1506 ήγαγον,
589 1435 744 1504 ὤφθη
784 1437 884 1504 μὲν
909 1438 1072 1488 κάκεῖ
1122 1437 1342 1505 γυνκικε
1387 1454 1445 1489 τε
1473 1438 1566 1489 καὶ
1592 1440 1750 1489 παισὶ
1789 1438 1882 1490 καὶ

308 1529 415 1590 τοῖς
444 1529 502 1580 ἐν
535 1526 671 1597 οἴκῳ
703 1528 870 1580 πᾶσιν
905 1527 1164 1596 αἰσχύνη.
1211 1527 1358 1597 Πλὴν
1404 1528 1518 1579 ἀλλ’
1567 1529 1648 1590 εἰς
1676 1530 1736 1580 τὺ
1768 1527 1884 1597 φῶς

311 1621 607 1690 ἀναϐλέψαι
638 1621 734 1674 καὶ
766 1620 864 1688 τὴν
895 1619 1164 1690 ἀλήθειαν
1209 1620 1509 1688 ἐπιγνῶναι
1562 1621 1683 1673 οὐδὲ
1712 1621 1884 1683 οὕτως

310 1710 468 1765 αὐτὸν
492 1711 615 1775 νοῦς
673 1710 923 1782 εἰσῆλθεν
945 1753 960 1777 ,
1027 1711 1140 1764 ἀλλ’
1169 1713 1248 1774 εἰς
1295 1711 1551 1780 γοητείαν
1578 1713 1637 1764 τὸ
1663 1713 1884 1780 γεγονὸς

311 1803 632 1872 ἀναφέρων,
667 1803 1026 1873 σφοδρότερον
1084 1803 1162 1855 ἔτι
1213 1804 1308 1856 καὶ
1342 1803 1713 1875 μανικώτερον
1743 1807 1885 1860 κατὰ

312 1894 417 1947 τῶν
448 1895 735 1965 παρθένων
766 1894 919 1948 ἔπνει
949 1913 964 1928 ο
1002 1895 1193 1965 ἀμέλει
1232 1897 1328 1950 καὶ
1359 1897 1606 1968 βήματος
1635 1900 1888 1971 εὑτρεπι⁹

315 1984 530 2049 σθέντος
560 1985 710 2056 αὐτῷ
747 1987 982 2058 ἀχθῆναι
1015 1987 1114 2051 τὰς
1139 1987 1448 2059 παρθένους
1470 1991 1708 2048 κελεύει.

381 2256 481 2310 LV.
501 2255 654 2310 Ἐπεὶ
673 2256 730 2310 δὲ
767 2257 859 2310 καὶ
886 2256 1156 2327 ἤχθησαν,
1182 2259 1395 2329 γυμνὰς
1420 2260 1683 2314 ἐπέταττε
1712 2280 1785 2316 πα
1797 2280 1892 2333 ρα-

317 2350 527 2419 στῆναι.
570 2349 656 2413 Ὠς
691 2350 746 2402 δὲ
764 2352 862 2415 τὰς
885 2353 1078 2420 χεῖρας
1100 2352 1150 2404 οἱ
1171 2353 1356 2423 δήμιοι
1394 2357 1504 2419 τοῖς
1538 2356 1893 2427 παρθενικοῖς

315 2443 580 2497 ἐπέϐαλον
638 2443 910 2513 σώμασιν,
944 2442 1023 2512 (ὣ
1056 2448 1372 2515 παραδόξων
1415 2450 1755 2521 πραγμάτων
1804 2450 1896 2520 δη-

315 2533 544 2602 μιουργὲ
607 2533 854 2603 Κύριεε)
915 2534 966 2585 οι
1019 2536 1243 2602 χιτῶνες
1269 2535 1346 2599 ὡς
1391 2537 1641 2610 δεύτεραι
1693 2541 1895 2609 σάρκες

313 2626 404 2677 καὶ
431 2626 677 2694 δέρματα
707 2626 826 2687 ταῖς
865 2625 1155 2693 παρθένοις
1202 2629 1588 2699 περιταθέντες
1625 2635 1897 2700 συμφυεῖς

310 2719 431 2782 ταῖς
465 2720 712 2788 πρώταις
744 2718 900 2788 σαρξὶ
925 2719 1020 2772 καὶ
1045 2721 1155 2782 τοῖς
1187 2720 1394 2784 ὀστέοις
1423 2721 1712 2775 ἐνέκειντο.
1750 2723 1900 2792 Θάμ-

313 2807 406 2873 ϐος
438 2810 533 2862 ἰπὶ
557 2809 634 2878 τῷ
660 2809 950 2881 παραδόξῳ
967 2811 1094 2874 τοὺς
1115 2811 1358 2880 ὁρῶντας
1381 2811 1494 2883 εἶχε
1518 2813 1612 2866 καὶ
1633 2814 1898 2884 ἔκπληξις

311 2903 438 2967 τοὺς
465 2904 785 2967 ἀκούοντας.
814 2905 918 2958 Τὸν
939 2905 996 2956 δὲ
1025 2905 1291 2975 τύραννον
1323 2907 1490 2976 ἑτέρα
1519 2907 1678 2960 πάλιν
1716 2909 1898 2980 πληγὴ

313 2994 747 3064 κατελάμϐανεν.
777 2995 918 3064 Ἤδη
939 2995 1048 3065 γὰρ
1071 2997 1164 3048 καὶ
1189 2995 1298 3048 τῶν
1325 2995 1598 3066 ὁμοδόξων
1627 2998 1792 3051 αὑτὸν
1818 2999 1899 3059 εἰς

1978 526 2162 570 autem
2195 514 2438 569 venisset
2470 515 2522 566 in
2569 511 2812 565 medium
2847 509 2984 562 anim
3035 509 3195 577 regi-.12
3240 516 3296 561 et
3343 506 3552 560 satelli-

1981 615 2120 670 tum,
2167 613 2223 658 et
2270 613 2416 657 totus
2445 601 2808 655 conturbatus
2841 608 3107 669 quzereret
3143 599 3552 666 imperatorem.

1981 708 2041 752 ut
2071 698 2166 765 qui
2199 696 2268 749 de
2295 696 2359 748 iis
2409 694 2504 762 qui
2554 694 2658 746 sibi
2697 692 2926 762 subjecti
2957 701 3134 754 erant,
3171 697 3317 743 esset
3346 687 3555 756 aliquid

1979 790 2248 852 dicturus.
2301 801 2558 859 tanquam
2594 792 2662 843 ab
2720 790 2801 844 eis
2839 797 3082 843 extrema
3130 788 3361 842 allectus
3411 787 3559 854 inju-

1983 881 2084 946 ria,
2141 883 2218 936 illi
2269 882 2578 936 morionem
2624 883 2861 952 aliquem
2909 891 2963 936 et
2999 895 3245 934 scurram
3277 890 3333 934 et
3377 890 3560 932 mente

1982 977 2226 1036 captum,
2265 978 2319 1022 et
2370 971 2622 1038 quemvis
2663 970 2847 1038 potius
2882 970 3084 1038 ipsum,
3159 984 3322 1037 quam
3370 968 3564 1037 pra-fe-

1988 1069 2142 1116 ctum
2176 1062 2562 1117 existimantes
2600 1063 2938 1127 Dulcitium,
2971 1062 3168 1131 pugnis
3222 1072 3276 1116 et
3320 1061 3565 1114 calcibus

1983 1168 2107 1207 eum
2153 1154 2540 1218 extrudebant,
2590 1163 2645 1209 et
2681 1156 2943 1210 arcebant
2971 1154 3040 1208 ab
3078 1155 3346 1224 ingressu.
3404 1153 3566 1208 Post-

1985 1260 2147 1314 quam
2180 1261 2312 1300 vero
2346 1247 2564 1315 quidam
2599 1263 2664 1303 ex
2694 1249 2776 1302 eis
2815 1248 2909 1317 qui
2941 1249 3169 1302 erantei
3205 1246 3360 1300 valde
3404 1245 3568 1298 fami-

1986 1337 2170 1400 liares,
2201 1352 2326 1392 cum
2358 1354 2482 1392 seru
2515 1340 2732 1394 tandem
2769 1349 2824 1394 et
2858 1340 2947 1393 vix
2977 1339 3157 1393 virum
3191 1338 3564 1408 agnovissent,

1986 1441 2042 1488 et
2079 1434 2130 1487 id
2177 1434 2322 1504 quod
2357 1435 2638 1492 acciderat
2689 1438 3077 1502 coniecissent,
3108 1445 3163 1490 et
3194 1435 3420 1489 insaniae
3469 1435 3568 1486 mi-

1987 1528 2117 1582 serti
2147 1537 2352 1595 essent,
2387 1545 2512 1584 eum
2563 1530 2784 1584 domum
2823 1530 3211 1594 abduxerunt,
3246 1529 3420 1580 visum
3448 1528 3570 1597 qui-

1969 1617 2113 1673 dem
2144 1629 2230 1672 est
2258 1619 2370 1674 illic
2419 1636 2641 1690 quoque
2687 1619 2844 1674 uxori
2892 1630 2947 1673 et
2982 1619 3193 1680 liberis,
3226 1627 3281 1672 et
3311 1617 3570 1671 omnibus

1990 1711 2084 1776 qni
2125 1711 2271 1765 domi
2318 1720 2498 1776 erant,
2547 1712 2804 1766 dedecus.
2859 1711 2966 1766 Sed
3003 1712 3181 1764 lucem
3210 1709 3478 1778 aspicere,
3512 1718 3570 1761 et

1989 1803 2277 1857 veritatem
2323 1819 2657 1874 cognoscere
2705 1820 2771 1856 ne
2819 1804 2897 1857 sic
2945 1803 3167 1871 quidem
3210 1802 3260 1856 ei
3313 1800 3467 1854 venit
3515 1800 3566 1852 in

1990 1903 2228 1946 mentem
2255 1912 2268 1956 ;
2297 1893 2388 1947 sed
2415 1895 2466 1946 id
2504 1894 2648 1962 quod
2689 1893 2892 1947 factum
2927 1891 3106 1946 fuerat
3151 1891 3458 1946 attribuens
3487 1890 3570 1942 in-

1989 1987 2319 2051 cantationi,
2363 1986 2744 2040 vehementius
2799 1985 2983 2040 adhuc
3033 1995 3084 2037 et
3120 1985 3365 2038 insanius
3396 1982 3573 2052 spira-

1993 2075 2085 2128 bat
2119 2078 2173 2129 in
2207 2077 2468 2148 virgines.
2511 2077 2573 2133 Ei
2617 2079 2803 2147 itaque
2853 2086 3041 2148 parato
3096 2077 3377 2141 tribunali,
3412 2075 3572 2145 jubet

1993 2165 2193 2219 adduci
2227 2167 2489 2237 virgines.

2063 2257 2202 2312 XIV.
2252 2259 2547 2330 Postquam
2583 2270 2766 2316 autem
2810 2259 3056 2316 adducta:
3109 2269 3256 2322 sunt,
3286 2258 3450 2329 jussit
3479 2271 3572 2311 eas

1994 2358 2174 2405 astare
2206 2351 2404 2406 nudas.
2436 2353 2731 2422 Postquam
2771 2367 2902 2407 vero
2936 2351 3200 2420 virgineis
3237 2351 3342 2403 illis
3373 2363 3574 2417 corpo-

1997 2446 2152 2499 ribus
2186 2462 2382 2501 manus
2405 2447 2701 2502 admovere
2739 2449 2962 2502 lictores
2991 2448 3008 2517 (
3038 2461 3070 2500 ο
3113 2445 3363 2504 Domine.
3393 2443 3578 2510 epifex

1999 2553 2183 2593 rerum
2229 2538 2707 2610 admirabilium),
2748 2539 2972 2600 tunicae,
3008 2546 3268 2604 tanquam
3321 2534 3579 2589 secunda:

1998 2646 2194 2685 carnes
2223 2639 2279 2684 et
2313 2631 2506 2701 pelles,
2561 2632 2919 2685 circumcirca
2972 2639 3212 2683 extensae
3248 2627 3577 2696 virginibus,

2001 2725 2743 2780 inhzerebantcoalescentes
2771 2735 2826 2778 et
2853 2724 3161 2792 conjuncta:
3216 2721 3408 2791 primis
3457 2735 3582 2773 car-

2002 2816 2165 2870 nibus
2192 2826 2246 2871 et
2273 2818 2510 2872 ossibus.
2545 2816 2701 2886 Cepit
2729 2833 2822 2872 eos
2854 2818 2945 2886 qui
2981 2817 3245 2870 videbant
3281 2813 3580 2866 admiratio

2003 2919 2228 2976 propter
2259 2925 2373 2962 rem
2394 2910 2794 2974 admirabilem,
2810 2919 2997 2978 etquae
3018 2917 3138 2961 erat
3157 2917 3353 2974 prmter
3368 2904 3583 2974 opinio-

2004 3017 2129 3055 nem
2163 3039 2178 3065 ,
2211 3013 2265 3056 et
2297 3012 2489 3071 stupor
2530 3004 2729 3057 invasit
2765 3019 2860 3057 eos
2891 3005 2983 3072 qui
3017 3000 3335 3054 audiebant.
3372 2997 3583 3068 Tyran—

313 3089 576 3159 ὠμότητα
596 3087 962 3156 διασυρόντων
989 3087 1082 3140 καὶ
1110 3089 1314 3151 πᾶσαις
1353 3089 1600 3160 γνώμαις
1634 3090 1914 3162 αύθαῑρεο..

2002 3108 2107 3147 nus
2138 3104 2320 3148 autem
2353 3096 2514 3149 aliam
2549 3112 2740 3150 rursus
2775 3096 2984 3165 accepit
3023 3095 3256 3162 plagam.
3289 3091 3421 3145 Nam
3455 3105 3581 3145 cum

313 3199 403 3236 τον
437 3182 603 3236 αὐτοῦ
639 3181 912 3250 τύφλωσιν
965 3182 1060 3233 καὶ
1107 3183 1306 3250 μανίαν
1364 3183 1894 3254 καταψηφιζομὲνων

312 3278 462 3349 καὶὴ
495 3275 709 3331 ἄνωθεν
765 3274 1062 3346 συνηγόρει
1112 3274 1312 3344 ψῆφος.
1375 3276 1583 3328 Λύτίκα
1616 3280 1725 3348 γὰρ
1775 3275 1897 3351 θείᾳ

316 3369 426 3421 τινὶ
444 3368 538 3422 καὶ
563 3366 794 3438 οὐρανίᾳ
811 3367 1039 3436 δυνάμει
1065 3368 1300 3438 ἅορασία
1322 3367 1746 3436 πλήττεται,καὶ
1762 3370 1898 3424 καθ-

317 3459 461 3529 άπερ
493 3458 785 3529 βαθυτάτῳ
818 3460 1166 3529 κατενεχθεὶς
1221 3461 1374 3532 ὕπνῳ
1429 3463 1525 3515 καὶ
1582 3462 1747 3532 μηδὲν
1790 3464 1901 3516 τῶν

321 3551 717 3623 πραττομένων
741 3555 942 3617 συνεὶς,
965 3552 1137 3616 οὕτως
1167 3554 1401 3623 ἐκάθητο
1421 3553 1697 3608 καθεύδων
1714 3553 1902 3626 ὥσπερ

320 3645 412 3699 ἐπὶ
440 3645 633 3716 κλίνης
683 3645 775 3696 καὶ
804 3644 1037 3715 ρἐχων.
1076 3647 1306 3712 Ἀγουσι
1337 3640 1431 3700 οὖν
1457 3647 1622 3700 αὐτὸν
1651 3648 1701 3700 οἱ
1731 3665 1902 3717 προσ-

318 3738 548 3810 ήκοντες
573 3739 670 3792 καὶ
724 3738 890 3792 πάλιν
919 3741 1000 3801 εἰς
1035 3739 1132 3810 τὴν
1165 3739 1344 3792 οὶκίαν
1392 3741 1469 3803 ὡς
1523 3740 1730 3811 ἄψυχόν
1778 3757 1901 3794 τινα

320 3830 518 3902 φόρτον
567 3830 1050 3896 διαϐαστάζοντες.
1094 3827 1232 3885 Εἶτα
1287 3831 1552 3900 μανθάνει
1583 3832 1758 3885 ταῦτα
1808 3835 1900 3885 καὶ

324 3920 578 3990 βασιλεὺς
635 3924 730 3976 καὶ
776 3923 970 3977 τούτου
1007 3923 1109 3994 μὲν
1167 3923 1431 3993 ὲλαφρῐαν
1460 3925 1897 3992 καταγινώσκει·

327 4014 582 4084 Σισιννῑῳ
633 4014 692 4068 δέ
745 4034 853 4069 τινι
913 4017 1113 4085 κόμητι
1147 4015 1244 4086 τὴν
1295 4016 1438 4069 κατὰ
1477 4017 1583 4070 τῶν
1620 4016 1900 4086 παρθένων

325 4105 573 4169 ἐξέτασιν
603 4108 914 4178 ἐπιτρέπει.

1995 3189 2104 3260 jam
2139 3189 2350 3244 iietiam
2371 3191 2464 3260 qui
2486 3200 2645 3245 erant
2663 3189 2907 3260 ejusdem
2932 3188 3240 3244 sentcntiae.
3282 3184 3583 3254 νυνι-ςιιιιιιι-

2002 3284 2196 3338 derent
2237 3284 2357 3354 ejus
2400 3283 2809 3348 crudelitatem,
2863 3291 2920 3337 et
2964 3283 3288 3336 damnarent
3339 3293 3449 3333 uno
3485 3293 3581 3332 ore

2005 3376 2125 3445 ejus
2154 3375 2520 3428 voluntariam
2558 3376 2865 3429 caecitatem
2910 3384 2967 3428 et
2994 3374 3286 3436 insaniam,
3328 3371 3410 3426 eis
3445 3385 3586 3440 quo.

2003 3484 2112 3538 que
2148 3477 2232 3522 est
2283 3467 2582 3536 sullragata
2638 3483 2879 3537 superna
2954 3465 3250 3521 sententia.
3326 3464 3585 3518 Protinus

2004 3561 2152 3615 enim
2201 3561 2435 3630 quadam
2485 3561 2671 3614 divina
2695 3571 2747 3614 et
2780 3559 2994 3615 caelesti
3033 3567 3310 3626 potestate
3341 3558 3586 3626 privatur

2007 3651 2228 3706 videndi
2277 3653 2534 3707 facultate
2565 3672 2577 3708 :
2611 3662 2667 3706 et
2699 3651 2931 3722 perinde
2960 3666 3023 3705 ac
3057 3663 3255 3704 somno
3284 3663 3588 3718 Oppressus

2007 3745 2476 3816 profundissimo,
2528 3756 2582 3801 et
2635 3746 2772 3800 nihil
2830 3744 3147 3815 intelligens
3217 3757 3411 3798 eorum
3467 3758 3591 3812 quo

2011 3837 2239 3896 ﬁebant,
2295 3839 2368 3891 ita
2405 3838 2633 3893 sedebat
2686 3837 2990 3899 dormiens,
3045 3847 3307 3904 tanquam
3347 3834 3399 3886 in
3445 3833 3590 3886 lecto

2008 3938 2064 3983 et
2096 3939 2358 3983 stertens.
2415 3929 2551 3982 Eum
2602 3930 2786 3998 itaque
2839 3941 3030 3983 rursus
3094 3925 3318 3980 domum
3376 3924 3591 3978 ducunt

2013 4019 2326 4089 pr0pinqui,
2368 4030 2625 4089 tanquam
2660 4019 2962 4073 inanimum
3013 4016 3233 4086 aliquod
3275 4031 3417 4070 onus
3467 4029 3593 4084 por-

2011 4122 2210 4168 tantes.
2265 4114 2468 4168 Deinde
2514 4113 2630 4168 haec
2667 4113 2834 4168 etiam
2889 4112 3114 4168 rescivit
3167 4112 3489 4181 imperator,
3535 4116 3592 4161 et

321 4199 444 4270 ejus
473 4199 698 4270 quidem
737 4201 1068 4255 condemnat
1109 4201 1412 4268 levitatem,
1468 4200 1715 4257 Sisinnio
1785 4212 1970 4257 autem
2016 4206 2232 4262 cuidam
2292 4209 2478 4264 comiti
2533 4207 2805 4280 permittit
2857 4206 3122 4262 adversus
3177 4204 3419 4274 virgines
3465 4217 3593 4257 exa-

326 4293 712 4349 minationem.

398 4385 498 4441 lE’.
542 4387 605 4441 Ὀ
630 4387 686 4440 δὲ
718 4385 837 4456 τῆν’
875 4385 1154 4458 αὐτὴνῇει
1209 4387 1288 4459 τῷ
1329 4389 1542 4458 βασιλεῖ
1575 4389 1718 4443 κατὰ
1770 4389 1903 4460 μίαν

2079 4393 2192 4451 XV.
2225 4394 2318 4450 Ille
2352 4410 2483 4450 vero
2514 4394 2796 4466 ingressus
2843 4399 2929 4447 est
2969 4389 3162 4446 eadem
3200 4389 3308 4451 via,
3351 4400 3458 4456 qua
3494 4386 3595 4440 im-

331 4495 385 4530 τε
413 4479 662 4547 διαιρῶν,
696 4480 790 4530 καὶ
817 4479 893 4548 πῆ
918 4479 1017 4548 μὲν
1047 4481 1412 4549 τυραννικῶς,
1432 4483 1512 4553 πῆ
1542 4482 1600 4535 δὲ
1629 4481 1902 4536 θωπευτι-

2007 4495 2246 4556 perator,
2294 4485 2590 4554 aliquando
2639 4485 2864 4554 quidem
2924 4481 3229 4552 tyrannice,
3289 4476 3593 4546 aliquando

329 4571 437 4633 κῶς
464 4571 658 4632 αὑταῖς
688 4574 1151 4642 προσφερόμενος.
1202 4574 1359 4626 Ἐπεὶ⁵
1384 4574 1442 4627 δὲ
1470 4575 1650 4626 πάντα
1692 4575 1787 4627 καὶ
1821 4574 1910 4627 λὲο

327 4679 440 4729 γων
471 4664 566 4715 καὶ
615 4665 870 4734 πράττων
902 4664 1134 4734 σώματα
1171 4667 1272 4734 μὲν
1315 4667 1460 4734 ἑώρα
1491 4666 1600 4720 τῶν
1626 4667 1913 4734 παρθένων

327 4754 464 4824 πρὸς
492 4755 698 4823 ἄλληλα
729 4755 1077 4824 διαφέροντα,
1105 4757 1331 4826 γνώμην
1358 4758 1412 4810 δὲ
1453 4757 1585 4826 μίαν
1615 4760 1708 4811 καὶ
1733 4758 1790 4810 ἓν
1821 4757 1913 4811 καὶ

327 4848 388 4900 τὸ
421 4847 555 4900 αὐτὸ
586 4849 768 4911 πάσας
817 4851 1105 4918 λεγούσας,
1138 4851 1212 4912 ὡς
1241 4848 1378 4903 Οὔτε
1412 4850 1650 4904 ἀπειλῶν
1671 4851 1913 4922 ἐκφοϐή-

331 4957 478 5006 σεις,
515 4941 639 4994 οὗτε
677 4943 944 4996 θωπεύων
984 4945 1302 5006 ἀναπείσεις
1326 4958 1340 4973 ⁸
1400 4945 1533 5014 ἡμῖν
1573 4945 1680 5014 γὰρ
1705 4944 1764 4996 τὸ
1814 4943 1914 5013 μὲν

330 5033 514 5084 θανεῖν
540 5034 683 5102 ὑπὲρ
722 5031 958 5103 Χριστοῦ
989 5033 1126 5103 ζωὴ,
1155 5035 1214 5086 τὸ
1247 5035 1302 5087 δὲ
1328 5034 1429 5104 ζῇν
1457 5036 1559 5089 οὐκ
1605 5037 1662 5089 ὲν
1689 5036 1914 5106 Χριστῷ

331 5121 563 5187 θάνατος
596 5138 610 5150 ’
663 5126 786 5176 ἐπεὶ
846 5124 1024 5177 ταῦτα
1076 5125 1295 5192 διέγνω,
1349 5126 1448 5194 τῆς
1488 5126 1590 5194 μὲν
1643 5129 1912 5196 νεωτέρας

331 5215 514 5270 αὐτῶν
539 5218 773 5288 Εἰρήνης
797 5216 906 5269 οὐδ’
937 5215 1110 5280 οὔτως
1139 5221 1381 5286 ἀπέγνω,
1414 5221 1548 5272 ἀλλὰ
1573 5218 1678 5271 τῶν
1709 5219 1916 5271 λοιπῶν

333 5312 507 5385 αὐτὴν
542 5313 857 5382 διαστήσας,
906 5312 1149 5380 ’Δγάπης
1202 5313 1460 5382 ἐπειρᾶτο
1499 5311 1566 5364 τὰ
1623 5309 1914 5362 τελευταῖα

335 5403 428 5460 καὶ
458 5405 696 5467 Χιονίας.
763 5405 931 5466 Ὠςδὶ
989 5409 1081 5457 καὶ
1131 5403 1287 5465 αὖθις
1356 5405 1579 5465 πολλοὺς
1635 5403 1916 5464 ἀναλώσας

336 5499 526 5569 λόγους
568 5498 804 5554 ἀδύνατα
843 5498 1016 5568 θηρᾷν
1041 5499 1132 5548 καὶ
1185 5500 1262 5558 εἰς
1291 5496 1426 5568 ἀέρα
1462 5496 1644 5562 δέρειν
1671 5495 1914 5567 ἀκριϐῶς

339 5595 686 5660 ἐγινώσκετο,
722 5592 814 5645 τὸν
840 5592 926 5644 δια
962 5591 1130 5661 πυρὸς
1173 5590 1367 5653 αὑταῖς
1395 5591 1785 5662 ὲπιψηφίζεται
1817 5589 1916 5643 θά-

337 5701 518 5739 νατον.
557 5685 625 5739 Ἦ
660 5686 757 5754 μὲν
786 5681 880 5737 οὖν
907 5682 1139 5752 κάμινος
1185 5682 1456 5754 εὐτρεπὴς
1488 5678 1556 5752 ἦν
1581 5698 1594 5711 ο
1629 5683 1685 5734 αἱ
1709 5679 1918 5752 παρθέ-

339 5795 418 5833 νοι
451 5779 508 5834 δὲ
535 5779 613 5852 τῷ
646 5777 916 5847 καλλίστῳ
938 5775 1050 5828 τῶν
1077 5775 1257 5828 ὅπλων
1283 5779 1350 5846 τῇ
1385 5778 1519 5848 εὐχῇ
1547 5775 1913 5847 φραξὶμεναι,

599 5953 606 5958 _
687 5875 959 5936 Ρηιιοι..
1009 5882 1122 5938 Gn.
1172 5875 1388 5938 CXH.

2019 4591 2152 4631 vero
2190 4576 2386 4630 blande
2422 4593 2546 4630 cum
2582 4576 2662 4631 eis
2687 4591 2874 4646 agens.
2912 4577 3206 4644 Postquam
3244 4581 3427 4625 autem
3472 4583 3596 4622 mn-

2021 4669 2111 4722 nia
2150 4669 2334 4722 dicens
2363 4680 2417 4722 et
2453 4669 2680 4732 faciens,
2715 4667 2852 4721 vidit
2882 4667 3104 4737 quidem
3136 4667 3412 4740 virginum
3451 4663 3594 4715 inter

2023 4777 2080 4814 se
2115 4760 2338 4815 dilIerre
2377 4775 2630 4830 corpora,
2689 4777 2850 4815 unam
2880 4769 3062 4813 autem
3103 4773 3221 4812 esse
3257 4766 3515 4817 mentem,
3543 4763 3600 4807 ct

2023 4872 2222 4912 omnes
2251 4873 2416 4910 unum
2448 4866 2503 4910 et
2533 4856 2676 4910 idem
2712 4857 2920 4918 dicere,
2951 4868 3148 4921 nempe
3182 4871 3194 4905 ς
3247 4850 3460 4903 Μίιιιιιις
3501 4864 3602 4900 nos

2025 4963 2133 5002 non
2162 4947 2417 5014 terrebis,
2468 4964 2645 5018 neque
2681 4947 2974 5001 blandiens
3011 4941 3408 5014 persuadebis:
3444 4939 3604 4993 nobis

2024 5041 2171 5094 enim
2220 5057 2316 5111 pro
2369 5040 2590 5095 Christo
2643 5041 2781 5095 mori
2825 5039 3105 5101 estvita;
3168 5035 3352 5090 vivere
3415 5039 3603 5084 autem

2023 5147 2133 5186 non
2167 5132 2218 5186 in
2246 5131 2491 5196 Christo.
2521 5148 2706 5188 mors:
2752 5142 3042 5204 postquam
3074 5130 3188 5184 haec
3219 5124 3498 5196 cognovit,
3537 5124 3606 5174 de

2019 5220 2222 5288 juniori
2248 5221 2470 5290 quidem
2511 5220 2665 5276 lrene
2717 5238 2783 5276 ne
2821 5223 2900 5277 sic
2926 5221 3148 5291 quidem
3182 5232 3332 5289 spem
3383 5229 3604 5271 omnem

2024 5311 2242 5382 abjecit,
2296 5312 2390 5367 sed
2455 5328 2578 5367 cum
2636 5329 2757 5368 eam
2817 5320 3128 5383 separassct
3173 5327 3201 5364 a
3234 5308 3488 5378 reliquis,
3534 5306 3605 5360 ab

2023 5404 2230 5476 Agape.
2282 5407 2528 5475 inquam.
2579 5415 2635 5459 et
2690 5405 2942 5467 Chionia,
2992 5420 3086 5459 eas
3121 5415 3398 5475 postremo
3427 5407 3611 5456 tenta-

2025 5498 2124 5551 vit.
2178 5498 2284 5552 Sed
2336 5513 2461 5552 cum
2509 5497 2696 5552 multis
2747 5494 3092 5566 consumptis
3127 5492 3507 5549 sermonibus.
3547 5503 3612 5546 se

2027 5589 2185 5658 plane
2235 5588 2387 5643 novit
2424 5603 2488 5642 ea
2545 5587 2753 5648 venari.
2818 5601 2940 5656 quae
2985 5585 3101 5652 capi
3154 5596 3263 5639 non
3330 5591 3611 5654 poterant.

2028 5691 2083 5736 et
2115 5681 2275 5751 plane
2333 5680 2625 5736 verberare
2659 5695 2866 5740 aerem,
2907 5693 3002 5731 eas
3035 5677 3368 5731 condemnat
3399 5683 3459 5729 ut
3483 5673 3612 5744 igne

2031 5783 2263 5830 mortem
2311 5771 2580 5829 subirent.
2626 5771 2693 5825 Et
2735 5781 2919 5840 parata
2971 5768 3190 5839 quidem
3235 5774 3353 5820 erat
3411 5765 3609 5819 ἴοι-ηπ

3101 5860 3168 5922 19
