4102 6376
478 409 761 468 luculenta
806 427 821 462 :

482 504 655 559 armis
698 499 981 562 orationis,
1019 516 1126 554 una
1172 499 1574 568 quidemvoce
1623 502 1692 557 ad
1741 503 2043 568 canticum,

482 609 593 650 uno
627 602 808 649 autem
853 601 1106 662 prompto
1133 598 1189 645 et
1227 592 1393 645 alacri
1440 594 1627 647 animo
1674 593 2048 663 procedebant

479 686 546 742 ad
572 686 753 756 ignem
779 700 796 737 :
823 690 879 738 et
908 683 988 738 sie
1013 681 1176 738 simul
1201 690 1485 749 canentes,
1520 683 1576 738 in
1603 684 1784 755 ignem
1814 683 2048 740 insilue-

480 785 632 831 runt.
683 774 830 845 lgnis
869 789 996 829 vero
1041 788 1150 827 non
1199 781 1321 828 erat
1371 774 1608 844 amplius
1634 774 1798 844 ignis,
1829 775 1926 831 sed
1959 789 2050 830 ros

482 876 637 922 tener
649 864 922 920 etmollis.
948 863 1091 918 Deus
1109 869 1291 917 autem
1314 862 1895 919 dividitmiraculum:
1922 879 2051 933 par-

480 961 575 1016 tim
622 956 845 1028 quidem
894 954 1115 1009 illarum
1158 954 1393 1024 implcns
1443 955 1792 1024 petitionem,
1844 955 2048 1024 partim

480 1066 610 1107 vero
638 1064 792 1105 suam
821 1050 1118 1102 ostendens
1146 1046 1466 1116 potentiam.
1493 1045 1630 1101 Nam
1675 1045 1782 1101 illae
1825 1045 2047 1114 quidem

479 1144 599 1200 sine
635 1140 824 1195 dolore
853 1153 983 1195 suas
1027 1137 1238 1193 animas
1285 1137 1338 1191 iu
1383 1151 1578 1191 manus
1628 1136 1722 1191 Dei
1774 1135 2047 1206 deposue-

466 1243 630 1300 runt,
651 1233 792 1303 ignis
818 1241 1002 1286 autem
1026 1232 1128 1285 fuit
1160 1230 1469 1285 exstinctus
1493 1247 1507 1283 :
1536 1239 1592 1284 et
1621 1244 1857 1298 corpora
1881 1229 2049 1298 virgi-

472 1342 581 1382 nea
607 1330 743 1381 adeo
772 1326 938 1380 illaesa
980 1332 1037 1378 et
1079 1322 1283 1377 intacta
1316 1331 1505 1393 aperte
1534 1330 1665 1377 sunt
1713 1321 1956 1393 cognita,
1993 1330 2053 1376 ut

477 1435 657 1491 neque
697 1419 805 1472 ulla
835 1434 961 1488 pars
995 1415 1185 1479 vestis,
1217 1429 1392 1482 neque
1422 1414 1568 1469 ullus
1613 1414 1852 1484 denique
1881 1414 2051 1484 pilus,

479 1511 590 1567 ullo
616 1508 779 1563 modo
813 1507 986 1562 ferret
1037 1505 1259 1575 aliquod
1304 1505 1521 1576 signum
1551 1505 1874 1562 exustionis.
1907 1507 2053 1560 Rur-

476 1615 572 1655 sus
628 1613 759 1652 vero
813 1596 1010 1651 harum
1044 1609 1436 1666 generosarum
1471 1594 1745 1664 virginum
1784 1594 2050 1665 reliquias

475 1706 602 1747 eum
640 1690 939 1761 unguentis
980 1698 1037 1744 et
1099 1688 1443 1744 aromatibus
1490 1698 1795 1758 martyrum
1861 1704 2054 1747 nutans

1696 297 1980 359 MENSIS
2021 299 2454 374 DECEMBER.

879 408 1119 477 virgines
1172 422 1304 463 vero
1364 408 1586 462 munitm
1659 409 2049 479 pulcherrimis

2153 412 2253 479 μιᾷ
2286 412 2390 481 μιν
2420 412 2571 480 φωνῇ
2601 411 2738 478 πρὸς
2769 410 3066 482 minus
3091 411 3149 465 δι
3197 413 3475 487 προθυμίᾳ
3516 418 3647 487 πριις
3672 423 3734 476 τδ

3629 300 3732 371 588

2155 500 2267 571 πῦρ
2294 501 2559 571 ἐχώρουν,
2594 503 2689 556 καὶ
2709 500 2886 567 οὕτως
2908 503 3134 574 ᾄδουσαι
3157 504 3274 575 ἅμα
3304 510 3370 577 τῇ
3400 508 3562 578 φλογὶ
3608 513 3736 585 ινή-

2149 593 2335 648 λαντο.
2370 594 2443 647 Τὸ
2471 593 2530 663 δὲ
2565 594 2680 664 πῦρ
2713 595 2819 650 οὐκ
2847 595 2928 649 ἔτι
2965 598 3172 668 παρῆν,
3202 598 3341 652 ἀλλὰ
3375 602 3593 675 μαλακὴ
3615 605 3738 675 δρό-

2153 702 2270 748 σος.
2299 684 2532 756 Μερίζει
2558 685 2615 739 δὲ
2650 687 2711 739 τὸ
2742 686 2933 758 θαῦμα
2953 689 3107 757 Θεὸς,
3139 692 3203 745 τὸ
3244 692 3347 761 μὲν
3378 695 3479 766 τὴν
3507 699 3736 753 ἐκείνων

2150 776 2316 847 εὐχὴν
2339 776 2583 845 πληρῶν,
2616 778 2679 831 τὸ
2698 778 2756 833 δὲ
2787 779 2889 847 τὴν
2915 780 3126 834 οίκείαν
3159 784 3441 852 παριστῶν
3470 787 3731 858 δύναμιν.

2149 868 2216 927 At
2245 868 2343 938 μὲν
2374 869 2484 939 γὰρ
2521 869 2749 935 ἀλύπως
2792 872 2894 934 τὰς
2942 872 3157 929 ἑαυτῶν
3199 873 3381 944 ψυχὰς
3425 880 3505 942 είς
3546 881 3736 951 χεῖρας

2151 958 2287 1012 Θεοῦ
2315 960 2686 1029 παρετίθεντο,
2724 961 2786 1016 τὸ
2816 963 2875 1017 δὲ
2907 964 3023 1035 πῦρ
3048 967 3115 1021 τὰ
3146 967 3456 1033 παρθενικὰ
3496 971 3731 1039 σώματα

2151 1051 2261 1104 τῶν
2295 1051 2592 1121 μαρτύρων
2620 1053 2796 1119 οὕτως
2825 1057 3013 1128 ἀπαθῆ
3069 1060 3164 1113 καὶ
3212 1059 3415 1115 ἄθικτα
3457 1061 3737 1127 διαφανῶς

2152 1143 2483 1215 ὲγνωρίζετο
2514 1146 2591 1209 ὡς
2623 1148 2760 1217 μήτε
2787 1165 2840 1202 τι
2868 1149 2963 1205 τοῦ
2991 1150 3292 1219 ἐνδύματος
3318 1155 3455 1224 μήτε
3483 1157 3588 1224 μὴν
3634 1157 3737 1226 τῆς

2152 1236 2335 1306 τριχὸς
2386 1240 2618 1306 σημεῖον
2677 1239 2930 1305 καύσεως
2990 1243 3259 1315 μηδαμῶς
3330 1246 3733 1318 ἀποφέρεσθαι.

2153 1325 2318 1390 Αὖθις
2345 1327 2401 1380 δὲ
2429 1331 2521 1394 καὶ
2557 1329 2626 1383 τὰ
2651 1329 2879 1400 λείψανα
2909 1332 3023 1387 τῶν
3048 1334 3315 1403 γενναίων
3342 1336 3539 1407 μύροις
3559 1354 3622 1392 τι
3643 1340 3738 1394 καὶ

2153 1417 2443 1490 ἀρώμασιν
2490 1421 2538 1490 ·ή
2594 1422 2935 1494 φιλὰμαρτυς
2994 1427 3330 1485 ’Λναστασία
3373 1432 3652 1503 μυρίσασα
3677 1432 3739 1487 ἐν

2154 1526 2263 1563 τινι
2285 1510 2429 1583 Οήκῃ
2462 1511 2563 1567 σὺν
2589 1514 2730 1571 αἰδοῖ
2749 1517 2919 1588 πολλῇ
2952 1534 3015 1571 τε
3044 1520 3142 1574 καὶ
3168 1521 3421 1595 εὐλαϐείᾳ
3455 1525 3736 1593 κατέθετο,

2156 1606 2485 1672 κοινωνῆσαι
2539 1606 2767 1673 ταύταις
2821 1611 2917 1664 τού
2985 1614 3290 1684 μαρτυρίου
3350 1617 3518 1688 εὐχῆς
3576 1616 3740 1689 ἔργον

2159 1694 2424 1771 ἑκάστοτε
2448 1700 2769 1772 ποιουμένη.

477 1788 777 1846 condiisset
818 1786 1123 1849 Anastasia,
1175 1786 1228 1838 in
1280 1784 1516 1854 quadam
1561 1799 1727 1855 capsa
1778 1785 2032 1856 deposuit
2100 1803 2227 1846 cum
2271 1792 2480 1863 pietate
2529 1811 2733 1868 magna
2790 1805 2856 1854 et
2876 1799 3207 1869 reverentia,
3236 1809 3300 1856 ut
3360 1814 3555 1858 earum
3589 1804 3737 1861 esset

476 1885 533 1939 in
563 1880 826 1951 martyrio
857 1877 1003 1933 socia
1038 1890 1257 1944 semper
1290 1890 1539 1945 preeans.

544 1973 681 2032 XVI.
719 1974 810 2027 Sic
835 1971 1045 2027 duabus
1097 1968 1403 2038 virginibus
1455 1969 1508 2023 in
1534 1967 1756 2024 Christo
1786 1984 2045 2024 consum-

2220 1971 2335 2040 tq'.
2369 1970 2526 2026 Οὕτω
2560 1971 2672 2028 τῶν
2699 1971 2795 2027 δύο
2820 1973 3114 2045 παρθένιον
3163 1976 3225 2030 ὲν
3263 1977 3487 2048 Χριστῷ
3521 1979 3742 2033 τελειω-

474 2068 655 2132 uatis,
679 2080 863 2120 comes
885 2061 1209 2134 productam
1238 2060 1504 2130 virginem
1533 2060 1702 2131 jussit
1731 2060 2047 2117 sacriﬁcare

473 2157 798 2222 simulacris,
823 2155 902 2210 Ne
936 2167 1105 2217 mors,
1145 2150 1356 2215 dicens,
1400 2164 1520 2219 qua
1555 2158 1674 2204 tuas
1702 2164 2047 2219 praeoccupa-

472 2253 553 2309 vit
581 2263 818 2312 sorores,
861 2255 913 2301 te
966 2242 1417 2311 comprehendat.
1452 2241 1546 2296 illa
1574 2251 1757 2295 autem
1781 2241 1832 2295 ei
1859 2240 1994 2295 dicit
2031 2256 2047 2296 :

476 2346 647 2400 Deum
676 2354 882 2405 meum,
942 2336 1142 2405 inquit,
1185 2347 1317 2403 rogo
1345 2341 1405 2387 ut
1436 2348 1528 2387 eas
1552 2346 1752 2401 sequar
1774 2332 1829 2386 in
1864 2330 2047 2385 omni-

474 2437 601 2491 bus.
655 2432 948 2503 Tyrannus
984 2441 1117 2481 vero
1156 2440 1283 2480 cum
1324 2431 1471 2478 esset
1520 2422 1674 2477 valde
1708 2421 1961 2486 callidus,
1992 2430 2049 2477 et

475 2526 641 2587 sciret
662 2538 826 2593 quam
858 2529 1179 2588 essetgrave
1211 2524 1266 2570 et
1294 2513 1702 2577 detestandum,
1734 2523 1790 2568 et
1812 2513 1897 2568 vel
1929 2514 2048 2580 ipsa

476 2627 653 2674 morte
692 2613 948 2672 acerbius
979 2610 1186 2666 Christi
1215 2606 1392 2662 servis
1434 2604 1855 2674 intemperantia
1901 2620 1917 2658 :
1949 2604 2047 2667 Te,

475 2710 674 2781 inquit,
701 2708 754 2761 in
774 2705 993 2771 publico
1009 2712 1243 2758 statuam
1268 2698 1597 2770 prostibula,
1629 2696 1806 2752 cuivis
1842 2694 2048 2751 volenti

474 2802 829 2873 prostituens,
852 2804 909 2851 ut
936 2795 1120 2849 anima
1149 2802 1451 2860 etcorpore
1483 2789 1714 2859 polluta,
1739 2795 1799 2841 ut
1830 2784 2048 2856 eloquia

474 2894 675 2948 docent
700 2899 805 2943 tuze
841 2886 1161 2957 Scriptum,
1209 2882 1350 2937 male
1376 2894 1593 2950 pereas.
1626 2879 1829 2949 Martyr
1861 2888 2046 2933 autem

475 3000 600 3040 cum
634 2982 818 3038 statim
852 2981 907 3034 in
958 2978 1157 3034 ccelutn
1191 2974 1502 3030 sustulisset
1535 2972 1747 3036 oculos,
1778 2981 1835 3025 et
1862 2985 1893 3024 e
1920 2984 2046 3041 pro-

2151 2063 2368 2129 Θεισῶν,
2397 2062 2497 2133 τὴν
2521 2064 2760 2135 Εἰρήνην
2783 2065 2812 2117 ό
2844 2065 3022 2137 κόμης
3064 2069 3564 2139 παραστησάμενος
3585 2069 3738 2125 θύειν

2150 2155 2370 2207 ἐκέλευε
2389 2157 2503 2218 τοῖς
2522 2156 2782 2220 εἰδώλοις,
2815 2159 2906 2229 Μή
2930 2175 3010 2225 σε,
3033 2158 3226 2228 λέγων,
3250 2161 3279 2213 δ
3311 2161 3597 2232 προλαϐὼν
3614 2167 3738 2229 ταῖς

2150 2245 2411 2314 ἀδελφαῖς
2443 2247 2673 2310 θάνατος
2698 2248 3007 2322 καταλάϐῃ.
3078 2249 3138 2303 Ἦ
3171 2250 3230 2304 δὲ
3262 2252 3400 2323 πρὸς
3420 2254 3602 2320 αὐτὸν,
3627 2253 3738 2309 Εὖ-

2151 2354 2346 2408 χομαι,
2391 2339 2520 2410 ἔφη,
2555 2340 2634 2411 τῷ
2657 2340 2776 2410 Θεῷ
2824 2357 2925 2412 μου
2960 2343 3017 2393 ὲν
3053 2343 3241 2413 μηδενὶ
3268 2344 3473 2400 τούτων
3506 2347 3737 2400 ἀπολειο

2151 2428 2377 2511 φθῆναι.
2435 2431 2549 2485 Καὶ
2578 2433 2609 2486 δ
2630 2430 2899 2503 τύραννος
2935 2433 3138 2504 σφόδρα
3165 2434 3337 2498 δεινὸς
3350 2433 3431 2489 ὢν
3456 2439 3551 2492 καὶ
3578 2437 3740 2501 εἰδὼς

2150 2523 2297 2585 ὅπως
2329 2521 2472 2593 βαρὺ
2502 2523 2596 2577 καὶ
2621 2522 2916 2593 ἀπώμοτον
2952 2527 3045 2577 καὶ
3078 2525 3250 2579 αὐτοῦ
3277 2526 3510 2581 θανάτου
3543 2530 3741 2598 πικρό-

2149 2631 2308 2685 τερον
2344 2617 2455 2679 τοῖς
2489 2615 2734 2686 Χριστοῦ
2781 2615 2990 2680 δούλοις
3039 2617 3326 2684 ἀκολασία,
3383 2619 3473 2674 Ἑν
3496 2623 3742 2691 πορνείῳ

2152 2721 2233 2769 σε,
2259 2703 2390 2774 ἔφη,
2417 2707 2840 2779 καταστήσομαι
2863 2709 3110 2778 δημοσίῳ
3136 2709 3299 2762 παντὶ
3326 2709 3404 2778 τῷ
3428 2710 3742 2782 βουλομένῳ

2154 2794 2397 2865 προθεὶς,
2429 2797 2497 2850 ἵν’
2527 2796 2651 2866 ἃμα
2676 2799 2769 2850 καὶ
2800 2796 2978 2869 ψυχὴν
3007 2799 3103 2853 καὶ
3163 2798 3322 2867 σῶμα
3346 2798 3740 2869 διαφθαρεῖσα,

2150 2888 2223 2953 ὡς
2239 2889 2307 2944 τὰ
2322 2889 2421 2959 τῆς
2433 2889 2532 2960 σῆς
2554 2890 2775 2960 Γραφῆς
2786 2891 3130 2946 ἐκδιδῶιουσι
3166 2890 3321 2958 λόγια
3336 2932 3352 2959 ,
3380 2891 3569 2954 κακῶς
3590 2908 3742 2963 παρη

2149 2982 2359 3038 απολεϊ.
2393 2985 2500 3038 Καὶ
2546 2985 2581 3053 ἡ
2623 2984 2834 3054 μάρτυς
2875 2982 3035 3045 εὐθὺς
3063 2984 3125 3036 τὸ
3153 2984 3306 3053 δμμα
3351 2984 3432 3047 είς
3472 2984 3745 3054 οὐρανοὺς

474 3076 642 3133 fundo
692 3071 1127 3129 lamentabiliter
1147 3068 1481 3137 suspirasset
1511 3081 1526 3118 :
1555 3063 1808 3127 Conﬁdo,
1838 3062 2045 3131 inquit,

2153 3076 2337 3145 ᾰρασα
2369 3075 2462 3129 καὶ
2494 3074 2680 3144 βύθιόν
2714 3091 2768 3128 τι
2800 3075 2893 3128 καὶ
2913 3084 3144 3144 τακερόν
3174 3074 3498 3140 στενάξασα,
3532 3077 3744 3132 Πέτισι-

475 3169 532 3223 in
563 3167 679 3222 Deo
713 3165 1006 3221 Servatore
1039 3177 1187 3224 meo,
1223 3158 1369 3230 quod
1396 3156 1564 3226 pedes
1606 3170 1759 3211 meos
1792 3155 1992 3210 evellet
2016 3170 2047 3211 e

475 3262 692 3331 laqueo,
728 3267 784 3313 et
815 3258 1053 3311 animam
1102 3268 1277 3307 meam
1323 3250 1586 3306 liberabit
1651 3248 1720 3303 ab
1751 3248 1899 3302 omni
1942 3249 2048 3302 int-

2151 3166 2239 3232 θα,
2271 3167 2398 3237 ἔφη,
2431 3167 2527 3220 tul.
2556 3168 2636 3236 τῷ
2664 3166 2786 3238 Θεῷ
2811 3165 2892 3237 τῷ
2941 3166 3156 3235 Σωτῆρι
3186 3184 3310 3236 μου,
3344 3169 3429 3222 ὅτι
3463 3169 3743 3225 ὲκσπάσιι

2154 3258 2381 3327 παγίδος
2402 3260 2530 3321 τοὺς
2565 3259 2732 3321 πόδας
2752 3274 2862 3327 ,μου
2896 3258 2992 3312 καὶ
3023 3259 3124 3329 τὴν
3167 3260 3347 3330 ψυχήν
3375 3276 3481 3330 μου
3509 3259 3743 3333 ῥύσεται

476 3311 692 3331 ηγη,
736 3311 751 3313 _

476 3349 762 3405 munditia.
800 3344 1002 3401 Fidelis
1023 3351 1107 3398 est
1135 3341 1302 3403 enim,
1337 3340 1432 3410 qui
1466 3339 1741 3409 promisit,
1774 3339 1918 3406 quod
1939 3352 2049 3391 non

2157 3311 2336 3418 πάσης
2363 3311 2729 3421 ακαθαρσίαςζ
2752 3311 2773 3327 γ’
2790 3350 2989 3413 Πιστὸς
3036 3311 3146 3421 γαρ
3180 3311 3217 3406 ’ό
3248 3311 3747 3425 ἶὲταὲγᾷιῖαὶεῇὲᾷξξ

474 3448 619 3503 sinet
651 3453 751 3492 nos
782 3434 977 3490 tentari
996 3448 1180 3502 supra,
1207 3446 1369 3500 quam
1400 3444 1692 3498 possumus
1727 3429 1763 3481 ⁸.
1789 3428 1901 3497 Εέο
1925 3442 2053 3481 vero

475 3533 608 3586 deos
650 3539 773 3584 tuos
812 3543 920 3581 non
952 3526 1149 3591 colam,
1209 3538 1389 3592 neque
1424 3524 1513 3577 eis
1554 3522 1782 3575 otferam
1813 3533 2054 3588 unquam

474 3621 826 3680 sacriﬁcium.
859 3616 1018 3686 Quod
1064 3626 1245 3670 autem
1273 3616 1333 3670 lit
1370 3630 1468 3684 per
1500 3613 1605 3667 vim
1633 3622 1689 3667 et
1720 3616 2056 3682 repugnante

474 3719 776 3781 voluntate,
802 3697 1021 3785 quando
1049 3720 1206 3780 turpe
1238 3709 1429 3773 fuerit,
1460 3708 1526 3762 iis
1552 3706 1775 3777 quidem
1806 3706 1900 3774 qui
1927 3712 2056 3757 sunt

480 3809 685 3873 coacti,
721 3806 939 3862 videtur
964 3803 1145 3875 potius
1178 3816 1299 3856 esse
1328 3800 1678 3871 supplicium,
1734 3812 1895 3868 quam
1929 3810 2057 3866 pec-

483 3913 706 3959 catum:
744 3916 868 3956 reos
914 3906 1097 3954 autem
1134 3892 1418 3950 constituit
1454 3906 1551 3947 eos
1580 3892 1673 3961 qui
1708 3890 1817 3945 vim
1858 3890 2056 3943 attule-

482 4011 632 4051 runt.
662 3994 851 4058 Meum
897 3993 1081 4063 itaque
1119 4003 1230 4045 non
1254 3987 1422 4043 fuerit
1455 3986 1558 4041 hoc
1590 3994 1895 4056 peccatum,
1929 3996 2055 4053 «ιιυο

475 4082 640 4145 modo
705 4102 807 4142 nec
844 4085 910 4140 iis
970 4082 1065 4154 qui
1095 4096 1183 4137 me
1239 4066 1660 4151 prmcesserunt,
1699 4076 2054 4148 martyribus,

476 4182 703 4252 pollutae
737 4192 932 4234 carnes
965 4186 1020 4231 et
1051 4176 1239 4229 vinum
1267 4171 1612 4239 libaminum,
1641 4186 1739 4240 per
1779 4169 1888 4223 vim
1918 4167 1973 4224 in
1995 4183 2058 4224 os

473 4290 664 4331 eorum
682 4272 1065 4343 interiectum,
1082 4268 1308 4322 omnino
1334 4266 1532 4326 obfuit.
1562 4264 1780 4320 Sienim
1802 4279 1910 4317 non
1932 4277 2061 4332 per-

476 4367 716 4425 suadens
738 4404 754 4429 ,
807 4364 905 4418 sed
943 4362 1053 4415 vim
1084 4359 1343 4420 aifercns,
1384 4359 1466 4413 vis
1496 4359 1710 4412 trahere
1750 4355 1818 4411 ad
1852 4356 2060 4411 cultum

483 4468 705 4513 tuorum
760 4458 1015 4517 deorum,
1047 4466 1146 4505 cur
1174 4464 1283 4501 non
1317 4446 1425 4502 cito
1453 4457 1611 4500 utens
1638 4453 1905 4516 potestate
1930 4484 1945 4509 ,
1975 4444 2060 4499 vel

476 4546 680 4605 invitos
728 4541 1068 4600 Christianos
1117 4537 1266 4608 cogis
1284 4552 1423 4608 genu
1446 4538 1668 4613 ﬂectere
1696 4533 2061 4592 daemonibus?

2155 3442 2238 3497 ὅτι
2263 3443 2362 3494 οὐκ
2388 3443 2539 3495 ἐάσει
2590 3441 2958 3514 πειρασθῆναι
3011 3445 3157 3513 ἡμᾶς
3194 3445 3339 3515 ὑπὲρ
3371 3444 3401 3498 δ
3437 3446 3742 3514 suam

2170 3531 2313 3600 Ἐγὼ
2340 3533 2403 3585 δὲ
2429 3533 2572 3587 ἀλλὰ
2603 3537 2717 3596 τοῖς
2760 3534 2905 3599 θεοῖς
2936 3552 3031 3588 σου
3069 3537 3131 3588 οὐ
3173 3537 3465 3606 λατρεύσω
3489 3537 3612 3591 οὐδὲ
3642 3538 3745 3591 θυ-

2160 3623 2283 3677 σίαν
2313 3626 2495 3689 αὐτοῖς
2527 3626 2803 3695 προσοίσω
2829 3627 2978 3680 ποτε.
3004 3628 3077 3680 Τὸ
3093 3627 3150 3681 δέ
3173 3643 3235 3696 γε
3265 3628 3402 3698 πρὸς
3429 3628 3549 3698 βίαν
3573 3629 3747 3682 ἅδον-

2157 3713 2336 3786 λήτως
2404 3720 2804 3787 πραττόμενον,
2842 3719 3044 3772 ὁπόταν
3103 3721 3331 3789 αἰσχρὸν
3382 3715 3442 3790 ᾖ,
3493 3721 3608 3783 τοῖς
3637 3719 3745 3791 μιν

2157 3807 2599 3878 ἠναγκασμέκιοις
2631 3810 2872 3881 τιμωρία
2904 3810 3126 3881 μᾶλλον,
3163 3811 3262 3880 οὐχ
3302 3810 3547 3881 ἁμαρτία
3562 3811 3742 3879 δοκεῖ,

2157 3905 2285 3969 τοὺς
2312 3903 2367 3958 δὲ
2399 3904 2766 3975 βιασαμένους
2800 3904 3137 3969 ὑπευθύνους
3179 3906 3349 3959 ποιεῖ.
3377 3905 3490 3958 Ούκ
3517 3903 3586 3958 ἂν
3639 3903 3742 3959 οὖν

2159 3998 2244 4066 εἴη
2273 3997 2431 4051 τοῦτο
2457 3996 2586 4067 ἐμὸν
2612 3996 2937 4067 ἁμάρτημα,
2965 3995 3158 4067 ὥσπερ
3193 3995 3289 4051 οὖν
3321 3995 3441 4048 οὐδὲ
3484 3996 3598 4057 τοῖς
3627 3994 3742 4063 πρὸ

2161 4087 2319 4158 ἡμῶν
2353 4089 2624 4160 μάρτυσιν
2652 4083 2735 4152 οἷς
2769 4088 2860 4160 βίᾳ
2897 4088 2964 4142 τὰ
3000 4089 3349 4158 μεμιασμένα
3376 4088 3531 4158 κρέα,
3565 4090 3597 4141 ὁ
3627 4086 3743 4141 τῶν

2163 4180 2404 4234 σπονδῶν
2450 4176 2593 4245 οἶνος
2643 4180 2722 4252 τῷ
2747 4180 2976 4249 στόματι
3025 4179 3323 4251 ὲπηνέχθη,
3350 4178 3387 4232 ἃ
3414 4179 3568 4237 οὐδὲν
3598 4179 3741 4241 ὅλως

2162 4273 2358 4335 αὐτοὺς
2390 4271 2754 4342 παρέὁλαψεν.
2783 4272 2845 4325 Ei
2866 4272 2976 4342 γὰρ
3007 4272 3080 4342 μὴ
3113 4270 3339 4334 πείθων,
3371 4270 3508 4324 ἁλλὲῑ
3543 4269 3740 4339 βιαζόο

2165 4379 2327 4433 μενος
2354 4361 2538 4417 ἕλκειν
2561 4361 2738 4433 βούλει
2761 4362 2898 4433 πρὸς
2915 4362 3014 4433 τὴν
3042 4360 3153 4417 τῶν
3176 4361 3314 4415 θαῖιν
3338 4376 3433 4415 σου
3457 4359 3736 4428 λατρείαν,

2161 4457 2214 4509 τί
2251 4455 2327 4528 μὴ
2359 4456 2497 4526 ταχὺ
2526 4457 2592 4528 τῇ
2619 4456 2841 4527 ἐξουσίᾳ
2887 4458 3168 4527 χρώμενος
3199 4456 3294 4507 καὶ
3320 4452 3552 4514 ἄκοντας
3593 4452 3739 4522 Χριο

2166 4549 2415 4611 στιανοὺς
2450 4546 2580 4616 γόνυ
2610 4546 2816 4603 κλίνειν
2851 4545 3298 4618 παρασκευάζεις
3333 4546 3446 4606 τοῖς
3476 4546 3736 4612 δαίμοσιί

545 4636 708 4694 XVII.
752 4633 874 4689 Haec
910 4640 1201 4703 postquam
1262 4630 1437 4683 audiit
1485 4628 1799 4699 prwfcctus,
1836 4627 2049 4683 tradens

2234 4637 2335 4692 η’.
2352 4637 2568 4692 Τούτων
2585 4636 2613 4689 ὁ
2629 4637 2813 4708 ἄρχων
2829 4635 2902 4701 ὡς
2927 4636 3154 4708 ἧκουσε,
3178 4632 3535 4703 στρατιώταις
3561 4630 3738 4702 αὐτὴν

470 4747 593 4789 eam
658 4725 929 4784 militibus
950 4764 970 4792 ,
1017 4724 1181 4796 jussit
1232 4723 1506 4776 abducere
1562 4719 1619 4774 in
1655 4720 2049 4790 prostibulum.

471 4826 617 4880 Deus
662 4829 844 4876 autem
893 4832 1004 4872 non
1042 4815 1197 4881 sinit,
1230 4830 1454 4869 suorum
1478 4813 1704 4868 omnino
1728 4828 1920 4868 curam
1952 4828 2051 4886 ge.

471 4933 602 4975 rens
631 4933 645 4970 :
676 4913 773 4971 sed
804 4912 1058 4985 protinus
1107 4908 1178 4965 ad
1218 4908 1422 4963 milites
1465 4909 1790 4965 accedentes
1839 4909 2044 4980 angeli,

470 5005 697 5078 quiipsi
735 5012 895 5060 erant
958 5001 1134 5072 induti
1177 5001 1368 5054 habitu
1399 5007 1454 5055 et
1501 5011 1652 5056 veste
1711 5000 1956 5065 militari,
1984 5008 2042 5055 et

472 5112 729 5168 tanquam
752 5094 982 5153 secundi
1006 5109 1037 5148 a
1056 5085 1315 5165 przefecto
1340 5092 1581 5158 missi,et
1604 5107 1725 5148 eam
1743 5094 1851 5148 alio
1869 5103 2039 5147 trans-

468 5195 615 5248 ferre
642 5188 805 5261 jussi,
846 5187 1103 5243 auferunt
1148 5185 1369 5256 quidem
1397 5188 1464 5240 ab
1509 5186 1577 5240 iis
1624 5186 1716 5255 qui
1750 5201 1870 5240 eam
1896 5185 2038 5241 deti-

470 5283 696 5353 nebant.
750 5278 887 5336 Cum
938 5293 1070 5334 vero
1108 5292 1229 5332 eam
1273 5277 1628 5333 abduxisscnt
1683 5276 1739 5331 in
1769 5292 2037 5332 cacumen

470 5373 692 5439 montis,
720 5354 920 5427 mirum
955 5370 1012 5426 in
1047 5370 1268 5424 malum
1297 5369 1413 5432 alti,
1447 5370 1559 5423 illic
1584 5376 1853 5431 statuunt,
1882 5377 2036 5424 metu

466 5462 690 5539 quidem
741 5473 797 5527 et
825 5459 1237 5532 perturbatione
1283 5459 1519 5533 plenam,
1569 5457 1715 5528 quod
1756 5457 1824 5512 ad
1853 5458 2037 5528 priora

470 5557 665 5637 attinet
694 5572 708 5609 :
741 5553 937 5609 deinde
959 5554 1121 5610 etiam
1146 5553 1255 5608 Β·ξο
1274 5550 1620 5622 eloquentem
1643 5553 1802 5607 verba
1830 5552 2033 5622 gratia.

474 5806 483 5817 ρ
532 5735 763 5789 ’lCor.
806 5750 856 5796 ιι,
900 5732 987 5789 ιδ.

2158 4732 2435 4801 παραδοὺς
2465 4731 2702 4799 ἁπάγειν
2727 4730 2976 4782 ἐκέλευεν
3004 4730 3084 4791 είς
3108 4724 3522 4795 πορνεῖον·Θεδς
3548 4723 3606 4777 δὲ
3631 4724 3738 4777 οὐκ

2153 4824 2293 4883 ἀνίει
2324 4823 2540 4887 πάντως
2571 4822 2681 4875 τῶν
2728 4819 2931 4874 ἑαυτοῦ
2970 4819 3403 4890 προϊστάμενος·
3454 4815 3592 4868 ἀλλὰ
3621 4816 3736 4880 τοῖς

2152 4915 2514 4989 στρατιώταις
2543 4914 2768 4985 ἄγγελοι
2797 4913 2959 4977 εὐθὺς
3005 4911 3353 4975 ἐπιστάντες,
3391 4908 3580 4980 σχῆμα
3634 4905 3741 4961 καὶ

2146 5004 2300 5058 αὐτοὶ
2335 5002 2727 5075 στρατιωτικὸν
2754 5001 2851 5055 καὶ
2895 4999 3095 5070 σκευὴν
3129 4995 3611 5073 περιδεδλημὲνοι,
3642 4994 3741 5047 καὶ

2140 5095 2215 5160 ὡς
2243 5091 2488 5166 δεύτεροι
2541 5094 2679 5165 πρὸς
2730 5093 2826 5147 τοῦ
2873 5093 3140 5164 ἄρχοντος
3195 5088 3610 5160 ἐκπεμφθέντες
3640 5085 3740 5140 καὶ

2142 5186 2408 5257 ἀλλαχόσε
2443 5183 2646 5256 ταύτην
2675 5183 3005 5255 μετενέγκαι
3040 5181 3534 5253 προστεταγμένοι,
3570 5180 3742 5248 ἀφαι-

2146 5275 2363 5348 ροῦνται
2425 5276 2524 5346 μὲν
2576 5276 2641 5328 ὲκ
2676 5275 2788 5328 τῶν
2819 5272 3165 5343 κατεχόντων
3200 5270 3298 5325 καὶ
3353 5268 3448 5323 τοῦ
3480 5267 3738 5338 πορνείου

2143 5368 2461 5438 ἐξάγουσιν
2518 5365 2597 5431 είς
2633 5384 2753 5420 τινα
2782 5365 2838 5419 δὲ
2867 5362 3183 5435 ἀκρώρειαν
3216 5361 3378 5435 ὅρους
3413 5357 3737 5430 Θαυμαστοῦ

2143 5460 2205 5512 τὸ
2236 5458 2367 5529 ὕψος
2401 5458 2803 5528 ἀπαγαγόντες,
2861 5458 3041 5510 ἐκεῖσε
3088 5456 3296 5525 ταύτην
3339 5453 3530 5507 ίστῶσι
3562 5448 3732 5521 φόϐου

2148 5554 2245 5607 καὶ
2274 5553 2518 5625 ταραχῆς
2540 5554 2661 5607 ὅσον
2701 5552 2794 5606 ἐπὶ
2823 5552 2938 5613 τοῖς
2970 5551 3260 5621 προτέροις
3287 5547 3543 5619 ἔμπλεων
3564 5584 3579 5610 ,
3613 5538 3737 5595 εἶτα
