4102 6376
394 334 497 404 589

1182 336 1657 397 MARTYRIUM
1708 336 1766 399 S.
1812 337 2269 397 ANASTASIAE
2314 340 2406 399 ET
2441 339 2849 401 SOCIARUM.

3540 335 3644 402 590

400 450 498 507 καὶ
525 450 646 519 Θεῷ
676 446 742 502 τά
794 447 890 519 τῆς
927 449 1282 520 εὐχαριστίας
1327 449 1703 503 ὑπολαϐοῦσαν
1733 449 1975 519 ῥήματα.

2087 464 2204 501 rum
2230 451 2481 506 actionis.
2505 452 2794 520 Postquam
2816 458 3022 512 autem,
3045 448 3191 518 quod
3219 447 3423 504 factum
3449 448 3646 505 fuerat.

406 541 496 602 Ὦς
528 539 583 592 δὲ
616 538 675 592 τὸ
719 538 967 610 πραχθὲν
998 539 1025 589 ὁ
1067 538 1247 607 κόμης
1272 539 1599 607 ἐμάνθανεν,
1629 539 1825 592 αὐτίκα
1851 538 1973 589 ἑπι-

398 630 496 693 ϐας
530 629 684 700 ἵππῳ
708 626 786 698 τῷ
806 628 921 699 ³ἇρει
940 624 1308 697 προσήλαυνε.
1335 628 1445 680 Καὶ
1465 629 1565 698 ὅρα
1591 644 1677 694 μοι
1696 624 1975 679 κάνταῦθα

398 723 534 778 Θεοῦ
568 721 871 791 θαυμάσια,
910 719 1152 774 διάνοιαν
1175 721 1272 789 μὲν
1301 722 1379 778 εἰς
1417 717 1700 785 ἔκπληξιν,
1727 717 1976 783 γλῶτταν

398 815 455 867 δὲ
495 810 766 865 καλοῦντα
797 809 934 879 πρὸς
968 807 1247 879 εὖφημίαν
1289 808 1303 860 !
1349 808 1437 869 Ὠς
1476 807 1584 875 γὰρ
1622 807 1863 876 προσῆγε
1897 804 1975 876 τῷ

394 907 570 972 τόπῳ,
596 904 693 966 τὰς
719 900 1257 974 φρέναςκάλλοιωοεὶς
1288 898 1421 970 ὁρᾷν
1449 897 1547 967 μὲν
1575 895 1688 968 εἶχε
1715 898 1811 969 τὴν
1839 900 1976 968 μάρο

393 1014 531 1066 τυρα
582 994 891 1068 πόρρωθεν,
952 992 1313 1065 προσεγγίσαι
1339 990 1395 1044 δὲ
1436 991 1529 1043 καὶ
1564 990 1658 1060 τῆς
1691 989 1973 1062 ὁρωμένης

396 1087 775 1152 ἐπιλαϐέσθαι,
806 1088 985 1140 καίτοι
1010 1086 1215 1157 σφόδρα
1236 1084 1584 1154 βουλόμενος,
1607 1081 1864 1145 ἀδύνατος
1885 1077 1974 1152 ἦν,

394 1178 471 1243 ὡς
496 1180 554 1232 τὸ
590 1180 681 1232 τοῦ
709 1180 855 1234 θείου
898 1178 1127 1233 Ἡσαΐου
1188 1179 1283 1232 τισι)⁵
1311 1178 1398 1230 ἐπ’
1429 1176 1578 1246 αὑτῷ
1604 1175 1776 1245 πέρας
1807 1176 1971 1245 ἔχειν,

408 1291 427 1323 ι
459 1271 883 1342 Ψηλαφήσουσι,
925 1291 943 1325 ι
966 1272 1235 1339 λέγοντος,
1276 1289 1293 1321 ι
1322 1271 1394 1332 ὡς
1425 1269 1624 1337 τυφλδς
1653 1270 1853 1338 τοῖχον,
1883 1266 1976 1320 καὶ

399 1361 477 1421 ὡς
505 1356 603 1431 οὐχ
638 1361 991 1430 ὑπαρχόντων
1020 1357 1310 1429 ὀφθαλμῶν
1340 1355 1747 1426 ψηλαφήσουσι.
1788 1378 1807 1407 ο
1839 1355 1967 1409 Ter.-

400 1452 557 1506 οὗτον
584 1451 733 1522 αὐτῷ
767 1454 968 1523 τειχίον
999 1450 1196 1522 ὀχυρόν
1230 1468 1288 1502 τε
1335 1450 1428 1503 καὶ
1475 1448 1712 1519 ἀσφαλὲς
1745 1450 1850 1516 πρὸ
1878 1449 1975 1519 τῆς

399 1545 567 1613 κιῐρης
616 1541 992 1611 περιελήλατο.
1046 1542 1213 1597 Ὅθεν
1272 1542 1371 1595 καὶ
1422 1540 1610 1612 κύκλῳ
1664 1541 1755 1593 τὸν
1808 1539 1974 1610 λόφον

399 1634 632 1698 περιιὼν
677 1633 836 1702 ἔμενε
870 1631 1042 1686 ἕωθεν
1080 1634 1243 1703 ἄχρις
1298 1633 1451 1703 ἡλίου
1511 1632 1756 1701 δυσμῶν,
1794 1633 1974 1701 μάτην

399 1724 581 1777 πονῶν
612 1726 703 1776 καὶ
736 1722 1243 1793 περιπλανώμενος.

2081 543 2291 610 accepit
2327 559 2531 609 comes,
2572 544 2757 599 statim
2800 541 3104 598 ascendens
3130 556 3355 609 equum,
3384 538 3652 610 equitavit

2078 635 2144 690 ad
2174 645 2435 691 montem.
2472 637 2574 693 llic
2594 636 2861 691 verovide
2892 633 3024 688 mihi
3052 649 3138 688 res
3157 632 3252 687 Dei
3273 632 3648 696 admirabiles,

2078 745 2199 797 qua:
2233 738 2467 782 mentem
2501 728 2721 796 quidem
2755 735 2950 781 vocant
2978 726 3044 779 ad
3072 724 3511 786 admirationem,
3547 722 3652 778 Iin-

2081 835 2243 888 guam
2274 828 2456 873 autem
2486 818 2552 872 ad
2583 818 2800 873 laudem
2834 818 2847 871 l
2887 816 2987 872 Ubi
3018 814 3166 869 enim
3194 814 3425 869 accessit
3461 812 3530 867 ad
3566 812 3650 865 Ιησ-

2080 926 2230 976 cum,
2294 917 2476 965 mente
2507 910 2848 974 immutatus,
2896 906 3186 961 videbatur
3213 904 3433 974 quidem
3464 903 3649 957 videre

2080 1004 2270 1075 procul
2302 1003 2588 1073 virginem.
2619 1010 2678 1057 et
2708 1015 2829 1056 eam
2861 997 3324 1068 appropinquare,
3344 997 3512 1050 visam
3552 1010 3653 1048 an-

2079 1105 2188 1151 tem
2229 1092 2664 1165 apprehendere,
2688 1092 2788 1146 etsi
2838 1089 3074 1144 maxime
3114 1088 3299 1151 vellet,
3345 1102 3454 1140 non
3491 1095 3648 1154 pote-

2079 1196 2208 1243 rat:
2247 1187 2383 1240 adeo
2437 1196 2496 1240 ut
2548 1183 2680 1239 illud
2731 1183 2885 1237 Isaiae
2956 1180 3297 1249 impleretur,
3367 1175 3648 1231 dicentis:

2087 1279 2421 1350 «Palpabunt
2448 1287 2704 1345 tanquam
2734 1288 2914 1329 caecus
2952 1272 3238 1342 parietem.
3275 1277 3330 1324 et
3366 1277 3649 1338 .tanquam

2079 1372 2272 1425 oculos
2301 1385 2411 1424 non
2446 1368 2705 1431 habeant,
2746 1364 3050 1435 palpabunt
3084 1364 3161 1416 ’.ι
3202 1361 3351 1416 Talis
3383 1360 3433 1416 ei
3460 1374 3652 1415 murus

2080 1459 2271 1514 firmus
2300 1469 2356 1514 et
2424 1457 2637 1513 validus
2693 1455 2942 1525 objectus
2994 1453 3176 1508 fuerat
3201 1460 3326 1506 ante
3358 1451 3649 1522 virginem.

2078 1552 2447 1620 Quamobrem
2476 1549 2748 1604 tumulum
2791 1547 2846 1601 in
2878 1546 3068 1600 orbem
3093 1543 3455 1607 circumiens,
3488 1557 3650 1597 man-

2078 1647 2150 1701 sit
2180 1659 2211 1697 a
2248 1642 2519 1696 matutino
2552 1654 2724 1709 usque
2758 1637 2824 1692 ad
2856 1652 3109 1692 occasum
3149 1635 3301 1700 solis,
3331 1634 3531 1689 frustra
3575 1634 3655 1687 Ia-

2077 1732 2278 1786 borans
2299 1740 2355 1786 et
2385 1730 2803 1784 circumerrans.

404 1851 421 1866 .
468 1815 577 1870 IH'.
619 1807 773 1883 Ἑνῷ
802 1789 857 1867 δὲ
896 1789 1075 1868 ταῦτα
1108 1815 1427 1884 ἐπράττετο,
1466 1814 1525 1867 τὸ
1558 1812 1708 1879 τόξον
1746 1833 1829 1878 τις
1863 1815 1970 1869 τῶν

2145 1820 2334 1875 XVIII.
2373 1819 2599 1873 Interim
2635 1826 2819 1871 autem
2855 1815 2984 1870 dum
3012 1814 3128 1869 bmc
3159 1813 3385 1877 ﬁebant,
3419 1811 3643 1882 quidam

401 1908 676 1961 euvdrzwv
709 1906 904 1977 ἐκείνῳ
927 1905 1280 1977 στρατιωτῶν
1302 1906 1528 1971 εὐθύνας
1558 1906 1695 1961 κατά
1716 1908 1811 1978 τῆς
1836 1908 1977 1980 μάρ·

396 2015 583 2067 τυρος,
614 2000 706 2051 καὶ
738 1997 890 2067 βέλος
923 1998 1082 2067 ἀφεὶς
1110 1998 1333 2068 πλήττει
1359 1998 1458 2068 μὲν
1486 1999 1550 2052 αὑ
1565 2001 1654 2069 τὴν
1680 1998 1815 2052 Θεοῦ
1843 2017 1977 2070 συγ-

398 2090 746 2160 χωρήσαντος
765 2106 779 2121 ·
809 2090 988 2162 ἐκείνη
1020 2090 1077 2144 δὲ
1101 2090 1201 2154 τὰς
1232 2092 1418 2162 χεῖρας
1461 2091 1839 2146 διαπετάσασα
1875 2093 1971 2145 καὶ

397 2186 478 2244 εἰς
511 2182 679 2252 εὐχὴν
708 2181 909 2253 ἑαυτὴν
936 2182 1341 2253 σχηματίσασα,
1381 2174 1518 2246 Δόξα
1554 2198 1661 2245 σοι,
1716 2182 1922 2255 Χριστὲ
1952 2185 1979 2236 6

396 2271 546 2337 Θεὸς,
577 2270 995 2341 ὲπιὶρθέγγεται,
1027 2272 1108 2326 ὅτι
1133 2289 1202 2342 με
1230 2273 1305 2345 μὴ
1333 2272 1493 2342 μόνον
1526 2273 1867 2344 σεϐάσματος
1886 2292 1981 2343 μι-

398 2363 557 2435 αροῦ,
589 2364 724 2417 ἀλλά
749 2362 841 2417 καὶ
872 2364 1072 2427 παντὸς
1094 2364 1254 2419 ἄλλου
1278 2365 1524 2436 καθαρὰν
1555 2365 1839 2434 μολυσμοῦ
1897 2366 1982 2419 δι-

400 2460 705 2529 ιτήρησας,
733 2456 828 2510 τοῦ
858 2455 953 2510 σοῦ
971 2473 1029 2509 τε
1044 2457 1283 2527 ἠξίωσας
1302 2457 1677 2528 ὕπεραθλῆσαι
1694 2458 1979 2527 ὀνόματος.

398 2550 587 2612 Οὕτως
611 2548 841 2603 εἰποῦσα
860 2549 1048 2619 χερσὶν
1077 2549 1319 2617 ἀγγέλων
1346 2550 1539 2619 ἀφίησι
1571 2549 1667 2621 τὴν
1682 2548 1883 2621 ψυχήν.
1909 2550 1983 2603 Τὸ

394 2643 455 2696 δὲ
490 2642 651 2711 σῶμα
682 2640 907 2710 ταύτης,
939 2642 1060 2694 ἐπεὶ
1093 2642 1185 2693 καὶ⁵
1217 2642 1245 2694 ὀ
1265 2641 1442 2711 κόμης
1507 2640 1748 2694 ἐκποδὼν
1776 2637 1865 2713 ἦν,
1938 2643 1971 2713 ὴ

411 2732 748 2787 Ἀναστασία
777 2734 989 2785 ἐκεῖθεν
1013 2731 1314 2803 ἀνελομένη
1349 2731 1446 2785 καὶ
1479 2735 1673 2801 μύροις
1709 2733 1803 2785 καὶ
1867 2733 1988 2786 ὁθο-

397 2826 528 2887 νεοις
580 2824 814 2893 ὲνττμως
856 2825 951 2877 καὶ
1001 2824 1213 2895 σεμνῶς
1263 2824 1652 2895 περιστείλασα
1705 2826 1829 2886 ταῖς
1863 2842 1987 2896 προ-

395 2915 693 2979 λαϐοὗσαις
747 2915 1005 2985 ἀδελφαῖς
1049 2915 1187 2988 ὁμοῦ
1240 2917 1335 2970 καὶ
1389 2915 1670 2980 συνάολοις
1722 2934 1992 2984 συγκατα-

394 3008 632 3078 τῐθησιν.
1103 3018 1107 3022 ’

2076 1929 2141 1969 ex
2180 1912 2247 1967 iis
2272 1912 2365 1982 qui
2399 1921 2699 1965 erantcum
2733 1923 2800 1963 eo
2853 1907 3122 1963 militibus
3156 1920 3345 1960 arcum
3405 1904 3647 1973 dirigens

2081 2005 2137 2060 in
2174 2013 2489 2074 martyrem,
2519 2010 2573 2056 et
2598 2002 2842 2071 jaculum
2897 2000 3177 2063 emittens,
3219 1998 3389 2068 ipsam
3431 1997 3654 2065 quidem

2080 2096 2227 2161 ferit,
2274 2096 2385 2151 Deo
2414 2092 2773 2149 concedente.
2830 2091 2926 2146 Illa
2960 2101 3144 2145 autem
3203 2088 3377 2158 passis
3403 2088 3658 2161 manibus

2080 2158 2292 2242 cum—se
2324 2183 2391 2239 ad
2423 2196 2613 2251 preces
2638 2179 3037 2249 composuisset
3073 2196 3085 2231 :
3120 2176 3305 2232 Gloria
3339 2176 3460 2239 tibi,
3489 2158 3655 2230 Chri-

2080 2287 2163 2332 ste
2194 2277 2359 2338 Deus,
2397 2274 2620 2339 (σίτων,
2655 2274 2799 2342 quod
2829 2287 2939 2326 non
2969 2271 3146 2326 solum
3176 2269 3244 2324 ab
3281 2269 3448 2338 impio
3476 2269 3654 2332 cultu,

2082 2367 2179 2423 sed
2207 2367 2372 2422 etiam
2431 2382 2460 2419 a
2495 2363 2782 2434 quibusvis
2828 2361 2949 2417 aliis
2983 2361 3242 2417 sordibus
3288 2370 3344 2416 et
3399 2358 3627 2429 inquina

2084 2459 2284 2515 mentis
2335 2473 2421 2513 me
2479 2472 2670 2527 puram
2707 2453 3146 2512 conservaveris.
3195 2462 3252 2508 et
3299 2468 3396 2522 pro
3434 2463 3527 2506 tuo
3559 2466 3660 2506 no-

2080 2551 2233 2605 mine
2271 2549 2560 2604 decertare
2600 2547 2860 2601 volueris.
2902 2544 3039 2601 Cum
3072 2545 3152 2600 sic
3186 2544 3436 2609 dixisset,
3476 2544 3530 2599 in
3562 2560 3660 2598 an-

2082 2640 2330 2711 gelorum
2362 2655 2559 2694 manus
2580 2638 2765 2695 emisit
2793 2637 3055 2691 animam.
3076 2636 3210 2708 Ejus
3231 2645 3413 2692 autem
3434 2651 3657 2705 corpuS.

2084 2746 2209 2785 cum
2279 2731 2426 2786 illinc
2496 2739 2740 2785 remotus
2795 2741 2942 2784 esset
2994 2743 3200 2791 comes,
3271 2728 3471 2783 tollens
3519 2727 3661 2782 Ana-

2086 2824 2291 2885 stasia,
2331 2821 2634 2892 unguentis
2682 2819 2968 2874 conditum
3028 2828 3085 2874 et
3116 2818 3301 2872 linteis
3357 2815 3659 2870 honorifice

2086 2912 2477 2983 compositum,
2529 2911 2694 2966 simul
2742 2908 2970 2979 deponit
3021 2924 3146 2965 cum
3190 2909 3500 2973 sororibus,
3538 2921 3660 2976 quae

2089 3004 2309 3067 fuerant
2338 3004 2500 3060 sociae
2540 3003 2879 3059 certaminis.

469 3066 571 3155 uir.
600 3094 737 3152 Εἶτα
793 3099 934 3171 δῆλα
961 3099 1037 3171 τῷ
1090 3097 1305 3169 βασιλεῖ
1353 3098 1721 3169 Διοκλητιανῷ
1771 3100 1867 3152 καὶ
1910 3096 1978 3153 τά

2151 3096 2293 3152 XIX.
2315 3097 2521 3153 Deinde
2544 3097 2610 3152 ad
2639 3066 3039 3166 imperatorem
3063 3094 3459 3150 Diocletianum
3479 3092 3660 3148 defer-

396 3193 527 3264 τιερὶ
561 3194 661 3264 τῆς
710 3192 985 3263 μάρτυρος
1012 3191 1222 3261 γίνεται
1252 3192 1538 3262 Θεοδότης.
1578 3194 1699 3263 ἥτις
1753 3192 1981 3264 ὥρμητο

398 3286 501 3356 μὲν
530 3287 596 3339 ὲκ
621 3284 861 3338 Βιθυνῶν
892 3284 1104 3347 πόλεως
1135 3284 1396 3347 Νικαίας,
1444 3284 1503 3337 τὸ
1527 3284 1582 3337 δὲ
1632 3284 1798 3347 σέϐας
1847 3282 1983 3338 οὖσα

395 3377 704 3448 Χριστιανὴ
737 3376 830 3429 καὶ
854 3376 929 3445 τῷ
957 3376 1088 3445 περὶ
1117 3377 1178 3430 τὸ
1209 3376 1378 3440 σέϐας
1408 3376 1557 3447 ζήλῳ
1582 3377 1775 3446 πολλὴ,
1804 3378 1985 3447 μέτοι-

394 3478 495 3527 κος
524 3462 621 3517 καὶ
655 3461 794 3533 αὑτὴ
861 3464 958 3516 σὺν
1012 3463 1348 3534 Ἀναστασίᾳ
1379 3464 1472 3516 καὶ
1515 3466 1663 3533 τρισὶ
1684 3466 1893 3526 τέκνοις
1926 3466 1983 3516 ὲν

399 3554 719 3626 Μακεδονίᾳ.
752 3555 983 3622 γίνεται.
1018 3554 1385 3626 Παραστάσης
1422 3556 1515 3609 οῦν
1544 3556 1619 3626 τῷ
1658 3557 1869 3626 βασιλεῖ
1892 3557 1984 3610 καὶ

394 3648 571 3719 αὐτῆς
608 3648 907 3712 Λευκάδιος
938 3664 1023 3712 τις
1054 3648 1296 3720 τοῦνομα
1316 3652 1426 3733 ,τῆς
1468 3648 1615 3721 ὥραις
1658 3650 1774 3703 κατ’
1804 3651 1984 3719 ἄκρας

393 3743 558 3805 ἁλοὺς
589 3736 691 3813 (ἦν
732 3740 841 3810 γὰρ
876 3742 968 3794 καὶ
988 3741 1087 3811 τὴν
1141 3741 1264 3811 ὄψιν
1295 3742 1526 3812 Θεοδότη
1548 3742 1759 3813 σφόδρα
1796 3760 1983 3814 χαριε-

393 3833 606 3905 στάτη)
652 3832 819 3897 πολὺς
870 3830 937 3905 ἦν
968 3834 1061 3886 τοῦ
1090 3833 1361 3904 βασιλέως
1410 3834 1663 3903 δεόμενος
1717 3838 1983 3906 οἰκτεῖραι

394 3924 491 3979 τοῦ
542 3926 777 3989 κάλλους
828 3925 1117 3997 αὐτὴνκαὶ
1171 3926 1245 3998 μὴ
1272 3926 1445 3990 οὕτως
1486 3926 1666 3996 ἄωρον
1719 3928 1983 3982 ἀπολέσαι

395 4019 569 4089 κόρην
621 4020 762 4087 ἄγαν
823 4019 1148 4090 περικαλλῆ.
1218 4020 1376 4074 Ἐπεὶ
1408 4020 1463 4073 δὲ
1514 4020 1609 4075 καὶ
1633 4019 1768 4090 πρὸς
1807 4022 1982 4089 γάμον

394 4110 600 4177 ᾐτεῖτο,
634 4108 871 4175 ἄσμενος
916 4107 943 4160 ὀ
973 4107 1228 4176 βασιλεὺς
1278 4106 1500 4177 ἀσμένῳ
1532 4107 1765 4165 δίδωσιν.
1828 4111 1983 4180 ᾯετο

394 4200 509 4270 γὰρ
538 4200 647 4252 ἀπὸ
678 4198 778 4268 τῆς
822 4197 987 4255 αὑτοῦ
1031 4199 1294 4265 συζυγίας
1335 4197 1609 4265 διάζευξιν
1642 4202 1706 4254 ἐκ
1744 4201 1842 4269 τῆς
1890 4200 1982 4253 τοῦ

394 4290 637 4362 Χριστοῦ
672 4290 928 4359 γενέσθαι
968 4290 1144 4361 sai-tn
1178 4289 1480 4359 φιλοθετας.
1510 4290 1858 4363 Παραλαϐὼν
1892 4289 1983 4347 οὖν

393 4387 422 4438 ὁ
445 4382 745 4446 Λευκάδιος
791 4384 890 4450 τὴν
935 4382 1223 4453 Θεοδότην,
1280 4384 1330 4435 τί
1364 4383 1466 4453 μὲν
1493 4382 1594 4436 οὐκ
1622 4384 1800 4453 ἔλεγε,
1841 4388 1895 4438 τί
1925 4386 1980 4439 δὲ

2088 3199 2180 3246 tur
2197 3191 2359 3246 etiam
2388 3197 2593 3260 martyr
2612 3187 2919 3254 Theodote,
2941 3202 3061 3256 quae
3081 3195 3197 3241 orta
3225 3185 3573 3254 quidemerat
3591 3198 3661 3239 ex

2046 3324 2047 3327 η
2082 3282 2349 3350 Bithynia:
2368 3280 2587 3336 civitate
2613 3278 2828 3344 Nicaea,
2872 3276 3186 3332 Christiana
3219 3283 3401 3329 autem
3437 3283 3554 3329 erat
3570 3290 3662 3329 re-

2083 3376 2305 3446 Iigione,
2327 3383 2380 3429 et
2402 3373 2456 3427 in
2499 3373 2620 3444 ejus
2650 3371 2765 3426 zelo
2791 3369 3011 3425 fervens
3042 3385 3056 3421 :
3087 3366 3357 3438 inquilina
3379 3380 3511 3421 vero
3539 3374 3662 3421 erat

2085 3468 2197 3535 ipsa
2214 3479 2433 3535 quoque
2454 3479 2578 3519 cum
2600 3459 2882 3517 Anastasia
2911 3468 2965 3513 et
2996 3458 3172 3512 tribus
3196 3455 3385 3511 liberis
3414 3454 3470 3509 in
3490 3452 3664 3509 Mace-

2083 3558 2267 3614 donia.
2287 3556 2425 3612 Cum
2448 3569 2580 3626 ergo
2612 3553 2727 3624 ipsa
2745 3566 2962 3622 quoque
2982 3566 3044 3605 se
3064 3549 3296 3604 stitisset
3318 3558 3444 3602 ante
3484 3546 3661 3616 impe-

2087 3658 2347 3712 ratorem,
2385 3645 2609 3715 quidam
2642 3643 2865 3699 nomine
2908 3639 3243 3704 Leucadius,
3281 3636 3438 3691 valde
3470 3644 3662 3707 captus

2081 3738 2200 3807 ejus
2241 3732 2654 3806 pulchritudine
2675 3733 2813 3797 (erat
2849 3730 2996 3785 enim
3018 3726 3305 3783 Theodote
3331 3738 3550 3796 quoque
3584 3723 3664 3777 fa-

2080 3831 2167 3886 cie
2197 3822 3008 3891 venustissima),vehementer
3032 3817 3272 3874 instabat
3304 3815 3446 3889 apud
3490 3814 3665 3884 impe-

2084 3928 2347 3982 ratorem,
2376 3926 2436 3972 ut
2456 3917 2812 3972 misereretur
2840 3913 2958 3983 ejus
2994 3907 3447 3980 pulchritudinis,
3465 3914 3521 3961 et
3550 3918 3661 3959 non

2083 4010 2162 4066 sic
2214 4010 2561 4064 immaturam
2611 4004 2871 4077 perderet
2918 4001 3154 4073 puellam
3201 3997 3659 4071 pulcherrimam.

2081 4100 2348 4169 Quoniam
2382 4108 2563 4153 autem
2593 4112 2655 4151 ea
2678 4095 2964 4167 petebatur
2996 4092 3060 4147 ad
3089 4092 3329 4162 nuptias,
3365 4090 3662 4160 imperator

2081 4196 2263 4251 libens
2317 4191 2469 4248 dedit
2519 4190 2767 4254 libenti;
2819 4186 3172 4242 existimabat
3224 4183 3370 4239 enim
3398 4182 3536 4244 fore,
3602 4190 3699 4235 ut.

2081 4303 2147 4342 ex
2186 4287 2306 4358 ejus
2336 4282 2593 4355 conjugio
2640 4281 2689 4335 ei
2724 4279 2882 4334 fieret
2914 4276 3210 4348 disjunctin
3235 4290 3263 4329 a
3293 4273 3370 4331 Cb
3386 4271 3503 4327 risti
3534 4270 3665 4326 reli-

2086 4378 2269 4448 gione.
2295 4376 2430 4433 Cum
2465 4372 2949 4446 ergo'l‘heodotcm
2980 4368 3283 4439 accepisset
3312 4364 3654 4427 Leucadius,

398 4477 476 4549 μὴ
507 4477 681 4529 tuoin
706 4477 893 4529 πεῖσαι
918 4474 1123 4545 ταύτην
1155 4474 1470 4538 σπουδάζων
1500 4475 1602 4547 τὴν
1625 4475 1726 4546 μὲν
1758 4478 1981 4545 ἁγνείαν

2088 4468 2221 4541 quid
2257 4484 2370 4523 non
2426 4465 2669 4529 dicebat,
2712 4462 2844 4534 quid
2902 4477 3012 4516 non
3052 4458 3309 4520 faciebat,
3352 4456 3581 4513 studens
3610 4456 3660 4507 ci

392 4569 488 4620 καὶ
515 4568 613 4638 τὴν
644 4569 721 4628 ei;
750 4565 989 4635 Χριστὸν
1025 4566 1310 4621 εὐσέϐειαν
1336 4566 1701 4638 ὶξομόσασθαι
1723 4605 1738 4631 ,
1787 4569 1978 4623 συνθέ-

395 4661 521 4712 σθαι
572 4659 627 4711 δὲ
661 4661 726 4729 τῇ
761 4656 1012 4729 ἀσεϐείᾳ,
1044 4661 1138 4711 καὶ
1198 4658 1346 4730 αῦτῷ
1386 4659 1521 4731 πρὸς
1553 4659 1733 4730 γάμου
1786 4679 1977 4714 κοινω-

391 4752 513 4806 νίαν
551 4751 750 4821 ἑλθείν;

466 4846 552 4897 K'.
593 4843 746 4895 Ἐπεὶ
774 4843 829 4895 δὲ
855 4843 1026 4897 ταῦτα
1060 4844 1313 4915 πράττων
1343 4842 1582 4913 γράφειν
1612 4843 1690 4907 εἰς
1716 4841 1861 4915 ὕδωρ
1884 4844 1977 4896 καὶ

395 4934 560 5006 κενὴν
583 4934 806 5005 ψάλλειν
832 4932 1015 5005 ἐῴκει,
1037 4929 1121 4987 οἷα
1146 4936 1257 5006 γὰρ
1280 4932 1415 5005 πρὸς
1439 4932 1603 4988 αὐτῦν
1626 4933 1694 4988 τα
1722 4934 1818 5004 τῆς
1845 4934 1975 5003 Θεο-

394 5028 583 5097 δότης·
616 5026 679 5080 Ei
711 5027 810 5097 μὲν
847 5026 940 5081 τοῦ
977 5028 1112 5098 ἐμοῦ
1148 5026 1382 5082 πλούτου
1415 5028 1509 5081 καὶ
1540 5028 1647 5082 τῶν
1672 5026 1976 5100 χρημάτων

399 5115 713 5185 ὶπιθυμεῖς,
768 5115 862 5167 καὶ
912 5117 999 5169 διὰ
1032 5116 1205 5171 ταῦτά
1254 5134 1320 5186 με
1363 5116 1617 5181 σπεύδεις
1671 5117 1975 5185 ἀγαγέσθαι

398 5206 535 5278 πρὸς
563 5207 764 5277 γάμον,
803 5208 911 5261 ἰδού
949 5226 1031 5261 συι
1080 5211 1297 5264 πάντων
1328 5208 1641 5281 ἐξῖσταμαῑ,
1682 5211 1841 5281 μνὶνον
1868 5207 1976 5277 ἐγὼ

392 5298 633 5370 Χριστὸν
673 5302 793 5352 ἀντὶ
826 5302 1026 5364 παντὸς
1068 5301 1299 5355 πλούτου
1343 5303 1744 5375 κληρωσαμένη
1767 5317 1782 5331 ·
1832 5304 1881 5354 ει
1915 5301 1971 5353 δὲ

397 5394 493 5446 καὶ
518 5392 614 5445 τοῦ
644 5393 961 5463 σωματικοῦ
991 5394 1216 5458 κάλλους
1263 5395 1417 5466 ἐρᾷς,
1447 5395 1723 5449 ἀδυνάτων
1761 5393 1873 5448 ἴσθι
1908 5393 1970 5447 τὸ

396 5482 660 5552 παρὰπαν
688 5482 866 5554 ἐρῶνδ
901 5485 1170 5555 πρότερον
1211 5485 1321 5553 γὰρ
1347 5483 1412 5540 ἄν
1460 5501 1563 5555 μου
1598 5484 1695 5554 τὴν
1754 5482 1970 5554 μορφὴν

396 5571 689 5645 ἀμείψῃςῆ
721 5573 823 5644 τὴν
847 5573 1074 5645 γνώμην
1107 5573 1437 5645 μεταϐαλεῖς
1462 5591 1474 5605 °
1511 5576 1612 5629 κᾶν
1634 5576 1682 5628 εἰ
1714 5576 1849 5646 πυρὶ
1877 5576 1972 5628 καὶ

398 5664 604 5736 σιδήρῳ
636 5678 703 5734 με
726 5666 820 5718 καὶ
847 5668 1012 5722 πᾶσιν
1041 5667 1176 5738 ὁμοῦ
1234 5668 1614 5739 κολαστηρίοις
1661 5665 1971 5737 ἐκδαπανή-

388 5754 399 5759 ’
477 5757 496 5787 '
527 5757 629 5812 Isa.
660 5772 769 5821 Lux,
804 5756 890 5813 Ifl.

2089 4560 2444 4632 persuadere,
2497 4566 2556 4612 ut
2591 4555 2899 4612 castitatem
2961 4550 3182 4622 quidem
3216 4559 3270 4606 et
3309 4549 3567 4619 pietatem
3606 4545 3661 4601 in

2088 4654 2369 4710 Christum
2404 4650 2706 4722 abjuraret,
2769 4643 3039 4716 impietali
3066 4651 3248 4697 autem
3276 4640 3658 4704 assentirctur,

2086 4755 2141 4799 et
2169 4744 2248 4800 sic
2279 4742 2626 4798 matrimonio
2654 4754 2781 4794 cum
2814 4752 2880 4792 eo
2914 4735 3340 4806 conjungeretur
3368 4733 3391 4787 ?

2159 4832 2276 4888 XX.
2338 4832 2630 4901 Postquam
2692 4841 2821 4883 vero
2867 4826 2987 4881 hzec
3048 4818 3215 4894 agens
3275 4821 3425 4876 visus
3478 4828 3563 4877 est
3608 4821 3662 4875 in

2086 4941 2281 4995 aquam
2312 4923 2575 4986 scribere,
2601 4928 2657 4976 et
2686 4932 2886 4974 canere
2940 4915 3147 4978 inania,
3185 4928 3309 4967 cum
3336 4921 3521 4967 essent
3557 4912 3667 4966 hn-

2084 5014 2327 5086 jusmodi
2380 5028 2501 5083 quae
2545 5010 2597 5067 e'i
2633 5009 2851 5066 dicebat
2880 5009 3166 5063 Theodote
3199 5022 3215 5059 ι
3265 5005 3325 5059 Si
3358 5020 3506 5061 meas
3540 5008 3661 5075 qui-

2086 5107 2212 5163 dem
2262 5120 2396 5176 opes
2445 5102 2603 5173 cupis
2657 5110 2715 5157 et
2743 5099 3033 5172 pecunias,
3069 5105 3237 5153 etme
3298 5096 3419 5152 Ideo
3475 5096 3665 5151 studis

2088 5213 2311 5256 uxorem
2342 5197 2566 5261 ducere,
2626 5208 2753 5250 ecce
2795 5194 2890 5249 tibi
2914 5194 3052 5248 cedo
3081 5189 3361 5255 omnibus,
3414 5202 3514 5258 pro
3546 5204 3665 5241 om-

2076 5292 2241 5347 nibus
2288 5288 2495 5344 divitiis
2536 5287 2711 5341 solum
2769 5285 3053 5341 Christum
3086 5284 3278 5339 sortita
3314 5300 3329 5349 ;
3360 5284 3442 5338 sin
3477 5293 3659 5337 autem

2083 5384 2249 5440 etiam
2284 5395 2608 5451 corpoream
2642 5394 2795 5434 amas
2843 5377 3332 5448 pulchritudinem,
3354 5375 3495 5431 scias
3520 5386 3571 5429 te
3598 5388 3659 5427 ca

2079 5490 2283 5533 amare.
2332 5487 2452 5541 quae
2491 5473 2715 5525 omnino
2756 5468 2874 5523 ﬁeri
2912 5477 3237 5538 nequeunt:
3297 5469 3449 5538 prius
3477 5482 3481 5486 ·
3512 5464 3659 5521 enim

2079 5582 2254 5624 meam
2287 5567 2516 5619 formam
2568 5575 2731 5632 quam
2785 5571 3023 5614 mentem
3060 5560 3386 5624 mutaveris,
3440 5557 3659 5611 etiamsi

2082 5679 2168 5717 me
2230 5660 2353 5729 igne
2394 5666 2448 5709 et
2483 5654 2651 5719 ferro,
2684 5660 2740 5707 et
2765 5651 3023 5707 omnibus
3054 5652 3217 5707 simul
3250 5650 3662 5722 consumpseris
