4102 6376
394 280 495 345 591

1618 280 1906 340 MENSIS
1941 280 2376 342 DECEMBER.

3540 272 3648 334 592

393 385 694 457 suppliciis.
744 386 849 442 Ubi
882 387 1000 441 hmc
1039 401 1168 456 ergo
1220 383 1432 440 audivit
1457 385 1791 452 Leucadius,
1823 404 1962 458 quo—
1991 434 1996 445 .

2106 406 2210 450 αις,
2249 390 2337 452 Ὠς
2368 389 2462 442 οὖν
2485 387 2662 444 ταῦτα
2693 389 2928 458 ήκουσεν
2959 387 2986 438 ὁ
3016 383 3333 450 Λευκάδιος,
3361 381 3480 435 ἐπεὶ
3504 398 3647 451 παρ-

393 478 538 533 niam
568 486 792 549 paratus
844 483 964 530 erat
1017 492 1121 530 una
1169 492 1292 530 cum
1325 478 1640 548 cgrcdiente
1680 479 1830 533 exire
1865 479 1968 533 im—

393 579 665 638 peratore,
703 567 848 620 domi
905 567 1126 636 quidem
1148 569 1370 638 reliquit
1425 570 1792 634 Theodotem,
1849 572 1966 640 ipse

395 675 526 715 vero
565 661 670 712 iter
724 667 809 712 est
845 657 1174 728 ingressus,
1207 661 1506 716 Theodota:
1534 663 1815 732 negotium
1857 677 1966 716 non

395 749 588 805 leviter
621 758 676 803 et
714 749 767 801 in
795 749 1025 804 transitu
1054 751 1401 806 tractandum
1431 769 1551 808 esse
1611 755 1840 817 ducens,
1874 753 1969 809 sed

398 839 452 895 id
487 855 772 895 reservans
795 841 859 894 ad
885 841 1057 895 otium
1093 850 1148 895 et
1184 850 1403 912 tempus
1435 844 1791 900 conveniens.
1822 844 1960 900 Cum

397 947 528 1002 ergo
556 932 796 987 relaxata
847 931 1045 987 fuisset
1076 933 1382 999 Theodote,
1425 943 1479 990 et
1506 936 1740 990 similem
1783 937 1838 990 in
1863 936 1974 990 vir-

399 1030 517 1078 tute
551 1030 606 1078 et
655 1021 762 1077 ﬁde
789 1025 1179 1093 assumpsisset
1234 1023 1608 1090 Anastasiam,
1658 1041 1765 1079 una
1806 1025 1972 1080 animi

401 1113 683 1169 alacritate
731 1123 787 1169 et
846 1115 1230 1180 consensione,
1280 1124 1335 1170 et
1365 1115 1520 1186 quasi
1543 1116 1969 1186 conspiratione,

402 1209 634 1277 parique
675 1207 793 1261 zelo
839 1209 1173 1277 peragebant
1230 1209 1450 1263 sol-itum
1484 1224 1705 1263 cursum
1757 1209 1976 1280 pietatis

402 1298 757 1360 Christianis.
777 1298 868 1368 qui
901 1299 955 1352 in
980 1299 1300 1354 carceribus
1317 1300 1554 1370 publicis
1575 1301 1772 1355 inclusi
1793 1308 1972 1366 erant,

406 1389 620 1445 effectae
687 1390 893 1453 omnia,
963 1389 1160 1444 medici
1195 1390 1508 1454 vulnerum,
1538 1390 1979 1460 suppeditatores

409 1483 790 1554 pecuniarum,
830 1484 1234 1552 praeteritorum
1284 1483 1554 1537 malorum
1611 1483 1893 1546 solatium,
1925 1492 1980 1539 et

409 1574 476 1629 ad
518 1576 756 1628 futurum
810 1573 1151 1630 validissima
1197 1575 1521 1628 consolatio.
1548 1575 1617 1629 Et
1651 1575 1729 1630 sic
1759 1574 1978 1645 quidem

409 1667 671 1737 virgines.

474 1759 615 1813 XXI.
658 1757 793 1813 Cum
825 1765 1008 1813 autem
1042 1775 1232 1813 rursus
1273 1757 1642 1813 intellexisset
1686 1757 1982 1813 Diocletia-

408 1867 532 1915 nus,
564 1867 728 1921 quam
765 1858 948 1905 essent
977 1850 1197 1919 quidem
1271 1851 1490 1920 angusti
1541 1864 1792 1904 carceres
1847 1863 1979 1918 pro-

409 1950 534 2011 pter
566 1941 973 1995 multitudinem
1033 1940 1272 2008 piorum,
1307 1943 1399 2010 qui
1464 1940 1517 1994 in
1551 1940 1618 1995 iis
1663 1939 1986 1995 detineban-

410 2041 520 2098 tur,
545 2040 728 2088 essent
755 2047 887 2086 vero
919 2032 1098 2086 inania
1134 2031 1655 2102 qumvisexcogitata
1687 2039 1980 2097 tormenta,

411 2141 441 2178 a
473 2122 820 2178 confessione
872 2123 1090 2176 nemine
1146 2136 1339 2176 eorum
1387 2122 1698 2187 recedente,
1739 2136 1832 2175 eos
1863 2121 1986 2190 qui-

413 2215 537 2270 dem
570 2216 725 2286 jubct
770 2213 1006 2268 diversis
1041 2213 1235 2267 mortis
1269 2213 1434 2267 illatis
1462 2212 1759 2282 generibus
1776 2212 1843 2266 de
1868 2226 1985 2265 me-

412 2306 504 2362 dio
532 2307 646 2361 tolli
679 2321 746 2360 ex
801 2304 1142 2368 hominibus,
1175 2313 1231 2358 et
1256 2303 1329 2356 ita
1377 2303 1560 2356 locum
1590 2303 1719 2356 dare
1747 2301 1989 2356 careeri-

413 2396 560 2452 bus:
588 2397 725 2450 alios
757 2403 939 2449 autem
972 2393 1471 2463 comprehendere,
1505 2393 1601 2464 qui
1630 2393 1822 2448 eadem
1860 2407 1989 2447 sen-

416 2489 627 2544 tiebant
667 2503 681 2541 :
711 2498 766 2544 et
799 2488 1035 2557 primum
1067 2487 1290 2556 quidem
1333 2487 1386 2541 in
1437 2487 1658 2542 vincula
1687 2488 1987 2557 conjicere,

416 2581 619 2637 deinde
647 2582 690 2636 si
710 2580 815 2636 sibi
841 2596 950 2636 non
985 2579 1382 2650 persuaderent
1403 2587 1464 2634 ut
1492 2595 1645 2634 suam
1670 2580 1992 2650 abjurarent

417 2675 744 2746 religionem
777 2717 792 2739 ,
848 2689 946 2729 eos
994 2672 1286 2728 tormentis
1315 2671 1613 2728 allicerent.
1656 2672 1830 2728 Tanta
1873 2679 1993 2727 erat

423 2769 582 2840 impii
645 2769 928 2824 contentio
993 2767 1260 2822 adversus
1310 2765 1702 2832 Christianos,
1777 2767 1995 2821 occulto

417 2869 676 2934 tyranno,
702 2859 1007 2922 communi,
1037 2859 1285 2929 inquam,
1336 2858 1492 2914 hoste
1548 2857 1990 2913 Christianorum

424 2954 577 3010 illum
605 2953 672 3009 ad
697 2955 800 3009 hoc
829 2952 1117 3008 incitante.
1143 2954 1322 3022 Atque
1343 2951 1547 3005 sanctis
1579 2950 1802 3020 quidem
1825 2949 1992 3005 multa

2007 1723 2056 1782 B

2070 480 2368 534 εσκεύσστο
2399 479 2702 550 ἐξορμῶ-δτι
2757 477 2878 530 τότε
2917 475 2995 544 τῷ
3043 474 3255 546 βασιλεῖ
3285 471 3646 540 συνοίχεσθαι,

2069 573 2168 643 τὴν
2197 573 2292 644 μέν
2333 571 2595 642 Θεοδότην
2617 573 2757 625 οῐκοι
2792 569 3141 633 καταλείπει,
3175 569 3201 620 ὁ
3227 566 3285 619 δὲ
3309 565 3651 636 παραχρῆμα

2071 665 2191 718 ὁδοῦ
2229 666 2430 735 εἴχετο,
2455 665 2516 718 τὸ
2544 663 2676 730 περὶ
2709 662 2970 729 Θεοδότης
2997 659 3154 730 ἔργον
3181 659 3279 712 ούκ
3304 658 3360 710 ἐν
3390 657 3650 724 παρέργῳ

2072 757 2263 820 τιθεὶς,
2309 756 2426 810 ἀλλ’
2459 758 2516 809 ὲν
2541 755 2701 826 σχολῇ
2723 754 2884 808 τοῦτο
2914 751 3316 822 ταμιευόμενος
3351 749 3445 801 καὶ
3473 745 3652 815 καιρῷ

2073 848 2425 920 προσήκοντι.
2502 845 2783 899 Ἀνεθεῖσα
2839 844 3022 897 τοίνυν
3065 844 3096 912 ή
3152 840 3384 908 Θεοδότη
3431 839 3526 892 καὶ
3557 837 3652 905 τὴν

2073 941 2267 1011 ὁμοίαν
2302 942 2383 1003 είς
2409 938 2607 1008 ἀρετήν
2637 939 2733 991 καὶ
2788 936 2971 989 πίστιν
3016 933 3376 987 Ἀναστασίαν
3406 929 3656 999 παραλα-

2076 1032 2246 1086 ϐοῦσα
2277 1031 2380 1102 μιᾷ
2402 1029 2682 1100 προθυμίᾳ
2710 1047 2770 1082 τε
2810 1029 2904 1082 καὶ
2936 1026 3212 1098 συμπνοίᾳ
3243 1022 3336 1077 καὶ
3375 1024 3474 1092 ἴσῳ
3507 1021 3656 1091 ζήλῳ

2074 1126 2165 1179 τὸν
2198 1123 2403 1195 συνήθη
2446 1123 2646 1193 δρόμον
2701 1121 2800 1189 τῆς
2856 1117 3139 1180 εὐσεϐείας
3192 1117 3437 1186 ἔτρεχον,
3477 1113 3556 1165 πά
3587 1128 3655 1164 τα

2077 1221 2190 1282 τοῖς
2219 1219 2276 1270 ἐν
2307 1214 2598 1292 δημοσίαις
2631 1213 2902 1281 φυλακαῖς
2937 1209 3279 1282 εἱργομένοις
3309 1207 3658 1278 Χριστιανοῖς

2079 1311 2395 1381 γινόμεναι,
2435 1305 2768 1379 τραυμάτων
2803 1303 3002 1373 ίατροῖ,
3054 1301 3282 1372 χορηγοὶ
3329 1297 3656 1370 χρημάτων,

2080 1401 2191 1454 τῶν
2224 1417 2296 1453 τε..
2315 1397 2699 1470 παρελθόντων
2728 1395 2920 1450 δεινῶν
2964 1393 3264 1463 παραψυχὴ
3296 1393 3392 1445 καὶ
3433 1389 3566 1460 πρὸς
3598 1387 3659 1439 τδ

2085 1493 2277 1564 μέλλον
2311 1490 2642 1562 ἰσχυροτάτη
2675 1487 3044 1558 παράκλησις.
3083 1486 3148 1537 Δί
3185 1484 3285 1555 μὲν
3327 1479 3420 1537 οῦν
3455 1481 3660 1552 παρθέ-

2081 1601 2163 1640 νοι
2199 1601 2393 1648 ουτως.

2159 1766 2292 1819 KA'.
2325 1762 2709 1832 Διοκλητιανὸς
2753 1761 2810 1815 δὲ
2849 1759 3034 1832 μαθὼν
3077 1759 3172 1813 καὶ
3199 1754 3352 1821 αὖθις
3399 1757 3525 1826 περῖ
3552 1755 3662 1808 τῶν

2086 1855 2328 1910 εὐσεϐῶν
2373 1854 2447 1918 ὡς
2509 1854 2566 1907 αί
2605 1853 2705 1924 μὲν
2752 1854 2995 1923 φυλακαὶ⁵
3058 1851 3135 1920 τῷ
3171 1850 3372 1920 πλήθει
3408 1849 3515 1902 τῶν
3559 1849 3663 1916 ἠδη

2088 1947 2537 2017 κατασχεθέντων
2570 1945 2776 2011 στεναὶ,
2797 1946 2951 1997 κεναὶ
2981 1943 3037 1996 δὲ
3067 1944 3238 1996 πᾶσαι
3257 1942 3362 1993 τῶν
3401 1939 3663 2008 ἀλγεινεῖν

2087 2043 2142 2095 ai
2167 2040 2427 2106 ἐπίνοιαι,
2461 2039 2685 2110 μηδενὸς
2718 2038 2896 2091 αὐτῶν
2917 2039 3011 2104 τῆς
3038 2035 3328 2104 ὁμολογίας
3358 2031 3664 2102 ἀφισταμέ-

2087 2151 2206 2199 νου,
2235 2131 2460 2196 τούτους
2497 2132 2596 2202 μέν
2620 2131 2835 2184 κελεύει
2863 2130 3145 2198 διαοςόροις
3176 2126 3423 2180 θανάτων
3447 2129 3666 2190 ἐπαγω-

2090 2229 2216 2294 γαῖς
2252 2225 2310 2290 ἐξ
2355 2223 2659 2295 ἀνθρώπων
2691 2225 2886 2286 ποιεῖν,
2938 2221 3032 2273 καὶ
3061 2221 3203 2272 οὕτω
3247 2217 3433 2288 χώραν
3467 2214 3663 2267 διδόναι

2091 2323 2212 2383 ταῖς
2263 2319 2558 2387 φυλακαῖς,
2612 2317 2835 2386 ἐτέρους
2889 2314 2944 2366 δὲ
3001 2310 3400 2379 συλλαμϐάνειν
3435 2309 3502 2360 τὰ
3527 2306 3666 2359 αὐτὰ

2094 2413 2449 2486 φρονοῦντας,
2471 2411 2566 2462 καὶ
2589 2409 2783 2480 πρῶτα
2810 2410 2907 2477 μὲν
2935 2409 3049 2468 τοῖς
3079 2401 3475 2474 δεσμωτηρίοις
3503 2401 3669 2468 ἐγκα-

2092 2500 2387 2569 τακλείειν,
2420 2503 2611 2556 ἔπειτα
2631 2502 2686 2555 δέ
2721 2500 2798 2571 μὴ
2830 2499 3188 2568 πειθομένους
3241 2495 3301 2548 τὸ
3341 2494 3540 2547 οἰκεῖον
3589 2491 3674 2558 ἐξ-

2097 2598 2366 2668 όμνυσθαι
2385 2594 2551 2657 σέϐας
2573 2596 2693 2657 ταῖς
2721 2592 2976 2663 βασάνοις
3003 2588 3389 2659 παραδιδόναιο
3429 2585 3670 2655 τοσαύτη

2097 2688 2398 2758 φιλονεικία
2421 2685 2498 2756 τῷ
2523 2684 2828 2753 παρανόμῳ
2851 2683 2993 2734 κατὰ
3018 2678 3384 2749 Χριστιανῶν,
3412 2675 3519 2730 Τοῦ
3549 2692 3674 2745 κρυ-

2099 2779 2236 2834 πτοῦ
2268 2779 2536 2848 τυράννου
2589 2773 2682 2829 τοῦ
2719 2773 2904 2828 κοινοῦ
2961 2771 3069 2824 τῶν
3104 2768 3447 2841 Χριστιανῶν
3477 2764 3667 2836 ἐχθροῦ

2101 2875 2311 2926 ἐκεῖνον
2370 2868 2788 2940 διερεθίζοντος,
2826 2868 2951 2929 τοὺς
2991 2865 3093 2936 μὲν
3128 2863 3319 2930 ἁγίους
3360 2860 3542 2913 πολλοὶ
3581 2859 3674 2914 καὶ

2105 2962 2343 3018 ποικίλοι
2373 2961 2608 3016 θανάτου
2639 2959 2830 3031 τρόποι
2860 2955 3274 3028 διεμερίζοντοσ
3334 2953 3427 3005 καὶ
3451 2951 3544 3015 οῦς
3580 2951 3677 3021 μὲν

423 3055 480 3102 et
512 3045 664 3102 varia
696 3045 888 3102 mortis
912 3060 1112 3116 genera
1137 3052 1265 3100 sunt
1293 3043 1577 3114 dispertita
1603 3062 1616 3096 :
1644 3053 1698 3097 et
1720 3042 1855 3098 alios
1876 3043 1996 3112 qui-

2101 3055 2234 3126 πῦρ,
2267 3054 2360 3117 οῦς
2395 3053 2451 3106 δὲ
2480 3052 2647 3122 ὕδωρ,
2679 3050 2772 3114 οὓς
2797 3051 2853 3104 δέ
2878 3050 3052 3118 ξίφος,
3085 3047 3254 3111 οὒςδέ
3287 3045 3416 3100 ἄλλο
3447 3063 3497 3097 τι
3529 3041 3678 3114 παρὰ

427 3139 552 3195 dem
579 3141 740 3213 ignis,
773 3140 910 3194 alios
935 3153 1068 3193 vero
1099 3152 1262 3208 aqua,
1288 3137 1423 3190 alios
1451 3146 1634 3191 autem
1667 3136 1837 3198 ensis,
1862 3135 2000 3189 alios

423 3248 560 3288 vero
595 3232 799 3303 aliquid
840 3229 988 3285 aliud
1017 3245 1085 3284 ex
1112 3229 1268 3284 novis
1295 3228 1406 3282 illis
1438 3237 1636 3298 praeter
1664 3229 1775 3283 haec
1810 3226 2004 3280 inven-

428 3326 500 3381 tis
526 3333 752 3393 repente
783 3331 838 3377 et
869 3323 924 3376 in
966 3336 1073 3376 una
1125 3331 1286 3377 nocte
1330 3335 1524 3375 omnes
1562 3318 1998 3388 comprehendit.

494 3414 663 3471 XXII.
696 3414 994 3485 Martyrum
1019 3421 1202 3468 autem
1235 3427 1450 3479 amans,
1471 3427 1592 3481 quae
1624 3410 1740 3479 ipsa
1781 3425 2004 3480 quoque

427 3524 554 3562 mox
590 3516 796 3577 martyr
829 3515 948 3562 erat
979 3505 1186 3570 futura,
1211 3504 1518 3569 Anastasis,
1549 3517 1674 3557 cum
1700 3501 1766 3556 de
1797 3501 1882 3557 bis
1917 3516 2006 3556 re-

428 3599 681 3657 scivisset
713 3601 894 3672 (mane
939 3598 1090 3654 enim
1153 3597 1492 3664 advenerat,
1533 3613 1600 3652 ex
1643 3610 1796 3650 more
1844 3594 2006 3649 solito

429 3695 740 3763 curatura),
772 3692 866 3748 ubi
904 3691 1170 3748 intellexit
1193 3705 1428 3747 vacuum
1470 3705 1592 3746 esse
1619 3703 1920 3753 carcerem,
1950 3695 2007 3742 et

432 3799 616 3840 aerem
652 3783 901 3855 implevit
925 3782 1353 3850 vociferatione,
1401 3793 1456 3837 et
1506 3781 1704 3836 uberes
1753 3781 2008 3850 lacrymae

432 3875 641 3933 ﬂuxere
664 3892 732 3932 ex
767 3875 945 3932 oculis
975 3893 988 3928 :
1013 3891 1248 3946 eamque
1279 3873 1625 3945 opprimebat
1670 3871 1926 3943 gemitus,
1953 3879 2009 3924 et

432 3969 753 4024 lacerabant
782 3968 1040 4038 ejulatus.
1077 3967 1285 4037 Rogata
1309 3951 1442 4020 vero
1472 3980 1570 4019 cur
1604 3963 1780 4028 ﬂeret,
1809 3963 1898 4017 illa
1926 3962 2011 4016 ni-

436 4061 516 4117 hil
545 4062 738 4124 verita.
774 4077 957 4130 neque
983 4059 1171 4115 volens
1211 4075 1332 4114 esse
1361 4067 1634 4113 nocturna
1681 4055 1890 4111 Christi
1923 4055 2010 4110 di-

434 4154 666 4225 scipula,
689 4153 784 4210 sed
816 4154 1016 4209 timens
1045 4154 1229 4223 potius
1259 4167 1328 4208 ne
1361 4167 1459 4221 pro
1489 4165 1555 4207 eo
1586 4166 1697 4206 non
1731 4158 2013 4220 pateretur

377 4238 388 4250 ’
435 4261 541 4302 nec
574 4254 908 4308 moreretur,
931 4242 1242 4298 vociferans
1274 4243 1412 4296 dixit
1455 4258 1470 4295 :
1518 4241 1718 4308 Quaero
1765 4241 1864 4295 Dei
1901 4239 2011 4294 mei

437 4353 648 4405 servos,
677 4336 772 4407 qui
802 4335 967 4392 modo
994 4345 1152 4390 erant
1182 4336 1233 4389 in
1260 4335 1529 4389 custodia.
1569 4335 1864 4404 Postquam
1907 4347 2010 4386 an-

441 4440 550 4484 tem
578 4429 966 4484 intellexerunt
999 4442 1120 4482 eam
1149 4441 1270 4481 esse
1299 4425 1694 4488 Christianam,
1730 4440 1848 4479 eam
1883 4441 2010 4495 pro-

441 4521 592 4575 tinus
632 4518 1087 4588 comprehensam
1142 4516 1418 4571 duxerunt
1447 4516 1515 4570 ad
1565 4514 1789 4570 Florum
1824 4513 2016 4584 praefe-

384 4609 410 4689 ἒ,
443 4623 594 4670 ctum
620 4610 844 4682 lIIyrici,
874 4609 1122 4664 dicentes
1150 4624 1163 4662 :
1198 4607 1513 4662 Invenimus
1542 4607 1681 4661 hanc
1707 4606 1928 4662 ﬂentem
1959 4606 2014 4660 in

439 4719 685 4772 carcere,
719 4714 775 4760 et
808 4718 933 4760 cum
967 4700 1435 4756 intellexissemus
1465 4715 1587 4755 esse
1615 4699 2012 4763 Christianam,

440 4809 496 4854 et
522 4798 653 4853 Ilere
687 4805 914 4866 propter
935 4792 1302 4858 Christianos,
1333 4807 1453 4847 eam
1476 4792 1542 4847 ad
1574 4801 1726 4846 tuum
1753 4790 2016 4862 iudiciale

443 4889 682 4946 tribunal
717 4888 1071 4944 adduximus.
1105 4884 1241 4940 Cum
1276 4898 1408 4940 vero
1443 4883 1734 4954 praefectus
1771 4896 1892 4936 eam
1937 4881 2019 4934 in-

446 4989 781 5052 terrogasset
809 4994 934 5033 cum
988 4976 1402 5032 admiratione:
1440 4975 1522 5030 Tu
1575 4989 1709 5046 ergo
1761 4990 1820 5030 es
1851 4971 2019 5028 Chri-

444 5071 660 5128 stiana?
708 5072 796 5126 illa
848 5070 999 5126 clara
1032 5085 1166 5126 voce
1196 5088 1210 5126 :
1241 5067 1427 5136 Certe,
1466 5067 1670 5139 inquit,
1705 5083 1825 5122 sum
1857 5065 2019 5122 Chri-

442 5167 643 5223 stiana.
677 5163 812 5220 Nam
843 5164 990 5237 quod
1017 5164 1119 5221 tibi
1153 5163 1376 5219 videtur
1405 5177 1530 5218 esse
1564 5176 1735 5216 unum
1766 5175 1834 5214 ex
1865 5156 2019 5212 nefa-

445 5260 564 5325 riis,
599 5259 706 5314 hoc
765 5267 848 5312 cst
897 5256 1032 5312 mihi
1066 5263 1452 5314 ornamentum
1488 5261 1544 5309 et
1587 5267 1788 5308 nomen
1830 5248 2022 5319 praeci-

444 5367 636 5422 puum.

519 5445 714 5503 XXIII.
751 5446 1048 5517 Postquam
1081 5453 1266 5500 autem
1310 5443 1402 5498 ille
1435 5449 1492 5498 et
1522 5443 1645 5496 vitae
1675 5440 1794 5510 ejus
1825 5439 2018 5494 condi-

451 5541 683 5605 tionem,
713 5547 770 5594 et
797 5536 1055 5608 patriam,
1084 5545 1139 5590 et
1163 5550 1337 5605 genus
1365 5533 1603 5604 accepit,
1631 5531 1777 5603 quod
1804 5531 2023 5587 scilicet

447 5633 509 5690 In
536 5630 713 5687 veteri
745 5629 882 5685 urbe
917 5627 1090 5684 Roma
1119 5627 1316 5682 illustri
1354 5629 1477 5683 Ioco
1508 5635 1657 5682 esset
1687 5635 1812 5681 nata
1848 5623 2024 5692 :Quid

451 5721 832 5793 vero,_inquit,
864 5733 914 5782 te
943 5722 1239 5794 persuasit,
1265 5731 1324 5775 ut
1358 5721 1585 5775 Romam
1607 5720 1827 5790 quidem
1860 5719 2026 5774 relin-

2102 3150 2275 3203 ταῦτα
2321 3148 2431 3199 τῶν
2482 3143 2692 3198 καινῶν
2753 3143 2965 3197 ἐκείνου
3034 3141 3423 3211 ἐξευρημάτων
3468 3135 3680 3206 ἁθρόως

2106 3232 2199 3287 καὶ
2225 3235 2280 3286 ἐν
2307 3232 2408 3304 μιᾷ
2431 3232 2590 3286 νυκτὶ
2619 3233 2828 3292 πάντας
2854 3227 3182 3298 ἐλάμϐανεν.

2177 3409 2306 3464 ΚΒ⁹,
2342 3407 2410 3461 Ἥ
2440 3406 2498 3460 δὲ
2544 3405 2893 3476 φιλόμαρτυς
2925 3405 3017 3456 καὶ
3067 3403 3193 3454 ὅσον
3225 3400 3377 3454 οῦπω
3409 3399 3505 3453 καὶ
3544 3398 3682 3471 αὑτὴ

2111 3500 2322 3570 μάρτυς
2369 3499 2703 3553 Ἀναστασία
2745 3494 2992 3565 γνωσθὲν
3029 3495 3166 3565 αὐτῇ
3191 3495 3258 3546 τά
3309 3493 3437 3562 περὶ
3483 3489 3684 3553 αὐτοὺς

2109 3589 2352 3658 (ἐπέστη
2381 3592 2490 3658 γὰρ
2521 3587 2648 3658 ἄρτι
2680 3587 2810 3657 περὶ
2859 3587 2958 3657 τήν
2981 3586 3078 3651 Eua,
3118 3585 3209 3637 τὸν
3246 3582 3451 3653 συνήθη
3481 3580 3685 3650 τρόπον

2107 3680 2330 3745 τούτους
2366 3678 2883 3750 ἐκθεραπεύουσα),
2924 3677 3000 3741 ὡς
3039 3676 3139 3748 τὴν
3171 3675 3398 3747 εἱρκτὴν
3440 3671 3685 3743 ἐμάνθα-

2110 3792 2201 3829 νεν
2232 3769 2376 3828 εῖναι
2409 3772 2597 3844 κενὴν,
2628 3773 2758 3844 βοῆς
2787 3788 2846 3824 τε
2897 3771 2990 3824 τὸν
3028 3770 3166 3839 ἀέρα
3197 3766 3437 3837 ἐπλήρου
3468 3766 3559 3818 καὶ
3595 3763 3688 3818 δά-

2109 3882 2278 3937 κρυον
2319 3864 2541 3935 δαψιλὲς
2577 3863 2688 3918 τῶν
2722 3862 2988 3933 ὀμμάτων
3033 3860 3322 3932 κατέρρεε,
3362 3857 3689 3926 στεναγμοῖς

2110 3973 2170 4008 τε
2204 3955 2483 4025 συνείχετο
2507 3954 2601 4008 καὶ
2637 3953 2894 4024 ὀδυρμοῖς
2918 3953 3202 4005 ἐκόπτετο.
3247 3948 3608 4018 Ἐρωτωμὲνη
3629 3944 3686 4000 δὲ

2113 4047 2210 4119 τήν
2241 4047 2422 4100 αἰτίαν
2449 4047 2560 4099 τῶν
2583 4045 2861 4116 ὀδυρμῶν,
2892 4043 3077 4114 ἐκείνη
3106 4042 3278 4112 μηδὲν
3303 4040 3530 4094 δείσασα
3555 4037 3690 4109 μηδέ

2115 4138 2405 4210 νυκτερινὴ
2441 4135 2720 4208 μαθήτρια
2767 4134 3061 4206 τυγχάνειν
3097 4133 3359 4186 ἐθέλουσα
3401 4130 3496 4184 τοῦ
3555 4130 3692 4201 Χρι-

2118 4230 2267 4295 στοῦ,
2296 4228 2439 4286 ἀλλὰ
2465 4227 2524 4282 τὸ
2556 4229 2632 4298 μή
2656 4245 2708 4281 τι
2729 4225 2922 4282 παθεῖν
2953 4225 3155 4296 μᾶλλον
3185 4223 3320 4294 μηδέ
3348 4223 3528 4276 θανεῖν
3552 4222 3691 4294 ὑπὲρ

2119 4321 2284 4376 αὐτοῦ
2305 4320 2602 4387 δεδοικυῖα,
2640 4321 2738 4373 σὺν
2774 4319 2897 4390 βοῇ,
2934 4319 3076 4381 Τοὺς
3108 4317 3204 4370 τοῦ
3232 4315 3368 4368 Θεοῦ
3407 4332 3534 4383 μου,
3565 4315 3695 4381 ἔφα-

2039 4414 2092 4474 Ῐ)
2123 4434 2240 4484 σκε,
2276 4413 2499 4478 δούλους
2522 4457 2537 4480 ,
2576 4413 2822 4484 ἐπιζητῶ
2850 4413 2976 4474 τοὺς
3011 4413 3137 4484 ἄρτι
3192 4411 3344 4480 παρὰ
3374 4413 3438 4482 τῇ
3475 4411 3691 4482 φυλακῇ

2116 4510 2296 4573 ὄντας.
2324 4509 2476 4561 Ἐπεὶ
2506 4509 2562 4562 δὲ
2586 4509 2922 4580 Χριστιανὴν
2946 4504 3086 4561 εἶναι
3120 4508 3327 4576 ταύτην
3361 4506 3691 4578 ἐμάνθανον,

2119 4603 2323 4659 αὐτίκα
2365 4601 2659 4673 συσχόντες
2711 4602 2850 4673 πρὸς
2888 4602 3106 4672 Φλῶρον
3167 4601 3258 4655 τὸν
3320 4600 3560 4670 ἔπαρχον
3602 4596 3694 4650 τοῦ

2132 4696 2433 4767 Ἰλλυρικοῦ
2485 4697 2838 4766 παρήγαγον,
2882 4694 3100 4764 Ταύτην
3136 4693 3392 4764 εὕρομεν,
3421 4693 3692 4761 λέγοντες,

2123 4791 2260 4863 πρὸς
2288 4793 2354 4861 τῇ
2391 4790 2608 4861 φυλακῇ
2646 4788 2964 4854 κλαίουσαν,
3015 4789 3110 4842 καὶ
3150 4788 3415 4857 μαθόντες
3446 4787 3526 4840 ὅτι
3562 4788 3695 4854 Χρι-

2125 4885 2318 4954 στιανὴ
2359 4883 2452 4936 καὶ
2495 4881 2842 4953 Χριστιανῶν
2883 4881 3045 4952 χάριν
3072 4881 3207 4950 αὐτῇ
3247 4879 3305 4932 τὸ
3331 4878 3591 4948 δακρύειν
3619 4877 3696 4948 τῷ

2121 4973 2423 5047 δικαστικῷ
2460 4992 2555 5027 σου
2587 4975 2799 5045 βήματι
2847 4977 3293 5043 παρεστήσαμεν.
3367 4971 3425 5025 Ὀ
3456 4971 3731 5050 ἔπαρχος.

2121 5070 2302 5123 τοίνυν
2328 5067 2402 5131 ὡς
2429 5067 2595 5140 ἡρετο
2636 5067 2752 5142 μετ’
2787 5065 3108 5138 ἐκπλήξεως
3136 5081 3149 5095 ·
3193 5065 3262 5117 Σὺ
3310 5063 3364 5116 δὲ
3405 5063 3517 5133 ἄρα
3568 5063 3701 5131 Χρι-

2124 5160 2352 5229 στιανή;
2422 5159 2610 5228 ἐκείνη
2660 5158 2891 5230 λαμπρᾷ
2918 5160 2983 5228 τῇ
3027 5158 3205 5226 φωνῇ,
3239 5155 3348 5208 Ναὶ
3369 5153 3698 5224 Χριστιανὴ,

2124 5254 2226 5324 ἔφη
2253 5269 2267 5284 ο
2301 5253 2400 5306 καὶ
2457 5253 2568 5324 γάρ
2598 5254 2733 5322 ὅπερ
2770 5253 2852 5304 σοὶ
2901 5251 2959 5303 ἓν
2996 5268 3046 5303 τι
3099 5250 3207 5302 τῶν
3248 5248 3526 5317 ἀθεμίτων
3561 5241 3700 5298 εἶναι

2125 5346 2293 5410 δοκεῖ,
2331 5343 2488 5397 τοῦτο
2518 5345 2642 5414 ἐμοὶ
2677 5343 2881 5410 κόσμος
2906 5342 3001 5396 καὶ
3024 5341 3196 5411 δνομα
3229 5339 3591 5411 κυριώτατον.

2200 5435 2328 5492 Kl".
2379 5437 2536 5490 Ἐπεὶ
2576 5436 2632 5490 δὲ
2668 5434 2763 5489 καὶ
2792 5435 2963 5505 τύχην
2994 5435 3200 5496 ἐκεῖνος
3227 5435 3320 5486 καὶ
3344 5431 3442 5502 τὴν
3477 5434 3704 5497 ἐνεγκαο

2131 5534 2300 5600 μένην
2327 5537 2421 5586 καὶ
2441 5531 2500 5587 τὸ
2531 5531 2688 5599 γένος
2719 5529 2992 5601 ἐμάνθανε
3029 5530 3122 5582 καί
3157 5529 3238 5581 ὅτι
3268 5527 3368 5596 τῆς
3401 5521 3703 5596 πρεσϐυτέ-

2133 5642 2232 5695 ρας
2274 5623 2494 5695 Ῥώμης
2517 5625 2635 5678 ἐστὶ
2662 5625 2754 5679 καὶ
2776 5624 2885 5678 τῶν
2918 5624 3233 5693 ἐπισήμων,
3270 5619 3336 5672 Τί
3377 5616 3470 5672 οὗν
3499 5617 3556 5671 τὸ
3584 5616 3704 5669 πεῖο

2130 5736 2250 5784 σανν
2309 5719 2462 5782 αὖθις
2518 5719 2705 5788 εἴρηκε
2765 5718 2904 5790 πρὶς
2954 5716 3145 5784 αὖτῆν,
3185 5715 3284 5786 τὴν
3339 5712 3436 5784 μὲν
3478 5708 3700 5780 Ῥώμην
