4102 6376
374 355 479 421 593

1153 367 1631 432 MARTYRIUM
1669 370 1731 435 S.
1779 373 2235 439 ANASTASIE
2273 380 2370 441 ET
2411 381 2837 450 SOCIABUM.

3545 382 3649 449 ὅθί

371 472 667 527 ἀπολιπεῖν
729 489 814 539 σε,
866 472 935 528 τά
963 474 1019 529 δι
1044 475 1281 531 ινταῦθα
1305 480 1683 548 κατα).αδεῖν;
1722 482 1791 535 Ἦ
1821 480 1960 554 μάρ-
2000 542 2003 549 η

2088 505 2293 559 meres,
2326 491 2438 547 huc
2463 503 2649 549 autem
2674 494 2929 551 venires?
2948 496 3156 567 Martyr
3182 510 3341 561 vero,
3375 493 3650 565 Quidnam

381 579 489 630 ιυς,
518 565 629 618 Καὶ
673 565 729 618 τί
779 566 888 636 γάρ
925 566 1076 630 ἄλλο,
1112 571 1303 639 φησὶν.
1354 571 1531 643 ἀλλ’ἢ
1576 573 1790 644 μόνονή
1816 572 1955 627 Θεοῦ

2095 581 2238 648 liud,
2277 581 2500 653 inquit,
2539 585 2645 640 nisi
2683 586 2858 641 solum
2896 603 3004 641 vox
3046 587 3153 642 mei
3201 586 3466 641 Domini?
3497 587 3649 643 lianc

376 677 479 728 pou
520 657 799 712 Δεσπότου
836 661 1026 732 φωνῆς
1059 660 1234 735 ταύτῃ
1265 663 1375 735 γὰρ
1430 665 1678 736 ἑπομένη
1742 667 1835 719 καὶ
1868 683 1959 735 γο-

376 754 510 806 νέων
532 751 649 820 ἅμα
677 750 773 804 καὶ
792 752 1078 819 συγγενῶν
1100 755 1197 807 καὶ
1227 753 1464 809 πλούτου
1492 758 1960 829 καταφρονήσασα

376 844 471 897 καὶ
497 843 756 913 πατρίδος
789 844 946 913 φίλον
981 844 1180 914 ἔδαφος
1217 846 1523 901 ἐκλιποῦσα
1562 848 1655 902 τὸν
1684 849 1782 902 τοῦ
1824 847 1959 919 ἐμοῦ

374 934 615 1002 Χριστοῦ
646 936 879 1006 σταυρὸν
896 931 1030 1007 ἦρα,
1054 937 1149 989 καὶ
1171 939 1300 990 ποσὶ
1328 936 1633 1009 προθύμοις
1656 938 1809 1009 αὐτῷ
1828 940 1962 1002 ἠκο-

374 1025 642 1093 λούθησα.
671 1026 781 1079 Καὶ
807 1028 836 1079 ὸ
866 1024 1108 1098 ἔπαρχος
1127 1043 1143 1060 ·
1190 1027 1303 1082 Ποῦ
1329 1028 1386 1082 δέ
1416 1031 1568 1083 ἐστιν
1597 1025 1753 1094 οὗτος
1780 1028 1844 1083 δν
1875 1029 1961 1081 λέ-

377 1133 496 1185 γεις
532 1118 806 1186 Χριστόν;
842 1119 1153 1189 Πανταχοῦ,
1181 1122 1218 1191 ἡ
1258 1121 1468 1192 μάρτυς
1497 1121 1626 1194 ἔφη,
1658 1126 1755 1176 καὶ
1783 1122 1964 1185 οὐδεὶς

378 1210 547 1272 τύπος
578 1208 746 1263 αὑτοῦ
772 1208 984 1281 ἕρημος
1004 1229 1019 1243 ο
1050 1210 1204 1265 εστιν
1239 1212 1299 1266 ἐν
1325 1213 1564 1285 οὐρανῷ,
1592 1214 1742 1269 ἔστιν
1772 1216 1830 1268 ὲν
1862 1214 1959 1268 θα-

379 1300 584 1373 λάσσῃ,
619 1301 770 1356 ἐστιν
805 1302 865 1356 ἐν
896 1305 965 1375 γῇ
996 1343 1011 1368 ,
1054 1304 1154 1376 οὐχ
1179 1298 1345 1375 ἧττον
1379 1306 1436 1358 δὲ
1460 1307 1556 1360 καὶ
1594 1308 1654 1362 ἐν
1683 1309 1822 1362 πᾶσι
1849 1310 1962 1371 τοῖς

382 1390 835 1460 ἐπικαλουμένοις
867 1390 1030 1446 αὐτὸν
1086 1392 1181 1446 καὶ
1232 1393 1599 1463 φοϐουμένοις
1647 1395 1854 1467 νοερῶς
1883 1396 1967 1449 ὲλ·

383 1479 617 1550 λάμπων
642 1479 737 1534 καὶ
762 1479 1183 1550 συγγινόμενος.
1212 1483 1322 1535 Καὶ
1350 1482 1438 1548 ὃς,
1470 1485 1577 1537 Καὶ
1606 1482 1732 1549 ποῦ,
1774 1484 1964 1555 φησιν,

384 1565 531 1627 οὗτοι
578 1572 670 1626 ῖνα
701 1571 922 1643 γνῶμεν
960 1571 1201 1640 αὐτούς;
1266 1574 1332 1628 Ἦ
1374 1574 1451 1640 δὲ,
1485 1575 1651 1645 ¹’Δχρι
1687 1575 1807 1646 μὲν,
1836 1575 1964 1645 ἔφη,

386 1664 483 1734 τῆς
507 1664 666 1736 δεῦρο
693 1665 792 1736 τὴν
820 1664 1055 1721 ἐνταῦθα
1081 1665 1368 1737 διατριδὴν
1398 1663 1567 1738 εἶχον,
1599 1670 1693 1723 καὶ
1721 1686 1970 1738 σωματι-

387 1757 500 1819 κῶς
533 1756 777 1829 ὡμίλουν
812 1759 946 1830 ἡμῖν
968 1772 985 1789 ⁸
1017 1759 1137 1813 νυνὶ
1176 1759 1235 1812 δὲ
1277 1760 1379 1830 τὴν
1403 1759 1510 1829 γῆν
1548 1760 1806 1826 λιπόντες
1835 1762 1969 1835 πόρ-

392 1817 744 1921 ρωθεν-ἡμᾶς
788 1817 959 1920 δρῶσι
1008 1851 1124 1914 τοῖς
1175 1817 1478 1923 οὐρανίοίς.
1514 1817 2045 1924 ἐνδιατρίϐοντες,Β

389 1936 609 1991 Τούτων
630 1940 740 2011 γὰρ
769 1939 797 1992 ὁ
819 1939 907 1994 διὰ
929 1940 1170 2011 Χριστὸν
1198 1941 1428 2004 θάνατος
1459 1940 1645 2003 αὐτοῖς
1683 1941 1972 2011 πρόξενος,

390 2022 584 2100 οἷσπερ
633 2028 865 2101 εὔχομαι
922 2033 1078 2101 κάγὼ
1134 2032 1469 2102 συνταγῆναι
1524 2032 1620 2085 καὶ
1651 2033 1750 2104 τὴν
1799 2033 1975 2104 αὐτὴν

394 2120 625 2185 ἐκείνοις
649 2122 878 2193 πορείαν
903 2122 1237 2179 στείλασθαι.

463 2209 591 2265 KA'.
636 2211 724 2276 Ὧς
750 2212 809 2266 δὲ
843 2213 974 2284 περὶ
1010 2213 1122 2268 τῶν
1151 2216 1208 2268 ὲν
1232 2216 1297 2286 τῇ
1325 2215 1543 2289 φυλακῇ
1574 2214 1974 2287 ἀναιρεθέντων

395 2304 743 2377 Χριστιανῶν
790 2305 1094 2377 ἐμάνθανεν
1143 2309 1172 2362 ὁ
1213 2308 1456 2380 ἔπαρχος
1485 2309 1765 2380 εἰρηκέναι
1805 2307 1977 2361 ταῦτα

393 2401 495 2472 τὴν
519 2399 800 2469 μάρτυρα,
827 2398 1056 2461 Ἐοικάς
1084 2416 1198 2470 μοι,
1219 2402 1378 2471 φησι,
1403 2402 1541 2473 πρὸς
1572 2400 1742 2471 αὐτὴν
1768 2399 1979 2453 πολλῶν

396 2490 604 2546 δεῖσθαι
625 2490 948 2561 τιμωριῶν*
992 2489 1101 2544 ἰδοὺ
1137 2490 1249 2560 γὰρ
1296 2492 1549 2546 ὑπονοεῖν
1590 2509 1680 2563 μοι
1711 2493 1868 2556 δίδως
1904 2491 1981 2555 ὡς

396 2586 535 2658 αὑτὴ
570 2586 845 2650 κάκείνοις
874 2585 1026 2640 αίτία
1041 2585 1134 2639 τοῦ
1165 2586 1397 2641 θανάτου
1422 2592 1723 2657 κατέστης,
1754 2585 1981 2642 κινοῦσά

398 2698 458 2736 τε
488 2680 611 2735 καθ’
640 2681 803 2751 ἡμῶν
851 2680 947 2734 καὶ
989 2682 1081 2736 τὸν
1124 2682 1249 2735 νοῦν
1294 2679 1666 2735 ἀναπείθουσα
1719 2682 1832 2743 τοῖς
1874 2679 1982 2735 τῶν

401 2774 817 2846 αὐτοκρατόρων
882 2774 1258 2845 θεσπίσμασιν
1315 2773 1642 2843 ἀντιλέγειν.
1711 2772 1852 2826 Ἀλλ’
1882 2773 1984 2824 οὐκ

401 2867 626 2938 nam;
663 2867 851 2937 λήσειν
903 2866 1034 2930 τοὺς
1077 2864 1381 2937 ἀλαθήτους
1428 2865 1605 2930 θεοὺς,
1651 2864 1849 2926 οἵτινές
1889 2880 1982 2915 σου

402 2976 494 3015 ιιι-υ
527 2960 794 3029 Αογισμοῦ
820 2959 1023 3032 πολλὴν
1056 2957 1224 3029 ἀχλὺν
1274 2957 1644 3027 καταχέαντες
1688 2956 1762 3026 μὴ
1794 2972 1984 3027 προει-

401 3055 555 3110 δυῖαν
583 3053 652 3107 τά
679 3052 881 3122 ἑαυτῆς
923 3052 1057 3122 πρὸς
1098 3050 1271 3105 ταῦτά
1294 3066 1353 3103 τε
1389 3047 1709 3120 συνὼθησαν
1752 3050 1846 3103 καὶ
1876 3064 1983 3116 φα-

2060 674 2211 728 enim
2239 674 2412 729 solam
2441 692 2701 747 sequens,
2738 678 3064 748 parentibus
3109 678 3271 733 simul
3301 687 3358 734 et
3388 680 3643 748 cognatis

2060 775 2118 822 et
2142 767 2343 837 opibus
2370 769 2648 838 despectis
2671 810 2686 835 ,
2719 781 2778 826 et
2806 771 2985 826 amico
3028 772 3224 841 patria:
3276 770 3394 826 solo
3430 770 3628 825 relicto

2063 857 2170 911 mei
2210 857 2414 913 Christi
2446 873 2669 915 crucem
2696 860 2917 924 sustuli,
2944 862 3327 931 promptisque
3358 870 3414 915 et
3445 859 3651 916 alacri-

2065 944 2172 1000 bus
2206 960 2332 1001 eum
2381 962 2510 1003 sum
2538 957 2728 1003 secuta
2763 950 3018 1020 pedibus.
3062 950 3207 1005 Dicit
3241 960 3422 1003 autem
3458 950 3652 1018 praefe-

2062 1044 2222 1091 ctus:
2256 1036 2361 1092 Ubi
2388 1045 2474 1092 est
2502 1037 2550 1093 is
2590 1053 2752 1108 quem
2787 1047 2843 1093 tu
2869 1039 3030 1105 dicis,
3070 1039 3362 1095 Christus?
3397 1039 3641 1110 Ubique,

2066 1127 2248 1198 inquit
2299 1138 2527 1202 martyr,
2585 1148 2766 1203 neque
2814 1141 2897 1188 est
2944 1132 3091 1188 ullus
3120 1133 3298 1197 locus,
3332 1133 3424 1204 qui
3466 1149 3533 1189 eo
3564 1149 3657 1189 ca-

2066 1230 2203 1277 reat.
2231 1221 2330 1277 Est
2359 1222 2415 1276 in
2444 1224 2605 1290 casio,
2646 1235 2731 1280 est
2761 1225 2816 1279 in
2855 1226 3017 1293 mari,
3042 1236 3125 1283 est
3152 1226 3206 1282 in
3242 1236 3410 1282 terra.
3464 1225 3651 1281 Nihilo

2066 1312 2250 1370 secius
2274 1323 2458 1371 autem
2485 1323 2573 1372 est
2599 1317 2763 1373 etiam
2786 1321 2840 1373 in
2861 1319 3122 1375 omnibus
3138 1321 3231 1389 qui
3250 1335 3375 1375 eum
3395 1319 3656 1373 invocant

2069 1415 2126 1465 et
2157 1407 2379 1472 timent,
2411 1409 2786 1481 intelligenter
2812 1426 2911 1467 eos
2959 1412 3300 1477 illuminans,
3328 1422 3385 1468 et
3416 1427 3540 1467 cum
3570 1410 3656 1468 eis

2072 1511 2314 1553 versans.
2351 1497 2448 1553 Ille
2490 1514 2665 1555 vero:
2701 1498 2937 1556 Ubinam
2989 1511 3141 1568 sunt,
3189 1502 3389 1572 inquit,
3429 1501 3539 1565 isti,
3592 1509 3656 1555 ut

2070 1580 2167 1646 eos
2194 1592 2633 1665 cognoscamus?
2680 1593 2773 1647 Illa
2810 1609 2939 1650 vero
2983 1612 2998 1651 :
3043 1594 3342 1665 llucusque
3387 1594 3655 1665 quidem,

2072 1682 2273 1754 inquit,
2300 1683 2393 1741 hic
2416 1693 2548 1739 sunt
2585 1686 2812 1750 versati,
2863 1695 2919 1742 et
2967 1687 3256 1743 nobiscum
3308 1695 3542 1756 egerunt
3592 1685 3648 1738 in

2073 1788 2327 1844 corpore.
2360 1775 2518 1830 Nunc
2548 1785 2730 1832 autem
2777 1787 2920 1834 terra
2960 1779 3171 1845 relicta,
3202 1793 3303 1834 nos
3347 1779 3540 1848 procul
3579 1778 3658 1832 vi.

2074 1862 2226 1931 dent,
2259 1874 2541 1921 versantes
2567 1866 2621 1920 in
2648 1868 2986 1925 caelestibus.
3012 1869 3157 1925 Mors
3204 1870 3354 1925 enim
3401 1881 3654 1941 suscepta

2075 1962 2304 2023 propter
2326 1952 2610 2011 Christum
2677 1959 2793 2015 hate
2821 1960 2901 2016 eis
2931 1961 3292 2017 conciliavit:
3328 1962 3383 2016 in
3417 1977 3656 2031 quorum

2075 2057 2371 2100 numerum
2409 2048 2573 2112 cupio
2601 2063 2703 2119 ego
2736 2066 2958 2122 quoque
2999 2052 3216 2120 referri,
3248 2062 3303 2109 et
3339 2053 3483 2108 idem
3510 2052 3657 2123 quod

2078 2132 2158 2189 illi
2189 2134 2295 2189 iter
2321 2135 2557 2206 ingredi.

2149 2224 2342 2282 XXIV.
2371 2226 2667 2298 Postquam
2696 2240 2882 2286 autem
2912 2231 3184 2288 intellexit
3219 2233 3515 2304 praefectus
3538 2232 3657 2287 hanc

2080 2317 2283 2374 dixisse
2306 2329 2600 2392 martyrem
2618 2321 2686 2378 de
2707 2321 3058 2390 Christianis,
3086 2326 3180 2393 qui
3210 2325 3521 2394 interempti
3552 2323 3661 2381 fue-

2082 2419 2208 2466 rant
2234 2411 2289 2466 in
2317 2427 2541 2469 carcere
2571 2432 2585 2467 :
2618 2414 2751 2469 Mihi
2784 2415 3012 2482 videris,
3042 2416 3119 2472 ait
3151 2417 3228 2473 illi
3257 2457 3274 2481 ,
3304 2418 3494 2473 multis
3520 2432 3662 2489 opus

2082 2503 2289 2558 habere
2322 2505 2630 2575 suppliciis.
2663 2506 2805 2562 Ecce
2845 2509 2992 2563 enim
3027 2508 3261 2579 injecisti
3295 2509 3454 2565 nobis
3483 2508 3663 2579 suspi-

2083 2598 2325 2663 cionem,
2358 2605 2410 2654 te
2438 2598 2547 2653 illis
2574 2599 2744 2655 fuisse
2770 2615 2991 2654 causam
3030 2600 3245 2666 mortis,
3285 2611 3344 2656 ut
3394 2616 3517 2671 qua:
3565 2615 3665 2655 eos

2084 2695 2275 2741 contra
2305 2701 2409 2743 nos
2437 2703 2709 2752 moveres,
2742 2698 2795 2742 et
2821 2693 2903 2757 eis
2954 2689 3319 2759 persuaderes
3355 2705 3663 2759 repugnare

2083 2777 2283 2833 edictis
2314 2777 2734 2847 imperatorum.
2762 2777 2870 2834 Sed
2904 2795 3023 2835 non
3059 2791 3281 2851 poteras
3310 2782 3480 2837 latere
3507 2780 3667 2845 deos,

2085 2888 2226 2943 quos
2256 2871 2395 2927 nihil
2429 2873 2565 2928 latet
2604 2889 2617 2926 :
2655 2872 2749 2942 qui
2792 2887 2915 2927 cum
2955 2882 3060 2927 tua:
3091 2873 3259 2927 menti
3303 2887 3552 2943 magnam
3584 2872 3667 2927 of-

2087 2965 2365 3021 fudissent
2401 2965 2714 3037 caliginem,
2760 2975 2812 3020 te
2859 2976 2951 3021 tua
2999 2982 3106 3020 non
3159 2965 3551 3036 praeﬁdentem
3593 2965 3660 3019 ad

2093 3057 2209 3113 haec
2238 3057 2595 3128 impulerunt,
2627 3066 2682 3112 et
2716 3065 2774 3112 ut
2807 3067 2858 3112 te
2889 3057 3049 3112 nobis
3075 3058 3340 3123 aperires,
3375 3072 3667 3127 persuase-

405 3146 568 3218 νεράν
599 3146 733 3215 ἡμῖν
761 3143 998 3216 σεαυτὴν
1028 3145 1372 3214 καταστῆσαι
1411 3142 1771 3213 παρέπεισαν.
1829 3141 1982 3194 Ἐπεὶ

2091 3159 2240 3205 runt.
2265 3148 2538 3216 Quoniam
2575 3164 2708 3205 vero
2741 3164 2864 3205 cum
2898 3149 3097 3205 illustri
3131 3165 3331 3220 genere
3362 3160 3486 3203 nata
3522 3158 3670 3203 esset

405 3239 460 3293 ει
490 3239 552 3292 τὸ
576 3238 769 3307 γένους
807 3233 951 3292 εῖναι
998 3235 1097 3308 τὴν
1124 3235 1484 3291 Ἀναστασίαν
1506 3233 1841 3306 περιφανοῦς
1884 3237 1984 3291 οὐκ

404 3336 489 3390 εία
506 3336 596 3387 τδν
615 3333 856 3404 ἔπαρχον
884 3330 991 3402 πρὸ
1018 3330 1273 3400 γνώσεως
1300 3328 1588 3399 βασιλικῆς
1620 3327 1789 3397 αὐτὴν
1813 3345 1985 3398 τιμω-

408 3427 643 3501 ρεῖσθαι,
671 3425 935 3497 ἀναφέρει
959 3424 1137 3479 πάντα
1167 3423 1243 3495 τῷ
1276 3422 1511 3494 βασιλεῖ.
1556 3421 1613 3476 Ὅ
1644 3421 1702 3475 δὲ
1727 3422 1859 3493 (καὶ
1880 3423 1988 3491 γὰρ

408 3523 622 3594 ὑπῆρχε
654 3520 845 3592 μαθὼν
902 3521 1053 3583 ὅπως
1087 3519 1256 3574 πολύν
1285 3535 1404 3573 τινα
1434 3515 1830 3586 παραλαϐοῦσα
1858 3515 1991 3587 κλῆ-

413 3628 504 3684 ρον
525 3613 590 3665 ἐκ
619 3608 715 3663 τοῦ
748 3609 952 3679 πατρὸς
972 3608 1189 3662 ἅπαντα
1217 3606 1406 3660 τοῦτον
1427 3606 1772 3675 Χριστιανοῖς
1795 3604 1990 3658 διενεί-

414 3704 581 3776 ματο)
622 3702 882 3771 ἀσφαλῶς
935 3700 1112 3772 αὐτὴν
1138 3697 1421 3769 τηρεῖσθαι
1464 3697 1660 3768 μέχρις
1686 3695 1752 3749 ἂν
1792 3695 1988 3764 ἐπιστῇ

407 3802 476 3870 τῇ
512 3796 665 3850 πόλει
700 3795 1094 3866 προσέταττεν.
1166 3791 1485 3845 Ἐπιστὰντι
1517 3790 1574 3844 δὲ
1601 3791 1795 3859 ἄγεται
1842 3786 1991 3858 αὐτῷ

411 3889 530 3944 κατ’
561 3887 685 3958 ὄψιν
716 3890 749 3958 η
784 3885 1050 3957 μακαρία.
1107 3886 1219 3939 Καί
1253 3883 1311 3947 δς
1345 3881 1450 3954 πρὸ
1503 3882 1611 3935 τῶν
1663 3881 1836 3935 ἄλλων
1866 3880 1993 3950 περὶ

411 3983 508 4051 τῆς
539 3982 732 4045 οὐσίας
765 3980 1153 4033 διεπυνθάνετο
1176 3993 1194 4011 ·
1231 3976 1439 4047 ταύτην
1460 3975 1569 4046 γὰρ
1592 3974 1767 4044 ἐφίλει
1792 3972 1994 4042 μᾶλλον

414 4073 447 4141 ἢ
484 4072 612 4135 τοὺς
633 4070 822 4134 θεούς’
851 4070 962 4123 Καὶ
991 4069 1093 4123 ποῦ
1129 4070 1261 4138 ἄρα.
1305 4069 1463 4138 φησι,
1494 4067 1554 4119 τὸ
1594 4062 1879 4136 περιελθὸν
1912 4080 1993 4117 σοι

415 4162 637 4232 χρυσίον
659 4162 722 4214 ὲκ
743 4160 838 4214 τοῦ
870 4160 1111 4231 πατρ6ς;
1144 4159 1209 4214 'H
1234 4159 1292 4212 δὲ
1319 4159 1411 4213 καὶ
1434 4158 1556 4211 λίαν
1577 4155 1993 4228 μεγαλοψύχως·

418 4258 592 4328 Εἴπερ
645 4256 725 4309 ἔτι
781 4272 868 4324 μοι
918 4256 1012 4307 καὶ
1040 4252 1142 4315 νῦν,
1161 4252 1385 4322 χρυσίον
1431 4250 1811 4323 περιελείπετο
1841 4248 1908 4303 δι’
1935 4240 1996 4302 οὗ

414 4353 542 4413 τοὺς
576 4350 676 4418 μὲν
706 4347 799 4401 τοῦ
826 4344 1070 4417 Χριστοῦ
1120 4345 1359 4409 δούλους,
1404 4344 1529 4414 ἐμοὶ
1560 4343 1615 4397 δὲ
1674 4340 1998 4412 ὁμοδούλους

419 4440 745 4512 θεραπεύειν
770 4440 837 4495 ἂν
877 4435 1049 4512 εἶχον,
1069 4438 1170 4491 οὐκ
1195 4438 1261 4492 ἂν
1295 4435 1540 4508 ἐμαυτὴν
1565 4433 1864 4504 παρέδωκα
1886 4433 1999 4494 τοῖς

2091 3241 2399 3306 Anastasis,
2429 3256 2541 3297 non
2569 3241 2652 3297 fas
2678 3250 2797 3296 erat
2828 3240 3083 3311 przet'ccto
3114 3256 3233 3295 eam
3271 3241 3670 3311 punire,ante-

2091 3348 2257 3403 quam
2281 3332 2350 3387 de
2371 3346 2436 3387 ea
2463 3340 2818 3402 cognosceret
2844 3330 3165 3402 imperator,
3192 3330 3378 3387 omnia
3407 3329 3576 3385 refert
3600 3331 3672 3384 ad

2093 3424 2505 3494 imperatorem.
2537 3421 2632 3478 Ille
2659 3433 2843 3478 autem
2900 3423 3269 3493 (intellexerat
3314 3423 3462 3477 enim
3518 3421 3668 3494 quod

2092 3531 2217 3573 cum
2245 3530 2275 3570 a
2299 3524 2452 3586 patre
2482 3529 2732 3587 magnam
2762 3515 3068 3586 accepisset
3094 3514 3496 3579 haereditatem,
3535 3529 3659 3571 eam

2094 3622 2313 3664 omnem
2364 3605 2724 3662 distribuerat
2755 3606 3115 3677 pauperibus)
3164 3607 3330 3678 jussit
3379 3621 3505 3661 eam
3550 3615 3670 3662 tuto

2095 3699 2405 3763 custodiri,
2437 3699 2614 3754 donec
2661 3698 2876 3753 veniret
2926 3697 2982 3752 in
3027 3697 3326 3755 civitatem.
3356 3695 3495 3754 Cum
3533 3712 3664 3753 vero

2097 3790 2441 3854 accessisset,
2463 3790 2517 3843 in
2542 3789 2664 3861 ejus
2686 3799 3042 3861 conspectum
3069 3788 3362 3846 deducitur
3378 3789 3468 3842 illa
3492 3789 3673 3845 beata.

2096 3884 2191 3939 Ille
2223 3894 2407 3937 autem
2447 3890 2574 3936 ante
2615 3880 2721 3935 alia
2761 3895 2884 3937 eam
2914 3879 3126 3952 rogavit
3158 3880 3227 3935 de
3262 3879 3622 3935 facultatibus
3651 3895 3668 3944 ;

2097 3990 2192 4031 eas
2216 3973 2365 4030 enim
2410 3972 2583 4043 magis
2612 3972 2832 4028 amabat
2862 3987 3026 4042 quam
3073 3971 3208 4028 deos
3237 3988 3251 4025 :
3304 3972 3406 4028 Ubi
3441 3978 3547 4037 est,
3593 3971 3678 4025 in-

2098 4067 2239 4137 quit,
2274 4079 2497 4128 aurum,
2527 4061 2677 4138 quod
2724 4062 2822 4117 tibi
2864 4062 3092 4119 obvenit
3134 4077 3163 4116 a
3189 4062 3390 4132 patre?
3416 4061 3512 4116 llla
3545 4076 3679 4116 vero

2100 4158 2386 4229 respondit
2422 4170 2619 4227 magno
2645 4164 2701 4210 et
2732 4154 2951 4211 excelso
2976 4155 3162 4210 animo
3189 4167 3204 4208 :
3233 4153 3289 4211 Si
3320 4153 3502 4209 adhuc
3541 4153 3678 4209 mihi

2101 4252 2377 4322 reliquum
2422 4259 2571 4306 esset
2618 4264 2842 4315 aurum,
2876 4264 2977 4319 per
3020 4248 3170 4320 quod
3206 4248 3414 4305 Christi
3456 4247 3680 4319 quidem

2102 4345 2299 4408 servis,
2335 4342 2472 4399 meis
2515 4351 2696 4398 autem
2750 4341 3051 4408 conservis,
3099 4356 3319 4412 possem
3363 4340 3682 4403 subvenire,

2108 4453 2217 4493 non
2247 4452 2333 4491 me
2376 4435 2445 4491 iis
2482 4435 2575 4506 qui
2610 4432 2955 4504 quaarebant,
3005 4433 3376 4493 tradidissem.
3410 4432 3683 4500 Quoniam

421 4532 814 4604 ὲπιζητοῦσινυ
857 4532 1049 4605 ἐπειδὴ
1114 4532 1173 4585 δὲ
1205 4530 1386 4594 καλῶς
1442 4527 1676 4600 ποιούσῃ
1707 4526 1884 4580 πάντα
1920 4525 1999 4584 είς

2108 4539 2292 4588 autem
2328 4530 2383 4585 in
2415 4543 2519 4585 eos
2545 4528 2640 4601 qui
2673 4535 2822 4582 recte
2873 4525 3129 4598 agebant,
3186 4526 3393 4590 omnia,
3430 4535 3491 4579 ut
3517 4539 3685 4595 opor-

421 4628 539 4682 δέον
563 4644 656 4697 μοι
681 4625 1076 4695 δεδαπάνηται,
1116 4624 1145 4679 δ
1172 4619 1516 4695 παρελείφθη
1560 4635 1652 4691 μοι
1684 4619 1847 4690 μόνον
1906 4616 1999 4669 καὶ

424 4722 560 4774 αὐτὸ
585 4719 801 4774 σπεύδω
825 4718 986 4789 σῶμα
1014 4719 1092 4788 τῷ
1114 4715 1339 4788 Χριστῷ
1364 4733 1468 4785 μου
1499 4711 1909 4787 προσενεγκεῖν.
1940 4707 2001 4763 Ὀ

428 4811 680 4883 βασιλεὺς
698 4811 792 4866 οὖν
824 4814 1048 4883 ῥήματα
1072 4811 1195 4866 νοῦν
1219 4812 1412 4882 ἔχοντα
1445 4807 1763 4872 διακούσας,
1793 4804 1873 4877 τῷ
1903 4803 2004 4873 μὲν

423 4908 600 4962 δοκεῖν
622 4907 911 4980 ὑπερορῶν
941 4906 1109 4977 αὑτῆς
1137 4905 1235 4961 am
1274 4902 1533 4973 γυναικὸς
1554 4901 1648 4954 καὶ
1675 4900 1827 4962 νέας,
1856 4901 1921 4969 τῇ
1946 4895 2004 4949 δὲ

426 5000 655 5073 ἀληθεία
683 5000 864 5063 δείσας
904 5001 978 5070 μὴ
1017 4998 1242 5069 μείζονα
1274 4998 1372 5066 τὴν
1395 4992 1656 5063 αἰσχύνην
1690 4991 1850 5062 δφλῃ,
1871 4986 2005 5043 καθα

433 5096 575 5165 άπερ
593 5093 679 5147 διὰ
709 5093 817 5146 τῶν
846 5092 1131 5164 ῥημάτων,
1155 5089 1299 5143 οὕτω
1321 5088 1386 5158 δὴ
1424 5089 1519 5141 καὶ
1553 5085 1755 5156 μᾶλλον
1804 5085 1869 5136 ὲκ
1898 5080 2007 5134 τῶν

435 5186 771 5258 πραγμάτων
800 5186 1140 5254 ἡττώμενος,
1170 5180 1413 5252 ὁπηνίκα
1457 5177 1553 5232 καὶ
1589 5176 1838 5248 βασάνων
1869 5174 2006 5243 αὐτῇ

435 5282 626 5349 πεῖραν
660 5279 936 5350 ἐπαγάγῃ,
993 5278 1158 5338 αὐτὸς
1190 5276 1287 5343 μὲν
1344 5274 1442 5326 οὐκ
1474 5272 1625 5338 ἄξιον
1658 5265 1798 5323 εἶναι
1831 5268 2010 5337 φήσας

436 5373 659 5440 γυναικὶ
727 5371 1008 5444 μεμηνυία
1068 5366 1563 5439 προσδιαλέγεσθαι
1617 5364 1720 5432 τὴν
1761 5360 2013 5427 ἐξέτασιν

436 5466 732 5536 ἀπειρήκει
754 5481 769 5496 ο
799 5465 876 5532 τῷ
904 5466 1128 5534 ἐπάρχῳ
1157 5462 1215 5514 δὲ
1247 5462 1311 5514 τά
1339 5462 1459 5512 κατ’
1496 5456 1666 5527 αὐτὴν
1698 5452 2011 5524 ἐπιτρέπει.

507 5641 638 5698 KE’.
672 5643 783 5696 Kal
810 5642 868 5705 ὃς
900 5642 1062 5704 εὐθὺς
1101 5640 1199 5709 τὴν
1231 5638 1523 5709 ἀλωπεκῆν
1551 5635 1773 5703 ὑποδὺς,
1805 5634 2019 5689 Oeneu-

438 5738 612 5800 τικοίς
649 5737 890 5805 ῥήμασιν
918 5734 1177 5802 ἐπειρᾶτο
1224 5732 1427 5802 ταύτην
1471 5729 1871 5799 ἐπαγαγέσθαι·
1900 5728 2014 5793 καὶ,

451 5828 636 5897 Ἱνατί,
672 5830 854 5897 φησιν,
890 5820 933 5881 ὧ
963 5827 1146 5895 γύναι,
1186 5825 1261 5897 μὴ
1292 5824 1486 5879 θυσίαν
1518 5822 1695 5895 βούλει
1737 5838 2020 5893 προσαγα-

2102 4635 2202 4689 tet,
2246 4634 2377 4680 sunt
2411 4637 2441 4676 a
2473 4636 2558 4676 me
2592 4628 2916 4690 consumpta
2943 4660 2957 4684 ,
3003 4617 3149 4683 quod
3198 4616 3335 4672 mihi
3377 4616 3557 4673 solum
3602 4625 3687 4670 est

2103 4714 2403 4783 reliquum,
2454 4711 2634 4782 ipsum
2685 4725 2907 4780 quoque
2967 4724 3175 4779 corpus
3226 4707 3421 4762 Studeo
3463 4704 3685 4762 Christo

2107 4821 2232 4862 meo
2259 4804 2482 4860 oﬂ‘erre.
2511 4802 2820 4871 imperator
2864 4815 2996 4855 vero
3026 4812 3152 4854 cum
3201 4796 3367 4852 verba
3419 4793 3688 4852 audiisset

2107 4897 2401 4968 sapientia,
2425 4894 2607 4966 specie
2636 4892 2859 4964 quidem
2889 4893 3064 4961 ipsam
3090 4888 3404 4962 despiciens
3437 4896 3496 4942 ut
3519 4885 3686 4940 femi-

2112 5005 2235 5043 nam
2271 4997 2325 5042 et
2352 4988 2611 5059 juvenem
2638 5029 2652 5051 ,
2688 5000 2880 5040 revera
2915 4994 3098 5038 autem
3136 4980 3336 5040 timens
3378 4995 3448 5035 ne
3490 4978 3685 5047 majori

2109 5080 2418 5137 adiceretur
2440 5078 2731 5141 dedecore,
2755 5076 3032 5146 quomodo
3063 5073 3265 5138 verbis,
3294 5072 3367 5127 ita
3398 5071 3563 5127 etiam
3589 5085 3680 5127 re-

2112 5176 2215 5231 bus
2251 5174 2384 5245 ipsis
2409 5172 2580 5243 magis
2607 5171 2804 5235 victus,
2828 5168 3048 5240 quando
3095 5168 3215 5239 ejus
3261 5180 3360 5235 per
3410 5172 3682 5221 tormenta

2113 5268 2318 5323 faceret
2371 5264 2697 5335 periculum,
2754 5263 2871 5330 ipse
2923 5260 3145 5330 quidem
3187 5257 3377 5313 dicens
3433 5271 3543 5311 non
3589 5269 3689 5326 par

2113 5376 2254 5421 esse.
2300 5369 2359 5413 ut
2398 5372 2522 5411 cum
2562 5355 2792 5410 muliere
2841 5354 3030 5410 insana
3081 5352 3444 5420 loqueretur,
3480 5348 3691 5405 destitit

2115 5453 2184 5508 ab
2213 5447 2641 5510 examinatione,
2669 5444 2930 5515 prmfecto
2954 5452 3136 5497 autem
3165 5457 3284 5525 eam
3313 5439 3533 5495 mandat
3562 5454 3691 5493 exa-

2119 5542 2455 5599 minandam.

2189 5632 2353 5694 XXV.
2390 5632 2487 5685 lile
2517 5645 2651 5682 vero
2680 5644 2803 5681 cum
2829 5626 3011 5680 statim
3047 5626 3243 5697 pellem
3272 5626 3545 5681 induisset
3573 5626 3689 5678 vulo

2119 5727 2331 5797 pinam,
2386 5720 2604 5776 blandis
2651 5718 2836 5775 verbis
2884 5733 3004 5772 eam
3055 5718 3360 5773 conabatur
3408 5715 3691 5783 inducere,

2121 5819 2312 5875 dicens
2345 5832 2359 5869 :
2384 5814 2515 5880 Cur,
2548 5828 2579 5867 ο
2608 5812 2826 5882 mulier,
2863 5828 2973 5869 non
3003 5812 3085 5869 vis
3114 5812 3219 5871 diis
3248 5812 3450 5870 oll'crre
3480 5810 3692 5866 sacriti-
