4102 6376
398 419 505 481 Ξ95

1623 409 1905 469 MENSIS
1952 407 2199 467 DECEM
2214 405 2378 465 BER.

3542 391 3648 454 596

391 532 566 598 cium,
590 529 868 600 quomodo
895 535 1050 598 pater
1085 536 1212 581 tuus
1242 525 1465 589 obtulit,
1496 525 1587 578 sed
1634 523 1704 578 iis
1744 521 1971 586 relictis,

2093 523 2190 588 (εἰν
2218 519 2361 581 θεοῖς
2387 517 2447 571 ὃν
2482 516 2687 586 τρόπον
2720 512 2814 567 καὶ
2845 513 2873 566 ὁ
2899 509 2991 573 σὸς
3015 505 3257 600 προσῆγε
3293 500 3652 600 aechm-dna

390 622 528 678 colis
554 619 854 686 Christum,
889 632 1050 689 quem
1086 616 1267 672 nescis
1301 626 1358 672 et
1389 633 1454 672 ex
1484 614 1689 672 Juda'is
1738 624 1925 669 natum
1951 653 1968 678 ,

393 722 447 770 et
481 714 549 768 ab
575 711 644 767 iis
684 711 817 782 ipsis
848 718 1108 780 tanquam
1137 709 1446 764 maleﬁcum
1471 707 1539 763 de
1569 707 1754 762 medio
1786 705 1972 762 subla-

394 802 538 858 tum?
555 802 841 858 Anastasia
876 812 1058 856 autem
1088 800 1412 870 respondit:
1440 799 1553 870 Ego
1578 798 1711 853 deos
1736 807 1793 852 et
1815 797 1968 861 deas,

389 909 531 964 quos
562 902 617 971 tu
648 892 805 958 dicis,
840 893 1088 947 colebam
1136 891 1468 961 aliquando;
1521 882 1676 945 nunc
1714 904 1846 944 vero
1882 903 1971 943 re-

388 983 555 1041 ctiori
586 995 843 1055 suscepta
872 985 1168 1049 sententia,
1206 999 1303 1038 eos
1336 982 1559 1053 quidem
1593 984 1662 1039 ab
1701 982 1836 1053 ipsis
1869 982 1974 1037 im-

390 1075 585 1143 positis
627 1075 842 1130 araneis
870 1084 927 1130 et
957 1074 1174 1140 avibus,
1206 1090 1329 1146 qua:
1352 1089 1448 1130 eos
1481 1073 1795 1129 aﬂiciebant
1824 1074 1971 1145 inju-

390 1168 491 1230 ria,
524 1177 581 1223 et
626 1183 657 1222 a
686 1168 891 1229 muscis
920 1183 1044 1238 qua:
1079 1168 1132 1222 in
1170 1167 1250 1222 eis
1285 1167 1609 1223 habitabant
1631 1209 1647 1233 ,
1693 1166 1970 1233 liberans,

392 1259 502 1329 igni
542 1259 746 1315 tradidi
783 1275 796 1313 :
832 1269 889 1315 et
938 1273 1067 1317 eum
1105 1259 1186 1315 sie
1212 1275 1309 1316 eos
1348 1259 1747 1316 convertissem
1774 1260 1829 1316 in
1870 1275 1969 1329 pe-

393 1352 609 1416 cunias,
635 1352 830 1409 satiavi
866 1353 1165 1407 multorum
1188 1360 1409 1408 ventres
1430 1350 1757 1419 esurientes,
1776 1358 1832 1406 et
1852 1350 1977 1408 aliis

398 1443 687 1517 egentibus
709 1445 920 1515 praebui
953 1446 1078 1501 vitae
1110 1444 1464 1501 adminicula.
1512 1442 1711 1515 Sicque
1749 1459 1817 1499 ea
1854 1458 1977 1515 quae

398 1533 537 1590 nulli
563 1542 726 1589 erant
758 1534 902 1596 usui.
965 1533 1123 1589 etl‘eci
1160 1543 1217 1589 ut
1260 1550 1368 1590 non
1416 1542 1600 1589 essent
1636 1533 1834 1597 otiosa,
1877 1532 1973 1588 sed

399 1624 559 1679 valde
588 1625 765 1679 utilia.
800 1624 1098 1680 Praefectus
1146 1634 1331 1680 autem
1379 1624 1560 1680 statim
1610 1641 1733 1678 cum
1782 1639 1976 1694 magna

402 1714 703 1771 acerbitate
737 1731 752 1768 :
786 1716 853 1772 At
880 1731 1004 1786 ego,
1039 1716 1238 1787 inquit,
1273 1733 1380 1771 non
1425 1716 1619 1788 patiar,
1663 1726 1722 1771 ut
1754 1716 1858 1771 hoc
1885 1732 1973 1771 sa-

405 1806 670 1881 crilegum
728 1807 941 1864 [acinus
991 1824 1060 1864 ne
1100 1810 1326 1864 auribus
1380 1810 1601 1881 quidem
1649 1808 1971 1879 accipiatur.

405 1865 709 1955 Su‘nidens
736 1916 869 1957 vero
900 1909 1145 1973 martyr:
1177 1901 1384 1973 Ingenii
1417 1902 1492 1955 tui
1526 1917 1755 1956 acumen
1785 1901 1967 1956 admi-

407 2006 523 2059 ror,
578 2006 610 2047 o
639 1993 832 2064 judex,
869 1994 1016 2064 quod
1064 1994 1207 2049 hanc
1255 2009 1370 2048 rem
1413 2011 1575 2049 voces
1604 1994 1976 2064 sacrilegium.

407 2084 465 2141 Si
502 2087 649 2138 enim
685 2084 833 2140 ullus
866 2100 1081 2149 sensus,
1113 2096 1207 2140 aut
1242 2086 1348 2140 ulla
1380 2087 1460 2140 vis
1490 2096 1636 2140 esset
1670 2090 1724 2140 in
1754 2086 1839 2141 his
1865 2087 1975 2140 ina-

406 2175 591 2241 nimis,
620 2176 752 2246 quid
791 2177 1053 2242 obstaret,
1077 2178 1370 2247 quominus
1394 2178 1522 2241 sibi,
1549 2177 1679 2231 dum
1713 2178 1978 2246 frangun-

408 2277 500 2321 tur
523 2275 579 2322 et
595 2267 1004 2335 convellantur,
1027 2279 1084 2323 et
1104 2269 1209 2322 alia
1242 2269 1545 2339 patiuntur,
1568 2283 1725 2338 opem
1750 2267 1978 2332 ferrent,

408 2367 466 2415 et
496 2373 594 2414 eos
643 2359 737 2430 qui
789 2360 1096 2428 insultant,
1151 2360 1567 2425 ulciscerentur,
1608 2370 1702 2414 aut
1738 2361 1981 2415 alienum

408 2452 602 2508 saltem
627 2462 683 2508 et
707 2465 953 2508 vestrum
981 2464 1110 2509 tunc
1136 2452 1494 2523 implorarent
1513 2453 1807 2509 auxilium?
1826 2455 1985 2510 Nunc

406 2551 593 2598 autem
629 2557 697 2597 ne
734 2543 839 2601 hoc
864 2542 1044 2615 ipsum
1071 2543 1292 2613 quidem
1321 2546 1503 2600 sciunt
1529 2557 1719 2618 aperte
1756 2561 1813 2599 se
1848 2546 1983 2621 pati.

409 2633 723 2691 Orationem
741 2652 869 2692 vero
898 2637 1305 2708 interrumpens
1337 2638 1624 2707 praefectus
1655 2656 1670 2693 :
1703 2640 1986 2695 Divinissi-

409 2740 552 2790 mus,
582 2726 783 2797 inquit,
807 2738 997 2784 noster
1015 2731 1313 2798 imperator
1334 2731 1514 2800 jussit,
1542 2740 1600 2785 ut
1632 2731 1737 2787 alia
1761 2731 1982 2804 quidem

405 2816 660 2889 iuberem
690 2820 893 2885 valere,
956 2820 1059 2875 boc
1082 2831 1265 2875 autem
1292 2821 1470 2876 solum
1503 2821 1762 2890 facerem,
1787 2838 1984 2893 nempe

413 2922 473 2967 ut
500 2913 585 2967 vel
616 2914 1011 2983 persuaderem
1059 2921 1116 2967 ut
1174 2914 1534 2980 sacriﬁcares,
1559 2926 1654 2971 aut
1683 2923 1739 2972 tu
1777 2916 1983 2987 alioqui

412 3002 553 3061 nale
582 3008 811 3076 perires.

481 3276 671 3336 XXVI.
733 3279 1029 3348 Postquam
1074 3291 1208 3332 vero
1240 3275 1375 3331 dixit
1422 3287 1650 3347 martyr,
1697 3290 1808 3347 non
1864 3288 1985 3329 esse

414 3369 616 3439 perire,
646 3370 787 3425 mori
828 3378 1049 3441 prepter
1093 3370 1394 3433 Christum,
1446 3368 1542 3424 sed
1587 3368 1752 3424 vitam
1805 3368 1987 3439 potius

418 3470 679 3518 aeternam
732 3462 966 3517 iit-initer
1016 3461 1435 3531 apprehendere
1478 3477 1493 3515 :
1535 3476 1658 3515 cum
1698 3461 1990 3532 praefectus

419 3567 611 3608 rursus
643 3553 908 3608 movisset
933 3553 1104 3607 multa
1149 3554 1441 3608 verborum
1474 3553 1748 3619 examina,
1786 3553 1989 3608 multos

419 3652 603 3698 autem
641 3654 819 3699 metus
847 3652 1011 3715 atque
1044 3645 1182 3699 adeo
1206 3645 1376 3714 ipsam
1403 3652 1633 3698 mortem
1658 3644 1709 3698 ei
1739 3645 1982 3715 redegis-

420 3746 504 3791 set
554 3736 610 3791 ln
660 3736 1003 3798 memoriam,
1056 3735 1148 3789 ubi
1181 3734 1317 3789 vidit
1348 3749 1469 3789 eam
1499 3735 1683 3789 omnia
1730 3750 1798 3790 ex
1827 3751 1986 3806 teque

420 3829 721 3897 ridentem,
772 3827 958 3885 omnia
1011 3843 1204 3883 rursus
1254 3826 1422 3883 refert
1470 3824 1539 3882 ad
1574 3827 1988 3896 imperatorem.

422 3921 652 3993 Propter
686 3938 808 3993 quae
834 3936 959 3977 cum
991 3922 1082 3977 ille
1114 3920 1308 3975 fuisset
1336 3920 1509 3992 magis
1539 3920 1605 3976 ad
1631 3922 1771 3976 iram
1801 3921 1995 3977 incita-

424 4026 532 4080 tus,
565 4024 620 4072 et
641 4015 901 4086 quidnam
930 4015 996 4071 de
1024 4031 1088 4070 ea
1129 4022 1412 4087 oporteret
1465 4015 1607 4079 ﬁeri.
1645 4014 1995 4080 deliberaret.

425 4109 640 4167 accedit
663 4109 866 4179 aliquis
894 4124 958 4162 ex
993 4107 1060 4163 iis
1077 4107 1171 4179 qui
1199 4123 1327 4163 cum
1358 4123 1425 4165 eo
1454 4109 1841 4174 versabantur,
1866 4120 1924 4166 et
1944 4109 1998 4165 ei

426 4200 717 4256 studebant
753 4198 1070 4270 gratificari,
1095 4207 1188 4255 ct:
1222 4198 1383 4266 Jube,
1408 4199 1657 4269 inquit,o
1683 4200 1999 4271 imperator,

426 4307 546 4346 eam
580 4291 719 4346 tradi
753 4289 989 4359 Ulpiano
1021 4289 1266 4360 pontifici
1296 4287 1575 4360 Capitolii.
1618 4291 1682 4346 Ei
1727 4292 1876 4347 enim
1913 4292 2000 4347 vel

429 4382 668 4435 maxime
698 4395 844 4436 curae
868 4380 997 4446 erit,
1025 4391 1085 4435 ut
1111 4381 1205 4450 qui
1237 4381 1306 4434 sit
1348 4380 1577 4439 deorum
1626 4381 1867 4457 pontifex
1888 4421 1902 4448 ,
1941 4392 1996 4437 et

336 4506 342 4511 -
426 4472 515 4528 vel
557 4473 784 4527 omnino
818 4472 1197 4541 persuadebit,
1229 4471 1314 4526 vel
1362 4472 1715 4527 acerbissime
1764 4474 2003 4542 puniens

2070 612 2297 674 τούτους
2335 605 2681 663 ἀπολιποῦσα
2735 604 2870 676 σέϐῃ
2920 598 3181 672 Χριστὸν,
3221 597 3280 650 ὃν
3318 594 3421 649 οὐκ
3466 589 3652 659 οἶδας,

2072 704 2359 774 ἄνθρωπον
2396 701 2550 772 παρὰ
2594 698 2874 761 Ἰουδαίοις
2918 712 2981 750 τε
3024 692 3355 762 γεννηθέντα
3384 686 3478 742 καὶ
3515 686 3647 756 παρ’

2072 796 2253 851 αὐτῶν
2290 794 2517 849 ἐκείνων
2564 785 2652 847 οἷα
2685 788 2999 859 κακοῦργον
3037 783 3431 856 ἀναιρεθέντα;
3470 781 3581 834 Καὶ
3616 781 3652 848 ἡ

2086 886 2420 944 ’Δναστασία
2439 902 2453 918 ·
2503 884 2643 954 Ἐγὼ
2678 883 2838 945 θεοὺς
2874 878 2971 941 οὓς
2996 877 3175 945 λέγεις
3195 874 3358 936 αὐτὸς
3385 872 3484 927 καῖ⁹
3524 870 3654 933 θεὰς

2074 970 2227 1052 ἢμην
2256 979 2387 1034 ποτὲ
2419 976 2661 1047 τιμῶσα,
2690 974 2857 1047 ἡνίκα
2885 989 2975 1042 μοι
3013 967 3282 1041 νηπιῶδες
3303 965 3397 1020 καὶ
3416 963 3478 1017 τὸ
3511 979 3650 1032 φρο-

2074 1077 2186 1129 νεῖν
2218 1071 2318 1145 ἦν·
2365 1070 2462 1126 νῦν
2512 1069 2571 1124 δὲ
2603 1065 2955 1140 βεϐαιοτέρου
3016 1063 3368 1133 φρονήματος
3401 1052 3658 1145 ἐπιλαϐο-

2066 1143 2250 1237 μένη,
2269 1162 2493 1227 τούτους
2526 1161 2626 1232 μὲν
2650 1160 2762 1215 τῶν
2791 1154 3158 1224 ἐπικειμένων
3175 1149 3374 1212 αὐτοὺς
3394 1143 3656 1237 ἀραχνῶν

2077 1251 2171 1305 καὶ
2193 1236 2303 1305 τῶν
2335 1249 2734 1321 ἐξυϐριζόντων
2758 1247 2838 1310 εἰς
2869 1244 3070 1306 αὐτοὺς
3103 1241 3310 1308 ὀρνέων
3346 1236 3456 1290 τῶν
3510 1237 3652 1288 ένοι-

2080 1343 2323 1399 κούντων
2358 1360 2418 1397 τε
2469 1342 2657 1405 αὐτοῖς
2693 1337 2846 1410 μυῶν
2874 1334 3298 1390 ἀπαλλάττουσα
3329 1328 3465 1398 πυρὶ
3496 1324 3656 1380 δέδω-

2077 1456 2170 1503 κα,
2198 1438 2297 1491 καὶ
2347 1434 2523 1497 οὕτως
2563 1434 2641 1496 είς
2686 1432 2946 1509 χρήματα
3003 1423 3389 1498 μεταϐαλοῦσα
3442 1418 3656 1473 πολλῶν

2076 1527 2350 1591 πεινώσας
2373 1527 2649 1596 γαστέρας
2673 1521 3031 1594 ὲμπέπληκα,
3058 1518 3151 1572 καὶ
3183 1515 3459 1585 δεομένοις
3479 1511 3658 1574 ἄλλοις

2074 1621 2173 1684 τὰς
2203 1619 2339 1691 πρὸς
2392 1618 2493 1689 ζῇν
2550 1615 2806 1685 ἀφορμὰς
2844 1610 3144 1681 παρέσχον,
3198 1605 3373 1676 ταύτῃ
3423 1600 3495 1656 τὰ
3520 1599 3659 1671 πρὸς

2076 1713 2230 1766 οὐδὲν
2256 1690 2557 1783 χρήσιμον
2617 1703 2978 1762 συντελοῦντα
3028 1700 3237 1770 ,ἐνεργὰ
3292 1696 3502 1766 σφόδρα
3562 1690 3661 1746 καὶ

2077 1804 2314 1875 χρειώδη
2389 1800 2644 1872 γενέσθαι
2694 1795 3184 1868 παρασκευάσασα.
3235 1786 3658 1854 Καὶὸέπαρχος

2079 1897 2279 1951 αὐτίκα
2316 1894 2457 1965 μετά
2487 1891 2692 1960 πολλῆς
2718 1891 2853 1957 ὅσης
2882 1888 2983 1957 τῆς
3017 1883 3348 1953 αὐστηρίας,
3396 1878 3535 1933 Ἀλλ’
3558 1875 3660 1946 οὐχ

2082 1986 2363 2058 ὑπομενῶ,
2427 1984 2553 2053 ἔφη,
2587 1984 2686 2053 τὴν
2750 1978 3027 2050 ἱερόσυλον
3077 1974 3286 2044 ταύτην
3329 1969 3529 2041 πρᾶξιν
3547 1966 3661 2058 ιγῶ

2079 2057 2203 2136 οἱ)δὲ
2235 2081 2348 2140 τοῖς
2371 2078 2510 2132 ὠσὶν
2548 2074 2804 2129 ἀκοῦσαι.
2831 2070 3165 2138 Μειδιάματι
3203 2064 3262 2120 δὲ
3289 2066 3321 2135 ἡ
3358 2063 3569 2133 μάρτυς
3588 2057 3658 2113 τὰ

2080 2174 2233 2244 χείλη
2274 2171 2656 2234 διακινήσασα.
2698 2164 2947 2233 Ἀγαμαί
2989 2180 3053 2215 σε
3079 2163 3178 2229 τῆς
3204 2157 3505 2229 ἀγχινοίας,
3527 2156 3659 2225 ἔφην

2081 2260 2125 2319 ὦ
2148 2265 2395 2328 δικαστέι,
2429 2264 2624 2330 ὅτιπερ
2657 2257 2970 2330 ἱεροσυλίαν
2999 2255 3060 2309 τὸ
3094 2254 3332 2326 πρᾶγμα
3359 2249 3570 2311 καλεῖς.
3596 2245 3661 2300 Ei

2081 2360 2191 2429 γάρ
2219 2375 2303 2421 τις
2336 2355 2593 2425 αἴσθησις
2620 2356 2680 2407 έν
2701 2352 2812 2414 τοῖς
2847 2348 3080 2419 ἀψύχοις
3128 2344 3340 2405 τούτοις
3367 2341 3401 2412 ἢ
3427 2340 3662 2407 δύναμις

2081 2446 2173 2522 ἦν,
2203 2450 2254 2505 τί
2282 2447 2497 2503 ἐκώλυε
2520 2442 2972 2513 κατακλωμένοις
3020 2440 3203 2499 αὐτοῖς
3230 2434 3326 2489 καὶ
3359 2447 3653 2487 κατασπωο

2087 2520 2272 2615 μένοις
2313 2541 2408 2595 καὶ
2439 2538 2608 2595 τᾶλλα
2639 2533 3000 2605 πάσχουσινῆ
3035 2530 3253 2591 ἑαυτοῖς
3300 2525 3517 2615 βοηθεῖν
3564 2520 3662 2577 καὶ

2082 2614 2211 2698 τοὺς
2233 2628 2708 2702 ὲμπαροινοῦντας
2738 2622 3072 2695 ἀμύνασθαι,
3105 2620 3137 2690 ἢ
3161 2618 3294 2687 γοῦν
3321 2618 3449 2679 τοὺς
3466 2614 3662 2676 ἄλλους

2086 2726 2301 2785 πάντως
2325 2721 2470 2791 ὑμᾶς
2491 2719 2629 2790 προς
2651 2716 2864 2786 ἄμυναν
2897 2713 3036 2776 τέως
3065 2706 3466 2779 ἐπιϐοήσασθαι
3488 2721 3503 2770 ;
3526 2703 3663 2759 Νυνὶ

2084 2818 2142 2871 δὲ
2170 2814 2282 2869 οὐδ’
2316 2813 2448 2867 αὐτὸ
2481 2810 2643 2864 τοῦτο
2675 2807 2964 2878 ἄντικρυς,
3000 2806 3082 2858 ὅτι
3115 2803 3437 2871 πάσχουσιν,
3461 2796 3662 2851 ἴσασιν.

2098 2906 2372 2976 Ἐγκὸψας
2404 2904 2462 2957 δὲ
2517 2903 2609 2955 τὸν
2662 2900 2821 2969 λόγον
2875 2900 2904 2951 ὁ
2967 2895 3231 2965 ἔπαρχος,
3299 2892 3361 2945 '0
3390 2888 3668 2950 θειότατος

2086 2998 2243 3071 ἡμῶν
2272 2996 2545 3070 βασιλεὺς,
2580 2992 2707 3063 ἔφη,
2745 2990 2913 3047 τᾶλλα
2950 2988 3049 3060 μὲν
3097 2985 3312 3057 χαίρειν
3355 2984 3473 3055 ἐᾷν,
3503 2978 3666 3034 τοῦτο

2085 3091 2142 3146 δὲ
2178 3090 2338 3161 μόνον
2374 3089 2634 3159 πράττειν
2685 3084 2998 3146 ἐκέλευσεν,
3072 3079 3106 3150 ἢ
3146 3078 3309 3137 θῦσαι
3357 3078 3471 3139 τοῖς
3519 3073 3667 3137 θεοῖς

2013 3208 2056 3266 C
2090 3184 2433 3248 πεισθεῖσαν,
2458 3180 2493 3252 ἢ
2534 3178 2723 3239 κακῶς
2756 3173 3080 3231 ἀπολέσθαι.

2159 3278 2307 3344 KG".
2343 3273 2498 3329 Ἐπεὶ
2523 3272 2579 3325 δὲ
2608 3271 2644 3341 ἡ
2677 3270 2911 3341 μάρτυς,
2958 3267 3075 3321 Ούκ
3105 3266 3256 3318 ἔστιν
3282 3260 3582 3318 ἀπολέσθαι
3608 3257 3671 3313 τὸ

2086 3370 2174 3424 διὰ
2224 3367 2458 3439 Χριστὸν
2488 3365 2807 3429 ἀποθανεῖν,
2863 3361 3073 3427 ἔλεγεν,
3125 3356 3266 3411 ἀλλά
3292 3357 3437 3425 ζωῆς
3470 3352 3673 3422 μᾶλλον

2090 3462 2311 3516 αἰωνίου
2371 3458 2607 3531 βεϐαίως
2662 3451 3075 3516 ἀντιλαϐέσθαι,
3122 3448 3356 3510 πολλοὺς
3390 3447 3482 3500 καὶ
3511 3441 3673 3507 αὖθις

2091 3555 2323 3625 κινήσας
2366 3553 2394 3605 ὁ
2449 3551 2635 3620 ἄρχων
2670 3548 2850 3615 λόγων
2891 3543 3116 3613 ὶσμοὺς,
3152 3538 3365 3594 πολλῶν
3392 3538 3451 3592 δὲ
3488 3536 3671 3606 φόϐων

2092 3648 2186 3701 καὶ
2208 3642 2378 3700 αὐτοῦ
2404 3642 2726 3711 ὑπομνήσας
2754 3636 3013 3702 θανάτου,
3050 3632 3175 3686 ἐπεὶ
3218 3632 3439 3687 πάντων
3474 3629 3672 3697 ἐπίσης

2094 3741 2241 3810 ἐώρα
2275 3733 2694 3802 καταγελῶσαν,
2742 3729 3008 3798 ἀναφέρει
3043 3726 3140 3780 καὶ
3175 3721 3334 3786 αὖθις
3386 3721 3566 3776 πάντα
3593 3718 3674 3789 τῷ

2097 3832 2329 3903 βασιλεῖ’
2359 3823 2550 3898 ὲςρόἷς
2580 3823 2793 3878 ἐκείνου
2832 3818 3036 3889 μᾶλλον
3075 3819 3156 3882 εἰς
3195 3813 3367 3887 ὀργὴν
3405 3812 3674 3903 ὑποκινη-

2096 3901 2309 3987 θέντος,
2339 3922 2434 3975 καὶ
2463 3918 2515 3972 τί
2553 3916 2663 3970 δέοι
2685 3914 2950 3984 πράττειν
2982 3909 3068 3963 ἐπ’
3101 3909 3241 3978 αὐτῇ
3267 3901 3673 3970 διασκεπτομέο

2096 4034 2211 4080 νου,
2244 4010 2499 4083 πρόσεισί
2545 4026 2629 4073 τις
2669 4007 2778 4060 τῶν
2832 4003 3103 4057 συνόντων
3144 3998 3240 4053 καὶ
3274 3993 3673 4083 χαρίζετθαίᾲοί

2097 4075 2450 4171 διάτσπουδῆς
2476 4096 2801 4167 τιθεμένων,
2836 4092 2955 4158 καὶ,
2990 4089 3286 4152 Κέλευσον,
3316 4075 3562 4155 φησὶν,ὧ
3582 4081 3683 4154 βα-

2103 4196 2277 4262 σιλεῦ,
2306 4191 2598 4261 Οὐλπιανῷ
2647 4187 2853 4256 ταύτην
2903 4185 2981 4256 τῷ
3014 4182 3264 4255 ἀρχιερεῖ
3292 4176 3387 4233 τοῦ
3435 4191 3682 4231 καπιτω-

2101 4265 2217 4343 λίου
2242 4284 2639 4358 παραδοθῆναι.
2664 4280 2857 4348 Τούτῳ
2879 4277 2989 4347 γὰρ
3015 4276 3106 4329 καὶ
3134 4272 3370 4344 μάλιστα
3390 4268 3465 4334 ὡς
3495 4270 3685 4339 ἀρχιε-

2106 4385 2190 4455 ρεῖ
2221 4382 2329 4436 τῶν
2358 4376 2497 4433 θεῶν
2539 4373 2790 4445 μελήσει,
2824 4370 2920 4426 καὶ
2950 4369 2984 4441 ἦ
3027 4366 3213 4420 πείσει
3239 4364 3481 4427 πάντως,
3516 4361 3551 4430 ἦ
3592 4375 3686 4412 πι-

2106 4454 2348 4545 κρότατα
2373 4464 2788 4539 τιμωρούμενος
2815 4462 3133 4540 ἀναιρήσει,
3164 4455 3263 4528 τὴν
3292 4454 3353 4509 δέ
3378 4470 3441 4523 γε
3467 4466 3688 4545 περιουῖ

434 4564 589 4620 tollet
618 4562 688 4618 de
714 4563 933 4627 medio;
981 4577 1174 4620 omnes
1223 4572 1403 4618 autem
1452 4564 1573 4635 ejus
1619 4541 1926 4630 facultates,
1959 4580 1982 4619 s

2115 4541 2239 4617 σίαν
2264 4561 2436 4633 αὐτῆς
2467 4559 2673 4621 πᾶσαν,
2707 4555 2762 4609 ετ
2791 4571 2874 4616 τις
2913 4552 3024 4623 ἄρα
3056 4551 3147 4604 καὶ
3174 4547 3591 4635 ὑπολέλειπται,
3607 4541 3686 4611 τῷ

436 4654 603 4711 modo
651 4653 761 4710 sint
795 4653 916 4708 ullae
946 4654 1193 4725 reliquae,
1242 4653 1516 4709 dedicabit
1550 4652 1841 4725 Capitolio.
1880 4655 2003 4711 Pla-

433 4761 671 4810 cuerunt
697 4753 814 4809 haec
851 4753 1189 4824 imperatori,
1251 4764 1307 4809 et
1338 4766 1502 4824 prout
1534 4752 1712 4809 fuerat
1746 4754 2006 4817 monitus,

438 4846 703 4903 accersito
734 4843 989 4915 Ulpiano,
1020 4859 1140 4898 eam
1164 4845 1213 4900 ei
1259 4844 1448 4900 tradit.
1476 4845 1570 4900 ille
1615 4859 1744 4899 vero
1794 4843 2008 4899 faciens

440 4939 719 4993 diversum
770 4936 839 4991 ab
884 4934 1183 5006 asperitate
1230 4935 1579 5006 imperatoris
1614 4977 1629 5003 ,
1660 4943 1780 4990 astu
1824 4945 2009 4989 autem

441 5030 625 5104 petius
668 5044 727 5085 se
764 5044 885 5085 eam
937 5042 1058 5084 esse
1094 5038 1510 5098 superaturum,
1544 5026 1677 5082 etei
1711 5042 2002 5096 persuasu-

442 5136 564 5176 rum
600 5117 909 5183 conﬁdens;
937 5132 1057 5173 eam
1102 5117 1403 5173 bonoritice
1432 5116 1656 5171 abducit
1684 5115 1740 5169 in
1787 5115 2011 5167 domum

448 5227 625 5267 suam.

518 5297 733 5355 XXVII.
768 5300 835 5355 Et
869 5298 1105 5371 primum
1136 5298 1358 5368 quidem
1391 5297 1577 5353 multis
1610 5296 1787 5365 iisque
1821 5296 2014 5366 proba-

446 5393 653 5450 bilibus
683 5393 865 5449 verbis
888 5432 904 5457 ,
954 5408 1049 5463 [er
1082 5390 1334 5446 auditum
1370 5389 1774 5460 quodammodo
1830 5388 2014 5441 infun-

444 5486 581 5540 dere
610 5497 882 5538 vencnum
911 5480 1295 5537 contendebat.
1318 5479 1525 5535 Deinde
1552 5479 1715 5534 etiam
1742 5494 1838 5548 per
1859 5493 2017 5547 aspe-

450 5588 598 5631 ctum
628 5574 878 5630 adhibuit
914 5572 1291 5643 deCeptionem
1316 5613 1331 5637 ,
1358 5572 1513 5628 valde
1546 5570 1787 5638 improbe
1819 5581 1873 5624 et
1907 5586 2019 5622 ma-

452 5669 633 5723 litiose
664 5683 945 5737 opponens
972 5668 1245 5720 contraria
1272 5665 1596 5719 contrariis:
1635 5664 1761 5717 hinc
1795 5663 2018 5732 quidem

455 5758 694 5814 mundos
731 5760 1027 5814 muliebres
1062 5757 1372 5811 luculentus
1420 5766 1474 5810 ct
1524 5768 1894 5825 sumptuosos,
1954 5754 2021 5806 il-

456 5853 566 5908 linc
624 5862 801 5906 autem
850 5866 1009 5905 unane
1058 5864 1227 5921 genus
1284 5856 1591 5909 tormenta;
1651 5849 1775 5901 hinc
1813 5845 2020 5916 lapides

2116 4652 2435 4720 καπιτωλίῳ
2486 4648 2778 4718 ἀνάθηται.
2838 4644 3081 4716 Ἤρεσκε
3133 4639 3310 4695 ταῦτα
3337 4638 3413 4709 τῷ
3451 4634 3686 4707 βασιλεῖ,

2118 4747 2212 4800 καὶ
2242 4744 2384 4799 κατά
2408 4744 2504 4805 τὰς
2532 4740 2820 4809 ὑποθήκας
2871 4723 3176 4790 Οὐλπιανὸν
3213 4732 3449 4792 καλέσας
3480 4727 3681 4793 ταύτην

2117 4836 2268 4907 αὐτῷ
2296 4834 2686 4906 παραδίδωσιν.
2734 4831 2794 4884 '0
2826 4829 2880 4883 δὲ
2910 4831 3008 4897 τῆς
3043 4824 3309 4897 βασιλέως
3342 4819 3684 4892 τραχύτητος

2118 4927 2433 4983 τούναντίον
2477 4924 2671 4990 ποιῶν,
2703 4923 2968 4991 δεινότητι
3012 4920 3069 4973 δὲ
3108 4916 3310 4989 μᾶλλον
3338 4912 3696 4988 περιέσεσθαι

2121 5024 2216 5076 καὶ
2248 5023 2433 5075 πεῖσαι
2487 5018 2708 5090 θαρρῶν
2749 5016 2845 5069 σὺν
2873 5014 3008 5084 τιμῇ
3057 5011 3262 5081 ταύτην
3292 5012 3371 5072 είς
3403 5008 3494 5060 τὸν
3528 4999 3696 5057 αὑτοῦ

2122 5107 2271 5164 οἶκον
2297 5107 2529 5175 ἀπάγει.

2195 5290 2322 5349 ΚΖ’.
2348 5290 2456 5343 Καὶ
2491 5288 2685 5358 πρῶτα
2723 5284 2820 5355 μὲν
2854 5282 3069 5343 πολλοῖς
3108 5278 3202 5332 καὶ
3249 5275 3491 5338 πιθανοῖς
3520 5274 3696 5344 λόγοις

2125 5388 2210 5440 διὰ
2237 5385 2333 5455 τῆς
2363 5382 2531 5452 ἀκοῆς
2554 5378 2743 5448 ὥσπερ
2774 5375 3068 5445 κατασχεῖν
3091 5371 3419 5439 ἐφιλονείκει
3448 5367 3508 5421 τὸ
3535 5366 3699 5436 δηλη-

2124 5480 2347 5550 τήριον·
2385 5468 2507 5526 εἶτα
2550 5470 2644 5524 καὶ
2675 5469 2744 5523 δι’
2795 5468 2977 5538 ὅψεως
3028 5465 3127 5535 τὴν
3182 5464 3402 5530 ἀπάτην
3454 5456 3696 5530 προσῆγε

2130 5570 2332 5640 σφᾶδρα
2367 5563 2710 5632 κακοτέχνως
2756 5560 2823 5613 τὰ
2870 5557 3090 5612 ἐναντία
3119 5556 3229 5616 τοῖς
3261 5552 3521 5612 ἐναντίοις
3551 5550 3698 5602 ἀντι-

2130 5638 2296 5725 τινθείς
2315 5679 2328 5692 ·
2366 5659 2517 5710 ἐνθεν
2555 5659 2654 5726 μὲν
2682 5653 3029 5723 γυναικείους
3050 5651 3290 5718 κόσμους
3331 5642 3580 5704 εὐανθεῖς
3604 5638 3698 5693 καὶ

2132 5747 2467 5809 πολυτελεῖς,
2504 5742 2714 5795 ἐκεῖθεν
2738 5742 2791 5792 6‘:
2817 5736 3137 5792 παντοδαπά
3169 5732 3587 5805 στρεϐλωτήρια
3608 5727 3702 5781 καὶ

2136 5841 2392 5893 ποοκίλων
2443 5838 2650 5907 ὄργανα
2714 5828 3172 5903 βασανιστηρίων,
3219 5826 3370 5879 ἔνθεν
3410 5822 3590 5885 λίθους
3623 5837 3705 5871 1'.-
