  <div class='ocr_page' id='page_1' title='image "/cluster/home/n/w/nwhite01/storage/ocr_20150623/116/hvd.32044073502221/304.png"; bbox 0 0 4102 6376; ppageno 0'>
   <div class='ocr_carea' id='block_1_1' title="bbox 335 364 3582 434">
    <p class='ocr_par' dir='ltr' id='par_1_1' title="bbox 335 364 3582 434">
     <span class='ocr_line' id='line_1_1' title="bbox 335 364 3582 434; baseline 0.001 -2"><span class='ocrx_word' id='word_1_1' title='bbox 335 371 441 432; x_wconf 76' lang='grc'><strong>597</strong></span> <span class='ocrx_word' id='word_1_2' title='bbox 1126 367 1601 428; x_wconf 81' lang='lat' dir='ltr'><strong>MARTYRIUM</strong></span> <span class='ocrx_word' id='word_1_3' title='bbox 1644 366 1705 425; x_wconf 90' lang='lat' dir='ltr'><strong>S.</strong></span> <span class='ocrx_word' id='word_1_4' title='bbox 1742 364 2196 427; x_wconf 77' lang='lat' dir='ltr'><strong>ANASTASUE</strong></span> <span class='ocrx_word' id='word_1_5' title='bbox 2234 368 2330 427; x_wconf 86' lang='lat' dir='ltr'><strong>ET</strong></span> <span class='ocrx_word' id='word_1_6' title='bbox 2371 368 2788 429; x_wconf 80' lang='lat' dir='ltr'><strong>SOCIARUM.</strong></span> <span class='ocrx_word' id='word_1_7' title='bbox 3478 372 3582 434; x_wconf 75' lang='lat'><strong>598</strong></span> 
     </span>
    </p>
   </div>
   <div class='ocr_carea' id='block_1_2' title="bbox 340 470 1960 554">
    <p class='ocr_par' dir='ltr' id='par_1_2' title="bbox 340 470 1960 554">
     <span class='ocr_line' id='line_1_2' title="bbox 340 470 1960 554; baseline -0.006 -18"><span class='ocrx_word' id='word_1_8' title='bbox 340 479 493 554; x_wconf 78' lang='grc' dir='ltr'><strong>μίους</strong></span> <span class='ocrx_word' id='word_1_9' title='bbox 550 478 645 532; x_wconf 65' lang='grc' dir='ltr'><strong>καὶ</strong></span> <span class='ocrx_word' id='word_1_10' title='bbox 692 477 888 548; x_wconf 83' lang='grc' dir='ltr'><strong>χάριεν</strong></span> <span class='ocrx_word' id='word_1_11' title='bbox 916 470 1171 548; x_wconf 63' lang='grc' dir='ltr'><strong>ἀτεχνῶς</strong></span> <span class='ocrx_word' id='word_1_12' title='bbox 1205 478 1657 547; x_wconf 85' lang='grc' dir='ltr'><strong>ἁπολάμποντας,</strong></span> <span class='ocrx_word' id='word_1_13' title='bbox 1712 475 1920 530; x_wconf 72' lang='grc' dir='ltr'><strong>ἐκεῖθεν</strong></span> <span class='ocrx_word' id='word_1_14' title='bbox 1947 512 1960 537; x_wconf 54' lang='grc' dir='ltr'><em>λ</em></span> 
     </span>
    </p>
   </div>
   <div class='ocr_carea' id='block_1_3' title="bbox 1963 470 3583 554">
    <p class='ocr_par' dir='ltr' id='par_1_3' title="bbox 1963 478 3583 551">
     <span class='ocr_line' id='line_1_3' title="bbox 1963 478 3583 551; baseline 0.002 -15"><span class='ocrx_word' id='word_1_15' title='bbox 1963 478 1994 536; x_wconf 60' lang='grc' dir='ltr'><strong>Α</strong></span> <span class='ocrx_word' id='word_1_16' title='bbox 2023 478 2293 548; x_wconf 86' lang='lat' dir='ltr'><strong>pretiosos</strong></span> <span class='ocrx_word' id='word_1_17' title='bbox 2319 487 2374 533; x_wconf 90' lang='lat' dir='ltr'><strong>et</strong></span> <span class='ocrx_word' id='word_1_18' title='bbox 2405 489 2562 551; x_wconf 84' lang='lat' dir='ltr'><strong>grato</strong></span> <span class='ocrx_word' id='word_1_19' title='bbox 2585 479 2763 535; x_wconf 88' lang='lat' dir='ltr'><strong>nitore</strong></span> <span class='ocrx_word' id='word_1_20' title='bbox 2789 481 3219 551; x_wconf 81' lang='lat' dir='ltr'><strong>resplendentcs,</strong></span> <span class='ocrx_word' id='word_1_21' title='bbox 3251 483 3399 540; x_wconf 90' lang='lat' dir='ltr'><strong>illinc</strong></span> <span class='ocrx_word' id='word_1_22' title='bbox 3421 498 3583 540; x_wconf 79' lang='lat' dir='ltr'><strong>enses</strong></span> 
     </span>
    </p>
   </div>
   <div class='ocr_carea' id='block_1_4' title="bbox 335 569 1955 649">
    <p class='ocr_par' dir='ltr' id='par_1_4' title="bbox 335 569 1914 646">
     <span class='ocr_line' id='line_1_4' title="bbox 335 569 1914 646; baseline -0.002 -21"><span class='ocrx_word' id='word_1_23' title='bbox 335 572 462 646; x_wconf 78' lang='grc' dir='ltr'><strong>ξίφη</strong></span> <span class='ocrx_word' id='word_1_24' title='bbox 504 571 778 645; x_wconf 78' lang='grc' dir='ltr'><strong>φρικῶδες</strong></span> <span class='ocrx_word' id='word_1_25' title='bbox 812 572 905 624; x_wconf 77' lang='grc' dir='ltr'><strong>καὶ</strong></span> <span class='ocrx_word' id='word_1_26' title='bbox 933 571 1171 642; x_wconf 63' lang='grc' dir='ltr'><strong>φοϐερλν</strong></span> <span class='ocrx_word' id='word_1_27' title='bbox 1219 571 1642 631; x_wconf 75' lang='grc' dir='ltr'><strong>ἀποστίλϐοντα,</strong></span> <span class='ocrx_word' id='word_1_28' title='bbox 1675 569 1914 623; x_wconf 68' lang='grc' dir='ltr'><strong>ἐνταῦθα</strong></span> 
     </span>
    </p>
   </div>
   <div class='ocr_carea' id='block_1_5' title="bbox 1962 569 3582 649">
    <p class='ocr_par' dir='ltr' id='par_1_5' title="bbox 2019 571 3582 649">
     <span class='ocr_line' id='line_1_5' title="bbox 2019 571 3582 649; baseline 0.006 -25"><span class='ocrx_word' id='word_1_29' title='bbox 2019 571 2285 625; x_wconf 78' lang='lat' dir='ltr'><strong>micantes</strong></span> <span class='ocrx_word' id='word_1_30' title='bbox 2324 571 2707 638; x_wconf 89' lang='lat' dir='ltr'><strong>horribilitcr;</strong></span> <span class='ocrx_word' id='word_1_31' title='bbox 2742 573 2873 628; x_wconf 85' lang='lat' dir='ltr'><strong>hinc</strong></span> <span class='ocrx_word' id='word_1_32' title='bbox 2900 574 3122 643; x_wconf 87' lang='lat' dir='ltr'><strong>quidem</strong></span> <span class='ocrx_word' id='word_1_33' title='bbox 3158 577 3329 632; x_wconf 84' lang='lat' dir='ltr'><strong>lectos</strong></span> <span class='ocrx_word' id='word_1_34' title='bbox 3355 588 3582 649; x_wconf 88' lang='lat' dir='ltr'><strong>argento</strong></span> 
     </span>
    </p>
   </div>
   <div class='ocr_carea' id='block_1_6' title="bbox 337 660 1957 735">
    <p class='ocr_par' dir='ltr' id='par_1_6' title="bbox 337 660 1915 734">
     <span class='ocr_line' id='line_1_6' title="bbox 337 660 1915 734; baseline -0.001 -20"><span class='ocrx_word' id='word_1_35' title='bbox 337 663 433 734; x_wconf 63' lang='lat' dir='ltr'><strong>uti:</strong></span> <span class='ocrx_word' id='word_1_36' title='bbox 467 662 654 725; x_wconf 83' lang='grc' dir='ltr'><strong>κλίνας</strong></span> <span class='ocrx_word' id='word_1_37' title='bbox 688 661 1110 731; x_wconf 77' lang='grc' dir='ltr'><strong>ἀργυρηλάτους</strong></span> <span class='ocrx_word' id='word_1_38' title='bbox 1147 662 1244 716; x_wconf 74' lang='grc' dir='ltr'><strong>καὶ</strong></span> <span class='ocrx_word' id='word_1_39' title='bbox 1280 662 1568 734; x_wconf 81' lang='grc' dir='ltr'><strong>στρώμασι</strong></span> <span class='ocrx_word' id='word_1_40' title='bbox 1602 660 1915 731; x_wconf 75' lang='grc' dir='ltr'><strong>φιλοκάλοις</strong></span> 
     </span>
    </p>
   </div>
   <div class='ocr_carea' id='block_1_7' title="bbox 1958 660 3578 735">
    <p class='ocr_par' dir='ltr' id='par_1_7' title="bbox 2018 661 3578 735">
     <span class='ocr_line' id='line_1_7' title="bbox 2018 661 3578 735; baseline 0.005 -20"><span class='ocrx_word' id='word_1_41' title='bbox 2018 661 2368 726; x_wconf 88' lang='lat' dir='ltr'><strong>incrustatos,</strong></span> <span class='ocrx_word' id='word_1_42' title='bbox 2395 671 2449 717; x_wconf 90' lang='lat' dir='ltr'><strong>et</strong></span> <span class='ocrx_word' id='word_1_43' title='bbox 2482 664 2738 733; x_wconf 86' lang='lat' dir='ltr'><strong>stragulis</strong></span> <span class='ocrx_word' id='word_1_44' title='bbox 2763 664 3105 735; x_wconf 82' lang='lat' dir='ltr'><strong>elegantibus</strong></span> <span class='ocrx_word' id='word_1_45' title='bbox 3130 675 3352 723; x_wconf 84' lang='lat' dir='ltr'><strong>ornatos</strong></span> <span class='ocrx_word' id='word_1_46' title='bbox 3376 709 3391 735; x_wconf 93' lang='lat'><strong>,</strong></span> <span class='ocrx_word' id='word_1_47' title='bbox 3427 668 3578 725; x_wconf 90' lang='lat' dir='ltr'><strong>illinc</strong></span> 
     </span>
    </p>
   </div>
   <div class='ocr_carea' id='block_1_8' title="bbox 336 749 1956 829">
    <p class='ocr_par' dir='ltr' id='par_1_8' title="bbox 336 749 1914 823">
     <span class='ocr_line' id='line_1_8' title="bbox 336 749 1914 823; baseline -0.001 -20"><span class='ocrx_word' id='word_1_48' title='bbox 336 752 781 823; x_wconf 77' lang='grc' dir='ltr'><strong>κεκοσμημένας,</strong></span> <span class='ocrx_word' id='word_1_49' title='bbox 801 750 1013 804; x_wconf 70' lang='grc' dir='ltr'><strong>ἐκεῖθεν</strong></span> <span class='ocrx_word' id='word_1_50' title='bbox 1038 750 1095 804; x_wconf 64' lang='grc' dir='ltr'><strong>δὲ</strong></span> <span class='ocrx_word' id='word_1_51' title='bbox 1123 749 1341 814; x_wconf 74' lang='grc' dir='ltr'><strong>κλοιοὺς</strong></span> <span class='ocrx_word' id='word_1_52' title='bbox 1364 752 1458 804; x_wconf 72' lang='grc' dir='ltr'><strong>καὶ</strong></span> <span class='ocrx_word' id='word_1_53' title='bbox 1477 750 1655 821; x_wconf 75' lang='grc' dir='ltr'><strong>δεσμά</strong></span> <span class='ocrx_word' id='word_1_54' title='bbox 1674 749 1914 821; x_wconf 82' lang='grc' dir='ltr'><strong>κακούρ-</strong></span> 
     </span>
    </p>
   </div>
   <div class='ocr_carea' id='block_1_9' title="bbox 1955 749 3575 829">
    <p class='ocr_par' dir='ltr' id='par_1_9' title="bbox 2018 753 3575 829">
     <span class='ocr_line' id='line_1_9' title="bbox 2018 753 3575 829; baseline 0.004 -22"><span class='ocrx_word' id='word_1_55' title='bbox 2018 762 2201 808; x_wconf 88' lang='lat' dir='ltr'><strong>autem</strong></span> <span class='ocrx_word' id='word_1_56' title='bbox 2246 753 2469 808; x_wconf 86' lang='lat' dir='ltr'><strong>collaria</strong></span> <span class='ocrx_word' id='word_1_57' title='bbox 2512 763 2568 808; x_wconf 91' lang='lat' dir='ltr'><strong>et</strong></span> <span class='ocrx_word' id='word_1_58' title='bbox 2617 755 2834 809; x_wconf 88' lang='lat' dir='ltr'><strong>vincula</strong></span> <span class='ocrx_word' id='word_1_59' title='bbox 2883 755 3277 823; x_wconf 83' lang='lat' dir='ltr'><strong>maleﬁeorum,</strong></span> <span class='ocrx_word' id='word_1_60' title='bbox 3312 767 3366 811; x_wconf 90' lang='lat' dir='ltr'><strong>et</strong></span> <span class='ocrx_word' id='word_1_61' title='bbox 3392 760 3575 829; x_wconf 85' lang='lat' dir='ltr'><strong>gravia</strong></span> 
     </span>
    </p>
   </div>
   <div class='ocr_carea' id='block_1_10' title="bbox 336 794 1956 927">
    <p class='ocr_par' dir='ltr' id='par_1_10' title="bbox 336 794 1916 914">
     <span class='ocr_line' id='line_1_10' title="bbox 337 794 1881 823; baseline -0.001 -6"><span class='ocrx_word' id='word_1_62' title='bbox 337 794 781 823; x_wconf 66' lang='lat' dir='ltr'><strong>&quot;&#39;&quot;&quot;r&quot;|r&#39;&quot;&quot;‘)</strong></span> <span class='ocrx_word' id='word_1_63' title='bbox 801 794 1008 804; x_wconf 70' lang='lat'><strong>&quot;&quot;&quot;&quot;</strong></span> <span class='ocrx_word' id='word_1_64' title='bbox 1040 794 1095 804; x_wconf 66' lang='lat'><strong>&quot;</strong></span> <span class='ocrx_word' id='word_1_65' title='bbox 1125 794 1338 814; x_wconf 71' lang='lat'><strong>&quot;&quot;&quot;&quot;‘</strong></span> <span class='ocrx_word' id='word_1_66' title='bbox 1366 794 1458 804; x_wconf 80' lang='grc'><em>’“”’</em></span> <span class='ocrx_word' id='word_1_67' title='bbox 1478 794 1655 821; x_wconf 61' lang='grc'><strong>⁷⁸⁷1⁷⁷-</strong></span> <span class='ocrx_word' id='word_1_68' title='bbox 1675 794 1881 821; x_wconf 63' lang='grc' dir='ltr'><strong>’⁷⁷⁸’“””Γ</strong></span> 
     </span>
     <span class='ocr_line' id='line_1_11' title="bbox 336 840 1916 914; baseline -0.002 -17"><span class='ocrx_word' id='word_1_69' title='bbox 336 860 446 914; x_wconf 73' lang='grc' dir='ltr'><strong>των</strong></span> <span class='ocrx_word' id='word_1_70' title='bbox 499 845 594 899; x_wconf 77' lang='grc' dir='ltr'><strong>καὶ</strong></span> <span class='ocrx_word' id='word_1_71' title='bbox 639 843 887 914; x_wconf 72' lang='grc' dir='ltr'><strong>χαλεπὰς</strong></span> <span class='ocrx_word' id='word_1_72' title='bbox 938 842 1235 912; x_wconf 78' lang='grc' dir='ltr'><strong>μάστιγας.</strong></span> <span class='ocrx_word' id='word_1_73' title='bbox 1298 842 1362 895; x_wconf 90' lang='grc' dir='ltr'><strong>Τί</strong></span> <span class='ocrx_word' id='word_1_74' title='bbox 1392 842 1456 914; x_wconf 81' lang='grc' dir='ltr'><strong>δὴ</strong></span> <span class='ocrx_word' id='word_1_75' title='bbox 1482 840 1656 896; x_wconf 83' lang='grc' dir='ltr'><strong>ταῦτα</strong></span> <span class='ocrx_word' id='word_1_76' title='bbox 1685 842 1854 896; x_wconf 83' lang='grc' dir='ltr'><strong>ποιῶν</strong></span> <span class='ocrx_word' id='word_1_77' title='bbox 1887 843 1916 894; x_wconf 79' lang='grc' dir='ltr'>ὁ</span> 
     </span>
    </p>
   </div>
   <div class='ocr_carea' id='block_1_11' title="bbox 1999 794 3619 927">
    <p class='ocr_par' dir='ltr' id='par_1_11' title="bbox 2021 794 3619 927">
     <span class='ocr_line' id='line_1_12' title="bbox 2021 794 3619 927; baseline 0.004 -29"><span class='ocrx_word' id='word_1_78' title='bbox 2021 844 2252 915; x_wconf 66' lang='lat' dir='ltr'><strong>ﬂagella.</strong></span> <span class='ocrx_word' id='word_1_79' title='bbox 2294 844 2405 899; x_wconf 92' lang='lat' dir='ltr'><strong>Cur</strong></span> <span class='ocrx_word' id='word_1_80' title='bbox 2432 860 2563 900; x_wconf 78' lang='lat' dir='ltr'><strong>vero</strong></span> <span class='ocrx_word' id='word_1_81' title='bbox 2593 846 2698 900; x_wconf 89' lang='lat' dir='ltr'><strong>hoc</strong></span> <span class='ocrx_word' id='word_1_82' title='bbox 2732 846 2968 902; x_wconf 74' lang='lat' dir='ltr'><strong>faciebat</strong></span> <span class='ocrx_word' id='word_1_83' title='bbox 3006 850 3091 901; x_wconf 88' lang='lat' dir='ltr'><strong>vir</strong></span> <span class='ocrx_word' id='word_1_84' title='bbox 3139 848 3231 901; x_wconf 86' lang='lat' dir='ltr'><strong>ille</strong></span> <span class='ocrx_word' id='word_1_85' title='bbox 3262 794 3495 904; x_wconf 54' lang='lat' dir='ltr'><strong>callidus</strong></span> <span class='ocrx_word' id='word_1_86' title='bbox 3526 860 3579 904; x_wconf 90' lang='lat' dir='ltr'><strong>et</strong></span> 
     </span>
    </p>
   </div>
   <div class='ocr_carea' id='block_1_12' title="bbox 335 934 1955 1008">
    <p class='ocr_par' dir='ltr' id='par_1_12' title="bbox 335 934 1912 1005">
     <span class='ocr_line' id='line_1_13' title="bbox 335 934 1912 1005; baseline -0.001 -16"><span class='ocrx_word' id='word_1_87' title='bbox 335 934 506 999; x_wconf 75' lang='grc' dir='ltr'><strong>δεινὸς</strong></span> <span class='ocrx_word' id='word_1_88' title='bbox 529 936 624 988; x_wconf 72' lang='grc' dir='ltr'><strong>καὶ</strong></span> <span class='ocrx_word' id='word_1_89' title='bbox 652 935 745 989; x_wconf 78' lang='grc' dir='ltr'><strong>διὰ</strong></span> <span class='ocrx_word' id='word_1_90' title='bbox 777 935 831 988; x_wconf 78' lang='grc' dir='ltr'><strong>τί</strong></span> <span class='ocrx_word' id='word_1_91' title='bbox 853 938 967 998; x_wconf 77' lang='grc' dir='ltr'><strong>τοῖς</strong></span> <span class='ocrx_word' id='word_1_92' title='bbox 997 936 1256 1005; x_wconf 68' lang='grc' dir='ltr'><strong>χρηστοῖς</strong></span> <span class='ocrx_word' id='word_1_93' title='bbox 1290 934 1585 993; x_wconf 74' lang='grc' dir='ltr'><strong>συνάπτων</strong></span> <span class='ocrx_word' id='word_1_94' title='bbox 1616 934 1685 988; x_wconf 74' lang='grc' dir='ltr'><strong>τά</strong></span> <span class='ocrx_word' id='word_1_95' title='bbox 1715 934 1912 1005; x_wconf 82' lang='grc' dir='ltr'><strong>δυσχε-</strong></span> 
     </span>
    </p>
   </div>
   <div class='ocr_carea' id='block_1_13' title="bbox 1960 934 3580 1008">
    <p class='ocr_par' dir='ltr' id='par_1_13' title="bbox 2018 939 3580 1008">
     <span class='ocr_line' id='line_1_14' title="bbox 2018 939 3580 1008; baseline 0.002 -17"><span class='ocrx_word' id='word_1_96' title='bbox 2018 944 2251 997; x_wconf 83' lang='lat' dir='ltr'><strong>astutus,</strong></span> <span class='ocrx_word' id='word_1_97' title='bbox 2286 945 2342 989; x_wconf 82' lang='lat' dir='ltr'><strong>et</strong></span> <span class='ocrx_word' id='word_1_98' title='bbox 2383 951 2483 989; x_wconf 89' lang='lat' dir='ltr'><strong>cur</strong></span> <span class='ocrx_word' id='word_1_99' title='bbox 2510 952 2632 991; x_wconf 87' lang='lat' dir='ltr'><strong>cum</strong></span> <span class='ocrx_word' id='word_1_100' title='bbox 2682 939 2934 1008; x_wconf 82' lang='lat' dir='ltr'><strong>benignis</strong></span> <span class='ocrx_word' id='word_1_101' title='bbox 2978 939 3344 1008; x_wconf 73' lang='lat' dir='ltr'><strong>coniungebat</strong></span> <span class='ocrx_word' id='word_1_102' title='bbox 3385 940 3580 995; x_wconf 88' lang='lat' dir='ltr'><strong>acerba</strong></span> 
     </span>
    </p>
   </div>
   <div class='ocr_carea' id='block_1_14' title="bbox 339 1024 1959 1099">
    <p class='ocr_par' dir='ltr' id='par_1_14' title="bbox 339 1024 1916 1099">
     <span class='ocr_line' id='line_1_15' title="bbox 339 1024 1916 1099; baseline -0.002 -18"><span class='ocrx_word' id='word_1_103' title='bbox 339 1027 444 1099; x_wconf 82' lang='grc' dir='ltr'><strong>ρῆ;</strong></span> <span class='ocrx_word' id='word_1_104' title='bbox 480 1026 550 1081; x_wconf 80' lang='grc' dir='ltr'><strong>ἵν’</strong></span> <span class='ocrx_word' id='word_1_105' title='bbox 588 1027 623 1098; x_wconf 79' lang='grc' dir='ltr'>ἢ</span> <span class='ocrx_word' id='word_1_106' title='bbox 663 1029 777 1091; x_wconf 87' lang='grc' dir='ltr'><strong>τοῖς</strong></span> <span class='ocrx_word' id='word_1_107' title='bbox 814 1026 1060 1097; x_wconf 79' lang='grc' dir='ltr'><strong>φαιδροῖς</strong></span> <span class='ocrx_word' id='word_1_108' title='bbox 1110 1028 1467 1097; x_wconf 65' lang='grc' dir='ltr'><strong>ἐπαγάγηται</strong></span> <span class='ocrx_word' id='word_1_109' title='bbox 1520 1024 1554 1098; x_wconf 79' lang='grc' dir='ltr'>ἢ</span> <span class='ocrx_word' id='word_1_110' title='bbox 1593 1024 1916 1096; x_wconf 80' lang='grc' dir='ltr'><strong>καταπλήξῃ</strong></span> 
     </span>
    </p>
   </div>
   <div class='ocr_carea' id='block_1_15' title="bbox 1964 1024 3584 1099">
    <p class='ocr_par' dir='ltr' id='par_1_15' title="bbox 2016 1027 3584 1092">
     <span class='ocr_line' id='line_1_16' title="bbox 2016 1027 3584 1092; baseline 0.001 -9"><span class='ocrx_word' id='word_1_111' title='bbox 2016 1036 2073 1083; x_wconf 87' lang='lat' dir='ltr'><strong>et</strong></span> <span class='ocrx_word' id='word_1_112' title='bbox 2100 1029 2368 1083; x_wconf 80' lang='lat' dir='ltr'><strong>molesta?</strong></span> <span class='ocrx_word' id='word_1_113' title='bbox 2393 1027 2460 1083; x_wconf 89' lang='lat' dir='ltr'><strong>Ut</strong></span> <span class='ocrx_word' id='word_1_114' title='bbox 2487 1029 2567 1083; x_wconf 85' lang='lat' dir='ltr'><strong>vel</strong></span> <span class='ocrx_word' id='word_1_115' title='bbox 2606 1031 2769 1083; x_wconf 84' lang='lat' dir='ltr'><strong>rebus</strong></span> <span class='ocrx_word' id='word_1_116' title='bbox 2811 1029 2954 1084; x_wconf 65' lang='lat' dir='ltr'><strong>lactis</strong></span> <span class='ocrx_word' id='word_1_117' title='bbox 2994 1029 3261 1092; x_wconf 90' lang='lat' dir='ltr'><strong>illiceret,</strong></span> <span class='ocrx_word' id='word_1_118' title='bbox 3290 1031 3376 1084; x_wconf 86' lang='lat' dir='ltr'><strong>vel</strong></span> <span class='ocrx_word' id='word_1_119' title='bbox 3408 1039 3584 1084; x_wconf 86' lang='lat' dir='ltr'><strong>terro-</strong></span> 
     </span>
    </p>
   </div>
   <div class='ocr_carea' id='block_1_16' title="bbox 335 1116 1955 1191">
    <p class='ocr_par' dir='ltr' id='par_1_16' title="bbox 335 1116 1914 1191">
     <span class='ocr_line' id='line_1_17' title="bbox 335 1116 1914 1191; baseline -0.005 -15"><span class='ocrx_word' id='word_1_120' title='bbox 335 1121 449 1185; x_wconf 83' lang='grc' dir='ltr'><strong>τοῖς</strong></span> <span class='ocrx_word' id='word_1_121' title='bbox 508 1118 784 1190; x_wconf 77' lang='grc' dir='ltr'><strong>φοϐεροῖς.</strong></span> <span class='ocrx_word' id='word_1_122' title='bbox 848 1117 990 1171; x_wconf 79' lang='grc' dir='ltr'><strong>Ἀλλ’</strong></span> <span class='ocrx_word' id='word_1_123' title='bbox 1029 1118 1303 1189; x_wconf 76' lang='grc' dir='ltr'><strong>ἐψεύσατο</strong></span> <span class='ocrx_word' id='word_1_124' title='bbox 1358 1118 1391 1191; x_wconf 78' lang='grc' dir='ltr'><strong>ἠ</strong></span> <span class='ocrx_word' id='word_1_125' title='bbox 1451 1117 1639 1172; x_wconf 77' lang='grc' dir='ltr'><strong>ἀδικία</strong></span> <span class='ocrx_word' id='word_1_126' title='bbox 1693 1116 1914 1190; x_wconf 74' lang='grc' dir='ltr'><strong>ἑαυτὴν,</strong></span> 
     </span>
    </p>
   </div>
   <div class='ocr_carea' id='block_1_17' title="bbox 1976 1116 3596 1191">
    <p class='ocr_par' dir='ltr' id='par_1_17' title="bbox 2018 1117 3596 1188">
     <span class='ocr_line' id='line_1_18' title="bbox 2018 1117 3596 1188; baseline 0.001 -16"><span class='ocrx_word' id='word_1_127' title='bbox 2018 1134 2131 1172; x_wconf 85' lang='lat' dir='ltr'><strong>rem</strong></span> <span class='ocrx_word' id='word_1_128' title='bbox 2159 1119 2379 1172; x_wconf 70' lang='lat' dir='ltr'><strong>aderret</strong></span> <span class='ocrx_word' id='word_1_129' title='bbox 2410 1117 2571 1173; x_wconf 84' lang='lat' dir='ltr'><strong>rebus</strong></span> <span class='ocrx_word' id='word_1_130' title='bbox 2597 1119 2951 1173; x_wconf 88' lang='lat' dir='ltr'><strong>terribilibus.</strong></span> <span class='ocrx_word' id='word_1_131' title='bbox 2984 1118 3089 1174; x_wconf 89' lang='lat' dir='ltr'><strong>Sed</strong></span> <span class='ocrx_word' id='word_1_132' title='bbox 3123 1119 3357 1188; x_wconf 68' lang='lat' dir='ltr'><strong>scipsam</strong></span> <span class='ocrx_word' id='word_1_133' title='bbox 3388 1118 3596 1176; x_wconf 81' lang='lat' dir='ltr'><strong>fefellit-</strong></span> 
     </span>
    </p>
   </div>
   <div class='ocr_carea' id='block_1_18' title="bbox 338 1207 1958 1281">
    <p class='ocr_par' dir='ltr' id='par_1_18' title="bbox 338 1207 1913 1281">
     <span class='ocr_line' id='line_1_19' title="bbox 338 1207 1913 1281; baseline -0.003 -14"><span class='ocrx_word' id='word_1_134' title='bbox 338 1209 483 1267; x_wconf 83' lang='grc' dir='ltr'><strong>κατά</strong></span> <span class='ocrx_word' id='word_1_135' title='bbox 513 1210 608 1265; x_wconf 77' lang='grc' dir='ltr'><strong>τὸν</strong></span> <span class='ocrx_word' id='word_1_136' title='bbox 638 1211 786 1264; x_wconf 89' lang='grc' dir='ltr'><strong>θεῖον</strong></span> <span class='ocrx_word' id='word_1_137' title='bbox 813 1209 981 1279; x_wconf 81' lang='grc' dir='ltr'><strong>φάναι</strong></span> <span class='ocrx_word' id='word_1_138' title='bbox 1012 1207 1201 1273; x_wconf 77' lang='grc' dir='ltr'><strong>Δαυῖδ,</strong></span> <span class='ocrx_word' id='word_1_139' title='bbox 1236 1211 1329 1265; x_wconf 75' lang='grc' dir='ltr'><strong>καὶ</strong></span> <span class='ocrx_word' id='word_1_140' title='bbox 1360 1211 1439 1273; x_wconf 84' lang='grc' dir='ltr'><strong>είς</strong></span> <span class='ocrx_word' id='word_1_141' title='bbox 1462 1209 1614 1263; x_wconf 79' lang='grc' dir='ltr'><strong>οὐδὲν</strong></span> <span class='ocrx_word' id='word_1_142' title='bbox 1639 1207 1811 1263; x_wconf 75' lang='grc' dir='ltr'><strong>ταῦτα</strong></span> <span class='ocrx_word' id='word_1_143' title='bbox 1848 1212 1913 1281; x_wconf 77' lang='grc' dir='ltr'><strong>τῇ</strong></span> 
     </span>
    </p>
   </div>
   <div class='ocr_carea' id='block_1_19' title="bbox 1965 1207 3585 1281">
    <p class='ocr_par' dir='ltr' id='par_1_19' title="bbox 2019 1207 3585 1279">
     <span class='ocr_line' id='line_1_20' title="bbox 2019 1207 3585 1279; baseline 0.001 -17"><span class='ocrx_word' id='word_1_144' title='bbox 2019 1208 2309 1279; x_wconf 70' lang='lat' dir='ltr'><strong>iniustitia,</strong></span> <span class='ocrx_word' id='word_1_145' title='bbox 2346 1217 2404 1262; x_wconf 91' lang='lat' dir='ltr'><strong>ut</strong></span> <span class='ocrx_word' id='word_1_146' title='bbox 2455 1208 2590 1263; x_wconf 89' lang='lat' dir='ltr'><strong>dicit</strong></span> <span class='ocrx_word' id='word_1_147' title='bbox 2646 1208 2869 1263; x_wconf 86' lang='lat' dir='ltr'><strong>divinus</strong></span> <span class='ocrx_word' id='word_1_148' title='bbox 2919 1208 3089 1264; x_wconf 82' lang='lat' dir='ltr'><strong>David</strong></span> <span class='ocrx_word' id='word_1_149' title='bbox 3118 1207 3159 1273; x_wconf 84' lang='grc'><strong>³,</strong></span> <span class='ocrx_word' id='word_1_150' title='bbox 3192 1218 3248 1263; x_wconf 88' lang='lat' dir='ltr'><strong>et</strong></span> <span class='ocrx_word' id='word_1_151' title='bbox 3299 1209 3416 1264; x_wconf 75' lang='lat' dir='ltr'><strong>lucc</strong></span> <span class='ocrx_word' id='word_1_152' title='bbox 3458 1219 3585 1264; x_wconf 91' lang='lat' dir='ltr'><strong>sunt</strong></span> 
     </span>
    </p>
   </div>
   <div class='ocr_carea' id='block_1_20' title="bbox 342 1298 1962 1374">
    <p class='ocr_par' dir='ltr' id='par_1_20' title="bbox 342 1299 1919 1374">
     <span class='ocr_line' id='line_1_21' title="bbox 342 1299 1919 1374; baseline -0.001 -19"><span class='ocrx_word' id='word_1_153' title='bbox 342 1302 582 1374; x_wconf 82' lang='grc' dir='ltr'>μάρτυρι</span> <span class='ocrx_word' id='word_1_154' title='bbox 610 1299 995 1370; x_wconf 73' lang='grc' dir='ltr'><strong>ἐλογίσθησαν.</strong></span> <span class='ocrx_word' id='word_1_155' title='bbox 1047 1300 1185 1371; x_wconf 69' lang='grc' dir='ltr'><strong>Φησὶ</strong></span> <span class='ocrx_word' id='word_1_156' title='bbox 1233 1300 1343 1370; x_wconf 78' lang='grc' dir='ltr'><strong>γὰρ</strong></span> <span class='ocrx_word' id='word_1_157' title='bbox 1379 1300 1519 1373; x_wconf 67' lang='grc' dir='ltr'><strong>μετὰ</strong></span> <span class='ocrx_word' id='word_1_158' title='bbox 1570 1301 1919 1370; x_wconf 67' lang='grc' dir='ltr'><strong>φρονήματος</strong></span> 
     </span>
    </p>
   </div>
   <div class='ocr_carea' id='block_1_21' title="bbox 1958 1298 3578 1374">
    <p class='ocr_par' dir='ltr' id='par_1_21' title="bbox 2020 1298 3578 1371">
     <span class='ocr_line' id='line_1_22' title="bbox 2020 1298 3578 1371; baseline 0.001 -19"><span class='ocrx_word' id='word_1_159' title='bbox 2020 1314 2117 1359; x_wconf 82' lang='lat' dir='ltr'><strong>pro</strong></span> <span class='ocrx_word' id='word_1_160' title='bbox 2151 1298 2329 1352; x_wconf 84' lang='lat' dir='ltr'><strong>nihilo</strong></span> <span class='ocrx_word' id='word_1_161' title='bbox 2360 1310 2612 1370; x_wconf 61' lang='lat' dir='ltr'><strong>rrputata</strong></span> <span class='ocrx_word' id='word_1_162' title='bbox 2643 1316 2671 1352; x_wconf 89' lang='lat' dir='ltr'><strong>a</strong></span> <span class='ocrx_word' id='word_1_163' title='bbox 2706 1308 2962 1371; x_wconf 81' lang='lat' dir='ltr'><strong>martyre.</strong></span> <span class='ocrx_word' id='word_1_164' title='bbox 2988 1299 3131 1353; x_wconf 70' lang='lat' dir='ltr'><strong>Dicit</strong></span> <span class='ocrx_word' id='word_1_165' title='bbox 3164 1301 3332 1362; x_wconf 87' lang='lat' dir='ltr'><strong>enim.</strong></span> <span class='ocrx_word' id='word_1_166' title='bbox 3375 1299 3578 1355; x_wconf 86' lang='lat' dir='ltr'><strong>libera-</strong></span> 
     </span>
    </p>
   </div>
   <div class='ocr_carea' id='block_1_22' title="bbox 339 1386 1959 1466">
    <p class='ocr_par' dir='ltr' id='par_1_22' title="bbox 339 1390 1917 1466">
     <span class='ocr_line' id='line_1_23' title="bbox 339 1390 1917 1466; baseline -0.003 -17"><span class='ocrx_word' id='word_1_167' title='bbox 339 1394 627 1466; x_wconf 72' lang='grc' dir='ltr'><strong>ἐλευθέρου</strong></span> <span class='ocrx_word' id='word_1_168' title='bbox 650 1395 749 1448; x_wconf 80' lang='grc' dir='ltr'><strong>καὶ</strong></span> <span class='ocrx_word' id='word_1_169' title='bbox 770 1392 995 1447; x_wconf 79' lang='grc' dir='ltr'><strong>συνετοῦ</strong></span> <span class='ocrx_word' id='word_1_170' title='bbox 1018 1394 1441 1464; x_wconf 80' lang='grc' dir='ltr'><strong>καταστήματος</strong></span> <span class='ocrx_word' id='word_1_171' title='bbox 1461 1390 1491 1423; x_wconf 75' lang='grc'><em>”</em></span> <span class='ocrx_word' id='word_1_172' title='bbox 1514 1394 1637 1447; x_wconf 72' lang='grc' dir='ltr'><strong>Ἐπὶ</strong></span> <span class='ocrx_word' id='word_1_173' title='bbox 1663 1393 1722 1446; x_wconf 74' lang='grc' dir='ltr'><strong>σὲ</strong></span> <span class='ocrx_word' id='word_1_174' title='bbox 1747 1394 1917 1447; x_wconf 78' lang='grc' dir='ltr'><strong>ταῦτα</strong></span> 
     </span>
    </p>
   </div>
   <div class='ocr_carea' id='block_1_23' title="bbox 1962 1386 3582 1466">
    <p class='ocr_par' dir='ltr' id='par_1_23' title="bbox 2018 1386 3582 1460">
     <span class='ocr_line' id='line_1_24' title="bbox 2018 1386 3582 1460; baseline 0.001 -20"><span class='ocrx_word' id='word_1_175' title='bbox 2018 1387 2123 1441; x_wconf 89' lang='lat' dir='ltr'><strong>lem</strong></span> <span class='ocrx_word' id='word_1_176' title='bbox 2149 1401 2257 1455; x_wconf 69' lang='lat' dir='ltr'><strong>prae</strong></span> <span class='ocrx_word' id='word_1_177' title='bbox 2277 1402 2335 1442; x_wconf 85' lang='lat' dir='ltr'><strong>se</strong></span> <span class='ocrx_word' id='word_1_178' title='bbox 2354 1386 2537 1442; x_wconf 78' lang='lat' dir='ltr'><strong>ferens</strong></span> <span class='ocrx_word' id='word_1_179' title='bbox 2564 1390 2839 1457; x_wconf 84' lang='lat' dir='ltr'><strong>spiritum,</strong></span> <span class='ocrx_word' id='word_1_180' title='bbox 2863 1403 3195 1460; x_wconf 79' lang='lat' dir='ltr'><strong>gravemque</strong></span> <span class='ocrx_word' id='word_1_181' title='bbox 3215 1396 3270 1443; x_wconf 89' lang='lat' dir='ltr'><strong>ct</strong></span> <span class='ocrx_word' id='word_1_182' title='bbox 3296 1389 3582 1443; x_wconf 90' lang='lat' dir='ltr'><strong>honestum</strong></span> 
     </span>
    </p>
   </div>
   <div class='ocr_carea' id='block_1_24' title="bbox 338 1479 1958 1557">
    <p class='ocr_par' dir='ltr' id='par_1_24' title="bbox 338 1484 1912 1557">
     <span class='ocr_line' id='line_1_25' title="bbox 338 1484 1912 1557; baseline -0.002 -15"><span class='ocrx_word' id='word_1_183' title='bbox 338 1487 540 1551; x_wconf 77' lang='grc' dir='ltr'><strong>πάντα,</strong></span> <span class='ocrx_word' id='word_1_184' title='bbox 569 1485 806 1551; x_wconf 75' lang='grc' dir='ltr'><strong>διάϐολε,</strong></span> <span class='ocrx_word' id='word_1_185' title='bbox 830 1486 927 1539; x_wconf 75' lang='grc' dir='ltr'><strong>καὶ</strong></span> <span class='ocrx_word' id='word_1_186' title='bbox 956 1485 1041 1538; x_wconf 74' lang='grc' dir='ltr'><strong>σοὶ</strong></span> <span class='ocrx_word' id='word_1_187' title='bbox 1072 1484 1316 1539; x_wconf 80' lang='grc' dir='ltr'><strong>ἔστωσαν</strong></span> <span class='ocrx_word' id='word_1_188' title='bbox 1349 1485 1497 1557; x_wconf 79' lang='grc' dir='ltr'><strong>μόνῳ</strong></span> <span class='ocrx_word' id='word_1_189' title='bbox 1519 1504 1533 1517; x_wconf 77' lang='grc' dir='ltr'><strong><em>ο</em></strong></span> <span class='ocrx_word' id='word_1_190' title='bbox 1577 1485 1774 1554; x_wconf 75' lang='grc' dir='ltr'><strong>ὅτιπερ</strong></span> <span class='ocrx_word' id='word_1_191' title='bbox 1814 1487 1912 1539; x_wconf 69' lang='grc' dir='ltr'><strong>σὺν</strong></span> 
     </span>
    </p>
   </div>
   <div class='ocr_carea' id='block_1_25' title="bbox 1966 1479 3586 1557">
    <p class='ocr_par' dir='ltr' id='par_1_25' title="bbox 2020 1479 3586 1542">
     <span class='ocr_line' id='line_1_26' title="bbox 2020 1479 3586 1542; baseline 0 -9"><span class='ocrx_word' id='word_1_192' title='bbox 2020 1479 2267 1534; x_wconf 87' lang='lat' dir='ltr'><strong>habitum</strong></span> <span class='ocrx_word' id='word_1_193' title='bbox 2299 1497 2313 1533; x_wconf 87' lang='lat'>:</span> <span class='ocrx_word' id='word_1_194' title='bbox 2350 1479 2409 1534; x_wconf 91' lang='lat' dir='ltr'><strong>In</strong></span> <span class='ocrx_word' id='word_1_195' title='bbox 2459 1489 2511 1533; x_wconf 92' lang='lat' dir='ltr'><strong>te</strong></span> <span class='ocrx_word' id='word_1_196' title='bbox 2560 1479 2677 1534; x_wconf 68' lang='lat' dir='ltr'><strong>haec</strong></span> <span class='ocrx_word' id='word_1_197' title='bbox 2718 1479 2899 1534; x_wconf 83' lang='lat' dir='ltr'><strong>omnia</strong></span> <span class='ocrx_word' id='word_1_198' title='bbox 2925 1522 2938 1541; x_wconf 88' lang='lat'><strong>.</strong></span> <span class='ocrx_word' id='word_1_199' title='bbox 2973 1480 3212 1542; x_wconf 84' lang='lat' dir='ltr'><strong>diabole.</strong></span> <span class='ocrx_word' id='word_1_200' title='bbox 3247 1493 3303 1534; x_wconf 89' lang='lat' dir='ltr'><strong>et</strong></span> <span class='ocrx_word' id='word_1_201' title='bbox 3339 1480 3437 1534; x_wconf 61' lang='lat' dir='ltr'><strong>tibi</strong></span> <span class='ocrx_word' id='word_1_202' title='bbox 3476 1480 3586 1535; x_wconf 90' lang='lat' dir='ltr'><strong>sint</strong></span> 
     </span>
    </p>
   </div>
   <div class='ocr_carea' id='block_1_26' title="bbox 338 1567 1958 1649">
    <p class='ocr_par' dir='ltr' id='par_1_26' title="bbox 338 1574 1916 1649">
     <span class='ocr_line' id='line_1_27' title="bbox 338 1574 1916 1649; baseline -0.001 -16"><span class='ocrx_word' id='word_1_203' title='bbox 338 1579 522 1641; x_wconf 81' lang='grc' dir='ltr'><strong>αὐτοῖς</strong></span> <span class='ocrx_word' id='word_1_204' title='bbox 554 1579 623 1649; x_wconf 76' lang='grc' dir='ltr'><strong>τῇ</strong></span> <span class='ocrx_word' id='word_1_205' title='bbox 655 1578 904 1648; x_wconf 67' lang='grc' dir='ltr'><strong>ἀπωλείᾳ</strong></span> <span class='ocrx_word' id='word_1_206' title='bbox 937 1574 1314 1649; x_wconf 78' lang='grc' dir='ltr'><strong>παραδοθήση.</strong></span> <span class='ocrx_word' id='word_1_207' title='bbox 1336 1575 1398 1629; x_wconf 81' lang='lat' dir='ltr'><strong>Ei</strong></span> <span class='ocrx_word' id='word_1_208' title='bbox 1426 1575 1484 1629; x_wconf 69' lang='grc' dir='ltr'><strong>δὲ</strong></span> <span class='ocrx_word' id='word_1_209' title='bbox 1512 1576 1609 1630; x_wconf 81' lang='grc' dir='ltr'><strong>καὶ</strong></span> <span class='ocrx_word' id='word_1_210' title='bbox 1634 1577 1916 1646; x_wconf 77' lang='grc' dir='ltr'><strong>μαστίγων</strong></span> 
     </span>
    </p>
   </div>
   <div class='ocr_carea' id='block_1_27' title="bbox 1960 1567 3580 1649">
    <p class='ocr_par' dir='ltr' id='par_1_27' title="bbox 2020 1567 3580 1637">
     <span class='ocr_line' id='line_1_28' title="bbox 2020 1567 3580 1637; baseline 0.002 -15"><span class='ocrx_word' id='word_1_211' title='bbox 2020 1568 2121 1622; x_wconf 77' lang='lat' dir='ltr'><strong>soli</strong></span> <span class='ocrx_word' id='word_1_212' title='bbox 2151 1581 2167 1619; x_wconf 91' lang='lat'><strong>:</strong></span> <span class='ocrx_word' id='word_1_213' title='bbox 2204 1567 2466 1637; x_wconf 85' lang='lat' dir='ltr'><strong>quoniam</strong></span> <span class='ocrx_word' id='word_1_214' title='bbox 2502 1582 2626 1623; x_wconf 91' lang='lat' dir='ltr'><strong>cum</strong></span> <span class='ocrx_word' id='word_1_215' title='bbox 2655 1569 2737 1623; x_wconf 88' lang='lat' dir='ltr'><strong>eis</strong></span> <span class='ocrx_word' id='word_1_216' title='bbox 2769 1569 3002 1624; x_wconf 88' lang='lat' dir='ltr'><strong>traderis</strong></span> <span class='ocrx_word' id='word_1_217' title='bbox 3035 1569 3102 1624; x_wconf 82' lang='lat' dir='ltr'><strong>ad</strong></span> <span class='ocrx_word' id='word_1_218' title='bbox 3144 1570 3455 1625; x_wconf 88' lang='lat' dir='ltr'><strong>interitum.</strong></span> <span class='ocrx_word' id='word_1_219' title='bbox 3482 1569 3580 1625; x_wconf 83' lang='lat' dir='ltr'><strong>Sin</strong></span> 
     </span>
    </p>
   </div>
   <div class='ocr_carea' id='block_1_28' title="bbox 339 1658 1959 1742">
    <p class='ocr_par' dir='ltr' id='par_1_28' title="bbox 339 1663 1916 1742">
     <span class='ocr_line' id='line_1_29' title="bbox 339 1663 1916 1742; baseline -0.002 -21"><span class='ocrx_word' id='word_1_220' title='bbox 339 1670 397 1721; x_wconf 77' lang='grc' dir='ltr'><strong>έν</strong></span> <span class='ocrx_word' id='word_1_221' title='bbox 429 1666 597 1737; x_wconf 65' lang='grc' dir='ltr'><strong>πείρα</strong></span> <span class='ocrx_word' id='word_1_222' title='bbox 638 1682 705 1736; x_wconf 87' lang='grc' dir='ltr'><strong>με</strong></span> <span class='ocrx_word' id='word_1_223' title='bbox 755 1666 1011 1734; x_wconf 83' lang='grc' dir='ltr'><strong>γενέσθαι</strong></span> <span class='ocrx_word' id='word_1_224' title='bbox 1065 1663 1515 1736; x_wconf 84' lang='grc' dir='ltr'><strong>παρασκευάσεις</strong></span> <span class='ocrx_word' id='word_1_225' title='bbox 1554 1665 1649 1717; x_wconf 74' lang='grc' dir='ltr'><strong>καὶ</strong></span> <span class='ocrx_word' id='word_1_226' title='bbox 1681 1665 1798 1742; x_wconf 79' lang='grc' dir='ltr'><strong>τοῖς</strong></span> <span class='ocrx_word' id='word_1_227' title='bbox 1831 1665 1916 1719; x_wconf 75' lang='grc' dir='ltr'><strong>δε-</strong></span> 
     </span>
    </p>
   </div>
   <div class='ocr_carea' id='block_1_29' title="bbox 1965 1658 3585 1742">
    <p class='ocr_par' dir='ltr' id='par_1_29' title="bbox 2018 1658 3585 1732">
     <span class='ocr_line' id='line_1_30' title="bbox 2018 1658 3585 1732; baseline 0.001 -17"><span class='ocrx_word' id='word_1_228' title='bbox 2018 1668 2201 1715; x_wconf 86' lang='lat' dir='ltr'><strong>autcm</strong></span> <span class='ocrx_word' id='word_1_229' title='bbox 2236 1658 2461 1725; x_wconf 76' lang='lat' dir='ltr'><strong>cﬂicics,</strong></span> <span class='ocrx_word' id='word_1_230' title='bbox 2505 1671 2565 1714; x_wconf 92' lang='lat' dir='ltr'><strong>ut</strong></span> <span class='ocrx_word' id='word_1_231' title='bbox 2590 1661 2930 1731; x_wconf 83' lang='lat' dir='ltr'><strong>ﬂagellorum</strong></span> <span class='ocrx_word' id='word_1_232' title='bbox 2966 1676 3187 1731; x_wconf 88' lang='lat' dir='ltr'><strong>quoque</strong></span> <span class='ocrx_word' id='word_1_233' title='bbox 3216 1661 3409 1717; x_wconf 83' lang='lat' dir='ltr'><strong>Iaciam</strong></span> <span class='ocrx_word' id='word_1_234' title='bbox 3439 1663 3585 1732; x_wconf 85' lang='lat' dir='ltr'><strong>peri-</strong></span> 
     </span>
    </p>
   </div>
   <div class='ocr_carea' id='block_1_30' title="bbox 342 1750 1962 1831">
    <p class='ocr_par' dir='ltr' id='par_1_30' title="bbox 342 1755 1962 1831">
     <span class='ocr_line' id='line_1_31' title="bbox 342 1755 1962 1831; baseline -0.001 -19"><span class='ocrx_word' id='word_1_235' title='bbox 342 1760 500 1831; x_wconf 86' lang='grc' dir='ltr'><strong>σμοῖς</strong></span> <span class='ocrx_word' id='word_1_236' title='bbox 537 1755 756 1821; x_wconf 81' lang='grc' dir='ltr'><strong>τούτοις</strong></span> <span class='ocrx_word' id='word_1_237' title='bbox 809 1756 907 1810; x_wconf 75' lang='grc' dir='ltr'><strong>καὶ</strong></span> <span class='ocrx_word' id='word_1_238' title='bbox 953 1757 1066 1819; x_wconf 86' lang='grc' dir='ltr'><strong>τοῖς</strong></span> <span class='ocrx_word' id='word_1_239' title='bbox 1126 1756 1333 1821; x_wconf 77' lang='grc' dir='ltr'>κλοιοῖς</span> <span class='ocrx_word' id='word_1_240' title='bbox 1370 1756 1625 1827; x_wconf 80' lang='grc' dir='ltr'><strong>βαρυνεῖς</strong></span> <span class='ocrx_word' id='word_1_241' title='bbox 1659 1756 1753 1811; x_wconf 80' lang='grc' dir='ltr'><strong>τὸν</strong></span> <span class='ocrx_word' id='word_1_242' title='bbox 1783 1758 1916 1829; x_wconf 67' lang='grc' dir='ltr'><strong>ἐμὸν</strong></span> <span class='ocrx_word' id='word_1_243' title='bbox 1950 1820 1962 1831; x_wconf 48' lang='grc' dir='ltr'><strong>Ι</strong></span> 
     </span>
    </p>
   </div>
   <div class='ocr_carea' id='block_1_31' title="bbox 1962 1750 3582 1831">
    <p class='ocr_par' dir='ltr' id='par_1_31' title="bbox 1962 1750 3582 1831">
     <span class='ocr_line' id='line_1_32' title="bbox 1962 1750 3582 1831; baseline 0.001 -26"><span class='ocrx_word' id='word_1_244' title='bbox 1962 1820 1987 1831; x_wconf 78' lang='lat'><strong><em>_</em></strong></span> <span class='ocrx_word' id='word_1_245' title='bbox 2018 1752 2223 1815; x_wconf 89' lang='lat' dir='ltr'><strong>culum,</strong></span> <span class='ocrx_word' id='word_1_246' title='bbox 2246 1760 2302 1806; x_wconf 91' lang='lat' dir='ltr'><strong>et</strong></span> <span class='ocrx_word' id='word_1_247' title='bbox 2325 1751 2412 1806; x_wconf 89' lang='lat' dir='ltr'><strong>his</strong></span> <span class='ocrx_word' id='word_1_248' title='bbox 2433 1751 2670 1807; x_wconf 76' lang='lat' dir='ltr'><strong>vinculis</strong></span> <span class='ocrx_word' id='word_1_249' title='bbox 2698 1762 2754 1806; x_wconf 86' lang='lat' dir='ltr'><strong>et</strong></span> <span class='ocrx_word' id='word_1_250' title='bbox 2782 1750 3079 1807; x_wconf 85' lang='lat' dir='ltr'><strong>collaribus</strong></span> <span class='ocrx_word' id='word_1_251' title='bbox 3099 1752 3350 1821; x_wconf 87' lang='lat' dir='ltr'><strong>gravabis</strong></span> <span class='ocrx_word' id='word_1_252' title='bbox 3383 1753 3582 1807; x_wconf 89' lang='lat' dir='ltr'><strong>collum</strong></span> 
     </span>
    </p>
   </div>
   <div class='ocr_carea' id='block_1_32' title="bbox 337 1820 1957 1920">
    <p class='ocr_par' dir='ltr' id='par_1_32' title="bbox 337 1820 1957 1920">
     <span class='ocr_line' id='line_1_33' title="bbox 337 1820 1957 1920; baseline -0.001 -15"><span class='ocrx_word' id='word_1_253' title='bbox 337 1820 565 1920; x_wconf 66' lang='grc' dir='ltr'><strong>αύκένα,</strong></span> <span class='ocrx_word' id='word_1_254' title='bbox 598 1850 720 1902; x_wconf 85' lang='grc' dir='ltr'><strong>τότε</strong></span> <span class='ocrx_word' id='word_1_255' title='bbox 747 1849 812 1918; x_wconf 81' lang='grc' dir='ltr'><strong>δὴ</strong></span> <span class='ocrx_word' id='word_1_256' title='bbox 846 1849 940 1903; x_wconf 71' lang='grc' dir='ltr'><strong>καὶ</strong></span> <span class='ocrx_word' id='word_1_257' title='bbox 972 1848 1177 1918; x_wconf 80' lang='grc' dir='ltr'><strong>μᾶλλον</strong></span> <span class='ocrx_word' id='word_1_258' title='bbox 1214 1847 1291 1911; x_wconf 84' lang='grc' dir='ltr'><strong>ὡς</strong></span> <span class='ocrx_word' id='word_1_259' title='bbox 1321 1820 1528 1919; x_wconf 74' lang='grc' dir='ltr'><strong>κδσμον</strong></span> <span class='ocrx_word' id='word_1_260' title='bbox 1580 1849 1701 1904; x_wconf 81' lang='grc' dir='ltr'><strong>τινὰ</strong></span> <span class='ocrx_word' id='word_1_261' title='bbox 1741 1820 1910 1904; x_wconf 76' lang='grc' dir='ltr'><strong>ἐπαυ-</strong></span> <span class='ocrx_word' id='word_1_262' title='bbox 1950 1820 1957 1873; x_wconf 69' lang='grc'><strong>1</strong></span> 
     </span>
    </p>
   </div>
   <div class='ocr_carea' id='block_1_33' title="bbox 1964 1820 3584 1920">
    <p class='ocr_par' dir='ltr' id='par_1_33' title="bbox 1964 1820 3584 1914">
     <span class='ocr_line' id='line_1_34' title="bbox 1964 1820 3584 1914; baseline 0.002 -18"><span class='ocrx_word' id='word_1_263' title='bbox 1964 1820 1990 1873; x_wconf 62' lang='grc' dir='ltr'><strong><em>Β</em></strong></span> <span class='ocrx_word' id='word_1_264' title='bbox 2020 1857 2227 1907; x_wconf 89' lang='lat' dir='ltr'><strong>meum,</strong></span> <span class='ocrx_word' id='word_1_265' title='bbox 2258 1853 2387 1897; x_wconf 90' lang='lat' dir='ltr'><strong>tunc</strong></span> <span class='ocrx_word' id='word_1_266' title='bbox 2419 1851 2675 1913; x_wconf 83' lang='lat' dir='ltr'><strong>tanquam</strong></span> <span class='ocrx_word' id='word_1_267' title='bbox 2722 1842 2942 1914; x_wconf 80' lang='lat' dir='ltr'><strong>aliquod</strong></span> <span class='ocrx_word' id='word_1_268' title='bbox 2994 1844 3120 1900; x_wconf 91' lang='lat' dir='ltr'><strong>colli</strong></span> <span class='ocrx_word' id='word_1_269' title='bbox 3167 1855 3546 1901; x_wconf 77' lang='lat' dir='ltr'><strong>ornamentum</strong></span> <span class='ocrx_word' id='word_1_270' title='bbox 3569 1884 3584 1909; x_wconf 90' lang='lat'><strong>,</strong></span> 
     </span>
    </p>
   </div>
   <div class='ocr_carea' id='block_1_34' title="bbox 337 1934 1957 2012">
    <p class='ocr_par' dir='ltr' id='par_1_34' title="bbox 337 1936 1915 2012">
     <span class='ocr_line' id='line_1_35' title="bbox 337 1936 1915 2012; baseline 0.001 -20"><span class='ocrx_word' id='word_1_271' title='bbox 337 1941 513 2011; x_wconf 80' lang='grc' dir='ltr'><strong>χένιον</strong></span> <span class='ocrx_word' id='word_1_272' title='bbox 542 1939 637 1993; x_wconf 77' lang='grc' dir='ltr'><strong>τὸν</strong></span> <span class='ocrx_word' id='word_1_273' title='bbox 657 1938 811 2006; x_wconf 83' lang='grc' dir='ltr'><strong>παρὰ</strong></span> <span class='ocrx_word' id='word_1_274' title='bbox 846 1936 939 1991; x_wconf 82' lang='grc' dir='ltr'><strong>σοῦ</strong></span> <span class='ocrx_word' id='word_1_275' title='bbox 967 1938 1145 1992; x_wconf 81' lang='grc' dir='ltr'><strong>κλοιὸν</strong></span> <span class='ocrx_word' id='word_1_276' title='bbox 1167 1938 1413 2009; x_wconf 83' lang='grc' dir='ltr'><strong>φέρουσα</strong></span> <span class='ocrx_word' id='word_1_277' title='bbox 1444 1941 1651 2012; x_wconf 77' lang='grc' dir='ltr'>ἀρεστὴ</span> <span class='ocrx_word' id='word_1_278' title='bbox 1673 1941 1769 1996; x_wconf 79' lang='grc' dir='ltr'><strong>καὶ</strong></span> <span class='ocrx_word' id='word_1_279' title='bbox 1794 1942 1915 1994; x_wconf 72' lang='grc' dir='ltr'><strong>ἐπί-</strong></span> 
     </span>
    </p>
   </div>
   <div class='ocr_carea' id='block_1_35' title="bbox 1966 1934 3586 2012">
    <p class='ocr_par' dir='ltr' id='par_1_35' title="bbox 2019 1934 3586 2008">
     <span class='ocr_line' id='line_1_36' title="bbox 2019 1934 3586 2008; baseline 0.002 -19"><span class='ocrx_word' id='word_1_280' title='bbox 2019 1934 2167 2005; x_wconf 92' lang='lat' dir='ltr'><strong>quod</strong></span> <span class='ocrx_word' id='word_1_281' title='bbox 2200 1934 2332 1989; x_wconf 80' lang='lat' dir='ltr'><strong>mihi</strong></span> <span class='ocrx_word' id='word_1_282' title='bbox 2364 1936 2633 2004; x_wconf 87' lang='lat' dir='ltr'><strong>impones,</strong></span> <span class='ocrx_word' id='word_1_283' title='bbox 2666 1936 2869 1991; x_wconf 89' lang='lat' dir='ltr'><strong>eollare</strong></span> <span class='ocrx_word' id='word_1_284' title='bbox 2896 1948 3115 2008; x_wconf 80' lang='lat' dir='ltr'><strong>gestans</strong></span> <span class='ocrx_word' id='word_1_285' title='bbox 3135 1979 3150 2003; x_wconf 93' lang='lat'><strong>,</strong></span> <span class='ocrx_word' id='word_1_286' title='bbox 3179 1937 3397 1993; x_wconf 82' lang='lat' dir='ltr'><strong>Christo</strong></span> <span class='ocrx_word' id='word_1_287' title='bbox 3421 1952 3586 2008; x_wconf 83' lang='lat' dir='ltr'><strong>appa-</strong></span> 
     </span>
    </p>
   </div>
   <div class='ocr_carea' id='block_1_36' title="bbox 346 2027 1966 2103">
    <p class='ocr_par' dir='ltr' id='par_1_36' title="bbox 346 2027 1914 2103">
     <span class='ocr_line' id='line_1_37' title="bbox 346 2027 1914 2103; baseline 0.003 -21"><span class='ocrx_word' id='word_1_288' title='bbox 346 2047 509 2100; x_wconf 85' lang='grc' dir='ltr'><strong>χαρις</strong></span> <span class='ocrx_word' id='word_1_289' title='bbox 528 2027 605 2100; x_wconf 88' lang='grc' dir='ltr'><strong>τῷ</strong></span> <span class='ocrx_word' id='word_1_290' title='bbox 637 2028 859 2100; x_wconf 81' lang='grc' dir='ltr'>Χριστῷ</span> <span class='ocrx_word' id='word_1_291' title='bbox 886 2027 1164 2097; x_wconf 78' lang='grc' dir='ltr'><strong>φανοῦμαι</strong></span> <span class='ocrx_word' id='word_1_292' title='bbox 1191 2044 1205 2059; x_wconf 76' lang='grc' dir='ltr'><strong>ο</strong></span> <span class='ocrx_word' id='word_1_293' title='bbox 1254 2028 1340 2081; x_wconf 81' lang='grc' dir='ltr'><strong>δτι</strong></span> <span class='ocrx_word' id='word_1_294' title='bbox 1373 2029 1536 2094; x_wconf 81' lang='grc' dir='ltr'><strong>αὐτός</strong></span> <span class='ocrx_word' id='word_1_295' title='bbox 1570 2033 1687 2085; x_wconf 78' lang='grc' dir='ltr'><strong>ἐστι</strong></span> <span class='ocrx_word' id='word_1_296' title='bbox 1726 2031 1914 2103; x_wconf 70' lang='grc' dir='ltr'><strong>Σωτήρ</strong></span> 
     </span>
    </p>
   </div>
   <div class='ocr_carea' id='block_1_37' title="bbox 1967 2027 3587 2103">
    <p class='ocr_par' dir='ltr' id='par_1_37' title="bbox 2020 2027 3587 2099">
     <span class='ocr_line' id='line_1_38' title="bbox 2020 2027 3587 2099; baseline 0.001 -19"><span class='ocrx_word' id='word_1_297' title='bbox 2020 2027 2152 2082; x_wconf 87' lang='lat' dir='ltr'><strong>rebo</strong></span> <span class='ocrx_word' id='word_1_298' title='bbox 2181 2031 2388 2098; x_wconf 80' lang='lat' dir='ltr'><strong>gratior</strong></span> <span class='ocrx_word' id='word_1_299' title='bbox 2416 2035 2471 2080; x_wconf 90' lang='lat' dir='ltr'><strong>et</strong></span> <span class='ocrx_word' id='word_1_300' title='bbox 2500 2027 2787 2083; x_wconf 79' lang='lat' dir='ltr'><strong>venustior</strong></span> <span class='ocrx_word' id='word_1_301' title='bbox 2817 2044 2833 2083; x_wconf 90' lang='lat'><strong>:</strong></span> <span class='ocrx_word' id='word_1_302' title='bbox 2861 2029 3118 2098; x_wconf 88' lang='lat' dir='ltr'><strong>quoniam</strong></span> <span class='ocrx_word' id='word_1_303' title='bbox 3169 2030 3283 2099; x_wconf 87' lang='lat' dir='ltr'><strong>ipse</strong></span> <span class='ocrx_word' id='word_1_304' title='bbox 3328 2040 3413 2084; x_wconf 89' lang='lat' dir='ltr'><strong>est</strong></span> <span class='ocrx_word' id='word_1_305' title='bbox 3461 2029 3587 2084; x_wconf 86' lang='lat' dir='ltr'><strong>Ser-</strong></span> 
     </span>
    </p>
   </div>
   <div class='ocr_carea' id='block_1_38' title="bbox 353 2116 1973 2195">
    <p class='ocr_par' dir='ltr' id='par_1_38' title="bbox 353 2120 1913 2195">
     <span class='ocr_line' id='line_1_39' title="bbox 353 2120 1913 2195; baseline 0 -19"><span class='ocrx_word' id='word_1_306' title='bbox 353 2138 456 2192; x_wconf 79' lang='grc' dir='ltr'><strong>μσυ</strong></span> <span class='ocrx_word' id='word_1_307' title='bbox 501 2124 600 2176; x_wconf 78' lang='grc' dir='ltr'><strong>καὶ</strong></span> <span class='ocrx_word' id='word_1_308' title='bbox 650 2121 1004 2191; x_wconf 69' lang='grc' dir='ltr'><strong>ἁν-ςιληπτωρ</strong></span> <span class='ocrx_word' id='word_1_309' title='bbox 1032 2136 1133 2190; x_wconf 92' lang='grc' dir='ltr'><strong>μου</strong></span> <span class='ocrx_word' id='word_1_310' title='bbox 1165 2120 1259 2177; x_wconf 75' lang='grc' dir='ltr'><strong>καὶ</strong></span> <span class='ocrx_word' id='word_1_311' title='bbox 1304 2120 1396 2173; x_wconf 66' lang='grc' dir='ltr'><strong>ἐπ’</strong></span> <span class='ocrx_word' id='word_1_312' title='bbox 1425 2120 1575 2193; x_wconf 76' lang='grc' dir='ltr'><strong>αὐτῷ</strong></span> <span class='ocrx_word' id='word_1_313' title='bbox 1605 2122 1833 2194; x_wconf 69' lang='grc' dir='ltr'><strong>ἤλπισεν</strong></span> <span class='ocrx_word' id='word_1_314' title='bbox 1881 2127 1913 2195; x_wconf 78' lang='grc' dir='ltr'><strong>η</strong></span> 
     </span>
    </p>
   </div>
   <div class='ocr_carea' id='block_1_39' title="bbox 1966 2116 3586 2195">
    <p class='ocr_par' dir='ltr' id='par_1_39' title="bbox 2020 2116 3586 2187">
     <span class='ocr_line' id='line_1_40' title="bbox 2020 2116 3586 2187; baseline -0.001 -15"><span class='ocrx_word' id='word_1_315' title='bbox 2020 2127 2177 2173; x_wconf 87' lang='lat' dir='ltr'><strong>vator</strong></span> <span class='ocrx_word' id='word_1_316' title='bbox 2209 2132 2363 2173; x_wconf 88' lang='lat' dir='ltr'><strong>meus</strong></span> <span class='ocrx_word' id='word_1_317' title='bbox 2404 2126 2462 2172; x_wconf 90' lang='lat' dir='ltr'><strong>et</strong></span> <span class='ocrx_word' id='word_1_318' title='bbox 2504 2116 2766 2174; x_wconf 78' lang='lat' dir='ltr'><strong>defensor</strong></span> <span class='ocrx_word' id='word_1_319' title='bbox 2804 2133 2959 2173; x_wconf 90' lang='lat' dir='ltr'><strong>meus</strong></span> <span class='ocrx_word' id='word_1_320' title='bbox 2984 2160 2999 2184; x_wconf 89' lang='lat'><strong>,</strong></span> <span class='ocrx_word' id='word_1_321' title='bbox 3034 2129 3090 2172; x_wconf 90' lang='lat' dir='ltr'><strong>et</strong></span> <span class='ocrx_word' id='word_1_322' title='bbox 3135 2119 3187 2173; x_wconf 89' lang='lat' dir='ltr'><strong>in</strong></span> <span class='ocrx_word' id='word_1_323' title='bbox 3243 2134 3309 2174; x_wconf 92' lang='lat' dir='ltr'><strong>eo</strong></span> <span class='ocrx_word' id='word_1_324' title='bbox 3342 2118 3586 2187; x_wconf 78' lang='lat' dir='ltr'><strong>speravit</strong></span> 
     </span>
    </p>
   </div>
   <div class='ocr_carea' id='block_1_40' title="bbox 340 2208 1960 2279">
    <p class='ocr_par' dir='ltr' id='par_1_40' title="bbox 340 2208 704 2279">
     <span class='ocr_line' id='line_1_41' title="bbox 340 2208 704 2279; baseline -0.008 -15"><span class='ocrx_word' id='word_1_325' title='bbox 340 2208 539 2277; x_wconf 78' lang='grc' dir='ltr'><strong>καρδία</strong></span> <span class='ocrx_word' id='word_1_326' title='bbox 575 2223 704 2279; x_wconf 87' lang='grc' dir='ltr'><strong>μου.</strong></span> 
     </span>
    </p>
   </div>
   <div class='ocr_carea' id='block_1_41' title="bbox 772 2208 2392 2279">
    <p class='ocr_par' dir='ltr' id='par_1_41' title="bbox 2019 2208 2392 2265">
     <span class='ocr_line' id='line_1_42' title="bbox 2019 2208 2392 2265; baseline 0 0"><span class='ocrx_word' id='word_1_327' title='bbox 2019 2225 2115 2265; x_wconf 87' lang='lat' dir='ltr'><strong>cor</strong></span> <span class='ocrx_word' id='word_1_328' title='bbox 2139 2224 2319 2264; x_wconf 87' lang='lat' dir='ltr'><strong>meum</strong></span> <span class='ocrx_word' id='word_1_329' title='bbox 2349 2208 2392 2265; x_wconf 78' lang='grc'><strong>⁸.</strong></span> 
     </span>
    </p>
   </div>
   <div class='ocr_carea' id='block_1_42' title="bbox 411 2293 2031 2375">
    <p class='ocr_par' dir='ltr' id='par_1_42' title="bbox 411 2293 1916 2375">
     <span class='ocr_line' id='line_1_43' title="bbox 411 2293 1916 2375; baseline -0.007 -18"><span class='ocrx_word' id='word_1_330' title='bbox 411 2298 547 2357; x_wconf 70' lang='grc' dir='ltr'><strong>κη’.</strong></span> <span class='ocrx_word' id='word_1_331' title='bbox 574 2298 685 2367; x_wconf 83' lang='grc' dir='ltr'><strong>Τῆς</strong></span> <span class='ocrx_word' id='word_1_332' title='bbox 709 2293 801 2353; x_wconf 76' lang='grc' dir='ltr'><strong>οὗν</strong></span> <span class='ocrx_word' id='word_1_333' title='bbox 830 2299 1252 2370; x_wconf 76' lang='grc' dir='ltr'><strong>μεγαλοψυχίας</strong></span> <span class='ocrx_word' id='word_1_334' title='bbox 1301 2300 1601 2367; x_wconf 76' lang='grc' dir='ltr'><strong>ἐκπλαγεὶς</strong></span> <span class='ocrx_word' id='word_1_335' title='bbox 1637 2301 1736 2372; x_wconf 78' lang='grc' dir='ltr'><strong>τὴν</strong></span> <span class='ocrx_word' id='word_1_336' title='bbox 1773 2304 1916 2375; x_wconf 71' lang='grc' dir='ltr'><strong>μὰρ..</strong></span> 
     </span>
    </p>
   </div>
   <div class='ocr_carea' id='block_1_43' title="bbox 1958 2293 3578 2375">
    <p class='ocr_par' dir='ltr' id='par_1_43' title="bbox 2092 2300 3578 2373">
     <span class='ocr_line' id='line_1_44' title="bbox 2092 2300 3578 2373; baseline -0.001 -18"><span class='ocrx_word' id='word_1_337' title='bbox 2092 2300 2324 2356; x_wconf 70' lang='lat' dir='ltr'><strong>XXVIII.</strong></span> <span class='ocrx_word' id='word_1_338' title='bbox 2378 2301 2632 2373; x_wconf 77' lang='lat' dir='ltr'><strong>Martyris</strong></span> <span class='ocrx_word' id='word_1_339' title='bbox 2681 2303 2871 2372; x_wconf 85' lang='lat' dir='ltr'><strong>itaque</strong></span> <span class='ocrx_word' id='word_1_340' title='bbox 2926 2301 3093 2356; x_wconf 82' lang='lat' dir='ltr'><strong>animi</strong></span> <span class='ocrx_word' id='word_1_341' title='bbox 3144 2301 3578 2371; x_wconf 71' lang='lat' dir='ltr'><strong>magnitudinem</strong></span> 
     </span>
    </p>
   </div>
   <div class='ocr_carea' id='block_1_44' title="bbox 340 2386 1960 2465">
    <p class='ocr_par' dir='ltr' id='par_1_44' title="bbox 340 2386 1917 2465">
     <span class='ocr_line' id='line_1_45' title="bbox 340 2386 1917 2465; baseline 0.001 -18"><span class='ocrx_word' id='word_1_342' title='bbox 340 2409 479 2465; x_wconf 85' lang='grc' dir='ltr'><strong>τυρα</strong></span> <span class='ocrx_word' id='word_1_343' title='bbox 507 2395 536 2447; x_wconf 83' lang='grc' dir='ltr'>ὁ</span> <span class='ocrx_word' id='word_1_344' title='bbox 564 2390 866 2455; x_wconf 80' lang='grc' dir='ltr'><strong>Οὐλπιανὸς</strong></span> <span class='ocrx_word' id='word_1_345' title='bbox 892 2396 988 2445; x_wconf 69' lang='grc' dir='ltr'><strong>καὶ</strong></span> <span class='ocrx_word' id='word_1_346' title='bbox 1018 2396 1193 2463; x_wconf 80' lang='grc' dir='ltr'><strong>χρόνῳ</strong></span> <span class='ocrx_word' id='word_1_347' title='bbox 1233 2394 1471 2463; x_wconf 73' lang='grc' dir='ltr'><strong>μαλάξαι</strong></span> <span class='ocrx_word' id='word_1_348' title='bbox 1505 2386 1605 2464; x_wconf 73' lang='grc' dir='ltr'><strong>τὴν</strong></span> <span class='ocrx_word' id='word_1_349' title='bbox 1637 2395 1917 2449; x_wconf 85' lang='grc' dir='ltr'><strong>άνένδοτον</strong></span> 
     </span>
    </p>
   </div>
   <div class='ocr_carea' id='block_1_45' title="bbox 1967 2386 3587 2465">
    <p class='ocr_par' dir='ltr' id='par_1_45' title="bbox 2018 2391 3587 2464">
     <span class='ocr_line' id='line_1_46' title="bbox 2018 2391 3587 2464; baseline -0.001 -15"><span class='ocrx_word' id='word_1_350' title='bbox 2018 2394 2323 2449; x_wconf 82' lang='lat' dir='ltr'><strong>admiratus</strong></span> <span class='ocrx_word' id='word_1_351' title='bbox 2354 2394 2641 2464; x_wconf 78' lang='lat' dir='ltr'><strong>Ulpianus.</strong></span> <span class='ocrx_word' id='word_1_352' title='bbox 2674 2405 2731 2449; x_wconf 90' lang='lat' dir='ltr'><strong>et</strong></span> <span class='ocrx_word' id='word_1_353' title='bbox 2760 2401 2912 2449; x_wconf 84' lang='lat' dir='ltr'><strong>ratus</strong></span> <span class='ocrx_word' id='word_1_354' title='bbox 2939 2393 3055 2449; x_wconf 81' lang='lat' dir='ltr'><strong>fore</strong></span> <span class='ocrx_word' id='word_1_355' title='bbox 3085 2404 3144 2448; x_wconf 92' lang='lat' dir='ltr'><strong>ut</strong></span> <span class='ocrx_word' id='word_1_356' title='bbox 3187 2407 3307 2448; x_wconf 87' lang='lat' dir='ltr'><strong>eam</strong></span> <span class='ocrx_word' id='word_1_357' title='bbox 3342 2391 3587 2447; x_wconf 87' lang='lat' dir='ltr'><strong>molliret</strong></span> 
     </span>
    </p>
   </div>
   <div class='ocr_carea' id='block_1_46' title="bbox 342 2483 1962 2556">
    <p class='ocr_par' dir='ltr' id='par_1_46' title="bbox 342 2484 1917 2556">
     <span class='ocr_line' id='line_1_47' title="bbox 342 2484 1917 2556; baseline 0.004 -20"><span class='ocrx_word' id='word_1_358' title='bbox 342 2484 549 2555; x_wconf 70' lang='grc' dir='ltr'><strong>οἰηθεὶς</strong></span> <span class='ocrx_word' id='word_1_359' title='bbox 577 2485 659 2547; x_wconf 79' lang='grc' dir='ltr'><strong>είς</strong></span> <span class='ocrx_word' id='word_1_360' title='bbox 684 2484 875 2556; x_wconf 79' lang='grc' dir='ltr'><strong>τρίτην</strong></span> <span class='ocrx_word' id='word_1_361' title='bbox 900 2485 1116 2555; x_wconf 80' lang='grc' dir='ltr'><strong>ἡμέραν</strong></span> <span class='ocrx_word' id='word_1_362' title='bbox 1138 2484 1513 2540; x_wconf 79' lang='grc' dir='ltr'><strong>ἀναϐαλέσθαι</strong></span> <span class='ocrx_word' id='word_1_363' title='bbox 1538 2487 1607 2539; x_wconf 81' lang='grc' dir='ltr'><strong>τά</strong></span> <span class='ocrx_word' id='word_1_364' title='bbox 1636 2486 1765 2555; x_wconf 79' lang='grc' dir='ltr'><strong>περὶ</strong></span> <span class='ocrx_word' id='word_1_365' title='bbox 1801 2488 1917 2542; x_wconf 78' lang='grc' dir='ltr'><strong>αύ-</strong></span> 
     </span>
    </p>
   </div>
   <div class='ocr_carea' id='block_1_47' title="bbox 1972 2483 3592 2556">
    <p class='ocr_par' dir='ltr' id='par_1_47' title="bbox 2022 2483 3592 2556">
     <span class='ocr_line' id='line_1_48' title="bbox 2022 2483 3592 2556; baseline -0.001 -13"><span class='ocrx_word' id='word_1_366' title='bbox 2022 2496 2286 2556; x_wconf 88' lang='lat' dir='ltr'><strong>tempore,</strong></span> <span class='ocrx_word' id='word_1_367' title='bbox 2318 2502 2439 2556; x_wconf 79' lang='lat' dir='ltr'><strong>qua:</strong></span> <span class='ocrx_word' id='word_1_368' title='bbox 2469 2486 2663 2541; x_wconf 87' lang='lat' dir='ltr'><strong>cedere</strong></span> <span class='ocrx_word' id='word_1_369' title='bbox 2712 2486 2974 2549; x_wconf 84' lang='lat' dir='ltr'><strong>nolebat,</strong></span> <span class='ocrx_word' id='word_1_370' title='bbox 3024 2486 3079 2540; x_wconf 91' lang='lat' dir='ltr'><strong>in</strong></span> <span class='ocrx_word' id='word_1_371' title='bbox 3131 2484 3315 2539; x_wconf 88' lang='lat' dir='ltr'><strong>animo</strong></span> <span class='ocrx_word' id='word_1_372' title='bbox 3354 2483 3592 2541; x_wconf 82' lang='lat' dir='ltr'><strong>habebat</strong></span> 
     </span>
    </p>
   </div>
   <div class='ocr_carea' id='block_1_48' title="bbox 344 2573 1964 2651">
    <p class='ocr_par' dir='ltr' id='par_1_48' title="bbox 344 2575 1918 2651">
     <span class='ocr_line' id='line_1_49' title="bbox 344 2575 1918 2651; baseline 0.004 -23"><span class='ocrx_word' id='word_1_373' title='bbox 344 2579 439 2648; x_wconf 70' lang='grc' dir='ltr'><strong>τῆς</strong></span> <span class='ocrx_word' id='word_1_374' title='bbox 465 2576 843 2632; x_wconf 68' lang='grc' dir='ltr'><strong>διεσκέπτετο.</strong></span> <span class='ocrx_word' id='word_1_375' title='bbox 882 2575 947 2630; x_wconf 84' lang='grc' dir='ltr'><strong>Ἦ</strong></span> <span class='ocrx_word' id='word_1_376' title='bbox 968 2577 1026 2629; x_wconf 71' lang='grc' dir='ltr'><strong>δὲ</strong></span> <span class='ocrx_word' id='word_1_377' title='bbox 1057 2577 1194 2648; x_wconf 79' lang='grc' dir='ltr'><strong>πρὸς</strong></span> <span class='ocrx_word' id='word_1_378' title='bbox 1225 2577 1387 2631; x_wconf 76' lang='grc' dir='ltr'><strong>αὐτὸν</strong></span> <span class='ocrx_word' id='word_1_379' title='bbox 1415 2580 1482 2647; x_wconf 76' lang='grc' dir='ltr'><strong>τῇ</strong></span> <span class='ocrx_word' id='word_1_380' title='bbox 1506 2578 1762 2651; x_wconf 73' lang='grc' dir='ltr'><strong>διατριϐῇ</strong></span> <span class='ocrx_word' id='word_1_381' title='bbox 1790 2579 1918 2634; x_wconf 85' lang='grc' dir='ltr'><strong>δυσ-</strong></span> 
     </span>
    </p>
   </div>
   <div class='ocr_carea' id='block_1_49' title="bbox 1966 2573 3586 2651">
    <p class='ocr_par' dir='ltr' id='par_1_49' title="bbox 2017 2573 3586 2649">
     <span class='ocr_line' id='line_1_50' title="bbox 2017 2573 3586 2649; baseline -0.004 -15"><span class='ocrx_word' id='word_1_382' title='bbox 2017 2580 2139 2649; x_wconf 84' lang='lat' dir='ltr'><strong>ejus</strong></span> <span class='ocrx_word' id='word_1_383' title='bbox 2165 2593 2380 2635; x_wconf 86' lang='lat' dir='ltr'><strong>causam</strong></span> <span class='ocrx_word' id='word_1_384' title='bbox 2412 2577 2637 2633; x_wconf 72' lang='lat' dir='ltr'><strong>diﬁcrre</strong></span> <span class='ocrx_word' id='word_1_385' title='bbox 2672 2578 2726 2632; x_wconf 92' lang='lat' dir='ltr'><strong>in</strong></span> <span class='ocrx_word' id='word_1_386' title='bbox 2756 2578 2982 2634; x_wconf 86' lang='lat' dir='ltr'><strong>tertium</strong></span> <span class='ocrx_word' id='word_1_387' title='bbox 3016 2576 3186 2631; x_wconf 86' lang='lat' dir='ltr'><strong>diem.</strong></span> <span class='ocrx_word' id='word_1_388' title='bbox 3238 2575 3333 2630; x_wconf 87' lang='lat' dir='ltr'><strong>Illa</strong></span> <span class='ocrx_word' id='word_1_389' title='bbox 3364 2589 3495 2633; x_wconf 81' lang='lat' dir='ltr'><strong>vero</strong></span> <span class='ocrx_word' id='word_1_390' title='bbox 3533 2573 3586 2628; x_wconf 89' lang='lat' dir='ltr'><strong>ei</strong></span> 
     </span>
    </p>
   </div>
   <div class='ocr_carea' id='block_1_50' title="bbox 345 2665 1965 2744">
    <p class='ocr_par' dir='ltr' id='par_1_50' title="bbox 345 2668 1917 2744">
     <span class='ocr_line' id='line_1_51' title="bbox 345 2668 1917 2744; baseline 0.004 -23"><span class='ocrx_word' id='word_1_391' title='bbox 345 2668 708 2740; x_wconf 72' lang='grc' dir='ltr'><strong>χεραίνουσαο</strong></span> <span class='ocrx_word' id='word_1_392' title='bbox 763 2668 902 2739; x_wconf 81' lang='grc' dir='ltr'><strong>Ἤδη</strong></span> <span class='ocrx_word' id='word_1_393' title='bbox 940 2686 1031 2739; x_wconf 85' lang='grc' dir='ltr'><strong>μοι</strong></span> <span class='ocrx_word' id='word_1_394' title='bbox 1083 2670 1184 2737; x_wconf 72' lang='grc' dir='ltr'><strong>τὰς</strong></span> <span class='ocrx_word' id='word_1_395' title='bbox 1220 2672 1375 2741; x_wconf 81' lang='grc' dir='ltr'><strong>τρεῖς</strong></span> <span class='ocrx_word' id='word_1_396' title='bbox 1435 2671 1642 2734; x_wconf 88' lang='grc' dir='ltr'><strong>ταύτας</strong></span> <span class='ocrx_word' id='word_1_397' title='bbox 1703 2672 1917 2744; x_wconf 74' lang='grc' dir='ltr'><strong>ἡμέρας</strong></span> 
     </span>
    </p>
   </div>
   <div class='ocr_carea' id='block_1_51' title="bbox 1968 2665 3588 2744">
    <p class='ocr_par' dir='ltr' id='par_1_51' title="bbox 2032 2665 3588 2740">
     <span class='ocr_line' id='line_1_52' title="bbox 2032 2665 3588 2740; baseline -0.003 -18"><span class='ocrx_word' id='word_1_398' title='bbox 2032 2678 2260 2740; x_wconf 85' lang='lat' dir='ltr'><strong>propter</strong></span> <span class='ocrx_word' id='word_1_399' title='bbox 2294 2684 2501 2723; x_wconf 84' lang='lat' dir='ltr'><strong>moram</strong></span> <span class='ocrx_word' id='word_1_400' title='bbox 2535 2669 2822 2738; x_wconf 84' lang='lat' dir='ltr'><strong>indignans</strong></span> <span class='ocrx_word' id='word_1_401' title='bbox 2851 2687 2863 2722; x_wconf 91' lang='lat'><strong>:</strong></span> <span class='ocrx_word' id='word_1_402' title='bbox 2889 2670 3006 2724; x_wconf 79' lang='lat' dir='ltr'><strong>Jam</strong></span> <span class='ocrx_word' id='word_1_403' title='bbox 3034 2709 3049 2730; x_wconf 89' lang='lat'><strong>,</strong></span> <span class='ocrx_word' id='word_1_404' title='bbox 3099 2667 3295 2737; x_wconf 85' lang='lat' dir='ltr'><strong>inquit,</strong></span> <span class='ocrx_word' id='word_1_405' title='bbox 3338 2665 3588 2721; x_wconf 76' lang='lat' dir='ltr'><strong>existima</strong></span> 
     </span>
    </p>
   </div>
   <div class='ocr_carea' id='block_1_52' title="bbox 349 2756 1969 2833">
    <p class='ocr_par' dir='ltr' id='par_1_52' title="bbox 349 2758 1920 2833">
     <span class='ocr_line' id='line_1_53' title="bbox 349 2758 1920 2833; baseline 0.003 -22"><span class='ocrx_word' id='word_1_406' title='bbox 349 2759 535 2829; x_wconf 75' lang='grc' dir='ltr'><strong>νόμιζε</strong></span> <span class='ocrx_word' id='word_1_407' title='bbox 562 2758 852 2829; x_wconf 73' lang='grc' dir='ltr'><strong>παρελθεῖν</strong></span> <span class='ocrx_word' id='word_1_408' title='bbox 878 2761 974 2814; x_wconf 70' lang='grc' dir='ltr'><strong>καὶ</strong></span> <span class='ocrx_word' id='word_1_409' title='bbox 998 2761 1110 2822; x_wconf 87' lang='grc' dir='ltr'><strong>τοῖς</strong></span> <span class='ocrx_word' id='word_1_410' title='bbox 1143 2763 1296 2831; x_wconf 74' lang='grc' dir='ltr'><strong>ἐμοῖς</strong></span> <span class='ocrx_word' id='word_1_411' title='bbox 1326 2760 1504 2828; x_wconf 79' lang='grc' dir='ltr'><strong>λόγοις</strong></span> <span class='ocrx_word' id='word_1_412' title='bbox 1533 2762 1804 2833; x_wconf 82' lang='grc' dir='ltr'><strong>πρόσσχες</strong></span> <span class='ocrx_word' id='word_1_413' title='bbox 1825 2766 1920 2817; x_wconf 84' lang='grc' dir='ltr'><strong>τὸν</strong></span> 
     </span>
    </p>
   </div>
   <div class='ocr_carea' id='block_1_53' title="bbox 1971 2756 3591 2833">
    <p class='ocr_par' dir='ltr' id='par_1_53' title="bbox 2019 2756 3591 2828">
     <span class='ocr_line' id='line_1_54' title="bbox 2019 2756 3591 2828; baseline -0.004 -12"><span class='ocrx_word' id='word_1_414' title='bbox 2019 2761 2124 2816; x_wconf 89' lang='lat' dir='ltr'><strong>hos</strong></span> <span class='ocrx_word' id='word_1_415' title='bbox 2154 2769 2267 2814; x_wconf 89' lang='lat' dir='ltr'><strong>tres</strong></span> <span class='ocrx_word' id='word_1_416' title='bbox 2301 2760 2418 2814; x_wconf 88' lang='lat' dir='ltr'><strong>dies</strong></span> <span class='ocrx_word' id='word_1_417' title='bbox 2448 2759 2577 2813; x_wconf 90' lang='lat' dir='ltr'><strong>mihi</strong></span> <span class='ocrx_word' id='word_1_418' title='bbox 2607 2759 2965 2828; x_wconf 69' lang='lat' dir='ltr'><strong>praeteriisse,</strong></span> <span class='ocrx_word' id='word_1_419' title='bbox 2997 2767 3054 2812; x_wconf 92' lang='lat' dir='ltr'><strong>et</strong></span> <span class='ocrx_word' id='word_1_420' title='bbox 3086 2762 3225 2812; x_wconf 82' lang='lat' dir='ltr'><strong>meis</strong></span> <span class='ocrx_word' id='word_1_421' title='bbox 3244 2756 3437 2812; x_wconf 86' lang='lat' dir='ltr'><strong>verbis</strong></span> <span class='ocrx_word' id='word_1_422' title='bbox 3472 2757 3591 2810; x_wconf 89' lang='lat' dir='ltr'><strong>ani-</strong></span> 
     </span>
    </p>
   </div>
   <div class='ocr_carea' id='block_1_54' title="bbox 346 2847 1966 2925">
    <p class='ocr_par' dir='ltr' id='par_1_54' title="bbox 346 2851 1918 2925">
     <span class='ocr_line' id='line_1_55' title="bbox 346 2851 1918 2925; baseline 0.002 -20"><span class='ocrx_word' id='word_1_423' title='bbox 346 2852 492 2907; x_wconf 81' lang='grc' dir='ltr'><strong>νοῦν.</strong></span> <span class='ocrx_word' id='word_1_424' title='bbox 535 2852 669 2905; x_wconf 82' lang='grc' dir='ltr'><strong>Ἰδοὺ</strong></span> <span class='ocrx_word' id='word_1_425' title='bbox 704 2852 817 2921; x_wconf 72' lang='grc' dir='ltr'>γὰρ</span> <span class='ocrx_word' id='word_1_426' title='bbox 846 2852 914 2905; x_wconf 80' lang='grc' dir='ltr'><strong>τά</strong></span> <span class='ocrx_word' id='word_1_427' title='bbox 953 2851 1092 2904; x_wconf 83' lang='grc' dir='ltr'><strong>αὑτά</strong></span> <span class='ocrx_word' id='word_1_428' title='bbox 1121 2869 1207 2905; x_wconf 91' lang='grc' dir='ltr'><strong>σοι</strong></span> <span class='ocrx_word' id='word_1_429' title='bbox 1240 2853 1336 2906; x_wconf 83' lang='grc' dir='ltr'><strong>καὶ</strong></span> <span class='ocrx_word' id='word_1_430' title='bbox 1369 2853 1463 2905; x_wconf 83' lang='grc' dir='ltr'><strong>νῦν</strong></span> <span class='ocrx_word' id='word_1_431' title='bbox 1499 2854 1634 2923; x_wconf 65' lang='grc' dir='ltr'><strong>δρῶ,</strong></span> <span class='ocrx_word' id='word_1_432' title='bbox 1675 2854 1820 2925; x_wconf 72' lang='grc' dir='ltr'><strong>άπερ</strong></span> <span class='ocrx_word' id='word_1_433' title='bbox 1852 2855 1918 2908; x_wconf 84' lang='grc' dir='ltr'><strong>ἂν</strong></span> 
     </span>
    </p>
   </div>
   <div class='ocr_carea' id='block_1_55' title="bbox 1966 2847 3586 2925">
    <p class='ocr_par' dir='ltr' id='par_1_55' title="bbox 2021 2847 3586 2913">
     <span class='ocr_line' id='line_1_56' title="bbox 2021 2847 3586 2913; baseline -0.003 -7"><span class='ocrx_word' id='word_1_434' title='bbox 2021 2868 2170 2907; x_wconf 91' lang='lat' dir='ltr'><strong>mum</strong></span> <span class='ocrx_word' id='word_1_435' title='bbox 2200 2850 2424 2906; x_wconf 87' lang='lat' dir='ltr'><strong>adhibe.</strong></span> <span class='ocrx_word' id='word_1_436' title='bbox 2455 2851 2594 2904; x_wconf 82' lang='lat' dir='ltr'><strong>Ecce</strong></span> <span class='ocrx_word' id='word_1_437' title='bbox 2622 2849 2770 2904; x_wconf 88' lang='lat' dir='ltr'><strong>enim</strong></span> <span class='ocrx_word' id='word_1_438' title='bbox 2815 2848 3005 2904; x_wconf 76' lang='lat' dir='ltr'><strong>eadem</strong></span> <span class='ocrx_word' id='word_1_439' title='bbox 3059 2848 3157 2904; x_wconf 87' lang='lat' dir='ltr'><strong>tibi</strong></span> <span class='ocrx_word' id='word_1_440' title='bbox 3193 2863 3340 2903; x_wconf 89' lang='lat' dir='ltr'><strong>nunc</strong></span> <span class='ocrx_word' id='word_1_441' title='bbox 3369 2847 3546 2902; x_wconf 88' lang='lat' dir='ltr'><strong>dicam</strong></span> <span class='ocrx_word' id='word_1_442' title='bbox 3571 2887 3586 2913; x_wconf 92' lang='lat'><strong>,</strong></span> 
     </span>
    </p>
   </div>
   <div class='ocr_carea' id='block_1_56' title="bbox 346 2939 1966 3014">
    <p class='ocr_par' dir='ltr' id='par_1_56' title="bbox 346 2941 1917 3012">
     <span class='ocr_line' id='line_1_57' title="bbox 346 2941 1917 3012; baseline 0.001 -18"><span class='ocrx_word' id='word_1_443' title='bbox 346 2943 485 2997; x_wconf 82' lang='grc' dir='ltr'><strong>εῐπω</strong></span> <span class='ocrx_word' id='word_1_444' title='bbox 509 2945 602 2995; x_wconf 70' lang='grc' dir='ltr'><strong>καὶ</strong></span> <span class='ocrx_word' id='word_1_445' title='bbox 632 2943 768 3012; x_wconf 77' lang='grc' dir='ltr'><strong>μετὰ</strong></span> <span class='ocrx_word' id='word_1_446' title='bbox 794 2943 894 3011; x_wconf 73' lang='grc' dir='ltr'><strong>τὴν</strong></span> <span class='ocrx_word' id='word_1_447' title='bbox 914 2941 1221 3010; x_wconf 70' lang='grc' dir='ltr'><strong>διάσκεψιν,</strong></span> <span class='ocrx_word' id='word_1_448' title='bbox 1262 2942 1347 2996; x_wconf 84' lang='grc' dir='ltr'><strong>ὅτι</strong></span> <span class='ocrx_word' id='word_1_449' title='bbox 1394 2946 1511 3005; x_wconf 83' lang='grc' dir='ltr'><strong>τοῖς</strong></span> <span class='ocrx_word' id='word_1_450' title='bbox 1550 2941 1693 3007; x_wconf 83' lang='grc' dir='ltr'><strong>θεοῖς</strong></span> <span class='ocrx_word' id='word_1_451' title='bbox 1740 2960 1834 2997; x_wconf 93' lang='grc' dir='ltr'><strong>σου</strong></span> <span class='ocrx_word' id='word_1_452' title='bbox 1855 2943 1917 2997; x_wconf 81' lang='grc' dir='ltr'><strong>οὐ</strong></span> 
     </span>
    </p>
   </div>
   <div class='ocr_carea' id='block_1_57' title="bbox 1966 2939 3586 3014">
    <p class='ocr_par' dir='ltr' id='par_1_57' title="bbox 2019 2939 3586 3014">
     <span class='ocr_line' id='line_1_58' title="bbox 2019 2939 3586 3014; baseline -0.003 -17"><span class='ocrx_word' id='word_1_453' title='bbox 2019 2957 2143 3014; x_wconf 59' lang='lat' dir='ltr'><strong>quin</strong></span> <span class='ocrx_word' id='word_1_454' title='bbox 2168 2941 2380 2997; x_wconf 84' lang='lat' dir='ltr'><strong>dictura</strong></span> <span class='ocrx_word' id='word_1_455' title='bbox 2413 2955 2534 2995; x_wconf 83' lang='lat' dir='ltr'><strong>sum</strong></span> <span class='ocrx_word' id='word_1_456' title='bbox 2576 2949 2699 3010; x_wconf 86' lang='lat' dir='ltr'><strong>post</strong></span> <span class='ocrx_word' id='word_1_457' title='bbox 2732 2939 3188 2995; x_wconf 81' lang='lat' dir='ltr'><strong>deliberationem</strong></span> <span class='ocrx_word' id='word_1_458' title='bbox 3233 2955 3250 2994; x_wconf 91' lang='lat'><strong>:</strong></span> <span class='ocrx_word' id='word_1_459' title='bbox 3284 2940 3427 2995; x_wconf 85' lang='lat' dir='ltr'><strong>Deos</strong></span> <span class='ocrx_word' id='word_1_460' title='bbox 3459 2948 3586 2993; x_wconf 80' lang='lat' dir='ltr'><strong>tuos</strong></span> 
     </span>
    </p>
   </div>
   <div class='ocr_carea' id='block_1_58' title="bbox 346 3029 1966 3103">
    <p class='ocr_par' dir='ltr' id='par_1_58' title="bbox 346 3031 1919 3103">
     <span class='ocr_line' id='line_1_59' title="bbox 346 3031 1919 3103; baseline 0.003 -20"><span class='ocrx_word' id='word_1_461' title='bbox 346 3032 594 3096; x_wconf 77' lang='grc' dir='ltr'><strong>λατρεύω</strong></span> <span class='ocrx_word' id='word_1_462' title='bbox 620 3033 716 3085; x_wconf 71' lang='grc' dir='ltr'><strong>καὶ</strong></span> <span class='ocrx_word' id='word_1_463' title='bbox 748 3031 824 3102; x_wconf 86' lang='grc' dir='ltr'><strong>τῷ</strong></span> <span class='ocrx_word' id='word_1_464' title='bbox 861 3031 938 3101; x_wconf 75' lang='grc' dir='ltr'><strong>σῷ</strong></span> <span class='ocrx_word' id='word_1_465' title='bbox 968 3031 1240 3103; x_wconf 81' lang='grc' dir='ltr'><strong>θελήματι</strong></span> <span class='ocrx_word' id='word_1_466' title='bbox 1271 3033 1366 3085; x_wconf 73' lang='grc' dir='ltr'><strong>καὶ</strong></span> <span class='ocrx_word' id='word_1_467' title='bbox 1413 3033 1492 3101; x_wconf 85' lang='grc' dir='ltr'><strong>τῷ</strong></span> <span class='ocrx_word' id='word_1_468' title='bbox 1519 3032 1615 3087; x_wconf 78' lang='grc' dir='ltr'><strong>τοῦ</strong></span> <span class='ocrx_word' id='word_1_469' title='bbox 1644 3032 1919 3102; x_wconf 78' lang='grc' dir='ltr'><strong>αὐτοκρά-</strong></span> 
     </span>
    </p>
   </div>
   <div class='ocr_carea' id='block_1_59' title="bbox 1972 3029 3592 3103">
    <p class='ocr_par' dir='ltr' id='par_1_59' title="bbox 2021 3029 3592 3101">
     <span class='ocr_line' id='line_1_60' title="bbox 2021 3029 3592 3101; baseline -0.005 -12"><span class='ocrx_word' id='word_1_470' title='bbox 2021 3049 2130 3089; x_wconf 92' lang='lat' dir='ltr'><strong>non</strong></span> <span class='ocrx_word' id='word_1_471' title='bbox 2164 3032 2311 3093; x_wconf 91' lang='lat' dir='ltr'><strong>colo.</strong></span> <span class='ocrx_word' id='word_1_472' title='bbox 2346 3042 2403 3084; x_wconf 88' lang='lat' dir='ltr'><strong>et</strong></span> <span class='ocrx_word' id='word_1_473' title='bbox 2453 3043 2558 3085; x_wconf 65' lang='lat' dir='ltr'><strong>tua:</strong></span> <span class='ocrx_word' id='word_1_474' title='bbox 2604 3030 3061 3100; x_wconf 75' lang='lat' dir='ltr'><strong>imperatorisque</strong></span> <span class='ocrx_word' id='word_1_475' title='bbox 3107 3044 3353 3101; x_wconf 83' lang='lat' dir='ltr'><strong>repugno</strong></span> <span class='ocrx_word' id='word_1_476' title='bbox 3395 3029 3592 3084; x_wconf 72' lang='lat' dir='ltr'><strong>volun—</strong></span> 
     </span>
    </p>
   </div>
   <div class='ocr_carea' id='block_1_60' title="bbox 346 3119 1966 3203">
    <p class='ocr_par' dir='ltr' id='par_1_60' title="bbox 346 3122 1966 3203">
     <span class='ocr_line' id='line_1_61' title="bbox 346 3122 1966 3203; baseline -0.002 -25"><span class='ocrx_word' id='word_1_477' title='bbox 346 3140 499 3197; x_wconf 86' lang='grc' dir='ltr'><strong>τορος</strong></span> <span class='ocrx_word' id='word_1_478' title='bbox 551 3125 974 3190; x_wconf 76' lang='grc' dir='ltr'><strong>ἀντιτάσσομαι.</strong></span> <span class='ocrx_word' id='word_1_479' title='bbox 1038 3123 1163 3175; x_wconf 78' lang='grc' dir='ltr'><strong>θύω</strong></span> <span class='ocrx_word' id='word_1_480' title='bbox 1200 3124 1256 3177; x_wconf 78' lang='grc' dir='ltr'><strong>δὲ</strong></span> <span class='ocrx_word' id='word_1_481' title='bbox 1311 3122 1501 3177; x_wconf 79' lang='grc' dir='ltr'><strong>θυσίαν</strong></span> <span class='ocrx_word' id='word_1_482' title='bbox 1552 3124 1810 3187; x_wconf 77' lang='grc' dir='ltr'><strong>αἰνέσεως</strong></span> <span class='ocrx_word' id='word_1_483' title='bbox 1836 3124 1966 3203; x_wconf 76' lang='grc' dir='ltr'><strong>τῷ(</strong></span> 
     </span>
    </p>
   </div>
   <div class='ocr_carea' id='block_1_61' title="bbox 1968 3119 3588 3203">
    <p class='ocr_par' dir='ltr' id='par_1_61' title="bbox 1968 3119 3588 3203">
     <span class='ocr_line' id='line_1_62' title="bbox 1968 3119 3588 3203; baseline -0.005 -22"><span class='ocrx_word' id='word_1_484' title='bbox 1968 3145 1984 3203; x_wconf 66' lang='grc' dir='ltr'><strong>ι</strong></span> <span class='ocrx_word' id='word_1_485' title='bbox 2020 3124 2136 3181; x_wconf 86' lang='lat' dir='ltr'><strong>tati.</strong></span> <span class='ocrx_word' id='word_1_486' title='bbox 2170 3122 2427 3178; x_wconf 78' lang='lat' dir='ltr'><strong>Sacriﬁco</strong></span> <span class='ocrx_word' id='word_1_487' title='bbox 2457 3132 2640 3176; x_wconf 88' lang='lat' dir='ltr'><strong>autem</strong></span> <span class='ocrx_word' id='word_1_488' title='bbox 2665 3121 2993 3175; x_wconf 77' lang='lat' dir='ltr'><strong>sacriﬁcium</strong></span> <span class='ocrx_word' id='word_1_489' title='bbox 3040 3120 3219 3175; x_wconf 87' lang='lat' dir='ltr'><strong>laudis</strong></span> <span class='ocrx_word' id='word_1_490' title='bbox 3265 3119 3588 3175; x_wconf 70' lang='lat' dir='ltr'><strong>surculorum</strong></span> 
     </span>
    </p>
   </div>
   <div class='ocr_carea' id='block_1_62' title="bbox 349 3209 1969 3287">
    <p class='ocr_par' dir='ltr' id='par_1_62' title="bbox 349 3213 1916 3287">
     <span class='ocr_line' id='line_1_63' title="bbox 349 3213 1916 3287; baseline 0.001 -19"><span class='ocrx_word' id='word_1_491' title='bbox 349 3213 561 3286; x_wconf 76' lang='grc' dir='ltr'><strong>βασιλεῖ</strong></span> <span class='ocrx_word' id='word_1_492' title='bbox 583 3214 693 3268; x_wconf 81' lang='grc' dir='ltr'><strong>τῶν</strong></span> <span class='ocrx_word' id='word_1_493' title='bbox 719 3214 930 3269; x_wconf 80' lang='grc' dir='ltr'><strong>αἰώνων</strong></span> <span class='ocrx_word' id='word_1_494' title='bbox 957 3214 1178 3286; x_wconf 79' lang='grc' dir='ltr'><strong>Χριστῷ</strong></span> <span class='ocrx_word' id='word_1_495' title='bbox 1206 3215 1284 3284; x_wconf 86' lang='grc' dir='ltr'><strong>τῷ</strong></span> <span class='ocrx_word' id='word_1_496' title='bbox 1314 3217 1432 3287; x_wconf 77' lang='grc' dir='ltr'><strong>ἐμῷ</strong></span> <span class='ocrx_word' id='word_1_497' title='bbox 1459 3217 1554 3269; x_wconf 71' lang='grc' dir='ltr'><strong>καὶ</strong></span> <span class='ocrx_word' id='word_1_498' title='bbox 1596 3216 1743 3287; x_wconf 61' lang='grc' dir='ltr'><strong>μόνῳ</strong></span> <span class='ocrx_word' id='word_1_499' title='bbox 1778 3216 1916 3270; x_wconf 81' lang='grc' dir='ltr'><strong>ἀθα-</strong></span> 
     </span>
    </p>
   </div>
   <div class='ocr_carea' id='block_1_63' title="bbox 1972 3209 3592 3287">
    <p class='ocr_par' dir='ltr' id='par_1_63' title="bbox 2026 3209 3592 3286">
     <span class='ocr_line' id='line_1_64' title="bbox 2026 3209 3592 3286; baseline -0.003 -16"><span class='ocrx_word' id='word_1_500' title='bbox 2026 3215 2138 3286; x_wconf 80' lang='lat' dir='ltr'><strong>regi</strong></span> <span class='ocrx_word' id='word_1_501' title='bbox 2191 3213 2412 3270; x_wconf 79' lang='lat' dir='ltr'><strong>Christo</strong></span> <span class='ocrx_word' id='word_1_502' title='bbox 2438 3254 2452 3279; x_wconf 90' lang='lat'><strong>,</strong></span> <span class='ocrx_word' id='word_1_503' title='bbox 2487 3213 2583 3282; x_wconf 81' lang='lat' dir='ltr'><strong>qui</strong></span> <span class='ocrx_word' id='word_1_504' title='bbox 2625 3222 2710 3267; x_wconf 88' lang='lat' dir='ltr'><strong>est</strong></span> <span class='ocrx_word' id='word_1_505' title='bbox 2746 3226 2907 3266; x_wconf 89' lang='lat' dir='ltr'><strong>meus</strong></span> <span class='ocrx_word' id='word_1_506' title='bbox 2955 3221 3011 3266; x_wconf 92' lang='lat' dir='ltr'><strong>et</strong></span> <span class='ocrx_word' id='word_1_507' title='bbox 3065 3210 3213 3265; x_wconf 83' lang='lat' dir='ltr'><strong>solus</strong></span> <span class='ocrx_word' id='word_1_508' title='bbox 3265 3209 3592 3266; x_wconf 77' lang='lat' dir='ltr'><strong>immortalis</strong></span> 
     </span>
    </p>
   </div>
   <div class='ocr_carea' id='block_1_64' title="bbox 346 3298 1966 3379">
    <p class='ocr_par' dir='ltr' id='par_1_64' title="bbox 346 3298 1918 3379">
     <span class='ocr_line' id='line_1_65' title="bbox 346 3298 1918 3379; baseline 0.001 -19"><span class='ocrx_word' id='word_1_509' title='bbox 346 3306 491 3375; x_wconf 77' lang='grc' dir='ltr'><strong>νάτῳ</strong></span> <span class='ocrx_word' id='word_1_510' title='bbox 523 3306 662 3376; x_wconf 82' lang='grc' dir='ltr'><strong>Θεῷ,</strong></span> <span class='ocrx_word' id='word_1_511' title='bbox 694 3305 835 3377; x_wconf 81' lang='grc' dir='ltr'><strong>ὑπὲρ</strong></span> <span class='ocrx_word' id='word_1_512' title='bbox 859 3298 920 3360; x_wconf 74' lang='grc' dir='ltr'><strong>οὗ</strong></span> <span class='ocrx_word' id='word_1_513' title='bbox 950 3307 1045 3360; x_wconf 61' lang='grc' dir='ltr'><strong>καὶ⁵</strong></span> <span class='ocrx_word' id='word_1_514' title='bbox 1067 3309 1167 3377; x_wconf 78' lang='grc' dir='ltr'><strong>τὴν</strong></span> <span class='ocrx_word' id='word_1_515' title='bbox 1196 3306 1377 3377; x_wconf 75' lang='grc' dir='ltr'><strong>ψυχὴν</strong></span> <span class='ocrx_word' id='word_1_516' title='bbox 1403 3308 1664 3379; x_wconf 79' lang='grc' dir='ltr'><strong>προῖεμαι</strong></span> <span class='ocrx_word' id='word_1_517' title='bbox 1692 3309 1785 3360; x_wconf 77' lang='grc' dir='ltr'><strong>καὶ</strong></span> <span class='ocrx_word' id='word_1_518' title='bbox 1811 3307 1918 3361; x_wconf 85' lang='grc' dir='ltr'><strong>τῶν</strong></span> 
     </span>
    </p>
   </div>
   <div class='ocr_carea' id='block_1_65' title="bbox 1972 3298 3592 3379">
    <p class='ocr_par' dir='ltr' id='par_1_65' title="bbox 2024 3299 3592 3373">
     <span class='ocr_line' id='line_1_66' title="bbox 2024 3299 3592 3373; baseline -0.006 -12"><span class='ocrx_word' id='word_1_519' title='bbox 2024 3307 2190 3369; x_wconf 82' lang='lat' dir='ltr'><strong>Deus,</strong></span> <span class='ocrx_word' id='word_1_520' title='bbox 2220 3319 2319 3373; x_wconf 88' lang='lat' dir='ltr'><strong>pro</strong></span> <span class='ocrx_word' id='word_1_521' title='bbox 2344 3318 2453 3372; x_wconf 89' lang='lat' dir='ltr'><strong>quo</strong></span> <span class='ocrx_word' id='word_1_522' title='bbox 2486 3302 2644 3356; x_wconf 90' lang='lat' dir='ltr'><strong>etiam</strong></span> <span class='ocrx_word' id='word_1_523' title='bbox 2677 3299 2946 3370; x_wconf 80' lang='lat' dir='ltr'><strong>profundo</strong></span> <span class='ocrx_word' id='word_1_524' title='bbox 2987 3300 3224 3353; x_wconf 85' lang='lat' dir='ltr'><strong>animam</strong></span> <span class='ocrx_word' id='word_1_525' title='bbox 3250 3308 3310 3353; x_wconf 92' lang='lat' dir='ltr'><strong>et</strong></span> <span class='ocrx_word' id='word_1_526' title='bbox 3335 3310 3427 3353; x_wconf 90' lang='lat' dir='ltr'><strong>tua</strong></span> <span class='ocrx_word' id='word_1_527' title='bbox 3472 3309 3592 3354; x_wconf 82' lang='lat' dir='ltr'><strong>tor-</strong></span> 
     </span>
    </p>
   </div>
   <div class='ocr_carea' id='block_1_66' title="bbox 351 3387 1971 3471">
    <p class='ocr_par' dir='ltr' id='par_1_66' title="bbox 351 3397 1921 3471">
     <span class='ocr_line' id='line_1_67' title="bbox 351 3397 1921 3471; baseline 0.001 -20"><span class='ocrx_word' id='word_1_528' title='bbox 351 3397 460 3453; x_wconf 79' lang='grc' dir='ltr'><strong>σῶν</strong></span> <span class='ocrx_word' id='word_1_529' title='bbox 486 3398 739 3470; x_wconf 79' lang='grc' dir='ltr'><strong>βασάνων</strong></span> <span class='ocrx_word' id='word_1_530' title='bbox 761 3398 1209 3469; x_wconf 74' lang='grc' dir='ltr'><strong>καταφρονῶ,ῐνα</strong></span> <span class='ocrx_word' id='word_1_531' title='bbox 1228 3400 1466 3469; x_wconf 80' lang='grc' dir='ltr'><strong>Χριστὸν</strong></span> <span class='ocrx_word' id='word_1_532' title='bbox 1489 3399 1650 3469; x_wconf 73' lang='grc' dir='ltr'><strong>μόνον</strong></span> <span class='ocrx_word' id='word_1_533' title='bbox 1672 3400 1921 3471; x_wconf 77' lang='grc' dir='ltr'><strong>κερδήσω</strong></span> 
     </span>
    </p>
   </div>
   <div class='ocr_carea' id='block_1_67' title="bbox 1986 3387 3606 3471">
    <p class='ocr_par' dir='ltr' id='par_1_67' title="bbox 2026 3387 3606 3462">
     <span class='ocr_line' id='line_1_68' title="bbox 2026 3387 3606 3462; baseline -0.007 -11"><span class='ocrx_word' id='word_1_534' title='bbox 2026 3407 2206 3451; x_wconf 82' lang='lat' dir='ltr'><strong>menta</strong></span> <span class='ocrx_word' id='word_1_535' title='bbox 2233 3391 2501 3462; x_wconf 83' lang='lat' dir='ltr'><strong>despicio,</strong></span> <span class='ocrx_word' id='word_1_536' title='bbox 2525 3401 2584 3446; x_wconf 89' lang='lat' dir='ltr'><strong>ut</strong></span> <span class='ocrx_word' id='word_1_537' title='bbox 2607 3393 2784 3446; x_wconf 82' lang='lat' dir='ltr'><strong>solum</strong></span> <span class='ocrx_word' id='word_1_538' title='bbox 2806 3388 3086 3444; x_wconf 88' lang='lat' dir='ltr'><strong>Christum</strong></span> <span class='ocrx_word' id='word_1_539' title='bbox 3117 3387 3477 3452; x_wconf 78' lang='lat' dir='ltr'><strong>Iucril‘aciam,</strong></span> <span class='ocrx_word' id='word_1_540' title='bbox 3495 3387 3606 3457; x_wconf 25' lang='lat' dir='ltr'><strong>qui,</strong></span> 
     </span>
    </p>
   </div>
   <div class='ocr_carea' id='block_1_68' title="bbox 347 3474 1967 3563">
    <p class='ocr_par' dir='ltr' id='par_1_68' title="bbox 347 3490 1919 3563">
     <span class='ocr_line' id='line_1_69' title="bbox 347 3490 1919 3563; baseline 0 -18"><span class='ocrx_word' id='word_1_541' title='bbox 347 3493 448 3563; x_wconf 78' lang='grc' dir='ltr'><strong>τὴν</strong></span> <span class='ocrx_word' id='word_1_542' title='bbox 478 3492 706 3544; x_wconf 74' lang='grc' dir='ltr'><strong>αεωνίαν</strong></span> <span class='ocrx_word' id='word_1_543' title='bbox 760 3490 927 3559; x_wconf 79' lang='grc' dir='ltr'><strong>ζωήν.</strong></span> <span class='ocrx_word' id='word_1_544' title='bbox 962 3492 1071 3545; x_wconf 78' lang='grc' dir='ltr'><strong>Καὶ</strong></span> <span class='ocrx_word' id='word_1_545' title='bbox 1100 3491 1179 3556; x_wconf 76' lang='grc' dir='ltr'><strong>ὃς,</strong></span> <span class='ocrx_word' id='word_1_546' title='bbox 1235 3491 1473 3560; x_wconf 81' lang='grc' dir='ltr'><strong>Ἔγνων,</strong></span> <span class='ocrx_word' id='word_1_547' title='bbox 1515 3490 1645 3560; x_wconf 73' lang='grc' dir='ltr'><strong>ἔφη,</strong></span> <span class='ocrx_word' id='word_1_548' title='bbox 1678 3492 1919 3558; x_wconf 78' lang='grc' dir='ltr'><strong>πάντως,</strong></span> 
     </span>
    </p>
   </div>
   <div class='ocr_carea' id='block_1_69' title="bbox 1970 3474 3590 3563">
    <p class='ocr_par' dir='ltr' id='par_1_69' title="bbox 2026 3474 3590 3546">
     <span class='ocr_line' id='line_1_70' title="bbox 2026 3474 3590 3546; baseline -0.006 -6"><span class='ocrx_word' id='word_1_549' title='bbox 2026 3493 2113 3541; x_wconf 85' lang='lat' dir='ltr'><strong>est</strong></span> <span class='ocrx_word' id='word_1_550' title='bbox 2143 3484 2252 3538; x_wconf 82' lang='lat' dir='ltr'><strong>vita</strong></span> <span class='ocrx_word' id='word_1_551' title='bbox 2280 3490 2505 3538; x_wconf 71' lang='lat' dir='ltr'><strong>aeterna.</strong></span> <span class='ocrx_word' id='word_1_552' title='bbox 2537 3480 2632 3535; x_wconf 88' lang='lat' dir='ltr'><strong>Ille</strong></span> <span class='ocrx_word' id='word_1_553' title='bbox 2662 3494 2793 3535; x_wconf 87' lang='lat' dir='ltr'><strong>vero</strong></span> <span class='ocrx_word' id='word_1_554' title='bbox 2840 3495 2854 3532; x_wconf 87' lang='lat'><strong>:</strong></span> <span class='ocrx_word' id='word_1_555' title='bbox 2889 3477 3134 3534; x_wconf 87' lang='lat' dir='ltr'><strong>Sciebam</strong></span> <span class='ocrx_word' id='word_1_556' title='bbox 3160 3519 3178 3542; x_wconf 90' lang='lat'><strong>,</strong></span> <span class='ocrx_word' id='word_1_557' title='bbox 3226 3475 3425 3546; x_wconf 88' lang='lat' dir='ltr'><strong>inquit,</strong></span> <span class='ocrx_word' id='word_1_558' title='bbox 3449 3474 3590 3540; x_wconf 78' lang='lat' dir='ltr'><strong>fore.</strong></span> 
     </span>
    </p>
   </div>
   <div class='ocr_carea' id='block_1_70' title="bbox 350 3565 1970 3654">
    <p class='ocr_par' dir='ltr' id='par_1_70' title="bbox 350 3581 1920 3654">
     <span class='ocr_line' id='line_1_71' title="bbox 350 3581 1920 3654; baseline -0.001 -16"><span class='ocrx_word' id='word_1_559' title='bbox 350 3585 430 3638; x_wconf 79' lang='grc' dir='ltr'><strong>δτι</strong></span> <span class='ocrx_word' id='word_1_560' title='bbox 451 3585 542 3638; x_wconf 75' lang='grc' dir='ltr'><strong>τὸν</strong></span> <span class='ocrx_word' id='word_1_561' title='bbox 562 3585 750 3654; x_wconf 82' lang='grc' dir='ltr'><strong>ὅμοιον</strong></span> <span class='ocrx_word' id='word_1_562' title='bbox 775 3583 854 3653; x_wconf 87' lang='grc' dir='ltr'><strong>τῷ</strong></span> <span class='ocrx_word' id='word_1_563' title='bbox 881 3583 1104 3654; x_wconf 80' lang='grc' dir='ltr'><strong>Χριστῷ</strong></span> <span class='ocrx_word' id='word_1_564' title='bbox 1138 3597 1230 3635; x_wconf 94' lang='grc' dir='ltr'><strong>σου</strong></span> <span class='ocrx_word' id='word_1_565' title='bbox 1263 3581 1494 3636; x_wconf 86' lang='grc' dir='ltr'><strong>θάνατον</strong></span> <span class='ocrx_word' id='word_1_566' title='bbox 1527 3581 1920 3652; x_wconf 80' lang='grc' dir='ltr'><strong>άνοηταίνουσα</strong></span> 
     </span>
    </p>
   </div>
   <div class='ocr_carea' id='block_1_71' title="bbox 1974 3565 3594 3654">
    <p class='ocr_par' dir='ltr' id='par_1_71' title="bbox 2031 3565 3594 3637">
     <span class='ocr_line' id='line_1_72' title="bbox 2031 3565 3594 3637; baseline -0.007 -6"><span class='ocrx_word' id='word_1_567' title='bbox 2031 3585 2091 3632; x_wconf 81' lang='grc' dir='ltr'><strong>ιιι</strong></span> <span class='ocrx_word' id='word_1_568' title='bbox 2114 3576 2350 3630; x_wconf 84' lang='lat' dir='ltr'><strong>similem</strong></span> <span class='ocrx_word' id='word_1_569' title='bbox 2372 3572 2594 3628; x_wconf 80' lang='lat' dir='ltr'><strong>Christo</strong></span> <span class='ocrx_word' id='word_1_570' title='bbox 2628 3579 2861 3626; x_wconf 88' lang='lat' dir='ltr'><strong>mortem</strong></span> <span class='ocrx_word' id='word_1_571' title='bbox 2896 3578 2952 3622; x_wconf 89' lang='lat' dir='ltr'><strong>tu</strong></span> <span class='ocrx_word' id='word_1_572' title='bbox 2981 3581 3200 3637; x_wconf 87' lang='lat' dir='ltr'><strong>quoque</strong></span> <span class='ocrx_word' id='word_1_573' title='bbox 3226 3566 3394 3622; x_wconf 85' lang='lat' dir='ltr'><strong>stulta</strong></span> <span class='ocrx_word' id='word_1_574' title='bbox 3421 3565 3594 3635; x_wconf 79' lang='lat' dir='ltr'><strong>elige-</strong></span> 
     </span>
    </p>
   </div>
   <div class='ocr_carea' id='block_1_72' title="bbox 352 3656 1972 3747">
    <p class='ocr_par' dir='ltr' id='par_1_72' title="bbox 352 3673 1924 3747">
     <span class='ocr_line' id='line_1_73' title="bbox 352 3673 1924 3747; baseline -0.003 -15"><span class='ocrx_word' id='word_1_575' title='bbox 352 3679 445 3732; x_wconf 78' lang='grc' dir='ltr'><strong>καὶ</strong></span> <span class='ocrx_word' id='word_1_576' title='bbox 473 3676 617 3747; x_wconf 72' lang='grc' dir='ltr'><strong>αὕτη</strong></span> <span class='ocrx_word' id='word_1_577' title='bbox 638 3678 790 3747; x_wconf 76' lang='grc' dir='ltr'><strong>αἱρῇ.</strong></span> <span class='ocrx_word' id='word_1_578' title='bbox 819 3675 887 3728; x_wconf 82' lang='lat' dir='ltr'><strong>&#39;H</strong></span> <span class='ocrx_word' id='word_1_579' title='bbox 906 3675 963 3727; x_wconf 81' lang='grc' dir='ltr'><strong>δὲ</strong></span> <span class='ocrx_word' id='word_1_580' title='bbox 986 3675 1268 3729; x_wconf 78' lang='grc' dir='ltr'><strong>ἀκούσασα</strong></span> <span class='ocrx_word' id='word_1_581' title='bbox 1289 3673 1480 3745; x_wconf 77' lang='grc' dir='ltr'><strong>καὶτῷ</strong></span> <span class='ocrx_word' id='word_1_582' title='bbox 1497 3674 1644 3745; x_wconf 81' lang='grc' dir='ltr'>λόγῳ</span> <span class='ocrx_word' id='word_1_583' title='bbox 1668 3676 1924 3745; x_wconf 86' lang='grc' dir='ltr'><strong>καθάπερ</strong></span> 
     </span>
    </p>
   </div>
   <div class='ocr_carea' id='block_1_73' title="bbox 1974 3656 3594 3747">
    <p class='ocr_par' dir='ltr' id='par_1_73' title="bbox 2029 3656 3594 3727">
     <span class='ocr_line' id='line_1_74' title="bbox 2029 3656 3594 3727; baseline -0.007 -4"><span class='ocrx_word' id='word_1_584' title='bbox 2029 3683 2139 3724; x_wconf 85' lang='lat' dir='ltr'><strong>res.</strong></span> <span class='ocrx_word' id='word_1_585' title='bbox 2170 3667 2264 3722; x_wconf 89' lang='lat' dir='ltr'><strong>Illa</strong></span> <span class='ocrx_word' id='word_1_586' title='bbox 2311 3673 2492 3720; x_wconf 85' lang='lat' dir='ltr'><strong>autem</strong></span> <span class='ocrx_word' id='word_1_587' title='bbox 2539 3678 2665 3718; x_wconf 89' lang='lat' dir='ltr'><strong>eum</strong></span> <span class='ocrx_word' id='word_1_588' title='bbox 2713 3660 2999 3725; x_wconf 84' lang='lat' dir='ltr'><strong>audiisset,</strong></span> <span class='ocrx_word' id='word_1_589' title='bbox 3047 3668 3102 3714; x_wconf 88' lang='lat' dir='ltr'><strong>et</strong></span> <span class='ocrx_word' id='word_1_590' title='bbox 3132 3675 3200 3714; x_wconf 83' lang='lat' dir='ltr'><strong>ex</strong></span> <span class='ocrx_word' id='word_1_591' title='bbox 3232 3673 3300 3713; x_wconf 91' lang='lat' dir='ltr'><strong>eo</strong></span> <span class='ocrx_word' id='word_1_592' title='bbox 3329 3656 3476 3727; x_wconf 83' lang='lat' dir='ltr'><strong>quod</strong></span> <span class='ocrx_word' id='word_1_593' title='bbox 3507 3657 3594 3714; x_wconf 85' lang='lat' dir='ltr'><strong>di-</strong></span> 
     </span>
    </p>
   </div>
   <div class='ocr_carea' id='block_1_74' title="bbox 354 3750 1974 3840">
    <p class='ocr_par' dir='ltr' id='par_1_74' title="bbox 354 3765 1923 3840">
     <span class='ocr_line' id='line_1_75' title="bbox 354 3765 1923 3840; baseline -0.001 -18"><span class='ocrx_word' id='word_1_594' title='bbox 354 3769 599 3840; x_wconf 77' lang='grc' dir='ltr'><strong>ησθεῖσα,</strong></span> <span class='ocrx_word' id='word_1_595' title='bbox 636 3769 832 3838; x_wconf 77' lang='grc' dir='ltr'><strong>Ἀμην,</strong></span> <span class='ocrx_word' id='word_1_596' title='bbox 890 3767 1063 3838; x_wconf 64' lang='grc' dir='ltr'><strong>ἀμὴν,</strong></span> <span class='ocrx_word' id='word_1_597' title='bbox 1098 3766 1228 3837; x_wconf 70' lang='grc' dir='ltr'><strong>ἔφη,</strong></span> <span class='ocrx_word' id='word_1_598' title='bbox 1288 3767 1508 3837; x_wconf 79' lang='grc' dir='ltr'><strong>γένοιτό</strong></span> <span class='ocrx_word' id='word_1_599' title='bbox 1569 3784 1680 3836; x_wconf 90' lang='grc' dir='ltr'><strong>μοι,</strong></span> <span class='ocrx_word' id='word_1_600' title='bbox 1724 3765 1923 3838; x_wconf 78' lang='grc' dir='ltr'><strong>Χριστὲ</strong></span> 
     </span>
    </p>
   </div>
   <div class='ocr_carea' id='block_1_75' title="bbox 1977 3750 3597 3840">
    <p class='ocr_par' dir='ltr' id='par_1_75' title="bbox 2029 3750 3597 3823">
     <span class='ocr_line' id='line_1_76' title="bbox 2029 3750 3597 3823; baseline -0.007 -9"><span class='ocrx_word' id='word_1_601' title='bbox 2029 3769 2177 3816; x_wconf 89' lang='lat' dir='ltr'><strong>ctum</strong></span> <span class='ocrx_word' id='word_1_602' title='bbox 2208 3767 2345 3817; x_wconf 86' lang='lat' dir='ltr'><strong>erat.</strong></span> <span class='ocrx_word' id='word_1_603' title='bbox 2372 3756 2614 3812; x_wconf 69' lang='lat' dir='ltr'><strong>lmtitiam</strong></span> <span class='ocrx_word' id='word_1_604' title='bbox 2641 3752 2945 3823; x_wconf 74' lang='lat' dir='ltr'><strong>accepisset</strong></span> <span class='ocrx_word' id='word_1_605' title='bbox 2972 3766 2985 3802; x_wconf 89' lang='lat'><strong>:</strong></span> <span class='ocrx_word' id='word_1_606' title='bbox 3028 3753 3200 3806; x_wconf 81' lang='lat' dir='ltr'><strong>Arnen</strong></span> <span class='ocrx_word' id='word_1_607' title='bbox 3223 3789 3239 3816; x_wconf 93' lang='lat'><strong>,</strong></span> <span class='ocrx_word' id='word_1_608' title='bbox 3270 3765 3431 3806; x_wconf 83' lang='lat' dir='ltr'><strong>amen</strong></span> <span class='ocrx_word' id='word_1_609' title='bbox 3457 3789 3473 3814; x_wconf 92' lang='lat'><strong>,</strong></span> <span class='ocrx_word' id='word_1_610' title='bbox 3504 3750 3597 3805; x_wconf 78' lang='lat' dir='ltr'><strong>(lat</strong></span> 
     </span>
    </p>
   </div>
   <div class='ocr_carea' id='block_1_76' title="bbox 352 3840 1972 3929">
    <p class='ocr_par' dir='ltr' id='par_1_76' title="bbox 352 3854 1923 3929">
     <span class='ocr_line' id='line_1_77' title="bbox 352 3854 1923 3929; baseline -0.001 -17"><span class='ocrx_word' id='word_1_611' title='bbox 352 3861 552 3929; x_wconf 70' lang='grc' dir='ltr'><strong>νυμφίε</strong></span> <span class='ocrx_word' id='word_1_612' title='bbox 574 3859 668 3912; x_wconf 76' lang='grc' dir='ltr'><strong>καὶ</strong></span> <span class='ocrx_word' id='word_1_613' title='bbox 697 3856 947 3927; x_wconf 74' lang='grc' dir='ltr'><strong>βασιλεῦιι</strong></span> <span class='ocrx_word' id='word_1_614' title='bbox 970 3858 1120 3910; x_wconf 75' lang='grc' dir='ltr'><strong>Καὶὸ</strong></span> <span class='ocrx_word' id='word_1_615' title='bbox 1137 3858 1432 3927; x_wconf 77' lang='grc' dir='ltr'><strong>ἀρχιερεὺς</strong></span> <span class='ocrx_word' id='word_1_616' title='bbox 1450 3855 1610 3920; x_wconf 74' lang='grc' dir='ltr'><strong>εὐθὺς</strong></span> <span class='ocrx_word' id='word_1_617' title='bbox 1638 3854 1923 3927; x_wconf 74' lang='grc' dir='ltr'><strong>ἑπηρὼτα⁸</strong></span> 
     </span>
    </p>
   </div>
   <div class='ocr_carea' id='block_1_77' title="bbox 1978 3840 3598 3929">
    <p class='ocr_par' dir='ltr' id='par_1_77' title="bbox 2033 3840 3598 3929">
     <span class='ocr_line' id='line_1_78' title="bbox 2033 3840 3598 3929; baseline -0.008 -22"><span class='ocrx_word' id='word_1_618' title='bbox 2033 3850 2193 3914; x_wconf 85' lang='lat' dir='ltr'><strong>mihi,</strong></span> <span class='ocrx_word' id='word_1_619' title='bbox 2240 3847 2438 3917; x_wconf 85' lang='lat' dir='ltr'><strong>inquit,</strong></span> <span class='ocrx_word' id='word_1_620' title='bbox 2485 3846 2710 3902; x_wconf 87' lang='lat' dir='ltr'><strong>Christe</strong></span> <span class='ocrx_word' id='word_1_621' title='bbox 2753 3844 2828 3897; x_wconf 87' lang='lat' dir='ltr'><strong>mi</strong></span> <span class='ocrx_word' id='word_1_622' title='bbox 2860 3857 3059 3913; x_wconf 88' lang='lat' dir='ltr'><strong>sponse</strong></span> <span class='ocrx_word' id='word_1_623' title='bbox 3102 3852 3156 3897; x_wconf 91' lang='lat' dir='ltr'><strong>et</strong></span> <span class='ocrx_word' id='word_1_624' title='bbox 3191 3844 3320 3897; x_wconf 81' lang='lat' dir='ltr'><strong>rex!</strong></span> <span class='ocrx_word' id='word_1_625' title='bbox 3348 3840 3598 3929; x_wconf 78' lang='lat' dir='ltr'><strong>Pontifex</strong></span> 
     </span>
    </p>
   </div>
   <div class='ocr_carea' id='block_1_78' title="bbox 355 3928 1975 4019">
    <p class='ocr_par' dir='ltr' id='par_1_78' title="bbox 355 3928 1924 4019">
     <span class='ocr_line' id='line_1_79' title="bbox 355 3928 1924 4019; baseline -0.002 -13"><span class='ocrx_word' id='word_1_626' title='bbox 355 3928 498 4006; x_wconf 80' lang='grc' dir='ltr'><strong>Τίτὸ</strong></span> <span class='ocrx_word' id='word_1_627' title='bbox 539 3951 709 4019; x_wconf 66' lang='grc' dir='ltr'><strong>Ἀμὴν</strong></span> <span class='ocrx_word' id='word_1_628' title='bbox 733 3951 870 4019; x_wconf 73' lang='grc' dir='ltr'><strong>αὐτῇ</strong></span> <span class='ocrx_word' id='word_1_629' title='bbox 896 3947 1183 4018; x_wconf 75' lang='grc' dir='ltr'><strong>βούλεταις</strong></span> <span class='ocrx_word' id='word_1_630' title='bbox 1225 3946 1286 4000; x_wconf 87' lang='lat' dir='ltr'><strong>&#39;Il</strong></span> <span class='ocrx_word' id='word_1_631' title='bbox 1315 3949 1372 4001; x_wconf 71' lang='grc' dir='ltr'><strong>δὲ</strong></span> <span class='ocrx_word' id='word_1_632' title='bbox 1396 3948 1631 4019; x_wconf 86' lang='grc' dir='ltr'><strong>μάρτυς,</strong></span> <span class='ocrx_word' id='word_1_633' title='bbox 1666 3947 1828 4003; x_wconf 79' lang='grc' dir='ltr'><strong>Ἀλλὰ</strong></span> <span class='ocrx_word' id='word_1_634' title='bbox 1860 3949 1924 4003; x_wconf 90' lang='grc' dir='ltr'><strong>σύ</strong></span> 
     </span>
    </p>
   </div>
   <div class='ocr_carea' id='block_1_79' title="bbox 1977 3928 3597 4019">
    <p class='ocr_par' dir='ltr' id='par_1_79' title="bbox 2030 3928 3597 4007">
     <span class='ocr_line' id='line_1_80' title="bbox 2030 3928 3597 4007; baseline -0.01 -9"><span class='ocrx_word' id='word_1_635' title='bbox 2030 3951 2214 3998; x_wconf 87' lang='lat' dir='ltr'><strong>autem</strong></span> <span class='ocrx_word' id='word_1_636' title='bbox 2266 3939 2625 4007; x_wconf 78' lang='lat' dir='ltr'><strong>interrogavit</strong></span> <span class='ocrx_word' id='word_1_637' title='bbox 2644 3934 2898 4005; x_wconf 87' lang='lat' dir='ltr'><strong>protinus</strong></span> <span class='ocrx_word' id='word_1_638' title='bbox 2929 3950 2944 3987; x_wconf 87' lang='lat'><strong>:</strong></span> <span class='ocrx_word' id='word_1_639' title='bbox 2976 3932 3119 3998; x_wconf 79' lang='lat' dir='ltr'><strong>Quid</strong></span> <span class='ocrx_word' id='word_1_640' title='bbox 3164 3930 3267 3986; x_wconf 86' lang='lat' dir='ltr'><strong>sibi</strong></span> <span class='ocrx_word' id='word_1_641' title='bbox 3297 3930 3414 3989; x_wconf 87' lang='lat' dir='ltr'><strong>vult</strong></span> <span class='ocrx_word' id='word_1_642' title='bbox 3464 3928 3597 3984; x_wconf 83' lang='lat' dir='ltr'><strong>illud</strong></span> 
     </span>
    </p>
   </div>
   <div class='ocr_carea' id='block_1_80' title="bbox 356 4019 1976 4112">
    <p class='ocr_par' dir='ltr' id='par_1_80' title="bbox 356 4038 1926 4112">
     <span class='ocr_line' id='line_1_81' title="bbox 356 4038 1926 4112; baseline -0.001 -17"><span class='ocrx_word' id='word_1_643' title='bbox 356 4059 417 4112; x_wconf 73' lang='grc' dir='ltr'><strong>γε</strong></span> <span class='ocrx_word' id='word_1_644' title='bbox 442 4044 546 4097; x_wconf 78' lang='grc' dir='ltr'><strong>οὐκ</strong></span> <span class='ocrx_word' id='word_1_645' title='bbox 581 4043 754 4107; x_wconf 78' lang='grc' dir='ltr'><strong>ἄξιος,</strong></span> <span class='ocrx_word' id='word_1_646' title='bbox 793 4040 920 4109; x_wconf 78' lang='grc' dir='ltr'><strong>εφη,</strong></span> <span class='ocrx_word' id='word_1_647' title='bbox 967 4039 1125 4093; x_wconf 82' lang='grc' dir='ltr'><strong>τοῦτο</strong></span> <span class='ocrx_word' id='word_1_648' title='bbox 1160 4038 1352 4109; x_wconf 84' lang='grc' dir='ltr'><strong>μαθεῖν</strong></span> <span class='ocrx_word' id='word_1_649' title='bbox 1373 4054 1386 4069; x_wconf 76' lang='grc' dir='ltr'><strong><em>ο</em></strong></span> <span class='ocrx_word' id='word_1_650' title='bbox 1425 4038 1550 4092; x_wconf 72' lang='grc' dir='ltr'><strong>οὐδὲ</strong></span> <span class='ocrx_word' id='word_1_651' title='bbox 1589 4038 1699 4110; x_wconf 79' lang='grc' dir='ltr'><strong>γὰρ</strong></span> <span class='ocrx_word' id='word_1_652' title='bbox 1730 4040 1926 4111; x_wconf 78' lang='grc' dir='ltr'><strong>σαπρῷ</strong></span> 
     </span>
    </p>
   </div>
   <div class='ocr_carea' id='block_1_81' title="bbox 1980 4019 3600 4112">
    <p class='ocr_par' dir='ltr' id='par_1_81' title="bbox 2033 4019 3600 4097">
     <span class='ocr_line' id='line_1_82' title="bbox 2033 4019 3600 4097; baseline -0.01 -8"><span class='ocrx_word' id='word_1_653' title='bbox 2033 4032 2245 4089; x_wconf 72' lang='lat' dir='ltr'><strong>Amen?</strong></span> <span class='ocrx_word' id='word_1_654' title='bbox 2280 4029 2481 4095; x_wconf 66' lang='grc' dir='ltr'><strong>ωσι-ψ·</strong></span> <span class='ocrx_word' id='word_1_655' title='bbox 2509 4042 2641 4082; x_wconf 83' lang='lat' dir='ltr'><strong>vero</strong></span> <span class='ocrx_word' id='word_1_656' title='bbox 2664 4044 2679 4081; x_wconf 85' lang='lat'><strong>;</strong></span> <span class='ocrx_word' id='word_1_657' title='bbox 2703 4023 2810 4081; x_wconf 82' lang='lat' dir='ltr'><strong>Sed</strong></span> <span class='ocrx_word' id='word_1_658' title='bbox 2836 4035 2893 4080; x_wconf 92' lang='lat' dir='ltr'><strong>tu</strong></span> <span class='ocrx_word' id='word_1_659' title='bbox 2928 4039 3041 4078; x_wconf 86' lang='lat' dir='ltr'><strong>non</strong></span> <span class='ocrx_word' id='word_1_660' title='bbox 3070 4037 3153 4082; x_wconf 87' lang='lat' dir='ltr'><strong>es.</strong></span> <span class='ocrx_word' id='word_1_661' title='bbox 3175 4021 3374 4090; x_wconf 76' lang='lat' dir='ltr'><strong>inquit,</strong></span> <span class='ocrx_word' id='word_1_662' title='bbox 3398 4019 3600 4097; x_wconf 75' lang='lat' dir='ltr'><strong>dignus</strong></span> 
     </span>
    </p>
   </div>
   <div class='ocr_carea' id='block_1_82' title="bbox 355 4111 1975 4206">
    <p class='ocr_par' dir='ltr' id='par_1_82' title="bbox 355 4111 1926 4206">
     <span class='ocr_line' id='line_1_83' title="bbox 355 4111 1926 4206; baseline -0.004 -16"><span class='ocrx_word' id='word_1_663' title='bbox 355 4111 549 4206; x_wconf 73' lang='grc' dir='ltr'><strong>δοχείῳ</strong></span> <span class='ocrx_word' id='word_1_664' title='bbox 578 4134 749 4204; x_wconf 88' lang='grc' dir='ltr'><strong>μύρον</strong></span> <span class='ocrx_word' id='word_1_665' title='bbox 777 4133 843 4186; x_wconf 75' lang='grc' dir='ltr'><strong>ἄν</strong></span> <span class='ocrx_word' id='word_1_666' title='bbox 892 4149 977 4194; x_wconf 87' lang='grc' dir='ltr'><strong>τις</strong></span> <span class='ocrx_word' id='word_1_667' title='bbox 1018 4131 1364 4184; x_wconf 72' lang='grc' dir='ltr'><strong>πιστεύσειεν</strong></span> <span class='ocrx_word' id='word_1_668' title='bbox 1397 4129 1458 4184; x_wconf 75' lang='grc' dir='ltr'><strong>εὖ</strong></span> <span class='ocrx_word' id='word_1_669' title='bbox 1508 4131 1745 4202; x_wconf 83' lang='grc' dir='ltr'><strong>φρονῶν.</strong></span> <span class='ocrx_word' id='word_1_670' title='bbox 1787 4132 1926 4185; x_wconf 66' lang='lat'><strong>0&#39;3).-</strong></span> 
     </span>
    </p>
   </div>
   <div class='ocr_carea' id='block_1_83' title="bbox 1980 4111 3600 4206">
    <p class='ocr_par' dir='ltr' id='par_1_83' title="bbox 2032 4111 3600 4197">
     <span class='ocr_line' id='line_1_84' title="bbox 2032 4111 3600 4197; baseline -0.009 -18"><span class='ocrx_word' id='word_1_671' title='bbox 2032 4126 2126 4197; x_wconf 86' lang='lat' dir='ltr'><strong>qui</strong></span> <span class='ocrx_word' id='word_1_672' title='bbox 2158 4122 2263 4178; x_wconf 89' lang='lat' dir='ltr'><strong>hoc</strong></span> <span class='ocrx_word' id='word_1_673' title='bbox 2291 4120 2490 4176; x_wconf 79' lang='lat' dir='ltr'><strong>discas.</strong></span> <span class='ocrx_word' id='word_1_674' title='bbox 2515 4118 2689 4175; x_wconf 82' lang='lat' dir='ltr'><strong>Nemo</strong></span> <span class='ocrx_word' id='word_1_675' title='bbox 2708 4116 2878 4180; x_wconf 86' lang='lat' dir='ltr'><strong>enim,</strong></span> <span class='ocrx_word' id='word_1_676' title='bbox 2907 4114 3111 4184; x_wconf 86' lang='lat' dir='ltr'><strong>inquit,</strong></span> <span class='ocrx_word' id='word_1_677' title='bbox 3134 4114 3229 4182; x_wconf 88' lang='lat' dir='ltr'><strong>qui</strong></span> <span class='ocrx_word' id='word_1_678' title='bbox 3257 4111 3423 4178; x_wconf 85' lang='lat' dir='ltr'><strong>sapit,</strong></span> <span class='ocrx_word' id='word_1_679' title='bbox 3449 4125 3600 4166; x_wconf 85' lang='lat' dir='ltr'><strong>com-</strong></span> 
     </span>
    </p>
   </div>
   <div class='ocr_carea' id='block_1_84' title="bbox 359 4203 1979 4300">
    <p class='ocr_par' dir='ltr' id='par_1_84' title="bbox 359 4203 1928 4300">
     <span class='ocr_line' id='line_1_85' title="bbox 359 4203 1928 4300; baseline -0.001 -20"><span class='ocrx_word' id='word_1_680' title='bbox 575 4203 669 4280; x_wconf 75' lang='grc' dir='ltr'><strong>οὒν</strong></span> <span class='ocrx_word' id='word_1_681' title='bbox 701 4220 848 4300; x_wconf 78' lang='grc' dir='ltr'><strong>ᾗπερ</strong></span> <span class='ocrx_word' id='word_1_682' title='bbox 873 4224 1143 4293; x_wconf 70' lang='grc' dir='ltr'><strong>ἐσκέψατο</strong></span> <span class='ocrx_word' id='word_1_683' title='bbox 1170 4225 1266 4276; x_wconf 75' lang='grc' dir='ltr'><strong>καὶ</strong></span> <span class='ocrx_word' id='word_1_684' title='bbox 1299 4224 1588 4295; x_wconf 76' lang='grc' dir='ltr'><strong>πεποίηκε,</strong></span> <span class='ocrx_word' id='word_1_685' title='bbox 1635 4223 1733 4280; x_wconf 80' lang='grc' dir='ltr'><strong>καὶ</strong></span> <span class='ocrx_word' id='word_1_686' title='bbox 1761 4225 1928 4295; x_wconf 85' lang='grc' dir='ltr'><strong>τριῶν</strong></span> 
     </span>
    </p>
   </div>
   <div class='ocr_carea' id='block_1_85' title="bbox 1978 4203 3598 4300">
    <p class='ocr_par' dir='ltr' id='par_1_85' title="bbox 2034 4203 3598 4286">
     <span class='ocr_line' id='line_1_86' title="bbox 2034 4203 3598 4286; baseline -0.009 -12"><span class='ocrx_word' id='word_1_687' title='bbox 2034 4218 2248 4275; x_wconf 89' lang='lat' dir='ltr'><strong>miserit</strong></span> <span class='ocrx_word' id='word_1_688' title='bbox 2281 4222 2620 4286; x_wconf 75' lang='lat' dir='ltr'><strong>unguentum</strong></span> <span class='ocrx_word' id='word_1_689' title='bbox 2651 4212 2766 4265; x_wconf 83' lang='lat' dir='ltr'><strong>vasi</strong></span> <span class='ocrx_word' id='word_1_690' title='bbox 2794 4210 2963 4279; x_wconf 91' lang='lat' dir='ltr'><strong>putri.</strong></span> <span class='ocrx_word' id='word_1_691' title='bbox 2997 4210 3265 4279; x_wconf 88' lang='lat' dir='ltr'><strong>Ulpiauus</strong></span> <span class='ocrx_word' id='word_1_692' title='bbox 3293 4216 3476 4263; x_wconf 85' lang='lat' dir='ltr'><strong>autem</strong></span> <span class='ocrx_word' id='word_1_693' title='bbox 3518 4203 3598 4261; x_wconf 77' lang='lat' dir='ltr'><strong>Ie-</strong></span> 
     </span>
    </p>
   </div>
   <div class='ocr_carea' id='block_1_86' title="bbox 359 4300 1979 4390">
    <p class='ocr_par' dir='ltr' id='par_1_86' title="bbox 359 4313 1929 4390">
     <span class='ocr_line' id='line_1_87' title="bbox 359 4313 1929 4390; baseline -0.001 -19"><span class='ocrx_word' id='word_1_694' title='bbox 359 4318 583 4390; x_wconf 71' lang='grc' dir='ltr'><strong>ἡμερῶν</strong></span> <span class='ocrx_word' id='word_1_695' title='bbox 636 4318 761 4380; x_wconf 76' lang='grc' dir='ltr'><strong>δοὺς</strong></span> <span class='ocrx_word' id='word_1_696' title='bbox 805 4316 944 4386; x_wconf 78' lang='grc' dir='ltr'><strong>αὐτῇ</strong></span> <span class='ocrx_word' id='word_1_697' title='bbox 978 4313 1346 4386; x_wconf 78' lang='grc' dir='ltr'><strong>προθεσμίαν,</strong></span> <span class='ocrx_word' id='word_1_698' title='bbox 1370 4317 1620 4384; x_wconf 68' lang='grc' dir='ltr'><strong>γυναιξὶν</strong></span> <span class='ocrx_word' id='word_1_699' title='bbox 1659 4315 1929 4387; x_wconf 80' lang='grc' dir='ltr'><strong>Ἑλληνίσι</strong></span> 
     </span>
    </p>
   </div>
   <div class='ocr_carea' id='block_1_87' title="bbox 1980 4300 3600 4390">
    <p class='ocr_par' dir='ltr' id='par_1_87' title="bbox 2034 4300 3600 4369">
     <span class='ocr_line' id='line_1_88' title="bbox 2034 4300 3600 4369; baseline -0.009 0"><span class='ocrx_word' id='word_1_700' title='bbox 2034 4311 2111 4369; x_wconf 81' lang='lat' dir='ltr'><strong>cit</strong></span> <span class='ocrx_word' id='word_1_701' title='bbox 2162 4318 2223 4364; x_wconf 91' lang='lat' dir='ltr'><strong>ut</strong></span> <span class='ocrx_word' id='word_1_702' title='bbox 2263 4316 2566 4369; x_wconf 75' lang='lat' dir='ltr'><strong>statuerat;</strong></span> <span class='ocrx_word' id='word_1_703' title='bbox 2612 4312 2672 4360; x_wconf 85' lang='lat' dir='ltr'><strong>et</strong></span> <span class='ocrx_word' id='word_1_704' title='bbox 2718 4319 2843 4360; x_wconf 90' lang='lat' dir='ltr'><strong>cum</strong></span> <span class='ocrx_word' id='word_1_705' title='bbox 2896 4304 2947 4358; x_wconf 86' lang='lat' dir='ltr'><strong>ei</strong></span> <span class='ocrx_word' id='word_1_706' title='bbox 3003 4300 3247 4357; x_wconf 82' lang='lat' dir='ltr'><strong>dedisset</strong></span> <span class='ocrx_word' id='word_1_707' title='bbox 3304 4300 3600 4355; x_wconf 81' lang='lat' dir='ltr'><strong>terminum</strong></span> 
     </span>
    </p>
   </div>
   <div class='ocr_carea' id='block_1_88' title="bbox 360 4392 1980 4481">
    <p class='ocr_par' dir='ltr' id='par_1_88' title="bbox 360 4406 1928 4481">
     <span class='ocr_line' id='line_1_89' title="bbox 360 4406 1928 4481; baseline -0.003 -17"><span class='ocrx_word' id='word_1_708' title='bbox 360 4412 453 4464; x_wconf 77' lang='grc' dir='ltr'><strong>καὶ</strong></span> <span class='ocrx_word' id='word_1_709' title='bbox 483 4411 628 4464; x_wconf 85' lang='grc' dir='ltr'><strong>κατά</strong></span> <span class='ocrx_word' id='word_1_710' title='bbox 656 4409 812 4477; x_wconf 83' lang='grc' dir='ltr'><strong>γένος</strong></span> <span class='ocrx_word' id='word_1_711' title='bbox 839 4407 991 4479; x_wconf 73' lang='grc' dir='ltr'><strong>αὐτῷ</strong></span> <span class='ocrx_word' id='word_1_712' title='bbox 1021 4406 1433 4479; x_wconf 82' lang='grc' dir='ltr'><strong>προσηκούσαις</strong></span> <span class='ocrx_word' id='word_1_713' title='bbox 1474 4408 1832 4479; x_wconf 84' lang='grc' dir='ltr'><strong>παραδίδωσι,</strong></span> <span class='ocrx_word' id='word_1_714' title='bbox 1861 4411 1928 4481; x_wconf 72' lang='grc' dir='ltr'><strong>τῇ</strong></span> 
     </span>
    </p>
   </div>
   <div class='ocr_carea' id='block_1_89' title="bbox 1986 4392 3606 4481">
    <p class='ocr_par' dir='ltr' id='par_1_89' title="bbox 2041 4392 3606 4464">
     <span class='ocr_line' id='line_1_90' title="bbox 2041 4392 3606 4464; baseline -0.008 -4"><span class='ocrx_word' id='word_1_715' title='bbox 2041 4404 2206 4461; x_wconf 88' lang='lat' dir='ltr'><strong>trium</strong></span> <span class='ocrx_word' id='word_1_716' title='bbox 2236 4401 2472 4461; x_wconf 87' lang='lat' dir='ltr'><strong>dierum.</strong></span> <span class='ocrx_word' id='word_1_717' title='bbox 2505 4398 2672 4452; x_wconf 82' lang='lat' dir='ltr'><strong>tradit</strong></span> <span class='ocrx_word' id='word_1_718' title='bbox 2692 4411 2812 4453; x_wconf 89' lang='lat' dir='ltr'><strong>eam</strong></span> <span class='ocrx_word' id='word_1_719' title='bbox 2844 4394 3171 4450; x_wconf 84' lang='lat' dir='ltr'><strong>mulieribus</strong></span> <span class='ocrx_word' id='word_1_720' title='bbox 3204 4392 3523 4464; x_wconf 73' lang='lat' dir='ltr'><strong>gentilibus,</strong></span> <span class='ocrx_word' id='word_1_721' title='bbox 3546 4399 3606 4447; x_wconf 84' lang='lat' dir='ltr'><strong>et</strong></span> 
     </span>
    </p>
   </div>
   <div class='ocr_carea' id='block_1_90' title="bbox 360 4484 1980 4570">
    <p class='ocr_par' dir='ltr' id='par_1_90' title="bbox 360 4484 1980 4570">
     <span class='ocr_line' id='line_1_91' title="bbox 360 4484 1980 4570; baseline 0.001 -19"><span class='ocrx_word' id='word_1_722' title='bbox 360 4514 421 4551; x_wconf 88' lang='grc' dir='ltr'><strong>τε</strong></span> <span class='ocrx_word' id='word_1_723' title='bbox 448 4498 637 4570; x_wconf 61' lang='grc' dir='ltr'><strong>ὁμιλία</strong></span> <span class='ocrx_word' id='word_1_724' title='bbox 664 4497 772 4550; x_wconf 86' lang='grc' dir='ltr'><strong>τῶν</strong></span> <span class='ocrx_word' id='word_1_725' title='bbox 802 4496 1081 4567; x_wconf 76' lang='grc' dir='ltr'><strong>γυναικῶν</strong></span> <span class='ocrx_word' id='word_1_726' title='bbox 1108 4496 1203 4551; x_wconf 76' lang='grc' dir='ltr'><strong>καὶ</strong></span> <span class='ocrx_word' id='word_1_727' title='bbox 1228 4497 1293 4567; x_wconf 75' lang='grc' dir='ltr'><strong>τῇ</strong></span> <span class='ocrx_word' id='word_1_728' title='bbox 1332 4484 1643 4567; x_wconf 76' lang='grc' dir='ltr'><strong>παρεκτάσει</strong></span> <span class='ocrx_word' id='word_1_729' title='bbox 1662 4496 1772 4550; x_wconf 86' lang='grc' dir='ltr'><strong>τῶν</strong></span> <span class='ocrx_word' id='word_1_730' title='bbox 1790 4498 1931 4567; x_wconf 77' lang='grc' dir='ltr'><strong>ημε·</strong></span> <span class='ocrx_word' id='word_1_731' title='bbox 1960 4492 1980 4553; x_wconf 89' lang='grc' dir='ltr'><strong>Ι</strong></span> 
     </span>
    </p>
   </div>
   <div class='ocr_carea' id='block_1_91' title="bbox 1985 4484 3605 4570">
    <p class='ocr_par' dir='ltr' id='par_1_91' title="bbox 1985 4484 3605 4564">
     <span class='ocr_line' id='line_1_92' title="bbox 1985 4484 3605 4564; baseline -0.012 -12"><span class='ocrx_word' id='word_1_732' title='bbox 1985 4493 2012 4552; x_wconf 80' lang='grc'>)</span> <span class='ocrx_word' id='word_1_733' title='bbox 2038 4509 2159 4564; x_wconf 61' lang='lat' dir='ltr'><strong>quae</strong></span> <span class='ocrx_word' id='word_1_734' title='bbox 2190 4502 2391 4561; x_wconf 82' lang='lat' dir='ltr'><strong>genere</strong></span> <span class='ocrx_word' id='word_1_735' title='bbox 2425 4489 2491 4544; x_wconf 87' lang='lat' dir='ltr'><strong>ad</strong></span> <span class='ocrx_word' id='word_1_736' title='bbox 2517 4502 2640 4543; x_wconf 85' lang='lat' dir='ltr'><strong>eam</strong></span> <span class='ocrx_word' id='word_1_737' title='bbox 2673 4485 2997 4549; x_wconf 85' lang='lat' dir='ltr'><strong>attinebant,</strong></span> <span class='ocrx_word' id='word_1_738' title='bbox 3022 4484 3318 4540; x_wconf 86' lang='lat' dir='ltr'><strong>mulierum</strong></span> <span class='ocrx_word' id='word_1_739' title='bbox 3349 4496 3605 4545; x_wconf 77' lang='lat' dir='ltr'><strong>sermone</strong></span> 
     </span>
    </p>
   </div>
   <div class='ocr_carea' id='block_1_92' title="bbox 366 4575 1986 4664">
    <p class='ocr_par' dir='ltr' id='par_1_92' title="bbox 366 4587 1934 4664">
     <span class='ocr_line' id='line_1_93' title="bbox 366 4587 1934 4664; baseline -0.003 -18"><span class='ocrx_word' id='word_1_740' title='bbox 366 4592 476 4664; x_wconf 78' lang='grc' dir='ltr'><strong>ρῶν</strong></span> <span class='ocrx_word' id='word_1_741' title='bbox 506 4593 640 4656; x_wconf 69' lang='grc' dir='ltr'><strong>ἴσως</strong></span> <span class='ocrx_word' id='word_1_742' title='bbox 668 4609 721 4645; x_wconf 84' lang='grc' dir='ltr'><strong>τι</strong></span> <span class='ocrx_word' id='word_1_743' title='bbox 753 4592 854 4660; x_wconf 73' lang='grc' dir='ltr'><strong>τῆς</strong></span> <span class='ocrx_word' id='word_1_744' title='bbox 882 4589 1114 4661; x_wconf 78' lang='grc' dir='ltr'><strong>γνώμης</strong></span> <span class='ocrx_word' id='word_1_745' title='bbox 1142 4587 1315 4658; x_wconf 82' lang='grc' dir='ltr'><strong>αὐτὴν</strong></span> <span class='ocrx_word' id='word_1_746' title='bbox 1346 4592 1442 4641; x_wconf 77' lang='grc' dir='ltr'><strong>καὶ</strong></span> <span class='ocrx_word' id='word_1_747' title='bbox 1474 4589 1799 4659; x_wconf 72' lang='grc' dir='ltr'><strong>μεταϐαλεῖν</strong></span> <span class='ocrx_word' id='word_1_748' title='bbox 1826 4589 1934 4643; x_wconf 74' lang='lat' dir='ltr'><strong>old-</strong></span> 
     </span>
    </p>
   </div>
   <div class='ocr_carea' id='block_1_93' title="bbox 1980 4575 3600 4664">
    <p class='ocr_par' dir='ltr' id='par_1_93' title="bbox 2036 4575 3600 4651">
     <span class='ocr_line' id='line_1_94' title="bbox 2036 4575 3600 4651; baseline -0.009 -10"><span class='ocrx_word' id='word_1_749' title='bbox 2036 4595 2094 4642; x_wconf 91' lang='lat' dir='ltr'><strong>et</strong></span> <span class='ocrx_word' id='word_1_750' title='bbox 2123 4584 2337 4640; x_wconf 87' lang='lat' dir='ltr'><strong>dierum</strong></span> <span class='ocrx_word' id='word_1_751' title='bbox 2368 4578 2713 4651; x_wconf 73' lang='lat' dir='ltr'><strong>longitudine</strong></span> <span class='ocrx_word' id='word_1_752' title='bbox 2748 4577 2887 4643; x_wconf 81' lang='lat' dir='ltr'><strong>fore,</strong></span> <span class='ocrx_word' id='word_1_753' title='bbox 2909 4584 2967 4631; x_wconf 90' lang='lat' dir='ltr'><strong>ut</strong></span> <span class='ocrx_word' id='word_1_754' title='bbox 2986 4575 3241 4632; x_wconf 87' lang='lat' dir='ltr'><strong>nonnihil</strong></span> <span class='ocrx_word' id='word_1_755' title='bbox 3271 4575 3600 4637; x_wconf 74' lang='lat' dir='ltr'><strong>sententiain</strong></span> 
     </span>
    </p>
   </div>
   <div class='ocr_carea' id='block_1_94' title="bbox 367 4665 1987 4756">
    <p class='ocr_par' dir='ltr' id='par_1_94' title="bbox 367 4681 1933 4756">
     <span class='ocr_line' id='line_1_95' title="bbox 367 4681 1933 4756; baseline -0.002 -18"><span class='ocrx_word' id='word_1_756' title='bbox 367 4701 553 4756; x_wconf 76' lang='grc' dir='ltr'><strong>μενος.</strong></span> <span class='ocrx_word' id='word_1_757' title='bbox 621 4684 689 4736; x_wconf 85' lang='grc' dir='ltr'><strong>Ἦ</strong></span> <span class='ocrx_word' id='word_1_758' title='bbox 737 4683 793 4736; x_wconf 78' lang='grc' dir='ltr'><strong>δὲ</strong></span> <span class='ocrx_word' id='word_1_759' title='bbox 836 4681 1032 4753; x_wconf 81' lang='grc' dir='ltr'><strong>ὥσπερ</strong></span> <span class='ocrx_word' id='word_1_760' title='bbox 1094 4681 1408 4751; x_wconf 63' lang='grc' dir='ltr'><strong>ἐπαυξῆσαι</strong></span> <span class='ocrx_word' id='word_1_761' title='bbox 1453 4682 1681 4753; x_wconf 82' lang='grc' dir='ltr'><strong>μᾶλλον,</strong></span> <span class='ocrx_word' id='word_1_762' title='bbox 1731 4682 1933 4737; x_wconf 80' lang='grc' dir='ltr'><strong>ἀλλὀὐ</strong></span> 
     </span>
    </p>
   </div>
   <div class='ocr_carea' id='block_1_95' title="bbox 1979 4665 3599 4756">
    <p class='ocr_par' dir='ltr' id='par_1_95' title="bbox 2038 4665 3599 4742">
     <span class='ocr_line' id='line_1_96' title="bbox 2038 4665 3599 4742; baseline -0.01 -9"><span class='ocrx_word' id='word_1_763' title='bbox 2038 4684 2297 4742; x_wconf 86' lang='lat' dir='ltr'><strong>mutaret,</strong></span> <span class='ocrx_word' id='word_1_764' title='bbox 2330 4674 2680 4729; x_wconf 80' lang='lat' dir='ltr'><strong>existimans.</strong></span> <span class='ocrx_word' id='word_1_765' title='bbox 2718 4670 2814 4723; x_wconf 87' lang='lat' dir='ltr'><strong>Illa</strong></span> <span class='ocrx_word' id='word_1_766' title='bbox 2855 4684 2985 4725; x_wconf 83' lang='lat' dir='ltr'><strong>vero</strong></span> <span class='ocrx_word' id='word_1_767' title='bbox 3014 4684 3139 4724; x_wconf 90' lang='lat' dir='ltr'><strong>cum</strong></span> <span class='ocrx_word' id='word_1_768' title='bbox 3167 4667 3275 4723; x_wconf 88' lang='lat' dir='ltr'><strong>sibi</strong></span> <span class='ocrx_word' id='word_1_769' title='bbox 3304 4665 3599 4736; x_wconf 78' lang='lat' dir='ltr'><strong>persuasis-</strong></span> 
     </span>
    </p>
   </div>
   <div class='ocr_carea' id='block_1_96' title="bbox 368 4758 1988 4847">
    <p class='ocr_par' dir='ltr' id='par_1_96' title="bbox 368 4773 1934 4847">
     <span class='ocr_line' id='line_1_97' title="bbox 368 4773 1934 4847; baseline -0.001 -19"><span class='ocrx_word' id='word_1_770' title='bbox 368 4775 601 4846; x_wconf 70' lang='grc' dir='ltr'><strong>μειιῖισαι</strong></span> <span class='ocrx_word' id='word_1_771' title='bbox 654 4775 750 4829; x_wconf 80' lang='grc' dir='ltr'><strong>τὸν</strong></span> <span class='ocrx_word' id='word_1_772' title='bbox 796 4775 927 4847; x_wconf 80' lang='grc' dir='ltr'><strong>περὶ</strong></span> <span class='ocrx_word' id='word_1_773' title='bbox 951 4774 1188 4845; x_wconf 70' lang='grc' dir='ltr'><strong>Χριστὸν</strong></span> <span class='ocrx_word' id='word_1_774' title='bbox 1223 4775 1388 4828; x_wconf 79' lang='grc' dir='ltr'><strong>πόθον</strong></span> <span class='ocrx_word' id='word_1_775' title='bbox 1434 4775 1634 4844; x_wconf 76' lang='grc' dir='ltr'><strong>ἑαυτὴν</strong></span> <span class='ocrx_word' id='word_1_776' title='bbox 1675 4773 1934 4838; x_wconf 78' lang='grc' dir='ltr'><strong>πείσασα,</strong></span> 
     </span>
    </p>
   </div>
   <div class='ocr_carea' id='block_1_97' title="bbox 1982 4758 3602 4847">
    <p class='ocr_par' dir='ltr' id='par_1_97' title="bbox 2038 4758 3602 4837">
     <span class='ocr_line' id='line_1_98' title="bbox 2038 4758 3602 4837; baseline -0.01 -12"><span class='ocrx_word' id='word_1_777' title='bbox 2038 4781 2122 4825; x_wconf 87' lang='lat' dir='ltr'><strong>set</strong></span> <span class='ocrx_word' id='word_1_778' title='bbox 2142 4782 2340 4837; x_wconf 80' lang='lat' dir='ltr'><strong>augere</strong></span> <span class='ocrx_word' id='word_1_779' title='bbox 2364 4766 2568 4836; x_wconf 84' lang='lat' dir='ltr'><strong>potius,</strong></span> <span class='ocrx_word' id='word_1_780' title='bbox 2589 4778 2756 4833; x_wconf 84' lang='lat' dir='ltr'><strong>quam</strong></span> <span class='ocrx_word' id='word_1_781' title='bbox 2778 4762 3029 4823; x_wconf 85' lang='lat' dir='ltr'><strong>minuere</strong></span> <span class='ocrx_word' id='word_1_782' title='bbox 3057 4775 3219 4815; x_wconf 87' lang='lat' dir='ltr'><strong>suum</strong></span> <span class='ocrx_word' id='word_1_783' title='bbox 3245 4760 3298 4813; x_wconf 91' lang='lat' dir='ltr'><strong>in</strong></span> <span class='ocrx_word' id='word_1_784' title='bbox 3323 4758 3602 4812; x_wconf 79' lang='lat' dir='ltr'><strong>Christum</strong></span> 
     </span>
    </p>
   </div>
   <div class='ocr_carea' id='block_1_98' title="bbox 365 4849 1985 4937">
    <p class='ocr_par' dir='ltr' id='par_1_98' title="bbox 365 4865 1938 4937">
     <span class='ocr_line' id='line_1_99' title="bbox 365 4865 1938 4937; baseline -0.003 -16"><span class='ocrx_word' id='word_1_785' title='bbox 365 4870 632 4937; x_wconf 80' lang='grc' dir='ltr'><strong>γυναῖκας</strong></span> <span class='ocrx_word' id='word_1_786' title='bbox 663 4866 879 4930; x_wconf 77' lang='grc' dir='ltr'><strong>ὲκείνας</strong></span> <span class='ocrx_word' id='word_1_787' title='bbox 907 4866 1003 4919; x_wconf 67' lang='grc' dir='ltr'><strong>καὶ</strong></span> <span class='ocrx_word' id='word_1_788' title='bbox 1030 4865 1227 4936; x_wconf 70' lang='grc' dir='ltr'><strong>λόγους</strong></span> <span class='ocrx_word' id='word_1_789' title='bbox 1246 4866 1491 4928; x_wconf 70' lang='grc' dir='ltr'><strong>ἐκείνους</strong></span> <span class='ocrx_word' id='word_1_790' title='bbox 1511 4865 1720 4935; x_wconf 81' lang='grc' dir='ltr'><strong>ψόφους</strong></span> <span class='ocrx_word' id='word_1_791' title='bbox 1743 4866 1938 4929; x_wconf 79' lang='grc' dir='ltr'><strong>κενοὺς</strong></span> 
     </span>
    </p>
   </div>
   <div class='ocr_carea' id='block_1_99' title="bbox 1983 4849 3603 4937">
    <p class='ocr_par' dir='ltr' id='par_1_99' title="bbox 2040 4849 3603 4926">
     <span class='ocr_line' id='line_1_100' title="bbox 2040 4849 3603 4926; baseline -0.012 -10"><span class='ocrx_word' id='word_1_792' title='bbox 2040 4861 2399 4923; x_wconf 79' lang='lat' dir='ltr'><strong>desiderium,</strong></span> <span class='ocrx_word' id='word_1_793' title='bbox 2429 4859 2692 4913; x_wconf 87' lang='lat' dir='ltr'><strong>mulieres</strong></span> <span class='ocrx_word' id='word_1_794' title='bbox 2721 4854 2945 4926; x_wconf 85' lang='lat' dir='ltr'><strong>quidem</strong></span> <span class='ocrx_word' id='word_1_795' title='bbox 2979 4853 3122 4915; x_wconf 87' lang='lat' dir='ltr'><strong>illas,</strong></span> <span class='ocrx_word' id='word_1_796' title='bbox 3154 4861 3211 4905; x_wconf 88' lang='lat' dir='ltr'><strong>et</strong></span> <span class='ocrx_word' id='word_1_797' title='bbox 3244 4849 3370 4905; x_wconf 78' lang='lat' dir='ltr'><strong>illos</strong></span> <span class='ocrx_word' id='word_1_798' title='bbox 3400 4862 3603 4902; x_wconf 83' lang='lat' dir='ltr'><strong>sermo-</strong></span> 
     </span>
    </p>
   </div>
   <div class='ocr_carea' id='block_1_100' title="bbox 366 4939 1986 5029">
    <p class='ocr_par' dir='ltr' id='par_1_100' title="bbox 366 4955 1943 5029">
     <span class='ocr_line' id='line_1_101' title="bbox 366 4955 1943 5029; baseline -0.001 -19"><span class='ocrx_word' id='word_1_799' title='bbox 366 4961 551 5029; x_wconf 74' lang='grc' dir='ltr'><strong>ηγεῖτο</strong></span> <span class='ocrx_word' id='word_1_800' title='bbox 576 4957 756 5028; x_wconf 85' lang='grc' dir='ltr'><strong>μάτην</strong></span> <span class='ocrx_word' id='word_1_801' title='bbox 784 4956 920 5027; x_wconf 75' lang='grc' dir='ltr'><strong>αὐτῇ</strong></span> <span class='ocrx_word' id='word_1_802' title='bbox 946 4956 1384 5026; x_wconf 82' lang='grc' dir='ltr'><strong>καταχεομένους</strong></span> <span class='ocrx_word' id='word_1_803' title='bbox 1401 4956 1512 5009; x_wconf 81' lang='grc' dir='ltr'><strong>τῶν</strong></span> <span class='ocrx_word' id='word_1_804' title='bbox 1539 4955 1943 5026; x_wconf 83' lang='grc' dir='ltr'><strong>άκοῶν,χεῖρας</strong></span> 
     </span>
    </p>
   </div>
   <div class='ocr_carea' id='block_1_101' title="bbox 1985 4939 3605 5029">
    <p class='ocr_par' dir='ltr' id='par_1_101' title="bbox 2042 4939 3605 5017">
     <span class='ocr_line' id='line_1_102' title="bbox 2042 4939 3605 5017; baseline -0.011 -9"><span class='ocrx_word' id='word_1_805' title='bbox 2042 4969 2162 5017; x_wconf 90' lang='lat' dir='ltr'><strong>nes,</strong></span> <span class='ocrx_word' id='word_1_806' title='bbox 2194 4951 2546 5008; x_wconf 79' lang='lat' dir='ltr'><strong>existimabat</strong></span> <span class='ocrx_word' id='word_1_807' title='bbox 2570 4964 2692 5004; x_wconf 89' lang='lat' dir='ltr'><strong>esse</strong></span> <span class='ocrx_word' id='word_1_808' title='bbox 2722 4951 2913 5002; x_wconf 88' lang='lat' dir='ltr'><strong>inanes</strong></span> <span class='ocrx_word' id='word_1_809' title='bbox 2943 4943 3207 5013; x_wconf 81' lang='lat' dir='ltr'><strong>strepitus</strong></span> <span class='ocrx_word' id='word_1_810' title='bbox 3226 4979 3241 5004; x_wconf 89' lang='lat'><strong>,</strong></span> <span class='ocrx_word' id='word_1_811' title='bbox 3270 4939 3364 5007; x_wconf 84' lang='lat' dir='ltr'><strong>qui</strong></span> <span class='ocrx_word' id='word_1_812' title='bbox 3397 4947 3605 4992; x_wconf 73' lang='lat' dir='ltr'><strong>temere</strong></span> 
     </span>
    </p>
   </div>
   <div class='ocr_carea' id='block_1_102' title="bbox 368 5035 1988 5120">
    <p class='ocr_par' dir='ltr' id='par_1_102' title="bbox 368 5048 1944 5120">
     <span class='ocr_line' id='line_1_103' title="bbox 368 5048 1944 5120; baseline -0.003 -16"><span class='ocrx_word' id='word_1_813' title='bbox 368 5052 422 5104; x_wconf 70' lang='grc' dir='ltr'><strong>δὲ</strong></span> <span class='ocrx_word' id='word_1_814' title='bbox 453 5052 572 5117; x_wconf 69' lang='grc' dir='ltr'><strong>αμα</strong></span> <span class='ocrx_word' id='word_1_815' title='bbox 614 5049 716 5103; x_wconf 74' lang='grc' dir='ltr'><strong>καὶ</strong></span> <span class='ocrx_word' id='word_1_816' title='bbox 748 5050 954 5120; x_wconf 86' lang='grc' dir='ltr'><strong>φρένας</strong></span> <span class='ocrx_word' id='word_1_817' title='bbox 993 5049 1075 5111; x_wconf 82' lang='grc' dir='ltr'><strong>είς</strong></span> <span class='ocrx_word' id='word_1_818' title='bbox 1121 5048 1352 5117; x_wconf 81' lang='grc' dir='ltr'><strong>οὐρανὸν</strong></span> <span class='ocrx_word' id='word_1_819' title='bbox 1398 5049 1633 5118; x_wconf 72' lang='grc' dir='ltr'><strong>αἴρουσα</strong></span> <span class='ocrx_word' id='word_1_820' title='bbox 1677 5048 1944 5118; x_wconf 69' lang='grc' dir='ltr'><strong>συνεργὸν</strong></span> 
     </span>
    </p>
   </div>
   <div class='ocr_carea' id='block_1_103' title="bbox 1987 5035 3607 5120">
    <p class='ocr_par' dir='ltr' id='par_1_103' title="bbox 2041 5035 3607 5100">
     <span class='ocr_line' id='line_1_104' title="bbox 2041 5035 3607 5100; baseline -0.013 0"><span class='ocrx_word' id='word_1_821' title='bbox 2041 5044 2468 5100; x_wconf 69' lang='lat' dir='ltr'><strong>effundebantur</strong></span> <span class='ocrx_word' id='word_1_822' title='bbox 2505 5041 2561 5095; x_wconf 89' lang='lat' dir='ltr'><strong>in</strong></span> <span class='ocrx_word' id='word_1_823' title='bbox 2591 5054 2755 5099; x_wconf 80' lang='lat' dir='ltr'><strong>aures</strong></span> <span class='ocrx_word' id='word_1_824' title='bbox 2784 5058 2796 5094; x_wconf 92' lang='lat'><strong>:</strong></span> <span class='ocrx_word' id='word_1_825' title='bbox 2830 5050 3023 5091; x_wconf 81' lang='lat' dir='ltr'><strong>manus</strong></span> <span class='ocrx_word' id='word_1_826' title='bbox 3051 5044 3234 5089; x_wconf 85' lang='lat' dir='ltr'><strong>autem</strong></span> <span class='ocrx_word' id='word_1_827' title='bbox 3276 5043 3327 5085; x_wconf 88' lang='lat' dir='ltr'><strong>cl</strong></span> <span class='ocrx_word' id='word_1_828' title='bbox 3370 5035 3607 5085; x_wconf 87' lang='lat' dir='ltr'><strong>mentem</strong></span> 
     </span>
    </p>
   </div>
   <div class='ocr_carea' id='block_1_104' title="bbox 368 5119 1988 5212">
    <p class='ocr_par' dir='ltr' id='par_1_104' title="bbox 368 5119 1946 5212">
     <span class='ocr_line' id='line_1_105' title="bbox 368 5119 1946 5212; baseline -0.003 -17"><span class='ocrx_word' id='word_1_829' title='bbox 368 5145 554 5199; x_wconf 70' lang='grc' dir='ltr'><strong>ἐκάλει</strong></span> <span class='ocrx_word' id='word_1_830' title='bbox 579 5143 718 5212; x_wconf 67' lang='grc' dir='ltr'><strong>πρὸς</strong></span> <span class='ocrx_word' id='word_1_831' title='bbox 739 5119 833 5194; x_wconf 78' lang='grc' dir='ltr'><strong>τδν</strong></span> <span class='ocrx_word' id='word_1_832' title='bbox 856 5140 1052 5209; x_wconf 62' lang='grc' dir='ltr'><strong>,ἀγῶνα</strong></span> <span class='ocrx_word' id='word_1_833' title='bbox 1078 5139 1139 5192; x_wconf 82' lang='grc' dir='ltr'><strong>ὃν</strong></span> <span class='ocrx_word' id='word_1_834' title='bbox 1160 5141 1342 5210; x_wconf 69' lang='grc' dir='ltr'><strong>ἐφίλει</strong></span> <span class='ocrx_word' id='word_1_835' title='bbox 1360 5139 1768 5211; x_wconf 74' lang='grc' dir='ltr'><strong>Χριστὸν,μηδὲ</strong></span> <span class='ocrx_word' id='word_1_836' title='bbox 1801 5140 1946 5209; x_wconf 83' lang='grc' dir='ltr'><strong>βρω-</strong></span> 
     </span>
    </p>
   </div>
   <div class='ocr_carea' id='block_1_105' title="bbox 1990 5119 3610 5212">
    <p class='ocr_par' dir='ltr' id='par_1_105' title="bbox 2043 5119 3610 5199">
     <span class='ocr_line' id='line_1_106' title="bbox 2043 5119 3610 5199; baseline -0.016 -4"><span class='ocrx_word' id='word_1_837' title='bbox 2043 5138 2206 5195; x_wconf 90' lang='lat' dir='ltr'><strong>simul</strong></span> <span class='ocrx_word' id='word_1_838' title='bbox 2240 5138 2293 5192; x_wconf 88' lang='lat' dir='ltr'><strong>in</strong></span> <span class='ocrx_word' id='word_1_839' title='bbox 2333 5137 2502 5199; x_wconf 85' lang='lat' dir='ltr'><strong>altum</strong></span> <span class='ocrx_word' id='word_1_840' title='bbox 2534 5135 2817 5194; x_wconf 86' lang='lat' dir='ltr'><strong>attollens,</strong></span> <span class='ocrx_word' id='word_1_841' title='bbox 2863 5130 2930 5184; x_wconf 87' lang='lat' dir='ltr'><strong>ad</strong></span> <span class='ocrx_word' id='word_1_842' title='bbox 2961 5142 3119 5197; x_wconf 89' lang='lat' dir='ltr'><strong>opem</strong></span> <span class='ocrx_word' id='word_1_843' title='bbox 3147 5124 3197 5180; x_wconf 89' lang='lat' dir='ltr'><strong>ei</strong></span> <span class='ocrx_word' id='word_1_844' title='bbox 3225 5120 3509 5177; x_wconf 79' lang='lat' dir='ltr'><strong>ferendam</strong></span> <span class='ocrx_word' id='word_1_845' title='bbox 3556 5119 3610 5172; x_wconf 89' lang='lat' dir='ltr'><strong>iu</strong></span> 
     </span>
    </p>
   </div>
   <div class='ocr_carea' id='block_1_106' title="bbox 371 5213 1991 5302">
    <p class='ocr_par' dir='ltr' id='par_1_106' title="bbox 371 5230 1946 5302">
     <span class='ocr_line' id='line_1_107' title="bbox 371 5230 1946 5302; baseline -0.003 -18"><span class='ocrx_word' id='word_1_846' title='bbox 371 5233 464 5285; x_wconf 76' lang='grc' dir='ltr'><strong>τοῦ</strong></span> <span class='ocrx_word' id='word_1_847' title='bbox 495 5248 642 5294; x_wconf 82' lang='grc' dir='ltr'><strong>τινος</strong></span> <span class='ocrx_word' id='word_1_848' title='bbox 695 5232 730 5301; x_wconf 81' lang='grc' dir='ltr'>ἢ</span> <span class='ocrx_word' id='word_1_849' title='bbox 762 5230 930 5284; x_wconf 80' lang='grc' dir='ltr'><strong>ποτοῦ</strong></span> <span class='ocrx_word' id='word_1_850' title='bbox 986 5248 1110 5297; x_wconf 85' lang='grc' dir='ltr'><strong>ταις</strong></span> <span class='ocrx_word' id='word_1_851' title='bbox 1148 5231 1326 5302; x_wconf 80' lang='grc' dir='ltr'><strong>τρισὶν</strong></span> <span class='ocrx_word' id='word_1_852' title='bbox 1380 5232 1615 5302; x_wconf 75' lang='grc' dir='ltr'><strong>ἡμέραις</strong></span> <span class='ocrx_word' id='word_1_853' title='bbox 1653 5230 1946 5300; x_wconf 74' lang='grc' dir='ltr'><strong>μετασχεῖν</strong></span> 
     </span>
    </p>
   </div>
   <div class='ocr_carea' id='block_1_107' title="bbox 1994 5213 3614 5302">
    <p class='ocr_par' dir='ltr' id='par_1_107' title="bbox 2044 5213 3614 5288">
     <span class='ocr_line' id='line_1_108' title="bbox 2044 5213 3614 5288; baseline -0.013 -3"><span class='ocrx_word' id='word_1_854' title='bbox 2044 5229 2347 5286; x_wconf 83' lang='lat' dir='ltr'><strong>certamine</strong></span> <span class='ocrx_word' id='word_1_855' title='bbox 2378 5227 2612 5283; x_wconf 82' lang='lat' dir='ltr'><strong>vocabat</strong></span> <span class='ocrx_word' id='word_1_856' title='bbox 2636 5216 2950 5280; x_wconf 81' lang='lat' dir='ltr'><strong>Christum.</strong></span> <span class='ocrx_word' id='word_1_857' title='bbox 2980 5233 3143 5288; x_wconf 88' lang='lat' dir='ltr'><strong>quem</strong></span> <span class='ocrx_word' id='word_1_858' title='bbox 3177 5213 3472 5283; x_wconf 79' lang='lat' dir='ltr'><strong>diligebat,</strong></span> <span class='ocrx_word' id='word_1_859' title='bbox 3512 5226 3614 5265; x_wconf 85' lang='lat' dir='ltr'><strong>nec</strong></span> 
     </span>
    </p>
   </div>
   <div class='ocr_carea' id='block_1_108' title="bbox 369 5302 1989 5396">
    <p class='ocr_par' dir='ltr' id='par_1_108' title="bbox 369 5324 914 5396">
     <span class='ocr_line' id='line_1_109' title="bbox 369 5324 914 5396; baseline 0.002 -19"><span class='ocrx_word' id='word_1_860' title='bbox 369 5324 504 5388; x_wconf 75' lang='grc' dir='ltr'><strong>ὅλως</strong></span> <span class='ocrx_word' id='word_1_861' title='bbox 537 5326 914 5396; x_wconf 76' lang='grc' dir='ltr'><strong>ἀνασχομένη.</strong></span> 
     </span>
    </p>
   </div>
   <div class='ocr_carea' id='block_1_109' title="bbox 1994 5302 3614 5396">
    <p class='ocr_par' dir='ltr' id='par_1_109' title="bbox 2048 5302 3614 5386">
     <span class='ocr_line' id='line_1_110' title="bbox 2048 5302 3614 5386; baseline -0.013 -11"><span class='ocrx_word' id='word_1_862' title='bbox 2048 5321 2232 5375; x_wconf 88' lang='lat' dir='ltr'><strong>cibum</strong></span> <span class='ocrx_word' id='word_1_863' title='bbox 2260 5333 2360 5372; x_wconf 88' lang='lat' dir='ltr'><strong>nec</strong></span> <span class='ocrx_word' id='word_1_864' title='bbox 2384 5327 2568 5386; x_wconf 84' lang='lat' dir='ltr'><strong>potum</strong></span> <span class='ocrx_word' id='word_1_865' title='bbox 2592 5328 2810 5369; x_wconf 87' lang='lat' dir='ltr'><strong>sumere</strong></span> <span class='ocrx_word' id='word_1_866' title='bbox 2831 5310 3055 5366; x_wconf 90' lang='lat' dir='ltr'><strong>omnino</strong></span> <span class='ocrx_word' id='word_1_867' title='bbox 3079 5307 3255 5361; x_wconf 88' lang='lat' dir='ltr'><strong>tribus</strong></span> <span class='ocrx_word' id='word_1_868' title='bbox 3281 5302 3479 5358; x_wconf 82' lang='lat' dir='ltr'><strong>diebus</strong></span> <span class='ocrx_word' id='word_1_869' title='bbox 3494 5315 3614 5355; x_wconf 83' lang='lat' dir='ltr'><strong>sus-</strong></span> 
     </span>
    </p>
   </div>
   <div class='ocr_carea' id='block_1_110' title="bbox 2054 5415 2254 5466">
    <p class='ocr_par' dir='ltr' id='par_1_110' title="bbox 2054 5415 2254 5466">
     <span class='ocr_line' id='line_1_111' title="bbox 2054 5415 2254 5466; baseline 0.005 -1"><span class='ocrx_word' id='word_1_870' title='bbox 2054 5415 2254 5466; x_wconf 81' lang='lat' dir='ltr'><strong>tinens.</strong></span> 
     </span>
    </p>
   </div>
   <div class='ocr_carea' id='block_1_111' title="bbox 440 5482 2060 5575">
    <p class='ocr_par' dir='ltr' id='par_1_111' title="bbox 440 5500 1943 5575">
     <span class='ocr_line' id='line_1_112' title="bbox 440 5500 1943 5575; baseline -0.007 -14"><span class='ocrx_word' id='word_1_871' title='bbox 440 5503 572 5561; x_wconf 61' lang='lat' dir='ltr'><strong>K3.</strong></span> <span class='ocrx_word' id='word_1_872' title='bbox 596 5504 747 5559; x_wconf 69' lang='grc' dir='ltr'><strong>Μετὰ</strong></span> <span class='ocrx_word' id='word_1_873' title='bbox 771 5504 832 5560; x_wconf 79' lang='grc' dir='ltr'><strong>δὲ</strong></span> <span class='ocrx_word' id='word_1_874' title='bbox 854 5505 954 5575; x_wconf 71' lang='grc' dir='ltr'><strong>τὴν</strong></span> <span class='ocrx_word' id='word_1_875' title='bbox 981 5504 1172 5574; x_wconf 81' lang='grc' dir='ltr'><strong>τρίτην</strong></span> <span class='ocrx_word' id='word_1_876' title='bbox 1201 5504 1327 5574; x_wconf 72' lang='grc' dir='ltr'><strong>ἥκει</strong></span> <span class='ocrx_word' id='word_1_877' title='bbox 1356 5501 1519 5553; x_wconf 82' lang='grc' dir='ltr'><strong>πάλιν</strong></span> <span class='ocrx_word' id='word_1_878' title='bbox 1549 5500 1853 5556; x_wconf 75' lang='grc' dir='ltr'><strong>Οὐλπιανὸς</strong></span> <span class='ocrx_word' id='word_1_879' title='bbox 1877 5501 1943 5552; x_wconf 69' lang='grc' dir='ltr'><strong>ὲκ</strong></span> 
     </span>
    </p>
   </div>
   <div class='ocr_carea' id='block_1_112' title="bbox 1994 5482 3614 5575">
    <p class='ocr_par' dir='ltr' id='par_1_112' title="bbox 2125 5482 3614 5561">
     <span class='ocr_line' id='line_1_113' title="bbox 2125 5482 3614 5561; baseline -0.011 -7"><span class='ocrx_word' id='word_1_880' title='bbox 2125 5492 2316 5557; x_wconf 65' lang='lat' dir='ltr'><strong>XXIX.</strong></span> <span class='ocrx_word' id='word_1_881' title='bbox 2351 5499 2537 5555; x_wconf 84' lang='lat' dir='ltr'><strong>Tertio</strong></span> <span class='ocrx_word' id='word_1_882' title='bbox 2590 5507 2773 5551; x_wconf 86' lang='lat' dir='ltr'><strong>autem</strong></span> <span class='ocrx_word' id='word_1_883' title='bbox 2820 5495 2908 5549; x_wconf 91' lang='lat' dir='ltr'><strong>die</strong></span> <span class='ocrx_word' id='word_1_884' title='bbox 2958 5501 3081 5561; x_wconf 88' lang='lat' dir='ltr'><strong>post</strong></span> <span class='ocrx_word' id='word_1_885' title='bbox 3117 5490 3266 5545; x_wconf 88' lang='lat' dir='ltr'><strong>venit</strong></span> <span class='ocrx_word' id='word_1_886' title='bbox 3304 5500 3494 5541; x_wconf 87' lang='lat' dir='ltr'><strong>rursus</strong></span> <span class='ocrx_word' id='word_1_887' title='bbox 3520 5482 3614 5539; x_wconf 64' lang='lat' dir='ltr'><strong>[Iv</strong></span> 
     </span>
    </p>
   </div>
   <div class='ocr_carea' id='block_1_113' title="bbox 374 5578 1994 5669">
    <p class='ocr_par' dir='ltr' id='par_1_113' title="bbox 374 5594 1942 5669">
     <span class='ocr_line' id='line_1_114' title="bbox 374 5594 1942 5669; baseline -0.006 -16"><span class='ocrx_word' id='word_1_888' title='bbox 374 5598 467 5653; x_wconf 72' lang='grc' dir='ltr'><strong>τοῦ</strong></span> <span class='ocrx_word' id='word_1_889' title='bbox 501 5599 710 5669; x_wconf 75' lang='grc' dir='ltr'><strong>σφόδρα</strong></span> <span class='ocrx_word' id='word_1_890' title='bbox 749 5598 1043 5669; x_wconf 75' lang='grc' dir='ltr'><strong>βούλεσθαι</strong></span> <span class='ocrx_word' id='word_1_891' title='bbox 1075 5597 1151 5667; x_wconf 83' lang='grc' dir='ltr'><strong>μὴ</strong></span> <span class='ocrx_word' id='word_1_892' title='bbox 1180 5595 1605 5665; x_wconf 74' lang='grc' dir='ltr'><strong>ἀπογινώσκων,</strong></span> <span class='ocrx_word' id='word_1_893' title='bbox 1632 5594 1744 5646; x_wconf 75' lang='grc' dir='ltr'><strong>ἀλλ’</strong></span> <span class='ocrx_word' id='word_1_894' title='bbox 1778 5594 1942 5659; x_wconf 69' lang='grc' dir='ltr'><strong>ἐγγὺς</strong></span> 
     </span>
    </p>
   </div>
   <div class='ocr_carea' id='block_1_114' title="bbox 1994 5578 3614 5669">
    <p class='ocr_par' dir='ltr' id='par_1_114' title="bbox 2053 5578 3614 5661">
     <span class='ocr_line' id='line_1_115' title="bbox 2053 5578 3614 5661; baseline -0.013 -16"><span class='ocrx_word' id='word_1_895' title='bbox 2053 5594 2270 5661; x_wconf 82' lang='lat' dir='ltr'><strong>piauus,</strong></span> <span class='ocrx_word' id='word_1_896' title='bbox 2300 5606 2365 5645; x_wconf 76' lang='lat' dir='ltr'><strong>ex</strong></span> <span class='ocrx_word' id='word_1_897' title='bbox 2394 5605 2461 5645; x_wconf 89' lang='lat' dir='ltr'><strong>eo</strong></span> <span class='ocrx_word' id='word_1_898' title='bbox 2485 5588 2631 5658; x_wconf 87' lang='lat' dir='ltr'><strong>quod</strong></span> <span class='ocrx_word' id='word_1_899' title='bbox 2657 5585 2811 5641; x_wconf 84' lang='lat' dir='ltr'><strong>valde</strong></span> <span class='ocrx_word' id='word_1_900' title='bbox 2840 5584 3025 5649; x_wconf 83' lang='lat' dir='ltr'><strong>vellet,</strong></span> <span class='ocrx_word' id='word_1_901' title='bbox 3054 5581 3277 5637; x_wconf 87' lang='lat' dir='ltr'><strong>minimc</strong></span> <span class='ocrx_word' id='word_1_902' title='bbox 3296 5578 3614 5646; x_wconf 77' lang='lat' dir='ltr'><strong>desperans,</strong></span> 
     </span>
    </p>
   </div>
   <div class='ocr_carea' id='block_1_115' title="bbox 451 5779 1492 5848">
    <p class='ocr_par' dir='ltr' id='par_1_115' title="bbox 451 5779 1492 5848">
     <span class='ocr_line' id='line_1_116' title="bbox 451 5779 1492 5848; baseline -0.006 -11"><span class='ocrx_word' id='word_1_903' title='bbox 451 5786 470 5819; x_wconf 81' lang='grc'><strong><em>³</em></strong></span> <span class='ocrx_word' id='word_1_904' title='bbox 500 5784 642 5841; x_wconf 70' lang='lat' dir='ltr'><strong>l‘sal.</strong></span> <span class='ocrx_word' id='word_1_905' title='bbox 678 5797 824 5848; x_wconf 65' lang='lat' dir='ltr'><strong>mm,</strong></span> <span class='ocrx_word' id='word_1_906' title='bbox 856 5783 943 5837; x_wconf 72' lang='lat'><strong>12.</strong></span> <span class='ocrx_word' id='word_1_907' title='bbox 1019 5782 1039 5812; x_wconf 74' lang='lat'><strong>&quot;</strong></span> <span class='ocrx_word' id='word_1_908' title='bbox 1075 5781 1215 5837; x_wconf 77' lang='lat' dir='ltr'><strong>I‘sal.</strong></span> <span class='ocrx_word' id='word_1_909' title='bbox 1248 5796 1412 5839; x_wconf 76' lang='lat' dir='ltr'><strong>xxvii.</strong></span> <span class='ocrx_word' id='word_1_910' title='bbox 1445 5779 1492 5831; x_wconf 87' lang='lat'><strong>7.</strong></span> 
     </span>
    </p>
   </div>
  </div>
