4102 6376
467 330 576 390 ὸθί)

1693 325 1981 384 MENSIS
2021 323 2457 384 DECEMBER.

3620 315 3724 380 €00

469 439 563 495 sed
602 439 900 510 conjicicns
922 453 977 491 sc
1001 438 1241 507 pra-dam
1279 446 1465 491 tenere
1497 437 1916 507 prOpemodum.
1941 436 2043 493 Ubi

2149 440 2292 509 ιλειι
2324 437 2562 500 εἰκάζων
2587 435 2648 489 τὸ
2691 436 2940 506 θήραμα.
2981 433 3136 487 Ἐπεὶ
3173 432 3230 486 δὲ
3268 432 3576 504 πυθόμενος
3625 435 3721 488 άν-

469 549 598 589 vero
619 548 738 588 eam
775 534 1184 601 interrogasset,
1209 542 1264 586 et
1285 531 1595 585 rescivisset
1629 533 2037 587 incrementum

467 625 765 692 sumpsisse
801 625 918 692 ejus
980 624 1304 677 sententiam
1361 622 1698 693 longitudine
1756 623 2040 692 temporis,

466 729 519 773 et
542 734 648 770 non
678 717 855 770 solum
882 716 1150 769 bonorum
1185 716 1568 785 promissione,
1593 716 1686 770 sed
1713 715 1882 770 etiam
1911 731 2044 785 sup-

467 811 758 879 pliciorum
807 809 1104 864 formidine
1164 809 1452 862 mulierem
1507 823 1628 862 esse
1674 808 2038 876 superiorem,

467 903 770 970 quinetiam
826 903 1068 956 naturali
1139 916 1358 972 quoque
1424 901 1740 954 necessitati
1810 899 2043 954 minime

467 1000 862 1049 concedentem
892 1037 907 1059 ,
941 1009 1062 1064 qua:
1108 1002 1257 1047 tanto
1294 1001 1541 1064 tempore
1591 1005 1691 1044 nec
1725 990 1907 1044 cibum
1941 1005 2046 1044 nec

471 1096 659 1155 potum
710 1085 982 1155 sumpsit:
1030 1096 1320 1155 postquam
1374 1085 1488 1136 haec
1528 1062 1739 1136 audivit
1789 1082 2046 1136 sacerdos

469 1178 732 1230 falsorum
771 1176 1022 1240 deorum,
1059 1181 1112 1229 in
1160 1175 1340 1228 aulam
1378 1173 1603 1244 quidem
1642 1172 1876 1242 prosilit,
1922 1187 2041 1226 eam

475 1285 572 1338 per
604 1285 660 1324 se
696 1271 1034 1324 contendens
1070 1269 1325 1334 trahere;
1368 1284 1603 1338 cumque
1645 1268 1808 1322 vellet
1835 1266 2042 1337 aliquid

469 1361 652 1416 facere
697 1361 1050 1417 inhonestum
1076 1402 1090 1426 ,
1117 1369 1174 1417 et
1207 1360 1453 1432 profanis
1492 1360 1606 1414 suis
1633 1359 1738 1414 diis
1767 1360 1994 1430 dignum
2025 1399 2041 1424 ,

467 1454 669 1508 feritur
699 1456 882 1508 statim
917 1454 1073 1527 plaga
1113 1455 1358 1509 immtssa
1399 1454 1668 1508 divinitus
1693 1491 1709 1518 ,
1758 1463 1815 1507 et
1845 1451 2038 1507 oculo-

473 1562 599 1600 rum
633 1546 755 1602 luce
786 1547 1041 1613 orbatus,
1081 1546 1271 1602 obibat
1303 1555 1469 1601 totam
1508 1545 1730 1600 domum
1751 1586 1766 1611 ,
1801 1560 1908 1599 non
1946 1559 2044 1615 po-

471 1649 595 1695 tens
624 1639 811 1694 videre
838 1640 1089 1708 amplius.
1121 1637 1264 1705 Quin
1291 1638 1455 1692 etiam
1483 1647 1677 1706 praeter
1741 1636 2041 1689 caecitatem

470 1731 994 1787 vehementissimus
1015 1731 1173 1784 dolor
1194 1734 1314 1800 ejus
1347 1729 1558 1783 invadit
1580 1729 1790 1784 oculos.
1809 1730 1889 1784 Eo
1914 1747 2042 1800 ergo

474 1821 950 1894 doloreaﬂ‘ectus,
984 1822 1186 1876 clamat
1218 1821 1541 1882 sceleratus,
1574 1829 1628 1875 et
1659 1837 1884 1876 suorum
1912 1822 2045 1878 deo-
2074 1797 2116 1856 Β

471 1931 592 1969 rum
630 1914 830 1970 misere
883 1915 1173 1969 invocabat
1220 1913 1510 1968 auxilium.
1558 1913 1682 1967 Haac
1711 1924 1896 1968 autem
1933 1930 2044 1968 non

471 2018 678 2061 temere
725 2006 1132 2060 administravit
1184 2005 1560 2070 Providentia,
1609 2005 1704 2060 sed
1751 2014 1812 2061 ut
1855 2021 1975 2061 cum
2008 2007 2045 2061 ii

471 2098 566 2167 qui
589 2109 746 2152 erant
771 2108 946 2161 extra.
981 2098 1308 2164 sensissent,
1347 2107 1401 2152 et
1431 2106 1489 2151 ut
1513 2113 1612 2167 par
1651 2108 1791 2162 erat,
1815 2113 2046 2169 congre-

469 2200 732 2256 garentur
763 2191 826 2244 ad
855 2204 1014 2259 opem
1043 2189 1093 2244 ei
1128 2189 1432 2251 ferendam,
1467 2204 1555 2243 res
1581 2190 1836 2244 evaderet
1865 2191 2039 2244 mani-

469 2281 608 2336 festa
638 2323 651 2344 ,
685 2297 922 2350 quanam
967 2281 1180 2336 ratione
1216 2292 1272 2336 et
1313 2281 1588 2351 quomodo
1637 2282 1948 2345 accidisset,
1986 2292 2044 2338 et

469 2388 580 2428 non
608 2359 803 2427 liceret
831 2373 1104 2428 sacerdoti
1132 2387 1356 2426 causam
1381 2373 1437 2426 in
1464 2372 1611 2427 aliud
1641 2373 1916 2437 conferre,
1947 2383 2044 2428 aut

473 2463 699 2518 mentiri
755 2463 1019 2519 adversus
1051 2465 1398 2518 miraculum.
1428 2465 1582 2532 Quod
1627 2466 1792 2520 etiam
1833 2468 2038 2520 factum

470 2565 576 2620 est,
602 2567 658 2610 et
688 2572 811 2610 cum
845 2557 998 2610 multi
1027 2557 1283 2613 adessent
1305 2567 1487 2622 testes,
1520 2559 1789 2613 deductus
1820 2559 2042 2614 domum

471 2664 649 2704 eiectis
676 2691 690 2711 ,
721 2660 778 2704 et
805 2650 958 2720 gravi
993 2650 1180 2706 dolore
1211 2651 1442 2705 all‘ectus
1466 2691 1481 2714 ,
1515 2660 1570 2704 et
1600 2651 1799 2704 deinde
1826 2653 2044 2721 gravio-

472 2740 628 2794 ribus
657 2740 907 2794 dolorum
941 2742 1177 2796 stimulis
1213 2750 1458 2804 vexatus,
1481 2741 1637 2812 jubet
1669 2750 1726 2796 ut
1776 2743 1829 2795 in
1871 2759 2034 2797 exse-

471 2832 738 2887 crandum
785 2833 1013 2888 deorum
1059 2818 1284 2888 suorum
1329 2835 1587 2902 templum
1627 2833 1954 2898 deferretur,
1987 2844 2044 2889 et

472 2925 587 2980 iliic
610 2925 1001 2994 deponeretur,
1045 2937 1244 2996 putans
1277 2926 1394 2981 fore
1427 2937 1484 2980 ut
1528 2927 1622 2996 qui
1655 2942 1751 2980 eos
1781 2929 1992 2980 coleret
2023 2967 2039 2991 ,

475 3019 546 3072 ab
596 3019 680 3073 eis
730 3029 1037 3074 curaretur.
1089 3019 1378 3089 Egregiam
1431 3034 1583 3079 vero,
1629 3028 1683 3072 et
1727 3034 1891 3088 quam
1946 3035 2043 3088 par

2147 530 2452 600 εμὰνθανεν
2499 530 2574 591 ὡς
2615 527 2876 590 ἐπίτασις
2916 527 3056 597 αὐτῇ
3111 525 3310 595 γέγονε
3361 525 3566 595 μᾶλλον
3626 528 3725 596 τῆς

2149 623 2376 692 γνώμης
2406 621 2555 691 ήτοῦ
2601 617 2798 690 καιροῦ
2834 620 3174 690 παράτασις,
3231 619 3326 672 καὶ
3354 619 3435 672 ὅτι
3463 617 3726 690 κρείττων

2147 716 2247 767 οὐκ
2303 711 2638 780 ἐπαγγελίας
2703 710 2929 778 ἀγαθῶν
2981 712 3163 780 μόνον,
3203 710 3341 764 ἀλλά
3403 712 3498 764 καὶ
3529 711 3726 779 πείρας

2146 805 2428 877 τιμωριῶν
2483 807 2518 875 ἡ
2573 804 2734 874 γυνὴ,
2785 803 2920 870 πρὸς
2966 803 3047 857 ἔτι
3089 804 3144 856 δὲ
3194 809 3292 856 καὶ
3324 805 3425 874 τῆς
3488 804 3726 873 φυσικῆς

2148 900 2399 969 ἀνάγκης
2429 897 2762 968 ὑψηλότερα,
2809 897 2933 966 ἣτις
2963 897 3085 948 οὐδὲ
3137 895 3428 966 βρώματός
3463 912 3606 959 τινος
3631 897 3724 950 ἐπὶ

2146 991 2401 1044 τοσοῦτον
2427 989 2458 1060 ἢ
2484 989 2727 1059 πόματος
2755 989 3080 1059 ἐπεστράφη
3102 1004 3118 1020 ο
3145 989 3222 1052 ώς
3247 989 3455 1044 τούτων
3485 990 3725 1060 ηκουσεν

2147 1084 2175 1136 ό
2201 1084 2310 1138 τῶν
2331 1083 2709 1154 ψευδωνύμων
2741 1083 2882 1136 θεῶν
2921 1083 3126 1153 ἱερεὺς,
3177 1083 3469 1152 ἑφάλλεται
3515 1082 3614 1154 μὲν
3644 1085 3724 1147 εἰς

2145 1176 2207 1229 τὸ
2232 1178 2484 1246 ταμιεῖον
2517 1175 2586 1230 δι’
2615 1176 2812 1230 ἑαυτοῦ
2852 1175 3058 1245 ταύτην
3107 1177 3332 1229 ἑλκύσαι
3373 1177 3721 1246 φιλονεικῶν,
3767 1193 3772 1198 “

2148 1270 2245 1323 καί
2282 1287 2336 1322 τι
2365 1271 2461 1323 καὶ
2496 1270 2792 1341 βουληθεὶς
2826 1271 3029 1325 ἄτοπον
3067 1270 3264 1341 δρᾶσαι
3297 1271 3395 1324 καὶ
3423 1272 3531 1324 τῶν
3555 1271 3724 1343 βεδή-

2146 1358 2254 1413 λων
2280 1360 2448 1414 αὑτοῦ
2476 1361 2614 1414 θεῶν
2634 1361 2785 1426 ἀξιον
2805 1375 2819 1389 ·
2846 1361 3143 1430 πλήττεται
3166 1361 3222 1415 δὲ
3251 1362 3452 1416 αὐτίκα
3477 1361 3726 1434 θεηλάτῳ

2148 1451 2353 1522 πληγῇ,
2385 1452 2482 1505 καὶ
2519 1456 2618 1515 τὰς
2671 1452 2827 1521 δψεις
2879 1452 3197 1516 ἁλλοιωθεὶς
3236 1454 3455 1525 περιῄει
3509 1453 3727 1507 ἅπαντα

2146 1543 2236 1595 τὸν
2264 1543 2509 1596 οἰκίσκον
2553 1544 2652 1615 οὐχ
2701 1545 2836 1616 ὁρᾷν
2880 1545 2963 1598 ἔτι
2991 1545 3312 1615 δυνάμενος,
3369 1548 3462 1599 καὶ
3497 1547 3634 1616 πρὸς
3654 1551 3724 1617 τῇ

2146 1633 2444 1705 τυφλότητι
2489 1634 2546 1688 δέ
2595 1637 2692 1689 καὶ
2725 1637 2975 1706 ἀλγηδὼν
3007 1637 3174 1691 αὑτοῦ
3225 1638 3565 1709 σφοδροτάτη
3594 1639 3730 1692 καθ-

2151 1729 2355 1780 ικνεῖτο
2402 1728 2510 1780 τῶν
2543 1728 2863 1799 ὀφθαλμῶν.
2922 1729 3110 1793 Οὕτως
3143 1730 3235 1784 οῦν
3272 1731 3394 1784 λίαν
3417 1729 3726 1802 περιαλγὴς

2145 1816 2437 1886 γενόμενος
2469 1817 2602 1872 ἐϐόα
2635 1821 2662 1873 ό
2701 1820 2926 1891 μιαρὸς,
2961 1823 3055 1873 καὶ
3092 1822 3220 1886 τοὺς
3257 1822 3422 1876 αὐτοῦ
3455 1824 3613 1886 θεοὺς
3642 1823 3725 1887 εἰς

2147 1910 2363 1979 ἄμυναν
2393 1911 2594 1969 ἀθλίως
2623 1912 2960 1978 ἐξεκαλεῖτο.
2988 1916 3176 1970 Ταῦτα
3206 1917 3264 1971 δὲ
3287 1917 3346 1970 οὐ
3383 1915 3561 1986 μάτην
3585 1915 3728 1988 ᾠκε-

2146 2004 2352 2076 νόμητο
2382 2010 2448 2078 τῇ
2489 2008 2744 2079 Προνοίᾳ,
2791 2009 2905 2061 ἀλλ’
2963 2009 3050 2062 ἵνα
3076 2010 3170 2063 καὶ
3229 2011 3342 2072 τοῖς
3379 2009 3577 2074 ἔξωθεν
3615 2009 3726 2061 τῶν

2147 2097 2343 2166 φωνῶν
2378 2099 2728 2168 αἰσθομένοις
2762 2098 2859 2153 καὶ
2883 2099 3023 2170 πρὸς
3059 2099 3319 2170 βοήθειαν
3355 2098 3547 2167 ὥσπερ
3571 2099 3726 2162 εἰκὸς

2148 2188 2665 2259 συναθροιζομένοις
2697 2190 2948 2256 ἐπίδηλον
2977 2193 3226 2262 καταστῇ
3262 2191 3383 2244 ὅθεν
3407 2208 3467 2243 τε
3495 2191 3555 2244 τὸ
3587 2207 3727 2260 συμ-

2146 2279 2270 2343 ϐάν,
2307 2281 2406 2334 καὶ
2438 2281 2594 2344 ὅπως
2620 2281 2715 2335 καὶ
2752 2281 2828 2352 μὴ
2870 2282 2961 2352 ὲξῇ
3003 2281 3078 2352 τῷ
3114 2282 3253 2354 ἱερεῖ
3279 2282 3378 2351 τὴν
3404 2281 3586 2334 αἰτίαν
3621 2298 3724 2351 με-

2143 2373 2424 2428 τατιθέναι
2483 2374 2514 2444 ἢ
2566 2373 2660 2427 τοῦ
2719 2375 3007 2444 θαύματος
3069 2374 3532 2445 καταψεύδεσθαι.
3566 2375 3632 2428 '0
3654 2374 3728 2446 δὴ

2145 2466 2241 2519 καὶ
2267 2466 2458 2533 γέγονε
2482 2482 2498 2498 ο
2524 2465 2619 2520 καί⁵
2646 2465 2785 2536 πρὸς
2826 2468 2927 2537 τὴν
2962 2468 3143 2520 οἰκίαν
3179 2467 3289 2520 ὑπὸ
3320 2467 3538 2530 πολλοῖς
3575 2466 3723 2536 μάρ-

2143 2575 2268 2610 τυσι
2297 2558 2498 2626 τυφλὸς
2526 2560 2620 2612 καὶ⁸
2650 2559 2989 2627 περιώδυνος
3011 2561 3300 2631 ἀπαχθεὶς,
3332 2558 3452 2614 εἶτα
3481 2561 3576 2614 καὶ
3600 2560 3720 2628 δριο

2148 2651 2546 2722 μυτέραιςταῖς
2575 2652 2794 2716 ὀδύναις
2851 2653 3308 2723 διακεντούμενος
3365 2657 3444 2718 εἰς
3487 2653 3580 2708 τὸν
3608 2653 3718 2707 τῶν

2145 2741 2284 2796 θεῶν
2319 2743 2486 2796 αὐτοῦ
2513 2745 2710 2814 μιαρὸν
2737 2745 3211 2816 μετακομισθῆναι
3243 2745 3367 2799 ναὸν
3399 2747 3492 2798 καὶ
3524 2761 3715 2817 προτε⁹

2145 2835 2308 2904 θῆναι
2328 2835 2704 2891 διακελεύεται
2735 2837 2982 2907 οἰόμενος
3042 2840 3220 2891 ἐκεῖσε
3257 2836 3390 2904 γοῦν
3421 2837 3718 2907 θεραπείας

2144 2927 2240 2981 ἀτε
2276 2928 2620 3000 θεραπευτής
2643 2929 2824 2982 αὐτῶν
2855 2930 3163 2993 τεύξεσθαι.
3208 2930 3429 3000 Ἀμέλει
3458 2929 3553 2983 καὶ
3575 2927 3718 2981 καλά

2147 3041 2208 3090 γε
2231 3027 2438 3077 τούτων
2468 3025 2561 3076 καὶ
2591 3022 2982 3093 προσηκόντως
3017 3021 3275 3075 ἀπώνατο
3294 3038 3308 3053 ο
3343 3023 3425 3074 ἔτι
3448 3021 3558 3090 γάρ
3591 3037 3716 3090 σφο-

473 3120 616 3173 erat,
644 3110 727 3164 sui
760 3110 942 3164 cultus
971 3111 1157 3164 retulit
1203 3111 1539 3164 mercedem.
1568 3109 1862 3164 Doloribus
1890 3111 2038 3162 enim

2148 3112 2400 3183 δρότερον
2417 3113 2565 3182 αὐτῷ
2593 3113 2702 3165 τῶν
2729 3113 3042 3183 ἀλγηδόνων
3065 3113 3405 3185 ἐπιθεμένων
3429 3112 3720 3166 ἀπολείπει

473 3205 656 3262 adhuc
721 3206 1099 3261 vehementius
1146 3221 1272 3261 cum
1336 3205 1767 3272 invadentibus,
1839 3205 2042 3259 emittit

471 3299 638 3352 etiam
690 3298 951 3352 animam.

544 3387 710 3443 XXX.
742 3388 818 3442 Ex
859 3406 923 3444 eo
953 3390 1237 3445 Anastasia
1271 3390 1580 3446 libertatem
1614 3399 1937 3453 consecuta,
1977 3389 2043 3444 il-

470 3482 582 3535 line
620 3481 845 3550 quidem
900 3485 1217 3553 egreditur,
1253 3484 1403 3537 venit
1445 3492 1627 3537 autem
1679 3483 1745 3536 ad
1787 3482 2042 3536 Theodo-

479 3580 613 3635 tem,
643 3587 804 3641 quam
834 3573 988 3642 prius
1031 3574 1430 3627 deelaravimus
1479 3571 1724 3626 habitare
1773 3571 1916 3641 apud
1949 3588 2042 3626 co-

471 3660 659 3715 mitem
689 3659 1047 3722 Leucadium,
1103 3671 1151 3714 et
1198 3661 1473 3730 sigillatim
1508 3660 1559 3713 ei
1601 3669 1788 3713 narrat
1814 3659 1996 3712 omnia
2027 3698 2044 3724 ,

473 3763 584 3806 tam
617 3767 738 3821 quae
769 3768 925 3821 passa
959 3754 1069 3815 sit,
1117 3768 1282 3820 quam
1323 3767 1442 3820 quae
1485 3766 1581 3821 per
1615 3749 1788 3820 ipsam
1822 3761 1875 3805 et
1915 3766 2040 3805 cum

435 3915 437 3918 ι
472 3847 589 3914 ipsa
615 3846 758 3901 Deus
785 3846 996 3900 fecerit.
1031 3846 1225 3898 Paucis
1247 3852 1370 3913 post
1397 3843 1591 3898 diebus
1611 3858 1799 3897 comes
1823 3858 2042 3912 quoque

423 3917 434 3944 ”
474 3937 785 3994 Leucadius
827 3953 891 3991 ex
943 3936 1196 4006 Bithynia
1249 3941 1521 3996 reversus.
1573 3949 1699 3988 cum
1758 3933 2042 3988 Theodoto

473 4032 756 4102 prioribus
788 4031 995 4085 similes
1025 4045 1217 4082 rursus
1247 4029 1438 4082 habuit
1477 4041 1783 4089 sermones,
1820 4037 2038 4080 tentans

472 4141 592 4178 eam
639 4124 922 4178 induet-re.
985 4123 1284 4192 Postquam
1345 4132 1526 4175 autem
1576 4122 1740 4174 multa
1792 4120 2042 4186 loquens,

472 4218 720 4286 cognovit
766 4231 824 4269 se
873 4216 1022 4284 loqui
1077 4214 1267 4275 littori,
1301 4225 1509 4266 etcum
1562 4214 1738 4264 VcllllS
1790 4212 2042 4264 conferre

473 4325 806 4369 sermonem,
834 4308 1176 4361 Anastasiam
1218 4323 1436 4375 quoque
1464 4305 1714 4358 reseiscit
1743 4303 1886 4371 apud
1912 4317 2040 4354 eum

473 4403 696 4469 degere,
729 4407 786 4452 et
826 4400 1010 4451 furore
1055 4398 1313 4464 percitus,
1347 4405 1635 4465 propterea
1677 4395 1823 4464 quod
1862 4393 2040 4447 Theo-

2150 3204 2242 3256 καὶ
2261 3206 2360 3275 τὴν
2383 3205 2586 3275 ψυχήν.

2217 3385 2297 3437 Λ¹.
2346 3381 2629 3437 Ἐντεῦθεν
2676 3383 2861 3445 ἀδείας
2913 3384 3243 3436 ’Λναστασία
3283 3381 3522 3452 τυχοῦσα
3547 3383 3721 3449 ἔξεισι

2151 3475 2252 3544 μὲν
2285 3475 2516 3537 ἐκεῖθεν,
2552 3476 2864 3540 ἀφικνεῖται
2911 3475 2969 3526 δῖε
3040 3474 3176 3544 πρὸς
3207 3475 3302 3543 τὴν
3334 3475 3617 3546 θεοδότην,
3649 3477 3721 3548 ἦν

2147 3569 2356 3636 φθάσας
2387 3571 2415 3621 ό
2451 3567 2610 3636 λόγος
2643 3569 2795 3638 παρά
2840 3569 2917 3638 τῷ
2952 3569 3150 3639 κόμητι
3186 3569 3468 3636 Λευκαδίῳ
3509 3569 3720 3638 διάγειν

2146 3658 2443 3727 ἐγνώρισε·
2500 3659 2596 3714 καὶ
2662 3661 2886 3725 διέξεισι
2949 3663 3087 3730 πρὸς
3139 3661 3310 3731 αὐτὴν
3361 3663 3502 3716 κατά
3551 3665 3721 3733 μέρος

2145 3749 2324 3801 πάντα
2344 3748 2444 3801 ὅσα
2466 3765 2524 3801 τε
2559 3748 2722 3802 πάθοι
2747 3751 2838 3803 καί
2864 3752 2965 3804 ὅσα
2985 3750 3054 3803 δι’
3073 3753 3245 3820 αὐτήν
3268 3769 3325 3805 τε
3361 3754 3455 3806 καὶ
3477 3755 3596 3822 μετ’
3616 3755 3720 3806 αύ-

2145 3843 2292 3910 τῆςό
2323 3841 2453 3904 Θεὸς
2493 3841 2767 3912 δράσειεν.
2819 3843 3055 3913 Ἡμέραι
3092 3844 3294 3913 ὀλίγαι,
3343 3847 3438 3898 καὶ
3467 3849 3494 3899 ὁ
3541 3847 3720 3914 κόμης

2147 3932 2442 3994 Λευκάδιος
2484 3934 2547 3986 ἐκ
2600 3933 2853 3994 Βιθυνίας
2887 3935 3192 3997 ἀνασωθεὶς
3244 3939 3310 4007 τῇ
3343 3938 3569 4007 Θεοδότῃ
3620 3940 3720 3990 καὶ

2145 4020 2303 4086 αὖθις
2329 4023 2546 4088 ὁμοίους
2573 4026 2684 4086 τοῖς
2711 4026 2998 4096 προτέροις
3020 4028 3266 4096 προσῆγε
3295 4028 3481 4096 λόγους
3507 4030 3719 4095 ὑπαγα-

2146 4115 2342 4184 γέσθαι
2406 4115 2611 4182 ταύτην
2647 4115 3008 4186 πειρώμενος.
3075 4119 3161 4182 Ὠς
3221 4121 3277 4172 δε
3335 4121 3504 4174 πολλὰ
3543 4121 3719 4190 λέγων

2147 4209 2383 4278 αἰγιαλῷ
2411 4211 2594 4263 λαλεῖν
2615 4213 2712 4265 καλ⁸
2753 4213 2963 4281 ὁμιλεῖν
2999 4215 3221 4283 ἀνέμοις
3251 4216 3535 4285 ἐγίνωσκε,
3580 4235 3717 4287 μαν-

2149 4299 2299 4352 θάνει
2324 4301 2418 4352 καὶ
2447 4304 2574 4372 περὶ
2604 4306 2702 4373 τῆς
2742 4305 3096 4368 ’Δναστασίας
3121 4307 3200 4359 ὅτι
3220 4311 3350 4378 παρ’
3373 4310 3510 4380 αὐτῇ
3541 4309 3717 4376 διάγοι

2147 4392 2239 4442 καὶ
2277 4390 2444 4461 μανία
2483 4393 2712 4460 πληγεὶς
2743 4393 2859 4446 ἀνθ’
2904 4391 2977 4449 ὧν
3005 4397 3128 4459 ταῖς
3181 4397 3484 4467 ὑποθήκαις
3513 4399 3716 4468 μᾶλλον

477 4490 606 4544 dote
636 4488 785 4541 illius
815 4486 1286 4540 admonitionibus
1319 4485 1598 4538 inducitur
1618 4522 1635 4548 ,
1678 4493 1738 4538 ut
1769 4499 1897 4538 cum
1933 4497 2044 4536 ma-

2153 4482 2365 4550 ἐκείνης
2393 4484 2424 4552 ἡ
2447 4483 2680 4554 Θεοδότη
2710 4487 2960 4541 πείθεται
2987 4489 3179 4540 τούτου
3207 4495 3598 4560 καταφρονεῖν,
3617 4493 3716 4558 τὴν

474 4582 558 4653 gis
590 4587 926 4641 contemnat,
968 4575 1305 4630 Anastasiam
1331 4575 1550 4644 quidem
1583 4577 1769 4631 statim
1803 4576 2043 4628 vinctam

479 4667 650 4722 tradit
685 4665 941 4720 tribunali
973 4665 1288 4734 iudiciario.
1320 4665 1459 4730 Quin
1490 4666 1656 4719 etiam
1705 4663 2044 4718 Theodotcm

474 4762 715 4816 vinctam
763 4759 1083 4813 transmittit
1117 4757 1184 4812 ad
1232 4758 1619 4827 proconsulem
1672 4755 1940 4826 Bithynia:
1977 4755 2045 4807 de

473 4869 539 4910 ea
579 4869 704 4908 eum
737 4867 830 4922 per
873 4851 1110 4913 litteras,
1141 4865 1309 4920 quam
1360 4849 1626 4904 citissime
1661 4847 1776 4901 ﬁeri
1823 4856 2041 4916 potuit,

477 4947 716 5002 reddens
747 4944 1064 4998 certiorem.

549 5037 738 5093 XXXI.
785 5035 922 5092 Cum
985 5042 1169 5088 autem
1226 5033 1283 5088 in
1340 5031 1652 5102 Bithyniam
1710 5030 2048 5098 pervenisset

473 5131 779 5193 Thcodote,
820 5128 1086 5198 producta
1138 5136 1221 5182 est
1273 5126 1340 5180 ad
1408 5123 1648 5180 tribunal
1674 5124 2043 5192 proconsulis.

477 5230 606 5289 Age,
641 5221 818 5289 inquit
847 5219 960 5282 ille,
989 5233 1021 5272 0
1052 5217 1353 5273 Theodote.
1390 5216 1558 5285 jussis
1587 5228 1785 5282 parens
1813 5217 2015 5280 impera
2034 5242 2047 5250 -

474 5316 650 5376 ωτίὶε,
684 5313 817 5366 velis
847 5311 954 5365 diis
983 5309 1182 5364 oﬂerre
1199 5306 1553 5362 sacriﬁcium.
1589 5305 1680 5359 Sic
1703 5305 1848 5358 enim
1886 5303 2046 5357 simul

475 5420 528 5460 et
559 5409 686 5462 tiliis
717 5407 959 5472 vives,ct
984 5403 1257 5475 particeps
1281 5401 1392 5455 eris
1416 5401 1711 5454 multorum
1747 5399 2046 5452 bonorum.

476 5500 612 5552 Nam
636 5498 740 5552 etsi
775 5512 883 5551 non
919 5505 1029 5557 tua,
1064 5504 1120 5546 at
1145 5493 1380 5548 ﬁliorum
1400 5491 1622 5560 quidem
1649 5499 1800 5545 certe
1825 5497 2048 5542 tuorum

478 5606 669 5655 causa,
693 5606 908 5664 aequum
937 5591 1121 5652 fuerit,
1149 5598 1207 5641 ut
1236 5587 1290 5643 id
1317 5587 1488 5656 eligas
1511 5584 1656 5655 quod
1687 5593 1773 5639 est
1804 5583 2047 5636 futurum

483 5687 579 5741 tibi
612 5686 766 5740 utile.
797 5687 934 5740 Dum
967 5685 1080 5738 haec
1114 5691 1294 5735 autem
1325 5681 1550 5748 martyri
1576 5679 1782 5733 diceret
1821 5691 2050 5746 procon-

483 5780 604 5844 sul,
637 5778 974 5848 respondens
1009 5775 1157 5830 illius
1203 5771 1437 5827 filiorum
1478 5772 1914 5841 primogenitus,
1961 5768 2050 5822 cui

2149 4573 2248 4642 μὲν
2295 4573 2658 4627 Ἀναστασίαν
2693 4576 2896 4640 κλοιοῖς
2919 4579 3140 4642 εὐθέως.
3165 4582 3472 4650 περιϐαλὼν
3503 4584 3596 4634 καὶ
3628 4582 3715 4634 δε-

2148 4669 2301 4735 σμοῖς
2340 4667 2418 4736 τῷ
2453 4667 2754 4734 δικαστικῷ
2787 4670 2992 4739 βήματι
3056 4672 3449 4740 παραδίδωσιν.
3499 4675 3573 4724 Ού
3610 4675 3716 4742 μὴν

2147 4757 2283 4810 ἀλλὰ
2339 4760 2436 4812 καὶ
2495 4759 2595 4830 τὴν
2648 4762 2910 4832 Θεοδότην
2944 4762 3165 4832 δέσμιον
3214 4765 3290 4833 τῷ
3317 4765 3412 4834 τῆς
3464 4765 3718 4828 Βιθυνίας

2149 4849 2401 4919 ὑπατικῷ
2441 4852 2829 4922 παραπέμπει,
2854 4855 3150 4924 γράμμασι
3182 4853 3252 4908 τά
3285 4856 3404 4910 κατ’
3440 4856 3611 4926 αὐτὴν
3642 4857 3720 4922 ὡς

2149 4940 2260 5010 εἶχε
2286 4942 2374 4995 διὰ
2392 4943 2604 5011 ταχέων
2629 4944 3008 5017 ὑποσημήνας.

2219 5035 2345 5085 AA'.
2387 5034 2542 5086 Ἐπεὶ
2560 5035 2615 5088 δὲ
2637 5037 2734 5104 τὴν
2753 5037 3008 5091 Βιθυνίαν
3036 5039 3068 5109 ὴ
3089 5039 3316 5112 Θεοδότη
3335 5041 3642 5094 καταλαϐοῦ
3654 5057 3722 5094 σα

2148 5124 2225 5193 τῷ
2259 5125 2351 5176 τοῦ
2388 5126 2654 5179 ὑπατικοῦ
2719 5127 2922 5197 βήματι
2979 5131 3252 5202 παρέστη,
3302 5133 3497 5204 Δεῦρο,
3551 5135 3720 5203 φησιν

2151 5217 2378 5279 ἐκεῖνος,
2430 5211 2474 5270 ὦ
2519 5217 2772 5290 Θεοδότη,
2827 5223 2940 5283 τοῖς
2989 5221 3291 5292 βασιλικοῖς
3332 5226 3720 5294 προστάγμασι

2154 5309 2532 5380 πειθαρχοῦσά
2579 5309 2723 5374 θεοῖς
2775 5313 2967 5367 θυσίαν
3013 5320 3406 5385 προσενεγκεῖν
3433 5317 3719 5389 προθυμή-

2153 5400 2276 5469 θητι
2303 5415 2316 5427 '
2351 5399 2493 5453 οῦτω
2519 5399 2627 5472 γάρ
2653 5401 2770 5473 ἅμα
2799 5407 2893 5458 καὶ
2917 5408 3029 5470 τοῖς
3056 5407 3266 5472 τέκνοις
3292 5408 3435 5481 ζήσῃ
3466 5411 3561 5463 καὶ
3588 5412 3718 5462 πολ-

2151 5493 2257 5546 λῶν
2301 5494 2545 5564 μεθέξεις
2595 5497 2704 5548 τῶν
2738 5498 2979 5563 ἀγαθῶν.
3029 5500 3092 5554 Εἰ
3127 5501 3238 5573 γὰρ
3265 5505 3359 5556 καὶ
3395 5504 3472 5576 μὴ
3499 5503 3595 5558 σοῦ
3623 5505 3722 5559 αύ-

2151 5584 2270 5649 τῆς,
2302 5583 2420 5638 ἀλλ’
2457 5584 2550 5637 οὖν
2585 5586 2686 5638 τῶν
2735 5587 2940 5639 παίδων
2963 5588 3149 5644 ἕνεκεν
3189 5593 3397 5647 δίκαιον
3426 5593 3493 5648 ἂν
3515 5595 3602 5662 εἴη
3638 5611 3718 5648 σοι

2154 5674 2213 5726 τὸ
2242 5678 2484 5728 συνοῖσον
2537 5675 2775 5730 ἑλέσθαι.
2837 5677 2927 5731 Ἐν
2951 5680 3061 5750 ὅσῳ
3095 5681 3154 5736 δὲ
3190 5684 3361 5739 ταῦτα
3391 5687 3419 5738 ὁ
3459 5685 3719 5745 ὑπατικὸς

2155 5766 2363 5836 iam:
2413 5765 2548 5837 πρὸς
2584 5767 2682 5838 τὴν
2721 5768 2996 5841 μάρτυρα,
3033 5771 3325 5826 ὑπολαϐὼν
3353 5773 3381 5825 ό
3408 5774 3514 5828 τῶν
3541 5773 3719 5842 ἐκείνῃ
