4102 6376
367 354 466 417 601

1151 351 1624 414 MARTYRIUM
1669 353 1730 410 S.
1774 351 2220 413 ANAS'I‘ASIE
2267 355 2360 414 ET
2393 352 2806 418 SOCIARUM.

3502 356 3610 419 602

367 466 572 518 παίδων
598 465 964 534 πρωτότοκος,
985 463 1181 526 Εὐοδος
1201 463 1350 532 αὐτῷ
1373 463 1562 531 ὄνομα,
1594 460 1736 514 Ἀλλ’
1754 461 1935 530 ἡμεῖς,

2048 477 2245 517 nomen
2291 473 2410 518 erat
2462 461 2702 519 Evodius
2734 481 2746 516 :
2780 464 2846 519 At
2896 481 3014 528 nos,
3067 465 3282 536 inquit,
3317 483 3351 522 ο
3385 483 3607 538 praeses,

365 553 675 627 ὣήγεμὼν,
710 557 838 626 ἔφη,
868 558 971 620 τὰς
1003 557 1112 610 τῶν
1145 555 1448 623 ἀνθρώπων
1483 553 1738 620 οὐδαμῶς
1769 553 1937 606 δεδοί-

363 666 542 719 καμεν
584 649 874 720 τιμωρίας,
928 650 984 702 αἳ
1015 648 1232 717 σώματι
1282 649 1379 716 μὲν
1414 647 1745 718 ἀφθαρσίαν,
1789 648 1937 716 ψυχῇ

367 743 421 796 δὲ
459 743 661 811 μᾶλλον
685 743 984 796 ἀθανασίαν
1013 743 1239 795 εἰώθασι
1265 741 1550 811 προξενεῖν
1574 740 1774 807 ἀλλ’,ὲν
1805 741 1940 792 ταύ-

362 853 482 898 ταις
517 835 719 905 μικροῦ
751 835 856 888 δέω
889 835 1069 902 λέγειν
1106 836 1165 887 ἐν
1207 835 1305 904 ἴσῳ
1332 836 1427 887 καὶ
1465 833 1724 902 εὐωχίαις
1777 837 1940 886 ἑπευ-

365 927 732 996 φραινὸμεθα.
801 927 1140 996 Δεδοίκαμεν
1169 927 1225 980 δὲ
1264 926 1397 979 Θεὸν
1439 926 1662 996 μᾶλλον,
1707 919 1751 992 ᾧ
1779 925 1940 978 δύνα-

368 1035 459 1086 μις
491 1018 584 1069 καὶ
610 1017 789 1086 ψυχὴν
827 1019 920 1069 καὶ
965 1017 1124 1086 σῶμα
1175 1015 1598 1088 τιμωρήσασθαι
1631 1017 1688 1068 ὲν
1721 1017 1938 1086 γεέννῃ.

367 1109 478 1160 Καὶ
500 1109 528 1160 ὁ
563 1107 833 1170 ὑπατικὸς
863 1109 990 1170 τοὺς
1021 1106 1337 1176 ὀφθαλμοὺς
1366 1105 1642 1160 ἐπιϐαλὼν
1665 1106 1742 1177 τῷ
1766 1107 1940 1171 παιδὶ,

375 1198 558 1267 ὀρῶν
613 1216 671 1251 σε
733 1199 934 1269 κομιδῆ
991 1199 1087 1269 τὴν
1147 1199 1368 1269 ἡλικίαν
1404 1198 1780 1264 ἀτελέστατον,
1812 1198 1938 1267 ἔφη,

367 1289 670 1360 θαυμάζειν
697 1291 807 1360 ἔχω
834 1290 950 1353 πῶς
979 1308 1109 1344 ποτε
1131 1289 1274 1343 οὓτω
1304 1290 1476 1344 ταῦτα
1507 1291 1600 1343 καὶ
1624 1292 1776 1362 παρὰ
1797 1291 1940 1354 τίνος

366 1384 718 1456 ἐξεπονήθης,
746 1385 782 1438 ἃ.
831 1383 986 1455 μόλις
1036 1384 1222 1437 πολλοὶ
1268 1386 1362 1437 καὶ
1391 1385 1566 1454 χρόνῳ
1613 1383 1810 1455 μακρῷ
1847 1385 1942 1437 καὶ

366 1480 515 1545 πῡνῳ
547 1475 726 1546 πολλῷ
757 1475 990 1530 κτᾶσθαι
1024 1477 1359 1544 πεφύκαιν.
1403 1477 1518 1543 'E'p'
1554 1469 1633 1539 οἷς
1668 1475 1942 1546 εὐκαίρως

365 1571 392 1620 ὁ
421 1574 544 1630 παῖς
580 1569 911 1638 ἀπεκρίνατο
935 1585 948 1600 ·
987 1569 1044 1622 '0
1091 1568 1282 1639 Σωτὴρ
1331 1567 1487 1639 ἡμῶν
1533 1569 1626 1622 καὶ
1660 1569 1942 1636 Δεσπότης

369 1662 460 1711 καὶ
496 1659 702 1730 Κύριος
776 1659 980 1730 Ἰησοῦς
1009 1661 1244 1730 Χριστὸς
1289 1661 1452 1723 αὐτός
1479 1663 1628 1714 ἐστιν
1665 1660 1936 1731 εἰρηκώς·

373 1770 391 1801 ι
427 1753 596 1804 Ὅταν
628 1755 720 1804 ἐπὶ
746 1753 987 1821 βασιλεῖς
1012 1755 1221 1825 ἀχθῆτε
1255 1756 1350 1808 καὶ
1401 1757 1698 1824 ἡγεμόνας,
1737 1755 1812 1825 μὴ
1849 1772 1943 1823 με-

369 1845 674 1914 ριμνήσητε
700 1846 751 1897 τί
771 1845 1054 1916 λαλήσετεο
1081 1845 1370 1917 δοθήσεται
1393 1848 1504 1918 γὰρ
1524 1848 1652 1912 ὑμῖν
1677 1848 1733 1898 ὲν
1752 1849 1940 1918 ἐκείνῃ

367 1940 432 2006 τῇ
469 1936 589 2008 ὦρα
622 1939 674 1990 τί
717 1936 1001 2009 λαλήσετε.
1035 1957 1054 1988 ι
1094 1938 1205 1991 Νῦν
1226 1933 1319 1992 οὖν
1351 1941 1451 1994 οὐκ
1489 1941 1595 2009 ἐμὰ
1615 1939 1790 1994 ταῦτα
1820 1941 1941 1994 οὐδὲ

369 2030 718 2099 ἀνθρωπίνης
771 2031 959 2097 σοφίας
1002 2030 1049 2082 οἱ
1097 2031 1280 2098 λόγοι·
1338 2029 1519 2101 ἀλλ’ἢ
1573 2031 1673 2102 μὲν
1727 2033 1942 2100 γλῶττα

371 2122 586 2185 παντως
621 2122 747 2192 ὲμὴ,
805 2121 942 2175 Θεοῦ
971 2122 1028 2175 δὲ
1058 2124 1124 2175 τὰ
1164 2123 1385 2194 ρήματα
1440 2124 1720 2194 ἄντικρυς.
1775 2126 1885 2178 Καὶ
1914 2125 1942 2179 ὁ

369 2211 650 2281 δικαστὴς,
676 2211 864 2281 ὥσπερ
893 2213 992 2281 τῆς
1021 2213 1226 2282 μητρδς
1257 2213 1532 2281 ἀπογνοὺς
1550 2216 1645 2266 καὶ
1671 2213 1766 2267 τοῦ
1803 2213 1944 2284 πρώ-

370 2320 462 2355 του
494 2302 602 2355 τῶν
636 2303 864 2367 παίδων,
898 2304 988 2356 ὲπὶ
1025 2303 1151 2366 τοὺς
1189 2303 1384 2368 ἄλλους
1415 2309 1512 2374 τὴν
1537 2305 1828 2374 διάπειραν
1851 2321 1944 2375 με·

371 2393 624 2464 ταφέρει,
685 2395 1073 2464 ἀτελεστέρους
1115 2395 1196 2448 ἔτι
1251 2396 1348 2464 τὴν
1399 2395 1617 2465 ἡλικίαν
1657 2396 1798 2466 ὀρῶν
1849 2397 1945 2450 καὶ

373 2485 542 2553 ταύτῃ
573 2483 638 2553 δὴ
691 2483 784 2536 καὶ
819 2485 1187 2552 παραπείσειν
1218 2485 1488 2553 οἰόμενος.
1529 2485 1684 2538 Ἑπεὶ
1719 2486 1774 2539 δὲ
1809 2487 1945 2557 πρὸς

375 2577 468 2643 τὴν
499 2577 694 2644 εὐγενῆ
753 2573 910 2644 ρίζαν
960 2574 1114 2626 οὐδὲν
1146 2577 1193 2627 οἱ
1253 2576 1436 2628 κλάδοι
1471 2578 1944 2648 παραλλάττοντες

375 2665 654 2734 ὤφθησαν,
687 2665 797 2718 ἀλλ’
824 2667 1128 2718 ἐδείκνυντο
1147 2667 1241 2718 καὶ
1267 2669 1388 2730 ταῖς
1410 2665 1660 2736 γνώμαις
1685 2667 1735 2720 ιι
1762 2669 1944 2732 παῖδες

380 2757 472 2824 τῆς
497 2758 595 2826 μὲν
626 2757 812 2820 τέκνα,
846 2756 940 2809 τοῦ
971 2757 1026 2809 δὲ
1053 2757 1297 2826 ἀδελφοὶ,
1338 2758 1500 2812 πάλιν
1525 2758 1659 2828 πρὸς
1689 2758 1788 2828 τὴν
1825 2777 1947 2828 μη-

377 2852 506 2920 τέρα
537 2850 631 2904 καὶ
665 2851 755 2903 τὸν
783 2849 1000 2920 πρῶτον
1051 2850 1162 2904 τῶν
1213 2850 1561 2919 αὐταδέλφων
1612 2854 1944 2922 μεταχωρεῖ,

389 2943 814 3014 Ἐπιστράιρητε,
843 2943 1039 3012 λέγων,
1075 2947 1210 3014 προς
1256 2945 1325 2997 τὰ
1351 2945 1594 3015 ὑμέτερα
1634 2948 1944 3015 σπλάγχνα,

379 3035 639 3106 φείσασθε
672 3035 779 3087 τῶν
809 3037 1018 3105 νηπίων
1052 3037 1160 3089 τῶν
1190 3037 1439 3103 ἁπαλῶν,
1473 3040 1578 3090 τῶν
1607 3039 1802 3108 ἀώρων
1821 3053 1836 3070 ⁸
1873 3037 1948 3109 μὴ

382 3124 662 3194 περιίδητε
687 3123 808 3178 κατ’
837 3125 1154 3195 ὀφθαλμοὺς
1187 3128 1340 3196 ὑμῶν
1363 3127 1548 3192 κακῶς
1575 3128 1944 3199 ἀπολλύμενα.

2043 555 2327 608 hominum
2390 557 2658 624 supplicia
2722 573 3066 627 nequaquam
3125 561 3606 628 pertimescimus,

2042 663 2162 716 qua:
2189 648 2406 716 corpori
2437 649 2658 718 quidem
2689 649 3183 720 incorruptionem,
3205 654 3402 708 animae
3422 661 3606 707 autem

2042 742 2226 809 potius
2277 741 2743 796 immortalitatem
2798 743 2978 797 solent
3026 746 3343 809 conciliare,
3388 745 3490 801 sed
3540 747 3607 800 iis

2043 843 2235 897 parum
2264 829 2418 884 abest
2447 830 2581 898 quin
2606 830 2806 895 dicam,
2833 848 2987 902 atque
3005 849 3069 914 ac
3087 836 3339 888 convivio
3362 837 3607 890 delecta-

2044 936 2185 974 mur.
2233 921 2402 976 Deum
2434 937 2567 977 vero
2611 924 2792 992 potius
2823 925 3100 988 timemus,
3139 927 3232 992 qui
3281 937 3458 997 potest
3488 929 3612 982 ani-

2043 1027 2185 1066 mam
2209 1021 2266 1067 et
2288 1028 2487 1083 corpus
2512 1015 2706 1084 punire
2734 1015 2786 1069 in
2811 1017 3078 1086 gehenna.
3099 1019 3399 1073 Proconsul
3425 1030 3608 1074 autem

2042 1105 2216 1160 oculis
2243 1106 2294 1160 in
2322 1122 2549 1176 puerum
2577 1109 2842 1179 conjectis
2866 1126 2879 1160 :
2906 1109 3042 1165 Cum
3067 1110 3278 1165 videam
3312 1122 3382 1177 te,
3413 1114 3613 1182 inqu’t,

2042 1206 2203 1252 astate
2238 1199 2536 1255 admodum
2575 1201 2958 1271 imperfectum
2985 1243 3002 1269 ,
3053 1204 3222 1258 miror
3252 1206 3529 1272 quomodo
3562 1217 3617 1260 et

2043 1304 2074 1342 a
2110 1305 2220 1360 quo
2243 1290 2357 1344 haec
2378 1291 2456 1344 sic
2483 1291 2745 1355 didicisti,
2775 1309 2896 1356 qua:
2914 1295 3002 1347 vix
3028 1296 3181 1349 multi
3211 1306 3265 1349 et
3291 1297 3454 1366 longo
3481 1307 3617 1350 tem-

2043 1397 2177 1452 pore
2203 1392 2258 1438 et
2289 1383 2474 1438 labore
2505 1393 2632 1438 sunt
2661 1387 2969 1441 consecuti.
3000 1387 3212 1450 Quibus
3251 1403 3389 1456 puer
3416 1403 3617 1456 oppor-

2045 1480 2176 1526 tune
2211 1475 2532 1544 respondit:
2561 1475 2820 1530 Servatur
2856 1486 3046 1531 noster
3069 1487 3124 1530 et
3149 1478 3412 1533 Dominus
3443 1479 3609 1533 Jesus

2043 1562 2320 1630 Christus,
2358 1565 2472 1634 ipse
2501 1573 2584 1619 est
2626 1565 2720 1634 qui
2758 1565 2897 1620 dixit
2936 1583 2950 1620 :
3002 1584 3020 1617 ι
3057 1566 3288 1632 Quando
3326 1567 3610 1623 ducemini

2043 1653 2112 1708 ad
2166 1670 2322 1726 reges
2369 1664 2422 1708 et
2471 1657 2766 1725 prmsides,
2821 1658 2992 1712 nolite
3046 1659 3288 1728 cogitare
3341 1660 3473 1728 quid
3527 1661 3610 1714 lo-

2045 1746 2312 1814 quamini.
2361 1747 2587 1800 Dabitur
2635 1748 2781 1802 enim
2813 1749 2964 1803 vobis
2994 1749 3048 1802 in
3081 1750 3170 1804 illa
3205 1750 3336 1804 hora
3371 1752 3501 1821 quid
3532 1753 3612 1805 lo-

1975 1831 2014 1886 Β
2043 1838 2286 1906 quamini
2315 1839 2336 1870 ⁸
2373 1839 2586 1893 .›Νιιησ
2627 1855 2757 1911 ergo
2801 1851 2929 1895 sunt
2965 1843 3078 1896 haec
3109 1858 3219 1896 non
3247 1858 3387 1907 mea,
3434 1858 3614 1912 neque

2045 1927 2297 1984 humana:
2321 1929 2602 1998 sapientia:
2629 1931 2797 1986 verba
2826 1972 2841 1994 ,
2872 1931 2966 1986 sed
2999 1933 3222 1987 omnino
3250 1933 3469 2002 quidem
3493 1948 3613 1988 mea

2043 2028 2126 2073 est
2171 2019 2378 2089 lingua,
2428 2029 2617 2090 aperte
2655 2032 2839 2078 autem
2894 2024 2990 2078 Dei
3038 2033 3166 2078 sunt
3212 2025 3401 2080 verba.
3435 2025 3613 2080 Judex

2044 2124 2202 2176 vero,
2241 2111 2414 2165 veluti
2437 2111 2506 2166 de
2529 2123 2700 2168 matre
2729 2130 2879 2183 spem
2911 2115 3199 2186 abjiciens,
3241 2126 3297 2171 et
3333 2117 3402 2171 de
3434 2117 3612 2188 primo

2043 2201 2164 2271 ejus
2192 2199 2325 2265 filio,
2359 2217 2418 2256 se
2456 2205 2714 2260 transfert
2744 2207 2809 2259 ad
2843 2207 2980 2261 alios
3011 2209 3321 2272 tentandos,
3369 2224 3465 2263 eos
3517 2209 3605 2262 vi-

2044 2291 2180 2347 dens
2211 2303 2371 2349 tetate
2394 2310 2514 2351 esse
2544 2297 3002 2367 imperfectiores,
3029 2309 3230 2368 putans
3263 2300 3402 2366 fore,
3436 2313 3488 2356 ut
3515 2317 3613 2358 eos

2044 2383 2111 2436 ad
2147 2399 2302 2439 suam
2343 2386 2655 2442 traduceret
2693 2390 3044 2445 sententiam.
3078 2389 3370 2460 Postquam
3419 2401 3607 2448 autem

2045 2475 2146 2530 visi
2183 2487 2312 2532 sunt
2341 2481 2475 2532 rami
2509 2479 2646 2533 nihil
2678 2480 2901 2536 differre
2930 2498 2960 2536 a
2987 2499 3248 2553 generosa
3274 2487 3476 2550 radice,
3512 2486 3609 2541 sed

2047 2566 2409 2620 ostenderunt
2463 2571 2616 2639 pueri
2668 2585 2727 2625 se
2774 2571 2923 2626 illius
2972 2573 3197 2642 quidem
3243 2575 3400 2640 filios,
3452 2576 3612 2646 hujus

2047 2669 2180 2710 vero
2213 2671 2332 2711 esse
2362 2658 2584 2724 fratres,
2613 2675 2673 2715 se
2701 2677 2894 2717 rursus
2942 2665 3202 2718 transfert
3241 2666 3307 2719 ad
3357 2677 3612 2732 matrem,

2046 2753 2103 2798 et
2129 2745 2302 2798 filium
2328 2748 2447 2814 ejus
2470 2751 2894 2820 primogenitum
2921 2770 2934 2806 :
2962 2751 3614 2823 Convertimini,dicens,

2048 2835 2116 2888 ad
2147 2848 2328 2892 vestra
2351 2841 2583 2895 viscera.
2612 2843 2826 2898 Parcite
2861 2845 3066 2899 teneris
3095 2847 3396 2902 infantibus
3423 2850 3615 2903 imma-

2051 2930 2208 2983 turis.
2243 2931 2424 2988 Nolite
2455 2935 2642 2990 videre
2687 2951 2784 2992 eos
2830 2947 2957 2994 ante
2989 2949 3204 2996 vestros
3248 2942 3438 2997 oculos
3474 2945 3616 2999 male

2049 3033 2360 3091 pereuntes.

455 3175 466 3194 ι
496 3175 504 3177 τ
587 3175 598 3194 ι
646 3175 655 3176 ί
690 3175 696 3176 ⁷
730 3175 739 3176 ί
775 3175 785 3178 '
850 3175 894 3192 'l
924 3175 989 3178 ""
1019 3175 1039 3195 r
1069 3175 1149 3188 "v
1195 3175 1331 3196 'r'"'
1365 3175 1547 3192 """“'
1576 3175 1944 3199 """""r‘""'

447 3214 572 3269 AB'.
604 3213 781 3267 Πολλὰ
812 3215 1035 3268 τοιαῦτα
1087 3215 1278 3279 εἰπὼν,
1325 3217 1446 3269 ἐπεὶ
1483 3218 1606 3278 τούς
1645 3217 1833 3285 λόγους
1868 3218 1948 3280 εἰς

2121 3202 2340 3262 XXXII.
2379 3204 2516 3260 Cum
2551 3207 2720 3262 multa
2777 3209 3050 3280 ejusmodi
3075 3211 3325 3279 dixisset,
3355 3225 3410 3271 et
3447 3217 3618 3273 vilis-

380 3305 512 3375 ἀέρα
543 3307 666 3374 εικῆ
713 3305 1004 3375 χεομένους
1062 3306 1228 3375 ἑώρα,
1272 3305 1362 3359 τὸν
1391 3309 1557 3360 παῖδα
1581 3308 1794 3360 κελεύει
1828 3307 1948 3361 κατ’

381 3396 500 3465 ὄψιν
533 3395 640 3447 τῶν
668 3395 949 3464 μητρικῶν
971 3396 1268 3464 ὀφθαλμῶν
1302 3397 1541 3468 ἀνηλεῶς
1574 3398 1946 3468 ραόδίζεσθαι.

391 3487 453 3540 'll
495 3487 550 3539 δὲ
577 3487 800 3554 γενναία
826 3488 1010 3557 μήτηρ
1041 3489 1222 3558 ὁρῶσα
1245 3488 1341 3557 οὐχ
1375 3490 1521 3549 ὅπως
1549 3489 1702 3541 οὐδὲν
1726 3489 1950 3556 ἀγεννὲς

379 3579 412 3648 ἢ
453 3578 772 3650 πέπονθενῆ
806 3580 1120 3652 ἐφθέγξατο,
1147 3579 1262 3634 ἀλλ’
1294 3581 1482 3650 ὥσπερ
1517 3581 1812 3651 ἐνηδομένη
1832 3584 1951 3644 ταῖς

379 3668 467 3722 τοῦ
491 3671 748 3738 φιλτάτου
775 3670 1030 3740 πληγαῖς,
1056 3671 1256 3742 φαιδρὰ
1285 3672 1589 3742 παρίστατο
1612 3678 1724 3734 τοῖς
1745 3674 1950 3742 ὀφθαλ-

384 3763 496 3830 μοῖς
525 3761 845 3814 διανεύουσα
867 3762 944 3831 τῷ
968 3763 1226 3833 σχήματι,
1244 3765 1586 3835 παρορμῶσα
1611 3769 1722 3827 τοῖς
1748 3766 1949 3835 λόγοις,

381 3853 792 3922 παρακαλοῦσα,
844 3854 938 3924 Μὴ
985 3854 1290 3926 ὐποπέσῃς,
1319 3856 1572 3924 λέγουσα,
1604 3860 1737 3910 παῖ’
1769 3858 1950 3926 στῆθι,

379 3946 591 4010 τζκνον,
624 3945 884 4011 γενναίως
917 3947 1133 4016 μικρὸν,
1185 3949 1309 4000 ὅσον
1340 3948 1434 4001 καὶ
1477 3947 1576 4010 τὰς
1605 3947 1689 4000 διὰ
1718 3949 1953 4019 Χριστὸν

379 4035 578 4098 ταύτας
607 4039 821 4105 πληγὰς
844 4040 999 4108 τιμαὶ
1031 4041 1124 4091 καὶ
1159 4040 1410 4107 στέφανοι
1439 4038 1789 4104 διαδέξονται.
1816 4041 1953 4093 Τού-

379 4143 488 4190 τοις
521 4132 613 4180 καὶ
648 4129 882 4199 μάλιστα
936 4133 1027 4184 τὸν
1062 4131 1235 4200 θυμὸν
1299 4137 1326 4186 ὁ
1354 4131 1618 4196 ὑπατικὸς
1665 4134 1954 4196 ἑκκαυθεὶς

381 4218 590 4288 πονηρὰ
611 4219 922 4288 βουλεύετλι
953 4224 1071 4284 ταῖς
1095 4221 1190 4274 τοῦ
1219 4225 1457 4294 πονηροῦ
1479 4224 1733 4294 δαίμονος
1754 4223 1956 4294 ὐποθή-

383 4327 526 4372 καις.
569 4309 750 4380 Ἀνδρὶ
783 4315 894 4383 γὰρ
926 4314 1150 4379 ἀσελγεῖ
1188 4317 1282 4368 καὶ
1318 4317 1454 4387 πρὸς
1486 4316 1692 4386 ἔρωτας
1725 4317 1956 4387 ἀκρατ;ῖ

380 4402 477 4473 τὴν
502 4405 840 4474 σεμνοτάτην
863 4405 1161 4461 ἐκδίδωσιν.
1213 4407 1353 4460 Ἀλλ’
1396 4407 1495 4460 οὐκ
1536 4407 1725 4476 ἔμελλε
1755 4412 1952 4478 χαιρή-

2050 3303 2133 3349 set
2166 3297 2331 3351 verba
2364 3306 2570 3353 temere
2599 3299 2750 3354 fundi
2783 3301 2836 3354 in
2871 3317 3076 3369 aerem,
3105 3306 3261 3374 jubet
3288 3308 3458 3363 filium
3491 3325 3620 3367 ante

2051 3390 2240 3444 oculos
2275 3393 2466 3446 matris
2501 3393 2804 3448 crudeliter
2828 3384 3197 3464 cacdi‘virgis.
3235 3401 3390 3467 Quod
3426 3405 3623 3462 videns

2049 3495 2313 3557 generosa
2355 3493 2550 3544 mater,
2591 3502 2698 3539 non
2739 3486 2904 3540 modo
2959 3489 3094 3542 nihil
3157 3490 3477 3548 indecorum
3526 3508 3624 3552 aut

2054 3573 2242 3644 gessit,
2276 3585 2368 3626 aut
2405 3586 2490 3628 est
2540 3575 2744 3639 locuta,
2794 3577 2892 3631 sed
2940 3579 3106 3633 etiam
3155 3582 3326 3635 veluti
3377 3587 3624 3653 gaudens

2054 3666 2225 3736 plagis
2253 3667 2560 3720 charissimi
2595 3667 2714 3732 filii,
2751 3670 2926 3723 astitit
2953 3671 3172 3737 alacris,
3197 3689 3448 3732 annuens
3481 3694 3620 3734 ocu-

2051 3758 2140 3820 lis,
2172 3767 2328 3827 gestu
2363 3759 2621 3826 incitans,
2653 3761 2836 3815 verbis
2879 3763 3182 3820 adhortans
3214 3783 3228 3819 :
3255 3767 3334 3821 Ne
3369 3786 3624 3828 succum-

2053 3847 2172 3911 bas,
2206 3846 2398 3902 dicens
2423 3887 2437 3912 ,
2469 3865 2501 3903 ο
2545 3849 2654 3916 fili;
2688 3859 2769 3904 sta
2802 3852 3040 3918 fortiter,
3074 3865 3222 3909 nate.
3261 3857 3369 3912 llas
3392 3873 3618 3930 propter

2052 3938 2333 3994 Christum
2377 3939 2563 4010 plagas
2615 3941 2856 3996 honores
2878 3953 2934 3997 et
2959 3960 3178 3999 coronas
3196 3948 3491 4018 excipient.
3526 3953 3623 4010 His

2055 4031 2352 4100 proconsul
2408 4033 2491 4086 vel
2538 4033 2723 4086 animo
2783 4035 3018 4089 maxime
3066 4036 3344 4106 incensus,
3396 4044 3629 4115 maligni!

2008 4171 2012 4175 .
2055 4121 2318 4176 dtcmonis
2349 4123 2701 4190 suggestione
2739 4125 3048 4192 improbum
3093 4128 3240 4197 capit
3285 4134 3576 4188 consilium
3602 4179 3618 4202 ,

2055 4213 2174 4267 viro
2195 4215 2342 4267 enim
2372 4215 2638 4282 petulanti
2697 4226 2752 4268 et
2779 4215 2848 4268 ad
2879 4232 3095 4272 amores
3128 4219 3488 4280 incontinenti
3520 4227 3624 4284 trs"-

2055 4305 2138 4360 dit
2169 4305 2310 4359 hanc
2337 4305 2623 4360 mulierem
2656 4307 2710 4360 in
2731 4307 2924 4376 primis
2955 4311 3351 4366 venerandam.
3378 4314 3486 4370 Sed
3514 4334 3624 4375 non

2055 4407 2176 4452 erat
2212 4397 2504 4452 insolentis
2548 4397 2787 4454 hominis
2839 4399 3088 4456 futurum
3127 4402 3449 4460 diuturnum
3492 4426 3626 4479 gau-

383 4509 494 4544 σειν
531 4493 867 4564 ὁύὁριστής.
938 4494 1026 4557 Ὠς
1080 4495 1186 4565 γὰρ
1237 4493 1302 4566 δὴ
1341 4496 1432 4548 καὶ
1482 4496 1642 4566 μόνον
1676 4497 1703 4548 ὀ
1761 4497 1952 4567 μιαρὸς

2059 4489 2232 4544 dium.
2265 4490 2398 4545 Nam
2427 4501 2713 4560 postquam
2750 4507 2870 4546 eam
2890 4494 2976 4547 vel
3004 4494 3182 4549 solum
3215 4498 3395 4568 attigit
3422 4499 3627 4572 Hyrta-

393 4587 655 4658 ’Υρτακδς
693 4587 889 4656 ἥψατο,
917 4587 1073 4639 τοῦτο
1108 4589 1216 4658 γὰρ
1257 4587 1525 4653 ἐκαλεῖτο,
1574 4587 1772 4642 αὐτίκα
1810 4589 1950 4641 τότε

382 4680 670 4748 πρόσωπον
689 4678 832 4732 ἆπαν
860 4677 1138 4748 ἠλλοιοῦτο
1163 4681 1256 4732 καὶ
1286 4679 1395 4732 τῶν
1435 4679 1599 4750 ρινῶν
1619 4675 1758 4749 αἷμα
1782 4696 1949 4732 ποτα-

384 4769 548 4838 μηδον
603 4770 859 4838 ἀπέρρει,
899 4770 991 4820 καὶ
1029 4768 1150 4821 οὐδὲ
1208 4771 1400 4838 ὲνορᾷν
1431 4771 1497 4840 τῇ
1537 4769 1773 4839 μάρτυρι
1799 4769 1952 4832 δέους

382 4863 507 4914 ἄνευ
537 4864 911 4931 συνεχωρεῖτο.
937 4862 1091 4927 Φωνῇ
1124 4861 1411 4929 τοιγαροῦν
1456 4862 1666 4933 μεγάλῃ
1695 4863 1832 4930 πρὸς
1859 4863 1952 4915 τὸν

382 4953 644 5007 ὑπατικὸν
687 4953 1013 5024 ἀνέκραγεν,
1054 4953 1170 5021 ἅμα
1201 4953 1371 5020 λέγων
1404 4952 1502 5024 τὴν
1535 4956 1692 5024 χεῖρα
1723 4958 1788 5022 τῇ
1819 4954 1954 5007 Θεο-

382 5046 504 5118 δότῃ
565 5047 844 5100 ἐπιϐαλεῖν
885 5049 977 5100 καὶ
1030 5049 1148 5099 νέον
1205 5047 1328 5100 τινὰ
1381 5047 1507 5103 ἰδεῖν
1565 5049 1816 5120 εὐπρεπῆ
1845 5049 1947 5120 τὴν

384 5136 531 5201 θέαν,
567 5137 821 5209 εὐπρεπῆ
870 5138 968 5210 τὴν
998 5137 1212 5208 στολὴν,
1263 5139 1699 5209 συμπαρεστῶτα
1724 5143 1787 5210 τῇ
1818 5140 1949 5192 Θεο-

382 5226 529 5300 δόξῃ,
565 5228 620 5291 ὃς
653 5229 814 5282 αὐτὸν
848 5229 944 5282 καὶ
977 5231 1115 5281 κατὰ
1140 5229 1344 5300 κόρρης
1379 5231 1578 5293 παίσας
1602 5231 1728 5294 τούς
1757 5248 1816 5283 τε
1844 5250 1950 5302 μυ-

386 5321 593 5390 κτῆρας
640 5321 921 5392 συνέτριψε
975 5323 1073 5374 καὶ
1104 5321 1164 5374 τὸ
1197 5323 1505 5393 καταρρέον
1533 5318 1674 5392 αἷμα
1720 5323 1810 5376 διὰ
1843 5321 1952 5376 τῶν

387 5410 546 5480 ρινῶν
577 5409 839 5482 φέρεσθαι
898 5412 1328 5482 παρεσκεύασεν.
1393 5413 1531 5466 Ἀλλ’
1559 5414 1588 5466 ὁ
1621 5413 1818 5484 τυφλὸς
1855 5415 1955 5484 οὐχ

386 5503 552 5574 ἑώρα,
591 5504 684 5556 καὶ
712 5505 740 5557 ὁ
795 5504 1049 5568 ἀσύνετος
1105 5504 1368 5567 ὑπατικὸς
1416 5505 1477 5558 οὐ
1512 5507 1704 5568 συνέει,
1757 5508 1866 5558 οὐδ’
1906 5509 1954 5560 εἰ

389 5595 462 5662 μή
485 5612 537 5648 τι
582 5595 712 5648 ἄλλο
734 5595 794 5648 τὸ
834 5596 1062 5664 ἐναργὲς
1094 5596 1375 5667 ηὐλαϐήθη
1426 5596 1518 5649 τοῦ
1552 5597 1825 5667 θαύματος
1861 5601 1952 5652 καὶ

495 5777 515 5806 ι
546 5777 737 5831 Matth.
775 5793 807 5830 δ
845 5815 858 5842 ,
893 5778 979 5845 l8,
1016 5778 1097 5834 19.

2058 4597 2157 4637 cus
2187 4583 2282 4651 (ita
2316 4585 2462 4638 enim
2489 4586 2836 4654 vocabatur),
2868 4595 3014 4641 totus
3045 4588 3226 4644 vultus
3257 4593 3508 4660 protinus
3545 4605 3631 4648 est

2061 4683 2322 4742 mutatus,
2370 4687 2427 4731 et
2480 4692 2584 4732 nec
2643 4692 2967 4732 concessum
3017 4680 3240 4749 quidem
3281 4693 3365 4737 est
3423 4684 3628 4741 intueri

2064 4777 2360 4837 martyrem
2391 4767 2511 4822 sine
2543 4769 2760 4824 timore.
2799 4769 2986 4839 Itaque
3032 4787 3222 4844 magna
3261 4788 3394 4830 voce
3422 4777 3627 4832 clama-

2062 4862 2143 4916 vit
2176 4861 2244 4915 ad
2279 4862 2663 4929 proconsulem
2688 4901 2703 4925 ,
2740 4861 2936 4918 dicens
2966 4878 3024 4918 se
3069 4879 3190 4918 cum
3226 4867 3466 4934 primum
3509 4883 3626 4923 ma-

2060 4970 2190 5009 num
2224 4955 2410 5023 injecit
2439 4954 2492 5007 in
2519 4953 2878 5019 Theodotem,
2912 4954 3112 5010 vidisse
3143 4958 3435 5025 quemdam
3463 4959 3626 5030 juve-

2062 5061 2208 5112 nem,
2247 5047 2396 5101 vultu
2447 5046 2752 5102 formosum
2787 5057 2842 5102 et
2871 5047 3064 5102 habitu
3113 5049 3372 5104 decorum
3399 5090 3414 5114 ,
3462 5055 3628 5110 simul

2062 5141 2254 5195 adesse
2282 5153 2405 5193 eum
2440 5139 2743 5204 Theodote,
2773 5140 2867 5209 qui
2913 5139 2961 5191 ei
3010 5141 3231 5195 incusso
3278 5143 3534 5212 colapho,
3573 5156 3628 5202 et

2060 5247 2223 5288 nares
2262 5231 2542 5296 contrivit,
2572 5240 2629 5286 et
2660 5239 2718 5286 ut
2746 5246 2845 5301 per
2867 5245 2963 5285 cas
2990 5235 3214 5302 sanguis
3244 5246 3512 5296 manaret.
3543 5239 3628 5291 ef-

2058 5325 2206 5380 fecit.
2241 5323 2346 5379 Sed
2377 5339 2484 5378 non
2523 5323 2743 5378 videbat
2770 5338 2968 5386 caseus,
2997 5334 3054 5378 et
3097 5325 3297 5380 stultus
3328 5329 3626 5395 proconsul

2062 5417 2285 5472 minime
2321 5413 2678 5484 intelligebat,
2703 5427 2760 5469 et
2794 5431 2996 5483 neque,
3040 5416 3085 5470 si
3114 5415 3249 5472 nihil
3282 5418 3428 5473 aliud
3465 5420 3628 5474 mira-

2067 5509 2176 5564 culi
2240 5509 2514 5564 reveritus
2581 5505 2686 5560 iuit
2737 5505 3114 5574 evidentiam,
3173 5509 3384 5566 destitit
3429 5510 3624 5566 adver-

2063 5619 2156 5656 sus
2217 5617 2337 5656 eam
2368 5600 2723 5656 contendere.
2776 5600 2882 5655 Sed
2924 5618 3046 5656 cum
3087 5619 3210 5659 eam
3277 5619 3468 5660 rursus
3497 5603 3628 5660 s‘sti
