4102 6376
537 385 642 448 €07

1768 382 1928 444 ΜΕΝ
1933 382 2051 442 SIS
2105 379 2356 440 DECEM
2369 382 2538 443 BER.

3685 385 3793 454 (08

531 498 687 558 dixit,
721 495 826 547 hoc
855 509 1075 562 quoque
1116 493 1302 546 datum
1341 508 1462 548 esse
1492 507 1521 546 a
1548 493 1780 547 Domino
1810 491 2101 546 animabus

2211 491 2348 560 μετὰ
2370 490 2469 560 τὴν
2496 491 2748 546 ἐντεῦθεν
2767 493 3081 565 ἀποδημίαν
3111 495 3399 566 ὲπιφοιτᾷν
3427 494 3561 568 παρ’
3597 497 3690 558 οὓς
3717 498 3785 553 ἂν

531 593 852 653 martyrem,
891 590 971 646 ut,
1003 591 1290 650 postquam
1324 581 1454 636 hinc
1485 583 1847 646 excesserint,
1877 580 2102 634 veniant

527 675 594 730 ad
625 689 765 744 quos
805 674 997 735 velint,
1023 681 1079 728 et
1110 689 1234 728 cum
1275 674 1355 729 eis
1395 689 1678 728 sermones
1705 673 2014 737 conferant,
2047 682 2103 728 et

525 785 622 823 eos
651 768 1026 822 consolentur.

598 859 866 913 XXXVII.
924 860 1059 914 Cum
1110 862 1352 916 venisset
1402 878 1534 917 vero
1586 861 1707 917 dies
1758 863 2096 932 tricesimus,

522 952 854 1005 existimans
882 951 1176 1021 praefectus
1205 953 1347 1007 fame
1386 961 1442 1006 et
1485 954 1590 1007 alia
1642 955 1936 1009 amictione
1967 971 2103 1010 con-

526 1042 730 1096 fectam
763 1057 884 1096 esse
921 1053 1241 1115 martyrem,
1267 1055 1323 1098 et
1349 1044 1557 1114 aliquid
1589 1045 1657 1100 de
1685 1060 1783 1100 sua
1818 1048 2100 1102 remisisse

529 1137 857 1198 constantia,
885 1136 976 1193 tibi
1005 1152 1125 1191 eam
1156 1139 1501 1203 accersisset,
1534 1150 1590 1195 et
1614 1141 1935 1196 alacriorem
1967 1143 2106 1198 libe-

535 1227 766 1296 riusque
801 1244 965 1298 quam
1002 1230 1158 1299 prius
1181 1230 1496 1300 loquentem
1534 1233 1780 1301 vidisset,
1808 1237 1978 1292 iratus
2001 1236 2106 1291 fuit

531 1320 879 1386 custodibus,
914 1332 972 1376 ut
1009 1324 1102 1393 qui
1135 1325 1184 1378 ei
1216 1324 1494 1380 dedissent
1522 1328 1751 1398 aliquid,
1785 1345 1896 1399 quo
1924 1347 1982 1386 se
2017 1346 2104 1386 re-

532 1411 743 1465 ﬁceret.
793 1413 1015 1467 Illorum
1049 1415 1234 1484 itaque
1264 1416 1654 1488 benignitatem
1687 1437 1951 1477 accusans
1986 1430 2106 1478 tan-

528 1516 694 1572 quam
741 1503 978 1569 crimen,
1011 1518 1108 1559 eos
1141 1518 1390 1561 removet
1415 1524 1444 1562 a
1488 1510 1738 1564 custodia
1777 1526 1792 1560 :
1822 1526 1941 1566 eam
1974 1528 2104 1568 vero

528 1595 828 1648 committit
855 1596 996 1659 aliis,
1027 1613 1167 1666 quos
1200 1599 1411 1654 sciebat
1440 1599 1677 1656 libenter
1709 1604 1891 1658 omnia
1926 1603 2105 1659 factu-

529 1699 622 1738 ros
649 1701 714 1738 ex
746 1685 864 1756 ejus
889 1688 1054 1741 animi
1080 1692 1372 1744 sententia.
1408 1691 1543 1746 Cum
1580 1709 1674 1749 eos
1720 1710 1848 1766 ergo
1887 1695 1935 1750 ei
1965 1713 2105 1766 pras-

529 1775 770 1842 fecissct,
800 1789 855 1833 et
879 1781 1001 1836 aliis
1031 1784 1252 1852 triginta
1283 1785 1475 1842 diebus
1498 1803 1618 1840 eam
1661 1789 1942 1844 custodire
1978 1791 2101 1860 jus-

529 1866 714 1933 sisset,
747 1879 802 1923 et
837 1872 1132 1941 signaculis
1171 1877 1477 1930 custodiam
1519 1879 1865 1950 obsignasset
1889 1918 1904 1944 ,
1940 1880 2099 1937 abiit.

531 1957 626 2013 Illa
661 1971 841 2016 autem
869 2003 882 2026 ,
915 1965 1018 2018 etsi
1051 1980 1236 2020 secum
1271 1967 1344 2021 ita
1376 1979 1651 2039 ageretur,
1701 1987 1809 2026 non
1862 1972 2099 2027 cessavit

531 2059 714 2106 tamen
753 2053 938 2110 facere
983 2072 1045 2111 ea
1093 2073 1214 2128 qua:
1256 2071 1620 2115 consueverat
1653 2073 1669 2116 :
1702 2063 1796 2118 sed
1839 2063 1895 2119 in
1934 2065 2103 2120 vehe-

532 2143 700 2197 menti
737 2147 1006 2211 oratione,
1055 2159 1109 2203 et
1157 2161 1424 2206 nocturna
1468 2155 1737 2217 statione,
1783 2166 1838 2208 et
1883 2156 2103 2212 assidua

526 2236 847 2289 extensione
906 2253 1167 2292 manuum
1226 2243 1639 2308 perseverabat.
1706 2245 1912 2300 Deinde
1974 2261 2100 2301 cum

531 2329 822 2400 przefeetus
876 2333 1027 2386 illinc
1073 2347 1192 2387 eam
1241 2334 1545 2400 eduxisset,
1597 2339 1928 2394 condemnat
1975 2356 2100 2396 cum

531 2424 725 2478 multis
754 2424 878 2479 aliis
911 2428 1042 2489 reis,
1075 2433 1134 2480 ut
1165 2428 1218 2480 in
1253 2429 1581 2496 profundum
1615 2433 1780 2486 maris
1807 2435 2104 2504 projicere-

531 2526 640 2570 tur.
670 2516 798 2570 Erat
823 2526 1005 2572 autem
1035 2534 1138 2572 una
1172 2535 1294 2574 cum
1325 2520 1392 2575 iis
1421 2522 1584 2576 etiam
1620 2525 1846 2593 quidam
1878 2528 1958 2580 vir
1981 2530 2104 2598 pius

532 2609 754 2663 nomine
784 2609 1161 2681 Eutychianus
1195 2652 1208 2676 ,
1243 2615 1336 2682 qui
1382 2615 1497 2683 ipse
1543 2632 1760 2686 quoque
1793 2630 2013 2689 propter
2043 2620 2105 2674 ti-

537 2699 659 2780 depi
688 2699 742 2752 in
766 2698 1066 2762 Christum,
1097 2702 1335 2758 nudatus
1358 2703 1737 2774 facultatibus,
1768 2711 2103 2765 condemna-

534 2783 622 2842 tus
653 2788 773 2852 fuit,
809 2799 866 2843 ut
887 2791 1166 2859 jaceretur
1195 2791 1248 2844 in
1282 2807 1450 2845 mare.

601 2880 887 2936 XXXVIII.
921 2883 1213 2953 Postquam
1243 2900 1371 2938 vero
1399 2885 1451 2938 in
1481 2888 1662 2940 medio
1693 2888 1825 2941 mari
1859 2887 2102 2954 fuerunt,

531 2972 623 3040 qui
672 2989 768 3028 eos
815 2973 1092 3028 ducebant
1146 2976 1378 3040 milites,
1426 2978 1524 3047 ipsi
1579 2980 1802 3049 quidem
1854 2983 2102 3052 cymbam

531 3067 828 3133 quamdam
861 3068 1253 3132 ascendentes,
1285 3070 1339 3123 iu
1374 3077 1571 3124 terrain
1603 3073 1964 3141 navigarunt,
2001 3088 2100 3126 na-

2210 583 2303 634 καὶ
2335 581 2632 650 βούλοιντο,
2658 584 2754 637 καὶ
2787 586 3003 655 ὁμιλίας
3041 588 3135 641 καὶ
3159 587 3560 658 παρακλήσεως
3582 584 3782 652 σύτόὺς

2205 672 2414 739 ἀξιοῦν.

2278 850 2402 906 ΛΖ’.
2444 851 2785 924 Τριακοστῆς
2818 853 2875 908 δὲ
2905 856 3212 926 ἐπιστάσης
3247 856 3462 929 ἡμέρας
3490 857 3785 917 ὑπολαϐὼν

2207 941 2501 1013 ὁὲπαρχος
2554 943 2631 1014 τῷ
2685 961 2744 998 τε
2801 945 2946 1016 λιμῷ
2979 948 3072 1000 καὶ
3117 951 3184 1019 τῇ
3245 948 3381 1020 ἄλλῃ
3441 952 3788 1025 κακοπαθείᾳ

2208 1034 2657 1106 κατεργασθῆναι
2701 1036 2799 1108 τὴν
2862 1040 3118 1109 μάρτυρα
3175 1042 3269 1093 καὶ
3329 1043 3429 1110 τῆς
3477 1043 3790 1109 ἑνστάσεως

2209 1126 2519 1191 ὑποδοῦναι,
2547 1128 3047 1197 μεταπεμψάμενος
3070 1132 3294 1201 ταύτην,
3321 1131 3397 1196 ὠς
3424 1129 3530 1186 εἶδε
3555 1135 3790 1204 φαιδρὰν

2211 1217 2411 1288 μᾶλλον
2461 1219 2556 1270 καὶ
2611 1220 3246 1293 πεπαρῥησιασμένηνῆ
3296 1224 3583 1292 πρότερον,
3617 1224 3790 1294 ὠργί-

2210 1308 2336 1374 ζετο
2370 1309 2512 1363 κατὰ
2573 1310 2684 1363 τῶν
2729 1310 2986 1380 φυλάκων
3017 1311 3094 1376 ὡς
3132 1313 3193 1382 δή
3248 1331 3393 1377 τινος
3431 1317 3563 1386 παρ’
3603 1318 3791 1370 αὐτῶν

2207 1399 2505 1464 εὐπαθείας
2558 1401 2959 1473 ἁπολαυούσης.
3031 1403 3286 1457 Ἐκείνων
3344 1406 3441 1475 μὲν
3474 1406 3566 1459 οῦν
3595 1408 3669 1470 ὡς
3696 1408 3792 1476 ἔγ-

2209 1491 2394 1561 κλημα
2420 1493 2520 1562 τὴν
2553 1491 2966 1562 φιλανθρωπίαν
2999 1497 3384 1565 κατηγορήσας
3406 1497 3505 1565 τῆς
3538 1497 3792 1568 φυλακῆς

2206 1583 2404 1646 αὐτοὺς
2442 1583 2755 1656 ἐξίστησιν·
2800 1585 3007 1656 ἑτέροις
3038 1587 3097 1640 δὲ
3122 1587 3330 1660 ταύτην
3367 1589 3656 1660 ἐπιτρέπει
3690 1592 3786 1657 οῦς

2207 1675 2325 1746 ᾔδει
2346 1675 2439 1728 καὶ
2471 1676 2707 1746 μάλιστα
2741 1678 2918 1732 πάντα
2964 1678 3110 1732 κατὰ
3155 1679 3282 1732 νοῦν
3314 1681 3463 1752 αύτῷ
3494 1684 3584 1734 καὶ
3615 1701 3785 1755 κεχα-

2210 1767 2480 1838 ρισμένως
2516 1769 2788 1839 ποιήσειν.
2846 1769 3086 1834 Τούτους
3137 1771 3232 1824 οῦν
3290 1774 3428 1844 αὑτῇ
3484 1775 3791 1846 ἐπιστήσας

2128 1845 2177 1906 Β
2204 1859 2297 1910 καὶ
2327 1860 2416 1911 ἐπὶ
2441 1859 2662 1928 ἑτέραις
2691 1861 2992 1930 τριάκοντα
3027 1860 3318 1942 φυλάττειν
3346 1864 3581 1934 ἡμέραις
3617 1845 3791 1935 προσ-

2204 1948 2393 2015 τάξας,
2413 1950 2547 2020 πρὸς
2566 1951 2621 2004 δὲ
2641 1954 2736 2004 καὶ
2763 1956 3025 2023 σφραγῖσι
3047 1951 3146 2024 τὴν
3173 1954 3417 2023 φυλακὴν
3439 1957 3600 2024 ὲπιση
3611 1960 3795 2026 μηνά-

2212 2055 2395 2109 μενος,
2427 2038 2619 2111 ᾣχετο.
2687 2043 2752 2095 Ἥ
2782 2043 2840 2096 δὲ
2885 2046 2990 2096 κάν
3019 2043 3230 2108 τούτοις
3257 2044 3394 2098 οὖσα
3427 2047 3528 2100 οὐκ
3562 2047 3793 2100 ἐπέλιπε

2208 2133 2280 2186 τὰ
2321 2135 2528 2205 συνήθη
2557 2138 2752 2197 ποιεῖν.
2785 2137 2902 2190 ἀλλ’
2937 2138 3072 2208 εὐχῇ
3104 2155 3162 2192 τε
3205 2141 3443 2210 συντόνῳ
3466 2145 3562 2194 καὶ
3598 2143 3794 2197 στάσει

2207 2226 2463 2298 παννύχῳ
2492 2231 2584 2282 καὶ
2605 2230 2864 2284 ἀνατάσει
2892 2233 3094 2301 χειρῶν
3116 2232 3448 2303 ἀδιαλείπτῳ
3478 2251 3795 2304 προσεκαρ-

2206 2317 2376 2388 τέρει.
2411 2315 2542 2372 Εἶτα
2591 2321 2805 2375 ἐκεῖθεν
2851 2323 3021 2394 αὐτὴν
3060 2323 3347 2392 ἐξαγαγὼν
3376 2327 3404 2377 ὁ
3432 2325 3673 2396 ἔπαρχος
3702 2327 3788 2398 τῷ

2212 2408 2358 2480 βυθῷ
2378 2414 2476 2481 τῆς
2508 2411 2782 2484 θαλάσσης
2804 2414 2937 2469 σύνα
2946 2435 3021 2487 μα
3046 2418 3142 2469 καὶ
3168 2416 3350 2481 ἄλλοις
3375 2417 3588 2482 πολλοῖς
3617 2437 3793 2476 κατα-

2207 2502 2376 2566 δίκοις
2420 2504 2688 2576 ἀφεθῆναι
2725 2508 3195 2578 καταψηφίζεται.
3259 2511 3433 2581 Συνῆν
3489 2512 3546 2564 δὲ
3576 2511 3793 2579 τούτοις

2209 2595 2301 2648 καί
2330 2613 2410 2659 τις
2435 2598 2571 2669 ἀνὴρ
2603 2600 2858 2672 εὐσεϐὴς,
2885 2603 3214 2674 Εύτυχιανδς
3250 2606 3442 2676 ὄνομα,
3473 2606 3532 2669 ὃς
3555 2607 3649 2659 καὶ
3680 2608 3784 2660 αῦ-

2207 2687 2298 2749 τὸς
2327 2688 2413 2740 διὰ
2435 2689 2530 2760 τὴν
2556 2693 2636 2754 είς
2670 2692 2904 2762 Χριστὸν
2937 2696 3120 2751 πίστιν
3151 2698 3458 2766 γυμνωθεὶς
3482 2699 3589 2752 τῶν
3611 2697 3788 2753 ὄντων

2208 2779 2298 2832 τὸν
2321 2783 2375 2831 ἐν
2404 2780 2645 2854 θαλάττῃ
2677 2785 3045 2856 κατεδικάσθη
3081 2787 3331 2846 θάνατον.

2275 2873 2404 2928 ΛΗ’.
2451 2873 2539 2938 Ὧς
2587 2876 2643 2928 δὲ
2675 2876 2740 2947 δὴ
2769 2879 2913 2930 κατὰ
2943 2879 3110 2947 μέσον
3140 2883 3310 2954 αὐτῆς
3363 2884 3537 2955 δήπου
3568 2885 3665 2955 τῆς
3689 2883 3788 2938 θα-

2207 2963 2409 3035 λάττης
2463 2961 2604 3035 ἦσαν
2633 2970 2680 3020 oi
2722 2969 2948 3032 τούτους
2983 2972 3207 3041 ἄγοντες
3251 2977 3600 3047 στρατιῶται,
3624 2976 3788 3032 αὑτοὶ

2210 3053 2310 3122 μὲν
2333 3056 2562 3110 ἀκατίου
2591 3058 2731 3121 τινὸς
2758 3060 3047 3127 ὲπιὸάντες
3069 3066 3202 3134 πρὶς
3225 3068 3324 3137 τὴν
3352 3069 3456 3138 γῆν
3485 3069 3783 3137 ἀπέπλεον,

531 3173 654 3210 vem
691 3170 909 3223 autem,
943 3175 1063 3228 qua:
1094 3160 1336 3216 ducebat
1382 3162 1582 3217 Christi
1635 3174 1926 3235 martyrem
1976 3181 2099 3219 cum

2207 3144 2303 3215 τὴν
2335 3146 2392 3198 δὲ
2419 3147 2550 3200 ναῦν
2585 3149 2614 3218 ἢ
2648 3149 2748 3221 τὴν
2774 3152 2867 3206 τοῦ
2903 3155 3140 3226 Χριστοῦ
3189 3159 3448 3232 μάρτυρα
3481 3161 3576 3214 σὺν
3610 3161 3788 3213 Εὐτυο

533 3246 876 3317 Eutycliiauo
909 3259 964 3303 et
993 3252 1206 3304 caeteris
1238 3253 1620 3307 condemnatis
1644 3297 1658 3319 ,
1687 3271 1809 3309 cum
1861 3257 2102 3326 undique

533 3337 932 3404 perforasseut,
965 3356 1085 3393 eam
1111 3384 1123 3404 ,
1172 3358 1295 3396 cum
1328 3343 1381 3396 in
1416 3353 1566 3398 tanto
1609 3359 1921 3402 versaretur
1953 3351 2102 3418 peri-

531 3425 676 3486 culo,
715 3428 1034 3497 relinquunt
1068 3432 1348 3484 ﬂuctibus.
1381 3430 1470 3486 Sic
1518 3449 1713 3488 navem
1761 3452 1907 3492 mare
1957 3449 2104 3508 tege-

535 3512 651 3575 bat,
681 3523 737 3567 et
766 3516 846 3568 eis
884 3525 1068 3584 parata
1095 3534 1123 3571 a
1156 3519 1264 3574 Deo
1288 3520 1525 3590 adjutrix
1554 3509 1713 3579 missa
1741 3527 1895 3582 beata
1924 3528 2102 3583 Theo-

530 3601 680 3666 dote,
723 3613 778 3658 et
807 3608 928 3659 velo
963 3607 1207 3663 insidens
1237 3613 1567 3666 cernebatur
1608 3632 1622 3668 :
1658 3626 1712 3669 et
1766 3617 1978 3673 clavum
2020 3619 2103 3675 di-

532 3693 716 3764 rigens
777 3700 1149 3765 sccurissime,
1182 3703 1264 3757 eis
1292 3705 1676 3774 navigantibus
1715 3725 1934 3765 cursum
1964 3729 2103 3782 pra:-

533 3785 697 3840 hebat
743 3792 1228 3848 secundissimum.
1283 3795 1362 3850 Ad
1419 3809 1620 3853 terram
1671 3813 1852 3856 autem
1903 3820 2099 3860 navem

531 3876 692 3932 duxit
719 3883 839 3933 sine
872 3884 1136 3949 periculo.
1161 3889 1304 3952 Quin
1330 3891 1496 3944 etiam
1531 3893 1772 3948 ostendit
1802 3895 2101 3967 Eutychia-

537 3985 670 4023 num
704 3970 874 4028 fuisse
906 3990 1362 4035 counumeratum
1405 3983 1548 4037 inter
1575 3985 1782 4040 Christi
1814 4002 2099 4062 martyres.

533 4057 688 4115 'l'unc
738 4066 944 4134 itaque,
990 4071 1082 4137 qui
1114 4081 1270 4125 erant
1301 4073 1354 4126 in
1393 4090 1530 4130 nave
1569 4079 1941 4144 condemnati,
1992 4084 2096 4137 nb-

531 4153 827 4225 stupel‘acti
873 4158 1159 4227 miraculo,
1187 4163 1255 4216 ad
1305 4164 1625 4237 Eutychiani
1658 4171 1825 4238 pedes
1851 4175 2103 4238 procide-

531 4244 666 4300 bant
697 4256 752 4300 et
797 4253 1071 4320 martyris.
1101 4263 1154 4306 et
1182 4255 1444 4324 rogabant
1479 4266 1537 4311 ut
1570 4259 1904 4316 docerentur
1934 4266 2101 4320 ratio-

530 4352 655 4391 nem
690 4338 838 4394 ﬁdei.
875 4341 946 4395 Ea
977 4359 1108 4412 ergo
1136 4362 1256 4414 qua:
1291 4350 1571 4416 petebant,
1609 4357 1926 4422 consecuti,
1955 4367 2010 4412 et
2047 4361 2100 4413 in

530 4430 736 4497 pietate
768 4441 829 4486 ut
859 4446 1076 4502 oportet
1111 4439 1332 4504 initiati,
1379 4441 1431 4494 in
1469 4443 1676 4499 Christi
1725 4464 1941 4518 gregem
1972 4460 2100 4504 sunt

2209 3240 2401 3310 χιανῷ,
2453 3245 2616 3312 φημὶ,
2670 3247 2767 3297 καὶ
2807 3249 2916 3311 τοῖς
2964 3251 3275 3316 καταδίκοις
3323 3249 3467 3324 ἦγε,
3515 3254 3787 3310 πάντοθεν

2209 3333 2615 3403 διατρήσαντες,
2647 3335 2818 3400 οὕτως
2852 3341 3172 3411 ἐπισφαλῶς
3193 3343 3425 3414 ἔχουσαν
3461 3349 3572 3409 τοῖς
3600 3348 3789 3417 κῦμα-

2211 3440 2296 3476 σιν
2335 3427 2583 3494 ἀφιᾶσιν.
2619 3428 2904 3502 Οῦπωτὴν
2940 3432 3072 3487 ναῦν
3104 3437 3376 3490 ἐκάλυπτε
3401 3437 3666 3503 θάλασσα,
3687 3441 3787 3495 καὶ

2211 3517 2366 3587 παρὰ
2389 3519 2524 3572 Θεοῦ
2546 3518 2768 3592 ἕτοιμος
2791 3525 2975 3588 αύτιῖς
2999 3526 3193 3596 βοηθὸς
3222 3529 3255 3599 ἡ
3279 3530 3528 3601 μακαρία
3550 3531 3786 3602 Θεοδότη

2211 3611 2524 3678 πεμφθεῖσα
2551 3614 2627 3684 τῷ
2659 3615 2811 3685 ἱστίῳ
2836 3633 2894 3669 τε
2925 3619 3023 3687 τῆς
3049 3621 3176 3691 νηδς
3221 3622 3610 3694 ἐπικαθημένη
3645 3625 3781 3679 καθ·

2209 3704 2440 3773 εωρᾶτο,
2466 3707 2560 3759 καὶ
2589 3708 2662 3771 ὡς
2689 3710 3073 3780 ἀσφαλέστατα
3094 3713 3405 3770 διιθύνουσα
3436 3719 3496 3772 τὸ
3519 3720 3783 3790 πηδάλιον

2209 3793 2474 3868 εὔδρομον
2501 3800 2600 3868 μὲν
2623 3801 2804 3866 αὐτοῖς
2837 3808 3068 3876 παρεῖχε
3091 3807 3182 3862 τὸν
3209 3808 3378 3863 πλοῦν
3403 3851 3417 3875 ,
3448 3813 3580 3882 πρὸς
3609 3811 3662 3864 δὲ
3686 3814 3786 3883 τὴν

2208 3887 2402 3958 χέρσον
2429 3889 2728 3954 ἀκινδύνως
2750 3889 2854 3962 ἦγε
2887 3895 2985 3965 τὴν
3012 3895 3143 3950 ναῦν
3171 3911 3185 3928 ⁶
3241 3899 3582 3954 ἐπεδείκνυτο
3609 3903 3664 3955 δὲ
3691 3908 3784 3955 καὶ

2208 3979 2296 4032 τὸν
2325 3981 2654 4052 Εὑτυχιανὸν
2683 3985 2757 4048 ὡς
2782 3987 2865 4056 εἴη
2893 3991 2983 4040 καὶ
3016 3991 3179 4052 αὐτὸς
3227 3993 3340 4055 τοῖς
3378 3994 3616 4064 μάρτυσι
3649 3997 3783 4064 Χρι-

2210 4070 2338 4122 στοῦ
2384 4073 2763 4144 συναρίθμιος.
2799 4077 2931 4129 Τότε
2957 4078 3085 4145 γοῦν
3120 4083 3168 4132 οἱ
3206 4084 3262 4134 ἐν
3289 4082 3366 4152 τῷ
3408 4085 3576 4154 πλοίῳ
3613 4091 3772 4141 x1291-

2207 4161 2346 4216 δικοι
2377 4165 2454 4236 τῷ
2501 4169 2788 4240 παραδόξῳ
2818 4173 3269 4242 καταπλαγέντες
3315 4179 3688 4246 προσέπιπτον
3723 4199 3780 4232 τε

2207 4257 2285 4328 τῷ
2321 4259 2637 4332 Εύτυχιανῷ
2669 4264 2765 4316 σὺν
2796 4267 2860 4336 τῇ
2899 4267 3165 4338 μάρτυρι,
3207 4270 3300 4322 καὶ
3329 4271 3643 4342 διδαχθῆναι
3691 4275 3782 4327 τὸν

2213 4353 2308 4418 τῆς
2340 4352 2576 4415 πίστεως
2631 4355 2787 4423 λόγον
2811 4358 3019 4427 ἠξίουν.
3073 4361 3342 4431 Τυχόντες
3390 4364 3681 4434 τοιγαροῦν
3706 4357 3781 4418 ὧν

2210 4442 2415 4495 ἐδέοντο
2456 4449 2547 4498 καὶ
2604 4448 2703 4516 τὴν
2760 4449 3047 4502 εὑσεϐειαν
3079 4451 3156 4516 ὡς
3209 4454 3313 4524 χρὴ
3368 4455 3672 4526 μυηθέντες
3703 4457 3782 4527 τῷ

528 4522 790 4589 cooptati,
815 4525 906 4592 qui
937 4535 1096 4580 erant
1133 4543 1325 4585 omnes
1354 4531 1518 4586 simul
1554 4544 1775 4591 centum
1809 4551 1866 4592 et
1906 4540 2095 4608 viginti

2205 4531 2296 4584 τοῦ
2347 4535 2585 4607 Χριστοῦ
2618 4539 2856 4610 ποιμνίῳ
2908 4522 3422 4615 συγκατελέχ-θησαν
3446 4522 3616 4617 δῆμος
3660 4522 3779 4610 ὅλος

531 4627 659 4666 Vll‘l.

600 4705 841 4760 XXXIX.
875 4706 1000 4764 Il.ec
1041 4711 1203 4768 tertio
1233 4723 1355 4784 post
1396 4718 1482 4773 die
1535 4721 1914 4791 signiﬁcantur
1962 4741 2102 4795 prae-

511 4799 693 4853 'fccto.
723 4800 826 4865 Qui
867 4817 994 4856 cum
1039 4809 1220 4860 statim
1268 4824 1464 4878 magno
1505 4814 1689 4867 studio
1731 4823 1903 4869 totum
1953 4817 2101 4872 hunc

528 4894 783 4956 chorum,
815 4911 991 4965 nuper
1020 4897 1316 4965 initiatutn,
1360 4905 1874 4972 comprehendisset
1899 4947 1912 4969 ,
1945 4919 1998 4962 et
2033 4910 2101 4964 ad

531 4986 772 5040 tribunal
802 4988 1078 5044 sistendos
1105 5004 1389 5058 curasset,
1430 5012 1526 5050 eos
1571 5000 1872 5053 arbitratus
1917 5003 2100 5057 adhuc

529 5078 758 5142 primam
788 5095 1010 5136 servare
1038 5087 1388 5150 sententiam,
1428 5087 1510 5141 eis
1559 5103 1754 5144 aurum
1799 5093 2000 5148 obtulit
2045 5105 2100 5150 et

530 5170 770 5232 divitias,
801 5182 857 5226 et
886 5175 1122 5229 honores
1145 5177 1340 5245 partim
1371 5178 1593 5246 quidem
1636 5181 1748 5251 jam
1794 5188 2097 5253 prtebebat,

531 5263 729 5328 partim
758 5279 888 5319 vero
921 5267 1302 5334 pollicebatur,
1337 5271 1382 5325 si
1425 5273 1602 5326 solum
1647 5275 1875 5332 vidisset
1927 5290 2102 5335 muta-

533 5361 638 5416 tos,
665 5363 720 5408 et
741 5367 934 5409 rursus
961 5359 1220 5426 gentilem
1254 5373 1539 5418 servantes
1565 5366 1910 5435 religionem.
1942 5372 2101 5426 I'ost-

531 5458 692 5512 quam
730 5457 910 5500 autem
939 5464 1032 5518 spe
1055 5451 1205 5505 valde
1240 5451 1346 5506 fuit
1372 5452 1561 5519 falsus,
1596 5456 1767 5513 fortes
1799 5468 1854 5514 et
1887 5462 2098 5519 validos

530 5537 724 5593 videns
759 5555 950 5594 eorum
980 5546 1224 5610 animos,
1255 5548 1335 5601 eis
1365 5558 1554 5604 contra
1583 5553 1909 5610 ostendebat
1940 5573 2099 5614 enses

532 5634 728 5695 nudos,
757 5643 811 5687 et
851 5635 1052 5701 ignem,
1087 5646 1141 5692 et
1185 5641 1511 5710 catapultas,
1565 5651 1620 5698 et
1663 5649 2006 5718 sartagines:
2040 5651 2095 5707 Si

531 5722 740 5788 nolitis,
790 5723 1003 5790 dicens,
1052 5741 1108 5782 at
1155 5729 1268 5783 lucc
1316 5741 1410 5786 Vos
1444 5736 1645 5791 invitos
1687 5742 2098 5807 persuadebunt

534 5814 863 5871 sacriﬁcare.
897 5818 1191 5889 Postquam
1227 5832 1410 5877 autem
1457 5825 1532 5880 illi
1583 5845 1648 5883 ex
1704 5847 1862 5902 inquo
1919 5850 2097 5906 neque

2205 4625 2414 4694 ἀνδρῶν
2439 4630 2516 4690 είς
2540 4629 2714 4683 εἰκοσι
2745 4635 2838 4684 καὶ
2863 4633 3058 4687 ἑκατὸν
3084 4636 3496 4706 ἀριθμούμενοι.

2279 4713 2403 4768 AG’.
2432 4714 2619 4770 Ταῦτα
2657 4719 2796 4787 μετὰ
2819 4721 3012 4790 τρίτην
3046 4726 3265 4791 γνωστὰ
3303 4725 3378 4794 τῷ
3418 4728 3644 4798 ἐπάρχῳ
3694 4731 3784 4796 yi-

2203 4825 2374 4872 νεται,
2403 4813 2494 4864 καὶ
2521 4813 2718 4867 αὐτίκα
2746 4815 2915 4887 πολλῇ
2946 4819 3149 4890 σπουδῇ
3181 4820 3271 4872 τὸν
3306 4821 3564 4890 άρτιτελή
3593 4821 3782 4874 τοῦτον

2204 4900 2380 4953 πάντα
2409 4888 2568 4973 χορὸν
2597 4906 2879 4960 συλλαϐὼν
2909 4907 2988 4978 τῷ
3013 4911 3218 4979 βήματι
3247 4915 3630 4984 παρεστήσατο
3649 4931 3663 4944 ·
3687 4919 3781 4967 καὶ

2201 4994 2264 5064 δὴ
2292 4997 2389 5066 τὴν
2438 4999 2662 5070 πρώτην
2718 5002 2915 5066 αὐτοὺς
2982 5006 3076 5056 καὶ
3122 5007 3203 5056 ἔτι
3238 5006 3464 5078 γνώμην
3493 5008 3779 5072 διασώζειν

2203 5089 2489 5144 ὑτολιϐὼν
2535 5095 2737 5163 χρυσὸν
2772 5097 2955 5160 αὐτοῖς
3008 5099 3224 5168 παρῆγε
3249 5117 3262 5130 ·
3303 5104 3395 5154 καὶ
3427 5101 3652 5154 πλοῦτον
3691 5103 3779 5155 καὶ

2200 5184 2368 5250 τιμὰς
2396 5186 2491 5246 τὰς
2523 5186 2622 5254 μὲν
2659 5187 2756 5257 ἤδη
2783 5195 3034 5259 παρεῖχε,
3068 5193 3165 5254 τὰς
3195 5192 3252 5244 δὲ
3282 5193 3670 5261 ἐπηγγέλλετο,
3716 5194 3780 5266 ἢν

2204 5275 2364 5343 μόνον
2411 5277 2496 5349 ἴδῃ
2534 5280 2938 5348 μεταθεμένους
2990 5284 3081 5335 καὶ
3121 5284 3220 5354 τὴν
3259 5283 3582 5356 Ἑλληνικὴν
3620 5287 3781 5339 πάλιν

2203 5367 2498 5436 θρησκείαν
2554 5372 2980 5441 πρεσϐεύοντας.
3050 5376 3203 5429 Ἐπεὶ
3249 5379 3304 5430 δὲ
3329 5378 3568 5449 ἐψεύσθη
3624 5382 3780 5450 παρὰ

2201 5460 2333 5512 πολῦ
2361 5461 2467 5513 τῶν
2521 5463 2914 5535 ἐλπιζομένων,
2949 5468 3270 5538 ὲρρωμένας
3311 5471 3488 5523 αὐτῶν
3520 5473 3614 5534 τὰς
3641 5474 3783 5538 γνώ‹

2203 5572 2310 5623 μας
2351 5557 2512 5626 ὁρῶν,
2553 5560 2862 5614 τούναντίον
2895 5564 3074 5627 αὐτοῖς
3106 5564 3234 5635 ξίφη
3276 5567 3461 5636 γυμνά
3489 5568 3781 5621 ύπεδείκνυ

2200 5650 2296 5701 καὶ
2327 5651 2432 5721 πῦρ
2456 5653 2548 5704 καὶ
2576 5654 2920 5718 καταπέλτας
2949 5672 3019 5710 κα
3058 5659 3293 5726 τήγανα,
3321 5660 3424 5711 ’λιν
3454 5659 3778 5729 μὴθύσητε,

2199 5743 2392 5810 λέγων,
2425 5743 2559 5796 ἀλλὰ
2590 5746 2763 5799 ταῦτα
2795 5748 2937 5817 ὑμᾶς
2964 5751 3057 5802 καὶ
3099 5751 3329 5814 ἄκοντας
3362 5751 3523 5805 θῦσαι
3576 5755 3778 5807 πείσει.

2212 5838 2293 5901 Ὠὅ
2327 5838 2381 5889 δὲ
2415 5839 2607 5908 ἐπίσης
2642 5842 2837 5896 ἐκεῖνοι
2863 5841 2984 5896 οὗτε
3023 5845 3127 5898 τῶν
3157 5846 3342 5899 κακῶν
3377 5846 3633 5917 ἡττῶντο,
3653 5844 3778 5902 οὔτε
