4122 6380
589 304 691 377 (li

1818 316 2104 377 MENSIS
2149 318 2578 381 DECEMliEli‘.

3738 317 3856 380 612

591 422 796 477 multos
826 422 893 477 de
940 422 1121 479 medio
1155 424 1384 489 tollens,
1423 425 1813 493 Judreosvero
1858 446 1925 484 ne
1975 431 2165 485 sinens

2277 435 2371 500 μὲν
2402 434 2493 487 καὶ
2526 432 2747 495 πολλοὺς
2774 434 3033 504 ἀναιρῶν,
3075 436 3358 495 Ἰουδαίους
3392 431 3448 485 δὲ
3485 437 3618 500 μηδὲ
3651 427 3854 496 ὀνομά-

583 515 807 584 quidem
843 516 1145 572 nominari:
1173 517 1363 573 mitius
1390 527 1573 575 autem
1603 522 1797 593 agebat
1836 540 1960 576 cum
2001 520 2164 579 Chri-

584 606 799 669 stianis,
832 604 980 675 ipsos
1006 608 1225 677 quidem
1245 611 1409 666 etiam
1437 614 1715 679 expellens
1736 629 1765 668 e
1789 613 2041 680 civitate;
2070 613 2165 668 sed

587 708 719 750 ante
768 712 955 752 muros
981 739 995 764 ,
1024 715 1147 753 cum
1186 702 1261 755 ita
1298 704 1553 774 iussisset
1584 704 1886 779 imperator
1908 748 1921 769 ,
1950 721 2047 759 eos
2088 705 2165 759 si-

587 803 729 842 nens
761 790 961 860 degere
991 802 1047 846 et
1069 794 1341 851 habitare.
1372 797 1573 867 Aperte
1602 806 1783 852 autem
1816 798 2166 863 ostendebat,

589 893 650 934 se
680 878 1026 938 Christianos
1060 887 1280 955 quidem
1313 889 1575 943 revereri.
1596 899 1822 960 prOpter
1868 890 2167 959 perlcmam

583 971 711 1027 vita:
748 974 1197 1045 philosophiam;
1250 981 1479 1049 etlideo
1520 998 1617 1036 eos
1662 982 1827 1037 etiam
1871 982 2169 1052 praeferens

592 1067 903 1123 cultoribus
951 1072 1416 1128 simulacrorum.
1470 1073 1589 1143 lpse
1636 1091 1769 1129 vero
1808 1091 1935 1131 cum
1980 1090 2170 1130 rursus

588 1169 876 1214 teneretur
916 1178 946 1217 a
999 1166 1395 1234 superstitione
1442 1177 1496 1221 et
1537 1165 1672 1221 ialsa
1718 1166 2007 1237 religione,
2044 1183 2167 1237 qua:

586 1265 615 1303 a
654 1262 809 1321 patre
844 1255 894 1308 ei
931 1253 1112 1311 fuerat
1148 1257 1373 1323 tradita,
1434 1274 1645 1314 amaret
1688 1270 1869 1314 autem
1906 1259 2173 1315 eruditio-

588 1357 713 1397 nem
747 1357 798 1398 et
829 1347 1220 1417 eloquentiam.
1253 1350 1548 1422 Eugeniam
1580 1366 1798 1422 quoque
1820 1368 1975 1407 suam
2005 1352 2174 1407 filiam

588 1434 646 1489 in
696 1438 1005 1507 disciplinis
1052 1441 1309 1497 educavit
1357 1443 1662 1498 liberaliter
1696 1485 1711 1509 ,
1742 1455 2037 1513 utrumque
2078 1445 2178 1500 do-

586 1540 722 1581 cens
745 1568 759 1590 ,
792 1544 988 1600 nempe
1037 1532 1339 1587 Romanam
1372 1544 1429 1588 et
1469 1534 1711 1589 Graecam
1743 1536 2049 1590 orationem
2074 1574 2091 1598 ,
2119 1544 2178 1590 et

587 1618 818 1674 studens
847 1624 1030 1678 videre
1059 1640 1179 1679 eam
1199 1625 1355 1679 valde
1382 1634 1693 1695 provectam
1726 1626 1778 1680 in
1807 1624 2173 1695 phi1050phia.

2268 522 2456 588 ζεσθαι
2490 526 2809 597 συγχωρῶν,
2840 528 3182 594 Χριστιανοῖς
3208 543 3270 595 γε
3300 524 3407 594 μὴν
3440 521 3860 590 ἐπιεικέστερον

2270 614 2641 685 προσεφέρετο
2678 615 2775 683 τῆς
2807 616 2908 684 μὲν
2956 615 3159 678 πόλεως
3211 615 3304 668 καὶ
3351 612 3550 670 αὐτοὺς
3608 609 3854 675 ἐξευθῶν,

2271 708 2497 776 πλησίον
2518 708 2572 761 δέ
2604 725 2705 760 που
2728 707 2835 776 πρὸ
2885 705 2993 760 τῶν
3038 706 3258 776 τειχῶν,
3285 703 3548 775 βασιλέως
3572 702 3715 757 οὕτω
3754 718 3859 755 κε-

2270 797 2583 863 λεύσαντος,
2616 798 2785 868 ἐφιεὶς
2834 798 3046 865 διάγειν
3074 800 3169 850 καὶ
3199 793 3680 862 κατοικεῖν.Δῆλος
3707 792 3762 847 δέ
3785 788 3859 862 ἦν
3897 780 3903 793 ’

2274 889 2635 960 Χριστιανοὺς
2668 890 2769 959 μὲν
2789 888 2877 941 διὰ
2898 890 2995 959 τὴν
3026 888 3227 959 ἀκριϐῆ
3254 886 3347 940 τοῦ
3380 886 3496 957 βίου
3531 884 3859 955 φιλοσοφίαν
3896 944 3901 951 ,

2274 979 2589 1048 αἰδούμενος
2651 979 2744 1033 καὶ
2775 980 2925 1049 παρὰ
2954 977 3113 1031 τοῦτο
3143 976 3235 1029 καλ⁵
3265 976 3372 1044 πρὸ
3416 973 3524 1027 τῶν
3562 970 3859 1025 εἰδωλολαι·

2273 1071 2417 1142 τρῶν
2450 1070 2750 1140 τιθέμενος.
2792 1070 2961 1132 Αὐτὸς
2994 1068 3049 1121 δὲ
3091 1067 3251 1121 πάλιν
3283 1065 3388 1119 ὑπὸ
3434 1065 3536 1133 τῆς
3563 1075 3861 1132 πατροπα-

2279 1162 2501 1233 ραδότου
2552 1156 2977 1232 δεισιδαιμονίας
3033 1159 3311 1230 ἐχόμενος,
3364 1155 3614 1217 παιδείας
3664 1151 3723 1206 δὲ
3755 1152 3857 1204 καὶ

2274 1255 2452 1322 λόγων
2503 1254 2791 1324 γενόμενος
2836 1251 3071 1324 ἐραστὴς
3114 1251 3206 1304 καὶ
3238 1248 3500 1326 Εὐγενίαν
3530 1246 3628 1315 τὴν
3682 1242 3855 1296 αὐτοῦ

2277 1344 2550 1415 θυγατέρα
2601 1329 2964 1415 παιδεύμασιν
3009 1342 3339 1415 ἐλευθερίοις
3400 1338 3684 1410 ἀνέτρεφε,
3709 1334 3857 1388 διδά-

2280 1456 2424 1494 σκων
2463 1439 2629 1508 ἄμφω
2664 1438 2756 1492 τὸν
2818 1436 3123 1506 Ῥωμαῖκόν
3173 1453 3234 1489 τε
3275 1435 3370 1489 καὶ
3392 1433 3632 1500 Ἕλληνα
3665 1430 3852 1497 λόγον,

2278 1531 2375 1584 καὶ
2412 1529 2730 1601 φιλοσοφίας
2764 1528 2857 1581 ἐπὶ
2886 1527 3031 1599 μέγα
3073 1527 3317 1597 ἥκουσαν
3346 1523 3662 1588 σπουδάζων
3700 1520 3854 1573 ίδεῖν.

2291 1622 2506 1694 Ἐκείνη
2535 1623 2591 1676 δέ
2622 1626 2688 1693 τῇ
2719 1622 2819 1692 τῆς
2868 1622 3084 1692 φύσεως
3126 1618 3395 1688 εὐμαθείᾳ
3426 1615 3725 1687 προσθεῖσα
3753 1610 3855 1665 καὶ

588 1709 686 1763 illa
737 1722 921 1766 autem
979 1730 1104 1769 cum
1155 1716 1318 1770 docili
1373 1716 1595 1787 ingenio
1649 1716 1950 1772 addidisset
2002 1716 2169 1772 etiam

2280 1717 2536 1785 ἄσκησιν,
2568 1713 2734 1780 ἀξίως
2768 1715 2907 1769 πάνυ
2956 1716 3068 1777 τοῖς
3124 1711 3303 1779 λόγοις
3336 1708 3531 1762 ἵπτατο
3577 1705 3715 1759 πᾶσι
3750 1702 3855 1774 μὶν

582 1803 1031 1860 exercitationem
1058 1846 1074 1873 ,
1108 1807 1366 1863 celeriter
1410 1810 1689 1864 advolavit
1718 1809 1787 1864 ad
1817 1809 2125 1864 doctrinam
2153 1849 2167 1876 ,

583 1897 828 1952 animum
856 1899 1079 1969 quidem
1116 1900 1385 1956 adhibens
1414 1902 1694 1966 omnibus,
1720 1919 1839 1969 quze
1864 1911 2023 1958 erant
2059 1903 2169 1957 uti-

584 1988 658 2043 lia
694 2007 708 2043 :
749 1993 934 2046 omnia
991 2006 1173 2049 autem
1202 2037 1215 2059 ,
1271 1995 1474 2065 quibus
1528 1996 1771 2050 animum
1819 1996 2167 2059 adhibebat,

584 2090 770 2135 mente
810 2082 972 2139 facile
1015 2086 1481 2155 apprehendens;
1518 2102 1640 2156 quae
1688 2102 1819 2141 vero
1864 2088 2169 2155 didicisset,

584 2169 661 2223 ita
714 2176 912 2226 tenens
966 2175 1274 2238 memoria,
1315 2184 1375 2231 ut
1416 2175 1745 2229 viderentur
1794 2174 2007 2245 scripta
2048 2190 2171 2232 esse
2230 2252 2237 2259 .

585 2263 639 2316 in
689 2265 808 2332 ejus
838 2266 1003 2320 corde
1038 2274 1296 2337 tanquam
1325 2268 1380 2322 in
1418 2268 1621 2323 tabulis
1662 2267 1853 2322 mucis.

655 2356 722 2410 ll.
762 2356 898 2412 Cum
936 2358 1017 2413 sic
1050 2358 1315 2413 doctrina:
1351 2369 1497 2414 esset
1545 2358 1751 2423 dedita,
1786 2359 1960 2413 nihilo
1990 2359 2172 2442 secius

584 2458 707 2503 erat
739 2450 905 2503 etiam
939 2458 1134 2519 suapte
1166 2458 1360 2504 natura
1399 2451 1643 2505 studiosa
1675 2450 1894 2505 virtutis
1922 2469 1935 2512 ;
1969 2461 2023 2505 ct
2053 2461 2171 2506 erat

587 2538 815 2609 quidem
857 2540 1019 2610 digna
1064 2540 1223 2611 cujus
1270 2550 1589 2595 cerneretur
1635 2540 1869 2609 species,
1918 2550 1972 2593 et
2002 2539 2171 2611 digna

585 2630 747 2699 cujus
787 2631 1077 2685 audiretur
1111 2632 1314 2687 oratio.
1351 2630 1433 2684 Ad
1468 2630 1793 2685 imitandam
1838 2641 2020 2687 autem
2052 2643 2172 2689 erat

583 2720 847 2775 omnibus
895 2723 1044 2776 utilis
1074 2733 1128 2776 et
1158 2723 1414 2777 salutaris
1452 2765 1468 2790 ,
1516 2732 1592 2789 et,
1620 2724 1769 2793 quod
1796 2735 1877 2779 est
1910 2727 2169 2782 omnibus

583 2811 983 2878 admirabilius,
1026 2829 1150 2868 cum
1199 2814 1443 2869 nondum
1491 2816 1818 2871 excessiSset
1870 2818 2047 2872 aetatis
2074 2834 2173 2874 an-

586 2919 719 2958 num
777 2905 1054 2960 decimum
1111 2920 1363 2976 sextum,
1410 2909 1464 2963 in
1514 2926 1729 2965 morum
1782 2910 2069 2967 honestate
2115 2925 2172 2968 et

585 2998 770 3054 studio
807 3000 1028 3054 virtutis
1050 3000 1345 3071 superabat
1377 3017 1472 3058 eos
1506 3002 1597 3073 qui
1630 3012 1789 3058 erant
1810 3004 1985 3060 a:tatis
2012 3006 2170 3076 longe

2275 1810 2388 1871 τοῖς
2413 1806 2712 1876 ὠφελίμοις
2736 1805 3101 1876 προσέχουσα,
3135 1804 3312 1858 πάντα
3350 1800 3406 1855 δὲ
3442 1796 3524 1863 οἷς
3562 1796 3855 1867 προσεῖχεν

2273 1900 2511 1972 εὐχερῶς
2547 1900 2919 1973 παραδιδοῦσα
2968 1902 3035 1972 τῇ
3063 1898 3276 1969 διανοίᾳ⁵
3296 1914 3311 1929 ·
3370 1894 3407 1951 ἃ
3435 1893 3492 1948 δέ
3521 1892 3682 1964 μάθοι
3706 1887 3858 1944 οὕτω

2271 1996 2338 2067 τῇ
2369 1994 2560 2065 μνήμῃ
2592 1990 2994 2073 διακατέχουσα
3014 1991 3088 2053 ὡς
3121 1990 3179 2042 ἐν
3209 1987 3439 2058 χαλκαῖς
3484 1985 3661 2039 δοκεῖν
3686 1980 3854 2036 πίνα-

2273 2085 2354 2154 ξιν
2379 2084 2753 2155 ἐγγεγράφθαι
2774 2082 2943 2152 αὐτῆς
2977 2084 3043 2152 τῇ
3070 2079 3287 2152 καρδίᾳ.

2342 2361 2417 2416 B'.
2445 2360 2602 2416 Οὕτω
2632 2363 2762 2431 περὶ
2797 2358 2991 2425 λόγους
3022 2356 3216 2427 ἔχουσα
3260 2355 3413 2411 οὐδὲν
3435 2348 3597 2427 ἦττον
3631 2353 3725 2407 παλ⁵
3752 2354 3856 2413 τὴν
3928 2416 3953 2427 υ

2271 2456 2450 2528 ψυχὴν
2494 2455 2630 2525 πρὸς
2678 2452 2880 2522 ἀρετὴν
2922 2448 2981 2505 εὐ
3027 2449 3313 2517 ἐπεφύκει,
3351 2451 3446 2503 καὶ
3489 2447 3557 2519 ἦν
3589 2449 3719 2502 ίδεῖν
3749 2450 3855 2519 μὶν

2272 2547 2604 2614 ἀξιοθέατος.
2640 2546 2812 2599 εἰπεῖν
2840 2545 2897 2597 δὲ
2929 2542 3307 2610 ἀξιάκουστος,
3337 2539 3576 2611 ζηλῶσαι
3601 2540 3659 2594 δὲ
3684 2542 3854 2594 πᾶσιν

2271 2641 2543 2712 ὠφέλιμος
2573 2638 2670 2693 καὶ⁵
2706 2638 2994 2708 σωτήριος,
3039 2637 3135 2689 καὶ
3181 2633 3242 2688 τό
3282 2650 3341 2687 τε
3378 2631 3595 2686 πάντων
3632 2631 3860 2702 θαῦμα-

2274 2726 2527 2801 σιώτερον
2564 2733 2648 2785 ὅτι
2711 2730 2877 2800 μήπω
2915 2728 2974 2780 τὸ
3023 2728 3273 2797 πέμπτον
3320 2724 3440 2788 ἔτος
3473 2726 3569 2778 καὶ
3621 2723 3855 2776 δέκατον

2272 2824 2557 2896 ὐπερϐᾶσα
2593 2823 2688 2891 τῆς
2709 2820 2930 2891 ἡλικίας
2967 2820 3046 2882 εἰς
3074 2817 3372 2888 εὐκοσμίαν
3406 2816 3571 2887 ηθους
3601 2814 3698 2867 καὶ
3724 2817 3857 2885 ἀρεο

2270 2915 2371 2984 τῆς
2399 2914 2714 2983 ἐπιμέλειαν
2750 2910 2857 2965 τῶν
2878 2909 3058 2981 πολλῷ
3088 2908 3481 2980 πρεσϐυτέρων
3512 2906 3610 2978 τὴν
3635 2906 3856 2975 ἠλικίαν

2273 3010 2517 3079 ἐκράτει.
2569 3008 2723 3060 Ἐπεὶ
2772 3005 2830 3059 δὲ
2873 3005 2949 3075 μὴ
2979 3002 3092 3075 εἶχε
3141 3001 3481 3070 λαθεῖν,τῆς
3534 3000 3724 3070 φήμης
3766 2997 3858 3052 διὰ

584 3091 969 3159 provectioris.
1018 3090 1153 3146 Cum
1183 3102 1364 3146 autem
1402 3094 1574 3148 latere
1615 3110 1723 3148 non
1752 3104 1954 3163 posset,
1986 3098 2169 3151 omnia

2277 3104 2492 3156 πάντων
2547 3098 2856 3172 χωρούσης,
2891 3099 2989 3168 τὴν
3038 3096 3390 3165 ἐνδοξοτάτην
3420 3091 3540 3146 κατ’
3596 3090 3798 3161 ἀρετὴν
3827 3090 3857 3142 ό

585 3182 921 3251 pervadentc
965 3182 1105 3236 fama
1139 3224 1152 3247 ,
1198 3184 1339 3239 hanc
1386 3200 1507 3253 quae
1556 3193 1677 3239 erat
1728 3186 1932 3241 virtute
1980 3189 2172 3244 claris-

586 3277 764 3336 sima,
816 3274 870 3327 in
922 3274 1403 3331 administratione
1463 3276 1787 3347 reipublicae
1832 3278 2176 3335 clarissimus

586 3359 883 3432 despondit
930 3364 1221 3434 Aquiliuus
1279 3366 1553 3437 [Aquilius
1601 3385 1694 3422 seu
1750 3368 1983 3443 Acilius]
2016 3412 2030 3434 ,
2071 3370 2173 3441 qui

591 3462 723 3508 tunc
761 3463 879 3508 erat
908 3455 1122 3517 consul,
1146 3465 1204 3510 et
1236 3455 1442 3525 alioqui
1475 3458 1699 3513 tenebat
1723 3459 1957 3529 primum
1988 3459 2172 3515 locum

587 3545 734 3616 apud
768 3546 1043 3601 Romanos
1071 3548 1301 3604 nobiles.
1339 3548 1632 3619 Postquam
1682 3566 1814 3605 vero
1844 3563 2174 3620 regavcrunt

590 3648 864 3706 parentes,
904 3640 1150 3709 nunquid
1181 3641 1232 3695 ei
1263 3642 1414 3695 cordi
1448 3651 1593 3697 esset
1623 3642 1938 3714 coniugium
1968 3653 2024 3699 et
2049 3661 2175 3717 gra-

591 3736 684 3783 tus
716 3744 978 3798 sponsus,
1018 3728 1109 3784 hic
1140 3729 1376 3785 maxime
1411 3731 1656 3801 Eugenia
1687 3732 1929 3786 ostendit
1958 3735 2173 3803 signum

594 3821 849 3889 generosi
882 3820 1074 3875 animi.
1104 3819 1334 3887 Quidvis
1359 3822 1506 3876 enim
1537 3822 1851 3892 potiuspati
1875 3823 2172 3890 sustinens,

591 3928 760 3982 quam
795 3913 902 3968 sibi
932 3912 1156 3969 charam
1182 3914 1462 3984 expellere
1492 3902 2177 3986 virgittitatem,'et;amit-'

592 4016 708 4060 tere
764 4006 1118 4069 castitatem,
1172 4017 1427 4078 parentes
1481 4019 1601 4062 arte
1650 4009 1898 4078 decipit;
1956 4017 2011 4064 et
2066 4011 2171 4064 viri

589 4098 814 4168 quidem
852 4114 1025 4169 genus
1051 4099 1315 4165 laudavit,
1347 4115 1530 4156 mores
1565 4109 1744 4156 autem
1778 4100 2169 4172 reprehendit:

590 4201 646 4244 et
703 4200 962 4260 oportet,
1016 4191 1233 4261 inquit,
1312 4201 1371 4246 ut
1410 4192 1708 4262 plurimum
1765 4194 1888 4247 illos
1937 4208 2172 4263 sponsos

593 4282 820 4350 eligere,
853 4282 944 4351 qni
980 4298 1081 4352 gen
1123 4285 1165 4335 ri
1217 4296 1602 4338 ornamentum
1639 4285 1893 4347 afferunt,
1930 4302 2038 4340 non
2077 4288 2170 4356 qui

595 4374 784 4428 volunt
828 4376 1012 4429 ornari
1066 4391 1097 4429 a
1144 4392 1361 4446 genere.
1399 4377 1537 4432 Cum
1590 4387 1774 4433 autem
1806 4380 1957 4435 multi
2006 4380 2170 4435 etiam

593 4465 687 4520 alii
716 4481 837 4521 eam
879 4475 1133 4536 peterent
1169 4483 1199 4522 a
1223 4469 1565 4538 parentibus,
1599 4470 1731 4525 clari
1761 4473 1959 4541 opibus
1995 4481 2049 4528 et
2076 4487 2171 4543 ge-

596 4577 750 4625 nere,
784 4578 858 4617 ne
907 4563 984 4617 illi
1022 4564 1242 4634 quidem
1298 4566 1527 4621 omnino
1582 4568 1637 4622 in
1691 4570 1951 4625 omnibus
1996 4570 2174 4627 defuit

596 4654 826 4710 honesta
872 4657 1179 4713 excusatio.
1220 4656 1327 4712 Sed
1377 4660 1557 4727 specie
1603 4660 1824 4730 quidem
1874 4662 2174 4732 repellebat

594 4761 745 4811 eum,
793 4747 890 4818 qui
946 4762 1095 4803 nunc
1150 4748 1368 4804 volebat
1422 4748 1626 4805 ducere
1659 4767 1927 4821 uxorem;
1977 4768 2171 4811 revera

595 4853 729 4894 vero
756 4839 987 4895 omnino
1016 4841 1309 4895 recusabat
1344 4843 1779 4909 matrimonium,
1808 4854 1863 4900 et
1895 4844 2001 4901 hoc
2027 4855 2171 4914 erat,

586 4932 753 5003 cujus
801 4932 981 4988 solum
1039 4933 1224 4989 studio
1274 4934 1561 4991 tenebatur
1594 4976 1608 4999 ,
1665 4948 1862 5008 nempe
1910 4948 1966 4993 ut
2026 4948 2175 4995 esset

587 5035 767 5080 casta.
800 5027 900 5081 Sic
931 5041 1049 5091 vas,
1090 5026 1240 5097 quod
1272 5035 1390 5083 erat
1435 5031 1746 5099 speciosum
1783 5039 1841 5085 et
1879 5032 2168 5098 mundum,

588 5125 847 5185 paratum
881 5130 1001 5173 erat
1037 5119 1254 5176 scilicet
1292 5121 1358 5175 ad
1398 5120 1645 5176 divinum
1680 5133 2021 5194 unguentum
2048 5138 2174 5179 sus-

592 5209 936 5278 cipiendum.
980 5209 1277 5280 Propterea
1329 5212 1472 5266 bona
1533 5226 1699 5282 opera
1769 5214 1912 5268 bona
1953 5229 2177 5285 quoque

595 5298 733 5355 tiles
760 5316 887 5356 mox
925 5311 1013 5357 est
1057 5313 1358 5371 secuta,et
1405 5318 1540 5374 pura
1569 5306 1806 5360 accessit
1856 5308 1921 5361 ad
1974 5321 2174 5377 purum

598 5392 805 5449 fontem
838 5396 1078 5465 pietatis.
1108 5395 1203 5453 Rei
1232 5410 1419 5454 autem
1453 5400 1566 5453 lucc
1596 5399 1699 5454 fuit
1726 5401 1963 5457 occasio.

668 5485 760 5542 ΠΙ.
794 5487 955 5544 Venit
1005 5493 1056 5544 ei
1118 5490 1170 5544 in
1226 5506 1421 5546 manus
1474 5491 1625 5546 Pauli
1677 5491 1849 5546 divini
1907 5495 2177 5564 praeconis

596 5576 823 5633 divinus
853 5579 995 5635 liber
1031 5581 1404 5652 Epistolarum
1435 5627 1450 5647 ,
1497 5592 1554 5637 et
1596 5598 1721 5639 cum
1745 5581 1811 5637 ad
1844 5599 1908 5640 ea
1940 5600 2061 5655 qua:
2092 5585 2179 5640 di-

596 5670 883 5735 cebantur,
915 5672 1266 5743 intelligenda
1312 5684 1549 5729 mentem
1596 5689 1750 5729 suam
1787 5676 2089 5739 deﬁxisset,
2119 5684 2175 5730 et

580 5764 945 5842 .cognovisset
979 5781 1103 5824 vero
1131 5784 1299 5823 unum
1330 5784 1450 5826 esse
1498 5768 1689 5836 Deum,
1749 5770 1842 5840 qui
1890 5771 2019 5825 fecit
2067 5771 2170 5826 hoc

2196 4435 2251 4497 D

2278 3192 2614 3260 ἐνδοξότατος
2633 3191 2731 3261 τὴν
2771 3188 3054 3258 πολιτικὴν
3079 3188 3255 3258 ἀρχὴν
3279 3184 3647 3256 ἐμνηστεύετο
3694 3182 3859 3235 Ἀκυ-

2277 3281 2441 3349 λῖνος,
2460 3282 2664 3347 ύπατος
2683 3282 2759 3337 ὢν
2779 3283 3084 3353 τηνικαῦτα
3113 3281 3207 3335 καὶ
3227 3280 3401 3343 ἄλλως
3430 3279 3499 3335 τά
3531 3276 3720 3348 πμῖιτα
3744 3273 3856 3329 τῶν

2278 3376 2429 3446 παρὰ
2487 3375 2779 3446 Ῥωμαίοις
2838 3373 2978 3446 ἔχων
3030 3372 3390 3445 εὐπατριδῶν.
3452 3371 3606 3424 Ἐπεὶ
3634 3367 3764 3437 γοῦν
3799 3367 3854 3421 ot

2275 3470 2452 3537 γονεῖς
2496 3458 2812 3538 προσιόντες
2866 3463 3131 3535 ἠρώτων,
3160 3463 3208 3516 εί
3243 3462 3383 3516 κατὰ
3441 3459 3566 3514 νοῦν
3619 3462 3646 3513 ό
3674 3457 3855 3527 γάμος

2275 3561 2414 3631 αὐτῇ
2442 3560 2536 3614 καὶ
2561 3558 2789 3629 ἀρεστὸς
2811 3558 2839 3611 ό
2869 3556 3125 3626 νυμφίος,
3146 3553 3384 3608 ἐνταῦθα
3409 3551 3473 3624 δὴ
3498 3551 3594 3605 καὶ
3618 3551 3854 3621 μάλιστα

2278 3648 2521 3718 Εὐγενία
2544 3651 2645 3720 τῆς
2692 3647 2870 3718 ψυχῆς
2899 3646 3181 3714 εὐγενείας
3210 3644 3420 3697 ἐδείκνυ
3446 3644 3506 3697 τὺ
3555 3641 3850 3711 σύμϐολον.

2278 3741 2460 3795 Πάντα
2491 3740 2597 3811 γὰρ
2649 3739 2851 3810 μᾶλλον
2898 3739 3091 3793 παθεῖν
3117 3736 3462 3807 ὑπομένουσα
3499 3734 3533 3805 ἢ
3564 3732 3663 3804 τὴν
3692 3731 3854 3801 φίλην

2273 3836 2410 3908 αὐτῇ
2441 3833 2744 3905 παρθενίαν
2773 3828 3107 3888 ἀπώσασθαι
3134 3833 3227 3887 καὶ
3251 3829 3350 3903 τὴν
3380 3827 3607 3898 ἁγνείαν
3641 3825 3855 3881 άποϐαο

2270 3926 2407 3992 λείν,
2446 3923 2728 3997 σοφίζεται
2782 3925 2911 3988 τοὺς
2950 3924 3232 3987 τεκόντας.
3286 3923 3396 3975 Καὶ
3443 3921 3503 3973 τδ
3543 3920 3642 3989 μὲν
3698 3918 3855 3987 γένος

2274 4018 2465 4090 ἐπῄνει
2517 4018 2610 4070 τοῦ
2668 4016 2881 4088 ἀνδρὸς,
2913 4016 3002 4068 τὸν
3038 4016 3238 4087 τρόπον
3270 4014 3327 4067 δὲ
3359 4013 3582 4084 ἡττᾶτο,
3618 4010 3716 4064 καὶ
3746 4011 3849 4073 ὃτι,

2275 4116 2461 4184 φησὶν,
2506 4109 2749 4173 ἐκείνους
2796 4110 2880 4161 δεῖ
2928 4106 3003 4170 ὡς
3058 4108 3125 4160 τὰ
3154 4105 3324 4159 πολλὰ
3377 4102 3705 4172 ἐκλέγεσθαι
3744 4100 3855 4152 τῶν

2273 4205 2522 4274 νυμφίων
2548 4205 2598 4258 οἳ
2622 4204 2682 4256 τὸ
2708 4203 2867 4272 γένος
2896 4200 3163 4270 κοσμοῦσι
3189 4199 3411 4271 μᾶλλον,
3432 4198 3532 4267 οὐχ
3561 4197 3611 4250 οἳ
3641 4197 3728 4250 διά
3757 4192 3852 4247 τοῦ

2272 4298 2463 4363 γένους
2493 4296 2815 4366 κοσμεῖσθαι
2850 4294 3153 4364 βούλονται.
3208 4292 3425 4344 Πολλῶν
3462 4291 3519 4345 δὲ
3553 4291 3647 4343 καὶ
3677 4288 3855 4342 ἄλλων

2276 4386 2673 4458 ἐξαιτουμένων
2706 4386 2879 4457 αὐτὴν
2910 4385 3063 4456 παρὰ
3092 4384 3200 4438 τῶν
3235 4383 3504 4437 τεκόντων
3542 4380 3761 4451 πλούτῳ
3793 4396 3855 4433 τε

2276 4478 2544 4550 λαμπρῶν
2569 4480 2665 4532 καὶ
2700 4477 2778 4546 τῷ
2800 4478 2948 4546 γένει
2978 4475 3298 4546 περιφανῶν
3318 4474 3549 4536 οὐδόλως
3571 4472 3665 4527 ἐπὶ
3687 4471 3859 4525 πᾶσιν

2279 4568 2461 4640 ἐκείνη
2511 4565 2868 4637 εὐπροσώπου
2926 4564 3206 4635 ἠπόρησεν
3254 4564 3529 4634 ἀφορμῆς.
3586 4560 3751 4614 Ἀλλὰ
3775 4557 3858 4631 τῷ

2284 4660 2384 4731 μὲν
2409 4659 2584 4713 δοκεῖν
2616 4659 2709 4713 τὸν
2734 4659 2913 4728 γῆμαι
2958 4656 3055 4712 νῦν
3108 4657 3432 4727 βουλόμενον
3462 4654 3761 4719 ὰπωθεῖτο,
3786 4654 3857 4723 τῇ

2279 4752 2335 4805 δέ
2366 4751 2597 4823 ἀληθείᾳ
2648 4751 2741 4804 τὸν
2789 4751 2965 4820 γάμον
3018 4749 3153 4812 ὅλως
3201 4747 3519 4818 ἐξώμνυτοο
3556 4747 3655 4800 καὶ
3698 4745 3859 4801 τοῦτο

2284 4843 2445 4914 μόνον
2476 4844 2613 4914 αὐτῇ
2651 4842 2741 4896 διὰ
2768 4842 2960 4904 τέλους
2989 4837 3060 4913 ἦν
3084 4839 3349 4908 ἁγνεῦσαι
3388 4839 3453 4893 τὸ
3478 4837 3860 4907 στωυδαζμὸμε-

2280 4953 2389 4990 νον.
2423 4935 2578 4990 Οὐτω
2597 4936 2660 4989 τὸ
2690 4934 2883 4997 σκεῦος
2914 4932 3208 5004 εὐπρεπῶς
3229 4949 3289 4986 τε
3315 4931 3411 4986 καὶ
3450 4929 3710 5001 καθαρῶς
3734 4929 3860 4998 ἕχον

2280 5029 2496 5099 ῑτοιμον
2527 5024 2596 5100 ἦν
2648 5029 2729 5092 εις
2780 5026 3049 5099 ὑποδοχὴν
3077 5024 3174 5080 τοῦ
3223 5024 3369 5078 θείου
3421 5022 3624 5093 δηλαδὴ
3657 5022 3855 5091 μύρου.

2283 5121 2381 5175 Διὰ
2409 5121 2568 5175 τοῦτο
2617 5121 2711 5175 καὶ
2743 5120 2866 5174 ὅσον
2916 5119 3070 5174 οὐπω
3104 5121 3215 5183 τοῖς
3274 5119 3460 5181 καλοῖς
3489 5117 3672 5188 ἔργοις
3699 5119 3793 5168 καὶ
3824 5117 3859 5187 η

2282 5212 2463 5277 καλῶς
2483 5213 2680 5284 ἔχουσα
2707 5212 2887 5278 πίστις
2937 5211 3297 5283 ἐπηκολούθει
3346 5212 3443 5265 καὶ
3468 5211 3499 5280 ἡ
3528 5207 3748 5277 καθαρά
3782 5207 3861 5275 τῷ

2283 5307 2510 5379 καθαρῷ
2556 5308 2654 5377 τῆς
2701 5306 2983 5369 εὐσεϐείας
3015 5302 3249 5378 προσῄει
3277 5305 3435 5375 φωτί.
3489 5300 3777 5370 Πρόφασις
3800 5299 3860 5351 δι

2281 5401 2376 5456 τοῦ
2412 5402 2756 5471 πράγματος.

2355 5492 2428 5550 l".
2461 5489 2635 5547 Ἧκεν
2658 5497 2738 5553 είς
2764 5496 2950 5564 χεῖρας
2976 5494 3115 5565 αὐτῇ
3146 5490 3361 5546 Παύλου
3392 5491 3486 5545 τοῦ
3516 5491 3662 5545 θείου
3688 5492 3789 5560 id”
3802 5506 3861 5542 υ-

2284 5603 2378 5650 κος
2407 5589 2441 5657 ἡ
2471 5585 2590 5639 θεία
2614 5586 2723 5639 τῶν
2762 5585 3094 5639 Ἐπιστολῶν
3143 5585 3345 5656 βίϐλος,
3401 5587 3495 5639 καὶ
3548 5586 3613 5655 τῇ
3651 5581 3863 5654 διανοίᾳ

2282 5680 2390 5731 τῶν
2430 5679 2600 5746 λόγων
2630 5678 2888 5749 ἐρείσασα
2918 5679 3018 5752 τὴν
3069 5678 3249 5749 ψυχὴν
3277 5682 3371 5733 καὶ
3424 5676 3631 5746 γνοῦσα
3663 5677 3748 5731 δτι
3779 5670 3862 5738 εἷς

2281 5770 2411 5834 Θεός
2443 5770 2591 5825 ἐστιν
2618 5769 2842 5842 ἀληθὴς,
2880 5771 2908 5825 ό
2937 5771 2997 5826 τὸ
3030 5772 3139 5827 πᾶν
3166 5770 3323 5826 τοῦτο
3348 5768 3684 5842 πεποιηκὼς,
3704 5785 3857 5823 πεοι-
