4122 6380
345 322 451 387 613

1475 331 1945 395 MARTYRIUM
1986 335 2047 397 Β.
2087 337 2474 403 EUGENI/E.

3485 348 3595 414 61$

341 435 620 504 λάμπεται
662 434 763 507 μὲν
792 434 991 491 αὐτίκα
1022 438 1115 493 τὸν
1143 440 1289 508 νοῦν,
1337 440 1431 496 an
1462 443 1557 496 καὶ
1607 447 1670 499 ἐκ
1724 447 1904 500 πολλοί

2025 449 2362 515 universum,
2406 463 2588 509 mente
2639 454 2860 525 quidem
2906 454 3093 512 statim
3140 454 3498 522 illuminatur.
3533 472 3595 520 ut

339 522 531 583 τοῦτον
561 524 944 601 καθηραμένη.
999 531 1138 586 κατά
1168 534 1344 606 ψυχὴν
1395 533 1451 588 δὲ
1474 534 1535 590 τό
1582 554 1645 606 γε
1673 536 1767 591 νῦν
1794 536 1919 610 ἔχον

338 617 415 689 τῷ
439 617 664 690 Χριστῷ
701 620 1044 677 πιστεύσασα
1094 625 1152 678 ἐν
1190 626 1268 697 τῷ
1314 628 1533 699 φανερῷ
1564 628 1661 699 τὴν
1691 629 1800 686 τῶν
1827 649 1917 686 τε-

340 707 546 763 κόντων
576 710 783 764 λύσσαν
814 712 1200 769 ὃποσλέπουσα
1233 712 1327 789 ἦν.
1410 718 1565 772 Ἐπεὶ
1598 720 1655 775 δὲ
1689 720 1781 775 καὶ
1817 720 1916 792 βα-

342 800 535 866 σιλέως
569 802 762 871 ἐφοίτα
791 804 1120 875 πρόσταγμα
1154 806 1258 875 ἔξω
1287 810 1482 880 τειχῶν
1502 812 1629 875 τοὺς
1651 811 1917 883 Χριστια-

338 893 462 955 νοὺς
489 894 742 964 ἔξωθοΰν,
764 898 859 951 καὶ
882 899 910 951 ὀ
943 896 1180 969 ἔπαρχος
1202 900 1302 974 ἤδη
1326 896 1487 972 ἔργου
1510 903 1735 973 ἥπτετο,
1752 903 1915 976 αὕτη,

342 982 639 1056 γλιχομένη
695 988 837 1042 κατὰ
873 988 1075 1061 πολλὴν
1107 992 1291 1046 ἄδειαν
1352 994 1696 1064 Χριστιανῶν
1727 1013 1787 1050 τε
1821 997 1916 1051 καὶ

340 1076 441 1145 τῆς
474 1077 701 1130 ἐκείνων
729 1078 1036 1135 ἀπολαῦσαι
1067 1080 1441 1151 διδασκαλίας,
1477 1087 1778 1155 σκήπτεται
1814 1090 1916 1158 μὲν

338 1167 449 1221 τῶν
477 1169 537 1221 δν
564 1170 757 1239 άγροίς
789 1171 951 1244 χάριν
977 1175 1214 1245 χαρίτων
1249 1177 1345 1231 καὶ
1378 1170 1477 1248 τῆς
1516 1179 1726 1236 ἐκεῖθεν
1756 1182 1915 1236 εὐαε-

341 1260 466 1328 ρίας
487 1261 806 1332 ἐκχωρῆσαι
838 1265 938 1334 τῆς
985 1268 1196 1331 πόλεως
1226 1269 1317 1321 καὶ
1349 1268 1447 1341 τὴν
1467 1270 1644 1344 ψυχὴν
1677 1274 1915 1344 μετρίως

340 1351 449 1405 τῶν
478 1353 578 1421 τῆς
598 1354 849 1419 παιδείας
881 1358 1181 1425 φροντίδων
1222 1360 1431 1415 ἀνεῖναι
1455 1379 1470 1395 ο
1513 1362 1634 1417 ἐπεὶ
1665 1364 1721 1419 δὲ
1749 1367 1799 1418 οί
1829 1382 1915 1419 τε-

340 1441 528 1506 κόντες
560 1444 712 1500 οὐδὲν
735 1446 1134 1514 ὑποπτεύοντες
1169 1451 1402 1522 ἐφῆκαν,
1461 1456 1694 1526 ἑτοίμως
1714 1455 1914 1523 ἔξεισιν

338 1532 419 1594 εἰς
446 1531 550 1596 τὰς
578 1533 792 1604 κώμας.
825 1538 1042 1608 Χωρίον
1071 1539 1128 1593 δέ
1174 1558 1227 1595 τι
1265 1542 1646 1599 καταλαϐοῦσα
1675 1547 1771 1599 καὶ
1812 1565 1913 1617 μο-

337 1627 524 1695 ναχοῖς
554 1625 614 1679 εν
646 1643 710 1696 γε
743 1628 918 1700 τούτῳ
945 1633 1314 1702 περιτυχοῦσα
1365 1635 1582 1701 πολλοῖς
1615 1655 1676 1692 τε
1704 1641 1797 1692 καὶ
1823 1654 1914 1694 κο-

340 1716 525 1785 σμίοις
563 1719 659 1772 καὶ
695 1719 819 1775 λίαν
843 1721 1126 1788 εὐτάκτως
1156 1723 1340 1797 ᾅδουσι
1383 1725 1484 1797 τῆς
1523 1730 1676 1800 ἱερᾶς
1698 1732 1913 1802 ἐκείνης

335 1808 526 1862 ἀκούει
555 1813 740 1883 φωνῆς
759 1829 776 1846 ο
810 1831 830 1865 ι
859 1814 1069 1881 Πάντες
1096 1817 1145 1871 οί
1167 1816 1282 1872 θεοὶ
1303 1819 1413 1873 τῶν
1442 1820 1613 1877 ἐθνῶν
1635 1823 1906 1895 δαιμόνια.

347 1898 407 1951 '0
431 1899 489 1953 δὲ
518 1902 728 1972 Κύριος
749 1905 874 1968 τοὺς
897 1907 1162 1979 οὐρανοὺς
1193 1909 1438 1981 ἐποίησε.
1470 1930 1489 1964 ι
1526 1912 1700 1967 Τοῦτο
1726 1916 1909 1987 ἐκείνη

334 1991 623 2049 ἀκούσασα
650 1997 743 2048 καὶ
769 1995 960 2068 ῶσπερ
987 2000 1077 2054 ἐπὶ
1102 2003 1169 2072 τῇ
1208 2004 1449 2075 πατρικῇ
1484 2004 1661 2080 πλάνῃ
1686 2004 1913 2075 βαθείας

333 2083 600 2157 αἰσχύνης
651 2087 1061 2160 ὑποπλησθεϊσα
1107 2094 1355 2159 στενάζει
1410 2096 1511 2166 μὲν
1557 2099 1623 2152 εκ
1675 2099 1908 2171 καρδίας

335 2176 639 2244 περιπαθές
664 2196 714 2232 τι
739 2180 839 2234 καὶ
876 2181 1082 2252 βύθιον.

410 2362 479 2414 Δ⁹.
516 2363 829 2434 Στραφείσα
857 2366 915 2421 δὲ
966 2369 1104 2440 πρὸς
1157 2370 1284 2435 τοὺς
1319 2371 1689 2447 ἑφεπομένους
1723 2377 1908 2435 εὐνού-

332 2470 483 2524 χους,
540 2451 615 2515 ὧν
643 2458 673 2509 ό
702 2448 800 2528 μὲν
856 2450 1139 2530 Πρωτέας,
1168 2461 1196 2514 ὁ
1225 2463 1281 2518 δὲ
1325 2464 1609 2530 Ὑάκινθος
1641 2470 1905 2536 ἐκαλεῖτο,

332 2545 508 2613 λόγων
533 2547 590 2601 δὲ
621 2544 767 2602 οὗτοι
799 2551 978 2618 σοφῶν
1011 2553 1105 2606 καὶ
1125 2555 1448 2626 φιλοσοφίας
1480 2560 1707 2632 ἐπήκοοι
1729 2604 1744 2630 ,
1774 2563 1907 2620 Οἶδα

336 2636 436 2706 μὲν
459 2637 626 2708 ὑμᾶς,
665 2639 791 2710 ἔφη,
825 2644 921 2695 καὶ
948 2640 1205 2710 παιδείας
1251 2648 1673 2717 ἀπολαύσαντας
1704 2655 1907 2722 ἱκανῶς

334 2730 433 2783 καὶ
455 2728 691 2801 δόγμασι
741 2735 1136 2806 περιτυχόντας
1165 2741 1345 2808 σοφῶν
1373 2742 1475 2797 ὅσα
1519 2762 1577 2798 τε
1610 2747 1907 2819 Σωκράτης

332 2821 429 2871 καὶ
489 2822 885 2896 Ἀριστοτέλης
942 2828 1039 2881 καὶ
1089 2824 1319 2885 Πλάτων
1343 2835 1437 2888 καὶ
1468 2834 1503 2905 ἡ
1556 2838 1904 2911 περιώνυμος

329 2911 519 2981 ἐξῆλθε
549 2915 702 2979 στοὰ,
744 2917 780 2987 ἢ
808 2933 869 2970 τε
910 2918 1019 2973 τῶν
1060 2912 1454 2994 Ἐπικουρείων
1484 2927 1612 2992 δόξα
1662 2932 1906 3002 παρέδω-

274 3007 282 3015 ’
330 3020 446 3070 κεν,
479 3006 685 3076 ὁμοίως
705 3009 759 3063 δὲ
795 3011 891 3064 καὶ
912 3014 1155 3082 ποιητῶν
1183 3015 1361 3071 ἄλλων
1389 3022 1483 3072 καὶ
1519 3023 1789 3091 σοφιστῶν
1810 3026 1905 3079 καὶ

2020 557 2143 613 quae
2173 558 2294 598 eam
2334 545 2426 600 diu
2467 554 2591 603 ante
2635 547 2862 604 haberet
2922 559 3204 620 purgatam
3230 590 3246 616 ,
3298 562 3363 608 et-
3406 564 3595 624 parata

2019 648 2165 694 esset
2220 639 2289 694 ad
2342 641 2587 697 divinum
2644 640 2908 713 Spiritum
2965 642 3397 715 suscipiendum.
3455 646 3593 701 Cum

2021 740 2206 784 autem
2239 731 2295 785 in
2326 734 2615 803 praesentia
2649 742 2832 789 mente
2880 734 3100 790 Christo
3144 736 3506 801 credidisset,
3537 738 3582 792 ir

2021 831 2211 892 aperto
2243 833 2534 893 parentum
2566 841 2792 881 suorum
2821 826 2962 882 celat
2995 828 3260 881 furorem.
3292 828 3583 900 Postquam

2021 929 2149 968 vero
2204 914 2356 970 venit
2410 916 2695 972 decretum
2750 918 3138 988 imperatoris,
3196 929 3349 976 extra
3404 933 3580 980 muro!

2017 1002 2294 1073 expellens
2324 1003 2685 1070 Christianos,
2714 1016 2768 1060 et
2796 1003 3086 1077 prmfectus
3117 1007 3220 1062 hoc
3247 1008 3359 1077 jam
3394 1025 3584 1081 aggre-

2017 1093 2287 1157 diebatur.
2341 1095 2458 1167 ipsa
2504 1095 2826 1153 desiderans
2872 1115 3065 1154 secure
3108 1099 3213 1154 frui
3260 1099 3589 1156 Christianis

2015 1196 2070 1241 et
2103 1202 2294 1241 eorum
2343 1186 2593 1243 doctrina
2620 1229 2636 1255 ,
2668 1187 2825 1261 tingit
2863 1191 3084 1261 quidem
3110 1232 3125 1256 ,
3158 1206 3217 1246 se
3250 1202 3308 1247 ut
3338 1208 3466 1245 rure
3500 1208 3590 1247 re-

2016 1276 2207 1342 creet,
2248 1280 2302 1333 et
2351 1279 2493 1333 bona
2540 1277 2755 1334 fruatur
2802 1282 2947 1337 aeris
2997 1283 3281 1352 temperie,
3322 1286 3592 1339 excedere

2015 1384 2046 1426 e
2074 1369 2292 1425 civitate
2314 1412 2329 1433 .
2383 1379 2438 1425 et
2467 1379 2527 1424 ut
2573 1386 2766 1441 parum
2803 1374 3010 1428 relaxet
3039 1374 3282 1428 animum
3317 1389 3346 1428 a
3389 1376 3590 1431 studiis

2014 1461 2294 1517 doctrina:
2328 1464 2622 1533 Postquam
2645 1460 2827 1519 autem
2854 1465 2987 1519 nihil
3011 1466 3272 1536 suspicati
3308 1477 3585 1538 parentes,

2014 1570 2132 1610 eam
2185 1555 2343 1610 facile
2394 1555 2745 1619 dimiserunt,
2799 1556 3082 1626 egreditur
3119 1559 3170 1612 in
3224 1558 3397 1614 vicos.
3446 1558 3583 1613 Cum

2017 1645 2254 1700 venisset
2290 1654 2471 1701 autem
2524 1647 2578 1701 in
2615 1647 2892 1718 quoddam
2947 1648 3254 1719 prmdium.
3309 1658 3363 1705 et
3415 1650 3467 1705 in
3518 1664 3586 1705 eo

2015 1735 2294 1791 incidisset
2328 1736 2381 1791 in
2432 1737 2638 1792 multos
2688 1738 2986 1793 monachos
3017 1740 3172 1795 valde
3218 1741 3498 1804 honestos,
3532 1748 3589 1793 et

2012 1816 2307 1884 numerose
2376 1837 2689 1895 canentes,
2754 1830 2907 1884 audit
2973 1841 3378 1887 sacrosanctam
3436 1831 3585 1886 illam

2010 1934 2199 1975 vocem
2240 1939 2253 1975 :
2297 1940 2315 1973 ι
2352 1920 2553 1977 Omnes
2591 1922 2665 1977 dii
2692 1924 2934 1993 gentium
2967 1920 3235 1978 daemonia
3267 1934 3285 1978 :‘
3316 1923 3588 1979 Dominus

2010 2019 2191 2066 autem
2244 2013 2412 2068 ccelos
2443 2010 2635 2068 fecit‘.
2669 2031 2687 2065 ι
2727 2012 2841 2068 Hoc
2870 2030 2994 2069 cum
3045 2015 3137 2069 illa
3183 2016 3446 2070 audii‘sset
3472 2055 3486 2077 .
3528 2022 3586 2070 et

2012 2112 2269 2174 tanquam
2294 2105 2364 2159 ub
2382 2115 2665 2176 parentum
2687 2122 2933 2162 errorem
2958 2108 3168 2177 pudore
3181 2108 3398 2177 perfusa
3416 2115 3582 2172 esset,

2009 2196 2379 2253 miserabilem
2410 2198 2632 2268 quidem
2667 2208 2723 2255 et
2753 2199 3084 2271 profundum
3115 2215 3144 2254 e
3178 2199 3344 2255 corde
3375 2199 3584 2255 emittit

2007 2290 2291 2360 gemitum.

2080 2383 2171 2439 1V.
2205 2382 2482 2441 Conversa
2512 2399 2640 2439 vero
2678 2384 2745 2440 ad
2776 2384 3082 2448 eunuchos,
3107 2385 3202 2455 qui
3232 2399 3351 2439 eam
3382 2398 3578 2455 seque-

2009 2471 2233 2539 bantur,
2282 2488 2520 2544 quorum
2557 2469 2702 2528 unus
2747 2474 2969 2544 quidem
3011 2476 3312 2531 vocabatur
3366 2476 3583 2539 Protas,

2007 2565 2146 2621 alter
2181 2574 2363 2621 autem
2399 2564 2740 2639 Hyacinthus
2802 2567 3157 2636 (audiverant
3199 2582 3333 2624 vero
3365 2568 3403 2623 ii
3445 2584 3586 2638 quo-

2007 2674 2113 2730 que
2168 2661 2756 2732 philosoplilam),Vos
2795 2663 3018 2733 quidem
3075 2665 3210 2731 scio,
3271 2664 3470 2734 inquit,
3525 2663 3585 2719 in

2006 2751 2310 2821 disciplinis
2348 2753 2483 2807 satis
2520 2768 2640 2808 esse
2689 2763 2936 2810 versatos
2962 2793 2977 2819 ,
3032 2764 3086 2811 et
3127 2753 3582 2825 philosophorum

2006 2844 2319 2914 percepisse
2356 2844 2648 2916 dogmata,
2692 2858 2815 2916 quas
2865 2843 3121 2901 Socrates
3167 2854 3222 2900 et
3261 2842 3585 2900 Aristoteles

2005 2944 2061 2990 et
2097 2935 2274 3002 Plato,
2302 2944 2355 2992 et
2382 2938 2529 2992 clara
2569 2938 2735 2992 tradit
2767 2936 3077 2993 Stoicorum
3110 2944 3281 3001 secta,
3309 2944 3365 2991 et
3393 2937 3584 3007 opinio

2007 3022 2400 3093 Epicureorum
2453 3045 2466 3081 :
2520 3027 2776 3082 similiter
2824 3034 3008 3082 autem
3067 3026 3301 3081 aliorum
3362 3040 3582 3097 quoque

326 3098 440 3152 ὅσοι
470 3099 570 3166 τὴν
603 3100 713 3153 τῶν
757 3103 928 3157 ὄντων
975 3106 1205 3177 αὕχοῦσι
1257 3109 1462 3177 γνῶσιν
1516 3112 1619 3166 οὐκ
1677 3114 1904 3181 ἀμαθῶς

2009 3120 2382 3190 saphistarum
2413 3126 2469 3174 et
2500 3130 2812 3189 poetarum,
2844 3128 2900 3174 et
2929 3120 3246 3189 quicunque
3273 3119 3581 3189 gloriantur

326 3189 573 3260 ἔχοντας.
610 3192 751 3246 Ἴστε
780 3192 915 3262 γοῦν
937 3188 1011 3260 ὡς
1040 3197 1211 3251 ταῦτα
1245 3199 1422 3254 πάντα
1473 3190 1769 3273 μυθολογία
1801 3222 1899 3259 σα-

326 3284 434 3353 φὴς
462 3286 557 3339 καὶ
589 3285 886 3358 πιθανότης
913 3290 1367 3362 παρακρούεσθαι
1398 3294 1527 3358 τοὺς
1547 3296 1776 3361 πολλοὺς
1801 3298 1897 3352 δυ-

326 3377 557 3447 ναμένη.
618 3379 779 3460 Ἆλλὲ
813 3381 909 3434 καὶ
946 3382 1058 3435 τῶν
1097 3384 1235 3452 μέγα
1272 3387 1403 3456 περὶ
1435 3388 1538 3460 τὴν
1564 3391 1766 3458 γνῶσιν
1801 3394 1899 3447 ab.

321 3466 562 3538 χούντων
599 3458 865 3537 Ἑλλήνων
886 3472 934 3524 οἱ
958 3474 1059 3541 μὲν
1090 3473 1200 3526 οὐδ’
1229 3474 1366 3540 ὅπως
1401 3458 1553 3532 εἷπον
1581 3476 1720 3535 εἶναι
1743 3482 1895 3549 Θεὸν,

320 3562 372 3614 oi
398 3560 456 3612 δὲ
488 3554 715 3625 πολλοῦς
744 3559 885 3619 εἶναι
916 3566 1168 3636 μείζονας
1204 3569 1300 3622 καὶ
1326 3569 1616 3635 ἐλάττονας
1640 3574 1895 3645 ἔιδοκίμα⁶

322 3665 448 3707 σαν.
484 3648 646 3708 οὗτοι
667 3655 801 3723 γοῦν
835 3659 916 3739 ἐνὶ
943 3659 1120 3731 τούτῳ
1167 3661 1365 3726 πάντες
1415 3663 1773 3736 ἐκκρούονται
1808 3670 1899 3740 ρή-

325 3761 479 3814 ματι,
525 3745 606 3816 τῷ
659 3766 679 3829 ι
710 3738 922 3812 Πάντες
943 3753 990 3804 oi
1024 3751 1138 3806 θεοὶ
1174 3740 1281 3807 τῶν
1331 3755 1502 3809 ὲθνῶν
1556 3757 1836 3829 δαιμόνια.
1864 3738 1891 3814 ⁷ι

327 3835 483 3890 Ἔστι
513 3839 620 3909 γὰρ
647 3827 745 3908 τῆς
775 3842 1071 3905 πολυθεΐας
1101 3838 1371 3918 παντελὴς
1396 3827 1700 3917 ἀναίρεσις,
1738 3852 1812 3904 Τὸ
1840 3852 1896 3906 δὲ

330 3948 350 3981 ι
382 3930 586 3999 Κύριος
605 3932 731 3996 τοὺς
751 3933 1013 4004 ούρανοῦς
1036 3936 1260 4006 ἑποίήσε
1288 3958 1305 3990 ι
1326 3938 1486 3993 τοῦτο
1502 3939 1564 4009 δὴ
1597 3945 1897 4014 μοναρχίαν

323 4020 571 4090 ἀκριϐῶς
617 4023 928 4091 ἀντεισάγει
983 4026 1075 4078 καὶ
1122 4027 1217 4079 τὸν
1247 4029 1426 4080 κοινὸν
1450 4029 1589 4099 ἡμῖν
1615 4031 1898 4101 Δεσπότην

323 4114 603 4184 γνώριμον
628 4112 882 4185 καθιστᾷ.
915 4117 1133 4187 Συνῳδὰ
1160 4117 1217 4171 δὲ
1246 4120 1456 4182 τούτοις
1478 4124 1571 4175 καὶ
1599 4122 1898 4186 ἀπόστολος

322 4207 626 4274 εξσηγετται
682 4206 913 4270 Παῦλος.
982 4209 1280 4278 Ἐπάγεται
1315 4212 1425 4282 γάρ
1482 4229 1549 4283 με
1582 4215 1677 4266 καὶ
1703 4214 1895 4267 τούτου

320 4294 390 4347 τὰ
437 4294 682 4367 ῥήματα,
713 4294 749 4348 ἃ.
796 4296 924 4366 χθὲς
974 4298 1070 4351 καὶ
1100 4298 1290 4370 πρώην
1336 4302 1572 4372 ἐπῆλθον
1604 4303 1766 4373 αὐτὴ,
1803 4302 1897 4357 ἕνα

321 4383 433 4435 τῶν
453 4387 673 4440 πάντων
698 4384 838 4441 εἰναι
887 4389 1253 4458 διασαφοῦντα
1282 4390 1435 4447 Θεόν.
1464 4389 1561 4459 Οἷς
1611 4394 1702 4448 καί
1734 4396 1896 4465 ἡμεῖς

321 4476 624 4545 πειθόμεθα
646 4481 785 4533 πολὺ
820 4474 880 4534 τὸ
915 4478 1216 4553 περιφανὲς
1247 4485 1343 4537 καὶ
1394 4482 1709 4552 ἀξιόπιστον
1737 4484 1895 4556 ἔχου-

324 4580 433 4634 σιν,
451 4569 549 4623 am
576 4569 686 4624 ἀπδ
712 4572 821 4627 τῶν
845 4574 1027 4642 ἔργων
1047 4575 1145 4638 τὰς
1171 4574 1381 4631 ἑαυτῶν
1418 4577 1628 4642 πίστεις
1656 4596 1730 4632 πα
1740 4594 1897 4648 ρεχο-

325 4660 532 4732 μένοις.
1288 4672 1299 4683 ’

392 4846 850 4921 Ε’.Βουλομᾶνοις
894 4846 988 4907 οὖν
1020 4853 1147 4919 ὑμῖν
1182 4852 1401 4925 ἕτοιμος
1427 4855 1527 4926 τῆς
1558 4855 1834 4927 σωτηρίας
1867 4858 1896 4911 ὁ

321 4941 521 5011 τρόπος
563 4945 658 4994 καὶ
686 4943 978 5015 εὐτρεπής.
1019 4946 1162 5014 Ἐγὼ
1187 4946 1243 4999 δὲ
1272 4947 1399 5017 ὑμίν
1422 4948 1521 5018 οὐχ
1540 4948 1615 5011 ὡς
1642 4948 1897 5004 δέσποινα

322 5032 402 5085 ἔτι
433 5031 961 5103 προσενεχθήσομαι,
1002 5032 1121 5089 ἀλλ’
1150 5035 1441 5105 ὀμόδουλος
1474 5038 1674 5109 ἔσομαί
1707 5056 1767 5093 τε
1802 5041 1897 5094 καὶ

322 5121 547 5192 ἀδελφὴ,
581 5124 704 5180 ἐπεὶ
745 5130 842 5180 καὶ
892 5126 1071 5181 κοινὸν
1097 5128 1376 5199 Δεσπότην
1408 5128 1504 5183 κα)⁵
1534 5130 1753 5204 Πατέρα
1773 5132 1897 5198 εξο-

326 5232 426 5286 μεν
453 5219 546 5273 τὸν
567 5220 722 5275 Θεόν.
754 5223 885 5276 ’Δτε
916 5220 1045 5290 γοῦν
1079 5221 1341 5292 ποιμένος
1376 5221 1493 5287 ἑνὸς
1521 5223 1673 5288 ὄντες
1698 5227 1792 5278 καὶ
1823 5224 1897 5289 ὡς

324 5310 557 5379 ἀδελφοὶ
576 5313 639 5367 τδ
660 5313 721 5367 ἓν
756 5315 1016 5378 πνέοντες
1056 5318 1211 5386 κοινῇ
1252 5313 1446 5388 γνώμῃ
1468 5317 1608 5387 πρὸς
1637 5319 1899 5390 Χριστια-

2005 3226 2064 3266 se
2090 3224 2201 3265 non
2233 3226 2353 3266 esse
2398 3210 2619 3281 ignaros
2673 3227 2863 3267 eorum
2897 3226 3017 3281 quae
3051 3217 3181 3265 sunt
3226 3211 3574 3279 c0gnitionis.

2002 3300 2201 3357 Sciatis
2247 3315 2376 3369 ergo
2419 3300 2537 3356 haec
2576 3301 2756 3355 omnia
2800 3310 3020 3371 apertas
3053 3316 3175 3356 esse
3219 3301 3474 3365 fabulas,
3522 3309 3580 3356 et

2002 3395 2139 3450 nihil
2204 3394 2394 3458 aliud,
2448 3409 2613 3464 quam
2682 3394 3167 3466 probabilitatem,
3223 3409 3346 3464 quae
3401 3402 3579 3465 potest

2000 3488 2205 3542 multos
2233 3484 2535 3555 -decipere.
2588 3488 2766 3556 Atque
2804 3485 3119 3541 Graecorum
3155 3486 3379 3556 quidem
3408 3528 3421 3549 ,
3476 3485 3573 3555 qui

2000 3590 2060 3634 se
2091 3576 2158 3632 de
2192 3590 2293 3631 sua
2325 3576 2480 3631 valde
2514 3576 2728 3647 iactant
2758 3576 3007 3631 doctrina
3028 3610 3044 3641 ,
3080 3575 3171 3631 ali
3210 3589 3311 3629 nec
3343 3578 3572 3628 omnan

1998 3682 2124 3724 esse
2169 3668 2342 3721 Deum
2373 3705 2389 3730 ,
2435 3666 2526 3720 alii
2564 3681 2694 3721 vero
2741 3664 2944 3720 multos
2992 3680 3113 3719 esse
3158 3672 3215 3719 et
3256 3664 3489 3735 majores
3519 3670 3576 3717 et

1999 3761 2242 3815 minores
2289 3766 2642 3827 putaverunt.
2714 3756 2781 3812 Hi
2836 3772 2966 3812 vero
3018 3768 3214 3812 omnes
3290 3772 3401 3811 uno
3467 3756 3578 3811 hoc

2002 3850 2166 3904 verbo
2209 3846 2577 3902 exeluduntur
2620 3863 2637 3903 :
2692 3846 2936 3902 «Omnes
2982 3844 3058 3901 dii
3094 3848 3340 3916 gentium
3370 3847 3578 3899 daemo-

1999 3940 2110 3994 nia.
2148 3957 2168 3990 ι
2199 3936 2292 3991 Est
2321 3939 2467 3991 enim
2503 3938 2802 4006 impietatis
2834 3939 2947 3991 haec
2976 3936 3292 4006 perfectaet
3321 3934 3573 3989 absoluta

1998 4030 2220 4086 deletio.
2258 4028 2394 4083 Illud
2430 4036 2636 4093 autem,
2685 4046 2704 4080 ι
2736 4028 2996 4082 Dominus
3035 4036 3218 4082 autem
3258 4026 3431 4081 caelos
3476 4025 3573 4080 fe-

1999 4123 2095 4184 cit,
2129 4140 2148 4172 ι
2176 4121 2282 4177 hoc
2309 4134 2479 4175 unum
2524 4128 2712 4188 aperte
2748 4120 2917 4173 Deum
2942 4119 3179 4183 inducit,
3224 4120 3283 4173 'et
3319 4131 3572 4171 commu-

1998 4226 2125 4267 nem
2184 4217 2434 4266 nostrum
2493 4208 2782 4281 Dominum
2830 4200 3010 4264 reddit
3052 4209 3216 4264 nobis
3266 4208 3568 4278 cognitum.

1999 4306 2096 4361 His
2135 4303 2519 4360 convenientia
2570 4302 2739 4358 tradit
2778 4302 2945 4357 etiam
3010 4301 3299 4373 apostolus
3342 4300 3571 4356 Paulus.

2000 4397 2272 4452 inducunt
2318 4394 2466 4450 enim
2499 4408 2585 4448 me
2630 4404 2852 4465 quoque
2893 4395 3014 4465 ejus
3048 4393 3256 4457 ’νει-δι,
3287 4407 3410 4463 qua:
3452 4394 3573 4463 ipsa

2000 4492 2119 4548 heri
2155 4490 2260 4560 legi
2294 4498 2351 4544 et
2376 4487 2581 4543 nudius
2632 4487 2873 4550 tertius,
2919 4502 3041 4557 quae
3069 4485 3355 4542 declarant
3401 4500 3573 4540 unum

1998 4594 2121 4641 esse
2148 4584 2319 4638 Deum
2351 4582 2763 4635 universorum.
2788 4579 3003 4646 Quibus
3042 4594 3143 4635 nos
3188 4588 3412 4649 quoque
3455 4593 3575 4633 cre-

1998 4676 2183 4730 dimus
2219 4680 2282 4729 ut
2323 4688 2448 4744 qua:
2490 4674 2603 4729 sint
2653 4671 2809 4726 valde
2832 4672 2983 4728 clara
3008 4664 3071 4727 iet
3118 4671 3231 4726 ﬁde
3263 4672 3424 4743 digna
3450 4710 3467 4736 ,
3510 4680 3575 4726 ct

1996 4782 2120 4838 quae
2154 4767 2312 4822 iidem
2354 4765 2558 4820 iaciant
2590 4779 2660 4819 ex
2691 4764 2827 4833 ipsis
2853 4763 3135 4834 operibus.

2070 4859 2137 4914 V.
2183 4858 2350 4913 Vobis
2374 4866 2529 4928 ergo.
2560 4856 2607 4911 si
2645 4856 2851 4923 velitis,
2883 4865 3173 4928 promptus
3202 4862 3289 4910 est
3315 4862 3373 4909 et
3408 4868 3578 4923 expe-

2002 4952 2153 5007 ditus
2196 4948 2394 5005 modus
2436 4948 2653 5004 salutis.
2696 4948 2811 5018 Ego
2843 4954 3027 5002 autem
3058 4960 3169 5001 non
3218 4959 3305 5000 me
3335 4943 3575 5013 amplius

2002 5045 2059 5099 in
2105 5058 2204 5098 vos
2238 5056 2426 5113 geram
2488 5048 2750 5111 tanquam
2795 5040 3100 5101 dominam,
3157 5036 3257 5091 sed
3307 5051 3572 5091 conserva

2002 5150 2099 5191 ero
2128 5142 2186 5189 et
2226 5146 2409 5187 soror.
2453 5131 2816 5188 Communem
2851 5130 3002 5186 enim
3038 5131 3334 5185 Dominum
3382 5135 3439 5180 et
3474 5127 3573 5179 Pa-

2000 5238 2141 5285 trem
2172 5226 2507 5282 habebimus
2544 5226 2740 5279 Deum.
2784 5224 2857 5280 Ut
2897 5224 2993 5293 qui
3037 5237 3169 5291 ergo
3200 5219 3378 5275 simus
3407 5216 3572 5271 unius

1996 5320 2268 5393 pastoris,
2325 5328 2385 5374 et
2442 5328 2706 5389 tanquam
2754 5316 2966 5371 fratres
3024 5326 3199 5369 urnam
3258 5310 3574 5379 spirantes,

323 5401 449 5465 νοὺς
471 5403 841 5475 ἔλευσόμεθα·
877 5407 1062 5461 ἀκούω
1084 5408 1196 5477 τάρ
1220 5408 1328 5461 καὶ
1369 5407 1568 5479 Ἑλένῳ
1595 5412 1701 5464 τινὶ
1731 5427 1903 5481 φρονο

2006 5410 2277 5468 communi
2307 5410 2581 5465 sententia
2616 5408 2907 5462 veniemus
2930 5404 3004 5458 ad
3038 5404 3415 5459 Christianos.
3457 5399 3572 5454 Au-

322 5495 609 5563 τιστήριον
642 5496 894 5550 ἐνταυθοί
921 5496 1235 5566 γενόμενον,
1266 5499 1515 5555 κάκεῖνον
1546 5501 1646 5569 μὲν
1672 5501 1761 5584 διά
1798 5502 1898 5571 μέ-

324 5582 487 5652 γεθος
538 5586 741 5657 ἀρετῆς
800 5587 892 5641 τὸν
926 5588 1025 5659 τῆς
1053 5588 1360 5661 ἐπισκοπῆς
1388 5591 1650 5664 ἀναῦῆναι
1684 5582 1896 5665 θρόνον,

404 5744 421 5775 ³
472 5744 611 5800 t‘sal.
652 5762 769 5811 xcv,
802 5748 854 5803 5.

1996 5505 2089 5560 dio
2109 5505 2258 5559 enim
2293 5518 2321 5555 a
2352 5502 2592 5570 quodam
2627 5499 2834 5553 Heleno
2861 5498 2952 5551 hic
2983 5497 3187 5551 factum
3222 5510 3345 5550 esse
3374 5507 3566 5547 mona-

1997 5593 2252 5657 sterium,
2293 5602 2347 5647 et
2378 5594 2534 5647 illum
2576 5591 2800 5661 quidem
2849 5600 3071 5661 propter
3094 5587 3320 5643 virtutis
3357 5581 3569 5656 magni—
