4122 6380
478 287 610 372 ,615

1727 277 1881 337 MEN
1893 279 2008 336 SlS
2046 279 2473 338 DELlLMBER.

3663 284 3771 347 515

503 399 755 455 tudinem
789 395 1103 452 ascendisse
1126 393 1357 462 gradum
1379 389 1730 459 episcopatus
1749 387 1824 459 (ι)
1851 405 1864 440 :
1889 400 2081 455 quem-

2186 387 2456 457 θεόδωρον
2482 389 2540 443 δέ
2573 407 2693 444 τινα
2719 391 2797 453 είς
2831 391 2923 444 τὸν
2947 393 3157 447 ἐκείνου
3190 394 3293 465 κλῆ
3304 411 3392 465 ρον
3414 397 3767 463 ἐγκαταστῆ-

499 490 625 544 dam
649 497 833 542 autem
858 483 1215 540 Theodorum
1239 479 1408 535 fuisse
1431 478 1552 548 ejus
1581 479 1702 533 loco
1729 475 2073 537 institutum,

499 595 556 639 et
589 581 911 654 prmfectum
943 575 1418 632 administrationi
1443 571 1766 628 monasterii
1799 591 1811 625 :
1839 586 2077 640 eumque

501 684 612 728 tam
657 672 920 742 prarclare
955 684 1056 725 suo
1095 670 1245 739 gregi
1286 665 1603 736 praefuisse,
1648 673 1704 719 et
1743 663 1810 717 ad
1839 679 1958 717 eam
1995 661 2079 717 di-

501 767 683 819 vinam
735 761 968 834 gratiam
1024 762 1366 831 pervenisse,
1418 765 1479 811 ut
1520 767 1577 811 et
1619 755 1972 811 dzemoniacis
2024 763 2080 808 et

499 857 741 926 aegrotis,
775 855 886 910 illis
925 851 1152 922 quidem
1187 860 1478 905 vexantem
1513 849 1792 918 spiritum,
1828 847 1915 902 his
1951 862 2079 902 vero

501 949 758 1004 morbum
804 945 966 1000 facile
1006 943 1445 1015 expollat:quin
1492 941 1657 995 etiam
1700 941 1860 996 caecis
1902 940 2080 994 oculis

503 1041 876 1098 desideratum
909 1037 1078 1093 solem
1112 1036 1355 1106 prebeat
1404 1032 1730 1094 videndum,
1773 1039 1831 1086 et
1875 1030 1944 1084 iis
1983 1029 2078 1100 qui

503 1137 555 1192 ei
588 1135 821 1204 subjecti
851 1139 1000 1196 sunt,
1042 1129 1330 1185 monachis
1369 1128 1444 1182 ita
1489 1135 1687 1197 augeat
1722 1125 2080 1180 exercitatio-

503 1243 656 1293 nem,
691 1235 751 1282 ut
775 1225 982 1280 nullam
1011 1229 1342 1294 praztereant
1377 1229 1590 1290 partem
1631 1217 1744 1272 diei
1777 1230 1842 1271 ac
1873 1219 2076 1280 noctis,

507 1342 632 1397 qua:
688 1341 798 1380 non
858 1330 1222 1379 consumatur
1267 1322 1322 1376 in
1378 1317 1661 1390 perpetuis
1717 1315 1980 1387 precibus
2025 1321 2082 1370 et

503 1419 762 1473 canticis.
807 1416 1018 1472 florum
1056 1413 1451 1468 monasterium
1496 1410 1665 1465 nullis
1703 1409 1832 1464 licet
1863 1406 2084 1463 feminis

505 1512 756 1578 ingredi;
813 1524 993 1579 neque
1043 1508 1125 1563 fas
1161 1516 1246 1561 est
1307 1521 1400 1559 eos
1445 1505 1513 1560 ab
1559 1504 1670 1557 ulla
1723 1502 1896 1572 aspici
1965 1517 2086 1554 mu-

505 1604 663 1659 liere.
695 1600 802 1655 Sed
837 1617 935 1655 vos
967 1599 1075 1653 mei
1116 1597 1313 1667 capitis
1353 1610 1566 1650 comam
1610 1593 1857 1657 tondete,
1891 1599 1947 1645 et
1983 1590 2084 1643 hos

502 1697 688 1753 crines
743 1695 1004 1757 auferte,
1053 1702 1110 1746 et
1167 1691 1315 1744 virili
1383 1705 1470 1743 me
1517 1697 1673 1742 veste
1721 1685 1976 1748 induite,
2027 1689 2085 1736 et

502 1794 671 1841 noctu
708 1784 776 1837 ad
806 1799 905 1838 eos
936 1783 1144 1846 ducite,
1183 1781 1341 1834 vobis
1375 1779 1603 1850 quidem
1638 1793 1725 1831 me
1755 1791 1925 1846 prope
1950 1791 2084 1831 cur-

503 1893 628 1932 rum
682 1876 1068 1946 sequentibus,
1125 1873 1357 1944 reliquis
1409 1880 1594 1926 autem
1643 1869 1866 1924 famulis
1914 1869 2080 1924 simul

505 1968 952 2040 praecedentibus
976 1977 1032 2021 et
1062 1965 1448 2035 sequentibus,
1473 1973 1536 2018 ut
1561 1962 1782 2033 quando
1810 1961 2084 2016 fuerimus

506 2062 563 2116 in
594 2062 716 2130 ipso
743 2061 885 2127 loco,
914 2062 1036 2130 ejus
1063 2059 1210 2130 quod
1237 2058 1441 2113 factum
1475 2063 1583 2119 est,
1621 2055 1830 2109 nullum
1859 2068 2081 2108 sensum

505 2156 738 2209 omnino
769 2157 1140 2222 prtebeamus.
1178 2152 1254 2205 De
1287 2159 1489 2204 caztcro
1524 2147 1685 2202 vobis
1715 2161 1864 2200 cura!
1896 2145 1988 2206 sit,
2022 2154 2084 2199 ut

509 2261 635 2300 cum
664 2254 854 2314 portas
880 2243 1115 2313 ingressi
1144 2241 1437 2306 fuerimus,
1475 2240 1732 2304 salutem,
1759 2248 1818 2292 ut
1850 2254 1945 2308 par
1976 2245 2082 2310 est,

506 2335 904 2404 adipiscamur.

584 2425 675 2481 Vl.
718 2426 1054 2480 Placuerunt
1085 2422 1377 2487 eunuchis,
1412 2423 1716 2494 qum-dicta
1752 2429 1908 2485 sunt,
1937 2431 1992 2477 et
2017 2437 2082 2477 ea

507 2518 848 2572 studuerunt
898 2515 967 2570 ad
1023 2515 1283 2570 effectum
1327 2513 1624 2569 deducere.
1682 2513 1856 2568 Porro
1900 2523 2082 2568 autem

508 2611 641 2667 felix
673 2625 893 2681 quoque
922 2608 1139 2680 signum
1174 2617 1612 2679 consequuntur.
1649 2608 1906 2662 Nondum
1935 2608 2082 2664 enim

509 2713 905 2775 pervenerant,
967 2711 1028 2756 ut
1073 2701 1500 2772 ingrederentur
1546 2704 1967 2765 monasterium,
2029 2708 2086 2756 et

510 2811 744 2865 magnus
774 2794 920 2849 inter
963 2793 1261 2864 episcopos
1305 2791 1549 2848 Helenus
1579 2792 1734 2846 venit
1773 2808 1840 2847 ex
1896 2791 2085 2848 Helio-

509 2888 646 2959 poli,
730 2887 1280 2944 cum-multitudine
1368 2888 1640 2949 virorum,
1719 2885 1836 2940 hare
1909 2885 2083 2942 veluti

509 2989 668 3060 signo
720 2983 850 3039 dato
910 2982 1231 3038 canentium
1279 2998 1292 3033 :
1333 2999 1350 3031 ι
1393 2980 1488 3036 Via
1537 2979 1812 3048 justorum
1875 2978 2086 3034 directa

2179 492 2266 528 vat
2297 477 2393 530 καὶ
2422 479 2520 549 τῆς
2565 479 2805 552 μάνδρας
2836 483 3250 554 ἐγχειρισθῆναι
3273 485 3370 556 τὴν
3399 488 3763 552 προστασίαν,

2179 568 2238 619 ὃν
2270 567 2415 623 οὕτω
2440 571 2503 640 δὴ
2554 573 2858 643 φιλαρέτως
2894 577 2986 628 τοῦ
3021 577 3274 646 ποιμνίου
3333 583 3636 650 προστῆναι
3688 583 3769 643 εἰς

2179 661 2339 714 τοῦτό
2367 680 2426 714 τε
2455 664 2726 735 προϐῆναι
2757 665 2945 738 θεῖκῆς
2981 669 3205 739 χάριτος
3242 669 3316 732 ὡς
3345 673 3438 724 καὶ
3462 673 3767 742 δαιμονῶσι

2180 753 2275 804 καὶ
2308 751 2594 808 ἀσθενοῦσι
2624 759 2736 820 τοῖς
2781 757 2882 827 μὲν
2915 759 2974 810 τὺ
2998 760 3248 829 ἐνοχλοῦν
3275 761 3520 831 πνεῦμα,
3553 765 3668 826 τοῖς
3707 763 3767 818 δὲ

2180 846 2274 915 τὴν
2311 847 2465 902 νόσον
2489 850 2729 922 εὐχερῶς
2761 853 3110 920 ἀπελαύνειν,
3141 856 3204 910 οὐ
3241 857 3352 926 μὴν
3379 857 3518 911 ἀλλὰ
3541 859 3638 914 καὶ
3665 876 3764 912 tuo

2183 949 2334 1017 φλοῖς
2359 948 2574 1020 ὄμμασι
2615 949 2705 1000 τὸν
2735 947 3074 1018 ποθούμενον
3127 949 3282 1020 ἥλιον
3311 951 3577 1022 παρέχειν
3601 939 3762 1024 όρᾷνζ

2183 1041 2277 1094 καὶ
2325 1045 2435 1105 τοῖς
2494 1040 2586 1094 ὐπ’
2616 1041 2780 1095 αὐτὸν
2834 1041 2891 1095 δὲ
2946 1045 3201 1113 μοναχοῖς
3232 1043 3376 1097 οὕτω
3400 1044 3499 1116 τὴν
3527 1045 3765 1118 ἄσκησιν

2183 1133 2475 1186 ἐπιτείνειν
2502 1133 2577 1196 ὡς
2603 1133 2801 1204 μικροῦ
2831 1134 2997 1202 μηδὲν
3026 1135 3225 1198 αὐτοὺς
3248 1137 3567 1191 ἀπολείπειν
3595 1140 3768 1208 μέρος

2183 1225 2399 1298 ἡμέρας
2424 1242 2482 1278 τε
2510 1226 2605 1279 καὶ
2635 1225 2830 1288 νυκτὸς
2859 1225 2888 1279 δ
2921 1225 2996 1296 μὴ
3032 1227 3222 1297 εὐχαῖς
3255 1227 3352 1281 καὶ
3381 1228 3545 1299 ᾠδαῖς
3575 1229 3767 1284 ἀπαύ-

2187 1337 2332 1382 στοις
2361 1319 2690 1388 ἀναλωθείη.
2718 1319 2936 1374 Τούτων
2972 1320 3226 1374 οὐδὲποτε
3263 1322 3480 1389 γυναιξὶ
3526 1324 3764 1394 βάσιμος

2183 1413 2216 1480 ὴ
2275 1415 2434 1482 μονὴ,
2482 1411 2606 1464 οὐτε
2660 1411 2891 1480 ὀφθῆναι
2935 1415 3169 1479 γυναῖκα
3225 1411 3450 1483 θεμιτὸν
3507 1416 3763 1479 ἐκείνοις.

2197 1502 2387 1574 Ὑμεῖς
2407 1505 2462 1558 δὲ
2494 1503 2632 1557 ἀλλὰ
2655 1503 2754 1576 τὴν
2780 1504 2960 1574 κόμην
2987 1505 3119 1572 γοῦν
3141 1505 3237 1574 τῆς
3269 1506 3513 1574 κεφαλῆς
3538 1509 3768 1562 ἀποκεί-

2187 1612 2319 1665 ρατε
2360 1593 2458 1663 τῆς
2496 1595 2658 1663 ἐμῆς,
2703 1595 2799 1648 καὶ
2841 1595 3159 1664 πλοκάμους
3219 1596 3284 1663 δὴ
3327 1598 3602 1666 περιέλετε
3638 1598 3764 1650 τού-

2186 1703 2335 1751 τους,
2388 1687 2580 1740 ἔπειτα
2611 1686 2705 1740 καὶ
2757 1687 3017 1757 ἀνδρικήν
3051 1704 3143 1755 μοι
3195 1687 3511 1755 περιθέντες
3545 1689 3762 1760 στολὴν,

2186 1782 2378 1845 νυκτὸς
2399 1781 2632 1850 ἀγάγετε
2663 1781 2793 1850 παρ’
2825 1780 3042 1842 αὐτοὺς,
3079 1779 3232 1848 ὐμῶν
3262 1779 3361 1848 μὲν
3405 1781 3634 1850 πλησίον
3664 1781 3762 1835 τοῦ

2184 1873 2460 1943 ὀχήματος
2486 1872 2904 1943 παρεπομένων,
2925 1869 3032 1922 τῶν
3065 1871 3120 1924 δὲ
3146 1871 3349 1924 λοιπῶν
3381 1873 3589 1926 παίδων
3614 1891 3760 1944 παρ-

2187 1966 2436 2034 αγόντων
2498 1965 2634 2036 ὁμοῦ
2673 1964 2768 2020 καὶ
2807 1964 3161 2034 ὲφεπομένων
3194 1963 3455 2029 ,τν⁹,ὂταν
3498 1966 3760 2034 καὶπρὸς

2184 2059 2333 2131 αὐτῷ
2370 2059 2660 2130 γενώμεθα
2682 2059 2757 2130 τῷ
2801 2060 2952 2129 τόπῳ
3001 2060 3254 2129 αἴσθησιν
3279 2058 3462 2121 αὐτοῖς
3487 2058 3546 2112 τδ
3578 2064 3762 2129 παρά-

2186 2171 2292 2208 παν
2354 2153 2487 2240 μηδὲ
2535 2153 2664 2222 μίαν
2692 2152 2873 2222 δῶμεν
2897 2152 2992 2205 τοῦ
3020 2152 3440 2223 πεπραγμένου.
3473 2152 3545 2204 Τὸ
3569 2153 3760 2206 λοιπδν

2189 2246 2352 2317 μέλον
2389 2247 2517 2316 ὑμῖν
2539 2246 2679 2298 ἔστω
2703 2245 2850 2307 ὅπως
2881 2246 2991 2299 ἔσω
3015 2245 3123 2298 τῶν
3150 2245 3329 2315 θυρῶν
3357 2245 3640 2316 γενόμενοι
3662 2247 3766 2316 τῆς

2187 2338 2461 2407 σωτηρίας
2484 2337 2560 2400 ὡς
2598 2337 2874 2406 προσῆκον
2908 2335 3319 2406 ὲπιλαϐὡμεθα.

2259 2427 2350 2497 (τ’.
2377 2430 2580 2498 Ἦρεσε
2611 2430 2720 2492 τοῖς
2752 2426 3029 2498 εὐνούχοις
3079 2427 3148 2482 τὰ
3177 2427 3498 2498 λαληθέντα,
3544 2429 3638 2483 καὶ
3678 2431 3763 2492 είς

2185 2520 2347 2592 ἔργον
2377 2521 2634 2574 ἔσπευδον
2669 2519 2844 2574 ταῦτα
2898 2523 3256 2592 προαγαγεῖν.
3307 2521 3649 2590 Τυγχάνουσι
3703 2523 3762 2576 δὲ

2187 2614 2280 2667 καί
2312 2630 2456 2676 τινος
2483 2612 2658 2666 αίσίου
2694 2612 2986 2682 συμὸόλου,
3015 2611 3183 2666 Οὔπω
3232 2612 3341 2683 γὰρ
3372 2613 3614 2682 ἔφθασαν
3644 2615 3765 2667 ἔπι-

2187 2706 2349 2776 σῆναι
2379 2704 2559 2768 καλῶς
2593 2703 2686 2758 τοῦ
2712 2705 3155 2776 φροντιστηρίου,
3186 2707 3282 2759 καὶ
3301 2709 3329 2760 ὁ
3358 2709 3530 2777 μέγας
3553 2710 3611 2762 εν
3644 2710 3767 2762 ἐπι.

2189 2799 2413 2863 σκόποις
2459 2799 2679 2859 τΕλενος
2735 2797 2794 2864 ἐξ
2829 2797 3224 2860 Ἡλιουπόλεως
3277 2794 3382 2868 ἧκε
3412 2799 3506 2853 καὶ
3543 2800 3764 2872 σύναμα

2189 2892 2370 2963 πλήθη
2399 2891 2608 2962 ἀνδρῶν
2635 2890 2823 2962 ῶσπερ
2853 2892 2918 2944 ὲκ
2950 2891 3289 2962 συνθήματος
3319 2893 3493 2946 ταῦτα
3525 2894 3764 2963 ψαλλόν-

2188 3003 2295 3039 των
2318 3001 2333 3017 ο
2364 3003 2384 3036 ι
2430 2983 2492 3038 Ἠ
2519 2983 2636 3046 ὁδὸς
2661 2985 2770 3037 τῶν
2793 2984 3016 3038 δικαίων
3044 2985 3412 3055 κατηυθύνθη,
3442 2986 3476 3056 ἠ
3507 2986 3627 3048 ὁδὸς
3650 2987 3762 3040 τῶν

509 3091 617 3146 est,
659 3079 744 3134 via
783 3086 1104 3132 sanctorum
1147 3083 1338 3144 parata
1379 3083 1464 3128 est
1487 3073 1528 3127 ¹.
1569 3092 1588 3124 ι
1628 3072 1743 3126 Hoc
1787 3081 1843 3127 et
1885 3072 1954 3126 iis
1985 3074 2080 3142 qui

2186 3078 2357 3147 ἁγίων
2380 3077 2705 3148 ἡτοιμάσθη.
2721 3095 2740 3128 ›
2762 3076 2933 3129 Τοῦτο
2951 3076 3046 3131 καλ⁵
3068 3079 3178 3139 τοῖς
3206 3078 3335 3146 περὶ
3361 3078 3460 3148 τὴν
3492 3078 3760 3147 Εὐγενίαν

507 3181 671 3230 erant
708 3175 855 3227 circa
893 3166 1217 3238 Eugeniam,
1263 3164 1417 3220 auxit
1458 3164 1644 3230 fidem,
1677 3173 1732 3218 et
1783 3164 1988 3230 effecit,
2024 3175 2084 3221 ut

511 3269 606 3326 illa
655 3262 972 3321 mirandum
1025 3262 1080 3314 in
1142 3257 1366 3312 modum
1431 3257 1736 3312 lwtaretur.
1792 3254 2081 3326 Tanquam

509 3367 665 3416 certe
717 3365 877 3411 nacta
909 3352 1282 3409 occasionem.
1322 3365 1418 3404 eos
1466 3349 1559 3418 qui
1607 3350 1754 3404 circa
1797 3365 1856 3404 se
1899 3358 2080 3414 erant,

513 3449 686 3520 magis
705 3445 959 3502 accendit
999 3442 1066 3498 ad
1098 3441 1357 3511 pietatem
1394 3457 1409 3494 :
1447 3448 1503 3494 et
1531 3440 1702 3494 multa
1734 3439 1839 3494 alia
1865 3440 2084 3505 dicens,

511 3558 636 3615 quae
685 3539 753 3596 ad
812 3546 1030 3605 tempus
1077 3531 1451 3604 pertinebant,
1506 3531 1739 3601 locoque
1785 3533 2085 3588 convenie-

510 3637 647 3691 bant
677 3649 693 3686 :
723 3639 780 3686 et
814 3626 963 3699 quod
1004 3640 1115 3680 non
1143 3624 1289 3678 forte
1327 3623 1570 3686 fortuna,
1608 3622 1704 3678 sed
1732 3623 1919 3680 divina
1949 3642 2086 3695 qua-

511 3729 635 3784 dam
672 3720 1019 3797 providentia
1063 3719 1181 3774 haec
1219 3716 1548 3781 audivisset,
1593 3727 1649 3772 et
1686 3732 1752 3772 ea
1783 3734 1905 3788 qua:
1932 3720 2087 3789 prius

513 3819 858 3876 canebantur
891 3811 1066 3867 divini
1111 3809 1334 3867 Davidis
1359 3825 1375 3862 :
1403 3807 1499 3864 sed
1550 3810 1643 3864 illa
1679 3811 1903 3880 quidem
1938 3827 2084 3882 esse,

511 3927 636 3982 qua:
666 3924 786 3964 eam
813 3906 1081 3981 inducant
1113 3901 1182 3957 ad
1218 3901 1479 3971 pietatem
1509 3917 1525 3956 :
1559 3917 1680 3972 quae
1721 3912 1904 3958 autem
1937 3919 2087 3960 nunc

509 4012 806 4065 canuntur,
839 4011 964 4068 quae
993 3995 1366 4050 adhortentur
1395 3991 1462 4047 ad
1501 3994 1643 4047 viam
1685 3993 1930 4050 virtutis.
1958 3994 2088 4051 llam

511 4109 634 4150 cum
667 4091 922 4156 dixisset,
958 4096 1014 4142 et
1043 4086 1112 4142 iis
1147 4086 1243 4156 qui
1270 4083 1598 4155 psallebant,
1637 4099 1697 4142 se
1729 4093 1787 4142 et
1826 4101 1957 4142 suos
1988 4087 2086 4142 ad-

513 4183 853 4246 miscuisset,
897 4194 1024 4236 cum
1066 4177 1177 4232 illis
1213 4177 1360 4231 viam
1406 4176 1642 4246 perfecit
1673 4196 1685 4232 :
1719 4193 1829 4248 quo
1861 4179 2085 4248 quidem

515 4288 763 4348 tempore
805 4283 862 4330 et
895 4273 1066 4328 multa
1113 4271 1219 4326 alia
1258 4269 1606 4326 admirabilia
1649 4270 1863 4326 audivit
1899 4273 2088 4330 turbas

513 4371 581 4426 de
612 4368 822 4424 Heleno
849 4371 1162 4429 narrantes,
1197 4371 1259 4418 ut
1278 4361 1640 4418 ostenderent
1667 4374 1911 4433 quantus
1939 4374 2088 4422 esset

511 4463 570 4518 in
595 4459 898 4523 miraculis,
931 4469 987 4512 et
1021 4473 1188 4527 quam
1217 4472 1344 4512 cum
1370 4457 1419 4510 is
1451 4470 1594 4526 saepe
1626 4471 1769 4527 opus
1795 4457 2086 4516 habuisset

515 4555 662 4624 igne,
712 4551 863 4605 visus
905 4549 979 4603 sit
1023 4547 1286 4602 ardentes
1323 4544 1600 4602 carbones
1638 4546 1784 4602 ferre
1821 4551 1878 4603 in
1918 4550 2088 4604 vesti-

518 4647 641 4705 bus.
671 4643 782 4698 illis
816 4640 956 4696 nihil
991 4655 1059 4696 ex
1095 4639 1222 4710 igne
1275 4639 1468 4694 laesis:
1501 4647 1768 4709 prmterea
1812 4655 1995 4695 autem
2032 4651 2091 4697 et

513 4751 864 4812 quaecunque
916 4734 1024 4791 alia
1062 4732 1284 4789 assidue
1323 4731 1560 4786 faciebat
1589 4731 1877 4798 miracula,
1911 4733 2093 4805 cujus-

516 4831 666 4887 modi
705 4837 793 4886 est
822 4829 930 4884 hoc
976 4841 1200 4898 quoque
1240 4823 1471 4895 dignum
1511 4822 1662 4896 quod
1715 4834 1991 4892 narretur,
2033 4837 2090 4883 et

512 4927 806 4980 mandetur
833 4921 1136 4976 memoriae.

585 5015 699 5073 VII.
739 5013 912 5068 Aiunt
940 5009 1236 5082 quemdam
1268 5025 1488 5080 magum
1527 5009 1622 5080 qui
1651 5010 1952 5066 vocabatur
1982 5012 2085 5068 Za-

512 5122 658 5172 reas,
688 5121 816 5161 eum
848 5103 1109 5160 malefica:
1138 5103 1276 5159 artis
1299 5117 1579 5158 summum
1615 5102 1887 5172 attigisset
1929 5103 2087 5159 fasti-

512 5200 685 5272 gium,
732 5197 790 5252 in
843 5197 957 5253 illis
1005 5196 1143 5252 locis
1179 5210 1304 5252 esse
1350 5208 1633 5250 versatum
1669 5194 1738 5250 ad
1784 5196 2084 5260 multorum

511 5293 765 5358 exitium,
821 5305 1019 5363 magna
1065 5299 1122 5347 et
1163 5293 1317 5348 varia
1353 5290 1550 5347 fraude
1598 5299 1842 5347 utentem
1871 5308 1888 5349 :
1921 5305 2087 5361 quem

515 5385 667 5442 inter
700 5395 900 5443 caetera
931 5385 1130 5442 dicunt
1168 5401 1363 5441 ausum
1404 5399 1528 5440 esse
1557 5383 1766 5454 aliquid
1810 5384 2086 5455 ejusmodi

585 5528 605 5558 ’
640 5525 744 5580 lsa.
788 5539 937 5589 nrt,
971 5524 1024 5579 7.

2184 3169 2283 3240 τὴν
2306 3169 2491 3222 πίστιν
2516 3166 2745 3239 ηὔξησε,
2791 3168 3054 3239 κάκείνην
3106 3167 3339 3238 ἡσθῆναι
3389 3169 3760 3241 διαφερόντως

2186 3261 2488 3331 πεποίηκεν
2541 3259 2759 3328 ἀμέλει.
2811 3259 2923 3312 Καὶ
2972 3259 3163 3331 ὥσπερ
3215 3259 3411 3330 καιροῦ
3439 3260 3758 3332 δραξαμένη

2189 3352 2389 3423 μᾶλλον
2427 3350 2510 3405 ἔτι
2563 3351 2690 3414 τοὺς
2745 3349 2874 3420 περὶ
2931 3349 3104 3421 αὐτὴν
3152 3351 3287 3420 πρὸς
3320 3351 3420 3422 τὴν
3475 3351 3762 3406 εὐσέϐειαν

2186 3444 2564 3515 ἀνεθέρμηνεν
2585 3457 2600 3472 °
2642 3441 2780 3496 ἄλλα
2816 3458 2874 3494 τε
2908 3440 3078 3494 πολλὰ
3103 3442 3198 3495 καὶ
3227 3441 3305 3512 τῷ
3333 3442 3514 3513 καιρῷ
3560 3443 3655 3496 καὶ
3683 3442 3764 3514 τῷ

2184 3536 2336 3606 τόπῳ
2391 3534 2736 3589 συντείνοντα
2788 3532 3174 3605 φθεγξαμένη·
3226 3535 3322 3590 καὶ
3378 3535 3441 3588 οὐ
3473 3537 3617 3590 κατά
3641 3552 3764 3591 τινα

2188 3627 2496 3697 συντυχίαν,
2528 3624 2642 3678 ἀλλ’
2674 3627 2739 3679 ἐκ
2775 3623 2926 3686 θείας
2954 3625 3210 3695 προνοίας
3233 3626 3325 3680 καὶ
3351 3625 3550 3691 ταῦτα,
3579 3627 3676 3680 καὶ
3695 3627 3766 3682 τὰ

2186 3719 2279 3773 τοῦ
2299 3717 2463 3772 Δαυτδ
2491 3718 2756 3789 πρότερον
2783 3716 3017 3771 ἀκούσαι
3035 3719 3054 3739 ⁶
3079 3717 3413 3788 ψαλλόμεναο
3440 3718 3554 3773 ἀλλ’
3576 3720 3765 3773 ἐκεῖνα

2191 3811 2290 3882 μὲν
2319 3807 2459 3866 εῐναι
2512 3811 2649 3882 πρὸς
2698 3809 2980 3864 εὐσέσειαν
3031 3810 3298 3879 ἔνάγοντα
3346 3810 3576 3878 ταύτην,
3607 3812 3678 3864 τὰ
3704 3811 3763 3866 δὲ

2187 3901 2284 3956 νῦν
2307 3901 2620 3974 ὐπᾳδόμενα
2656 3900 2790 3971 πρὸς
2841 3899 2946 3970 τὴν
2975 3900 3077 3970 τῆς
3126 3901 3334 3972 ἀρετῆς
3363 3901 3549 3972 τρίϐον
3585 3919 3766 3973 παρα-

2188 3992 2476 4047 καλοῦντα.
2503 3991 2690 4045 Ταῦτα
2723 3991 2976 4057 εἰποῦσα,
3001 3993 3098 4045 καὶ
3122 3993 3232 4057 τοῖς
3256 3990 3552 4062 ψάλλουσιν
3591 3992 3763 4064 αὐτήν

2187 4103 2248 4140 τε
2283 4087 2378 4140 καὶ⁸
2409 4085 2536 4148 τοὺς
2563 4085 2694 4153 περὶ
2729 4085 2902 4155 αὐτὴν
2935 4083 3142 4156 μίξασα
3176 4086 3275 4156 τὴν
3331 4085 3450 4141 ὁδὸν
3480 4088 3613 4155 ἠνυε
3665 4087 3765 4139 σῦν

2189 4177 2440 4241 ὲκείνοις.
2473 4178 2605 4231 Ὅτε
2631 4177 2698 4247 δὴ
2729 4177 2824 4231 καὶ
2851 4176 2964 4231 τῶν
3011 4177 3187 4248 δχλων
3219 4178 3355 4232 ἄλλα
3380 4195 3440 4232 τε
3472 4176 3770 4247 θαυμαστὰ

2190 4273 2318 4342 περὶ
2345 4271 2439 4325 τοῦ
2477 4270 2692 4325 Ἑλένου
2738 4269 3046 4337 διεξιόντων
3075 4271 3310 4342 ηκουσεν
3332 4286 3351 4306 ·
3401 4271 3526 4334 ὅσος
3554 4265 3624 4341 ἦν
3652 4272 3769 4334 τοῖς

2192 4363 2463 4435 θαύμασιν
2480 4365 2508 4418 ὁ
2529 4363 2692 4435 ἀνὴρ,
2727 4363 2820 4418 καὶ
2847 4363 2954 4430 ὅτι,
2990 4362 3164 4434 πυρὸς
3181 4361 3332 4434 αὐτῷ
3358 4361 3622 4426 πολλάκις
3642 4361 3770 4432 δεῆ-

2191 4474 2312 4524 σαν,
2341 4457 2619 4530 ἄνθρακας
2661 4458 2756 4512 ἐπὶ
2787 4457 2896 4511 τῶν
2955 4455 3187 4528 ἱματίων
3239 4455 3450 4526 ἑωρᾶτο
3500 4452 3767 4522 κομίζων,

2189 4547 2344 4602 οὐδὲν
2387 4547 2612 4602 ἐκείνων
2652 4549 2760 4602 ἀπὸ
2810 4548 2906 4602 τοῦ
2959 4547 3133 4619 πυρὸς
3181 4546 3594 4618 βλαπτομένων.
3621 4545 3768 4614 Πρὸς

2188 4641 2401 4705 τούτοις
2435 4642 2533 4696 καὶ
2560 4643 2696 4698 ἄλλα
2733 4645 2833 4697 ὅσα
2881 4642 3318 4714 θαυματουργῶν
3353 4641 3514 4703 αὐτὸς
3537 4639 3769 4695 διετέλει

2191 4733 2376 4786 ὁποῖον
2419 4733 2484 4804 δὴ
2521 4733 2612 4787 καὶ
2643 4732 2802 4788 τοῦτο
2835 4733 2996 4802 λόγου
3025 4735 3116 4787 καὶ
3148 4735 3368 4804 μνήμης
3395 4732 3569 4796 ἄξιον.

2265 5009 2338 5066 Ζ’.
2375 5011 2512 5066 Φασί
2535 5029 2658 5065 τινα
2690 5010 2867 5082 μάγον
2902 5009 3119 5080 Ζαρέαν
3155 5009 3487 5082 καλούμενον
3515 5009 3648 5064 αὐτὸ
3672 5011 3772 5080 τῆς

2189 5105 2544 5176 κακοτεχνίας
2575 5105 2859 5174 φθάσαντα
2881 5104 2942 5157 τὸ
2961 5106 3030 5160 ἁκ
3041 5105 3409 5172 ρότατον,τοτς
3438 5105 3554 5158 ἐκεῖ
3580 5104 3772 5165 τόποις

2190 5199 2285 5254 ἐπὶ
2310 5198 2457 5271 λύμῃ
2509 5198 2722 5252 πολλῶν
2755 5197 3125 5269 ἐπιχωριάσαι
3162 5199 3309 5268 δεινῇ
3345 5199 3411 5270 τῇ
3460 5197 3647 5267 ἀπάτῃ
3679 5195 3772 5248 καὶ

2192 5291 2363 5362 πολλῇ
2397 5289 2708 5364 χρώμενον,
2735 5290 2794 5344 ὃν
2821 5291 2964 5360 μετὰ
2987 5291 3098 5345 τῶν
3125 5291 3302 5346 ἄλλων
3336 5291 3430 5344 καὶ
3455 5288 3698 5342 τοιοῦτόν
3717 5304 3772 5340 τι

2190 5385 2463 5456 τολμῆσαι
2501 5383 2928 5455 θεομισέστατον
2957 5384 3120 5456 φήμῃ
3147 5385 3254 5437 τινί
3285 5382 3588 5438 σπουδάσαι
3611 5397 3773 5450 περι·

584 5659 657 5734 tt)
691 5657 990 5734 Heliopolis
1037 5661 1267 5734 scilicet.
1311 5691 1385 5734 έ-
1411 5661 1468 5715 1η
1515 5660 1852 5716 monasterio
1896 5658 2091 5716 Heleni
2131 5661 2413 5730 monachi,
2447 5677 2589 5734 quos
2619 5662 2862 5721 Essenos
2919 5672 3082 5718 vocat
3146 5661 3326 5732 Philo,
3365 5657 3648 5732 perpetuis
3676 5675 3769 5714 va-

508 5731 708 5786 cabant
744 5731 1008 5801 precibus
1035 5743 1092 5788 et
1126 5732 1375 5788 canticis.
