4122 6380
380 397 485 461 ωτ

1513 395 1987 461 MARTYRIUM
2018 400 2077 462 S.
2120 399 2503 464 EUGENIE.

3516 400 3623 467 628

373 511 561 566 λαδείν
591 507 717 573 τοὺς
740 506 1069 581 ὲπιχωρίους
1092 506 1168 573 ὡς
1186 507 1348 572 αὐτὸς
1367 507 1466 580 μεν
1491 506 1579 580 είη
1608 505 1950 580 ἀπεσταλμέ-

2056 508 2167 564 Deo
2212 512 2449 565 maxime
2510 508 2750 565 invisum
2782 552 2795 576 ,
2859 524 3057 582 nempe
3105 511 3303 567 famam
3354 519 3626 585 sparsisse

371 618 465 665 νος
494 599 601 654 ὑπὸ
633 598 877 672 Χριστοῦ
900 600 1204 672 εὐεργέτης
1244 598 1547 669 ἀνθρώπιον
1579 601 1671 655 καὶ
1698 599 1954 655 διδάσκα-

372 694 464 756 λος
480 692 702 762 ἀγαθὸς,
728 690 930 764 ψευδὴς
956 691 1013 746 δὲ
1046 691 1267 757 Ἕλενος
1301 692 1479 764 μάτην
1506 692 1683 764 ἑαυτῷ
1715 692 1777 747 τὺ
1808 692 1953 748 διδα-

374 785 635 840 σκαλικὸν
682 784 899 857 ἀξίωμα
936 787 1279 857 περιάπτων.
1344 784 1597 857 Ἐνόμιζε
1652 787 1762 858 γάρ
1794 787 1870 851 ὡς
1903 786 1950 841 εί

369 881 464 934 τδν
492 877 733 949 ποιμένα
765 876 844 950 τῷ
875 879 1117 951 ποιμνίῳ
1164 878 1569 950 ἐκπολεμῶσαι,
1625 879 1723 933 τοῦ
1755 877 1949 933 λοιποῦ

372 969 577 1043 ῥᾳδίως
632 968 820 1031 αὐτοῖς
878 966 1070 1038 ὥσπερ
1107 966 1447 1037 ἀφυλάκτοις
1491 967 1732 1022 ἐπελθὼν
1782 967 1952 1039 θρέμο

370 1079 535 1133 μασι,
569 1062 797 1133 θήραμα
825 1061 929 1117 οὐκ
955 1061 1442 1134 εὐκαταφρόνητον
1480 1063 1560 1132 τῷ
1592 1062 1760 1134 πατρὶ
1781 1063 1950 1117 αὐτοῦ

366 1157 449 1225 τῷ
483 1157 719 1227 διαϐόλῳ
749 1159 1164 1227 προσενεγκεῖν.
1195 1155 1382 1212 Ταῦτα
1416 1157 1594 1226 λέγων
1622 1159 1828 1222 ἐκεῖνος
1856 1159 1950 1214 καὶ

369 1247 598 1312 πιθανὸς
628 1245 699 1320 ἦν
735 1248 800 1302 ὲκ
855 1246 1215 1317 κακουργίας.
1271 1248 1419 1302 Ἴστε
1449 1249 1560 1320 γὰρ
1586 1248 1737 1313 ὅπως
1766 1250 1954 1304 ἀνυσι-

370 1341 628 1410 μώτατον
656 1340 690 1408 ή
720 1338 890 1393 κακία
920 1341 1016 1394 καὶ
1049 1340 1177 1402 τοὺς
1236 1339 1463 1404 πολλοὺς
1527 1341 1755 1394 ἐλκΰσαι
1807 1340 1950 1394 πάνυ

368 1430 559 1500 ῥᾳδίαο
590 1430 733 1485 ὥστε
760 1431 960 1501 καὶτῷ
997 1431 1200 1502 Ἑλένῳ
1226 1431 1319 1486 τὸν
1366 1431 1526 1502 ὄχλον
1554 1431 1951 1504 προσελθόντας

370 1525 553 1577 εἰπεῖν
587 1522 620 1595 ἢ
650 1524 830 1579 κοινὸν
851 1524 948 1578 καὶ
976 1524 1142 1579 αὑτὸν
1180 1525 1439 1580 κοινωνὸν
1468 1525 1567 1596 τῆς
1598 1524 1951 1590 διδασκαλίας

369 1614 636 1686 λαϐεῖν,ἣ
672 1616 804 1687 γοῦν
840 1617 978 1684 πρὸς
1027 1617 1277 1687 διάλογον
1319 1618 1707 1690 ἁμιλληθῆναι,
1742 1619 1831 1672 ἵνα
1870 1618 1949 1689 τῷ

371 1707 599 1761 νικῶντι
620 1709 715 1761 καὶ
744 1704 904 1764 abte).
932 1710 1279 1783 πρόσθοιντο.
1310 1711 1590 1780 ’Ἂσμενος
1612 1711 1706 1764 οὖν
1731 1711 1760 1764 ό
1794 1711 1950 1764 ’Ἐλε-

371 1817 463 1864 νος
486 1802 592 1872 τὴν
630 1800 731 1871 τῆς
771 1800 1009 1872 ἁμίλλης
1058 1801 1426 1873 καταδέχεται
1455 1803 1652 1870 πεῖραν
1674 1817 1690 1832 ·
1722 1801 1947 1874 ἐθάρῤει

2054 600 2203 657 inter
2232 617 2350 665 eos,
2401 605 2498 671 qui
2533 602 2649 658 illic
2683 601 3034 668 habitabant,
3066 606 3214 676 quod
3248 606 3366 677 ipse
3402 611 3627 679 quidem

2052 701 2202 750 esset
2254 708 2285 749 a
2342 692 2565 749 Christo
2612 692 2817 749 missus
2864 693 3188 751 benefactor
3238 697 3526 756 hominum
3571 714 3629 759 et

2053 784 2251 842 doctor
2282 786 2484 852 bonus,
2522 784 2760 842 mendax
2796 795 2980 844 autem
3022 787 3285 857 Helenus,
3324 796 3626 851 auctorita-

2053 886 2167 933 tem
2243 878 2479 934 docendi
2555 878 2664 933 sibi
2727 878 2866 934 falso
2927 880 3199 936 tribuens.
3261 883 3628 941 Existimabat

2051 963 2223 1028 enim,
2266 965 2413 1034 quod
2446 966 2492 1020 si
2535 975 2814 1035 pastorem
2845 965 3112 1023 adversus
3146 985 3367 1041 gregem
3401 974 3469 1028 ad
3515 974 3629 1030 bel-

2052 1055 2167 1109 lum
2208 1056 2536 1120 concitaret,
2580 1073 2676 1113 eos
2711 1059 2997 1129 deinceps,
3045 1066 3304 1132 tanquam
3338 1079 3470 1122 oves
3506 1082 3628 1137 qna:

2051 1160 2163 1201 non
2199 1155 2330 1202 sunt
2365 1148 2683 1215 custodit-ae,
2724 1150 3074 1221 aggrediens,
3109 1169 3219 1209 non
3265 1166 3629 1214 contemnen-

2051 1239 2176 1295 dam
2206 1241 2449 1311 praedam
2490 1242 2765 1312 praeberet
2793 1245 2933 1313 patri
2966 1258 3068 1299 suo
3097 1246 3340 1303 diabolo.
3379 1248 3506 1306 Haec
3531 1251 3641 1309 ille'

2052 1330 2263 1399 dicens,
2290 1333 2451 1389 fidem
2478 1333 2717 1390 faciebat
2741 1350 2840 1391 sua
2858 1336 3243 1408 improbitate.
3268 1339 3433 1397 Scitis
3455 1344 3627 1408 enim,

2055 1436 2221 1491 quam
2251 1422 2322 1476 sit
2349 1423 2559 1477 malitia
2589 1424 2776 1479 eﬂlcax
2814 1434 2871 1480 et
2898 1441 3062 1496 quam
3100 1426 3261 1484 facile
3299 1432 3506 1487 multos
3538 1442 3626 1487 at-

2053 1514 2277 1567 trahat:
2309 1513 2470 1579 adeo,
2514 1525 2576 1570 ut
2624 1515 2694 1569 ad
2736 1514 3002 1571 Helenum
3037 1520 3202 1574 turba
3249 1522 3540 1590 accedens,
3574 1524 3631 1579 ei

2050 1603 2276 1670 dixerit,
2312 1615 2372 1660 ut
2411 1606 2494 1660 vel
2524 1607 2705 1676 ipsum
2738 1607 3009 1666 doctrina:
3039 1624 3348 1668 assumeret
3389 1615 3627 1684 socium,

2049 1707 2145 1752 aut
2188 1710 2341 1752 certe
2366 1698 2513 1753 inter
2545 1714 2605 1753 se
2646 1698 3021 1768 disputarem,
3059 1709 3122 1756 ut
3161 1704 3269 1773 ipsi
3291 1705 3342 1759 ei
3379 1709 3475 1776 qui
3504 1707 3633 1762 vin-

2050 1798 2224 1855 ceret,
2273 1789 2627 1846 accederent.
2698 1790 2906 1848 Libens
2954 1793 3143 1864 itaque
3203 1795 3447 1853 Helenus
3507 1800 3629 1877 adit

369 1890 482 1963 γὰρ
503 1892 581 1964 τῷ
604 1891 851 1963 Χριστῷ.
881 1892 956 1946 Th
989 1892 1046 1945 δὲ
1076 1893 1332 1947 κοινωνὸν
1362 1891 1575 1961 Ζαρέαν
1594 1890 1949 1963 ’παραλαϐεῖν

2056 1882 2358 1952 periculum
2405 1898 2531 1937 eum
2561 1897 2630 1939 eo
2654 1884 2996 1954 disputandi.
3027 1886 3355 1944 Confidebat
3386 1888 3533 1946 enim
3570 1894 3627 1948 in

367 1984 663 2055 ἄνθρωπον
676 1987 987 2056 τερατείαις
1008 1984 1277 2055 δαιμόνων
1296 1983 1772 2054 ἐπικαυχώμενον,
1790 1983 1949 2038 τοῦτο

371 2078 469 2131 καὶ
498 2077 636 2149 ἀκοῇ
664 2078 798 2149 μόνῃ
823 2076 1013 2130 λαϐεῖν
1041 2074 1319 2129 ἀπευκτὸν
1349 2076 1556 2145 ἡγεῖτο.
1609 2075 1701 2137 Ὠς
1730 2073 1825 2127 οὖν
1854 2073 1950 2128 καὶ

369 2170 407 2239 ἡ
432 2167 599 2239 κυρία
622 2169 830 2240 παρῆν,
850 2168 990 2239 πρὸς
1011 2167 1139 2231 τοὺς
1156 2166 1352 2235 λόγους
1378 2163 1577 2236 ὲχὼρει
1597 2166 1691 2219 καὶ
1718 2164 1818 2235 τὴν
1833 2165 1953 2219 διά-

369 2258 538 2325 λεξιν.
564 2260 671 2312 Καὶ
706 2260 945 2330 ἰσχυρῶς
1006 2258 1106 2330 μὲν
1140 2257 1340 2328 πρῶτα
1399 2258 1680 2312 ἐπετίθετο
1710 2259 1806 2313 καὶ
1844 2276 1950 2313 πυ-

372 2354 525 2415 κνοῖς
554 2352 671 2424 ἃμα
692 2354 784 2406 τὸν
817 2354 993 2424 μάγον
1036 2351 1229 2405 εόαλλε
1247 2353 1364 2414 τοῖς
1414 2350 1661 2421 ελέγχοις
1688 2368 1705 2383 ·
1737 2352 1860 2405 ἐπεὶ
1890 2351 1950 2405 δὲ

373 2445 525 2517 ἑώρα
549 2448 616 2516 τῇ
647 2443 907 2517 αὐθαδείᾳ
931 2444 1007 2507 ὡς
1050 2443 1206 2516 ὅπλῳ
1230 2442 1538 2514 χρώμενον,
1578 2444 1673 2497 καὶ
1702 2443 1763 2496 τὸ
1793 2443 1950 2515 νικᾷν

371 2539 477 2591 οὐκ
514 2538 579 2591 εκ
599 2538 703 2606 τῆς
725 2536 1006 2605 ἀληθείας,
1040 2535 1160 2591 ἀλλ’
1210 2537 1274 2589 ὲκ
1297 2535 1401 2603 τῆς
1435 2535 1714 2601 ἀναιδείας
1751 2536 1953 2607 μᾶλλον

374 2632 557 2702 ἑαυτῷ
610 2629 939 2701 περιθέσθαι
996 2628 1429 2699 φιλονεικοῦντα,
1473 2626 1741 2700 ἔργῳτὴν
1767 2629 1954 2699 κρίσιν

372 2723 671 2794 δπέτρεπε,
728 2722 825 2777 καὶ
878 2721 993 2794 πῦρ
1043 2721 1181 2776 πολὺ
1212 2722 1357 2775 κατὰ
1416 2721 1582 2791 μέσον
1610 2724 1712 2792 τῆς
1742 2720 1953 2783 πόλεως

375 2815 682 2886 ἀναφθῆναι
720 2813 954 2880 κελεύει,
979 2813 1238 2883 επιδῆναι
1260 2813 1319 2868 δὲ
1347 2813 1448 2884 τῆς
1473 2813 1674 2882 φλογὸς
1707 2813 1952 2884 ἀμφότέ-

380 2921 527 2977 ρους,
559 2907 650 2960 καὶ
675 2907 736 2970 ὃς
763 2907 831 2960 ἂν
853 2905 1041 2961 αὐτῶν
1067 2905 1284 2977 ἀπαθὴς
1318 2906 1499 2977 μείναι
1524 2906 1622 2958 καὶ
1646 2904 1744 2958 τοῦ
1782 2904 1955 2976 πυρὸς

379 2997 749 3070 ἰσχυρότερος,
772 2999 963 3052 τοῦτον
986 2994 1126 3053 εἶναι
1147 2998 1336 3068 σαφῶς
1356 2999 1450 3052 τὸν
1475 2998 1569 3052 καλ⁸
1589 2998 1695 3051 ὑπὸ
1713 2998 1951 3070 Χριστοῦ

380 3089 827 3162 πεμφθέντανκαὶ
861 3090 956 3145 τὸν
985 3089 1196 3146 ἐκείνου
1232 3089 1433 3162 κλῆρον
1478 3089 1754 3145 διδάσκειν
1779 3090 1952 3159 ἄξιον.

449 3272 534 3330 ιν.
574 3273 664 3338 Ὠς
690 3267 784 3327 οὖν
814 3272 846 3326 δ
889 3272 1047 3342 λόγος
1076 3270 1245 3343 ἔργου
1273 3268 1475 3341 εἴχετο,
1506 3270 1605 3324 καὶ
1627 3271 1661 3340 ἡ
1695 3267 1829 3339 φλὸξ
1850 3269 1954 3340 ήδη

376 3365 516 3437 πρὸς
549 3363 682 3435 ὕψος
721 3364 905 3436 ᾔρετο,
940 3363 1110 3435 δειλίᾳ
1152 3361 1316 3425 εὐθὺς
1346 3363 1374 3415 ό
1395 3361 1607 3433 Ζαρέας
1654 3361 1954 3431 συνείχετο,

378 3460 473 3512 καὶ
498 3457 592 3511 τὸν
630 3456 853 3509 Ἕλενον
880 3454 1143 3524 ἐπιϐῆναι
1173 3452 1391 3523 πρῶτον
1409 3452 1768 3515 διεκελεύετο,
1797 3452 1956 3507 τοῦτο

378 3546 498 3601 καθ’
522 3545 740 3611 ἑαυτὸν,
776 3546 850 3608 ὡς
869 3543 1036 3609 ἔοικε,
1077 3543 1407 3614 διανοηθεὶς,
1447 3542 1522 3607 ὡς
1552 3548 1601 3596 εἰ
1635 3544 1710 3614 μὴ
1741 3544 1952 3615 θαρῤἡο

380 3655 479 3702 σας
506 3638 728 3701 Ἕλενος
754 3637 1018 3708 αἰσχύνην
1045 3634 1348 3706 ὀφλήσοι,ἢ
1375 3634 1507 3704 γοῦν
1532 3635 1958 3706 κατατολμήσας

379 3727 709 3801 ἅπαῤῥήξειε
726 3727 829 3798 τὴν
854 3726 1059 3797 ψυχὴν,
1075 3730 1172 3780 καὶ
1200 3724 1375 3791 οὕτως
1400 3726 1469 3778 ἂν
1488 3727 1620 3797 ῥᾷον
1647 3726 1710 3779 τὸ
1732 3730 1959 3797 κρατεῖν

379 3820 748 3891 περιγένοιτο,
774 3817 1189 3889 ἀνταγωνιστὴν
1227 3817 1562 3872 ἀποϐαλόντι
1607 3817 1755 3889 μάλα
1793 3821 1961 3889 στερο

382 3912 497 3981 pay,
519 3913 615 3965 καὶ
640 3910 795 3982 παρά
822 3909 984 3963 τοῦτο
1016 3910 1223 3972 πάντας
1257 3907 1350 3977 ὑφ’
1376 3908 1576 3963 ἑαυτὸν
1607 3908 1833 3962 ἑλκύσαι
1862 3910 1956 3963 δυ-

380 4007 539 4068 νατὸς
567 4003 817 4074 γένηται.
853 4003 1010 4056 Ἐπεὶ
1032 4002 1089 4056 δὲ
1113 4001 1209 4055 καὶ
1230 4002 1331 4073 τὴν
1365 4004 1562 4072 πεῖραν
1592 4004 1622 4055 ὁ
1651 4002 1794 4064 θεῖος
1814 4004 1956 4075 ἀνὴρ

378 4098 681 4167 ὑποστῆναι
701 4096 920 4165 πρῶτος
942 4095 1342 4166 διωμολόγησε,
1391 4095 1486 4148 καὶ
1515 4096 1958 4165 προσευξάμενος

366 4172 635 4243 Ὶιπέὸαινε
658 4188 758 4258 τῆς
791 4189 972 4257 πυρᾶς
989 4201 1004 4216 ο
1041 4185 1142 4257 τὴν
1165 4187 1223 4239 δὲ
1246 4186 1347 4239 οὐκ
1373 4186 1664 4241 ελάνθανεν
1683 4188 1835 4251 ὅστις
1868 4188 1955 4258 είη

378 4280 474 4333 καλ⁸
494 4278 617 4332 οὑδὶ
642 4278 831 4349 τριχὸς
867 4275 1079 4330 ἑκείνου
1117 4275 1314 4345 ψαύειν
1358 4276 1584 4346 ὶτόλμασ
1623 4277 1750 4331 τότε
1771 4278 1835 4349 δὴ
1865 4279 1959 4332 τὸν

380 4369 559 4439 μάγον
588 4369 756 4438 φόϐου
790 4369 898 4423 καὶ·
919 4367 1124 4431 δειλίας
1142 4350 1826 4439 ὑποπλησθένταμάλιστα
1857 4370 1957 4441 μὲν

377 4458 624 4514 ικποδὼν
649 4460 904 4529 γενέσθαι
928 4462 1026 4514 καὶ
1053 4460 1343 4532 διαδρᾶναι
1360 4460 1462 4530 τὴν
1492 4463 1691 4532 πεῖραν
1720 4464 1957 4535 φανερὸν

378 4553 721 4623 καταστῆναι
762 4553 797 4625 ἢ
843 4553 943 4625 τὴν
971 4552 1135 4625 ᾍδου
1181 4538 1356 4622 κυνῆν
1413 4554 1716 4608 ὑπελθόντα
1736 4532 1950 4622 λαϐεῖν,
1987 4532 2032 4587 δ

378 4648 488 4702 ὑπὸ
515 4648 576 4700 δὲ
594 4646 692 4701 τοῦ
724 4646 963 4718 πλήθους
1001 4648 1097 4699 καὶ
1125 4646 1331 4699 ἄκοντα
1358 4646 1768 4717 συνωθούμενον
1788 4652 1959 4718 ἀναγ-

378 4742 557 4805 καίως
760 4742 993 4810 κάμινον
1039 4739 1341 4794 είσελθείν·
1388 4740 1514 4811 ἥτις
1569 4741 1734 4795 αὑτὸν
1764 4742 1961 4796 θᾶττον

378 4829 528 4886 οὓτω
559 4829 998 4901 περιελάμϐανεν
1026 4827 1129 4898 ἢδη
1175 4827 1275 4881 καὶ
1321 4825 1689 4881 κατεὸόσκετο
1728 4827 1805 4891 ὡς
1835 4830 1963 4883 οὐδὲ

384 4924 518 4995 μίαν
562 4922 695 4992 ὓλην
736 4922 932 4992 ἑτέραν
977 4919 1251 4986 καυθῆναι
1302 4919 1525 4991 ῥᾳδίαν*
1587 4921 1682 4973 καὶ
1715 4920 1830 4989 είγε
1884 4927 1961 4995 μὴ

385 5016 601 5087 φθάσας
636 5016 666 5069 δ
700 5014 875 5085 μέγας
902 5012 1128 5075 Ἕλενος
1172 5013 1460 5083 οἰκτείρων
1483 5010 1675 5083 ὥσπερ
1695 5013 1797 5083 τῆς
1826 5032 1959 5083 συμ.

386 5112 561 5183 φορᾶς
615 5108 708 5162 τδν
745 5107 930 5163 ἄθλιον
974 5105 1314 5177 ἡμίφλεκτον
1343 5105 1508 5169 εὐθὺς
1532 5108 1824 5177 γενόμενον
1866 5109 1961 5163 τοῦ

387 5203 563 5275 πυρὸς
591 5197 1054 5266 άνεσώσατο,’κᾶν
1069 5201 1148 5259 είς
1169 5196 1323 5261 τέλος
1344 5197 1481 5267 αὐτῇ
1508 5200 1711 5271 μαγείᾳ
1736 5200 1830 5253 καὶ
1851 5203 1963 5264 τοῖς

387 5297 693 5367 σοφίσμασι
749 5292 1044 5366 διεφθάρη,
1109 5290 1292 5355 καλῶς
1341 5288 1487 5344 οὕτω
1520 5290 1617 5345 τοῦ
1663 5292 1835 5362 πυρὸς
1861 5292 1962 5363 τὴν

386 5389 604 5460 ἀπάτην
635 5390 736 5443 σον
753 5387 985 5459 ἀληθείᾳ
1008 5385 1363 5444 κολάσαντος.
1394 5381 1583 5437 Ταῦτα
1608 5385 1838 5439 εκείνων
1876 5384 1964 5438 λε-

385 5485 592 5551 γόντων
607 5484 643 5554 ἡ
668 5481 919 5552 μακαρία
944 5480 1181 5535 παντοία
1203 5479 1310 5532 ὑπὸ
1341 5479 1702 5549 περιχαρείας
1726 5480 1961 5548 ἐγίνετο,

386 5574 585 5645 ἥδετο,
637 5573 1037 5644 ἐξεπλήττετο,
1095 5572 1210 5625 τῶν
1265 5570 1727 5639 ἀπαγγελλόντων
1784 5571 1966 5626 ἐδέετο

388 5668 773 5741 προσαχθῆναι
805 5682 865 5719 τε
893 5664 960 5719 δι’
987 5664 1171 5719 αὐτῶν
1208 5665 1305 5717 καὶ
1337 5666 1601 5733 συστῆναι
1627 5664 1708 5735 τῷ
1735 5665 1966 5718 ἐπισκόο

389 5780 476 5831 mp
508 5758 682 5829 αὐτήν
712 5777 773 5813 τε
802 5764 895 5814 καὶ
922 5757 1019 5822 οὓς
1049 5759 1320 5826 ἐπάγεται
1348 5756 1633 5827 ἀδελφοὺς,
1675 5758 1768 5811 καὶ
1794 5758 1967 5822 οὕτως

391 5853 586 5923 ﬁtting
622 5854 758 5922 μονῇ
785 5850 914 5922 τῇδε
949 5849 1113 5920 ζῆσαι
1166 5850 1320 5917 κοινῇ
1360 5848 1767 5921 συνδιάγοντας.
1808 5848 1967 5905 Οὕτω

715 5950 1005 6009 Parnm..-
1038 5946 1153 6009 Gtt.
1200 5941 1405 6010 CXVI.

2051 1972 2295 2049 Christo.
2348 1974 2576 2030 Zaream
2619 1986 2803 2031 autem
2844 1992 3127 2036 assumere
3160 1981 3396 2044 socium.
3444 1984 3631 2039 homi-

2057 2078 2184 2120 nem
2247 2068 2341 2136 qui
2396 2066 2739 2137 gloriabatur
2793 2068 3106 2127 dtemonum
3150 2075 3473 2146 praestigiis,
3525 2077 3631 2132 hoc

2052 2157 2404 2213 existimabat
2456 2161 2547 2215 vel
2593 2161 2713 2215 solo
2760 2176 2883 2217 esse
2926 2162 3118 2218 auditu
3169 2165 3627 2224 abominandum.

2052 2249 2354 2321 Postquam
2398 2266 2530 2322 ergo
2569 2252 2692 2308 dies
2725 2252 2886 2309 aﬂuit
2916 2255 3244 2326 prtelinitus,
3290 2261 3525 2316 accessit
3561 2264 3628 2316 ad

2054 2340 2509 2411 disputationem.
2551 2342 2622 2398 Et
2670 2344 2913 2415 primum
2970 2346 3195 2416 quidem
3241 2365 3371 2405 eum
3423 2352 3634 2409 acriter

2056 2443 2142 2489 est
2170 2433 2421 2499 adortus,
2474 2444 2532 2490 et
2570 2435 2788 2492 crebris
2834 2450 3051 2508 magum
3087 2440 3292 2497 invasit
3330 2459 3627 2515 argumen-

2060 2526 2151 2581 tis.
2184 2528 2489 2598 Postqusm
2532 2539 2719 2585 autem
2766 2530 2909 2585 vidit
2936 2546 3063 2586 eum
3103 2533 3185 2588 uti
3230 2541 3548 2608 arrogantia
3578 2548 3634 2592 et

2055 2620 2371 2687 insolentia,
2404 2630 2665 2692 tanquam
2710 2624 2905 2689 armis,
2945 2634 3003 2679 et
3033 2627 3372 2684 contendere
3403 2629 3512 2685 sibi
3538 2646 3602 2699 pa
3622 2660 3635 2671 -

2055 2727 2182 2768 rare
2215 2713 2533 2781 victoriam,
2570 2730 2680 2771 non
2721 2730 2789 2772 ex
2816 2719 3069 2783 veritate,
3105 2721 3204 2776 sed
3240 2737 3309 2777 ex
3341 2725 3635 2791 impuden-

2055 2806 2158 2871 tia,
2208 2807 2464 2877 permisit
2515 2807 2663 2863 faeto
2700 2809 3009 2880 judicium;
3061 2820 3117 2866 et
3164 2812 3322 2884 jubet
3374 2831 3632 2886 magnum

2055 2898 2241 2968 ignem
2291 2898 2524 2955 accendi
2573 2903 2633 2955 in
2682 2900 2865 2956 media
2912 2902 3159 2970 civitate,
3207 2905 3400 2961 ambos
3449 2917 3633 2963 autem

2056 2989 2336 3045 ﬂammam
2371 2991 2613 3062 ingredi,
2637 2999 2693 3048 et
2715 2992 2808 3063 qui
2836 3007 3033 3049 eorum
3065 3006 3319 3052 manetet
3350 2997 3555 3071 illtesus
3580 3013 3638 3055 et

2056 3082 2185 3153 igne
2230 3082 2452 3150 fortior,
2503 3098 2632 3140 eum
2671 3100 2794 3139 esse
2843 3093 3055 3156 aperte,
3102 3090 3197 3158 qui
3232 3102 3261 3142 a
3293 3072 3519 3145 Christo
3551 3092 3643 3145 est

1977 3194 2024 3254 ρ
2057 3175 2280 3240 missus,
2320 3182 2381 3231 et
2418 3175 2644 3248 dignum
2680 3192 2825 3242 esse,
2854 3178 2949 3248 qui
2985 3180 3180 3235 doceat
3212 3180 3363 3235 illius
3399 3181 3635 3238 clerum.

2130 3268 2266 3325 Vlll.
2309 3267 2607 3340 Postquam
2640 3285 2771 3325 vero
2801 3270 2969 3325 verba
3009 3270 3076 3324 ad
3127 3284 3244 3327 rem
3289 3280 3419 3326 sunt
3467 3273 3640 3327 dedu-

2057 3372 2170 3429 cta,
2216 3373 2274 3418 et
2300 3362 2519 3419 ﬂamma
2551 3364 2663 3435 jam
2714 3363 2821 3419 fuit
2852 3365 2911 3419 in
2959 3365 3129 3419 altum
3177 3365 3414 3429 sublata,
3457 3375 3638 3419 metus

2058 3455 2284 3525 quidem
2316 3456 2506 3511 statim
2538 3456 2744 3511 invasit
2767 3454 3019 3518 Zaream,
3049 3463 3105 3510 et
3130 3455 3365 3526 jubebat
3394 3456 3636 3525 primum

2057 3549 2281 3620 ingredi
2316 3548 2609 3614 Helenum,
2651 3549 2758 3603 hoe
2791 3546 2937 3616 apud
2972 3560 3054 3608 se,
3104 3553 3164 3599 ut
3193 3546 3439 3610 videtur,
3488 3546 3639 3616 cogi-

2061 3651 2183 3698 tans
2247 3642 2396 3712 quod
2450 3641 2537 3697 vel
2583 3656 2693 3695 non
2753 3640 3000 3704 audens,
3065 3639 3338 3695 dedecore
3396 3639 3639 3695 llelenus

2059 3733 2353 3801 amcietur,
2386 3744 2484 3788 aut
2520 3733 2567 3788 si
2599 3747 2769 3787 ausus
2809 3732 3003 3798 fuerit,
3038 3732 3256 3788 emittet
3285 3734 3548 3796 animam,
3580 3742 3635 3786 et

2059 3826 2141 3882 sic
2174 3826 2338 3881 facile
2379 3826 2553 3880 fuerit
2594 3824 2647 3880 ei
2695 3825 2946 3891 vincere,
2979 3839 3106 3879 cum
3151 3824 3351 3880 fortem
3386 3822 3635 3878 amiserit

2059 3916 2466 3982 adversarium,
2507 3924 2566 3971 et
2601 3915 2684 3970 sic
2711 3929 2905 3969 omnes
2937 3913 3145 3984 poterit
3174 3913 3242 3967 ad
3286 3927 3344 3967 se
3391 3913 3632 3967 trahere.

2060 4013 2359 4081 Postquam
2402 4016 2588 4062 autem
2620 4006 2709 4060 vir
2735 4004 2829 4060 ille
2872 4004 3094 4060 divinus
3125 4003 3411 4075 professus
3455 4008 3541 4057 est
3577 4016 3636 4056 se

2060 4108 2305 4177 primum
2363 4100 2680 4157 subiturum
2726 4099 3058 4177 perieulum,
3107 4107 3164 4154 et
3203 4113 3329 4154 cum
3382 4108 3637 4169 precatus

2058 4176 2226 4259 esset,
2264 4206 2458 4263 rogum
2482 4199 2568 4246 est
2612 4176 2929 4261 ingressus‘;
2956 4189 3112 4245 illum
3147 4203 3278 4244 vero
3310 4204 3420 4243 non
3451 4188 3634 4253 latuit,

2058 4286 2316 4358 quisnam
2363 4291 2533 4359 esset,
2571 4292 2629 4337 et
2662 4296 2766 4337 nec
2790 4279 2940 4336 illius
2982 4280 3207 4351 quidem
3245 4280 3418 4349 pilum
3466 4295 3638 4335 ausus

2059 4388 2143 4435 est
2207 4389 2482 4450 tangere;
2533 4383 2665 4431 tunc
2706 4374 2862 4429 aiunt
2910 4388 3130 4445 magum
3170 4373 3324 4428 illum
3385 4381 3535 4428 metu
3583 4385 3640 4428 et

2062 4482 2278 4527 terrore
2322 4470 2591 4540 repletum
2622 4507 2638 4533 ,
2691 4466 2989 4521 recessisse
3033 4464 3279 4537 quidem,
3337 4474 3397 4520 et
3447 4473 3639 4535 aperte

2062 4563 2374 4621 ostendisse
2420 4576 2479 4616 se
2514 4562 2694 4616 vitare
2742 4557 3077 4630 periculum,
3127 4567 3223 4614 aut
3260 4555 3517 4614 Plutonis
3548 4573 3640 4627 pa-

2060 4657 2203 4713 leam
2252 4655 2581 4711 subeuntem
2629 4651 2859 4706 latuisse
2900 4665 2980 4706 :a
3033 4646 3393 4706 multitudine
3452 4660 3638 4706 autem

2061 4759 2406 4821 protrusum,
2460 4744 2744 4800 fornacem
2781 4743 2869 4798 vel
2922 4741 3159 4798 invitum
3194 4742 3451 4797 intrasse.
3509 4740 3641 4807 Quae

2062 4853 2190 4894 eum
2218 4851 2374 4908 teque
2408 4834 2568 4891 facile
2596 4835 2708 4906 jam
2746 4831 3255 4903 comprehendebat
3294 4841 3351 4887 et
3377 4832 3643 4900 depasce-

2063 4930 2177 4994 bat,
2205 4938 2370 4999 atque
2400 4924 2656 4998 quamvis
2688 4924 2855 4979 aliam
2897 4932 3085 4995 aptam
3117 4922 3185 4978 ad
3221 4921 3491 4978 urendum
3530 4936 3641 4975 ma-

2065 5021 2262 5077 teriam
2288 5038 2301 5075 :
2323 5029 2381 5076 et
2407 5018 2513 5075 nisi
2546 5033 2777 5090 magnus
2802 5016 3046 5073 Belenus
3084 5015 3273 5072 miseri
3305 5014 3640 5071 calamitatis

2065 5115 2349 5182 misertus,
2387 5128 2538 5176 eum,
2567 5128 2694 5169 cum
2724 5113 2835 5184 jam
2880 5119 3027 5168 esset
3058 5111 3375 5177 semiustus,
3417 5123 3637 5165 servas-

2066 5202 2174 5272 set.
2215 5209 2337 5280 ipsa
2385 5206 2562 5277 magia
2611 5214 2669 5261 et
2709 5205 2927 5260 callidis
2959 5205 3074 5260 suis
3118 5204 3362 5260 inventis
3410 5202 3638 5259 omnino

2067 5300 2348 5372 periisset,
2382 5297 2464 5353 sic
2491 5295 2726 5368 pulchre
2755 5298 2882 5368 igne
2909 5295 3160 5350 fraudem
3202 5293 3466 5365 puniente
3509 5307 3637 5348 cum

2066 5391 2318 5447 veritate.
2347 5389 2472 5444 Haec
2502 5388 2612 5443 illis
2651 5387 2991 5452 dicentibus,
3023 5388 3182 5443 beata
3211 5387 3307 5442 illa
3356 5401 3471 5457 prae
3510 5400 3643 5457 gan-

2066 5483 2160 5539 dio
2189 5483 2342 5536 varie
2371 5479 2736 5543 afﬁciebatur,
2760 5480 3070 5545 lzetabatur,
3107 5477 3511 5545 admirabatur,
3540 5490 3641 5532 eos

2067 5574 2162 5646 qui
2194 5573 2515 5638 narrabant,
2566 5571 2797 5639 rogabat
2826 5580 2888 5625 ut
2923 5585 3022 5643 per
3052 5572 3204 5642 ipsos
3236 5568 3638 5634 adduceretur,

2067 5674 2123 5721 et
2160 5663 2421 5734 episcopo
2447 5661 2934 5717 commendaretur
2976 5661 3095 5731 ipsa
3139 5668 3196 5716 et
3240 5659 3444 5715 fratres
3500 5656 3653 5729 quos

2070 5757 2315 5822 adducit,
2363 5766 2421 5810 et
2471 5753 2555 5810 sic
2603 5753 2663 5809 in
2723 5755 2829 5811 hoc
2878 5755 3220 5811 monasterio
3269 5755 3647 5810 communiter

2072 5854 2345 5909 viverent.
2376 5846 2454 5903 lta
2480 5847 2682 5904 obnixe
2714 5864 2930 5920 rogans,
2966 5844 3266 5921 persuadet
3297 5842 3555 5917 cuiquam
3576 5856 3659 5899 cx;
3764 5860 3773 5870 ο

3025 5936 3264 6007 ’2οσ
