4122 6380
513 370 619 433 illi)

1738 356 2029 418 MENSIS
2067 355 2505 417 DECEMBER.

3659 349 3765 414 ιε)

510 483 579 536 iis
612 480 707 550 qui
743 474 993 536 aderant,
1030 469 1127 540 qui
1168 466 1471 524 vocabatur
1502 464 1828 537 EutrOpius,
1857 474 1918 520 ut
1962 464 2080 521 haec

2194 465 2325 535 μετὰ
2354 464 2556 535 πολλῆς
2600 462 2832 536 δεομένη
2880 462 2976 532 τῆς
3010 459 3340 533 προσιδρίας
3360 459 3542 515 πείθει
3563 459 3630 533 δὴ
3658 462 3767 515 τῶν

510 573 696 627 omnia
728 568 780 622 ei
808 565 1026 631 fierent,
1061 572 1115 619 et
1149 576 1346 636 preces
1370 560 1617 616 deferret
1642 559 1708 614 ad
1737 559 2081 629 episcopum.

510 662 767 732 Quando,
806 658 1012 731 inquit,
1043 655 1273 712 divertit
1305 662 1362 709 et
1392 653 1638 724 palulum
1666 650 1965 720 requievit,
1995 650 2085 707 ille

510 765 825 828 Opportune
855 762 914 810 et
954 752 1014 807 in
1052 749 1168 806 otio
1199 746 1414 821 praebet
1443 745 1495 802 ei
1536 744 1632 817 qui
1667 742 1827 811 dicit,
1856 743 2086 799 audien-

508 850 665 905 tiam.

580 1030 673 1087 1X.
714 1027 940 1085 Interim
975 1035 1161 1082 autem
1189 1038 1322 1080 unm
1360 1022 1479 1078 haec
1517 1022 1667 1077 inter
1694 1035 1754 1078 se
1785 1020 2091 1092 loqueban-

512 1136 630 1193 tur,
653 1120 1172 1192 appropinquarunt
1199 1115 1561 1181 monasterio,
1590 1125 1643 1170 et
1674 1113 1777 1184 ipsi
1810 1114 2093 1169 intrarunt

438 1234 448 1241 '
511 1233 636 1276 cum
672 1214 960 1286 episcopo.
998 1210 1116 1267 Una
1146 1224 1281 1265 vero
1310 1222 1434 1263 cum
1463 1207 1545 1262 eis
1575 1207 1825 1277 ingressa
1855 1213 1941 1261 est
1976 1204 2088 1260 Eu-

510 1311 698 1381 genia,
727 1305 1064 1362 adolescenti
1095 1304 1257 1373 plane
1286 1301 1484 1357 similis
1514 1308 1569 1356 et
1590 1315 1748 1355 coma
1778 1306 1832 1354 et
1858 1297 2085 1354 vestitu.

510 1404 649 1458 Cum
696 1401 809 1473 iam
853 1406 1039 1453 autem
1091 1394 1357 1450 incitatus
1415 1391 1611 1448 fuisset
1661 1390 1966 1460 Eutropius
2018 1387 2089 1445 ad

511 1490 937 1565 significandum
975 1487 1043 1542 de
1073 1500 1137 1541 ea
1174 1484 1457 1555 episcopo,
1494 1474 1772 1553 quoddam
1810 1478 2089 1536 somnium

512 1601 573 1642 se
601 1583 804 1639 obtulit
839 1582 1071 1645 lleleno,
1103 1577 1200 1648 qui
1227 1585 1353 1648 post
1378 1574 1626 1630 divinam
1658 1571 1906 1646 mysterii
1938 1570 2089 1627 celes

515 1664 828 1751 brationeni
880 1671 949 1727 ad
1014 1684 1272 1725 somnum
1326 1667 1722 1723 declinaverat.
1772 1664 1904 1720 Erat
1956 1676 2090 1718 vero

514 1764 834 1840 huiusmodi
858 1762 1134 1820 somnium
1168 1778 1182 1815 :
1215 1758 1497 1829 Sculptum
1529 1756 1806 1828 quoddam
1838 1753 2091 1810 mulieris

2189 557 2475 626 παρόντων
2492 557 2590 612 ἕνα
2605 557 2728 612 τινὰ
2746 557 2851 610 Εύτ
2860 556 3047 627 ρόπιον
3065 554 3210 611 οὕτω
3226 554 3562 626 καλούμενον
3586 555 3769 611 πάντα

2185 650 2362 723 ταύτῃ
2384 649 2640 720 γενέσθαι
2666 649 2764 704 καὶ
2792 649 2869 719 τῷ
2905 649 3194 720 ὲπισκόπῳ
3239 648 3339 720 τὴν
3377 648 3564 720 δέησιν
3590 663 3769 719 προσ-

2187 746 2460 812 αγγεῖλαι.
2498 742 2773 815 Ὀπηνίκα
2803 739 2869 814 δὴ
2898 740 3244 815 καταλύσας,
3281 740 3468 811 φησὶν,
3519 736 3641 815 εἶτα
3673 758 3767 811 μιο

2188 808 2323 905 κρδν
2374 808 2884 906 διαναπαυσάμενος
2931 808 3220 902 εὐκαίρως
3266 808 3362 887 καί
3397 833 3539 887 κατὰ
3571 808 3768 905 ciuili-4

2188 931 2396 992 ἐκεῖνος
2423 927 2615 997 ὑπέχει
2643 927 2743 995 τὴν
2774 924 2943 997 ἀκοὴν
2974 926 3056 996 τῷ
3077 924 3311 993 λέγοντι.

2261 1023 2345 1079 8'.
2383 1022 2475 1077 Ἐν
2512 1014 2556 1089 ᾧ
2585 1020 2641 1073 δὲ
2668 1020 2842 1074 ταῦτα
2863 1020 3002 1091 πρὸς
3031 1018 3296 1089 ἀλλήλους
3321 1017 3582 1087 ὡμίλουν,
3606 1021 3773 1091 ﬁni-

2193 1131 2294 1171 σαν
2314 1113 2393 1183 τῷ
2428 1113 2803 1183 μοναστηρίῳ,
2845 1113 2939 1166 καὶ
2967 1111 3124 1165 αὐτοί
3171 1128 3230 1167 τε
3265 1112 3405 1182 μετὰ
3434 1112 3528 1166 τοῦ
3550 1112 3775 1167 ἐπισκό-

2192 1224 2297 1263 που
2326 1208 2607 1279 εἰσῄεσαν,
2659 1206 2755 1261 καὶ
2796 1206 2895 1278 τὴν
2926 1205 3192 1275 Εύγενίαν
3219 1201 3366 1276 εἶχον
3392 1206 3775 1261 συνεισιοῦσαν

2191 1300 2466 1370 νεανίσκῳ
2497 1298 2635 1375 πρὸς
2665 1297 2955 1368 ἀκρίϐειαν
2995 1297 3239 1351 ἐοικυῖαν
3259 1298 3325 1368 τῇ
3374 1314 3437 1350 τι
3496 1298 3647 1367 κόμῃ
3678 1301 3775 1353 καὶ

2189 1394 2261 1462 τῇ
2297 1389 2484 1462 στολῇ.
2518 1389 2656 1460 Ἤδη
2692 1388 2750 1442 δὲ
2783 1387 3124 1460 ὡρμημένου
3156 1387 3249 1441 τοῦ
3296 1385 3603 1458 Εύτροπίου
3634 1405 3775 1458 γνω-

2196 1481 2342 1553 ρίσαι
2372 1480 2451 1552 τῷ
2487 1481 2778 1550 ίπισκόπῳ
2806 1479 2879 1533 τὰ
2928 1480 3052 1533 κατ’
3106 1477 3299 1551 αὐτὴν,
3349 1479 3558 1551 ὄνειρός
3576 1497 3662 1544 τις
3684 1480 3775 1549 ὲφο

2195 1571 2422 1628 ίπταται
2465 1571 2546 1645 τῷ
2610 1569 2816 1643 Ἑλένῳ
2868 1570 3007 1643 μετὰ
3034 1571 3136 1643 τὴν
3166 1569 3316 1626 θείαν
3371 1571 3777 1647 μυσταγωγίαν

2192 1665 2331 1736 πρὸς
2366 1664 2535 1719 ὕπνον
2592 1663 2852 1719 κλίνοντι.
2914 1664 3026 1718 Καὶ
3053 1661 3086 1718 6
3128 1662 3371 1735 δνειρος⁹
3421 1663 3674 1718 Γλυπτόν
3717 1680 3775 1718 τι

2193 1757 2665 1828 ἐδόκειηιγυναικὸς
2698 1740 2922 1814 είδὼλον
2953 1754 3051 1811 ὑπ’
3078 1755 3294 1829 ἀνδρῶν
3321 1756 3555 1828 ἐντίμως
3581 1756 3778 1813 διαϐαο

513 1861 873 1917 sinmlacrum
910 1855 1209 1912 videbatur
1248 1868 1278 1907 a
1309 1848 1623 1930 virisferri
1656 1847 1986 1913 honorifice,
2032 1855 2090 1902 et

2195 1850 2488 1918 στάζεσθαι
2507 1852 2601 1905 καὶ
2626 1848 2787 1905 τοῦτο
2805 1848 3129 1920 νομίζεσθαι
3147 1852 3280 1921 παρ’
3311 1850 3498 1915 αὐτοῖς
3523 1848 3598 1914 ὡς
3619 1849 3773 1904 θεόν’

509 1955 571 2010 id
607 1953 679 2008 ab
721 1951 807 2008 eis
853 1958 1113 2020 tanquam
1155 1946 1319 2001 deum
1370 1941 1663 2013 reputari;
1704 1940 1861 1995 illum
1903 1947 2090 1992 autem

511 2061 656 2118 :egre
678 2044 968 2107 ferentem,
991 2040 1141 2110 quod
1164 2037 1423 2097 homines
1438 2034 1859 2105 deciperentur,
1883 2029 2092 2085 dixisse

513 2140 566 2196 ei
594 2138 734 2202 deae,
756 2150 878 2206 quae
901 2141 1022 2189 erat
1050 2130 1198 2203 apud
1227 2130 1379 2200 ipsos
1407 2145 1422 2182 :
1450 2127 1624 2192 itane,
1656 2139 1781 2179 cum
1807 2122 1886 2177 sis
1926 2136 1955 2176 a
1978 2120 2091 2175 Deo

512 2244 700 2288 creata
727 2241 784 2286 et
809 2227 973 2284 nobis
995 2240 1286 2289 conserva,
1308 2220 1553 2278 sustines
1581 2218 1652 2273 ab
1681 2216 1818 2288 ipsis
1846 2213 2087 2280 adorari,

510 2336 567 2380 et
601 2325 717 2380 Deo
745 2336 932 2393 parem
974 2316 1261 2389 reputari?
1290 2315 1385 2370 illa
1409 2327 1547 2369 vero
1586 2326 1715 2366 cum
1751 2310 1857 2364 hoc
1884 2307 2095 2363 audiis-

512 2428 617 2481 set,
642 2414 895 2485 protinus
917 2424 1045 2465 eum
1066 2407 1252 2463 adhuc
1280 2410 1622 2476 portaretur,
1645 2417 1677 2458 a
1701 2401 1837 2457 viris
1865 2400 2091 2471 quidem

513 2508 785 2572 recessit;
823 2519 951 2561 eum
982 2511 1169 2559 autem
1202 2506 1291 2556 est
1328 2510 1544 2563 secuta,
1575 2496 1712 2553 tales
1738 2510 1903 2552 voces
1931 2493 2094 2550 emit-

515 2610 643 2657 tens
690 2618 704 2654 :
739 2597 809 2655 At
847 2610 950 2668 ego
993 2610 1025 2650 a
1074 2602 1126 2648 te
1176 2589 1409 2646 minime
1453 2586 1738 2653 recedam,
1789 2585 1967 2641 donec
2002 2598 2091 2639 me

511 2691 813 2747 adduxeris
857 2687 925 2743 ad
983 2684 1327 2743 Creatorem.
1377 2680 1507 2737 Haec
1561 2678 1804 2735 Helenus
1865 2676 2091 2749 quidem

509 2784 650 2839 vidit
682 2782 738 2836 in
775 2778 1011 2835 somnis.
1047 2774 1334 2831 Excitatus
1365 2779 1574 2834 autem,
1605 2768 1752 2841 apud
1787 2782 1847 2825 se
1871 2767 2093 2823 dubita-

510 2877 629 2942 bat,
677 2885 917 2945 quonam
954 2866 1269 2923 rediturum
1312 2869 1482 2929 esset,
1532 2861 1682 2933 quod
1733 2875 1765 2916 a
1804 2874 1864 2919 se
1908 2858 2088 2913 visum

510 2969 710 3024 fuerat.
767 2962 964 3019 Statim
1018 2974 1152 3014 vero
1194 2955 1418 3013 advenit
1464 2953 1788 3024 Eutropius,
1832 2950 1930 3022 qui
1979 2960 2094 3005 tan-

509 3073 674 3131 quam
715 3056 782 3111 de
822 3056 943 3110 viro
982 3052 1219 3122 loquens
1254 3049 1324 3105 de
1364 3046 1610 3119 Eugenia
1635 3062 1649 3102 :
1674 3045 1816 3113 Viri,
1846 3044 1925 3100 ait
1968 3041 2088 3112 epi-

2193 1945 2289 1999 τὸν
2340 1945 2398 1999 δὲ
2430 1948 2496 2016 τῇ
2547 1944 2737 2016 ἀπάτῃ
2766 1943 2881 1998 τῶν
2938 1943 3249 2016 ἀνθρώπων
3299 1944 3774 2016 περιαλγήσαντα,

2194 2036 2361 2108 φάναι
2393 2035 2532 2107 πρὸς
2556 2037 2656 2111 τῂν
2684 2037 2817 2107 παρ’
2848 2036 3038 2100 αὐτοῖς
3063 2036 3224 2092 θεάνο
3248 2032 3404 2101 Εἶτα,
3430 2037 3496 2090 σὺ
3524 2038 3582 2092 δι
3608 2039 3778 2113 ἀνέχῃ

2194 2130 2404 2199 κτίσμα
2456 2125 2594 2185 οὖσα
2646 2128 2785 2184 Θεοῦ
2824 2131 2919 2184 καὶ
2953 2131 3084 2201 ἡμῖν
3114 2130 3405 2202 ὁμόδουλος
3439 2129 3533 2184 ὑπ’
3591 2132 3779 2185 αὐτῶν

2194 2222 2624 2292 προσκυνεῖσθαι
2654 2223 2752 2277 καὶ
2776 2221 2867 2275 ίσα
2897 2204 3018 2292 Θεῷ
3044 2221 3365 2292 νομίζεσθαι
3392 2239 3411 2288 ;
3433 2223 3605 2279 Τοῦτο
3630 2224 3776 2277 ἑκεί-

2193 2333 2293 2387 νην
2339 2315 2657 2370 ἀκούσασαν
2686 2315 2851 2382 εὐθὺς
2900 2315 2987 2370 ἔτι
3011 2315 3436 2387 βασταζομὲνην
3464 2317 3776 2387 ἀποστῆναι

2196 2408 2298 2478 μὲν
2330 2408 2441 2462 τῶν
2472 2407 2706 2480 ἀνδρῶν,
2729 2408 3047 2465 ἀκολουθεῖν
3067 2409 3124 2463 δὲ
3142 2408 3293 2479 αύτῷ
3314 2410 3571 2474 τοιαύτας
3590 2412 3777 2480 ἀφιεῖ-

2194 2517 2297 2557 σαν
2328 2503 2535 2572 φωνάς·
2580 2502 2721 2556 ’Δλλ’
2754 2505 2933 2572 ἔγωγε
2964 2502 3220 2573 οὐδαμῶς
3258 2504 3653 2575 ἀποστήσομαί
3678 2520 3773 2558 σου

2192 2594 2300 2661 ἕως
2329 2594 2397 2648 ἂν
2432 2594 2512 2665 τῷ
2565 2594 2763 2668 κτίστῃ
2820 2611 2890 2665 με
2941 2595 3332 2667 προσαγάγῃς.
3382 2596 3571 2651 Ταῦτα
3620 2595 3779 2667 μὶνό

2195 2688 2417 2779 Ἕλενος
2445 2687 2594 2760 ἐώρα
2619 2688 2763 2742 κατὰ
2788 2689 2917 2752 τοὺς
2943 2688 3169 2753 ὕπνους.
3219 2689 3539 2759 Διεγερθεὶς
3570 2689 3630 2743 δὲ
3660 2690 3778 2759 διη-

2192 2781 2351 2852 πόρει
2382 2780 2505 2835 καθ’
2538 2781 2734 2835 ἑαυτὸν
2759 2781 2841 2845 είς
2867 2780 2923 2834 τί
2947 2780 3015 2835 ἂν
3069 2782 3167 2836 καὶ
3200 2780 3439 2851 ἀποϐαίη
3462 2781 3525 2835 τὸ
3552 2780 3774 2852 ὀραθέν.

2193 2874 2298 2927 Kal
2348 2872 2551 2929 αὐτίκα
2608 2873 2854 2945 παρέστη
2896 2876 2926 2928 ὁ
2980 2872 3310 2945 Εὑτρόπιος,
3344 2874 3404 2938 ὃς
3432 2874 3547 2947 ἄρα
3572 2875 3665 2929 καὶ
3695 2873 3773 2937 ὡς

2191 2965 2322 3035 περὶ
2370 2965 2563 3036 ἀνδρὸς
2624 2967 2725 3035 τῆς
2783 2965 3055 3034 Εὑγενίας
3104 2966 3395 3031 διεξελθὼν
3442 2967 3536 3021 τὸν
3576 2967 3773 3036 λόγον,

2195 3056 2446 3128 Ἄνδρες,
2488 3056 2593 3128 ἔφη
2629 3056 2766 3127 πρὸς
2823 3057 2914 3111 τὸν
2970 3058 3297 3127 ἐπίσκοπον,
3330 3062 3502 3130 τρεῖς,
3549 3062 3775 3131 ἀδελφοὶ

510 3164 706 3220 scopo,
762 3156 896 3212 tres,
941 3144 1150 3200 fratres
1206 3142 1432 3206 animis,
1486 3139 1692 3195 fratres
1739 3136 2085 3207 corporibus,

2194 3147 2290 3212 τὰς
2318 3148 2522 3219 ψυχὰς,
2553 3150 2776 3220 ἀδελφοὶ
2812 3136 2882 3205 τὰ
2910 3150 3165 3222 σώματα,
3191 3152 3513 3222 ὁμοφρόνως
3550 3154 3672 3223 ἄρτι
3703 3154 3773 3205 τὰ

512 3240 783 3313 ahjuratis
813 3237 976 3292 modo
1015 3235 1185 3289 rebus
1216 3231 1527 3304 gentilium,
1562 3231 1620 3287 in
1654 3240 1749 3284 tuo
1780 3243 1943 3299 grege
1966 3242 2088 3282 vero

510 3341 751 3395 santur,
799 3328 871 3384 ad
926 3326 1212 3382 Christum
1286 3322 1655 3384 accedentes,
1719 3329 1774 3377 et
1839 3320 2091 3376 divinum

512 3420 850 3492 baptismum
904 3424 1164 3486 rogantes
1215 3414 1439 3485 assequi
1471 3421 1568 3468 :et
1607 3412 1809 3468 deinde
1849 3410 2090 3476 tonderi,

513 3522 570 3567 et
605 3508 799 3566 referri
831 3508 888 3562 in
921 3520 1218 3563 numerum
1257 3504 1459 3563 horum
1492 3502 1918 3559 monachorum.
1950 3499 2088 3557 Cum

512 3602 628 3659 sint
680 3608 866 3656 autem
905 3599 1162 3672 juvenes,
1220 3605 1277 3652 et
1330 3612 1361 3653 a
1419 3611 1478 3651 se
1533 3594 1771 3650 invicem
1815 3593 2092 3664 pendeant

513 3688 945 3753 admirabiliter,
1001 3687 1106 3743 hoc
1148 3696 1346 3758 petunt
1400 3693 1604 3757 praeter
1650 3694 1870 3750 caetera,
1928 3694 1985 3738 ut
2030 3698 2090 3739 se

513 3782 749 3839 invicem
791 3781 942 3836 nulla
991 3780 1047 3835 in
1096 3794 1155 3835 re
1196 3779 1610 3850 disiungantur,
1648 3792 1759 3831 non
1809 3776 1867 3832 in
1898 3791 2088 3847 opere,

516 3888 625 3927 non
654 3871 711 3926 in
744 3869 1106 3937 habitatione,
1132 3884 1313 3940 neque
1351 3868 1409 3923 in
1444 3868 1628 3938 aliqua
1662 3868 1766 3922 alia
1800 3882 2093 3922 conversa-

516 3962 667 4017 tione
699 3976 712 4014 :
746 3960 841 4016 sed
870 3958 1046 4014 dividi
1072 3974 1185 4014 non
1206 3956 1440 4029 possint,
1468 3956 1562 4026 qui
1594 3956 1675 4012 sic
1701 3966 1830 4011 sunt
1862 3954 2093 4024 conjun-

516 4051 591 4108 eti
620 4051 676 4107 in
698 4049 903 4106 Christi
934 4048 1188 4104 nomine.
1213 4047 1338 4103 llaec
1361 4045 1498 4101 mihi
1521 4046 1805 4109 dixerunt,
1833 4042 2094 4114 lacrymis

514 4132 727 4201 vultum
760 4158 952 4199 eorum
997 4138 1310 4215 rigantibus
1337 4146 1412 4205 et,
1457 4148 1521 4195 ut
1556 4136 1745 4193 omnia
1778 4134 1877 4191 tibi
1916 4135 2094 4191 decla-

515 4252 717 4301 rarem,
754 4235 1113 4289 vehementer
1139 4240 1428 4303 rogarunt.
2104 4220 2107 4225 “

584 4336 653 4393 Χ.
695 4337 835 4393 Cum
886 4353 956 4392 es
1016 4337 1104 4392 liis
1170 4335 1502 4406 conjecisset
1569 4332 1845 4390 somnium
1898 4332 2094 4388 beatus

515 4432 865 4494 llelenus,_et
897 4438 957 4484 ut
985 4428 1303 4499 Oportebat,
1337 4442 1436 4496 pro
1468 4427 1731 4482 omnibus
1754 4425 1866 4480 Deo
1890 4424 2092 4497 egisset

2204 3242 2474 3312 Ἑλλήνων
2515 3240 2937 3314 ὲξομοσάμενοι,
2992 3245 3096 3300 ἀνὰ
3128 3247 3231 3317 τὴν
3276 3248 3375 3316 σὴν
3429 3246 3769 3316 διατρίϐουσι

2192 3331 2434 3401 ποίμνην
2464 3332 2689 3404 Χριστῷ
2744 3334 3141 3404 προσελθόντες
3161 3335 3257 3390 τοῦ
3301 3353 3362 3390 τε
3392 3335 3539 3389 θείου
3571 3335 3774 3407 βαπτί-

2193 3441 2400 3495 σματος
2427 3426 2705 3491 ἀξιοῦντες
2734 3430 2942 3498 τυχεῖν,
2984 3424 3105 3482 εἶτα
3142 3428 3438 3500 κείρασθαι
3466 3432 3565 3495 τὰς
3593 3432 3773 3499 κόμας

2193 3520 2288 3572 καὶ
2308 3520 2423 3582 τοῖς
2446 3513 2547 3573 ὧδε
2583 3523 2842 3591 μοναχοῖς
2871 3520 3218 3593 ιγκριθῆναι.
3250 3523 3384 3576 Νέοι
3406 3524 3466 3578 δὲ
3492 3523 3647 3589 ὅντες
3677 3526 3773 3579 κιὶ

2194 3611 2438 3681 ἀλλήλων
2470 3613 2770 3683 ὑπερφυῶς
2804 3616 3110 3686 ἠρτημένοι
3144 3617 3240 3670 καὶ
3270 3616 3432 3671 τοῦτο
3472 3618 3611 3688 πρὸς
3657 3622 3773 3683 τοϊς

2191 3703 2375 3767 ἄλλοις
2424 3704 2707 3759 αίτοῦνται
2740 3707 2878 3776 μηδὲ
2919 3707 3050 3778 μίαν
3081 3707 3265 3762 αὐτῶν
3297 3710 3356 3762 ὲν
3394 3711 3586 3780 μηδενὶ
3612 3713 3770 3781 γενέ-

2194 3791 2323 3845 σθαι
2357 3792 2667 3861 διάστασιν,
2707 3797 2782 3866 μὴ
2835 3798 2975 3852 κατὰ
3034 3798 3136 3870 τὴν
3171 3801 3459 3868 ἐργασίαν,
3518 3805 3595 3871 μὴ
3626 3802 3777 3854 κατὰ

2193 3887 2292 3955 τὴν
2326 3890 2562 3956 οἴκησιν,
2597 3890 2736 3958 μήτε
2769 3891 2875 3961 μὴν
2899 3890 3028 3961 περί
3056 3908 3180 3947 τινα
3205 3893 3377 3964 ἄλλην
3396 3897 3769 3966 ἀναστροφὴν,

2193 3978 2310 4033 ἀλλ’
2344 3978 2519 4043 οὓτως
2567 3981 2909 4052 ἀδιαιρέτους
2957 3978 3100 4038 εἶναι
3133 3984 3377 4057 Χριστοῦ
3415 3986 3494 4056 τῷ
3544 3987 3775 4057 ὀνόματι.

2195 4074 2600 4144 συνημμένους.
2643 4073 2832 4129 Ταῦτα
2890 4076 3032 4146 πρός
3083 4094 3153 4148 με
3214 4078 3475 4149 εἰρήκασι
3521 4079 3773 4151 δακρύων

2193 4166 2376 4221 αύτῶν
2416 4169 2533 4231 τοῖς
2586 4169 2903 4237 προσώποις
2960 4172 3374 4243 ὑπορρεόντων,
3427 4174 3523 4227 καὶ
3593 4172 3773 4228 πάντα

2196 4256 2336 4326 πρὸς
2367 4257 2427 4308 σὲ
2449 4255 2790 4326 διασαφῆσαι
2813 4256 3035 4328 θερμῶς
3068 4259 3334 4329 ἠξίωσαν.

2264 4347 2322 4401 I'.
2355 4346 2499 4417 Πρὸς
2552 4347 2729 4403 ταῦτα
2780 4348 2874 4401 τὸν
2907 4348 3121 4419 ὄνειρον
3171 4353 3200 4405 ὁ
3236 4352 3510 4422 μακάριος
3551 4354 3774 4420 Ἕλενος

2198 4437 2494 4508 συμϐαλὼν
2523 4440 2621 4493 καὶ
2673 4440 2814 4512 ὅπερ
2865 4440 2974 4494 ἔδει
3010 4442 3170 4512 χάριν
3224 4443 3345 4515 Θεῴ
3377 4446 3519 4517 ὑπὲρ
3552 4448 3789 4502 πάντων

514 4526 743 4597 gratias,
766 4524 924 4595 jubet
964 4538 1063 4579 eos
1108 4531 1226 4576 tres
1264 4521 1432 4577 simul
1476 4522 1529 4577 ei
1565 4521 1688 4576 sisti
1738 4521 1796 4576 in
1842 4534 2088 4589 conspe-

2194 4531 2560 4603 ὁμολογήσας.
2590 4531 2684 4585 ὑπ’
2713 4531 2834 4601 ὄψιν
2860 4533 3010 4604 αύτῷ
3039 4536 3167 4601 τοὺς
3188 4538 3337 4607 τρεῖς
3359 4537 3475 4604 ἅμα
3510 4539 3646 4609 πρὸς
3670 4542 3787 4594 αύο·

515 4629 689 4679 ctum.
717 4616 1016 4686 Postquam
1056 4623 1242 4667 autem
1280 4611 1665 4677 accessissent,
1689 4611 1873 4667 statim
1897 4613 2090 4666 dextra

516 4707 940 4782 apprehendens
966 4704 1364 4776 Eugeniam,et
1385 4718 1506 4758 eam
1535 4703 1822 4774 alloquens
1837 4702 2089 4769 hilarius,

517 4801 734 4872 placido
756 4809 811 4854 et
830 4798 954 4853 laeto
982 4797 1137 4852 vultu
1162 4794 1375 4866 rogavit
1408 4809 1602 4850 eorum
1628 4794 1875 4859 nomina,
1917 4806 2094 4867 genus

519 4904 576 4950 et
635 4893 890 4966 patriam.
939 4890 1034 4946 illa
1089 4903 1225 4945 vero
1288 4888 1646 4955 verecunde,
1694 4896 1750 4942 et
1798 4903 1922 4944 cum
1981 4902 2093 4955 eo,

518 4990 614 5062 qui
662 4988 932 5058 virginem
979 4983 1218 5039 maxime
1256 4981 1440 5048 decet,
1486 4981 1712 5049 rubore,
1757 4980 1930 5037 Nobis
1970 4980 2097 5052 qui-

518 5083 668 5157 dem,
701 5080 905 5151 inquit,
928 5093 963 5133 o
993 5076 1247 5132 divinum
1274 5084 1462 5146 caput,
1505 5074 1678 5145 patria
1715 5084 1773 5130 et
1802 5089 1977 5145 genus
2008 5082 2096 5128 est

519 5174 761 5246 gloriosa
816 5171 1020 5238 lloma;
1090 5169 1294 5225 fratres
1345 5177 1534 5223 autem
1589 5182 1781 5223 sumus
1831 5165 2091 5222 invicem.

519 5266 733 5322 Nomen
780 5277 911 5319 vero
959 5260 1139 5333 primo
1178 5259 1401 5330 quidem
1445 5267 1534 5315 est
1570 5257 1799 5323 Protas;
1846 5255 2094 5312 secundo

521 5366 730 5423 autem,
754 5334 1137 5426 Hyacinthus;
1167 5350 1304 5405 mihi
1339 5365 1489 5417 vero,
1517 5349 1815 5419 Eugenius.
1842 5348 2094 5403 Jucunde

521 5458 706 5504 autem
755 5460 876 5498 eam
932 5445 1161 5498 intuens
1209 5442 1412 5496 beatus
1459 5441 1700 5497 Helenus
1741 5439 1984 5499 :Merito
2045 5449 2096 5493 te

521 5539 853 5612 Eugenium.
885 5537 1093 5607 inquit,
1123 5550 1313 5601 vocas,
1334 5551 1367 5591 ο
1395 5535 1658 5607 Eugenia,
1689 5544 1751 5590 ut
1775 5544 2094 5600 nomen,tuo

520 5632 847 5706 respondeat
884 5626 1129 5701 spiritui,
1172 5645 1299 5685 cum
1335 5629 1551 5685 virilem
1593 5629 1800 5686 habeas
1828 5632 2094 5699 animam,

519 5738 581 5790 et
609 5729 768 5784 valde
810 5735 865 5782 te
915 5724 1217 5780 masculum
1264 5723 1527 5778 ostendas
1557 5722 1613 5778 in
1647 5723 1910 5785 omnibus
1943 5741 1959 5779 :
1994 5726 2093 5781 sed

517 5820 810 5899 preposito
853 5816 1035 5873 adhuc
1086 5817 1277 5875 vincas
1320 5824 1601 5883 naturam,
1654 5826 1711 5877 et
1762 5816 1818 5871 i-n
1868 5816 2092 5874 Christo

2194 4624 2285 4678 τὸν
2321 4623 2515 4691 στῆναι
2558 4622 2793 4678 κελεύει.
2840 4625 2931 4690 Ὠς
2971 4627 3030 4682 δι
3054 4630 3433 4701 παρέστησαν,
3471 4631 3774 4704 λαϐόμενος

2196 4715 2464 4785 Εὐγενίας
2493 4715 2657 4778 εὐθὺς
2680 4718 2745 4770 ὲκ
2773 4717 2872 4787 τῆς
2897 4717 3098 4786 δεξιᾶς,
3133 4722 3231 4774 καὶ
3270 4720 3604 4793 ίλαρὼτατος
3630 4726 3772 4797 αὐτῇ

2196 4810 2434 4881 ἐντυχὼν
2480 4809 2601 4882 nos.
2647 4827 2708 4864 τε
2748 4811 3061 4884 εὐπροσίτῳ
3100 4815 3197 4868 καὶ
3248 4815 3530 4889 προσώπῳ
3558 4818 3775 4890 φαιδρῷ

2197 4902 2439 4973 ὀνόματα
2465 4902 2671 4956 τούτων
2704 4905 2800 4958 καὶ
2839 4906 2998 4974 γένος
3029 4908 3125 4961 καὶ
3185 4909 3427 4979 πατρίδα
3476 4910 3776 4966 διεπυνθά-

2197 5011 2338 5048 νετο.
2378 4993 2443 5047 ’11
2471 4994 2529 5047 δὲ
2569 4993 2708 5062 μετὰ
2734 4995 2834 5065 τῆς
2863 4996 3026 5065 φίλης
3059 4997 3244 5061 αἰδοῦς
3276 4998 3371 5052 καὶ
3388 5000 3483 5053 τοῦ
3512 5001 3773 5072 παρθένῳ

2202 5086 2440 5156 μάλιστα
2463 5087 2839 5157 προσήκοντος
2870 5089 3240 5158 ἐρυθήματος,
3265 5090 3473 5161 Πατρὶς
3490 5092 3591 5161 μὲν
3615 5095 3775 5161 ημῖν,

2199 5176 2326 5246 ἔφη,
2358 5170 2405 5231 ὦ
2438 5176 2558 5231 θεία
2593 5195 2684 5249 μοι
2734 5177 2971 5249 κεφαλὴ,
3007 5180 3105 5232 καὶ
3137 5181 3296 5248 γένος
3318 5185 3351 5252 ἡ
3406 5184 3783 5252 μεγαλόδοξος

2210 5268 2421 5340 Ῥώμη,
2444 5269 2665 5336 ἀδελφοὶ
2698 5269 2950 5339 ἀλλήλων
2981 5271 3167 5339 ἡμεῖς,
3190 5273 3428 5342 ὀνόματα
3470 5274 3529 5328 δὲ
3558 5275 3641 5346 τῷ
3669 5277 3775 5344 μὲν

2201 5360 2409 5431 πρώτῳ
2437 5361 2690 5430 Ηρωτᾶς,
2721 5361 2802 5432 τῷ
2830 5361 2887 5415 δὲ
2915 5366 3055 5433 μετὰ
3085 5364 3276 5419 τοῦτον
3310 5366 3618 5434 ’λ’ἀκινθος,
3649 5368 3777 5437 ἐμοὶ

2198 5453 2256 5506 δὲ
2290 5454 2569 5522 Εὑγένιος.
2615 5455 2745 5509 Ἡδὺ
2772 5455 2827 5509 δὲ
2856 5456 2995 5527 αὐτῇ
3034 5459 3383 5529 προσϐλέψας
3417 5462 3447 5513 ὁ
3502 5462 3791 5531 μακάριος

2200 5546 2446 5611 Ἕλενος,
2476 5547 2748 5617 Εύλόγως,
2781 5550 2910 5618 ἔφη,
2960 5550 3219 5620 Εὐτένιον
3244 5554 3500 5625 σεαυτὴν,
3528 5548 3575 5608 ὦ
3598 5556 3781 5622 Eiqu-

2200 5636 2309 5703 νία,
2339 5639 2692 5709 μιτακαλείς,
2747 5639 2838 5694 ἵνα
2865 5639 2931 5711 δή
2966 5658 3053 5696 σοι
3109 5644 3207 5698 καὶ
3240 5644 3303 5697 τὸ
3330 5644 3506 5716 ὄνομα
3553 5646 3689 5718 πρὸς
3713 5646 3781 5701 τὸ

2201 5725 2519 5802 φρόνημα
2546 5730 2802 5800 ἀνδρείαν
2834 5748 2897 5785 τε
2942 5732 3124 5803 ψυχὴν
3165 5736 3367 5808 ἑκούσῃ
3420 5738 3684 5805 καὶοπολὺ
3718 5739 3783 5791 τὸ

2200 5822 2522 5893 ἀρρενωπὸν
2549 5823 2607 5877 ἐν
2639 5822 2845 5881 ἅπασιν
2868 5825 3314 5902 ἐπιδεικνυμένῃ.
3385 5831 3547 5886 Ἀλλὰ
3574 5832 3708 5903 νικῴ
3728 5850 3780 5900 ’,ς
