4122 6380
382 379 485 441 6-21
1010 358 1014 362 “
1521 383 1995 449 MARTYRIUM
2035 389 2094 451 s.
2143 381 2530 453 EUGENI/E.
3529 408 3636 471 622

381 495 482 546 καὶ
511 493 591 546 ἔτι
619 495 681 563 τῇ
709 479 970 566 προθέσει
1001 495 1102 566 τὴν
1132 494 1296 565 φύσιν
1343 496 1440 550 καὶ
1488 498 1878 568 κατισχύσειας
1908 500 1964 552 ἐν
1992 523 2009 560 λ

2007 501 2416 560 Acontirmeris
2465 514 2523 560 et
2574 506 2878 564 invalescas
2911 527 2924 564 :
2957 522 3184 582 propter
3232 527 3398 584 quem
3451 534 3635 586 nunc,

380 585 630 657 Χριστῷ,
659 585 729 638 δι’
778 585 838 639 ὃν
871 585 968 639 καὶ
998 585 1093 639 νῦν
1124 587 1194 640 τὰ
1242 586 1354 641 τῶν
1402 588 1619 658 ἀνδρῶν
1660 590 1956 661 ὑποκρίνῃ,

2061 607 2187 648 cum
2231 597 2309 650 sis
2357 598 2581 665 mulier,
2638 608 2692 655 te
2721 601 2903 656 virum
2948 619 3070 658 esse
3110 607 3358 674 simulas,
3406 621 3636 680 propter

379 678 520 746 γυνὴ
567 673 703 731 οὖσα
747 678 844 730 καὶ
903 675 1288 747 μεταλαϐοῦσα
1344 678 1435 734 διὰ
1478 680 1570 732 τὸν
1617 681 1758 749 πρὸς
1796 681 1958 734 αὐτὸν

2059 687 2180 756 ejus
2209 703 2450 744 amorem
2494 699 2707 748 mutato
2755 703 2812 748 et
2853 695 3049 752 habitu
3107 707 3166 754 et
3213 703 3458 759 nomine.
3509 705 3636 762 llaec

378 768 560 839 ἔρωτα
589 771 683 822 καὶ
733 770 918 839 σχῆμα
946 769 1042 822 καὶ
1072 769 1265 837 ὄνομα.
1321 771 1432 824 Καὶ
1462 770 1636 824 ταῦτα
1665 770 1726 824 οὐ
1753 770 1957 842 θριαμο

2059 789 2244 833 autem
2263 780 2410 846 dico,
2438 796 2550 836 non
2579 783 2681 838 tibi
2703 799 2894 840 sexum
2911 790 3257 857 exprobrans
3277 793 3630 858 femininum.

376 859 562 912 σεύειν
590 859 660 912 τὰ
686 858 754 912 σὰ
787 860 1115 929 βουλόμενος
1143 861 1170 914 δ
1201 861 1332 924 Θεδς
1385 863 1511 932 ἐμοὶ
1553 861 1951 934 διευκρίνησεν,

2057 885 2160 925 nec
2201 880 2254 924 te
2298 872 2496 928 volens
2529 875 2846 942 traducere,
2879 878 2976 932 sed
3020 888 3079 934 ut
3111 883 3274 950 scias,
3305 897 3526 954 quantae
3558 890 3633 944 sis

374 949 492 1003 ἀλλ’
515 951 600 1002 ἵνα
626 950 770 1020 γνῷς
795 951 894 1003 ὅσα
924 951 1075 1020 μέλει
1096 951 1174 1020 τῷ
1197 951 1317 1021 Θεῷ
1370 968 1486 1016 σου,
1521 953 1688 1024 μηδὲν
1711 953 1955 1023 ἀποκρύο

2058 959 2168 1015 Deo
2199 977 2346 1018 cura:
2373 980 2386 1017 :
2420 972 2479 1019 et
2517 967 2987 1034 quemadmodum
3014 971 3148 1026 mihi
3179 973 3292 1028 haec
3324 978 3532 1044 omnia,
3565 980 3631 1034 de

370 1044 482 1112 ψας
506 1043 616 1096 τῶν
645 1043 752 1095 σῶν
776 1043 978 1108 ἔδειξεν
1030 1043 1180 1107 ὅστις
1217 1060 1278 1096 τε
1308 1042 1428 1114 εἴης
1461 1045 1556 1097 καὶ
1606 1045 1753 1107 ὃπως
1773 1046 1950 1114 ἥκεις,

2056 1061 2108 1107 te
2137 1055 2272 1108 nihil
2308 1055 2520 1122 celans,
2558 1058 2890 1124 ostenderit,
2931 1061 3186 1129 quisnam
3226 1065 3325 1128 sis,
3357 1075 3412 1120 et
3440 1082 3631 1135 quern-

373 1137 469 1188 καὶ
517 1134 666 1196 τίνες
695 1135 744 1187 οἱ
777 1136 905 1205 περὶ
955 1135 1014 1187 σὲ
1050 1135 1144 1188 καὶ
1170 1136 1290 1198 οἵας
1334 1136 1490 1206 δόξης
1518 1139 1578 1221 ἐν
1621 1137 1700 1207 τῷ
1732 1138 1830 1208 βίῳ
1859 1140 1953 1190 καὶ

2055 1145 2352 1202 admodum
2398 1151 2619 1206 veneris
2668 1170 2681 1206 :
2730 1161 2786 1206 ct
2837 1154 3063 1222 quinam
3121 1157 3230 1210 sint
3289 1157 3326 1211 ii
3361 1161 3454 1227 qui
3503 1170 3631 1214 sunt

367 1226 567 1293 γένους
601 1228 814 1296 ἔτυχες.
835 1227 1076 1281 Σπεῦσον
1105 1224 1220 1292 οὖν,
1247 1229 1502 1298 Εὑγενία,
1539 1217 1613 1299 μὴ
1642 1229 1863 1282 ἔλαττον
1891 1230 1952 1284 τὸ

2054 1246 2259 1303 tecum,
2287 1249 2345 1294 et
2383 1255 2633 1310 quamam
2667 1243 2764 1297 tibi
2800 1244 2856 1297 in
2882 1244 2984 1298 hac
3014 1247 3126 1300 vita
3156 1248 3329 1318 gloria
3367 1250 3629 1321 obtigerit

368 1318 474 1387 τῆς
498 1318 680 1389 ψυχῆς
709 1320 929 1387 εὐγενὲς
973 1320 1006 1390 ἢ
1041 1320 1101 1373 τὸ
1126 1321 1222 1378 τοῦ
1274 1322 1526 1390 σώματος
1553 1322 1949 1388 ἐπιδείξασθαι.

2051 1338 2106 1382 et
2129 1347 2322 1401 genus.
2379 1334 2550 1390 Stude
2597 1352 2752 1407 ergo,
2796 1353 2828 1392 ο
2878 1339 3145 1412 Eugenia.
3194 1357 3300 1397 non
3345 1346 3531 1401 minus
3577 1331 3629 1404 te

367 1409 481 1461 Kal.
504 1411 612 1479 γὰρ
641 1411 702 1479 δή
731 1427 822 1480 μοι
852 1412 944 1464 καὶ
965 1410 1122 1464 τοῦτο
1143 1413 1252 1464 τῶν
1279 1413 1454 1464 ἄλλων
1470 1413 1567 1482 οὐχ
1590 1410 1754 1484 ἦττον
1775 1414 1944 1482 ὲγνώο

2050 1425 2236 1478 animo
2281 1441 2608 1495 generosam
2640 1433 2934 1488 ostendere
2986 1450 3150 1506 quam
3185 1453 3440 1508 corpore.
3489 1441 3625 1495 Nam

367 1518 523 1572 ρισεν
561 1503 590 1553 ό
623 1502 776 1570 Θεὸς,
811 1503 962 1565 ὅπως
984 1503 1134 1574 αὐτῷ
1168 1504 1408 1574 καθαρὸν
1449 1503 1655 1573 δοχείον
1715 1506 1949 1574 σεαυτὴν

2049 1514 2155 1570 hoc
2205 1533 2425 1588 quoque
2473 1536 2583 1575 non
2634 1525 2837 1589 minus,
2887 1541 3051 1595 quam
3108 1528 3232 1593 alia,
3297 1530 3434 1584 mihi
3485 1530 3627 1587 Deus

365 1593 786 1664 προητοίμασας
841 1595 945 1664 τὴν
993 1595 1092 1666 μὲν
1124 1597 1424 1666 παρθενίαν
1460 1597 1708 1663 ἄσπιλον,
1758 1600 1859 1670 τὴν
1887 1599 1946 1651 δὲ

2048 1609 2398 1680 signiﬁcavit,
2431 1616 2578 1683 quod
2616 1627 2667 1670 te
2706 1619 2757 1672 ei
2789 1635 2986 1689 purum
3011 1623 3341 1692 prmpararis
3378 1636 3627 1694 recepta.

363 1685 600 1756 καρδίαν
661 1686 894 1754 ἄμωμον
947 1687 1218 1757 τηροῦσα,
1279 1689 1372 1742 καὶ
1426 1689 1526 1758 τὴν
1565 1690 1664 1760 μὲν
1696 1690 1790 1743 τοῦ
1828 1690 1944 1760 βίου

2047 1701 2255 1767 culum,
2279 1705 2659 1775 virginitatem
2689 1711 2912 1779 quidem
2943 1727 3279 1769 conservans
3304 1715 3628 1771 immacula-

361 1776 526 1840 δόξαν
572 1777 788 1842 ἀδοξίαν
843 1779 1167 1849 νομίζουσα,
1215 1780 1306 1833 τὸν
1352 1780 1410 1833 δὲ
1447 1781 1676 1834 πλοῦτον
1727 1783 1989 1876 πενίαν,1

1997 1851 2014 1876 δ
2047 1798 2181 1853 tam.
2223 1809 2321 1848 cor
2354 1813 2507 1860 vero,
2538 1800 2592 1854 in
2619 1801 2766 1870 quod
2803 1817 2912 1857 non
2950 1805 3098 1859 cadit
3132 1807 3490 1876 reprehensio
3528 1827 3541 1863 :
3569 1819 3625 1864 ct

360 1869 540 1933 λύπας
576 1869 634 1922 δὲ
685 1873 785 1933 τὰς
832 1870 1047 1942 ἡδονὰς,
1092 1873 1189 1926 καὶ
1235 1873 1389 1926 οὐδὲν
1432 1872 1630 1943 ἔχουσα
1671 1872 1812 1943 μέγα
1841 1875 1941 1944 τὴν
1976 1849 1988 1904 1

2170 1849 2179 1853 ,
2396 1849 2414 1852 _
2460 1849 2507 1860 _,
2624 1849 2766 1870 Ἰ---
2803 1849 2912 1857 _--..
2953 1849 3098 1859 ην..
3133 1849 3489 1876 “Pcw..-”
3528 1850 3541 1863 .
3569 1849 3624 1864 κ.

1996 1851 2215 1939 31mins
2266 1889 2457 1944 mundi
2501 1891 2724 1958 quidem
2775 1894 3006 1964 gloriam
3065 1908 3332 1968 reputans
3389 1900 3624 1971 ignomi-

362 1960 519 2027 παρὰ
543 1958 852 2030 ἀνθρώποις
891 1962 1192 2030 εὐγένειαν,
1223 1963 1441 2033 ἐκείνης
1470 1963 1526 2016 δὲ
1562 1963 1732 2032 μόνης
1758 1964 1942 2034 ἐρῶσα

2045 1976 2216 2042 niam,
2246 1978 2470 2035 divitias
2491 1992 2674 2038 autem
2704 1994 3086 2054 paupertatem
3116 2005 3129 2042 :
3159 1991 3466 2059 voluptates
3487 2008 3621 2046 vero

358 2047 428 2124 ἧς
457 2053 728 2106 ἐκπτωτοι
755 2054 844 2107 διὰ
875 2053 966 2108 τὸν
993 2054 1238 2124 πρῶτον,
1265 2055 1358 2110 καὶ
1382 2055 1713 2126 κληρονόμοι
1742 2055 1828 2110 διὰ
1848 2057 1943 2111 τὸν

2044 2068 2352 2136 molestias,
2383 2083 2440 2128 et
2464 2073 2604 2128 nihil
2638 2076 2816 2147 magni
2848 2093 2912 2132 ac
2946 2079 3197 2148 praeclari
3235 2082 3440 2138 habere
3471 2099 3617 2149 eam,

358 2143 619 2216 δεύτερον
673 2146 845 2216 ’Δδὰμ
907 2147 1238 2217 γεγόναμεν.
1294 2147 1405 2202 Καὶ
1447 2147 1626 2201 ταῦτα
1675 2148 1774 2219 μὲν
1805 2149 1942 2219 πρὸς

2043 2171 2167 2228 qua:
2192 2171 2276 2216 est
2305 2165 2450 2232 apud
2490 2165 2763 2233 homines,
2802 2169 3207 2226 notabilitatem
3243 2192 3256 2228 :
3290 2174 3442 2230 illam
3487 2193 3620 2232 vezo

358 2235 630 2306 Εὐγενίαν
659 2238 688 2290 6
720 2235 964 2302 Ἕλενος.

2041 2255 2215 2309 solam
2257 2271 2471 2324 amans,
2514 2275 2543 2314 a
2577 2277 2684 2331 qua
2730 2263 3041 2320 excidimus
3085 2277 3311 2338 prepter
3354 2270 3619 2339 primum,

2039 2352 2096 2398 et
2127 2345 2380 2403 han-edes
2426 2349 2556 2405 facti
2599 2367 2793 2407 sumus
2839 2369 2938 2425 per
2976 2357 3283 2414 secundum
3323 2361 3516 2418 Adam.
3553 2363 3621 2422 Et

2041 2437 2159 2493 haec
2189 2440 2414 2509 quidem
2446 2443 2708 2515 Eugeniae
2732 2444 2996 2508 lletenus.

430 2520 537 2577 Μ’.
582 2521 729 2594 Πρὸς
757 2519 814 2575 δὲ
842 2520 934 2576 τὸν
975 2522 1209 2594 Πρωτᾶν
1244 2521 1343 2577 καὶ
1385 2521 1698 2590 Ὑάκινθον,
1743 2523 1939 2595 Ὑμεῖς

2117 2530 2211 2585 XI.
2255 2533 2434 2589 Prota:
2487 2547 2676 2592 autem
2711 2548 2767 2594 et
2805 2538 3115 2611 llyacintho
3141 2556 3156 2602 :
3186 2545 3296 2601 Vos
3340 2562 3495 2612 vero,
3531 2548 3619 2602 iu-

357 2615 436 2684 δὲ,
465 2616 654 2688 φησὶν,
685 2615 807 2668 οὐδὲ
841 2615 971 2686 γὰρ,
1021 2615 1142 2668 οὐδὲ
1170 2617 1240 2669 τὰ
1269 2616 1428 2685 ὑμῶν
1462 2616 1724 2688 εύδόκησε
1750 2615 1937 2672 λαθεῖν

2038 2627 2162 2698 quit
2193 2630 2398 2700 (neque
2421 2632 2568 2685 enim
2595 2632 3070 2702 placuitChristo,
3101 2647 3162 2693 ut
3187 2654 3286 2696 vos
3307 2640 3609 2712 lateretis),

357 2709 386 2761 ό
409 2708 666 2780 Χριστὸς,
696 2708 750 2761 οἵ
773 2724 837 2776 γε
863 2707 963 2777 τήν
989 2707 1089 2776 μὲν
1122 2708 1294 2779 τύχην
1318 2708 1519 2773 δοῦλοι,
1561 2709 1664 2779 τὴν
1695 2708 1753 2762 δὲ
1790 2709 1935 2778 γνώ-

2038 2720 2134 2791 qui
2159 2719 2379 2775 fortuna
2410 2723 2634 2792 quidem
2657 2727 2826 2791 servi,
2853 2739 3036 2783 mente
3060 2739 3244 2785 autem
3270 2733 3404 2787 estis
3429 2734 3613 2793 liberi.

360 2819 466 2872 μην
526 2801 802 2872 ἐλεύθεροι
836 2802 1130 2870 τυγχάνετε
1175 2801 1350 2866 ὄντες,
1400 2802 1496 2854 καὶ⁵
1541 2801 1602 2854 τὸ
1632 2801 1728 2872 τῆς
1753 2802 1937 2873 ψυχῆς

2036 2819 2093 2865 et
2147 2811 2287 2865 nulli
2345 2812 2574 2866 domino
2636 2815 2944 2886 subjectam
3005 2821 3353 2875 conservatis
3415 2821 3613 2876 anima:

355 2897 653 2951 ἀδέσποτον
679 2896 975 2967 σεμνύνετε
997 2896 1212 2967 ἀξίωμα
1236 2895 1622 2967 διατηροῦντες
1641 2899 1706 2964 τῇ
1739 2899 1930 2969 ἀρετῇ,

2037 2899 2382 2970 dignitatem,
2435 2902 2699 2958 virtutem
2732 2907 3082 2972 extollentes,
3116 2917 3174 2964 et
3215 2911 3611 2982 magnifacien~

355 2991 491 3061 πρὸς
513 2989 606 3054 οὓς
624 2993 716 3043 καὶ
732 2989 1031 3058 όΧριστὸς,
1065 3008 1082 3040 ι
1117 2989 1316 3043 Οὐκέτι
1345 2988 1489 3059 ὑμᾶς
1516 2989 1665 3042 καλῶ
1689 2989 1931 3054 δούλους,

2039 3003 2145 3059 tes,
2173 2994 2378 3064 quibus
2408 2995 2665 3052 Christus
2693 3012 2912 3069 quoque
2938 2999 3072 3055 dicit
3107 3019 3121 3056 :
3159 3021 3177 3054 ι
3206 3002 3326 3058 Non
3349 3020 3446 3058 vos
3475 3020 3610 3060 voco

352 3084 487 3137 ἀλλὰ
506 3082 748 3152 φίλους,›
771 3082 907 3152 φησι
925 3095 939 3109 ·
965 3083 1229 3151 μακάριοι
1253 3082 1349 3150 τῆς
1371 3081 1702 3152 ἐλευθερίας,
1731 3083 1932 3151 μᾶλλον

2036 3086 2278 3154 amplius
2338 3103 2570 3155 servos,
2630 3090 2728 3145 sed
2783 3090 3069 3160 amicos’;
3102 3111 3120 3144 ι
3177 3093 3325 3150 beati
3381 3107 3609 3168 propter

350 3177 408 3229 δὲ
439 3176 538 3244 τῆς
579 3176 717 3244 πρὸς
769 3175 1007 3246 Χριστὸν
1044 3174 1228 3243 φιλίας
1259 3174 1354 3227 καὶ
1405 3174 1754 3239 οἰκειώσεως⁹
1793 3177 1924 3230 διότι
1955 3205 1978 3259 ί

1976 3205 2000 3258 3.
2035 3175 2370 3245 libertatem,
2418 3180 2502 3264 vel
2538 3181 2722 3250 potius
2753 3192 2980 3253 propter
3025 3185 3328 3242 amicitiam
3381 3200 3438 3243 et
3480 3207 3604 3246 cum

348 3266 442 3319 τδν
475 3265 688 3319 ἐκείνου
714 3264 877 3333 ζυγὸν
914 3264 1168 3318 ὑπελθεῖν
1201 3265 1447 3334 ἑλόμενοι
1472 3265 1530 3316 ἐν
1571 3267 1671 3336 μιᾷ
1694 3269 1759 3336 τῇ
1791 3267 1923 3336 πρλις

2030 3268 2254 3324 Christo
2299 3271 2749 3342 coniunctionem
2797 3292 2810 3328 :
2849 3277 2996 3346 quod
3053 3292 3179 3332 cum
3226 3278 3375 3335 illius
3411 3282 3605 3352 jugum

347 3357 619 3428 ἀλλήλους
653 3355 930 3428 συμπνοίᾳ
961 3356 1114 3410 οὐδὲν
1141 3357 1392 3426 ἐμποδὼν
1425 3357 1547 3410 οὐδὲ
1569 3360 1635 3428 τῇ
1675 3359 1925 3428 μακαρίᾳ

2027 3360 2220 3415 subire
2275 3361 2558 3432 elegeritis
2612 3365 2670 3420 in
2740 3383 2852 3422 uno
2899 3369 3048 3424 inter
3091 3387 3191 3426 vos
3221 3388 3493 3432 consensu
3553 3388 3609 3432 et

345 3452 522 3523 ταύτῃ
556 3451 650 3505 τοῦ
687 3449 892 3519 ἀγαθοῦ
951 3450 1255 3520 κατέστητε
1307 3451 1731 3521 ἐγχειρήματος,
1789 3450 1926 3503 ἀλλὰ

2027 3453 2465 3522 conspiratione,
2497 3456 2663 3527 hujus
2689 3458 2864 3513 beata:
2893 3470 3079 3531 empto
3107 3464 3320 3520 nullum
3343 3468 3607 3522 attulistis

344 3546 441 3599 νῦν
462 3562 523 3597 τε
550 3546 686 3614 αὐτῇ
711 3543 1011 3612 προθύμως
1035 3543 1414 3614 συμπάρεστε,
1442 3545 1532 3596 καὶ
1566 3542 1807 3615 ἀπιούσῃ
1827 3539 1922 3595 τοῦ

2028 3544 2515 3614 impedimentum,
2557 3549 2653 3603 sed
2705 3565 2852 3604 nunc
2917 3567 3140 3624 quoque
3194 3571 3321 3611 cum
3372 3572 3438 3613 ea
3473 3559 3604 3614 estis

344 3637 465 3708 βέου
496 3637 660 3689 κάκεῖ
688 3634 1129 3705 συμπαρέσεσθε,
1186 3637 1278 3688 καὶ
1319 3633 1430 3687 τῶν
1467 3635 1599 3687 ῐσων
1629 3633 1766 3704 αὐτῇ
1805 3649 1924 3685 στε-

2026 3646 2284 3707 prompto
2336 3647 2393 3692 et
2471 3640 2641 3694 alacri
2693 3641 2930 3696 animo:
2973 3653 3030 3699 et
3077 3661 3203 3699 cum
3258 3647 3350 3702 illa
3411 3664 3442 3704 e
3492 3652 3601 3704 vita

343 3731 534 3798 φάνων
595 3729 690 3782 καὶ
738 3728 916 3798 γερῶν
946 3727 1224 3795 τεύξεσθε.
1283 3725 1473 3780 Ταῦτα
1504 3726 1731 3795 μηδενὸς
1761 3725 1920 3777 ἄλλου

2030 3731 2338 3786 excedente
2364 3735 2530 3787 etiam
2569 3733 2685 3790 illic
2710 3736 2873 3790 simul
2906 3738 3086 3802 eritis,
3119 3749 3176 3795 et
3211 3742 3433 3797 easdem
3464 3759 3601 3814 quas

342 3824 617 3890 παρόντος
663 3823 692 3873 ό
725 3823 1024 3883 ἐπίσκοπος
1087 3818 1324 3890 εἰρηκὼς
1369 3819 1469 3890 τὴν
1519 3815 1617 3888 μὲν
1657 3817 1922 3886 Εὑγενίαν

2025 3821 2116 3878 illa
2161 3837 2396 3879 coronas
2443 3834 2500 3880 et
2539 3827 2764 3896 praemia
2801 3831 3243 3900 consequemiui.
3296 3833 3422 3890 llaec
3473 3851 3601 3890 cum

341 3914 539 3981 ἀφίησι
564 3914 642 3983 τῷ
667 3913 907 3983 ἀνδρικῷ
931 3914 1174 3983 σχήματι
1197 3910 1552 3981 προσμένειν,
1571 3909 1746 3962 οὐδενὶ
1766 3907 1922 3960 τοῦτο

2023 3911 2178 3966 nullo
2217 3914 2328 3967 alio
2367 3925 2639 3985 praesente
2682 3918 2911 3974 dixisset
2943 3920 3261 3991 episcopus,
3293 3924 3597 3995 Eugenium

339 4005 590 4077 γνωσθὲν
635 4004 759 4057 οὔτε
814 4005 1031 4077 πρῶτον
1058 4001 1183 4056 οὗτε
1239 4003 1344 4073 μὴν
1375 4002 1515 4073 μετᾶ
1548 3999 1646 4070 τὴν
1677 3999 1771 4053 τοῦ
1800 4001 1921 4052 ὲπι-

2023 4007 2244 4076 quidem
2271 4010 2542 4078 permittit
2569 4027 2792 4067 manere
2818 4014 2872 4068 in
2906 4015 3099 4069 habitu
3131 4017 3303 4082 virili,
3335 4033 3462 4073 cum
3493 4019 3599 4075 hoc

342 4101 548 4154 σκόπου
602 4097 860 4162 διάλεξιν.
915 4096 1077 4158 Ἦτις
1114 4094 1332 4164 σύναμα
1367 4094 1462 4147 καὶ
1493 4095 1605 4156 τοῖς
1641 4091 1920 4162 εὐνούχοις

2023 4098 2161 4152 nulli
2196 4108 2344 4154 esset
2376 4101 2682 4171 cognitum,
2717 4119 2899 4174 neque
2935 4107 3200 4175 primum,
3237 4125 3419 4178 neque
3447 4120 3601 4180 post-

337 4192 400 4246 ού
433 4191 701 4261 πρότερον
750 4189 914 4242 αὑτὸν
977 4187 1182 4257 ἀνῆκεν
1240 4186 1344 4249 ἕως
1377 4184 1588 4237 ἐκείνου
1643 4184 1802 4255 χερσὶ
1823 4184 1917 4236 τοῦ

2021 4206 2187 4260 quam
2231 4206 2350 4245 eam
2385 4193 2662 4250 allocutus
2699 4204 2786 4250 est
2833 4196 3148 4265 episcopus.
3192 4199 3324 4266 Qua
3369 4203 3595 4272 quidem

340 4285 488 4339 θείου
517 4281 952 4346 καταξιωθέντες
970 4279 1348 4349 βαπτίσματος
1369 4277 1429 4330 τδ
1461 4278 1650 4347 σχῆμά
1678 4294 1735 4330 τε
1762 4277 1920 4347 ἤμει-

2020 4281 2182 4336 simul
2209 4299 2334 4338 cum
2361 4285 2654 4350 eunuchis,
2679 4301 2788 4340 non
2820 4288 2978 4356 prius
3006 4305 3131 4344 eum
3162 4291 3398 4360 ditnisit,
3424 4311 3593 4365 quam

337 4376 446 4444 ψαν
472 4376 566 4428 καὶ
597 4377 664 4444 τῇ
691 4374 801 4426 τῶν
857 4370 1112 4443 μοναχῶν
1162 4370 1354 4441 χορείᾳ
1407 4367 1914 4438 συγκατελέγησαν.

2019 4372 2168 4428 illius
2205 4375 2463 4430 manibus
2505 4376 2758 4432 divinum
2807 4381 3093 4435 consecuti
3131 4383 3494 4453 baptismum.
3540 4399 3596 4442 ct

336 4466 575 4519 Τοιαῦτα
605 4467 702 4536 μὲν
726 4466 826 4518 ὅσα
843 4465 904 4518 τὸ
933 4465 1094 4534 μέχρι
1123 4463 1277 4516 τοῦδε
1305 4462 1393 4514 διὰ
1416 4461 1652 4532 Χριστὸν
1675 4457 1914 4526 Εύγενία
1945 4527 1964 4540 .

1960 4527 1987 4540 κ
2019 4475 2308 4520 mutarunt
2340 4467 2615 4531 habitum,
2660 4479 2716 4525 et
2746 4471 2991 4540 cooptati
3039 4483 3168 4528 sunt
3197 4475 3252 4529 in
3291 4493 3588 4534 numerum

335 4527 660 4626 διεσκέψατό
697 4576 756 4611 τε
806 4558 898 4611 καὶ
929 4527 1193 4623 magna»;
1240 4527 1606 4623 διεπράξατο·
1640 4552 1709 4604 τὰ
1732 4551 1789 4604 δὲ
1828 4551 1914 4603 ἐν-
1945 4527 1963 4586 1

1963 4527 1992 4609 )
2017 4561 2437 4618 monachorum.
2463 4562 2594 4628 Quae
2616 4572 2799 4616 autem
2823 4563 3087 4636 deinceps
3112 4577 3244 4623 sunt
3271 4582 3591 4633 consecuta,

335 4653 526 4706 τεῦθεν
585 4654 732 4715 ὅπως
763 4669 821 4705 τε
883 4651 932 4704 οἱ
982 4651 1232 4713 τεκόντες
1291 4649 1376 4700 ἐπ’
1409 4648 1543 4734 αὐτῇ
1575 4645 1916 4716 διετέθησαν,

2013 4662 2070 4708 et
2098 4653 2564 4723 quemadmodum
2615 4653 2877 4726 deinceps
2908 4669 3170 4728 parentes
3211 4674 3440 4734 propter
3471 4681 3593 4719 eam

336 4747 430 4798 καὶ
456 4740 547 4798 οἷα
569 4745 668 4816 μὲν
694 4743 824 4815 περὶ
850 4743 1020 4811 αὐτῆς
1037 4741 1366 4808 ἐλογίζοντο,
1389 4733 1478 4791 οἷα
1497 4738 1553 4789 δὲ
1580 4736 1720 4806 μετὰ
1743 4735 1919 4789 ταῦτα

2015 4755 2144 4799 sunt
2167 4745 2372 4812 allecti,
2403 4754 2457 4799 et
2477 4761 2730 4814 quaenam
2758 4747 2826 4803 de
2849 4749 2967 4819 ipsa
2991 4751 3218 4821 quidem
3251 4733 3590 4824 cogitarunt,

333 4838 444 4892 τῶν
476 4839 707 4892 ἐλπίδων
757 4835 1148 4908 διαμαρτόντες
1213 4833 1462 4904 ἡλγησαν
1495 4846 1511 4860 ·
1537 4829 1727 4898 διψᾶτε
1783 4827 1914 4896 γὰρ,

2013 4845 2070 4890 et
2095 4845 2362 4907 quantum
2386 4835 2636 4892 dolorem
2662 4850 3022 4910 acceperunt.
3053 4857 3179 4897 cum
3207 4859 3304 4914 spe
3339 4845 3609 4914 frustrati,

333 4931 476 4998 οιδα,
513 4931 608 4985 καὶ
636 4931 813 4984 ταῦτα
851 4927 1047 5000 μαθεῖν
1077 4943 1092 4960 ⁹
1134 4925 1284 4990 ἄξιον
1311 4923 1603 4996 παρελθεῖν
1637 4922 1939 5001 οῦδαμῶςη

2014 4937 2197 4984 essent
2237 4929 2386 5000 (nam
2438 4928 2557 4984 haec
2587 4945 2829 5000 quoque,
2882 4943 2967 4988 sat
3001 4935 3134 5000 scio,
3187 4937 3333 4994 scire
3377 4939 3590 5007 sititis),

2019 5033 2362 5089 nequaquam
2402 5034 2502 5087 par
2532 5031 2615 5075 est
2647 5024 3090 5090 praetermittere.

405 5114 509 5170 ΠΥ.
551 5115 705 5168 Ἐπεὶ
737 5113 844 5186 γὰρ
877 5113 1018 5180 ἀωρὶ
1050 5110 1160 5164 τῶν
1203 5108 1416 5163 νυκτῶν
1468 5107 1697 5177 μηδενὸς
1731 5107 1916 5169 αὐτοῖς

2089 5108 2208 5162 Χιι.
2244 5109 2541 5178 Postquam
2582 5112 2729 5167 enim
2760 5114 3092 5183 intempesta
3140 5127 3326 5181 nocte,
3365 5119 3590 5174 nemine

333 5209 396 5262 τὸ
423 5208 668 5280 πραχθὲν
695 5207 1020 5278 αἰσθομένου
1050 5204 1082 5274 ἡ
1133 5202 1366 5271 Εὐγενία
1395 5203 1494 5272 μὲν
1521 5200 1616 5254 τοῦ
1638 5201 1915 5271 ὀχήματος

2016 5201 2163 5272 quod
2217 5202 2421 5256 factum
2476 5203 2659 5260 fuerat
2715 5207 3015 5273 sentiente,
3069 5208 3313 5280 Eugenia
3365 5212 3587 5280 quidem

333 5302 580 5372 ἀψοφητὶ
622 5301 910 5370 κατῆλθεν,
968 5296 1261 5360 Ὑάκινθος
1299 5295 1353 5348 δὲ
1384 5296 1477 5348 καὶ
1508 5295 1738 5366 Πρωτᾶς
1797 5293 1926 5362 ’τῶν¹

2012 5294 2134 5348 sine
2199 5294 2434 5364 Strepitu
2503 5293 2792 5351 descendit
2849 5299 2918 5354 de
2978 5314 3188 5364 curru,
3247 5301 3589 5373 Hyacinthus

333 5395 510 5448 ἄλλων
567 5393 770 5462 ὁμοίως
827 5389 1293 5462 ἐξεχωρὶσθησαν,
1347 5388 1504 5441 κενὸν
1535 5388 1592 5440 δὲ
1626 5385 1686 5439 τὸ
1720 5387 1910 5457 ὄχημα

2013 5395 2197 5440 autem
2235 5393 2292 5438 et
2327 5385 2521 5439 Protas
2550 5386 2620 5440 ab
2659 5387 2783 5442 aliis
2823 5387 3083 5444 similiter
3131 5401 3260 5444 sunt
3302 5396 3537 5464 separati
3570 5413 3585 5452 :

331 5489 445 5549 τοῖς
468 5485 968 5556 προπορευομένοις
997 5480 1438 5553 ἐπηκολούθησεν
1457 5498 1471 5514 ο
1495 5483 1542 5534 οί
1575 5481 1910 5549 προάγοντες

2015 5477 2181 5532 inane
2218 5491 2349 5532 vero
2380 5477 2696 5532 vehiculum
2732 5490 2985 5535 secutum
3031 5491 3118 5537 est
3163 5498 3281 5548 eos,
3322 5486 3416 5554 qui
3445 5503 3587 5556 pra:-

333 5537 527 5640 auiae;
550 5537 710 5630 τοῦτο
755 5537 856 5647 μὲν
898 5537 988 5629 δια
1027 5537 1123 5628 τὸν
1157 5537 1373 5644 καιρὸν,
1425 5537 1664 5626 τοῦτοδὲ
1701 5537 1794 5625 καὶ
1823 5571 1912 5624 διὰ

2015 5569 2324 5633 cedebant,
2386 5569 2481 5638 qui
2538 5570 2808 5640 pra-ibant
2857 5574 3048 5630 famuli
3109 5579 3308 5647 partim
3365 5581 3585 5650 quidem

331 5669 431 5738 τὴν
455 5667 550 5722 τοῦ
590 5669 966 5740 πραττομένου
1005 5665 1305 5740 ἐπίκρυψιν
1341 5665 1510 5738 μηδὲν
1547 5664 1656 5718 τῶν
1688 5663 1911 5718 ὄπισθεν

2019 5669 2245 5732 propter
2269 5669 2511 5730 tempus,
2535 5661 2742 5732 partim
2765 5671 2950 5722 autem
2980 5669 3131 5738 quod
3159 5669 3399 5726 celatum
3425 5672 3497 5727 sit
3528 5671 3586 5728 id

410 5827 433 5858 ⁸
462 5827 623 5883 Joan.
675 5843 769 5895 xv,
800 5829 886 5887 13.
