4120 6378
467 363 575 427 623

1691 358 1975 423 MENSIS
2014 352 2444 417 DECEMBER.

3628 338 3733 404 εει

475 480 623 550 quod
668 481 984 551 gerebatur,
1032 478 1177 534 nihil
1211 491 1429 542 eorum,
1478 490 1603 546 quae
1636 490 1778 545 pone
1823 472 2046 534 fiebant,

2165 469 2457 538 γενομένων
2485 461 2822 533 αἰσθόμενοι,
2855 459 2983 514 imi.
3012 455 3108 512 καὶ
3138 452 3201 511 τδ
3223 453 3363 521 ζῶον
3397 451 3730 509 ἀκολουθοῦν

474 571 799 634 sentientes,
838 569 1099 640 quoniam
1157 582 1256 623 eos
1304 565 1646 635 sequebatur
1699 561 1928 629 animal,
1989 569 2044 614 ct

475 661 711 715 maxime
761 659 872 714 Deo
905 660 1038 715 huic
1085 658 1169 714 rei
1214 656 1566 728 providentia
1612 669 1712 710 sua
1757 668 1921 723 opem
1964 652 2041 706 fec

475 758 651 813 rente.
704 749 782 805 ita
835 758 983 804 recta
1034 749 1257 804 iverunt
1299 746 1710 802 Alexandriam.
1749 745 2045 814 Postquam

474 852 659 897 autem
695 841 808 913 jam
851 839 1079 895 fuerunt
1119 855 1293 910 prope
1332 839 1635 903 civitatem,
1674 836 1771 908 qui
1806 836 2045 893 rescive-

475 942 609 987 runt
630 931 854 1002 quidem
886 944 917 985 e
941 929 1106 984 domo
1130 930 1410 995 exierunt,
1442 944 1567 983 cum
1591 927 1829 983 maximo
1848 926 2047 997 gaudio

474 1022 790 1093 suscepturi
850 1021 1174 1092 Eugeniam,
1242 1020 1729 1076 anteatnbulonum
1796 1019 2048 1074 videntes

476 1113 917 1177 multitudinem,
960 1122 1016 1168 et
1045 1112 1212 1167 alium
1244 1110 1507 1181 deinceps
1552 1119 1883 1167 conventum
1911 1126 2050 1180 pue—

477 1220 689 1261 rerum.
715 1203 853 1261 Cum
873 1218 1009 1259 vero
1024 1204 1137 1274 jam
1161 1217 1332 1273 prope
1353 1208 1561 1267 essent,
1586 1210 1642 1255 et
1666 1201 1836 1255 alacri
1864 1199 2049 1257 animo

477 1296 543 1351 ad
582 1295 899 1351 vehiculum
931 1295 1327 1361 accurrissent,
1376 1303 1432 1348 et
1469 1291 1785 1347 cathedram
1827 1290 2050 1360 quidem

478 1383 748 1439 vidissent
789 1398 1040 1448 vacuam,
1087 1397 1362 1451 nusquam
1403 1390 1588 1436 autem
1626 1379 1952 1451 Eugeniam,
1992 1394 2051 1433 re

479 1476 765 1546 inopinata
802 1487 859 1531 et
884 1490 1047 1545 quam
1086 1489 1370 1543 nunquam
1421 1480 1764 1543 sperassent,
1799 1470 2053 1540 obstupe-

480 1568 631 1634 facti,
665 1566 733 1621 ad
762 1566 1033 1638 lacrymas
1062 1574 1118 1621 et
1149 1566 1359 1620 luctum
1402 1563 1469 1618 de
1498 1572 1702 1619 extero
1746 1570 1877 1618 sunt
1915 1577 2053 1616 con-

482 1652 647 1722 versi.
681 1670 735 1714 et
760 1658 1130 1714 communiter
1160 1671 1454 1712 commune
1488 1656 1691 1710 bonum
1734 1652 2051 1729 dwebant:

480 1748 624 1817 Quid
652 1751 856 1806 factum
886 1750 1010 1805 est?
1040 1747 1185 1815 Quid
1228 1756 1415 1802 actum
1448 1746 1573 1801 est?
1613 1746 1901 1813 Quodnam
1935 1761 2053 1801 ma-

2146 555 2316 628 εἷχον,
2346 558 2520 618 dum,
2549 573 2608 607 τε
2654 554 2710 609 δὲ
2735 553 2834 607 καὶ
2860 549 2960 605 τοῦ
3014 549 3154 605 Θεοῦ
3204 545 3727 615 συλλαμϐανομένου

2144 654 2215 721 τῇ
2248 652 2378 721 περὶ
2397 647 2556 702 τοῦτο
2586 643 2904 715 οἰκονομία,
2937 640 3067 695 εὐθὺ
3088 640 3188 710 τῆς
3223 635 3630 706 Ἀλεξανδρείας
3654 634 3730 700 ὡς

2146 739 2293 815 εἰχον
2340 741 2534 813 ᾔεσαν.
2607 736 2763 790 Ἐπεὶ
2788 734 2847 788 δὲ
2887 734 2990 804 ήδη
3040 733 3109 802 τῇ
3141 730 3299 784 πόλει
3331 731 3659 801 προσέσχον,
3682 728 3731 779 oi

2151 836 2253 907 μὶν
2280 835 2379 903 τῆς
2399 830 2578 893 οἰκίας
2608 827 2830 897 γνόντες
2861 824 3094 895 ὲξῂεσαν
3122 822 3246 893 μεθ’
3275 822 3412 891 ὅσης
3452 820 3520 874 ἄν
3554 818 3736 881 εἴποις

2148 923 2248 992 τῆς
2299 921 2516 991 ἡδονῆς.
2580 916 2847 985 Εὑγενίαν
2878 914 3040 984 δῆθεν
3067 910 3498 981 ἀποληψόμενοι,
3542 909 3652 962 τῶν
3675 924 3734 961 τε

2150 1014 2499 1086 προπομπῶν
2528 1012 2591 1066 τὸ
2623 1010 2829 1081 πλῆθος
2858 1007 3097 1078 ὁρῶντες
3131 1006 3229 1061 καὶ
3280 1003 3382 1074 τὴν
3428 1002 3598 1073 ἄλλην
3627 999 3736 1053 τῶν

2152 1110 2362 1163 παίδων
2386 1105 2584 1175 ἑφεξῆς
2614 1103 2883 1158 συνοδίαν.
2929 1099 2991 1153 Ὦ.
3003 1120 3017 1162 ;
3042 1100 3101 1152 δὲ
3124 1099 3221 1152 καὶ
3246 1096 3475 1167 πλησίον
3503 1093 3733 1164 γενόμεο

2152 1218 2234 1255 νει
2289 1200 2492 1260 πάντες
2535 1196 2792 1267 ἐκθύμως
2829 1192 3219 1264 προσέδραμον
3245 1188 3322 1259 τῷ
3376 1189 3613 1258 ὀχήματι
3645 1187 3740 1240 καὶ

2154 1291 2257 1362 τὴν
2289 1292 2389 1361 μὲν
2420 1288 2693 1359 καθέδραν
2724 1284 2891 1355 κενὴν
2912 1281 3088 1345 οὕτως
3119 1280 3331 1352 ἑώρων,
3354 1280 3453 1349 τὴν
3478 1277 3741 1347 Εύγενίαν

2154 1382 2212 1437 δὲ
2244 1380 2505 1451 οὐδαμοῦ,
2539 1378 2786 1451 στερρῶς
2815 1375 2896 1447 τῷ
2928 1375 3180 1444 ἀδοκήτῳ
3204 1371 3508 1441 πληγέντες
3537 1371 3619 1433 εἰς
3650 1369 3744 1422 δά.-

2154 1491 2302 1546 κρυα
2339 1474 2398 1528 τὸ
2426 1472 2614 1547 λοιπδγ
2646 1469 2890 1541 ἐχώρουν
2922 1467 3019 1522 καὶ
3046 1462 3320 1534 οἰμωγὰς.
3348 1464 3446 1516 καὶ
3483 1464 3640 1531 κοινῇ
3677 1461 3743 1513 τὸ

2156 1566 2338 1622 κοινὸν
2355 1563 2559 1635 ἀγαθὸν
2589 1562 2855 1633 ἐδάκρυον
2874 1597 2891 1626 ,
2924 1559 2990 1613 Τί
3031 1559 3263 1628 γέγονι;
3300 1553 3352 1608 τί
3381 1553 3695 1623 πέπρακται
3720 1568 3740 1616 ;

2156 1660 2211 1713 τί
2250 1659 2310 1712 τδ
2343 1655 2558 1728 συμϐὰν
2607 1656 2743 1725 ἡμῖν
2783 1654 2999 1724 ἄμαχον
3043 1649 3248 1716 κακόν;
3284 1647 3561 1715 λέγοντες.
3604 1640 3742 1698 Εἶτα

2160 1751 2293 1823 πρὸς
2320 1750 2494 1819 ὄνομα
2522 1747 2621 1818 τὴν
2665 1744 2930 1814 Εὑγενίαν
2978 1743 3371 1805 ἀνεκαλοῦντο,
3410 1740 3534 1807 δψιν
3582 1738 3741 1809 χερσὶ

482 1845 595 1897 lum
624 1842 1049 1914 inexpugnabile
1086 1842 1246 1897 nobis
1272 1840 1514 1896 accidit?
1543 1840 1812 1895 dicentes.
1844 1839 2055 1894 Deinde

2165 1817 2441 1906 παίοντες,
2466 1817 2658 1911 χεῖρας
2687 1836 2946 1908 ἀλλήλαις
2984 1836 3380 1897 πατασσοντες,
3421 1829 3742 1903 περιφανῶς

484 1934 705 1988 nomine
769 1932 1041 1987 vocabant
1107 1931 1449 2002 Eugeniam,
1512 1931 1725 1984 vultum
1792 1928 2054 1985 ferientes

485 2024 765 2089 manibus,
816 2023 1158 2094 plangentes,
1199 2030 1254 2077 et
1291 2021 1453 2092 plane
1494 2020 1788 2077 temulenti
1838 2020 2050 2075 dolore.

484 2112 594 2168 Sed
637 2113 753 2168 hznc
789 2111 1013 2184 quidem
1043 2111 1180 2167 foris
1210 2111 1486 2168 faciebant
1522 2110 1684 2165 amici
1731 2119 1784 2164 et
1817 2110 1955 2175 noli,
2001 2118 2057 2164 ct

484 2205 688 2275 quibus
719 2204 868 2257 nulla
902 2219 1027 2258 cum
1057 2218 1119 2256 ea
1157 2203 1535 2258 intercedebat
1568 2203 1886 2275 eonjunctio
1928 2218 2057 2258 san-

2159 1935 2238 1991 τῶ
2290 1934 2454 1987 πάθει
2488 1930 2805 2004 μεθύοντες.
2874 1927 3038 1981 Ἀλλὰ
3066 1926 3242 1981 ταῦτα
3272 1926 3374 1996 μὲν
3401 1921 3468 1978 τὰ
3500 1922 3608 1975 τῶν
3634 1919 3742 1985 ἔξω

2162 2026 2307 2098 φημὶ
2332 2024 2503 2095 φίλων
2525 2024 2617 2078 καὶ
2648 2020 2943 2092 γνωρίμων
2977 2021 3073 2075 καὶ
3096 2019 3266 2090 μηδὲν
3300 2015 3479 2070 κοινὸν
3500 2012 3741 2083 ἑχόντων

2162 2118 2223 2186 ἐξ
2249 2118 2478 2189 αίματος
2502 2132 2517 2147 ο
2554 2114 2662 2169 τῶν
2689 2113 2748 2169 δὲ
2777 2112 2925 2177 ἔνδον
2954 2112 3014 2167 δὲ
3034 2111 3116 2175 τίς
3141 2111 3207 2164 ἂν
3237 2103 3618 2178 ἑκτραγῳδοίη
3641 2100 3741 2172 τὴν

2166 2209 2488 2281 συμφοράν;
2523 2208 2585 2262 Οἰ
2622 2207 2732 2277 γὰρ
2766 2205 3023 2266 τεκόντες
3048 2200 3250 2272 μικροῦ
3284 2198 3381 2253 καὶ
3406 2197 3499 2251 ktl

486 2294 688 2366 guinis.
728 2292 935 2348 Eorum
977 2302 1184 2357 autem,
1213 2293 1306 2364 qui
1337 2295 1489 2349 intus
1531 2304 1715 2361 erant,
1757 2295 1885 2365 quis
1917 2295 2053 2351 satis

2165 2298 2341 2374 ἦλθον,
2381 2297 2579 2371 μικροῦ
2607 2297 2702 2351 καὶ
2736 2295 2889 2364 ξίφος
2922 2294 3045 2347 καθ’
3082 2290 3289 2346 ἑαυτῶν
3333 2287 3739 2347 ἐπεσπάσαντο,

488 2387 691 2455 tragice
733 2384 1092 2457 descripserit
1129 2387 1531 2441 calamitatem?
1593 2388 1856 2442 Parentes
1905 2386 2055 2441 enim

2165 2394 2206 2447 τί
2246 2393 2321 2462 μὴ
2377 2389 2683 2461 φωνοῦντες
2717 2385 2987 2454 ὲλεεινόν;
3022 2385 3075 2438 τί
3112 2384 3187 2455 μὴ
3225 2380 3457 2453 δρῶντες
3482 2376 3735 2448 δακρύων

488 2476 887 2547 prepcmodum
938 2484 1211 2530 venerunt
1256 2475 1321 2531 ad
1354 2475 1634 2546 laqueum,
1678 2487 1733 2531 et
1773 2493 2062 2548 propemo-

2165 2482 2346 2549 ἅξιονς
2406 2481 2667 2548 Ἐξαινον
2712 2477 2977 2551 παρειὰς,
3012 2475 3165 2530 κόνιν
3201 2474 3302 2541 τῆς
3334 2470 3576 2541 κεφαλῆς
3610 2485 3741 2522 κατ·

488 2568 617 2619 dum
675 2581 734 2621 se
783 2580 916 2622 ense
981 2567 1369 2630 contixerunt,
1424 2566 1557 2636 quid
1615 2583 1723 2621 non
1775 2567 2062 2638 loquentes

2165 2576 2336 2645 έχεον,
2362 2574 2603 2645 αἰσχρῶς
2636 2571 2864 2633 ἑαυτοὺς
2881 2573 2948 2642 τῇ
2974 2572 3045 2639 γῇ
3067 2566 3421 2628 κατέϐαλλον,
3438 2561 3745 2616 ἐπεσοῶντο

490 2658 845 2713 miserabile!
874 2657 1005 2729 quid
1048 2672 1159 2711 non
1200 2656 1469 2713 facientes
1500 2656 1727 2729 dignum
1766 2658 2062 2730 lacrymis?

2165 2663 2397 2734 πικρῶς,
2435 2663 2484 2715 οἰ
2542 2663 2779 2731 πατέρες
2823 2661 2922 2729 τὴν
2948 2658 3250 2729 θυγατέρα,
3301 2656 3348 2708 οἱ
3389 2651 3613 2720 ἁδελφοί
3643 2649 3741 2711 τὴν

490 2749 671 2805 Gcnas
721 2750 1061 2815 lacerabant,
1113 2749 1399 2819 pulverem
1451 2748 1620 2819 capiti
1669 2748 2058 2816 infundebant,

2165 2753 2419 2824 γνησίαν,
2458 2753 2509 2806 οἰ
2542 2752 2719 2807 δοῦλοι
2755 2754 2852 2818 τὴν
2880 2750 3174 2805 δέσποιναν
3198 2764 3211 2778 υ
3260 2746 3440 2809 οὐδεὶς
3468 2745 3739 2815 ἄτρωτος,

488 2855 548 2894 se
590 2841 743 2896 humi
778 2840 1014 2912 turpiter
1056 2839 1505 2910 prosterncbant,
1545 2843 1744 2895 acerbe
1784 2841 2062 2896 exclama-

2165 2846 2335 2910 οὐδεὶς
2363 2844 2457 2899 τοῦ
2486 2845 2695 2909 πάθους
2728 2844 3038 2914 ἐλεύθερος,
3071 2841 3187 2896 ἀλλ’
3218 2839 3361 2895 οὓτω
3385 2837 3581 2909 κομιδῆ
3614 2850 3746 2888 κατ-

491 2935 650 2996 hant,
702 2942 960 3003 parentes
1016 2930 1207 2993 filiani,
1263 2930 1465 2987 fratres
1516 2947 1855 3002 germanam.
1910 2930 2059 2987 servi

2165 2935 2374 3006 ειλήφει
2410 2934 2504 2990 τὸν
2534 2930 2683 2988 οἰκον
2714 2934 2885 3005 χωρὶς
2923 2933 3094 3002 πυρὸς
3125 2930 3478 3002 ἐμπρησμός.

490 3026 805 3092 dominam;
862 3024 1047 3079 nullus
1096 3024 1500 3092 iuvuineratus,
1559 3025 1745 3080 nullus
1816 3024 1957 3079 liber
2010 3023 2079 3079 ab
2155 3027 2326 3082 animi
2386 3026 2807 3098 perturbatione
2879 3034 3043 3081 :tam
3111 3023 3413 3078 vehemens
3468 3021 3749 3075 invaserat

493 3119 720 3172 domum
760 3116 967 3186 absque
999 3114 1125 3184 igne
1161 3115 1506 3171 incendium.

565 3208 706 3264 Xlll.
745 3206 851 3261 Sed
875 3213 1163 3277 postquam
1196 3205 1424 3261 inutiles
1452 3202 1710 3259 viderunt
1738 3218 1858 3259 esse
1882 3204 2059 3279 lacry-

2238 3204 2337 3264 ll".
2391 3205 2545 3259 Ἐπεὶ
2580 3205 2637 3260 δὲ
2686 3207 2971 3277 ἄπρακτον
3025 3206 3086 3260 τὸ
3137 3204 3373 3277 δάκρυον
3404 3205 3613 3275 ἑώρων,
3651 3206 3745 3257 ἐπὶ

493 3317 628 3366 mas,
663 3302 915 3354 conversi
965 3305 1096 3354 sunt
1143 3296 1209 3353 ad
1246 3296 1602 3368 quaerendam
1652 3296 2058 3352 charissimam.

494 3389 909 3461 interrogabant
929 3399 1285 3455 mercatores,
1315 3388 1819 3459 percunctabantur
1841 3392 2058 3460 agrico-

495 3488 598 3549 las,
646 3483 982 3553 prwdiorum
1027 3480 1390 3547 habitatores,
1434 3491 1487 3536 et
1518 3483 1731 3536 viarum
1762 3482 2061 3539 custodes:

496 3576 925 3636 sciscitabantur
970 3586 1125 3631 vates
1176 3576 1579 3647 vcntriloquos,
1634 3586 1689 3631 et
1733 3578 1918 3631 omnia
1963 3577 2067 3632 dae-

497 3688 720 3727 monum
752 3670 995 3734 oracula,
1031 3680 1088 3725 et
1119 3685 1184 3728 ea
1210 3668 1504 3740 placabaut
1537 3677 1592 3725 et
1618 3670 1870 3725 colebant
1896 3670 2067 3724 sacri-

495 3763 655 3819 tlt-iis.
693 3762 828 3818 Cum
866 3771 1048 3817 autem
1084 3774 1196 3816 non
1236 3760 1582 3815 inveniretur
1616 3775 1680 3816 ea
1712 3777 1834 3833 quae
1855 3776 2069 3833 quaere-

498 3858 676 3922 hatur,
706 3853 1027 3926 parentibus
1060 3869 1230 3909 unum
1274 3853 1603 3924 cchgitaut,
1637 3851 1733 3924 qui
1761 3854 1882 3922 ejus
1917 3850 2065 3923 quod

496 3958 578 4003 est
608 3962 795 4020 grave,
842 3945 1179 4002 videbantur
1210 3959 1461 4016 qua-rere
1508 3943 1786 3999 solatium.
1832 3944 2068 4015 Fingunt

497 4041 792 4111 quamdam
842 4039 1104 4101 fabulam,
1156 4036 1293 4092 nihil
1332 4036 1656 4092 dissimilem
1709 4035 1778 4090 iis
1810 4051 1931 4106 quae
1978 4048 2071 4090 ca-

498 4118 708 4189 nuntur
739 4133 885 4204 apud
912 4131 1134 4188 Graecos
1163 4148 1176 4185 :
1209 4129 1384 4201 quod,
1416 4145 1542 4185 cum
1589 4129 1667 4186 dii
1698 4129 1843 4201 capti
1881 4139 2069 4185 essent

498 4239 687 4280 amore
714 4221 994 4294 Eugeniae,
1024 4236 1146 4277 eam
1194 4218 1250 4276 in
1302 4220 1506 4278 omium
1550 4229 1878 4292 rapuerunt.
1912 4218 2068 4286 Quod

498 4316 727 4388 quidem
758 4314 925 4385 patri,
952 4323 1015 4369 ut
1050 4314 1210 4385 cujus
1244 4328 1413 4369 aures
1442 4313 1644 4369 talibus
1675 4313 2068 4380 assuevissent,

500 4415 717 4477 gratum
750 4411 872 4459 erat
905 4413 960 4459 et
988 4412 1300 4475 acceptum,
1333 4410 1389 4459 et
1424 4402 1590 4459 filiam
1621 4404 1935 4477 insignibus
1959 4405 2071 4459 alli-

500 4494 685 4554 ciebat
729 4493 1057 4548 honoribus.
1111 4493 1480 4560 Quamobrem
1527 4508 1747 4547 auream
1796 4493 1847 4548 ei
1892 4492 2070 4548 erexit
2108 4478 2115 4489 ’

2166 3299 2265 3371 τὴν
2293 3300 2524 3370 ζήτησιν
2555 3299 2651 3369 τῆς
2683 3298 2949 3369 ιρι).τάτης
2982 3293 3166 3370 ἦλθον.
3214 3296 3539 3368 Ἢρωτῶντο
3564 3298 3612 3349 οἰ
3642 3297 3746 3367 ἔμε

2168 3412 2349 3466 ποροι,
2394 3395 2847 3465 περιειργάζοντο
2885 3393 3145 3466 γεωργοὶ,
3178 3393 3397 3465 χωρίων
3430 3393 3747 3462 οἰκήτορες,

2166 3489 2302 3544 ὁδῶν
2340 3490 2602 3559 φύλακες,
2618 3490 2989 3561 ὲπηρωτῶντο
3025 3490 3271 3562 μάντεις,
3287 3488 3745 3559 ἐγγαστρίμυθοι,

2168 3585 2347 3640 πάντα
2372 3584 2441 3639 τὰ
2469 3585 2577 3638 τῶν
2604 3584 2877 3654 δαιμόνων
2905 3581 3218 3653 ἢρευνῶντο
3250 3582 3499 3651 μαντεῖα,
3529 3581 3624 3636 καὶ
3648 3580 3745 3635 θυ-

2170 3678 2312 3743 σίαις
2340 3678 2761 3746 ἐθεραπεύοντο.
2796 3675 2883 3738 Ὠς
2917 3674 3095 3735 δὲούκ
3123 3671 3189 3746 ἦν
3219 3677 3317 3744 τῆς
3342 3673 3678 3745 ζητουμένης
3709 3677 3745 3748 ἡ

2169 3769 2412 3841 εὖρεσις,
2446 3768 2507 3821 ἑν
2539 3771 2652 3832 τοῖς
2690 3768 2962 3839 πατράσιν
2990 3766 3298 3822 ἐπινοοῦσιν
3325 3766 3377 3820 οἵ
3405 3783 3470 3836 γε
3500 3784 3747 3837 παρηγο-

2171 3862 2285 3932 ρεῖν
2320 3859 2606 3923 δοκοῦντες
2636 3859 2732 3913 τοῦ
2776 3858 2955 3915 δεινοῦ
3000 3858 3381 3931 παραμύθιον⁸
3423 3858 3594 3931 μῦθόν
3623 3876 3747 3913 τινα

2171 3952 2493 4017 πλάττουσι,
2522 3954 2632 4015 τοῖς
2658 3952 2942 4023 ᾀδομένοις
2975 3952 3106 4022 παρ’
3144 3951 3407 4021 Ἕλλησιν
3435 3952 3586 4004 οὐδὲν
3620 3952 3745 4006 ανό·

2173 4059 2346 4113 μοιον,
2400 4043 2593 4114 ὅτιπερ
2628 4042 2894 4110 Εὑγενίας
2930 4042 2978 4094 oi
3016 4039 3133 4093 0εοί
3179 4040 3359 4111 ἔρωτα
3407 4041 3628 4112 σχόντες
3662 4043 3745 4105 εἰς

2169 4131 2432 4206 οὐρανοὺς
2461 4134 2630 4205 αὐτὴν
2660 4134 3071 4205 ἀνηρπάσαντο.
3129 4132 3312 4204 Ὅπερ
3341 4130 3419 4202 τῷ
3448 4131 3619 4203 πατρὶ
3647 4132 3743 4186 au

2171 4224 2386 4287 πολλοῖς
2408 4224 2669 4288 τοιούτοις
2692 4222 3048 4296 ένειθισμένῳ
3094 4224 3194 4296 τὴν
3227 4224 3398 4294 ἀκοὴν
3437 4223 3747 4294 εὐπαράδε-

2172 4332 2299 4371 κτον
2335 4311 2421 4389 ἦν,
2449 4318 2634 4387 τιμαῖς
2654 4333 2713 4370 τε
2743 4315 2843 4388 τὴν
2872 4315 3151 4389 θυγατέρα
3188 4315 3555 4387 διαφερόντως
3578 4316 3748 4386 ἐτίμα

2172 4407 2270 4463 καὶ
2297 4407 2519 4477 ἄγαλμα
2547 4408 2721 4479 ταύτῃ
2743 4408 2977 4478 χρυσοῦν
2998 4408 3335 4480 ἀνεστήσατο
3362 4407 3460 4461 καὶ
3477 4407 3551 4471 ὡς
3579 4410 3745 4478 καινῇ

2171 4498 2272 4568 θεᾷ
2300 4496 2447 4552 θύειν
2478 4497 2706 4568 ἧρξατο.
2742 4499 2807 4554 Ἡ
2839 4501 3022 4572 μήτηρ
3048 4499 3106 4552 δὲ
3142 4500 3236 4554 καὶ
3268 4501 3316 4553 οἰ
3349 4499 3576 4571 ἀδελφοὶ
3602 4501 3750 4553 Ἀδί-

500 4601 759 4655 statuam,
800 4594 854 4642 et
892 4595 1151 4656 tanquam
1194 4600 1347 4640 novae
1373 4584 1490 4642 dea:
1519 4587 1690 4657 cmpit
1722 4588 2062 4644 sacriﬁcare.

2171 4567 2271 4652 τας
2293 4606 2352 4641 τε
2380 4588 2472 4643 καὶ
2501 4567 2723 4660 Σέργιος
2746 4567 3013 4662 οὐκ*
3042 4591 3265 4662 ὁμοίως,
3298 4590 3433 4645 ἀλλὰ
3467 4567 3748 4646 πιστεύειν

504 4685 678 4737 Mater
707 4686 893 4734 autem
927 4685 984 4732 et
1014 4676 1216 4732 fratres
1256 4675 1446 4732 Avitas
1476 4687 1531 4732 et
1570 4676 1795 4747 Sergius
1840 4694 1946 4733 non
1992 4679 2068 4733 ita

502 4791 562 4831 se
605 4772 903 4834 trahebant,
954 4767 1050 4822 sed
1097 4767 1169 4823 iis
1197 4784 1319 4837 qua:
1362 4768 1710 4835 dicebantur,
1752 4769 2071 4825 dubitantes

505 4865 753 4929 credere,
802 4858 963 4915 valde
1010 4858 1297 4931 lugebant.
1339 4862 1517 4932 Atque
1561 4859 1816 4931 Eugeniae
1847 4861 2070 4933 quidem

506 4960 649 5030 fuga,
690 4966 747 5011 et
777 4952 1246 5025 quemadmodum
1294 4968 1407 5008 non
1438 4954 1615 5008 solum
1648 4963 1928 5025 parentes,
1974 4954 2071 5009 sed

507 5063 602 5105 eos
650 5046 815 5102 etiam
875 5044 972 5116 qui
1030 5044 1088 5099 ‘ei
1144 5042 1285 5099 bene
1335 5044 1613 5109 volebant,
1671 5043 1942 5111 aﬂ‘eeerit,
1997 5043 2071 5100 ita

507 5139 688 5194 habet.

574 5229 717 5285 XIV.
761 5229 1007 5303 Engenia
1032 5237 1219 5283 autem
1275 5227 1332 5281 in
1378 5222 1584 5282 divinis
1610 5223 1917 5295 Scripturis
1946 5242 2072 5282 ver-

509 5326 731 5380 sabatur
756 5331 812 5378 ct
845 5319 1221 5377 meditabatur
1248 5318 1490 5382 assidue,
1527 5327 1583 5372 et
1614 5317 1872 5388 parandae
1904 5319 2078 5374 virtu-

509 5417 577 5472 tls
605 5420 871 5487 magnam'
897 5427 1089 5470 curam
1143 5409 1391 5482 gerebat.
1451 5410 1571 5477 Quo
1616 5409 1819 5463 factum
1862 5417 1968 5476 est,
2019 5422 2076 5466 ut

509 5521 633 5563 eum
684 5519 790 5560 non
840 5505 1136 5575 plusquam
1195 5500 1337 5554 duos
1368 5510 1559 5554 \annos
1609 5499 1967 5569 trausegisset
2015 5498 2073 5555 in

508 5596 879 5661 monasterio,
940 5607 1135 5649 omnes
1188 5594 1436 5648 vinceret
1479 5609 1495 5647 :
1545 5590 1766 5658 mulier,
1813 5591 2073 5661 inquam,

511 5689 677 5743 viros.
724 5686 907 5751 Quare
960 5700 1052 5741 res
1094 5687 1412 5740 communis
1458 5693 1543 5740 est
1572 5685 1780 5747 virtus,
1814 5678 1869 5738 et
1915 5700 2078 5740 sexus

508 5778 720 5836 nullum
755 5778 912 5832 atl‘crt
946 5777 1402 5847 impedimentum
1436 5777 1486 5833 ci
1509 5777 1605 5845 qui
1651 5791 1710 5833 se
1756 5783 1904 5830 recte
1943 5774 2076 5830 velit

2176 4678 2319 4734 οὕτω
2343 4681 2453 4743 τοῖς
2486 4679 2799 4751 λεγομένοις
2820 4682 3157 4753 ὀκνήσαντες
3192 4682 3428 4756 ἰσχυρῶς
3461 4680 3747 4737 ἐπένθουν.

2179 4770 2326 4840 Πλὴν
2352 4770 2488 4826 ἀλλὰ
2514 4774 2582 4825 τὰ
2609 4774 2751 4843 μετὰ
2789 4774 2889 4844 τὴν
2931 4773 3109 4845 φυγὴν
3145 4774 3435 4843 Εὑγενίας,
3474 4776 3568 4826 καὶ
3601 4774 3750 4832 ὅπως

2179 4862 2240 4915 οὺ
2274 4863 2479 4930 γονέων
2510 4865 2671 4935 μόνον
2719 4865 2879 4936 αὐτῇ,
2931 4864 3071 4920 ἀλλὰ
3096 4864 3190 4918 καὶ
3236 4862 3346 4917 τῶν
3398 4862 3573 4919 ἄλλων
3612 4862 3751 4933 πρὸς

2175 4954 2346 5027 αὐτὴν
2370 4956 2562 5027 φιλίως
2601 4955 2967 5028 διακειμένων
2997 4955 3278 5024 καθίκετο,
3304 4954 3481 5021 οὕτως
3504 4955 3643 5026 ἔχει.

2250 5227 2349 5282 l.\'.
2382 5228 2461 5299 Τῇ
2491 5228 2725 5299 Εὐγενίᾳ
2752 5228 2810 5283 δὲ
2844 5229 3016 5301 πολλὴ
3044 5231 3142 5302 μὲν
3168 5232 3201 5301 ἠ
3230 5229 3358 5303 περὶ
3383 5229 3485 5303 τὴν
3519 5228 3753 5302 μελέτην

2182 5318 2288 5372 τῶν
2313 5318 2472 5372 θείων
2513 5318 2750 5392 Γραφῶν
2783 5321 3110 5392 προσεδρία,
3143 5319 3314 5391 πολλὴ
3348 5320 3404 5373 δὲ
3436 5322 3470 5394 ﬁ
3499 5322 3628 5390 περί
3656 5321 3753 5390 τὴν

2183 5409 2375 5481 κτῆσιν
2405 5408 2509 5478 τῆς
2544 5409 2743 5482 ἀρετῆς
2773 5412 3083 5483 ἐπιμέλεια,
3116 5411 3246 5484 παρ’
3273 5408 3301 5464 δ
3340 5411 3434 5465 καὶ
3463 5412 3538 5483 μὴ
3569 5413 3752 5466 πλεῖον

2180 5501 2216 5572 ἢ
2246 5500 2339 5553 δύο
2363 5500 2456 5572 ἔτη
2479 5503 2543 5572 τῇ
2577 5505 2712 5573 μονῇ
2737 5501 3187 5572 συνδιενεγκοῦσα
3214 5502 3321 5556 τῶν
3342 5501 3559 5557 πάντων
3585 5503 3752 5576 ἐκρά-

2181 5607 2286 5657 τει,
2315 5591 2451 5661 γυνή
2493 5608 2638 5663 φημι
2681 5592 2792 5645 τῶν
2835 5592 3065 5664 ἀνδρῶν.
3118 5593 3281 5645 Ὥστε
3320 5592 3497 5646 κοινὸν
3526 5593 3559 5663 ἡ
3585 5591 3755 5664 ἀρετὴ

2184 5683 2281 5736 καὶ
2302 5681 2457 5735 οὐδὲν
2478 5685 2585 5737 ἀπὸ
2614 5683 2710 5736 τοῦ
2732 5684 2925 5753 γένους
2951 5684 3178 5756 κώλυμα
3208 5685 3284 5756 τῷ
3312 5683 3609 5755 κατορθοῦν
3631 5683 3753 5753 βου-

2186 5775 2419 5847 λομένῳ.
2474 5775 2539 5829 ’ἰΙ
2582 5772 2675 5832 οὖν
2732 5777 2965 5846 Εὑγενία
2995 5777 3115 5832 κατ’
3141 5777 3340 5851 ἀρετὴν
3374 5775 3753 5850 πρωτεύουσα,
