4120 6378
502 361 611 425 627

1631 376 1643 389 τ
1750 368 2036 430 MENSIS
2065 365 2498 440 DECEMBER.
2596 348 2605 361 ’

3651 322 3777 442 .628

508 477 649 531 cerit
697 477 990 545 miracula,
1030 493 1262 541 narrare
1312 487 1401 537 est
1444 479 1678 539 alterius
1723 488 1994 557 temporis
2027 494 2085 543 et

2207 489 2472 546 ικολουθεῖ
2491 490 2586 547 καὶ
2608 491 2700 547 τὸν
2725 471 2921 566 είρμδν
2946 488 3241 548 ἀκόλουθον
3266 488 3383 563 ἔχει
3411 489 3524 554 τοῖς
3555 490 3777 561 ἑφεξῆς,

506 568 729 637 operis,
772 570 921 639 quod
969 573 1255 644 proprium
1301 576 1548 646 postulat
1595 579 1818 635 otium:
1849 582 2087 638 maxime

497 672 635 739 “cum
673 667 904 729 propter
931 664 1247 719 satietatem
1290 666 1474 721 oratio
1503 667 1643 725 vitet
1683 670 2085 741 prolixitatem.

507 746 668 816 Quod
701 765 834 807 vero
879 760 936 808 et
975 753 1128 810 dictu
1175 763 1261 811 est
1288 755 1475 823 facile,
1518 767 1578 815 et
1613 760 1703 816 cui
1737 775 2090 833 consequens

507 847 598 894 est
627 839 753 898 linis
795 846 1070 916 martyrii.
1104 855 1163 903 et
1201 847 1370 904 habet
1413 851 1615 906 seriem
1647 863 2088 923 consequentem

506 930 580 985 iis
605 949 729 1002 quae
753 935 1022 1009 deinceps
1055 952 1384 1010 sequuntur,
1414 942 1522 999 hoc
1546 944 1658 1015 jam
1694 945 1933 1002 dicetur.
1958 948 2092 1003 Erat

508 1024 1162 1102 Alexandriaequsedam
1213 1035 1438 1099 mulier,
1486 1038 1713 1094 nomine
1764 1038 2088 1106 Melanthia,

512 1134 634 1187 qua:
659 1118 950 1179 facultates
979 1126 1205 1194 quidem
1240 1128 1483 1184 habebat
1512 1131 1815 1187 multarunt
1855 1132 2096 1187 talento-

514 1225 661 1276 rum,
703 1213 796 1267 Dei
830 1224 1018 1273 autem
1053 1220 1272 1276 timoris
1299 1230 1357 1276 et
1389 1222 1615 1277 virtutis
1641 1232 1766 1279 erat
1789 1224 1972 1295 inops.
2014 1224 2093 1279 Ea

501 1320 642 1377 cum
669 1305 971 1376 aliquando
995 1326 1027 1366 a
1057 1311 1327 1369 diuturno
1361 1323 1419 1371 et
1453 1316 1609 1387 gravi
1638 1318 1836 1372 morbo
1868 1325 2095 1388 arrepta

513 1406 663 1453 esset
699 1398 844 1468 (erat
875 1402 1023 1457 enim
1061 1404 1284 1471 horror,
1321 1416 1524 1477 quarto
1549 1423 1773 1479 quoque
1811 1409 1903 1465 die
1935 1424 2097 1466 acce-

516 1487 697 1553 dens),
731 1490 826 1545 ubi
886 1492 1031 1549 fama
1087 1494 1155 1549 ad
1214 1510 1338 1550 eam
1405 1501 1680 1567 pervasit,
1735 1515 1863 1557 esse
1914 1502 2094 1556 virum

504 1580 817 1651 quemdam
862 1585 1093 1640 nomine
1121 1586 1350 1656 quidem
1380 1589 1720 1660 Eugenium,
1757 1592 1872 1647 vita
1907 1602 2098 1651 autem

520 1674 786 1731 omnibus
829 1678 1246 1749 admirandum,
1302 1682 1401 1753 qui
1451 1684 1614 1740 facile
1667 1686 1833 1742 solvit
1872 1687 2100 1745 morbos

2178 580 2351 637 τοῦτο
2379 584 2442 654 δὴ
2475 585 2569 638 καὶ
2603 584 2947 657 λεχθήσεται.
3005 579 3116 639 Ἦν
3144 601 3230 649 τις
3277 584 3335 639 ὲν
3399 582 3781 657 Ἀλεξανδρείᾳ

2193 675 2329 747 γυνὴ
2347 675 2584 747 τοῦνομα
2600 676 2880 733 Μελανθία
2904 678 3308 742 πολυτάλαντος
3330 676 3429 748 μὲν
3448 676 3545 748 τὴν
3565 676 3777 743 οὐσίαν,

2197 769 2364 838 φόϐου
2392 769 2456 824 δὲ
2476 770 2622 823 θείου
2651 771 2745 825 καὶ
2768 771 2978 842 ἀρετῶν
2996 770 3195 834 ἐνδεῶς
3220 770 3445 840 ἔχουσα.
3475 768 3626 839 Αὕτη
3650 770 3784 822 ποτὲ

2194 863 2394 935 χρονίῳ
2426 865 2688 935 νοσήματι
2745 865 2838 919 καὶ
2871 864 3028 935 βαρεῖ
3055 864 3326 937 ληφθεῖσα
3358 864 3378 932 (
3403 863 3555 935 ῥίγος
3580 862 3690 932 γὰρ
3714 857 3781 932 ἦν

2193 954 2255 1008 τδ
2286 952 2373 1008 διὰ
2399 955 2670 1026 τετάρτης
2702 956 3123 1024 ἐπισημαῖνον),
3174 953 3367 1024 ἐπειδὴ
3396 952 3453 1006 δὲ
3485 953 3585 1006 κοιλ⁵
3610 952 3783 1021 αὐτὴν

2196 1049 2230 1119 ὴ
2272 1048 2429 1119 φήμη
2468 1048 2904 1120 συμπεριέλαϐεν
2956 1049 3128 1121 ἄνδρα
3175 1048 3299 1102 τινὰ
3348 1042 3517 1111 εἶναι,
3557 1047 3656 1115 τὴν
3684 1045 3784 1114 μὲν

2197 1142 2391 1210 κλῆσιν
2445 1142 2724 1208 Εύγένιον,
2775 1141 2865 1196 τδν
2917 1139 3032 1211 βίον
3060 1140 3116 1194 δὲ
3149 1141 3315 1194 πᾶσιν
3345 1134 3785 1206 ἀξιοθαύμαστον

2196 1235 2266 1287 τὰ
2287 1234 2523 1305 δυσχερῆ
2550 1234 2658 1287 τῶν
2688 1230 3015 1302 νοσημάτων
3042 1230 3284 1301 εὐχερῶς
3315 1228 3511 1282 λύοντα
3530 1245 3544 1259 ’
3573 1241 3788 1294 παραυ-

2197 1327 2327 1380 τίκα
2350 1327 2519 1382 τᾶλλα
2545 1325 2725 1380 πάντα
2760 1323 3043 1395 σχολάζειν
3073 1323 3275 1392 ἀφεῖσα
3321 1321 3398 1390 τῷ
3433 1318 3786 1389 μοναστηρίῳ

2200 1421 2335 1493 πρὸς
2363 1420 2528 1491 τάχος
2543 1418 2802 1491 ἐπιφοιτᾶ
2830 1419 2923 1472 καὶ
2946 1415 3166 1488 θερμῶς
3188 1416 3421 1470 αἰτεῖται
3442 1412 3540 1482 τῆς
3566 1409 3790 1474 πιεζού-

2203 1528 2304 1582 σης
2343 1510 2606 1582 μάστιγος
2627 1511 2726 1583 τὴν
2758 1508 3099 1581 ἐλευθερίαν.
3148 1503 3346 1568 Οἴκτος
3383 1504 3477 1559 οὖν
3512 1502 3790 1573 λαμϐάνει

2200 1603 2298 1674 τὴν
2320 1603 2609 1673 Εὐγενίαν,
2634 1603 2729 1656 καὶ
2752 1601 2830 1670 τῷ
2851 1600 2993 1670 ἁγίῳ
3011 1597 3217 1671 ταύτην
3245 1596 3410 1666 ἐλαίῳ
3428 1595 3613 1664 ἁγίαις
3630 1591 3793 1663 χερσὶ

2201 1688 2594 1767 περιχρίσασα,
2655 1694 3002 1764 παραχρῆμα
3059 1690 3159 1761 τὴν
3188 1685 3469 1743 νοσοποιδν
3524 1685 3792 1756 ἐξεμέσαι

516 1764 797 1835 dillicilcs,
851 1772 1038 1827 statim
1077 1775 1340 1831 omnibus
1381 1778 1507 1834 aliis
1556 1778 1803 1845 omissis,
1856 1781 2099 1839 maxima

2207 1764 2527 1860 “quateret,
2559 1785 2653 1840 καὶ
2673 1783 2846 1848 οὕτως
2876 1780 3216 1855 ήΜελανθία
3252 1778 3503 1849 καθαρᾶς
3547 1774 3793 1846 τυχοῦσα

514 1861 813 1920 celeritate
862 1868 1017 1922 venit
1061 1867 1130 1923 ad
1165 1873 1592 1938 monasterium,
1632 1878 1691 1928 et
1733 1873 2096 1933 vehementer

512 1966 696 2028 rogat,
721 1967 783 2013 ut
806 1959 1077 2018 liberetur
1103 1980 1134 2019 a
1163 1964 1339 2036 plaga,
1369 1982 1494 2036 qua:
1523 1982 1647 2023 eam
1678 1969 1901 2039 premit.
1935 1970 2098 2029 Mise-

516 2053 762 2109 ricordia
800 2058 1002 2128 sitaque
1046 2069 1301 2116 movetur
1359 2063 1604 2135 Eugenia
1636 2082 1650 2118 :
1683 2074 1740 2121 et
1789 2081 1917 2122 cum
1975 2082 2095 2123 eam

515 2153 713 2201 saneto
771 2146 896 2201 oleo
954 2149 1161 2204 sanctis
1208 2153 1461 2209 unxisset
1509 2155 1787 2217 manibus,
1838 2158 2099 2226 protinus

519 2234 715 2301 cllicit,
774 2246 834 2291 ut
890 2250 1113 2295 evomat
1165 2243 1459 2299 materiam
1516 2246 1696 2301 morbi
1744 2246 2095 2303 efﬁcientem.

519 2327 728 2397 Sicque
749 2325 1049 2385 Melanthia
1075 2346 1216 2402 pure
1240 2345 1543 2392 consecuta
1566 2338 1881 2402 sanitatem,
1909 2341 2102 2396 valens

519 2419 749 2487 quidem
784 2424 1087 2479 revertitur
1124 2444 1140 2481 :
1173 2427 1330 2482 venit
1359 2438 1548 2485 autem
1579 2430 1647 2486 ad
1680 2434 1977 2502 quemdam
2033 2449 2103 2491 ex

2127 1833 2175 1894 Β

2202 1878 2301 1948 τῆς
2330 1876 2545 1945 ὑγιείας
2579 1875 2829 1928 ἐπάνεισι
2880 1872 2980 1944 μὲν
3038 1868 3356 1944 ἐρρωμένη,
3406 1866 3543 1939 πρός
3580 1882 3703 1919 τινα
3735 1864 3795 1918 δὲ

2201 1971 2310 2025 τῶν
2336 1968 2542 2038 ταύτης
2591 1965 2777 2039 ἀγρῶν
2828 1965 2887 2030 ὃς
2939 1965 3035 2019 καὶ
3063 1965 3130 2035 τῇ
3170 1963 3323 2033 μονῇ,
3364 1958 3691 2029 ὲγγειτονῶν
3720 1952 3794 2028 ἦν

2200 2059 2591 2132 παραγίνεται,
2651 2059 2745 2112 καὶ
2803 2056 2922 2128 μετ’
2973 2055 3034 2109 ού
3066 2055 3202 2109 πολὺ
3253 2051 3524 2125 ἀργυρίου
3561 2048 3795 2122 φαιδροῦ

2202 2154 2330 2226 τρία
2352 2152 2521 2223 σκεύη
2547 2149 2853 2221 φιλοκάλως
2878 2149 3166 2220 ἀσκήσασα
3187 2137 3397 2218 πέμπει
3429 2147 3496 2217 τῇ
3529 2142 3796 2214 Εὐγενίᾳ,

2197 2247 2274 2317 τῷ
2313 2244 2588 2316 εύκτηρίῳ
2614 2241 2774 2313 δῆθεν
2799 2242 2899 2313 τῆς
2929 2241 3100 2313 μονῆς
3125 2238 3260 2311 οίκῳ
3279 2239 3430 2310 δῶρα
3459 2234 3798 2305 καθοσιοῦσζα

2198 2338 2619 2410 εὐχαριστήρια.
2652 2334 2746 2407 Μὴ
2775 2334 3152 2405 προσιεμένης
3182 2332 3239 2386 δὲ
3263 2332 3364 2404 τὴν
3422 2329 3801 2403 προσαγωγὴν

2202 2431 2448 2503 (ἔφασκε
2476 2429 2587 2499 γὰρ
2608 2427 2669 2481 οὐ
2694 2424 2949 2497 λυσιτελῆ
2981 2426 3239 2497 μοναχοῖς
3266 2420 3410 2477 εἶναι
3437 2422 3551 2476 οὐδ’
3581 2420 3801 2474 οἰκείαν

521 2511 643 2573 suis
668 2513 837 2582 agris,
869 2514 962 2584 qui
995 2515 1165 2570 etiam
1195 2524 1319 2572 erat
1349 2534 1525 2591 prope
1570 2524 1995 2589 monasterium,
2047 2534 2104 2581 et

2207 2523 2301 2595 τὴν
2334 2523 2431 2576 τοῦ
2462 2520 2706 2595 ἀργύρου
2724 2520 2946 2590 κτῆσιν,
2972 2516 3110 2572 ἀλλά
3141 2516 3342 2572 πωλεῖν
3367 2516 3450 2570 δεῖ
3473 2515 3569 2570 καὶ
3593 2513 3803 2586 πένησι

521 2616 636 2656 non
666 2602 849 2660 multo
872 2614 996 2675 post
1031 2612 1307 2677 tempore,
1350 2624 1477 2664 eum
1512 2625 1580 2666 ex
1619 2612 1814 2683 pulcro
1858 2621 1915 2669 et
1961 2630 2104 2685 puro

2211 2615 2488 2687 διανέμειν
2524 2612 2558 2685 ἢ
2593 2613 2772 2685 χρεῶν
2809 2595 2984 2674 ἄλλως
3027 2608 3185 2681 βάρει
3219 2607 3623 2678 πιεζομένοις),
3657 2603 3803 2676 αὐτὴ

521 2703 752 2764 argento
793 2697 899 2752 tria
933 2713 1062 2753 vasa
1090 2700 1451 2766 confecisset,
1498 2716 1564 2758 ea
1604 2705 1779 2760 mittit
1820 2704 1890 2761 ad
1920 2705 2104 2776 Euge-

2212 2709 2350 2779 πρὸς
2379 2706 2478 2780 τὴν
2502 2705 2767 2774 Εὐγενίαν
2794 2704 3127 2775 φοιτήσασα,
3151 2701 3249 2754 καὶ
3277 2699 3332 2753 τί
3359 2696 3497 2770 πρὸς
3524 2693 3700 2750 πειθὼ
3723 2695 3804 2767 μὴ

520 2786 696 2852 niam,
742 2790 1071 2845 monasterii
1119 2791 1225 2847 a-di
1256 2794 1519 2850 oratoriae
1567 2810 1630 2850 ea
1664 2795 1809 2852 dona
1835 2796 2104 2855 dedicans

2213 2801 2441 2855 εἰποῦσα
2472 2799 2505 2871 ἢ
2540 2798 2818 2871 δράσασα,
2850 2795 3028 2851 πείθει
3055 2793 3243 2849 λαϐεῖν
3269 2790 3367 2846 καὶ
3399 2787 3805 2858 ἀναθεῖναιπδν

523 2893 629 2949 pre
670 2882 970 2950 gratiarum
1012 2885 1255 2944 actione.
1288 2886 1430 2943 Cum
1471 2895 1661 2943 autem
1710 2904 1915 2946 munus
1948 2890 2104 2947 obla-

2213 2893 2458 2964 ἄργυρον
2494 2890 2575 2962 τῷ
2609 2889 2745 2961 ναῷ.

523 2980 645 3028 tum
676 2989 788 3029 non
815 2976 1139 3034 admitteret
1165 2978 1413 3055 (dicebat
1445 2981 1594 3036 enim
1626 2996 1740 3037 non
1776 2997 1901 3039 esse
1963 2983 2252 3040 monachis
2319 2984 2537 3046 utilem,
2590 2995 2774 3052 neque
2825 2976 3250 3035 convenientem
3320 2981 3534 3047 argenti
3578 2985 3807 3043 posses-

522 3064 762 3132 sionem,
794 3067 894 3123 sed
926 3084 1051 3123 eam
1076 3085 1200 3126 esse
1231 3070 1613 3137 vendendam,
1684 3081 1744 3129 et
1807 3075 2152 3146 pauperibus
2227 3074 2700 3141 distribuendam,
2748 3078 2846 3128 aut
2895 3072 2967 3128 iis
3008 3070 3103 3142 qui
3155 3067 3363 3140 alioqui
3408 3064 3808 3136 Opprimuntur

523 3159 771 3228 pondere
813 3160 1172 3229 debitorum),
1214 3162 1336 3233 ipsa
1366 3177 1493 3218 cum
1526 3165 1775 3222 venisset
1821 3169 1891 3221 ad
1938 3166 2265 3237 Eugeniam,
2302 3167 2523 3238 etquid
2587 3181 2702 3221 non
2768 3161 3022 3229 dixisset,
3085 3167 3182 3217 aut
3214 3158 3440 3215 fecisset
3464 3155 3534 3211 ad
3573 3168 3808 3226 persua-

530 3257 773 3313 dendum
795 3296 811 3322 ,
864 3254 1168 3328 persuadet
1215 3267 1277 3314 ut
1314 3262 1552 3332 accipiat
1581 3270 1897 3333 argentum,
1929 3272 1986 3319 et
2022 3271 2257 3333 reponat
2292 3264 2348 3318 in
2378 3263 2586 3335 templo
2619 3259 2964 3318 dedicatum.

602 3349 767 3405 XVII.
809 3350 937 3406 Fuit
979 3365 1165 3406 autem
1197 3351 1376 3421 pietas
1418 3355 1641 3410 occasio
1689 3355 2016 3426 impietatis,
2052 3364 2104 3411 et

2282 3355 2384 3413 lZ'.
2421 3351 2529 3409 Ἦν
2553 3353 2615 3429 δὲ,
2640 3352 2750 3426 ἄρα
2778 3354 2876 3424 τῆς
2895 3350 3153 3414 ἀσεϐείας
3175 3349 3435 3412 ὑπόθεσις
3462 3348 3496 3418 ἢ
3525 3345 3807 3412 εὐσέϐεια,

526 3454 723 3495 verum
774 3450 859 3496 est
908 3440 967 3496 id
1023 3440 1174 3511 quod
1224 3441 1359 3497 olim
1406 3442 1618 3500 dictum
1663 3453 1770 3509 est,
1820 3461 1933 3501 non
1986 3460 2104 3503 esse

2213 3448 2306 3502 καὶ
2331 3445 2536 3519 ἀληθὲς
2569 3445 2629 3500 τὸ
2663 3445 2832 3500 πάλαι
2881 3444 3070 3517 ῥηθὲν,
3113 3442 3196 3496 ὅτι
3230 3441 3385 3496 οὐδὲν
3419 3440 3639 3511 ὲγγίζον
3672 3439 3810 3493 ἄλλο

528 3533 700 3588 ullam
730 3545 849 3586 rem
893 3531 1057 3587 alteri
1090 3540 1201 3587 tam
1233 3534 1601 3606 propinquam
1643 3552 1810 3608 quam
1841 3537 2104 3594 virtutem

2214 3540 2350 3612 πρὸς
2379 3540 2567 3611 ἕτερον
2590 3538 2666 3604 ὡς
2692 3540 2862 3611 ἀρετὴ
2889 3538 3026 3611 πρδς
3047 3537 3270 3592 κακίαν·
3301 3536 3396 3591 καὶ
3422 3534 3688 3598 πολλάκις
3718 3549 3809 3597 τις

528 3624 708 3680 vitio:
737 3632 797 3679 et
838 3638 983 3694 sape
1014 3624 1218 3695 aliquis
1245 3625 1402 3696 juxta
1451 3642 1574 3683 eam
1623 3627 1855 3694 vadens,
1902 3630 2114 3700 impru-

530 3718 672 3773 dens
708 3716 1025 3788 ingreditur
1051 3716 1106 3772 in
1127 3719 1495 3774 contrarium.
1524 3719 1682 3787 Quod
1710 3721 1880 3777 etiam
1907 3722 2113 3779 accidit

531 3808 866 3871 Melanthiae.
905 3809 1144 3867 Virtutis
1184 3811 1334 3867 enim
1375 3811 1608 3869 fortasse
1641 3813 1981 3872 mediocrem
2018 3829 2116 3871 cu-

530 3920 653 3964 ram
697 3917 920 3975 gerens,
971 3902 1324 3974 imprudens,
1383 3905 1650 3976 quoniam
1694 3913 1942 3964 mentem
1999 3920 2114 3963 non

532 3998 812 4063 adhibuit,
848 3997 916 4052 ad
947 4011 1223 4053 summam
1260 3997 1500 4055 deducta
1534 3997 1640 4054 fuit
1673 3998 2111 4071 improbitatem.

533 4091 655 4148 iam
708 4090 857 4147 enim
905 4090 1105 4148 effecta
1146 4091 1461 4158 familiaris,
1512 4108 1641 4148 eum
1705 4092 1774 4149 ad
1827 4108 1951 4149 eam
2007 4093 2117 4148 iret

533 4185 781 4246 assidue.
810 4194 867 4240 et
898 4186 1078 4241 virum
1106 4186 1324 4241 videret
1354 4186 1541 4255 specie
1566 4186 1847 4258 juvenem,
1888 4196 1945 4241 et
1974 4183 2115 4242 facie

533 4275 879 4340 formosum,
927 4290 1049 4330 eam
1097 4276 1250 4330 subit
1300 4271 1457 4357 amor
1480 4291 1833 4347 nequaquam
1884 4277 2114 4348 quidem

534 4368 824 4422 illiberalis
857 4384 875 4421 :7
896 4374 955 4421 et
982 4367 1247 4436 paulatim
1274 4363 1697 4423 demulcebatur
1725 4366 1846 4437 ejus
1881 4377 1938 4424 et
1980 4368 2120 4423 deli-

534 4458 799 4511 niebatur
819 4455 1061 4517 animus,
1085 4455 1290 4512 deinde
1305 4458 1473 4512 etiam
1496 4456 1657 4513 valde
1680 4457 2117 4525 accendebatur,

436 4535 454 4596 ἒ
541 4556 605 4602 ιιι
655 4563 777 4617 qua:
821 4547 1170 4603 existimaret
1218 4546 1519 4620 Eugeniam
1567 4566 1639 4606 ne
1677 4564 1842 4621 posse
1891 4550 2117 4621 quidem

538 4655 763 4710 semper
801 4654 925 4695 esse
966 4648 1197 4707 castam,
1235 4641 1333 4697 sed
1374 4657 1560 4713 neque
1593 4644 1773 4699 morbi
1822 4643 2118 4714 prepulsa—

2213 3634 2367 3706 παρά
2411 3633 2618 3703 ταύτην
2644 3631 2880 3705 βαδίζων
2918 3630 3018 3703 τῆς
3038 3629 3292 3695 ἐναντίας
3331 3627 3515 3682 λαθὼν
3542 3626 3675 3680 εἵσω
3705 3625 3809 3694 γι-

2213 3739 2393 3793 γονεν·
2423 3715 2469 3793 ᾧ
2525 3723 2591 3797 δὴ
2643 3723 2738 3779 καὶ
2768 3721 3054 3780 Μελανθία
3107 3719 3538 3793 συμπέπτωκεν.
3567 3718 3808 3790 Ἄρα-ἧς

2214 3816 2323 3890 γὰρ
2348 3814 2481 3880 ἴσως
2513 3814 2752 3889 μετρίως
2784 3810 3153 3887 φροντίζουσα
3189 3811 3384 3883 λέληθε
3413 3812 3493 3882 τῷ
3520 3811 3599 3884 μὴ
3631 3826 3811 3884 προσ-

2217 3907 2366 3979 ἔχειν
2396 3909 2488 3964 τὸν
2520 3905 2647 3962 νοῦν
2696 3909 2779 3972 είς
2808 3907 2979 3976 ἄκρον
3014 3905 3324 3977 μοχθηρίας
3376 3902 3807 3977 παρενεχθεῖσα.

2220 4000 2361 4071 Ἤδη
2379 3999 2489 4070 γάρ
2513 3998 2751 4066 συνήθης
2771 3997 3031 4067 γεγονυῖα
3048 3995 3142 4051 καὶ
3164 3993 3404 4066 συνεχῶς
3422 3995 3573 4065 παρά
3597 3993 3811 4065 ταύτην

2222 4090 2402 4158 ίοῢσα,
2429 4092 2598 4165 ἄνδρα
2624 4108 2683 4145 τε
2713 4091 2900 4162 ὁρῶσα
2928 4088 3005 4163 τῷ
3051 4089 3366 4160 φαινομένῳ
3416 4083 3679 4153 νεάζοντα
3710 4088 3812 4142 καὶ

2221 4183 2349 4255 ὄψιν
2400 4182 2734 4256 περικαλλῆ,
2767 4181 2911 4254 ἔρως
2968 4181 3142 4251 αὐτὴν
3182 4178 3491 4251 εἰσέρχεται
3539 4178 3811 4248 ούμενουν

2221 4275 2444 4348 ἀγενὴς,
2480 4275 2576 4328 καὶ
2604 4274 2747 4328 κατὰ
2780 4273 2979 4346 μικρὸν
3012 4271 3268 4340 έθέλγετο
3300 4272 3399 4341 τὴν
3427 4269 3631 4341 ψυχήν.
3669 4263 3809 4323 Εἶτα

2223 4367 2318 4423 καὶ
2351 4367 2584 4439 ίσχυρῶς
2609 4367 2940 4437 ἀνεφλέγετο
2967 4364 3267 4435 νομίζουσα
3297 4362 3419 4436 μηδ’
3442 4361 3508 4417 ἂν
3540 4362 3812 4431 Εὑγενίαν

2221 4458 2474 4528 ἁγνεύειν
2536 4458 2667 4512 ποτὲ
2697 4457 2984 4525 δύνασθαι,
3047 4455 3188 4510 ἀλλά
3221 4455 3359 4527 μηδὲ
3391 4456 3491 4524 τὴν
3517 4454 3617 4525 τῆς
3649 4455 3810 4509 νόσου

2224 4551 2402 4621 φυγὴν
2454 4548 2643 4620 θεῖκῆς
2690 4549 2952 4619 γενέσθαι
2980 4549 3206 4620 χάριτος
3226 4563 3242 4579 ο
3284 4546 3481 4618 τέχνης
3514 4545 3571 4599 δὲ
3602 4545 3810 4615 μᾶλλον

2227 4644 2472 4715 μαγικῆς
2494 4644 2589 4696 καὶ
2609 4641 2889 4697 ἁντιθέτου
2916 4641 3224 4711 δυνάμεως.
3248 4638 3435 4694 Ταῦτα
3450 4639 3550 4711 τὴν
3576 4637 3808 4708 καρδίαν

541 4735 751 4789 tionem
806 4732 1009 4788 divinae
1068 4733 1242 4791 fuisse
1290 4735 1503 4807 gratiae,
1566 4735 1664 4792 sed
1730 4737 1870 4792 artis
1931 4737 2104 4806 potiu:

2221 4733 2393 4803 αὐτῆς
2428 4732 2723 4803 ἐπισχόντα
2785 4731 2919 4801 φλόξ
2976 4736 3037 4785 τε
3081 4729 3178 4784 τοῦ
3210 4727 3411 4801 ἔρωτος
3467 4726 3685 4798 χαλεπὴ
3716 4725 3810 4780 καὶ

543 4825 789 4896 magicae,
837 4834 895 4880 et
923 4825 1136 4883 inimici
1182 4831 1468 4898 potentiae.
1516 4828 1646 4884 Hac
1694 4844 1818 4899 qua
1866 4845 1965 4886 cor
1998 4828 2121 4901 ejus

544 4920 984 4983 accupaverant,‘
1033 4922 1090 4969 et
1136 4917 1437 4973 vehemens
1491 4915 1711 4972 flamma
1776 4918 2012 4983 amoris,
2065 4925 2121 4973 et

545 5007 732 5078 gravis
765 5007 1149 5075 incredulitas,
1192 5009 1551 5080 persuadent,
1585 5017 1648 5063 ut
1688 5008 1870 5065 audax
1902 5009 2121 5065 facinus

543 5101 921 5173 aggrediatur,
966 5112 1022 5158 et
1071 5117 1161 5157 res
1204 5103 1563 5159 tenebrarum
1584 5103 1764 5159 libere
1802 5104 2118 5175 eloquatur.

2222 4826 2450 4881 ἀπιστία
2470 4826 2618 4894 δεινὴ
2645 4825 2895 4880 πείθουσι
2921 4826 3016 4879 καλ⁸
3040 4822 3192 4893 αὐτῷ
3224 4821 3303 4894 τῷ
3328 4821 3476 4892 ἔργῳ
3509 4818 3811 4890 ὲπιτολμῆ-

2224 4933 2312 4971 σαι
2342 4918 2438 4972 καὶ
2464 4918 2534 4973 τὰ
2559 4916 2655 4972 τοῦ
2680 4917 2911 4981 σκότους
2940 4913 3457 4986 παρρησιάσασθαι.
3481 4911 3667 4966 Δεινὸν
3699 4910 3811 4980 γάρ

2222 5011 2318 5063 καὶ
2381 5008 2723 5080 ίταμώτατον
2779 5009 2944 5081 ἔρως,
3002 5009 3098 5062 καὶ
3149 5007 3250 5077 οὐχ
3293 5000 3469 5068 οὕτως
3511 5003 3667 5058 οὐδὲν
3698 5001 3811 5057 τῶν

2223 5102 2533 5173 ἀνεφίκτων
2561 5102 2590 5156 δ
2628 5102 2703 5173 μὴ
2736 5101 2957 5171 ἐφικτὸν
2979 5098 3177 5171 ἐκείνῳ
3210 5099 3358 5152 δοκεῖ
3387 5099 3483 5152 καὶ
3515 5097 3805 5165 ἀνύσιμον.

542 5197 653 5251 Res
707 5196 856 5251 enim
908 5196 1092 5267 gravis
1140 5201 1225 5250 est
1265 5209 1427 5250 amor
1467 5200 1526 5250 et
1584 5195 2085 5266 impudentissima.
2126 5194 2315 5267 Neque
2370 5208 2459 5251 res
2484 5204 2569 5250 est
2601 5194 2711 5250 ulla
2776 5193 2916 5249 adeo
2975 5191 3129 5247 aditu
3155 5188 3421 5255 difﬁcilis,
3454 5185 3525 5242 ad
3553 5200 3721 5259 quam
3749 5197 3809 5240 se

546 5306 658 5345 non
692 5304 855 5360 posse
892 5288 1185 5360 pervenire
1213 5299 1271 5346 et
1299 5304 1421 5344 eam
1456 5291 1724 5360 consequi
1753 5292 2054 5347 existimet.

566 5406 571 5417 ι
612 5384 804 5440 XVIII.
845 5384 985 5440 Cum
1029 5385 1215 5454 itaque
1246 5384 1474 5455 degeret
1507 5385 1565 5440 in
1609 5386 1777 5458 agris,
1815 5396 1875 5441 ut
1905 5386 2104 5442 dictum

2303 5385 2406 5443 IH'.
2441 5383 2788 5456 Διαιτωμένη
2839 5379 2969 5451 γοῦν
2999 5380 3079 5457 ἐν.
3110 5379 3325 5451 ἀγροῖς,
3355 5379 3545 5447 ὠσπερ
3571 5375 3809 5446 εἴρηται,

526 5483 655 5533 .est.
705 5475 906 5531 vicinis
955 5475 1316 5541 monasterio,
1364 5485 1422 5530 et
1472 5476 1894 5545 perturbatione
1952 5477 2097 5540 anim

2233 5483 2441 5550 γείτοσι
2474 5481 2575 5550 τῆς
2607 5478 2776 5550 μονῆς
2806 5476 2900 5529 καὶ
2952 5473 3051 5545 τὴν
3076 5471 3260 5544 ψυχὴν
3294 5470 3504 5541 σφόδρα
3553 5469 3817 5522 παθαινοο

547 5569 703 5624 valdc
726 5568 963 5633 laboret,
992 5569 1216 5623 simulat
1247 5583 1306 5624 se
1335 5584 1568 5639 corpore
1598 5583 1718 5623 esse
1755 5579 2040 5639 aegr-utam,
2068 5584 2098 5624 e

2239 5572 2377 5642 μένη
2413 5570 2667 5640 σώματος
2700 5567 2988 5623 ἀσθένειαν
3045 5564 3403 5635 ὑποκρίνεται
3450 5560 3552 5616 καὶ
3599 5560 3813 5627 ἀπίστῳ

553 5659 870 5714 incredibili
910 5660 1198 5715 celeritate
1243 5662 1475 5716 accersit
1526 5661 1848 5730 Eugenium,
1907 5676 2018 5714 non
2066 5660 2097 5713 li

2234 5661 2391 5729 τάχει
2419 5657 2772 5729 μετεκαλεῖτο
2797 5654 2897 5720 τὴν
2920 5652 3212 5722 Εὐγενίαν,
3230 5653 3291 5705 ού
3317 5653 3417 5721 τὴν
3442 5649 3812 5721 προσποίητον

554 5758 704 5805 ctum
732 5753 881 5807 hunc
913 5755 1166 5809 morbum
1190 5762 1535 5817 curaturam,
1568 5754 1662 5809 sed
1692 5754 1804 5808 veri
1835 5763 1893 5808 et
1921 5755 2100 5809 occuli

2238 5751 2393 5804 νόσον
2446 5749 2766 5820 ἰασομένην,
2813 5747 2951 5801 ἀλλά
3002 5745 3101 5815 τῆς
3130 5743 3401 5814 ἀψευδοῦς
3433 5743 3527 5797 καὶ
3582 5742 3813 5812 κρυφίου

551 5842 943 5903 miserabiliter
967 5847 1209 5903 futuram
1239 5848 1584 5916 participem.
1617 5846 1910 5915 Postquam
1941 5857 2104 5903 auten

2233 5842 2487 5909 ἐλεεινῶς
2517 5843 2917 5915 κοινωνήσασα.
2977 5841 3131 5895 Ἐπεὶ
3166 5839 3224 5895 δὲ
3257 5839 3349 5895 καῖ.
3380 5838 3441 5893 τὸ
3474 5837 3814 5909 ποθούμενον
