4120 6378
352 332 463 399 ("-29

1472 333 1944 395 MARTYRIUM
1984 335 2047 397 S.
2087 335 2478 401 EUGENIJE.

3511 342 3616 402 63')

352 446 649 518 πρόσωπον
698 445 829 499 εἵσω
881 444 1057 514 θυρῶν
1089 439 1179 516 ἧν,
1234 446 1268 513 ἡ
1318 445 1618 510 Μελανθία,
1657 446 1719 499 τὸ
1752 445 1924 510 nido;

2056 459 2093 499 ra
2136 461 2301 515 quam
2346 447 2719 515 desiderabat,
2766 450 2939 508 facies
2974 451 3077 506 fuit
3112 452 3263 507 intra
3302 452 3473 514 fores,
3503 448 3623 506 Μεο-

353 539 504 593 ἕνδτιν
534 537 871 608 φλεγμαῖνον
890 537 992 589 οὐκ
1024 536 1327 603 ἐνεγκοῦσα
1356 537 1520 601 εὐθὺς
1550 539 1613 590 ὲκ
1637 535 1730 590 τοῦ
1766 554 1936 609 πονη-

356 628 449 703 ροῦ
482 628 760 698 θησαυροῦ
787 627 1058 697 πονηροὺς
1095 625 1319 697 προίησι
1361 626 1574 694 λόγους,
1615 627 1710 680 καὶ
1744 627 1938 697 πρῶτα

361 719 460 791 μὲν
486 717 624 789 πρὸς
652 716 893 785 ἄθεσμον
928 716 1192 785 ἠπείγετο
1217 716 1388 785 μίξιν.
1412 717 1476 769 El
1508 717 1564 770 δὲ
1597 717 1670 788 μὴ
1704 716 1935 785 βούλοιο,

354 810 545 881 φησὶν,
602 807 738 861 ἀλλά
783 806 877 861 καὶ
913 806 1062 878 νόμῳ
1093 805 1274 877 γάμου
1299 807 1546 877 λήψομαί
1589 826 1650 863 σε
1685 811 1938 879 φανερῶς

359 905 438 965 είς
466 902 653 973 ἄνδρα,
686 900 781 954 καὶ
811 899 1047 953 πλούτου
1079 900 1267 971 κύριος
1299 900 1400 972 ἔσῃ
1442 900 1638 955 πολλοῦ
1660 943 1674 965 ,
1707 902 1936 972 χρυσοῦ,

358 994 625 1066 ἀργύρου,
658 994 884 1063 ἐσθῆτος
917 992 1266 1059 πολυτελοῦς,
1315 995 1523 1062 ἀγρῶν,
1564 995 1796 1063 κτηνῶν,
1839 996 1939 1048 ἀν-

358 1085 660 1156 δραπόδων,
695 1084 813 1153 μεθ’
841 1077 917 1138 ὧν
940 1082 1086 1151 ἕξεις
1109 1085 1259 1154 κάμὲ
1281 1085 1477 1156 δούλην
1499 1086 1616 1139 ἀντ’
1648 1086 1941 1158 ἐλευθέρας

360 1175 455 1228 καί⁵
480 1174 769 1243 ὁμοτίμου,
791 1173 885 1226 καὶ
908 1172 1112 1226 τούτων
1136 1172 1473 1237 ἀπολαύσεις
1507 1174 1725 1236 πάντως
1751 1176 1939 1241 αὐτὸς,

360 1269 484 1321 ἐπεὶ
509 1268 603 1320 καὶ
622 1266 813 1338 ἀνδρὸς
840 1266 1050 1336 ἔρημος
1089 1266 1203 1335 ἐγὼ
1248 1266 1346 1321 καὶ
1380 1267 1586 1320 παίδων
1616 1268 1710 1320 καὶ
1739 1283 1940 1336 συγγε-

360 1359 488 1414 νῶν.
518 1360 614 1422 Εἰς
639 1359 692 1412 τί
721 1360 830 1428 γὰρ
862 1359 960 1411 καὶ
982 1357 1142 1422 ἀνθος
1187 1358 1440 1428 σώματος
1488 1358 1630 1412 οὕτω
1651 1359 1815 1412 καλὸν
1846 1360 1943 1414 καὶ

360 1451 481 1521 ὥρα
504 1450 785 1517 πᾶγκαλος
814 1436 1045 1519 ἀσκήσει
1076 1450 1170 1503 καὶ
1200 1449 1386 1510 πόνοις
1414 1450 1693 1520 τηκόμενα
1723 1450 1942 1520 διαμεί-

359 1558 487 1608 ναις
520 1541 707 1595 Ταῦτα
739 1541 835 1609 τῆς
861 1539 1171 1602 Μελανθίας
1190 1540 1383 1611 θερμῷ
1416 1542 1508 1593 καὶ
1541 1543 1756 1609 συνεχεῖ
1781 1540 1944 1594 πνεύ-

362 1650 493 1702 ματι
519 1632 823 1700 διεξιούσης
854 1632 886 1701 ὴ
914 1631 1164 1703 μακαρία
1188 1634 1283 1684 καὶ
1305 1630 1430 1684 καθ’
1448 1631 1680 1685 ἕκαστον
1708 1633 1806 1701 μὲν
1834 1632 1943 1686 τῶν

361 1729 668 1796 λεγομένων
721 1726 906 1779 ἔστενε
939 1726 1035 1779 καὶ
1066 1728 1166 1797 τῆς
1198 1727 1489 1792 διαλέξεως
1518 1727 1724 1796 σφόδρα
1756 1726 1816 1778 τὺ
1844 1729 1942 1796 ὲμ-

2039 531 2252 590 lanlhla
2283 551 2393 592 non
2422 538 2605 594 ferens
2626 541 2798 596 animi
2841 549 3050 597 motum
3084 542 3238 597 intus
3270 552 3617 608 a‘stuantrm,

2039 622 2223 677 statim
2265 633 2529 703 tanquam
2564 642 2630 682 ex
2684 630 2830 685 malo
2880 632 3147 688 thesauro
3193 633 3369 688 malos
3419 636 3624 705 promit

2040 727 2345 771 sermones.
2381 717 2448 772 Et
2478 719 2721 787 primum
2769 722 2994 791 quidem
3036 724 3103 778 ad
3149 727 3425 781 nefarium
3479 726 3621 782 inci-

2043 805 2193 859 tabat
2224 808 2455 874 coitum,
2507 809 2667 877 Quod
2699 812 2744 866 si
2773 813 2940 879 nolis,
2971 814 3177 884 inquit,
3211 824 3266 869 at
3291 832 3392 885 ego
3429 826 3478 870 te
3504 814 3622 886 lege

2039 897 2376 952 matrimonii
2418 901 2592 969 palam
2634 904 2899 975 accipiam
2951 907 3006 960 in
3056 907 3342 973 maritum,
3398 909 3622 979 erisque

2039 987 2300 1044 dominus
2363 994 2520 1049 multi
2574 997 2730 1059 auri,
2791 998 3028 1066 argenti,
3088 1000 3347 1069 pretiosae
3417 1002 3619 1067 vestis,

2041 1092 2320 1147 agrorum.
2351 1083 2755 1153 jumentorum,
2801 1091 3205 1160 mancipiorum
3236 1108 3251 1146 :
3281 1107 3381 1162 pro
3420 1094 3626 1161 quibus

2041 1184 2128 1223 me
2155 1186 2374 1242 quoque
2415 1175 2644 1232 habebis
2674 1179 2931 1234 ancillam
2965 1196 3064 1250 pro
3093 1181 3291 1246 libera,
3347 1191 3402 1236 et
3437 1183 3532 1237 tibi
3568 1184 3625 1237 in

2041 1260 2253 1318 honore
2281 1267 2501 1335 aequali,
2554 1278 2609 1323 et
2650 1270 2735 1324 his
2771 1271 3032 1326 omnibus
3080 1273 3200 1341 ipse
3232 1273 3455 1329 frueris.
3503 1272 3624 1330 Non

2041 1362 2128 1409 est
2178 1356 2325 1413 enim
2392 1360 2526 1414 mihi
2588 1364 2846 1426 maritus.
2904 1382 3006 1421 nec
3043 1367 3163 1432 lilii,
3221 1384 3324 1422 nec
3377 1370 3619 1437 cognati.

2042 1441 2316 1509 Quorsum
2371 1451 2518 1504 enim
2572 1461 2679 1508 tam
2715 1456 2949 1524 pulcher
2994 1456 3098 1511 tios
3134 1459 3415 1527 corporis,
3448 1469 3503 1513 et
3532 1475 3625 1514 ve—

2042 1539 2365 1596 nustissima
2426 1545 2685 1613 species,
2752 1563 2810 1602 se
2874 1551 3276 1606 exercitatione
3348 1562 3619 1622 perpetua

2045 1630 2307 1688 tabefaeit
2362 1646 2419 1690 et
2468 1638 2792 1696 laboribus?
2844 1642 2971 1698 liceo
3006 1660 3129 1699 eum
3181 1645 3296 1698 acri
3344 1653 3399 1698 et
3446 1644 3625 1699 conti-

2044 1723 2197 1776 nenti
2230 1725 2426 1794 spiritu
2456 1742 2880 1801 persequeretur
2903 1734 3221 1800 Melanthia,
3252 1734 3409 1789 beata
3438 1736 3624 1805 suspi—

361 1794 531 1882 πάθες
562 1818 919 1885 ἐμυσάττετο.
954 1794 1131 1880 Τέλος
1146 1817 1202 1871 δι
1236 1818 1373 1888 πρδς
1398 1818 1497 1889 τὴν
1539 1794 1742 1887 πολλὴν
1767 1794 1938 1885 αὐτῆς

2056 1815 2203 1871 rabat
2263 1794 2489 1887 quidem
2562 1794 2649 1877 ad-
2692 1841 2863 1879 unum
2928 1794 3219 1897 quodque
3258 1843 3450 1882 eorum
3503 1794 3627 1897 qua:

357 1910 678 1980 ἀῖολεοχίαν
699 1910 1049 1979 ἰλιγγιάσασα
1074 1910 1169 1962 καὶ
1198 1909 1377 1980 κηρῷ,
1395 1909 1455 1962 τὸ
1478 1908 1571 1963 τοῦ
1600 1908 1784 1976 λόγου,
1801 1924 1940 1978 φρα-

2056 1906 2391 1977 licebantur,
2438 1920 2493 1966 et
2529 1914 2702 1970 animi
2746 1916 3166 1984 perturbatione
3196 1918 3413 1987 plenam
3464 1920 3625 1977 valde

363 2002 568 2073 ξαμένη
608 2003 676 2055 τὰ
707 1995 844 2064 ὦτα,
896 2004 991 2055 καὶ
1025 2002 1163 2071 μηδὲ
1219 2002 1442 2055 ἀκούειν
1492 1999 1574 2053 ἔτι
1612 1998 1936 2070 ἀνεχομένη,

374 2092 651 2163 Ἑπίσχες,
686 2091 963 2163 ὲξεόόησε,
1027 2091 1213 2160 γύναι,
1268 2090 1518 2162 ἐπίσχες,
1571 2092 1669 2144 καὶ
1719 2092 1939 2161 μακρὰν

364 2184 536 2239 ταῦτα
586 2185 687 2254 ἄγε
731 2184 825 2254 ἀφ’
871 2186 1061 2257 ἡμῶν·
1114 2184 1280 2239 αὐτὸν
1303 2184 1414 2254 γὰρ
1442 2183 1575 2253 ἡμῖν
1609 2183 1700 2237 τὸν
1727 2182 1805 2237 ἰὸν
1844 2182 1938 2237 τοῦ

366 2278 602 2332 παλαιοῦ
635 2279 927 2350 δράκοντος
965 2278 1268 2341 ἀποπτύεις
1290 2292 1306 2308 ⁸
1355 2279 1418 2332 οὐ
1454 2276 1812 2349 προησόμεθα
1844 2275 1941 2349 τὴν

367 2372 613 2441 ἁγνείαν,
634 2372 696 2425 οὐ
732 2372 1042 2443 φθεροῦμεν
1069 2372 1173 2444 τὴν
1199 2371 1524 2442 παρθενίαν,
1554 2371 1641 2434 οὐ,
1666 2369 1805 2423 Θεοῦ
1839 2370 1945 2441 μῆ-

363 2482 486 2536 τερ,
520 2466 606 2534 ἐφ’
637 2467 704 2537 ἣν
736 2466 846 2533 ἐγὼ
871 2465 1134 2529 πέποιθα,
1167 2466 1261 2518 καὶ
1284 2465 1550 2535 Παρθένε,
1581 2465 1643 2517 οὐ
1668 2462 1945 2534 ψεύσομαι

366 2555 488 2617 τὰς,
511 2555 649 2625 ὲμάς
682 2554 975 2622 συνθήκας.
1001 2550 1097 2617 Εἷς
1118 2557 1251 2625 ἡμῖν
1270 2556 1467 2624 γάμος,
1497 2555 1525 2607 ό
1552 2553 1691 2625 πρὸς
1714 2552 1947 2625 Χριστὸν

370 2646 553 2709 πόθος,
591 2641 672 2708 εἷς
710 2647 959 2713 πλοῦτος,
986 2647 1055 2700 τὰ
1086 2649 1144 2700 ἐν
1166 2647 1417 2719 οὐρανοῖς
1443 2645 1649 2718 ἀγαθὰ,
1686 2644 1786 2718 μία
1817 2643 1947 2716 κτῆ-

376 2753 477 2802 σις,
506 2736 544 2807 ἡ
564 2737 764 2807 γνῶσις
794 2738 899 2810 τῆς
928 2739 1212 2812 ἀληθείας.

442 3018 546 3072 ῐΘ’.
585 3016 803 3071 Τούτων
825 3020 859 3088 ἡ
889 3018 1126 3090 ἄσεμνος
1153 3016 1436 3074 ἀκούσασα
1470 3018 1775 3084 Μελανθία,
1795 3017 1953 3089 θυμῷ

374 3128 432 3164 τε
456 3112 756 3181 ἀπορρήτῳ
777 3111 1133 3166 διακωθείσα
1156 3111 1355 3183 (βαρὺς
1383 3113 1493 3182 γὰρ
1521 3110 1955 3182 ὑϐρισθεὶςέρως
1980 3146 2024 3202 ρ

377 3206 474 3257 καὶ
503 3204 625 3257 οὐδὲ
680 3203 947 3267 καθεκτὸς
993 3205 1190 3275 ὅλως),
1237 3204 1373 3274 πρὸς
1400 3205 1503 3277 τὴν
1552 3203 1951 3274 Ἀλεξανδρέων

364 3295 599 3368 ἐχώρει,
636 3296 758 3349 λίαν
810 3296 961 3350 δεινά
994 3295 1139 3349 κατά
1167 3296 1436 3364 Εὑγενίας
1488 3295 1777 3351 ὠδίνουσα.
1822 3291 1956 3348 Εἶτα

377 3390 470 3443 καὶ
486 3388 732 3460 χαλεπὴν
760 3390 898 3457 αὐτῇ
929 3385 1265 3459 συρράψασα
1297 3384 1397 3458 τὴν
1425 3368 1701 3458 διαϐολὴν,
1728 3383 1957 3454 ἐφίστα-

375 3501 465 3538 ται
494 3484 573 3554 τῷ
596 3485 825 3555 ἐπάρχῳ
851 3483 1133 3552 Φιλίππῳ,
1166 3481 1335 3552 μηδὲν
1357 3483 1531 3535 εἰδυῖα
1548 3482 1654 3536 τῶν
1685 3479 1828 3535 κατά
1857 3479 1955 3551 τὴν

380 3578 671 3647 Εὑγενίαν,
715 3577 843 3649 μήθ’
874 3578 958 3631 ὅτι
983 3577 1166 3648 πατὴρ
1216 3570 1373 3640 οὗτος
1417 3577 1611 3649 αὐτῆς,
1644 3576 1771 3649 μήθ’
1804 3577 1956 3639 ὅπως

376 3672 564 3740 ἐκείνη
598 3674 660 3724 ὲκ
688 3669 951 3739 γυναικὸς
987 3670 1069 3733 είς
1101 3669 1270 3740 ἀνδρα
1303 3668 1363 3724 τὸ
1397 3670 1582 3741 σχῆμα
1609 3668 1954 3741 μεταϐεϐλή-

379 3780 486 3817 κοι.
513 3762 703 3833 Τούτῳ
734 3760 1030 3832 τοιγαροῦν
1055 3762 1328 3816 ἐπιστᾶσα
1373 3765 1614 3833 μέτεισιν
1662 3763 1721 3829 ἐξ
1755 3764 1956 3816 ἀκολα-

378 3855 502 3919 σίας
528 3855 665 3925 πρὶς
697 3853 798 3926 τὴν
829 3853 1198 3922 συκοφαντίαν
1227 3855 1323 3909 καὶ
1358 3856 1690 3925 κατηγορεῖν
1724 3854 1956 3925 ἄρχεται

380 3947 499 4001 λίαν
528 3940 942 4017 κακοήθωςκαὶ
967 3945 1244 4016 πονηρῶς,
1299 3946 1538 4011 Νεανίας
1567 3963 1674 4012 τις,
1696 3946 1955 4014 λέγουσα,

379 4038 480 4110 τὴν
539 4039 639 4109 μὲν
691 4038 818 4108 δψιν
872 4038 1232 4110 περικαλλὴς,
1267 4038 1360 4092 τὸν
1402 4037 1461 4091 δὲ
1483 4037 1688 4107 τρόπον
1710 4037 1803 4090 καὶ
1836 4036 1958 4089 λίαν

377 4131 604 4204 ἐναγὴς,
654 4130 1000 4202 Χριστιανῶν
1048 4129 1369 4201 ὑποκριθείς
1420 4129 1710 4184 εῦλάδειαν
1739 4128 1959 4199 εἰσῆλθε

378 4224 522 4294 πρός
560 4240 649 4294 με.
681 4221 831 4278 Μίαν
859 4223 916 4278 δδ
950 4222 1099 4295 κάμὲ
1119 4221 1228 4276 τῶν
1256 4222 1511 4293 ἀσὲμνων
1541 4221 1768 4292 νομίσας
1797 4217 1956 4288 εἷναι,

377 4315 601 4390 πρῶτον
638 4317 738 4387 μὲν
764 4317 1007 4388 ῥήμασιν
1046 4314 1371 4386 ἀπατηλοῖς,
1416 4308 1537 4368 είτα
1578 4314 1672 4368 καὶ
1707 4313 1897 4384 χερσὶν
1931 4311 1961 4364 ό

2038 1998 2376 2057 abhorrebat
2407 2005 2740 2060 orationem.
2785 2005 3030 2061 Tandem
3082 2016 3267 2062 autem
3316 2008 3384 2062 ad
3424 2010 3627 2063 multas

2038 2086 2160 2157 ejus
2207 2105 2383 2161 nugas
2426 2093 2691 2163 caligans,
2748 2109 2897 2158 cera,
2937 2107 2997 2151 ut
3043 2097 3272 2164 dicitur,
3326 2114 3490 2154 aures
3530 2101 3627 2154 ob'

2041 2188 2287 2244 struens.
2320 2192 2374 2239 et
2404 2199 2509 2240 nec
2543 2186 2780 2255 amplius
2811 2187 3037 2257 quidem
3069 2189 3264 2244 audire
3298 2190 3625 2245 suetinens:

2040 2269 2251 2327 Cohibe
2279 2273 2543 2345 linguam.
2588 2291 2622 2331 ο
2654 2279 2875 2343 mulier,
2908 2279 3259 2344 exclamavit,
3313 2281 3539 2348 cohibe,
3574 2291 3632 2338 et

2044 2362 2290 2419 sinthme
2318 2367 2507 2434 procul
2536 2382 2565 2421 a
2595 2367 2779 2423 nobis.
2807 2369 3044 2444 Exspuis
3069 2372 3217 2428 enim
3247 2372 3300 2428 in
3326 2389 3428 2429 nos
3451 2375 3630 2443 ipsum

2045 2453 2201 2511 virus
2243 2455 2506 2513 draconis
2533 2461 2760 2518 veteris.
2806 2459 2923 2516 Non
2961 2462 3263 2533 prodemus
3293 2464 3632 2529 castitatem,

2048 2564 2159 2603 non
2185 2563 2606 2623 corrumpemus
2631 2554 3003 2625 virginitatem
3048 2573 3063 2609 :
3092 2571 3225 2621 non,
3262 2571 3296 2610 ο
3327 2557 3424 2612 Dei
3460 2556 3635 2614 Mater

2049 2650 2107 2697 et
2147 2640 2337 2712 Virgo,
2388 2646 2444 2699 in
2480 2660 2642 2715 quam
2686 2661 2790 2716 ego
2844 2646 3091 2712 conﬁdo,
3126 2662 3237 2702 non
3269 2647 3460 2703 fallam
3509 2638 3653 2705 mea’

2051 2747 2209 2808 pacta
2253 2745 2547 2793 conventa.
2600 2735 2781 2792 Unum
2833 2746 2922 2792 est
2982 2738 3144 2793 nobis
3194 2738 3630 2805 matrimonium,

2042 2831 2259 2888 Christi
2286 2830 2661 2896 desiderium;
2694 2829 2875 2885 unicae
2913 2840 3043 2886 sunt
3073 2831 3303 2898 divitiae,
3334 2832 3480 2887 bona
3511 2846 3636 2904 quae

2054 2933 2184 2980 sunt
2217 2923 2276 2977 in
2315 2922 2511 2989 caelis;
2549 2921 2710 2979 unica
2739 2921 3038 2994 possessio,
3073 2922 3319 2992 cognitio
3358 2923 3633 2979 veritatis.

2126 3014 2269 3071 XIX.
2313 3015 2438 3071 llaec
2480 3029 2606 3070 cum
2655 3014 2949 3070 inhonesta
2998 3015 3269 3070 audiisset
3312 3014 3633 3082 Melanthio,

2061 3106 2162 3174 ira,
2202 3122 2326 3177 quae
2355 3106 2464 3162 dici
2497 3121 2606 3161 non
2633 3113 2835 3176 potest,
2877 3106 3102 3161 incensa
3146 3105 3253 3173 (est
3276 3107 3421 3161 enim
3452 3106 3637 3176 gravis

2060 3214 2236 3261 amor,
2263 3208 2318 3267 et
2345 3199 2439 3267 qui
2472 3213 2580 3253 non
2618 3206 2801 3268 potest
2825 3198 3054 3253 omnino
3085 3198 3361 3261 cohiberi}
3388 3197 3637 3266 profecta

2056 3298 2142 3342 est
2174 3287 2581 3350 Alexandriam.
2613 3289 2774 3343 valde
2818 3289 3004 3359 gravia
3033 3287 3351 3358 parturiens
3374 3287 3640 3344 adversus

2060 3379 2383 3451 Eugeniam.
2439 3379 2647 3434 Deinde
2694 3394 2819 3435 cum
2871 3380 3040 3436 etiam
3090 3378 3371 3434 diilicilem
3412 3379 3468 3435 iu
3512 3394 3643 3435 eant.

2061 3472 2357 3527 struxisset
2379 3472 2730 3536 calumniam,
2775 3473 2928 3528 venit
2959 3471 3028 3527 ad
3066 3470 3388 3542 pra-fectum
3422 3470 3637 3542 Philip-

2063 3582 2217 3639 pum,
2261 3565 2398 3619 nihil
2426 3564 2610 3620 sciens
2646 3578 2712 3618 ex
2747 3563 2815 3618 iis
2857 3577 2980 3633 quae
3008 3562 3059 3616 ei
3090 3570 3430 3618 evenerant:
3458 3577 3650 3633 neque»

2064 3659 2212 3730 quod
2248 3659 2296 3713 is
2339 3666 2486 3713 esset
2515 3666 2671 3727 pater
2699 3656 2977 3724 Eugeniae,
3006 3669 3187 3723 neque
3222 3655 3367 3725 quod
3398 3654 3493 3710 illa
3522 3670 3643 3711 mu—

2064 3760 2233 3808 lasset
2257 3749 2505 3804 habitum
2537 3747 2865 3802 muliebrem
2887 3745 2944 3799 in
2975 3745 3212 3800 virilem.
3240 3745 3321 3802 Ad
3352 3762 3480 3802 eum
3509 3760 3655 3817 ergo.

2064 3843 2358 3904 accedens,
2384 3841 2452 3895 ab
2480 3837 2907 3907 intemperantia
2943 3838 3143 3892 transit
3187 3836 3254 3891 ad
3279 3837 3653 3902 calumniam,~

2065 3944 2121 3990 et
2156 3949 2275 3988 eam
2302 3932 2496 4000 incipit
2538 3945 2800 3986 accusare
2835 3928 3135 3984 admodum
3171 3928 3408 3999 maligne
3433 3937 3492 3983 et
3532 3928 3641 3982 imo

2066 4024 2262 4097 probe,
2303 4022 2497 4078 dicens
2529 4038 2544 4077 :
2578 4020 2812 4089 Quidam
2851 4019 3198 4083 adolescens,
3239 4018 3379 4074 facie
3418 4018 3650 4089 quidem.

2067 4118 2365 4180 formosus,
2388 4113 2485 4170 sed
2519 4113 2765 4167 moribus
2807 4112 2967 4166 valde
3011 4111 3340 4176 sceleratus,
3372 4108 3645 4166 Christia~

2068 4224 2265 4266 norum
2307 4208 2576 4264 simulans
2617 4206 2901 4277 pietatem,
2940 4201 3007 4258 ad
3046 4219 3132 4259 me
3180 4213 3267 4260 est
3318 4204 3643 4275 ingressus:

2068 4312 2124 4358 et
2161 4317 2287 4358 eum
2337 4315 2424 4356 me
2464 4300 2707 4370 aliquam
2752 4304 3001 4368 putasset
3039 4310 3162 4350 esse
3204 4294 3542 4365 impudicam
3589 4308 3649 4354 et

378 4385 694 4480 πάντολμος
726 4385 863 4480 π’ρδς
890 4407 1015 4480 βίαν
1036 4385 1258 4479 ἐχρῆτο,
1291 4407 1388 4461 καὶ
1423 4406 1477 4459 εἴ
1496 4422 1561 4476 γε
1611 4405 1688 4478 μὴ
1715 4404 1954 4474 γεγωνό-

2070 4397 2458 4462 inltonestam,
2507 4393 2745 4464 primum
2800 4388 3027 4460 quidem
3074 4385 3263 4444 verbis
3320 4387 3648 4453 fallacibus,

378 4518 543 4573 τερον
598 4479 863 4570 ἐξεσόησα
893 4479 1011 4554 ίκαὶ
1048 4498 1242 4569 στῆναι
1273 4497 1373 4569 τὴν
1425 4496 1769 4569 θεράπαιναν
1822 4512 1954 4568 παρ-

2070 4486 2274 4545 deinde
2299 4486 2468 4541 etiam
2495 4483 2753 4538 manibus
2775 4479 2842 4535 ad
2869 4479 2984 4535 vim
3013 4495 3148 4536 usus
3171 4488 3257 4535 est
3282 4479 3368 4534 vir
3391 4479 3653 4535 audacis-

378 4593 660 4647 εσκεύασα
714 4592 1007 4663 δρομαίαν,
1039 4589 1115 4655 ὡς
1148 4591 1246 4663 μία
1278 4589 1345 4645 ἂν
1376 4592 1466 4643 καὶ
1515 4586 1656 4659 αὑτὴ
1679 4587 1788 4641 τῶν
1811 4587 1954 4658 ὲξηνι

2069 4581 2266 4645 simus,
2294 4585 2349 4634 et
2374 4574 2481 4631 nisi
2510 4574 2672 4630 altius
2693 4573 3119 4638 cxclamassem,
3146 4580 3203 4627 et
3239 4580 3299 4626 ut
3328 4579 3654 4627 accurreret

378 4661 837 4757 δραποδισμένων
900 4661 1256 4755 ὲμιαινόμην.
1320 4681 1567 4751 Θῦτωςή
1619 4679 1847 4750 ἀναιδὴς
1903 4677 1954 4732 τὶ

2066 4671 2289 4735 ancilla,
2331 4668 2663 4727 efl‘ecissem,
2718 4679 2822 4736 ego
2882 4672 3141 4734 tanquam
3194 4662 3409 4734 captiva
3461 4661 3652 4731 aliqua

380 4753 605 4850 ἐκείνης
662 4753 836 4849 μῦσος
887 4780 953 4849 τῇ
987 4753 1208 4848 καθαρᾷ
1239 4777 1564 4846 περιάπτειν
1613 4773 1839 4843 ἐτόλμα,
1872 4772 1954 4827 καλ

2071 4764 2281 4834 polluta
2308 4775 2509 4817 essem.
2541 4757 2618 4813 Ita
2645 4757 2942 4827 impudens
2966 4755 3167 4810 mulier
3196 4753 3276 4809 illi
3304 4768 3453 4824 purm
3485 4753 3658 4808 aude-

382 4871 535 4944 ὅπερ
563 4843 721 4941 ,αὐτὴ
768 4843 995 4942 ¹δράσειε
1044 4843 1237 4923 παθείν
1293 4843 1494 4940 μᾶλλον
1560 4871 1954 4940 προσεποιεῖτο.

2071 4855 2167 4911 bat
2215 4870 2376 4909 suum
2424 4852 2703 4919 ascribere
2740 4848 3030 4921 ﬂagitium.
3090 4847 3216 4901 llaec
3250 4845 3331 4899 sic
3367 4843 3516 4899 dicta
3585 4843 3656 4899 ad

376 4963 578 5017 Ταῦτα
605 4962 749 5016 οὕτω
777 4960 1016 5035 ρηθέντα
1044 4959 1306 5031 ἐξέμηνεν
1344 4958 1583 5029 ἰσχυρῶς
1610 4958 1701 5012 τὸν
1726 4957 1972 5028 ἔπαρχον

382 5053 487 5106 καὶ
507 5053 765 5125 δεσμίους
792 5052 1026 5120 ἄγεσθαι
1055 5051 1186 5122 παρ’
1204 5049 1368 5106 αὐτὸν
1387 5050 1640 5106 ἐκέλευεν
1666 5051 1767 5104 οὒκ
1795 5049 1970 5117 E67:-

378 5143 512 5199 νέαν
545 5141 729 5212 μόνον,
771 5141 910 5195 ἀλλά
938 5141 1037 5194 καλ⁸
1071 5141 1280 5203 πάντας
1318 5138 1435 5211 ἅμα
1484 5139 1615 5203 τοὺς
1667 5140 1764 5193 σὺν
1809 5139 1970 5209 αὐτῇ.

384 5234 636 5297 τούτους
672 5236 772 5304 μὲν
804 5231 902 5288 οὖν
955 5233 1103 5288 κατά
1152 5231 1213 5287 τὸ
1268 5232 1563 5286 κελευσθὲν
1616 5231 1883 5302 ἀχθέντας
1916 5231 1974 5285 αί

389 5328 638 5399 φρουραὶ
662 5328 821 5382 ἄλλον
844 5327 980 5400 ἄλλῃ
996 5327 1074 5380 διε
1084 5326 1391 5398 μερίζοντο.
1426 5326 1594 5397 ’ῼήθη
1623 5327 1733 5396 γὰρ
1764 5327 1790 5379 ὁ
1810 5325 1979 5396 ἔπαρ.

388 5438 495 5492 χος
528 5420 604 5491 μὴ
656 5421 722 5474 ἀν
754 5436 885 5474 ποτε
933 5418 1161 5474 τοιαῦτα
1216 5416 1617 5487 διαψεύσασθαι
1666 5416 1978 5471 Μελανθίαν

382 5515 634 5582 γυναῖκα
661 5511 806 5566 οὕτω
832 5530 897 5565 τε
930 5510 1244 5582 εὐγενῆκαὶ
1277 5508 1495 5578 πλούτῳ
1543 5509 1639 5562 καὶ
1665 5508 1797 5583 δόξῃ
1822 5524 1981 5579 περι-

388 5605 588 5673 φανῶς
616 5604 871 5675 εχουσαν,
900 5604 1001 5659 οὐκ
1030 5602 1186 5667 εἰδὼς
1234 5605 1318 5657 δτι
1355 5602 1588 5657 πλούτου
1620 5600 1716 5654 καὶ
1746 5612 1983 5669 περιφαι-

386 5695 556 5759 νείας
591 5696 943 5768 ίσχυρότερον
966 5695 1146 5766 ψυχῆς
1197 5694 1392 5758 πάθος.
1423 5690 1728 5762 Τοιγαροῦν
1751 5692 1799 5744 οί
1828 5688 1985 5744 δικά-

387 5783 594 5851 ζοντες
629 5786 831 5851 πάντες
862 5785 1060 5859 μικροῦ
1084 5785 1191 5841 τῶν
1226 5783 1401 5855 ἁγίων
1431 5784 1645 5856 ἐρήμην
1675 5778 1981 5853 κατεψηρί-

2073 4949 2320 5004 furorem
2361 4946 2519 5003 valde
2555 4943 2910 5001 concitarunt
2958 4938 3303 5012 praefectum,
3353 4943 3411 4991 et
3438 4938 3658 4992 vinctos

2075 5042 2144 5098 ad
2189 5056 2248 5097 se
2285 5039 2455 5113 jussit
2494 5038 2723 5103 adduci,
2777 5049 2891 5090 non
2949 5032 3123 5088 solam
3177 5029 3510 5098 Eugeniam,
3557 5027 3660 5084 sed

2075 5133 2241 5191 etiam
2280 5146 2473 5188 omnes
2520 5129 2705 5195 simul,
2741 5127 2837 5201 qui
2868 5141 2996 5182 cum
3029 5138 3095 5178 ea
3131 5128 3310 5177 erant.
3345 5119 3523 5188 Atque
3558 5131 3657 5172 eos

2077 5225 2325 5297 quidem.
2376 5232 2436 5277 ut
2460 5224 2673 5294 iussum
2718 5221 2926 5282 fuerat,
2965 5216 3256 5283 adductos,
3311 5212 3487 5266 alium
3524 5208 3657 5265 alibi

2078 5319 2309 5374 diversa:
2343 5316 2600 5371 tenebant
2626 5310 2912 5368 custodiae.
2942 5305 3309 5362 Existimabat
3335 5302 3495 5358 enim.
3516 5315 3661 5372 prse-

2080 5411 2263 5468 feetus
2320 5420 2601 5478 nunquam
2646 5404 2775 5459 talia
2819 5398 3181 5456 conﬂcturam
3237 5396 3407 5452 fuisse
3461 5393 3666 5449 Melan-

2081 5503 2278 5563 thiam,
2301 5496 2593 5553 mulierem
2616 5494 2754 5549 adeo
2778 5490 3050 5554 nobilem,
3073 5488 3386 5559 opibusque
3406 5492 3463 5541 et
3486 5482 3661 5556 gloria

2085 5588 2359 5663 insignem
2390 5607 2409 5645 :
2436 5588 2699 5644 nesciens
2748 5584 3070 5642 divitiarum
3118 5592 3175 5639 et
3220 5581 3492 5638 claritatis
3540 5593 3665 5635 esse

2083 5681 2561 5740 vehementiorem
2623 5678 2794 5734 animi
2853 5674 3373 5747 perturbationem,
3426 5678 3484 5726 et
3538 5683 3665 5739 quat

2088 5784 2271 5849 potest
2318 5773 2675 5849 persuadere,
2732 5771 2823 5828 illa
2870 5767 3094 5843 quidem
3150 5782 3317 5841 parva
3380 5769 3661 5836 reputare,
