4120 6378
500 329 597 394 631
1723 324 2011 386 MENSIS
2054 320 2489 385 DECEMBER.
3646 309 3753 375 632

494 448 724 510 propter
766 436 822 492 td
862 433 1351 505 autem,_quodiei
1379 432 1600 490 videtur
1648 434 1706 489 in
1738 434 2056 504 praesentia,

2168 432 2339 498 ζοντο,
2376 431 2473 486 καὶ
2502 427 2713 482 τούτων
2746 424 2794 480 ei
2833 423 2934 497 μὶν
2961 423 3147 479 όδοῦσι
3198 419 3407 493 θηρίων
3441 417 3755 489 ύποῦληθῆ-

489 541 707 603 gratum
739 533 942 602 eligere
975 530 1349 587 mendacium.
1392 534 1595 586 Omnes
1621 529 2057 602 itaquejndices,

2169 541 2259 579 ναι
2289 523 2487 585 αὐτοὺς
2527 518 2822 581 ἐδικαίουν,
2862 516 2911 571 οἱ
2947 514 3005 568 δὲ
3040 513 3340 585 ἀναρτήσει
3386 510 3584 578 ξύλων,
3617 512 3667 565 ei
3695 512 3754 564 δέ

489 625 747 679 absentes
784 631 1006 680 sanctos
1043 620 1439 691 propemodum
1488 620 1935 677 condemnabam
1962 638 1975 675 :
2005 627 2061 675 et

2168 614 2521 689 πικροτέροις
2569 611 2795 683 τρόποις
2826 606 3134 680 τιμωριῶν,
3164 604 3488 672 κολάζοντες
3538 603 3656 676 ἃμα
3682 603 3753 673 τῇ

470 724 558 769 ex
592 714 684 776 iis,
727 712 821 768 alii
862 712 1087 782 quidem
1129 727 1349 782 arquum
1378 712 1679 769 censebant
1716 728 1816 770 eos
1858 711 2059 783 subjici

2170 705 2508 777 συκοφαντίᾳ
2539 703 2637 757 κοιλ⁸
2663 703 2764 774 τὴν
2797 699 3113 755 εὑσέὸειαν.

491 805 755 862 dentibus
818 804 1092 872 ferarum;
1123 805 1217 860 alii
1273 822 1405 862 vero
1433 808 1490 862 in
1527 808 1678 880 ligno
1709 806 2011 879 suspendi;
2041 805 2136 860 alii
2175 814 2361 861 autem
2410 797 2795 857 acerbioribus
2838 793 3143 870 generibus
3180 790 3610 863 suppliciorum,
3645 805 3753 846 una

464 906 615 953 ‘cum
647 898 923 953 calumnia
954 899 1253 970 punientes
1282 901 1568 971 pietatem.

555 989 677 1045 XX.
714 992 1009 1063 Postquam
1034 1003 1218 1049 autem
1247 994 1422 1052 adfuit
1451 996 1569 1050 dies
1589 994 1802 1065 iudicii,
1835 1008 2065 1066 congre-

2238 987 2324 1044 κ’.
2382 986 2538 1042 Ἐπεὶ
2586 981 2746 1056 οὖνὴ
2794 984 2963 1055 κυρία
3012 981 3288 1053 παρέστη,
3314 979 3378 1032 τὸ
3415 978 3514 1048 μὲν
3549 974 3758 1046 πλῆθος

491 1092 614 1151 gata
638 1082 862 1153 quidem
878 1091 999 1139 erat
1021 1100 1215 1156 magna
1234 1086 1532 1143 multitudo
1555 1102 1620 1141 ex
1655 1086 2067 1155 omnibus,qum

2168 1082 2315 1136 ἅπαν
2344 1079 2454 1134 τῶν
2506 1077 2672 1150 πέριξ
2706 1078 2972 1147 συνήγετο
3009 1074 3221 1128 πόλεων
3249 1086 3265 1103 ·
3299 1073 3483 1142 παρῆν
3516 1068 3573 1122 δὲ
3602 1068 3702 1123 καὶ
3726 1069 3756 1122 ό

490 1174 855 1230 circumcirca
907 1183 1085 1241 erant,
1128 1176 1410 1246 urbibus;
1465 1178 1659 1234 aderat
1709 1194 1844 1234 vero
1896 1178 2065 1233 etiam

2168 1173 2435 1244 ἔπαρχος,
2463 1171 2562 1225 καὶ
2594 1172 2626 1241 ἡ
2655 1168 2894 1238 Εύγενία
2920 1169 3001 1231 είς
3026 1165 3196 1239 μέσον
3223 1165 3392 1236 ἧγετο
3424 1161 3758 1232 βαρυτάταις

486 1265 799 1335 nrazl'ectus,
852 1275 910 1322 et
942 1266 999 1320 in
1032 1267 1275 1322 medium
1321 1268 1738 1338 producebatur
1795 1267 2063 1338 Eugenia,

2168 1266 2421 1321 ἀλύσεσιν
2457 1260 2761 1333 ἑλκομένη·
2799 1260 3045 1332 κραυγαὶ
3075 1259 3134 1314 δέ
3161 1256 3257 1311 τοῦ
3291 1255 3525 1324 θεάτρου
3554 1254 3758 1308 πάντο-

487 1372 609 1427 qua:
658 1357 918 1429 gravibus
978 1358 1274 1413 tenebatur
1317 1361 1525 1415 catenis
1577 1378 1591 1415 :
1634 1358 1836 1417 theatri
1877 1367 2065 1414 autem

2168 1352 2258 1406 θεν
2284 1352 2717 1424 ἀνερρήγνυντο,
2755 1349 2851 1405 καὶ
2901 1348 3105 1412 πάντες
3132 1345 3506 1402 θανατοῦσθαι
3526 1343 3625 1414 τὴν
3651 1342 3758 1397 Εὐ·-

488 1450 757 1506 clamorcs
782 1450 1028 1521 undique
1060 1452 1446 1523 erumpebant,
1480 1462 1536 1508 et
1566 1461 1744 1513 morte
1795 1466 1917 1508 esse
1948 1450 2066 1507 alli-

2168 1446 2352 1516 γενίαν
2403 1444 2602 1509 κοινῶς
2648 1444 3039 1513 ἀπεφαίνοντο.
3121 1441 3517 1512 Ἤτοιμάζοντο
3565 1440 3754 1511 θῆρας,

488 1542 740 1597 ciendam
813 1534 1115 1613 Eugen‘iam
1182 1546 1551 1601 communiter
1605 1545 2062 1617 pronuntiabant.

2168 1536 2536 1610 ἡτοιμάζοντο
2557 1536 2839 1607 στρέϐλαι,
2862 1534 3070 1620 τροχοὶ,
3099 1532 3237 1605 πῦρ,
3262 1533 3427 1605 ἕτερα
3452 1531 3566 1602 εἴδη
3591 1531 3758 1584 κολα·-

484 1631 698 1686 Parata:
723 1643 878 1688 erant
906 1633 1119 1700 bestiae,
1143 1646 1335 1707 parata
1376 1645 1671 1704 tormenta,
1701 1647 1857 1702 reue,
1886 1636 2063 1706 ignes,

2168 1630 2433 1701 στηρίων,
2490 1630 2589 1685 καὶ
2617 1629 2707 1684 διὰ
2736 1629 2956 1683 πάντων
2986 1629 3036 1682 οἱ
3085 1628 3277 1696 πικροὶ
3326 1623 3596 1680 κολασταὶ
3652 1623 3755 1676 καὶ

488 1730 543 1776 et
580 1721 684 1776 alia
720 1739 919 1794 genera
951 1726 1370 1797 suppliciorum,
1406 1739 1462 1784 et
1501 1743 1600 1798 per
1638 1727 1825 1783 omnia
1855 1727 2063 1797 {acerbi

2168 1719 2300 1790 πρὸς
2324 1721 2422 1782 τὰς
2472 1720 2747 1792 τιμωρίας
2779 1719 2978 1789 ἐπίσης
3015 1717 3290 1788 ὠμότατο.
3344 1715 3441 1770 καὶ
3477 1714 3751 1779 ὀξύτατοι.

489 1824 753 1879 tortores,
782 1822 838 1869 et
864 1830 927 1871 ex
973 1795 1132 1888 aequo
1163 1818 1231 1873 ad
1256 1795 1525 1889 supplicia
1554 1796 1845 1875 inferenda
1860 1795 2064 1874 saevis-

2173 1810 2437 1880 ’Λγεσθαι
2496 1810 2786 1881 τοιγαροῦν
2836 1812 2919 1874 είς
2964 1809 3091 1880 ὄψιν
3137 1807 3289 1879 αὐτῷ
3351 1808 3452 1878 τὴν
3488 1806 3755 1874 Εύγενίαν

492 1904 617 1958 simi
654 1914 710 1959 et
741 1907 1019 1962 acerrimi.
1053 1908 1115 1963 In
1143 1910 1512 1983 suumitaque
1546 1920 1902 1982 conSpeetum
1937 1908 2066 1964 duci

2168 1906 2466 1960 ἐπέταττεν
2493 1905 2522 1957 ό
2549 1904 2811 1971 δικάζων,
2849 1903 2944 1957 καὶ
2975 1901 3363 1973 παραστάτης,
3401 1898 3574 1953 Τοῦτο
3601 1899 3751 1969 ὑμῖν,

491 1997 791 2067 Eugenium
822 1999 1192 2072 jussitjudex.
1224 1999 1355 2069 Quae
1414 2017 1538 2057 eum
1570 2002 1840 2058 astitisset
1880 2017 1895 2055 :
1926 2001 2066 2066 Hoc,

491 2089 691 2159 inquit,
727 2091 909 2155 vobis,
946 2108 979 2147 0
1006 2093 1253 2148 omnium
1291 2095 1580 2150 hominum
1610 2094 1846 2148 maxime
1873 2092 2064 2163 impie,

487 2182 646 2251 jubet
674 2196 859 2239 vester
885 2183 1167 2250 Christus,
1200 2194 1379 2242 utnec
1413 2187 1554 2244 clam
1591 2186 1819 2257 quidem
1850 2183 2068 2239 faciatis

490 2288 555 2327 ca
589 2288 711 2344 qua:
750 2284 880 2341 sunt
938 2276 1277 2345 turpissima,
1343 2275 1439 2331 sed
1471 2285 1579 2331 tam
1631 2275 1985 2347 impudenter
2013 2284 2072 2330 et

490 2363 771 2424 violenter
799 2365 1196 2436 aggrediamini
1234 2382 1298 2421 ea
1326 2381 1447 2438 qua:
1499 2374 1629 2421 sunt
1652 2365 1865 2422 nefaria
1889 2367 1913 2421 ἲ
1935 2367 2071 2434 Quis

491 2455 638 2508 enim
672 2463 799 2511 tuus
826 2465 945 2512 erat
971 2459 1212 2526 animus,
1248 2458 1471 2529 quando
1502 2468 1764 2531 tanquam
1812 2460 2062 2515 medicus

480 2544 831 2615 ingrediens,
873 2556 932 2603 ut
963 2548 1058 2619 qui
1092 2563 1202 2603 non
1227 2550 1407 2605 solum
1437 2565 1588 2606 esses
1649 2550 1920 2616 medicus,
1967 2550 2067 2607 sed

492 2635 587 2704 qui
615 2636 780 2690 etiam
817 2652 918 2708 per
958 2645 1008 2692 te
1040 2652 1230 2708 posses
1254 2638 1436 2693 facere
1472 2639 1758 2705 miracula,
1792 2654 1858 2694 ea
1900 2637 2070 2693 l'acie-

488 2727 614 2793 bas,
661 2745 783 2798 qua:
841 2740 1203 2802 corruptores
1237 2743 1295 2787 et
1356 2730 1595 2788 adulteri
1628 2748 1644 2789 :
1680 2740 1740 2787 et
1777 2731 2066 2786 mulierem

480 2834 605 2876 1am
638 2823 808 2878 nobili
837 2822 960 2891 loco
991 2833 1198 2891 natam,
1232 2831 1343 2888 tam
1375 2825 1628 2892 divitem,
1656 2833 1713 2881 et
1745 2833 1854 2880 tam
1900 2824 2072 2879 bone-

491 2914 590 2970 stis
641 2925 695 2971 et
749 2916 1052 2979 moderatis
1111 2916 1364 2972 moribus
1397 2956 1413 2982 ,
1465 2925 1724 2987 tanquam
1792 2915 2068 2971 scenicam

491 3007 824 3078 quampiam,
848 3020 943 3064 aut
970 3024 1037 3064 ex
1057 3007 1304 3063 hostium
1343 3008 1569 3080 regione
1598 3017 1837 3078 captam,
1862 3005 2068 3079 probro

2166 1996 2295 2067 ἔφη,
2322 1997 2543 2051 πάντων
2569 1996 2877 2068 ἀνθρώπων
2898 1993 3259 2060 ἀνοσιώτατε,
3282 1996 3310 2049 ό
3341 1992 3612 2064 ὑμέτερος
3634 1993 3730 2045 ἐπι

2165 2087 2362 2158 τρέπει
2391 2088 2652 2158 Χριστὸς,
2676 2088 2740 2141 τὸ
2773 2087 2915 2158 μηδέ
2949 2087 3135 2158 κρυφῆ
3165 2088 3236 2141 τὰ
3267 2087 3527 2158 αἴσχιστα
3574 2084 3755 2154 πράτ-
3866 2128 3871 2131 ν

2165 2179 2440 2244 τειν,ἀλλ⁹
2466 2179 2702 2243 ἀναιδῶς
2729 2178 2877 2233 οὕτω
2914 2179 3012 2233 καὶ
3073 2178 3268 2250 βιαίως
3305 2180 3421 2242 τοῖς
3471 2177 3756 2247 ἀθεμίτοις

2169 2274 2495 2344 ἐπιχειρεῖν;
2534 2272 2689 2325 Ἐπεὶ
2726 2272 2851 2326 τίνα
2881 2267 3029 2342 εἶχες
3063 2272 3128 2326 σὺ
3159 2270 3259 2343 τὴν
3309 2270 3513 2342 ψυχὴν,
3546 2269 3757 2323 ὁπόταν

2174 2365 2250 2430 ὡς
2289 2366 2473 2436 ἰατρὸς
2497 2364 2706 2430 είσιὼν,
2741 2365 2839 2419 καὶ
2885 2364 2985 2435 οὐχ
3026 2363 3215 2428 ἀπλῶς
3248 2363 3457 2433 ίατρδς,
3493 2361 3610 2416 ἀλλ’
3654 2362 3754 2414 αὖ·

2169 2457 2400 2528 τουργὺς
2441 2455 2740 2527 θαυμάτων
2773 2451 2915 2510 εἶναι
2946 2456 3267 2526 δυνάμενος,
3295 2453 3367 2509 τά
3404 2453 3514 2507 τῶν
3547 2452 3755 2525 λοιμῶν

2171 2549 2379 2614 ἐποίεις
2404 2549 2499 2603 καὶ
2520 2550 2631 2603 τῶν
2672 2547 2906 2619 μοιχῶν,
2935 2548 3030 2601 καὶ
3060 2549 3298 2617 γυναῖκα
3345 2544 3489 2600 οὕτω
3525 2545 3627 2616 μὲν
3655 2544 3753 2612 γέο

2171 2657 2317 2707 νους,
2341 2640 2485 2694 οὕτω
2510 2641 2570 2694 δὲ
2617 2638 2876 2702 πλούτου,
2914 2638 3060 2692 οῦτω
3087 2638 3147 2692 δὲ
3182 2637 3277 2691 καὶ⁵
3301 2636 3506 2704 τρόπου
3537 2634 3755 2704 σώφρο-

2166 2751 2257 2798 νος
2281 2733 2518 2805 ἔχουσαν
2556 2727 2649 2787 οἷά
2678 2750 2804 2787 τινα
2825 2732 2939 2786 τῶν
2986 2731 3081 2785 ἐπὶ
3104 2731 3206 2802 τῆς
3236 2729 3466 2802 σκηνῆς,
3491 2728 3526 2801 ἢ
3559 2727 3756 2797 δούλην

2168 2825 2233 2879 ἐκ
2264 2824 2528 2896 πολεμίας
2569 2821 2756 2878 λαϐὼν
2807 2821 3063 2893 αἰσχῦναι
3112 2819 3404 2892 προείλου;
3449 2816 3756 2891 τοιγαροῦν

2166 2915 2262 2970 τοῦ
2292 2916 2649 2988 τολμήματος
2678 2915 2836 2982 ἀξίαν
2867 2914 3091 2985 ὑφέξεις
3114 2913 3215 2985 τὴν
3238 2912 3415 2984 δίκην,
3448 2912 3618 2975 κακὸς
3650 2927 3755 2964 κα-

2169 3006 2285 3072 κῶς
2308 3006 2712 3078 ἀπολλύμενος.

490 3110 546 3155 ct
595 3101 868 3158 dedecore
909 3099 1126 3157 allicere
1178 3100 1465 3158 voluisti?
1507 3101 1745 3159 Audacis
1805 3100 1993 3171 itaque
2058 3109 2115 3155 tu
2151 3100 2318 3172 erepti
2375 3100 2606 3158 meritas
2652 3099 2789 3159 lues.
2843 3115 3059 3175 pcenas.
3117 3106 3176 3159 et
3221 3097 3400 3156 malus
3457 3096 3601 3153 male
3648 3110 3754 3168 pe-

492 3194 656 3249 ribis.

561 3288 706 3354 XXI.
745 3287 885 3343 Cum
912 3296 1019 3342 tam
1047 3286 1312 3344 iracunde
1349 3287 1593 3345 minatus
1608 3297 1757 3344 esset
1785 3287 1838 3344 ei
1865 3297 2064 3360 praele-

2240 3289 2375 3347 KA’.
2400 3290 2561 3345 Οὕτω
2608 3288 2707 3343 τοῦ
2765 3287 3011 3360 ἐπάρχου
3064 3283 3561 3357 διαπειλησαμένου
3610 3282 3757 3354 πρὸς

491 3387 637 3443 ctus,
684 3376 932 3449 Eugenia
985 3376 1143 3433 vultu
1207 3377 1263 3431 in
1307 3384 1510 3432 terram
1573 3375 1839 3431 inclinato
1886 3393 1956 3431 ne
2006 3377 2064 3432 in

494 3471 786 3541 praesentia
814 3473 934 3540 ejus
982 3469 1173 3524 vultus
1202 3467 1345 3540 patri
1393 3466 1655 3523 evaderet
1690 3466 2017 3523 manifestus
2047 3482 2062 3521 :
2114 3534 2138 3553 .

491 3562 665 3630 biens,
701 3562 901 3632 inquit,
930 3560 1077 3616 Deus
1103 3575 1214 3615 non
1261 3574 1327 3615 ea
1365 3558 1567 3621 solum.
1600 3559 1669 3614 de
1697 3557 1902 3629 quibus
1922 3571 2069 3613 nunc

492 3674 523 3711 a
561 3654 718 3712 vobis
755 3670 1010 3721 accusor,
1047 3655 1324 3726 prohibet,
1357 3653 1458 3712 sed
1489 3669 1555 3711 ea
1584 3654 1752 3710 etiam
1786 3651 1907 3725 lege
1935 3666 2068 3708 san-

489 3750 589 3815 eit,
623 3766 745 3820 qua:
773 3756 903 3804 sunt
933 3748 1021 3805 his
1056 3749 1229 3803 multo
1266 3747 1574 3804 excelsiora
1607 3746 1743 3817 :qui
1777 3761 1866 3802 me
1899 3745 2065 3801 etiam

488 3855 638 3896 nunc
662 3840 853 3895 volens
870 3846 1192 3917 perpetuam
1219 3854 1436 3895 servare
1452 3837 1777 3903 castitatem,
1804 3835 2065 3908 providit,

491 3944 555 3988 nt
579 3930 826 3988 viverem
858 3948 983 3987 cum
1013 3931 1119 3998 his,
1140 3932 1234 4001 qui
1263 3930 1316 3984 in
1336 3930 1541 4001 pietate
1564 3944 1623 3985 se
1644 3937 1926 3995 exercent,
1943 3942 2065 3983 mo-

491 4021 703 4088 nachis,
774 4021 1049 4092 quomodo
1090 4021 1147 4076 in
1178 4020 1513 4077 hodiernum
1577 4034 1756 4090 usque
1785 4019 1932 4074 diem
1979 4033 2067 4074 me

490 4114 863 4181 conservavit,
911 4121 971 4168 ut
1000 4122 1056 4169 et
1080 4112 1184 4184 ipsi
1239 4123 1326 4170 est
1357 4113 1738 4189 perspicuum,
1793 4124 1852 4169 et
1906 4113 2067 4170 vobis

490 4207 600 4261 erit
626 4206 790 4277 paulo
832 4215 975 4275 post.
1009 4205 1166 4279 Quod
1222 4215 1409 4261 autem
1464 4206 1601 4263 mihi
1629 4215 1687 4262 et
1715 4214 1990 4262 tormenta
2010 4213 2068 4260 et

489 4304 723 4351 mortem
760 4296 1054 4359 minitaris,
1109 4295 1432 4364 imprudens
1493 4294 1777 4353 incussisti
1818 4295 1952 4351 mihi
1992 4294 2066 4350 ti-

491 4404 729 4451 morem,
746 4388 839 4458 qui
865 4403 972 4443 non
999 4402 1140 4457 epus
1166 4388 1333 4448 habet
1359 4388 1634 4443 oratione.
1653 4388 2065 4444 Erubeseerem

489 4481 660 4546 enim,
689 4479 736 4535 si
777 4479 973 4541 horum
1006 4490 1155 4540 metu
1189 4494 1491 4550 quaererem
1541 4494 1629 4534 me
1657 4478 1976 4540 defendere,
2009 4486 2066 4535 ct

2170 3380 2345 3451 αὐτὴν
2374 3381 2633 3454 ὀργίλως,
2668 3381 2702 3452 ἡ
2757 3379 3018 3449 Εὐγενία,
3053 3379 3118 3432 τδ
3176 3376 3474 3447 πρόσωπον
3528 3377 3612 3439 είς
3646 3376 3757 3446 γῆν

2169 3471 2420 3538 κλίνασα,
2474 3471 2564 3525 ἵνα
2614 3469 2691 3542 μὴ
2719 3471 2781 3524 τό
2819 3487 2885 3540 γε
2914 3467 3032 3542 ,νῦν
3063 3467 3188 3538 ἔχον
3214 3468 3340 3537 ὄψις
3366 3465 3541 3529 οὕτως
3567 3466 3757 3520 οἰκεία

2167 3564 2303 3638 δήλη
2343 3563 2423 3636 τῷ
2465 3564 2640 3636 πατρὶ
2679 3563 2917 3633 γένοιτο,
2971 3562 3031 3616 '0
3064 3562 3165 3634 μὲν
3191 3561 3344 3632 ἐμὸς,
3373 3559 3503 3630 ἔφη,
3531 3559 3665 3623 Θεὸς
3691 3559 3755 3612 οὐ

2167 3658 2342 3712 ταῦτα
2375 3657 2534 3728 μόνον
2563 3657 2601 3712 θ.
2634 3656 2730 3711 νῦν
2756 3655 3150 3727 κατηγόρημαι
3196 3655 3326 3724 παρ’
3355 3653 3385 3706 ύ
3396 3652 3513 3723 μῶν
3537 3656 3758 3721 ἀπαγο-

2169 3750 2344 3821 ρεύει,
2376 3749 2515 3804 ἀλλά
2537 3749 2633 3803 καὶ
2656 3748 2968 3819 ὑψηλότερα
2990 3745 3173 3817 πολλῷ
3209 3743 3417 3800 τούτων
3447 3743 3755 3815 νομοθετεῖ,

2167 3842 2227 3906 ὃς
2249 3841 2394 3912 κάμὲ
2439 3839 2536 3895 νῦν
2575 3839 2828 3909 ἁγνεύειν
2865 3839 2954 3895 διὰ
3003 3837 3207 3902 παντὸς
3273 3836 3598 3908 βουλόμενος
3639 3838 3760 3902 τοῖς

2167 3935 2491 4007 ἀσκητικοῖς
2518 3934 2746 4007 ἀνδράσι
2792 3932 3008 3996 τούτοις
3058 3929 3329 4003 συμϐιοῦν
3375 3928 3757 4003 ᾡκονόμησεν,

2167 4024 2357 4096 ῶσπερ
2381 4024 2446 4097 δὴ
2477 4024 2571 4080 καὶ
2601 4025 2772 4079 εἰσέτι
2796 4023 2891 4078 νῦν
2923 4040 2990 4095 με
3031 4023 3453 4095 διατετήρηκεν,
3493 4021 3571 4085 ὡς
3602 4020 3761 4092 αὐτῷ

2168 4134 2227 4171 τε
2253 4117 2418 4189 δῆλόν
2444 4120 2563 4172 ἐστι
2593 4118 2689 4173 καὶ
2720 4118 2851 4189 ὑμῖν
2877 4119 3003 4170 ὅσον
3023 4114 3182 4170 οὔπω
3201 4116 3514 4186 γενήσεται.
3547 4115 3671 4169 Ὀτι
3696 4113 3760 4168 δέ

2173 4227 2264 4281 μοι
2296 4210 2392 4265 καὶ
2421 4209 2688 4282 βασάνους
2717 4210 2816 4265 καὶ
2854 4209 3086 4266 θάνατον
3131 4208 3403 4275 ἀπειλεῖς,
3432 4206 3667 4278 λέληθας
3692 4207 3761 4261 τὸ

2168 4300 2262 4356 τοῦ
2295 4302 2455 4370 λόγου
2481 4302 2634 4366 ἀδεὲς
2661 4302 2782 4366 δέος
2810 4318 2902 4373 μοι
2933 4301 3196 4355 ἐπισείων
3214 4317 3227 4331 ⁸
3249 4298 3620 4370 αίσχυναίμην
3641 4297 3760 4370 γὰρ

2172 4393 2265 4458 ἀν,
2297 4394 2346 4446 εί
2380 4393 2533 4466 φόϐῳ
2561 4392 2770 4448 τούτων
2800 4392 3029 4464 ζητοίην
3059 4392 3474 4462 ἀπολογεῖσθαι,
3503 4392 3641 4448 ἀλλά
3674 4390 3758 4465 μὴ

2171 4485 2325 4554 φόϐῳ
2350 4485 2445 4540 τοῦ
2467 4486 2617 4552 δόξαι
2640 4488 2708 4540 τά
2738 4488 2849 4541 τῶν
2874 4485 3222 4558 Χριστιανῶν
3255 4487 3333 4549 είς
3361 4484 3615 4556 διαὸολὴν
3636 4486 3758 4538 κεῖ-

488 4590 598 4629 non
634 4570 780 4643 quod
816 4572 1058 4634 timeam,
1103 4586 1170 4626 ne
1197 4585 1286 4625 res
1308 4567 1755 4626 Christianorum
1787 4570 1936 4647 apud
1965 4585 2061 4625 vos

2174 4576 2301 4632 σθαι
2334 4578 2429 4634 καὶ
2471 4578 2932 4650 μυκτηρίξεσθαι.
2967 4577 3115 4650 Πλὴν
3145 4577 3264 4632 ἀλλ’
3291 4579 3462 4650 ἐχρῆν
3505 4578 3650 4648 ὑμᾶς
3676 4576 3759 4650 μὴ

490 4665 630 4719 male
653 4641 893 4718 audiant
938 4672 994 4717 et
1054 4662 1414 4725 irrideantur.
1469 4663 1672 4719 Verum
1732 4641 1880 4723 enim
1930 4678 2065 4717 vero

2168 4671 2343 4735 οὕτως
2392 4641 2897 4743 εὐκόλως-ὑπέχειν
2923 4673 3037 4736 τοῖς
3063 4641 3394 4741 κατηγόροις
3417 4641 3754 4736 ’τάς-ἀκοάς,

487 4758 782 4829 oportebat
807 4773 905 4813 vos
938 4771 1050 4811 non
1087 4763 1196 4811 tam
1227 4755 1422 4812 faciles
1472 4772 1636 4812 aures
1677 4756 1926 4828 praebere
1969 4772 2064 4811 ac-

486 4849 860 4916 cusatoribus,
892 4863 1072 4920 neque
1098 4864 1224 4904 cum
1266 4850 1509 4921 primum
1557 4849 1896 4912 audiisset's,
1952 4857 2064 4904 tam

487 4944 599 4998 cito
661 4942 1050 5007 condemnare,
1110 4940 1205 4997 sed
1284 4941 1556 4995 ambobus
1610 4940 1768 5010 prius
1833 4939 2062 5005 auditis,

486 5034 688 5090 deinde
721 5034 867 5090 ferre
908 5036 1263 5102 sententiam,
1289 5041 1346 5090 et
1368 5033 1413 5088 si
1444 5033 1803 5089 manifestum
1836 5032 2062 5104 quidem

487 5125 767 5182 exstiterit
820 5140 908 5180 me
942 5126 1072 5181 talia
1129 5125 1352 5191 fecisse,
1397 5126 1609 5196 justum
1648 5124 1799 5181 luam
1846 5124 2065 5195 suppli-

484 5221 631 5275 cium
658 5237 674 5278 :
706 5220 793 5275 sin
823 5229 1008 5274 autem
1049 5219 1168 5275 hare
1203 5227 1332 5274 sunt
1363 5217 1494 5272 falsa
1527 5226 1583 5272 et
1612 5226 1804 5288 aperta
1848 5218 2062 5272 calum-

482 5312 601 5376 nia,
637 5325 799 5364 unam
824 5300 929 5381 pro
951 5310 1213 5365 omnibus
1243 5318 1374 5381 peto
1405 5310 1659 5381 gratiam,
1685 5319 1746 5364 ut
1798 5309 1915 5364 haec
1946 5324 2065 5362 mu-

482 5404 590 5467 lier
634 5403 769 5458 nihil
809 5418 974 5474 grave
1008 5402 1272 5474 patiatur,
1302 5420 1406 5461 nee
1450 5405 1496 5460 si
1523 5404 1593 5459 de
1621 5402 1786 5459 nobis
1833 5402 2062 5473 quidem

484 5497 573 5577 his
607 5497 795 5568 pejora
830 5496 1053 5553 dixerit.
1112 5499 1207 5554 Sic
1235 5498 1383 5554 enim
1414 5508 1601 5556 nostra
1660 5498 1750 5554 lex
1794 5498 1980 5571 jubet,
2008 5509 2065 5555 et

484 5603 585 5649 nos
613 5587 1082 5658 obtemperanius.
1117 5598 1178 5644 ut
1229 5605 1512 5662 nunquam
1556 5590 1698 5646 mala
1721 5604 1827 5659 pro
1880 5589 2057 5656 malis,

484 5681 578 5741 sed
610 5688 803 5738 contra
839 5678 982 5735 bona
1012 5682 1196 5751 potius
1225 5683 1520 5741 reddamus
1545 5685 1585 5739 ⁸.
1641 5683 1819 5757 Hujus
1852 5684 1933 5740 rei
1969 5699 2059 5741 so-

554 5774 573 5803 ⁶
611 5772 769 5831 Item.
813 5788 910 5839 xu,
992 5775 1099 5847 l7._

2170 4759 2294 4830 μηδ’
2341 4760 2406 4813 ἐκ
2435 4759 2662 4829 πρώτης
2729 4759 2964 4829 ἑτοίμως
3009 4759 3475 4828 καταγινώσκειν,
3525 4758 3663 4813 ἀλλά
3693 4760 3758 4814 τδ

2166 4851 2382 4922 πρῶτον
2439 4852 2645 4923 ἀμφοῖν
2683 4851 3107 4918 διακούσαντας,
3158 4848 3279 4906 εἶτα
3314 4852 3412 4906 καὶ.
3442 4852 3543 4923 τὴν
3568 4851 3756 4923 ψῆφον

2168 4939 2446 5016 ἐκφέρειν,
2481 4946 2585 5002 κᾶν
2613 4946 2714 5018 μὲν
2737 4945 2848 5015 ἐγὼ
2876 4945 3104 5001 τοιαῦτα
3134 4946 3385 5018 δράσασα
3411 4948 3625 5019 φανερά
3661 4948 3757 5018 γέ-

2164 5054 2365 5106 νωμαι,
2392 5037 2609 5093 δικαίαν
2644 5039 2871 5109 ὑπόσχω
2899 5038 3000 5109 τὴν
3029 5039 3341 5113 τιμωρίαν,
3375 5040 3426 5092 εί
3457 5040 3518 5094 δὲ
3553 5038 3755 5109 ψεῦδος

2175 5128 2349 5182 ταῦτα
2372 5130 2468 5184 καὶ
2486 5130 2822 5200 συκοφαντία
2847 5129 3048 5200 σαφὴς,
3078 5129 3209 5200 μίαν
3237 5129 3595 5186 ἀντιστάντων
3614 5131 3755 5190 αἰτῶ

2173 5222 2356 5292 χάριν,
2383 5220 2444 5275 τὸ
2476 5222 2642 5292 μηδὲν
2675 5223 2776 5293 τὴν
2806 5223 3046 5291 γυναῖκα
3073 5221 3284 5294 ταύτην
3313 5221 3616 5292 ὑποστῆναι
3637 5220 3754 5279 δει-

2169 5312 2281 5379 νὸν,
2325 5313 2450 5384 μηδ’
2475 5316 2523 5368 εί
2546 5312 2727 5385 πολλῷ
2754 5314 2963 5372 τούτων
2991 5315 3163 5386 χείρω
3191 5314 3394 5385 διεξῄει
3418 5315 3547 5385 περὶ⁵
3568 5313 3752 5384 ἡμῶν*

2167 5403 2311 5461 οίὶτω
2338 5406 2447 5476 γὰρ
2477 5406 2506 5459 ὃ
2537 5423 2597 5461 τε
2650 5406 2922 5477 ἡμέτερος
2975 5406 3193 5467 κελεύει
3222 5407 3409 5478 νόμος,
3459 5404 3556 5460 καὶ
3588 5407 3757 5477 ἡμεῖς

2166 5497 2467 5568 πειθόμεθα
2508 5498 2785 5570 μηδέποτε
2813 5501 3006 5562 κακοῖς
3036 5498 3107 5553 τά
3139 5499 3314 5564 κακὰ,
3362 5497 3499 5552 ἀλλὰ
3527 5497 3754 5551 τούναν-

2165 5588 2282 5643 τίον
2315 5589 2519 5660 μᾶλλον
2545 5592 2657 5654 τοῖς
2687 5590 2920 5661 ἀγαθοῖς
2966 5589 3322 5662 ἀμείϐεσθαι.
3381 5589 3561 5645 Τοῦτο
3612 5588 3752 5658 γοῦν

2162 5683 2375 5756 μοικαὶ
2424 5682 2589 5758 μόνον
2638 5684 2951 5741 πιστούσθω
3004 5685 3072 5742 δι’
3125 5686 3313 5759 ὅρκου,
3348 5683 3443 5740 καίΙ
3482 5681 3545 5739 οῦ
3575 5697 3752 5739 τινοιν
