4122 6380
428 191 534 256 6'33

1544 203 2014 265 MARTYRIUM
2056 205 2119 266 S.
2157 206 2420 272 RUGEN
2432 210 2549 275 LE.

3569 210 3678 275 636

432 306 820 378 δεηθησόμσθα
858 306 1037 378 λόγων
1070 308 1183 362 οὐδ’
1228 308 1582 378 ἀντιθέσεων,
1626 312 1743 367 ἀλλ’
1774 312 1908 366 αὐτὸ
1937 312 1993 381 δὴ

2105 313 2218 371 lum
2253 320 2389 375 mihi
2420 320 2550 379 dato
2585 319 2720 377 fides
2763 319 2859 377 fiat
2878 319 3266 394 jurejurando,
3322 335 3503 392 neque
3537 338 3680 393 opus

428 397 597 464 δείξει
627 399 692 452 sb
718 399 956 471 πρᾶγμα
980 399 1193 468 σαφῶς,
1225 402 1325 457 καὶ
1348 400 1401 455 οί
1430 402 1515 455 σοὶ
1548 403 1726 457 ὀᾶστα
1753 403 2006 460 δικάσου-

428 507 516 546 σιν
544 489 845 562 ὀφθαλμοί.

499 676 633 731 KB'.
670 672 829 728 οὕτω
854 672 1088 728 είποῦσα
1121 674 1259 747 πρὸς
1293 675 1395 748 τὴν
1420 672 1739 729 Μελανθίαν
1769 675 2003 741 ίδιαζόν·

425 784 561 831 τως,
593 765 752 836 ἔτυχε
778 764 888 836 γάρ
910 765 1027 818 ἐκεῖ
1055 766 1154 818 καὶ
1182 765 1321 834 αὐτὴ
1352 763 1629 836 παροῦσα,
1657 766 1720 820 Ei
1751 768 1848 819 καὶ
1867 768 2004 821 πάν-

428 877 550 925 τας,
582 858 709 928 ἔφη,
744 857 930 912 λαθεῖν
973 857 1238 924 δυνατὸν,
1271 857 1411 911 ἀλλά
1439 857 1500 911 τό
1538 874 1602 925 γε
1633 857 1725 912 σδν
1762 859 2003 924 συνειδὸς

425 951 648 1014 πάντως
692 949 755 1002 οῦ
800 950 980 1021 λήσει.
1038 950 1132 1020 Μὴ
1165 950 1347 1003 τοίνυν
1380 954 1477 1003 καὶ
1514 950 1749 1021 σεαυτὴν
1783 952 2002 1018 ἀγνοεῖν

424 1041 607 1113 δόξῃς,
642 1042 735 1094 καὶ
786 1039 1086 1111 ὀφθαλμῶν
1123 1039 1286 1094 θείων
1333 1041 1698 1115 ὀλιγωρήσῃς,
1749 1043 1799 1097 οἶ
1824 1043 2003 1099 πάντα

426 1150 490 1186 τε
517 1135 686 1203 ὁρῶσι
711 1132 806 1187 καὶ
832 1131 1201 1201 συκοφαντίαν
1230 1132 1455 1197 ἐνδίκως
1484 1135 1832 1198 κολάζουσιν.
1849 1136 2001 1190 Ἐπεὶ

424 1223 481 1278 δὲ
513 1224 668 1278 οὐδὲν
697 1219 860 1295 ἦττον
900 1223 1082 1295 ἐκείνη
1116 1223 1398 1279 Μελανθία
1439 1220 1530 1295 ἦν,
1562 1225 1674 1278 οὐδ’
1722 1225 1871 1295 ὑφίει
1902 1227 1999 1296 τῆς

423 1312 723 1377 ἀναιδείας,
742 1311 905 1374 εὐθὺς
931 1311 1151 1366 ἐκέλευε
1170 1312 1514 1383 παραστῆναι
1539 1312 1635 1383 τὴν
1659 1312 2002 1384 θεράπαιναν

423 1405 493 1476 ῆν
524 1406 558 1474 ή
590 1405 873 1459 Μελανθία
903 1405 1162 1476 μάρτυρα
1192 1405 1298 1474 ἔφη
1332 1407 1431 1474 τῆς
1464 1404 1605 1475 βίας.
1663 1404 1913 1461 Ἔκέλευε
1944 1405 2000 1459 δὲ

422 1497 711 1552 καλεῖσθαι
734 1498 836 1568 οὐχ
865 1497 941 1561 ὡς
974 1497 1183 1569 τάληθῆ
1211 1498 1696 1570 μαρτυρήσουσαν,
1719 1497 1862 1568 (πῶς
1892 1498 2001 1567 γὰρ

424 1590 554 1661 avi)
594 1590 759 1660 δούλη
808 1590 945 1661 πρὸς
976 1589 1077 1659 τὴν
1127 1590 1418 1644 δέσποιναν
1464 1590 1813 1659 ἀντετίθεις)
1882 1588 2002 1642 ἀλλ’

421 1686 566 1741 ὥστε
592 1686 653 1740 τὸ
672 1687 869 1756 ψεῦδος
904 1688 969 1741 ἐκ
1000 1686 1198 1740 πολλοῦ
1229 1685 1615 1757 διελεγχθῆναι
1642 1686 1737 1740 τοῦ
1773 1686 1997 1756 περιόν·
2032 1671 2069 1723 Β

420 1795 537 1841 τος,
571 1778 668 1831 καὶ
701 1777 1013 1832 Μελανθίαν
1044 1778 1279 1848 ὀφθῆναι
1326 1780 1424 1849 οὐχ
1457 1778 1605 1842 ὅπως
1634 1777 1828 1847 μόνην,
1862 1777 1997 1831 ἀλλὰ

419 1869 521 1921 καὶ
553 1868 671 1938 μεθ’
702 1868 907 1937 ἐτέρων
931 1869 1199 1939 ἑλομένην
1224 1871 1611 1938 συκοφαντεῖν.
1654 1869 1996 1939 Παραστᾶσα

418 1958 517 2012 οῦν
552 1960 587 2031 ἡ
628 1957 938 2029 θεράπαινα
964 1959 1059 2013 καὶ
1098 1962 1162 2031 τῇ
1211 1958 1472 2032 δεσποίνῃ
1508 1959 1829 2029 χαρίζεσθαι
1870 1957 1997 2029 βου-

416 2049 649 2120 λομένη,
668 2051 863 2118 ψεῦδος
884 2051 960 2122 τῷ
980 2050 1165 2120 ψεύδει
1185 2052 1450 2123 συνείρειν
1477 2052 1579 2104 οὐκ
1602 2049 1830 2121 ἀμαθῶς
1853 2046 1992 2123 εἶχε,

420 2142 607 2211 Κάμὲ,
639 2141 895 2210 λέγουσα,
927 2145 955 2196 δ
984 2142 1182 2214 μιαρὸς
1219 2142 1400 2195 οὐτοσὶ
1454 2140 1718 2204 πολλάκις
1773 2142 1992 2213 ἐπείρα.

419 2231 536 2288 Εἴθ’
565 2237 597 2306 ή
628 2236 863 2306 συνήθης
886 2234 1155 2289 ἀκολασία
1172 2235 1268 2288 καὶ⁵
1286 2235 1424 2305 αὐτῇ
1446 2233 1787 2303 ἐπιμανῆναι
1806 2234 1995 2303 ἐποίη-

420 2343 481 2379 σε
511 2328 577 2398 τῇ
605 2326 883 2398 δεσποίνῃ,
980 2325 1054 2398 μὴ
1093 2325 1396 2397 βουλομένῃ
1426 2325 1548 2396 βίαν
1593 2325 1799 2395 ἐπῆγεν
1826 2324 1933 2389 ἓως
1959 2325 1993 2396 ή

421 2418 524 2487 μὲν
560 2417 636 2481 ὡς
667 2412 814 2486 εἶχεν
842 2416 1171 2485 ἀνέκραγενο
1197 2417 1307 2484 ἐγὼ
1326 2416 1382 2470 δὲ
1410 2417 1683 2470 ἐπιστᾶσα
1710 2417 1806 2469 καὶ
1828 2415 1995 2479 ἄλλας

420 2510 920 2582 μετακαλεσαμένη
969 2509 1079 2563 τῶν
1135 2508 1461 2580 ὁμοδούλων,
1496 2508 1648 2577 μόλις
1686 2508 1849 2561 αὐτὸν
1897 2506 1992 2561 τοῦ

417 2602 651 2675 αἰσχροῦ
678 2604 984 2673 ἐπέσχομεν
1011 2602 1432 2672 ἐγχειρήματος,
1457 2599 1513 2655 αἱ
1539 2600 1633 2654 καὶ
1653 2599 1993 2670 βουλομένων

420 2693 601 2763 ὑμῶν,
650 2695 699 2748 εί
760 2691 1173 2764 μετακληθεῖεν,
1223 2691 1438 2744 είσεσοε
1472 2691 1621 2754 ὅπως
1668 2692 1784 2753 τοῖς
1833 2691 1992 2762 ἐμοῖς

418 2784 637 2838 ἔσονται
669 2785 999 2855 συείᾲδουσαι
1020 2783 1219 2853 λόγοις.
1254 2783 1388 2837 Τότε
1420 2785 1448 2837 ὁ
1483 2783 1582 2854 μὲν
1616 2782 1859 2855 ἔπαρχος
1900 2800 1991 2836 πι-

419 2878 662 2948 κρότατα
680 2877 1064 2947 διαταραχθεὶς
1081 2875 1317 2949 ὕϐρεσιν
1346 2875 1539 2929 ἐόαλλε
1580 2876 1680 2946 τὴν
1704 2875 1986 2944 Εὐγενίαν,

418 2974 512 3023 καὶ
536 2969 696 3040 δῆλος
727 2965 796 3040 ἢν
823 2968 917 3023 καὶ
945 2969 1039 3022 ἐπὶ
1075 2968 1176 3032 τὰς
1201 2967 1473 3040 βασάνους
1500 2967 1604 3038 ἤδη
1636 2968 1894 3040 ὁρμήσων
1915 2967 1990 3030 ὡς
2014 2999 2061 3062 C

418 3060 635 3123 οῦδενὶς
668 3059 748 3114 ἐτι
794 3059 1118 3131 λειπομένου
1167 3060 1305 3132 πρὸς
1356 3060 1595 3130 ἔλεγχον.
1632 3059 1696 3113 Ἡ
1724 3059 1781 3115 δὲ
1820 3058 1990 3130 (ἀλλὰ

419 3153 772 3223 προσεκτέονο
794 3150 946 3222 ήδεῖα
977 3152 1084 3221 γὰρ
1113 3152 1248 3221 πρὸς
1270 3151 1438 3220 ἀκοὴν
1464 3153 1495 3222 ή
1517 3150 1827 3223 διήγησις),
1856 3152 1994 3205 Και-

418 3243 536 3315 ρδς,
565 3242 819 3306 εἰποῦσα,
844 3242 1326 3315 παρρησιάσασθαι
1354 3243 1449 3314 τὴν
1478 3244 1759 3315 ἀλήθειαν,
1798 3244 1886 3298 ἵνα
1913 3244 1989 3315 μὴ

419 3336 480 3391 τὸ
529 3333 723 3407 ψεῦδος
775 3334 944 3403 αὐτῆς
990 3336 1082 3389 ἐπὶ
1134 3335 1298 3388 πλέον
1347 3335 1860 3408 κατακαυχήσηται,
1893 3337 1991 3389 καὶ

418 3424 746 3495 εῦδιάἦλητα
794 3424 1025 3495 Ἕλλησι
1075 3425 1144 3478 τὰ
1199 3424 1549 3493 Χριστιανῶν
1609 3422 1665 3499 ᾖ,
1714 3425 1768 3479 τί
1815 3427 1988 3492 ποιεῖς

430 3515 829 3584 Ἀναγκὰζεται
856 3517 945 3571 διὰ
986 3517 1081 3587 τὴν
1130 3517 1330 3588 πολλὴν
1362 3516 1455 3570 τοῦ
1498 3516 1803 3589 κατηγόρου
1836 3516 1989 3571 ἀναίο

415 3607 567 3661 δειαν
594 3611 686 3663 καὶ
708 3608 850 3679 πέρα
873 3627 925 3662 τι
953 3608 1046 3662 τοῦ
1078 3608 1279 3680 σεμνοῦ
1326 3609 1583 3680 ποιῆσαν
1615 3609 1711 3662 καὶ
1750 3607 1990 3662 λαϐοῦσα

416 3701 815 3772 διαῤῥήγνυσιν
837 3700 1044 3756 ἄνωθεν
1072 3702 1164 3755 τὸν
1189 3700 1531 3772 χιτωνίσκον,
1560 3702 1656 3753 καὶ
1684 3699 1826 3770 μέρη
1867 3699 1990 3754 τινὰ

419 3794 514 3847 τοῦ
551 3793 697 3863 ἱεροῦ
728 3792 1065 3864 γυμνώσασα
1128 3793 1380 3863 σώματος
1442 3793 1651 3846 ἐδείκνυ
1684 3793 1851 3846 πᾶσιν
1904 3791 1988 3845 ὅτι

416 3889 511 3939 καὶ
543 3887 706 3955 φύσει
730 3885 867 3956 αῦτη
903 3887 995 3940 καὶ
1020 3885 1248 3957 ἀληθείᾳ
1268 3885 1427 3955 γυνή.
1459 3884 1623 3954 Λέγει
1652 3899 1710 3937 τε
1734 3883 1868 3954 πρὸς
1897 3884 1989 3938 τὸν

416 3980 693 4050 ἔπαρχον’
731 3976 906 4048 Κύριέ
939 3994 1062 4048 μου,
1104 3979 1167 4031 σὺ
1204 3978 1303 4048 μὲν
1342 3975 1472 4047 ἐμὸς
1507 3975 1651 4029 κατὰ.
1678 3977 1855 4045 σάρκα
1881 3993 1979 4028 πα-

416 4070 519 4141 τὴρ
542 4072 569 4122 ὀ
598 4071 883 4136 Φίλιππος,
916 4069 1160 4123 Κλαυδία
1189 4071 1244 4123 δὲ
1279 4070 1465 4140 μήτηρ
1490 4066 1621 4138 ἐμὴ,
1640 4068 1735 4121 καὶ⁵
1763 4066 1987 4135 ἀδελφοὶ

416 4152 587 4223 οὗτοι,
621 4157 675 4210 οῖ
721 4173 786 4227 γε
840 4158 936 4211 καὶ
975 4156 1405 4225 συγκαθέζονται
1459 4170 1563 4220 σοι,
1612 4155 1832 4217 ’Λδίτας
1887 4154 1986 4208 καὶ

414 4253 667 4322 Σέργιος
721 4250 833 4321 ἐγὼ
860 4252 919 4306 δὲ
953 4252 1020 4324 σὴ
1051 4251 1297 4321 θυγάτηρ
1335 4248 1594 4319 Εὐγενία,
1626 4247 1749 4319 ἥτις
1778 4248 1985 4317 κόσμον

2106 407 2431 467 habebimus
2452 412 2579 468 ullis
2618 412 2982 474 orationibus,
3029 427 3210 483 neque
3275 414 3678 471 contradictio-

2105 498 2292 565 nibus,
2319 502 2418 557 sed
2482 519 2574 559 res
2607 504 2726 574 ipsa
2763 512 2954 576 aperte
2985 504 3266 571 oatendet,
3297 513 3356 560 et
3414 505 3676 564 facillime

2107 593 2185 646 tui
2214 594 2543 662 judicabant
2570 597 2741 652 oculi.

2175 683 2340 739 XXll.
2372 685 2511 742 Cum
2561 689 2644 744 sic
2695 688 2946 754 dixisset,
2994 705 3247 747 seorsum
3283 690 3424 747 dixit
3467 690 3677 746 Melan-

2103 776 2231 832 thite
2265 776 2438 847 (nam
2477 780 2569 834 illa
2597 796 2818 853 quoque
2877 798 3121 852 presens
3161 783 3387 853 aderat)
3422 801 3436 837 :
3468 783 3679 838 Etiam-
3720 796 3725 799 ‘

2103 868 2151 923 si
2206 867 2329 923 fieri
2388 870 2603 939 possit,
2653 879 2716 926 ut
2764 886 2957 927 omnes
2994 872 3187 937 lateat,
3241 881 3298 927 at
3353 881 3502 929 tuam
3561 889 3672 928 non

2099 959 2297 1015 latebit
2344 962 2572 1018 omnino
2631 965 3058 1021 conscientiam.
3124 965 3204 1020 Ne
3252 981 3384 1036 ergo
3439 966 3670 1034 teipsam

2103 1052 2344 1108 videaris
2394 1054 2687 1122 ignorare,
2737 1067 2794 1111 et
2854 1055 3076 1113 divinos
3133 1056 3410 1126 despicias
3457 1056 3671 1121 oculos,

2101 1142 2196 1211 qui
2246 1144 2431 1200 omnia
2470 1144 2685 1210 vident,
2732 1156 2791 1202 et
2819 1148 2968 1217 juste
3017 1148 3260 1216 puniunt
3311 1146 3668 1203 calumniam.

2099 1228 2237 1285 Cum
2295 1246 2431 1286 vero
2480 1232 2622 1287 nihil
2679 1233 2905 1289 cederet
2972 1233 3293 1299 Melanthia,
3363 1249 3544 1304 neque
3606 1235 3671 1288 de

2100 1322 2445 1393 impudentia
2479 1325 2686 1395 aliquid
2735 1326 3065 1388 remitteret,
3121 1327 3279 1396 jubet
3311 1325 3499 1380 statim
3543 1340 3674 1395 pro-

2101 1412 2231 1467 duci
2292 1414 2576 1478 ancillam,
2649 1429 2814 1484 quam
2882 1413 3105 1470 dicebat
3145 1415 3445 1470 Melanthia
3500 1414 3672 1468 fuisse

2102 1513 2296 1561 testem
2344 1506 2640 1563 violentiae.
2699 1505 2875 1562 Jussit
2918 1516 3103 1562 autem
3153 1507 3360 1575 vocari,
3421 1520 3534 1561 non
3611 1513 3673 1560 ut

2102 1610 2373 1664 quaevera
2420 1606 2569 1651 esset
2615 1596 2998 1663 testificatura,
3029 1596 3328 1667 (quomodo
3384 1596 3532 1652 enim
3567 1610 3672 1649 an-

2098 1685 2225 1741 cilla
2283 1686 2579 1742 restitisset
2637 1687 2962 1756 dominae?)
3012 1686 3110 1743 sed
3180 1696 3241 1742 ut
3295 1686 3672 1742 abundantius

2098 1776 2298 1831 falsum
2318 1776 2770 1843 convinceretur,
2796 1788 2854 1833 et
2875 1787 3203 1835 cerneretur
3227 1777 3527 1833 Melanthia
3556 1793 3670 1832 non

2098 1866 2235 1931 sola,
2290 1867 2389 1924 sed
2425 1884 2553 1924 cum
2602 1870 2727 1925 aliis
2776 1870 3085 1926 instituisse
3125 1869 3473 1925 calumniari.
3529 1869 3669 1924 Cum

2096 1960 2367 2031 producta
2426 1970 2575 2018 esset
2617 1977 2747 2034 ergo
2799 1962 3021 2025 ancilla,
3071 1971 3131 2019 et
3181 1964 3373 2019 volens
3433 1961 3671 2017 dominae

2097 2054 2415 2125 gratificari,
2472 2070 2584 2108 non
2642 2054 2901 2122 imperite
2964 2054 3312 2109 mendacium
3377 2053 3669 2109 mendacio

2096 2154 2420 2203 contexeret
2449 2164 2463 2201 :
2502 2145 2606 2207 Me.
2642 2145 2851 2208 dicens.
2886 2146 3193 2201 sceleratus
3218 2145 3322 2201 iste
3371 2160 3515 2215 εωρο
3547 2155 3670 2200 tcn-

2098 2241 2251 2295 tavit.
2281 2239 2491 2295 Deinde
2518 2250 2783 2296 consueta
2817 2239 3246 2308 intemperantia
3282 2241 3335 2295 ei
3364 2240 3666 2310 persuasit,

2098 2340 2157 2385 ut
2184 2331 2237 2386 iu
2261 2331 2434 2401 ipsam
2466 2346 2687 2401 quoque
2717 2329 2927 2386 fureret
2973 2329 3254 2385 dominam
3295 2346 3310 2383 :
3340 2331 3430 2386 cui
3455 2329 3666 2384 nolenti

2094 2422 2205 2476 vim
2232 2421 2516 2486 aderebat,
2559 2423 2736 2477 donec
2760 2420 2854 2478 illa
2882 2422 3107 2493 quidem
3134 2422 3463 2477 exclamavit
3507 2441 3522 2478 :
3567 2410 3670 2492 ego

2096 2524 2284 2570 autem
2314 2530 2440 2571 cum
2481 2515 2863 2579 accessissem,
2895 2523 2953 2570 et
2982 2514 3119 2569 alias
3165 2528 3479 2569 evocassem
3531 2529 3670 2568 con-

2095 2621 2308 2669 servas,
2362 2606 2568 2676 aturpi
2630 2618 2837 2665 conatu
2900 2606 2991 2660 vix
3066 2621 3196 2661 eum
3253 2605 3665 2674 prohibuimus.

2052 2766 2059 2769 _
2093 2698 2243 2765 Quas
2272 2698 2319 2753 si
2350 2697 2529 2752 velitis
2558 2712 2841 2753 accersere
2888 2695 3078 2752 scietis
3130 2711 3295 2766 quam
3341 2697 3570 2767 pulchre
3600 2695 3671 2750 iis

2094 2805 2214 2861 quae
2242 2807 2273 2846 a
2323 2805 2410 2845 me
2461 2789 2746 2853 dicuntur,
2787 2789 3109 2844 concinant.
3170 2786 3329 2842 Tunc
3375 2787 3669 2857 praefectus

2094 2880 2316 2952 quidem
2343 2881 2701 2936 acerbissime
2727 2879 3113 2945 conturbatus,
3166 2878 3391 2948 probris
3440 2887 3666 2946 appete-

2095 2973 2189 3030 bat
2223 2973 2543 3044 Eugeniam,
2584 2982 2639 3029 et
2678 2972 2793 3042 jam
2837 2981 3029 3042 aperte
3080 2967 3409 3024 ostendebat
3456 2984 3515 3023 se
3545 2983 3668 3023 esse
3768 2992 3773 2997 -

2097 3072 2492 3137 prorupturum
2532 3062 2598 3118 ad
2632 3070 2927 3125 tormenta,
2963 3069 3153 3129 utpote
3175 3084 3183 3093 ε
3209 3058 3357 3129 quod
3390 3058 3530 3113 nihil
3574 3073 3666 3112 re-

2097 3165 2269 3212 Staret
2299 3155 2366 3210 ad
2396 3170 2515 3210 eam
2548 3152 3004 3210 convincendam.
3047 3151 3141 3205 llla
3173 3166 3308 3204 vero
3335 3149 3453 3220 (sed
3481 3159 3565 3205 cst
3594 3158 3669 3204 at-

2100 3246 2455 3309 tendendum,
2488 3253 2576 3301 est
2614 3245 2763 3300 enim
2815 3243 3012 3298 auditu
3071 3241 3317 3314 jucunda
3371 3238 3663 3310 narratio),

2097 3334 2338 3406 Tempus
2359 3346 2463 3401 cst,
2499 3336 2706 3401 dicens,
2746 3334 2919 3388 libere
2948 3330 3169 3386 dicendi
3218 3329 3511 3384 veritatem
3548 3345 3563 3383 :
3596 3343 3666 3383 ne

2096 3431 2163 3485 de
2186 3431 2301 3499 ipsa
2329 3431 2535 3484 dictum
2577 3427 2925 3484 mendacium
2963 3424 3194 3479 nimium
3240 3424 3578 3492 .jactaretur,
3610 3428 3667 3474 et

2094 3523 2395 3578 Christiani
2428 3523 2569 3577 male
2602 3520 2858 3576 audirent
2888 3517 3031 3588 apud
3056 3517 3310 3587 gentiles,
3337 3512 3469 3585 quid
3496 3512 3666 3567 facit?

2093 3614 2320 3686 Cogitur
2346 3624 2571 3683 propter
2601 3612 2830 3666 nimiam
2847 3607 3208 3665 accusatricis
3234 3603 3661 3676 impudentiam,

2093 3705 2259 3762 etiam
2315 3702 2523 3774 aliquid
2572 3702 2756 3757 facere
2798 3708 3001 3771 praeter
3057 3698 3352 3752 honestum
3396 3702 3452 3750 et
3499 3692 3666 3749 deco-

2095 3813 2218 3851 rum
2256 3815 2270 3851 :
2302 3802 2359 3849 et
2393 3809 2631 3863 superne
2654 3799 2936 3860 acceptam
2968 3787 3270 3856 disrumpit
3305 3784 3579 3846 tunicam,
3605 3792 3664 3838 et

2093 3903 2218 3943 cum
2252 3887 2512 3958 quasdam
2546 3893 2729 3954 partes
2766 3898 2892 3937 vere
2925 3880 3347 3936 sacrinudasset
3385 3877 3660 3947 corporis,

2095 3980 2351 4034 omnibus
2379 3993 2436 4032 se
2459 3992 2581 4030 esse
2602 3988 2735 4029 sexu
2758 3984 2813 4028 et
2829 3988 3018 4028 revera
3039 3971 3299 4027 feminam
3320 3969 3665 4024 demonstra-

2090 4070 2203 4135 vit;
2258 4078 2315 4123 et
2349 4065 2483 4123 dicit
2516 4065 2772 4136 praefecto
2812 4082 2825 4117 :
2864 4063 3093 4118 Domine
3125 4063 3220 4123 mi.
3260 4070 3316 4115 tu
3348 4060 3571 4131 quidem
3601 4075 3664 4115 cs

2093 4176 2248 4215 meus
2278 4157 2585 4216 secundum
2613 4169 2833 4212 carnem
2865 4162 3020 4224 pater
3073 4151 3381 4222 Philippus,
3433 4151 3662 4207 Claudia

2038 4250 2272 4307 "autem
2299 4250 2435 4306 mihi
2459 4258 2653 4313 mater,
2687 4257 2743 4302 et
2766 4246 2965 4301 fratres
2995 4245 3075 4311 hi,
3115 4245 3209 4316 qui
3243 4256 3424 4300 tecum
3442 4243 3657 4312 sedent,

414 4344 799 4416 ἀποδυσαμένη
845 4343 1022 4398 πάντα
1079 4344 1174 4397 καὶ
1217 4343 1287 4396 τά
1315 4343 1373 4394 ἐν
1410 4342 1623 4411 κόσμῳ,
1671 4339 1830 4410 μόνον
1863 4338 1985 4392 ἀντὶ

2091 4345 2278 4400 Abitas
2306 4352 2362 4399 et
2405 4341 2651 4412 Sergius.
2690 4339 2806 4410 Ego
2824 4353 2960 4394 vero
2977 4353 3097 4394 sum
3119 4346 3211 4393 tua
3232 4336 3339 4392 filia
3364 4337 3607 4407 Eugenia
3640 4356 3655 4394 :

412 4431 634 4485 παντων
655 4431 993 4503 ἐνεδυσάμην
1018 4432 1277 4503 Χριστόν.
1308 4430 1439 4484 ’ἰδοὺ
1455 4430 1552 4483 καὶ
1571 4427 1667 4491 οῦς
1691 4426 1978 4497 εὐνούχους

413 4527 564 4596 ὁρᾷς,
597 4527 826 4594 Πρωτᾶς
846 4528 961 4579 ἐστι
975 4524 1387 4590 καὶὟάκινθος,
1412 4523 1462 4577 οί
1490 4525 1584 4578 καὶ
1609 4521 1862 4585 παιδείας
1887 4538 1978 4591 μοι

414 4620 510 4672 καὶ
539 4617 657 4690 ιε’τίου
683 4618 777 4673 τοῦ
804 4618 950 4674 κατά
967 4617 1199 4690 Χριστὸν
1231 4618 1677 4687 κοινωνήσαντες.

483 4897 611 4954 ΚΓ.
645 4898 800 4953 οὕτω
832 4899 1005 4970 πέρας
1031 4899 1201 4953 ἐτίθει
1224 4900 1336 4961 τοῖς
1368 4896 1570 4965 λόγοις,
1604 4896 1695 4949 καὶ
1719 4897 1747 4949 ὁ
1775 4896 1978 4969 πατὴρ,

412 4992 492 5055 ὡς
516 4991 576 5045 δὲ
599 4990 692 5043 καὶ
723 4989 774 5042 οἱ
792 4990 1034 5057 ἀδελφοὶ,
1061 4989 1221 5043 τοῦτο
1249 4989 1349 5059 μὲν
1369 4981 1553 5053 ἀφ’ὧν
1580 4986 1981 5057 διεξῄει,τοῦτο

413 5083 472 5136 δι
502 5085 595 5136 καὶ
628 5080 827 5150 μᾶλλον
867 5083 974 5151 ἀπὸ
1010 5081 1119 5134 τῶν
1144 5083 1204 5134 ἐν
1247 5083 1311 5151 τῇ
1338 5079 1460 5150 ὄψει
1491 5083 1838 5150 παρασήμων
1862 5096 1979 5148 φωρ

415 5173 681 5246 ράσαντες
703 5175 802 5244 τὴν
827 5172 1087 5243 ἀλήθειαν
1107 5187 1122 5203 ο
1148 5170 1460 5240 ἀνέγνωσαν
1489 5172 1557 5241 γά
1567 5188 1598 5242 ρ
1628 5171 1981 5234 ἐπιϐαλόντες

411 5267 831 5337 περιεργότερον
846 5264 925 5335 τῷ
949 5263 1228 5335 προσώπῳ
1244 5264 1342 5326 τὰς
1360 5262 1511 5332 ὄψεις
1536 5258 1742 5333 ταῦτην
1765 5262 1982 5333 ἐκείνην

409 5355 552 5411 εἶναι
580 5357 679 5427 τὴν
704 5357 967 5425 Εὑγενίαν
993 5374 1004 5385 ·
1026 5359 1126 5427 τὴν
1162 5356 1263 5425 μὲν
1295 5354 1525 5426 καρδίαν
1559 5353 1754 5425 ήδονῆς
1808 5352 1983 5424 ἀρῤή·

410 5461 525 5507 του,
573 5445 684 5498 τῶν
736 5442 797 5510 ἐξ
833 5445 1026 5515 ἡδονῆς
1072 5444 1129 5498 δὲ
1164 5443 1417 5513 δακρύων
1472 5442 1806 5514 πληροῦνται
1853 5443 1976 5505 τοὺς

410 5535 726 5605 ὀφθαλμούς
746 5553 761 5568 ·
801 5537 993 5590 ἔπειτα
1024 5536 1115 5589 ἐπὶ
1144 5535 1245 5606 τήν
1280 5535 1607 5606 ἀρχοντικὴν
1646 5533 1817 5603 αὐτὴν
1848 5532 1980 5586 καθ·

412 5628 573 5698 έδραν
612 5629 1039 5692 ἀναϐιϐάσαντες
1089 5629 1373 5700 μονονουχὶ
1428 5627 1519 5681 καὶ
1550 5626 1646 5690 τὰς
1677 5625 1856 5695 ψυχας
1890 5624 1977 5678 ἐπ’

2080 4452 2203 4507 qua:
2225 4450 2349 4489 cum
2373 4432 2695 4487 universum
2716 4429 3006 4493 mundum,
3028 4438 3083 4484 et
3106 4443 3227 4498 qua:
3254 4437 3385 4483 sunt
3410 4428 3466 4483 in
3494 4443 3626 4482 mun
3642 4457 3658 4469 -

2079 4528 2173 4592 do,
2203 4526 2361 4581 facile
2374 4523 2671 4587 exuissem,
2696 4537 2795 4593 pro
2826 4521 3088 4576 omnibus
3111 4520 3289 4576 solum
3319 4520 3475 4575 indui
3499 4520 3661 4575 Chri-

2079 4630 2243 4675 stum.
2296 4617 2438 4673 Ecce
2471 4617 2636 4672 etiam
2692 4630 2832 4685 quos
2864 4612 3021 4668 vides
3063 4613 3371 4677 eunuchos,
3430 4612 3467 4666 ii
3530 4623 3661 4666 sunt

2080 4712 2273 4766 Protas
2324 4718 2381 4765 et
2421 4708 2781 4781 Hyacinthus,
2844 4706 2941 4776 qui
2991 4705 3127 4760 mihi
3158 4715 3215 4760 et
3268 4705 3536 4760 doctrina:
3588 4713 3650 4759 et

2077 4803 2226 4865 vitae,
2255 4817 2377 4871 qua:
2407 4810 2491 4856 est
2518 4815 2586 4854 ex
2611 4799 2856 4864 Christo,
2887 4798 3043 4853 fuere
3075 4796 3237 4852 socii.
3624 4790 3666 4811 "

2149 4891 2388 4946 XXXlll.
2424 4890 2675 4945 Nondum
2706 4888 2945 4943 orationi
2981 4889 3144 4941 tinem
3195 4885 3581 4955 imposuerat,
3613 4898 3647 4939 e

2079 4993 2238 5056 pater
2287 4990 2345 5038 et
2398 4982 2659 5037 similiter
2731 4980 2898 5035 etiam
2944 4977 3183 5040 fratres,
3248 4991 3376 5030 cum
3443 4976 3647 5045 partim

2079 5074 2301 5145 quidem
2330 5089 2396 5128 ex
2428 5072 2496 5126 iis
2532 5085 2656 5140 quae
2704 5068 2943 5130 dicebat.
3001 5067 3205 5136 partim
3234 5074 3444 5130 autem,
3479 5071 3647 5131 atque
3722 5118 3733 5152 ἒ

2081 5165 2219 5219 adeo
2252 5162 2424 5216 multo
2476 5161 2648 5231 magis
2675 5174 2743 5214 ex
2772 5157 2967 5228 signis,
3014 5170 3141 5227 qua:
3193 5165 3354 5211 erant
3385 5155 3442 5210 in
3471 5156 3649 5220 vultu,

2083 5254 2580 5326 deprehendissent
2628 5252 2917 5306 veritatem
2977 5249 3337 5319 (agnoverant
3388 5247 3541 5301 enim
3596 5246 3654 5300 in

2084 5365 2205 5404 eam
2245 5345 2510 5415 conjectis
2576 5343 2855 5398 curiosius
2891 5342 3089 5406 oculis,
3148 5341 3291 5395 hanc
3326 5340 3499 5409 ipsam
3530 5352 3653 5393 esse

2086 5438 2433 5510 Eugenium),
2485 5436 2567 5489 eis
2624 5449 2721 5488 cor
2774 5432 2997 5503 quidem
3040 5432 3324 5502 voluptate
3362 5429 3652 5491 ineffabili,

2086 5548 2198 5601 prie
2255 5530 2532 5598 voluptate
2597 5535 2779 5579 autem
2835 5525 3185 5580 manantibus
3252 5521 3512 5589 lacrymis
3571 5536 3655 5574 rc-

2090 5623 2307 5692 plcntur
2360 5618 2523 5674 oculi.
2587 5616 2791 5672 Deinde
2852 5633 2979 5674 cum
3032 5633 3149 5672 eam
3194 5614 3550 5673 sustulissent
3596 5612 3654 5668 in
