4120 6378
536 283 653 349 635

1785 284 2074 347 MENSIS
2108 286 2545 350 DECEMBER.

3702 284 3812 348 036

542 399 741 453 selinm
777 396 1048 469 praesidis,
1092 399 1491 470 propemodum
1539 400 1595 457 in
1649 401 1825 472 ipsam
1870 403 2019 474 ipsas
2042 401 2120 458 el-

2230 402 2366 471 αὐτῇ
2398 401 2707 467 έξεκένουν,
2729 401 2825 457 καὶ
2851 400 2929 471 τῷ
2950 400 3162 473 φίλτρῳ
3192 399 3406 472 ταύτην
3432 398 3815 470 διεμερίζοντο

546 490 855 546 fundebant
887 492 1121 553 animas,
1161 502 1216 545 et
1246 492 1296 547 ei
1350 507 1509 547 suum
1552 509 1799 549 amorem
1823 492 2121 564 dispertie-

540 579 695 641 baut,
723 579 855 633 hinc
884 585 1057 646 pater,
1115 578 1267 634 illinc
1314 579 1539 645 fratres,
1604 592 1660 638 et
1702 583 1808 638 alia
1864 599 1930 639 ex
1961 591 2120 653 parte

539 678 718 724 mater
764 670 976 739 (aderat
1005 671 1152 726 enim
1187 672 1301 742 ipsa
1332 688 1578 747 quoque.
1618 690 1742 729 cum
1770 673 1825 729 id
1894 675 2122 731 didicis-

539 763 671 827 set).
702 771 759 816 et
790 762 985 831 partim
1017 763 1387 832 amplexibus,
1420 767 1623 836 partim
1657 767 1845 823 verbis
1885 767 2123 822 amanti-

520 854 641 908 ‘bus
677 853 820 908 inter
845 868 903 908 se
933 855 1365 917 contendebant.
1417 868 1678 927 quaenam
1708 860 1957 914 membra
1992 860 2118 929 qni—

538 950 661 1004 dem
705 965 819 1005 non
846 952 1242 1021 amplectentes
1263 953 1288 1006 ?
1313 954 1444 1024 quid
1474 964 1657 1010 autem
1676 972 1788 1010 non
1816 957 2114 1026 patientes,

539 1049 633 1096 aut
658 1057 777 1097 .non
803 1052 1027 1113 agentes
1052 1060 1119 1098 ex
1150 1044 1339 1101 laetitia
1376 1046 1700 1103 inellabili?
1734 1057 1830 1102 aut
1865 1049 1998 1119 quid
2033 1065 2124 1105 e0-

438 1192 445 1197 ,
541 1149 686 1196 rum,
720 1149 841 1203 quae
870 1135 1207 1206 voluptatem
1267 1139 1437 1193 animi
1481 1140 1816 1210 signiﬁcant,
1858 1151 2124 1198 caventes

540 1223 723 1281 facere
773 1238 997 1296 propter
1043 1231 1461 1286 multitudinem
1491 1232 1516 1284 ?
1569 1232 1922 1303 Magistratus
1968 1235 2120 1289 enim

537 1314 909 1384 majestatem,
968 1324 1023 1372 et
1074 1327 1244 1373 totam
1299 1321 1474 1386 illam,
1536 1337 1660 1391 qua:
1714 1339 1782 1377 ex
1832 1323 2122 1396 dignitatis

537 1405 832 1473 Splendore
884 1408 1084 1472 oritur,
1148 1413 1478 1483 gravitatem
1539 1415 1835 1483 superabat
1897 1426 2121 1483 natura,

536 1505 593 1550 et
631 1511 823 1567 aperte
881 1503 1209 1570 repellebat.
1249 1503 1575 1560 Clamabant
1630 1508 1819 1579 itaque
1856 1516 2119 1579 tanquam

537 1586 727 1643 divino
763 1591 947 1646 furore
976 1593 1143 1648 afﬂati
1174 1614 1187 1650 :
1213 1596 1334 1665 lpsa
1365 1606 1449 1651 est
1482 1597 1615 1662 lilia,
1652 1600 1767 1670 ipsa
1804 1609 1891 1655 est
1933 1616 2117 1667 soror,

536 1683 823 1736 oeu‘orum
854 1684 1128 1753 voluptas,
1164 1686 1341 1758 imago
1368 1691 1590 1755 animae,
1619 1707 1786 1761 quam
1822 1693 2118 1749 existima-

538 1772 721 1825 vimus
766 1772 940 1830 fuisse
997 1791 1027 1829 a
1056 1775 1163 1832 diis
1230 1788 1443 1849 raptam
1486 1797 1695 1851 :quam
1729 1799 1834 1839 nos
1885 1801 1995 1840 non
2032 1786 2119 1841 vi-

538 1860 755 1923 dentes.
785 1881 853 1919 ne
882 1866 1070 1921 videre
1108 1867 1329 1937 quidem
1360 1870 1539 1927 lucem
1577 1875 1804 1929 omnino
1852 1877 2124 1932 sustinui-

537 1967 685 2006 mus.
723 1952 846 2008 limc
887 1956 1126 2024 p0pulus
1159 1972 1381 2028 quoque
1418 1960 1633 2017 scilicet
1690 1964 1925 2020 audiens
1958 1975 2015 2022 et
2040 1967 2123 2021 vi-

538 2037 681 2096 dens
714 2061 728 2097 :
762 2043 918 2099 Unus
953 2046 1098 2102 Deus
1132 2057 1219 2104 est
1263 2065 1429 2106 verus
1459 2051 1741 2120 Christus,
1782 2055 2119 2112 clamabant.

538 2130 866 2206 Quicunque
897 2151 1082 2193 autem
1115 2154 1184 2193 ex
1228 2140 1564 2199 Christianis
1607 2145 1772 2215 paulo
1805 2146 2123 2216 diligentio-

538 2226 696 2282 ribus
745 2231 1166 2300 exspectabant,
1233 2243 1294 2289 ut
1361 2244 1486 2306 post
1523 2246 1759 2294 mortem
1815 2254 2120 2313 martyrum

537 2334 768 2388 Corpora
830 2323 1110 2389 tollerent,
1152 2332 1208 2380 et
1251 2328 1672 2384 convenientem
1729 2345 1812 2385 eis
1855 2343 2123 2400 pararent

539 2411 908 2479 sepulturam,
962 2414 999 2469 ii
1057 2430 1183 2470 cum
1238 2418 1548 2478 audiissent
1600 2432 1707 2476 tam
1775 2425 2121 2492 repentinam

538 2502 781 2569 prmio-eti
811 2515 867 2560 et
899 2508 1085 2577 pepuli
1120 2512 1507 2577 mutationem,
1551 2528 1678 2570 cum
1730 2517 1907 2572 turbis
1933 2519 2117 2587 prosi-

535 2590 722 2648 liunt:
761 2613 777 2646 ι
810 2593 946 2661 Quis
985 2606 1071 2653 est
1120 2614 1373 2671 magnus,
1425 2602 1570 2659 sicut
1605 2604 1751 2660 Deus
1791 2622 1983 2663 noSter
2009 2609 2052 2675 ",
2097 2626 2117 2661 ι

534 2684 648 2738 alta
690 2701 824 2742 voce
877 2688 1207 2753 clamantes,
1265 2711 1285 2744 ι
1324 2693 1419 2764 qui
1470 2695 1679 2752 revelat
1735 2699 2013 2768 profunda
2062 2708 2119 2757 et
2182 2696 2185 2703 ⁴

533 2778 748 2833 occulta
781 2780 823 2847 ⁸,
851 2791 907 2837 et
953 2783 1007 2838 in
1045 2785 1253 2840 astutia
1289 2786 1541 2856 ipsorum
1606 2791 1979 2861 apprehendit
2039 2809 2126 2850 sa-

502 2866 511 2956 ’Δ
534 2868 751 2938 pientes
782 2870 1035 2928 '?Pater
1088 2884 1273 2932 autem
1321 2893 1448 2933 cum
1514 2879 1747 2938 invitam
1812 2882 2117 2957 Eugeniam

2228 493 2479 548 ἐντεῦθεν
2512 494 2541 548 ό
2574 493 2779 564 πατὴρ,
2830 493 3043 548 ἐκεῖθεν
3094 495 3141 547 οἱ
3177 492 3419 561 ἀδελφοὶ,
3453 489 3753 563 ἀλλαχόθεν
3779 492 3814 563 ἡ

2231 584 2436 656 μήτηρ·
2470 584 2657 656 παρῆν
2682 585 2791 657 γὰρ
2829 585 2925 640 καὶ
2948 584 3087 653 αὕτη
3120 582 3394 654 μαθοῦσαν
3422 584 3523 638 καὶ
3560 582 3699 653 πρὸς
3716 583 3814 636 ἁλ-

2228 676 2424 747 λήλους
2452 675 2612 729 τοῦτο
2669 677 2768 745 μὲν
2827 678 3211 748 περιπλοκαᾶ,
3262 675 3422 729 τοῦτο
3451 675 3508 728 δὲ
3536 677 3628 729 καὶ
3663 675 3817 745 φιλο-

2228 771 2478 840 στόργοις
2536 769 2845 840 ἡμιλλῶντο
2912 772 3249 840 προσρήσεσι
3315 785 3331 801 ο
3406 769 3529 822 τίνα
3593 767 3694 840 μὲν
3747 768 3812 823 οὐ

2229 860 2652 932 περιϐάλλοντες
2704 861 2867 933 μέλη,
2918 862 2972 915 τί
2992 861 3049 915 δὲ
3079 860 3155 932 μὴ
3179 862 3537 935 πάσχοντεςῆ
3570 861 3811 932 δρῶντες

2228 954 2286 1021 ἐξ
2318 956 2636 1027 ἀπορρήτου
2671 955 3053 1028 περιχαρείας,
3086 956 3120 1028 ἢ
3154 955 3206 1009 τί
3240 955 3350 1009 τῶν
3377 956 3810 1025 διαγγελλόντων

2227 1047 2421 1120 ἡδονὴν
2444 1046 2625 1119 ψυχῆς
2648 1047 2735 1101 διὰ
2765 1047 2827 1100 τὸ
2852 1047 3059 1119 πλῆθος
3088 1051 3262 1102 ποιεῖν
3282 1047 3673 1119 εὐλαϐούμενοι
3695 1065 3711 1114 ;
3738 1049 3813 1101 Τδ

2224 1140 2334 1210 γὰρ
2362 1141 2560 1210 σεμνὸν
2590 1142 2687 1211 τῆς
2714 1141 2911 1212 ἀρχῆς,
2940 1141 3036 1195 καὶ
3058 1143 3156 1214 τὴν
3185 1143 3316 1211 ὅλην
3351 1144 3416 1197 ὲκ
3449 1141 3816 1213 περιφανείας

2225 1232 2543 1303 κομψότητα
2569 1234 2600 1304 ἡ
2625 1235 2787 1303 φύσις
2814 1235 3215 1306 παρευδοκίμει
3243 1235 3339 1289 καὶ
3367 1235 3621 1306 φανερῶς
3644 1234 3815 1305 ἦλεγ-
3900 1301 3910 1309 _

2225 1342 2339 1395 χεν.
2380 1324 2653 1394 Ἔκραζον
2702 1321 2796 1379 οὖν
2827 1320 2938 1380 οἷον
2994 1327 3415 1392 ἐνθουσιῶντες·
3462 1327 3527 1381 Ἠ
3556 1326 3809 1397 θυγάτηρ

2225 1414 2365 1485 αὕτη
2386 1455 2401 1480 ,
2494 1416 2722 1490 ἀδελφὴ,
2751 1419 2785 1489 ἡ
2826 1417 2933 1472 τῶν
2955 1418 3257 1489 ὀφθαλμῶν
3287 1417 3473 1491 ἡδονὴ,
3503 1418 3565 1471 τὸ
3587 1419 3686 1485 τῆς
3709 1418 3810 1471 τύ-

2223 1523 2326 1577 χης
2366 1506 2704 1579 ἀγαλλίαμα,
2746 1509 2812 1581 ἥν
2841 1510 3196 1580 ἀνάρπαστον
3228 1510 3486 1578 γενέσθαι
3527 1511 3635 1563 ὑπὸ
3664 1509 3807 1563 θεῶν

2224 1598 2613 1669 νενομίκαμεν,
2649 1601 2717 1670 ἢν
2747 1602 2907 1671 ἡμεῖς
2941 1602 3041 1673 οὐχ
3067 1601 3309 1671 ὁρῶντες
3336 1602 3458 1656 οὐδὲ
3498 1604 3636 1673 όρᾷν
3668 1603 3810 1666 ὅλως

2226 1690 2341 1758 φῶς
2378 1692 2731 1762 ἡνειχόμεθα.
2766 1692 2989 1756 ἓΤαῦτα
3043 1694 3140 1747 καὶ
3192 1696 3220 1748 ό
3255 1694 3433 1764 δῆμος
3473 1694 3815 1755 ἀκούσαντες

2151 1764 2199 1824 Β
2225 1779 2428 1852 δηλαδὴ
2482 1783 2577 1836 και
2631 1782 2892 1853 ὁρῶντες,
2934 1778 3030 1846 Εἷς
3060 1783 3194 1846 Θεὸς
3241 1783 3448 1853 ἀληθὴς
3493 1783 3523 1836 6
3550 1783 3814 1854 Χριστὸς,

2221 1874 2412 1930 ἐϐόων.
2448 1873 2606 1930 Ὀσοι
2632 1875 2687 1929 δὲ
2722 1876 2830 1930 τῶν
2856 1877 3301 1945 σπουδαιοτέρων
3326 1878 3678 1947 Χριστιανῶν
3707 1895 3809 1930 πε-

2224 1967 2540 2040 ριμένοντες
2565 1964 2728 2040 ἦσαν,
2761 1967 2905 2023 ὥστε
2944 1970 3083 2042 μετὰ
3132 1972 3226 2024 τὸν
3250 1970 3482 2024 θάνατον
3518 1972 3624 2023 τῶν
3666 1988 3813 2042 μαρ-

2219 2057 2401 2131 τύρων
2429 2060 2718 2115 ἀνελέσθαι
2742 2061 2811 2115 τά
2845 2062 3075 2132 σώματα
3110 2064 3205 2116 καὶ
3232 2063 3414 2135 ταφῆς
3444 2063 3680 2125 ἀξιῶσαι.
3709 2063 3815 2132 τῆς

2222 2153 2633 2223 προσηκούσης,
2669 2144 2817 2206 οὗτοι
2850 2153 2909 2208 δὲ
2940 2154 3242 2225 πυθόμενοι
3268 2157 3370 2227 τὴν
3395 2154 3571 2218 οὕτως
3602 2154 3814 2227 ἀθρόαν

2225 2241 2401 2313 δήπου
2443 2243 2537 2296 τοῦ
2559 2244 2806 2315 ἐπάρχου
2832 2244 3042 2299 καὶτοῦ
3066 2245 3128 2316 δή
3139 2263 3241 2315 μου
3281 2245 3587 2317 μεταϐολὴν
3616 2249 3704 2300 εἰσ
3715 2265 3817 2316 πη-

2226 2332 2363 2385 δῶσι
2396 2332 2537 2403 μετὰ
2579 2333 2689 2386 τῶν
2712 2334 2911 2405 ὄχλων,
2950 2336 3047 2401 Τίς
3084 2336 3261 2407 μέγας
3288 2336 3365 2402 ὡς
3411 2338 3440 2391 ό
3465 2337 3599 2401 Θεὸς
3624 2337 3809 2409 ἡμῶν,

2230 2426 2577 2497 γεγωνοτέρᾳ
2605 2429 2669 2498 τῇ
2694 2431 2846 2500 φωνῇ
2880 2427 3134 2500 βοῶντες,
3153 2432 3181 2483 ό
3203 2431 3603 2485 ἀνακαλύπτων
3638 2430 3816 2502 βαθέα

2230 2518 2325 2571 καὶ
2347 2518 2643 2589 ἀπόκρυφα
2669 2522 2760 2573 καὶ
2790 2524 2855 2593 τῇ
2893 2522 3076 2577 αὐτῶν
3109 2523 3419 2595 πανουργία
3452 2523 3580 2589 τοὺς
3610 2526 3812 2592 σοφοὺς

2225 2608 2628 2681 δρασσόμενος;
2681 2611 2744 2665 Ὃ
2795 2613 2982 2682 μέντοι
3019 2615 3207 2687 πατὴρ
3240 2620 3334 2670 καὶ
3362 2615 3605 2670 ἄκουσαν
3638 2616 3816 2685 Εὐγε-

2226 2701 2347 2755 νίαν
2374 2702 2651 2775 διαχρύσῳ
2682 2705 2997 2777 περιϐαλὼν
3035 2709 3196 2785 στολῇ
3239 2706 3524 2782 (ἠϐούλετο
3547 2707 3655 2781 γάρ
3696 2727 3815 2764 κοι-

2224 2796 2427 2858 νωνοὺς
2477 2796 2688 2860 πάντας
2715 2798 2814 2868 τῆς
2843 2799 3184 2871 εὐφροσύνης
3211 2802 3445 2873 λαϐεῖν),
3481 2804 3568 2872 ἐφ’
3598 2803 3810 2875 ὑψηλοῦ

2220 2903 2282 2940 τε
2313 2887 2607 2944 ἀνεϐίϐασε
2636 2889 2829 2962 θρόνου
2848 2894 2943 2945 καὶ
2967 2893 3200 2965 ὀφθῆναι
3234 2896 3368 2950 πᾶσι
3387 2898 3679 2968 πεποίηκε.

533 2982 704 3022 aurea
749 2980 905 3026 veste
938 2971 1212 3031 induisset
1269 2975 1511 3049 (volebat
1540 2979 1689 3034 enim
1746 2996 1939 3040 omnes
1990 2998 2115 3042 esse
2173 2998 2292 3041 suae
2332 2987 2643 3059 participes
2691 2988 2948 3062 laetitiae),
2982 2991 3041 3047 in
3081 2993 3194 3048 alta
3254 3008 3376 3050 eam
3409 2994 3540 3052 sede
3573 2995 3817 3052 colloca-

536 3064 637 3124 vit.
669 3074 726 3119 et
754 3064 886 3122 fecit
920 3078 978 3123 ut
1002 3070 1285 3127 videretur
1311 3074 1382 3128 ab
1414 3077 1696 3133 omnibus.

603 3155 795 3215 XXIV.
826 3160 965 3215 Dum
990 3161 1108 3218 hrec
1130 3175 1312 3221 autem
1332 3167 1692 3236 gerebantur,
1722 3170 1845 3242 ipse
1874 3187 2117 3245 quoque,

2294 3175 2419 3232 KA'.
2461 3176 2552 3232 Ἐν
2588 3171 2633 3247 ᾧ
2673 3175 2731 3233 δὲ
2767 3177 2942 3233 ταῦτα
2987 3178 3319 3253 ἐπράττετο,
3354 3180 3451 3236 καὶ
3504 3183 3669 3247 αὐτός
3702 3185 3730 3238 ό
3756 3186 3818 3238 ὲν

501 3249 630 3337 .qui
663 3249 823 3305 estin
847 3252 991 3308 ctelo
1011 3254 1178 3320 Deus,
1210 3265 1310 3311 aut
1337 3266 1399 3311 ut
1426 3258 1613 3328 potius
1646 3261 1826 3318 dicam
1872 3280 2000 3319 cum
2029 3264 2124 3321 di-

533 3341 667 3394 vino
718 3340 843 3405 Job,
896 3342 991 3414 qui
1026 3355 1145 3401 erat
1187 3347 1246 3402 in
1280 3349 1438 3404 cmlis
1474 3350 1634 3407 testis
1678 3353 1965 3426 Eugeniae,
2025 3358 2121 3430 qui

501 3442 656 3489 .erat
679 3433 737 3487 in
768 3435 928 3491 crelis
979 3438 1099 3509 ejus
1136 3442 1395 3498 conscius
1424 3443 1491 3510 '°,
1532 3449 1891 3516 repentinum
1929 3450 2117 3523 ignem

533 3525 776 3595 desuper
830 3529 1130 3597 jaculatus,
1159 3530 1475 3592 Melantltim
1506 3537 1733 3595 domum
1771 3546 2124 3616 consumpsit

532 3613 784 3668 omnino.
812 3614 964 3670 lllam
990 3619 1141 3674 enim
1164 3628 1375 3676 aeterno
1414 3627 1743 3683 reservavit.
1776 3629 1893 3685 lloc
1930 3613 2119 3689 autem

532 3703 737 3760 factum
765 3704 974 3776 etl‘ecit,
999 3717 1062 3763 ut
1116 3711 1277 3767 multi
1307 3728 1772 3774 converterentur
1803 3720 1872 3775 ad
1920 3723 2117 3779 verita-

533 3802 667 3849 tem.
720 3796 985 3856 Protinus
1038 3816 1171 3873 ergo
1231 3818 1263 3858 a
1319 3804 1655 3864 Christianis
1722 3811 2119 3869 celebrabatur

2225 3269 2445 3343 οὐρανῷ
2473 3271 2627 3336 Θεὸς,
2666 3271 2700 3342 ἢ
2739 3272 2964 3342 μᾶλλον,
3001 3272 3062 3327 τὸ
3092 3272 3187 3327 τοῦ
3222 3272 3369 3328 θείου
3412 3275 3533 3329 Ἰὼϐ
3554 3276 3745 3346 φάναι,
3785 3277 3819 3330 ό

2224 3361 2283 3416 έν
2312 3363 2564 3435 οὐρανοῖς
2589 3365 2856 3434 Εὐγενίας
2881 3366 3117 3438 μάρτυς,
3147 3369 3175 3421 ό
3200 3369 3256 3422 ὲν
3275 3368 3517 3439 ὑψίστοις
3538 3371 3814 3442 συνίστωρ

2224 3454 2419 3525 αὐτῆς,
2467 3456 2579 3526 πῦρ
2619 3458 2893 3528 αἰφνίδιον
2937 3459 3235 3531 οὐρανόθεν
3268 3462 3430 3532 eset;
3457 3463 3552 3517 τὸν
3590 3464 3814 3520 Μελαν-

2225 3544 2347 3610 θίας
2373 3541 2524 3601 οἶκον
2552 3549 2632 3610 εἰς
2659 3548 2810 3605 ἅπαν
2843 3550 3093 3605 ἀνάλωσε
3114 3568 3130 3585 ο
3168 3552 3390 3625 ἐκείνην
3424 3556 3533 3627 γάρ
3555 3554 3635 3629 τῷ
3672 3557 3811 3613 αίω-

2224 3637 2324 3710 νίῳ
2356 3640 2558 3708 μᾶλλον
2580 3642 2972 3712 ἐταμιεύσατο.
3004 3645 3116 3699 Καὶ
3139 3645 3200 3698 τὸ
3232 3648 3455 3717 γεγονὸς
3481 3649 3644 3703 τοῦτο
3680 3650 3810 3705 ἑπι-

2226 3731 2457 3803 στρέψαι
2511 3733 2744 3801 πολλοὺς
2789 3737 2928 3806 πρὸς
2954 3738 3055 3810 τὴν
3083 3739 3343 3812 ἀλήθειαν
3366 3742 3813 3811 παρεσκεύασεν.

2222 3824 2433 3880 Αὐτίκα
2463 3825 2598 3894 γοῦν
2650 3830 2767 3893 τοῖς
2817 3831 3172 3903 Χριστιανοῖς
3206 3831 3375 3904 ἤγετο
3432 3834 3589 3904 κοινὴ
3620 3834 3811 3906 ἑορτὴ,

532 3884 735 3942 festum
757 3904 1073 3959 commune,
1097 3893 1328 3967 etlonga
1357 3906 1568 3954 mutata
1591 3910 1675 3955 est
1707 3902 1959 3975 tristitia,
1989 3921 2116 3961 cum

2220 3917 2319 3970 καὶ
2346 3918 2379 3989 ἠ
2419 3920 2611 3988 μακρὰ
2639 3921 2915 3992 κατήφεια
2963 3923 3347 3993 μετεϐάλλετο,
3378 3926 3472 3980 τοῦ
3506 3927 3605 3997 μὲν
3635 3928 3814 3996 ἐπάρ-

532 3978 825 4049 pl‘aefectus
855 3984 1079 4054 quidem
1106 3987 1273 4046 simul
1297 4005 1423 4047 cum
1453 3991 1565 4050 ﬁlia
1606 3995 1912 4052 invenisset
1942 4000 2119 4069 pieta-

2219 4028 2317 4082 χου
2345 4012 2487 4083 μετὰ
2510 4013 2612 4083 τῆς
2643 4012 2916 4087 θυγατρὸς
2971 4015 3089 4084 ἅμα
3119 4017 3214 4072 καλ⁸
3250 4016 3351 4090 τὴν
3382 4019 3668 4073 εὐσέϐειαν
3713 4019 3814 4073 σύ-

529 4077 666 4136 tetn.
712 4082 769 4130 et
798 4077 866 4132 ad
898 4077 1183 4137 Christum
1209 4086 1559 4154 accessisset,
1596 4097 1656 4145 et
1682 4100 1886 4147 sancto
1912 4092 2117 4150 fuisset

2221 4077 2452 4177 βακέτος
2480 4077 2834 4178 ΧριστῷἿτί
2854 4077 3249 4180 προσελθόντος
3290 4077 3386 4165 καὶ
3419 4112 3500 4183 τῷ
3533 4112 3677 4183 ἁγίῳ
3707 4129 3812 4184 ση-

529 4163 857 4238 obsignatas
890 4170 1221 4243 baptismate
1255 4175 1630 4238 :Christianis
1663 4197 1793 4239 vero
1853 4185 2115 4256 protinus

2221 4163 2548 4270 ξιὲιωθέᾷτοέ
2587 4163 2950 4271 βαπτίσματι,
3000 4163 3353 4272 Χριστιαῖνοίς
3376 4163 3614 4260 desistis;

528 4272 701 4316 sacrae
737 4262 967 4322 redditae
991 4277 1181 4325 essent
1202 4272 1475 4338 ecclesiae,
1506 4284 1566 4330 et
1589 4275 1630 4331 ii
1658 4292 1801 4349 quos
1826 4278 1986 4350 prius
2010 4279 2114 4335 ha-

2221 4262 2380 4356 st'tOia;
2406 4262 2715 4364 ἐκκλησιῶν
2746 4262 3114 4349 ἀναδοθεισῶν
3145 4293 3245 4349 καὶ
3270 4262 3348 4350 ὧν
3374 4291 3524 4367 εἰχον
3566 4298 3674 4369 προ
3691 4262 3805 4353 ’τοῦ

526 4349 759 4419 hebant,
805 4355 1047 4418 honores
1076 4370 1133 4417 et
1183 4364 1496 4437 privilegia.
1531 4365 1654 4424 Non
1701 4349 1883 4426 solum
1914 4381 2105 4428 autem

2221 4349 2392 4453 τιμῶν
2421 4398 2485 4436 τε
2525 4349 2624 4439 καὶ
2681 4384 3023 4455 προνομίων.
3082 4386 3159 4442 Οὐ
3219 4387 3383 4460 μόνον

524 4442 646 4499 haec
685 4445 905 4505 fuerant
933 4455 1240 4520 consecuti,
1271 4457 1370 4514 sed
1425 4459 1594 4515 etiam
1624 4462 1705 4519 eis
1744 4462 1950 4522 licebat
1990 4476 2112 4527 tuto

2221 4442 2536 4545 ιτύγχανον,
2569 4475 2710 4530 ἀλλὰ
2727 4442 2826 4530 καὶ
2853 4442 3031 4542 άδεῶς
3052 4442 3238 4549 ipsis;
3261 4442 3373 4546 τὰς
3392 4442 3806 4545 πόλειςοίκείν.

525 4535 780 4594 habitare
813 4540 1108 4609 civitates;
1138 4544 1246 4602 hoc
1297 4550 1446 4605 enim
1475 4553 1574 4618 :eis
1610 4558 1939 4624 procuravit
1975 4561 2108 4617 Phi-

2221 4535 2477 4634 Φίλιππος
2505 4535 2616 4642 γὰρ
2639 4569 2799 4624 τοῦτο
2837 4535 3028 4633 αὐτοῖς
3047 4535 3481 4643 πέριιποιήσατο
3519 4535 3635 4639 τοῖς
3660 4592 3807 4645 κρα-

530 4630 736 4700 lippus,
760 4648 885 4687 cum
917 4637 1203 4695 retulisset
1234 4641 1301 4695 ad
1336 4642 1702 4715 imperatores
1737 4650 2004 4709 Severum
2058 4664 2116 4712 et

2221 4662 2395 4716 τοῦσιν
2415 4662 2746 4732 ἀνενεγκὼν,
2768 4664 2999 4735 Σευηρῳ
3023 4681 3083 4718 τε
3115 4666 3212 4719 καὶ
3236 4665 3351 4735 Πίῳ
3381 4665 3462 4734 τῷ
3500 4666 3803 4738 ’Δντωνίῳ,

525 4720 679 4792 pium
710 4722 1031 4798 Antonium,
1073 4746 1195 4787 esse
1226 4732 1423 4790 inutile
1463 4737 1701 4811 imperio
1732 4743 2113 4803 Romanorum

2221 4752 2527 4816 Ξιλυσιτελὲς
2584 4720 2744 4807 εἶναι,
2780 4756 2846 4823 τῇ
2898 4720 3194 4822 ζρωμαίων
3228 4720 3371 4825 arpi?)
3426 4720 3803 4824 Ξῐριστιανούς

520 4819 721 4888 expelli
753 4820 1121 4895 Christianos,
1153 4831 1333 4902 utqui
1360 4849 1472 4889 non
1503 4835 1559 4890 in
1596 4839 1788 4908 paucis
1810 4841 1926 4896 sint
1959 4859 2114 4899 com-

525 4913 681 4968 muni
708 4916 892 4975 utiles.
928 4919 1134 4992 Eisque
1170 4927 1659 4994 convenientibus,
1693 4948 1889 4990 rursus
1916 4935 2112 4994 videre

520 5001 730 5060 licebat
782 5008 1170 5069 Alexandriam
1205 5017 1379 5074 veluti
1425 5018 1610 5076 denuo
1656 5025 1960 5081 conditam.
2017 5027 2109 5083 Si-

2209 4844 2632 4911 άπελαύνεσθαι,
2652 4846 2748 4900 ἆτσ
2777 4846 2853 4916 μὴ
2877 4847 2937 4899 ὲν
2965 4845 3169 4914 ὀλίγοις
3202 4846 3511 4917 χρησίμους
3532 4844 3611 4916 τῷ
3634 4846 3804 4920 κοινῷ

2209 4936 2549 5009 γινομένους.
2587 4939 2699 4992 Καὶ
2728 4937 3040 5004 συνιόντων,
3070 4934 3140 5011 ἦν
3172 4939 3306 5011 όρᾷν
3345 4937 3503 5005 αὖθις
3524 4938 3624 5011 τὴν
3648 4938 3805 4993 Ἀλε-

2212 5028 2486 5100 ξανδρέων
2508 5028 2700 5101 ὥσπερ
2721 5031 2786 5084 ὲκ
2819 5031 3077 5102 δευτέρου
3113 5031 3278 5084 πάλιν
3307 5031 3683 5103 οίκιζομένην.
3706 5031 3803 5084 Ἐν

523 5093 675 5151 milis
712 5100 889 5168 quies.
924 5111 980 5158 et
1010 5104 1212 5165 similis
1240 5123 1535 5167 successus
1602 5122 1723 5168 erat
1751 5115 1917 5171 etiam
1952 5118 2008 5172 in
2035 5119 2106 5175 iis

524 5201 650 5255 qua:
699 5193 912 5248 suntin
976 5195 1232 5270 Egypto,
1279 5202 1534 5270 urbibus,
1574 5212 1627 5261 et
1667 5205 1940 5264 ﬂorebant
1998 5211 2106 5267 ite-

2209 5122 2429 5193 ὁμοίαις
2485 5122 2545 5176 δὲ
2575 5124 2695 5187 ταῖς
2723 5124 2943 5178 ἀνέσεσι
2978 5124 3078 5178 καὶ
3130 5127 3252 5188 ταῖς
3292 5124 3573 5194 εὐθηνίαις
3603 5128 3701 5177 καὶ
3737 5125 3796 5178 αί

2209 5216 2329 5269 κατ’
2370 5213 2650 5283 Αἴγυπτον
2674 5215 2859 5279 πόλεις
2893 5211 3058 5287 ἦσαν,
3095 5217 3195 5269 καὶ
3227 5218 3391 5271 πάλιν
3421 5216 3492 5271 τὰ
3521 5217 3763 5290 Χριστια
3784 5243 3797 5255 -

523 5294 648 5338 rum
694 5299 784 5342 res
833 5288 1306 5358 Christianorum.
1352 5297 1627 5368 clarazqne
1653 5309 1711 5356 et
1739 5303 1975 5360 excelsas
2009 5304 2110 5361 tie-

2221 5307 2318 5362 νῶν
2344 5306 2522 5378 ἤνθει,
2549 5307 2822 5379 διέλαμπέ
2851 5324 2911 5361 τε
2943 5309 3039 5363 καὶ
3067 5308 3397 5381 ὐπερῄρετο.

523 5372 680 5431 bant.

590 5468 757 5564 ιιιιν.
810 5473 919 5530 Sed
972 5481 1238 5548 quoniam
1269 5496 1396 5538 cum
1432 5484 1611 5540 virtus
1660 5484 1800 5543 adeo
1847 5498 1999 5546 recte
2038 5505 2099 5546 se

2278 5490 2412 5546 KE’.
2429 5489 2570 5544 Ἀλλ’
2587 5490 2801 5563 ἐπειδὴ,
2831 5489 3016 5554 καλῶς
3040 5488 3185 5545 οὕτω
3201 5508 3301 5561 της
3325 5491 3529 5563 ἀρετῆς
3547 5491 3799 5564 ἑκούσης,

519 5555 772 5632 haberet,
815 5567 1022 5624 accidit
1085 5579 1145 5626 ut
1192 5581 1382 5629 contra
1442 5574 1719 5647 irreperet
1780 5578 1999 5649 vitium,
2041 5590 2102 5638 et

2221 5583 2307 5654 τὴν
2324 5583 2524 5637 κακίαν
2544 5555 2794 5653 ἔμπαλιν.
2806 5582 3125 5639 συνέϐαινεν
3155 5555 3422 5657 bneﬁci")
3456 5555 3797 5659 πλήττεσθαί

593 5740 613 5771 ⁷
664 5741 805 5802 Psal.
860 5763 1042 5816 Lxsw,
1107 5750 1195 5807 Η.
1273 5753 1292 5788 ⁸
1340 5756 1476 5812 Dan.
1537 5772 1599 5825 ιι,
1656 5757 1747 5814 9.2.
1825 5757 1845 5792 ⁹
1894 5758 1996 5818 Job
2056 5774 2109 5827 v,

2241 5777 2254 5832 ;
2290 5762 2309 5820 l
2343 5760 2470 5821 Cor.
2523 5777 2605 5835 ιιι,
2644 5762 2730 5821 19.
2812 5764 2855 5797 ¹⁰
2894 5761 2999 5820 Job
3037 5778 3150 5831 ιινι,
3201 5762 3292 5821 20.
