4120 6378
384 267 496 333 637

1506 260 1984 327 MARTYBIUM
2027 263 2085 328 S.
2124 262 2518 329 EUGENIE.

3554 262 3665 328 63%

386 399 459 436 τε
482 380 581 437 τὸν
611 379 784 451 αὐτῆς
838 377 1014 435 αἴτιον
1068 373 1328 447 ίσχυρῶς,
1387 375 1510 432 οὐδὲ
1562 377 1729 433 τανῦν
1764 378 1921 450 φέρει
1948 383 1977 434 ὁ

2087 381 2174 450 qui
2228 390 2314 436 est
2378 382 2503 453 ejus
2548 387 2764 447 auctor,
2824 378 3073 451 graviter
3135 378 3506 447 sanciantur,
3573 397 3666 442 res

394 476 510 539 τοῖς
542 473 730 537 καλοῖς
786 470 1191 540 ἀντικείμενος,
1236 467 1374 524 ἀλλά
1424 469 1537 524 τῶν
1581 470 1979 543 ’Δλιξανδρέων

393 566 547 630 τινάς
571 562 823 619 ὑπελθὼν
852 564 905 618 οῖ
939 561 1158 633 πλούτῳ
1178 560 1279 632 μὲν
1298 562 1396 615 καὶ
1421 562 1757 633 περιφανείᾳ
1786 578 1983 631 περιτο

390 660 503 724 τῶς
526 654 694 730 εἶχον,
745 658 851 712 ὐπὸ
880 657 941 712 δὲ
967 655 1071 723 τῆς
1117 655 1248 726 περὶ
1294 654 1367 709 τὰ
1391 655 1587 710 εἴδωλα
1621 656 1821 727 μανίας
1850 673 1980 727 κρα·

389 750 566 814 ταιῶς
619 751 851 821 εἴχοντο,
883 748 1064 802 πείθει
1101 748 1172 802 τά
1221 748 1470 819 βασίλειά
1520 764 1582 801 τε
1623 748 1977 810 καταλαϐεῖν,

394 844 494 895 καὶ
539 844 651 904 τοῖς
702 838 968 910 κρατοῦσι
1026 837 1429 911 προσελθόντας
1458 838 1552 891 τὸν
1593 838 1692 908 μὲν
1731 837 1842 907 πρὸ
1886 839 1980 892 τοῦ

393 935 589 1005 χρόνον
619 935 795 988 εἰπεῖν
819 933 1039 987 ἅπαντα
1064 932 1248 996 καλῶς
1265 949 1325 985 τε
1342 934 1411 1003 τῇ
1436 934 1578 1005 ἀρχῇ
1600 931 1692 985 τὸν
1711 931 1982 986 Φίλιππον

392 1026 698 1096 διαπρέςιαι
722 1025 817 1079 καὶ
847 1024 1219 1079 εὐσεὸέστατα
1250 1023 1569 1093 διατεθῆναι
1603 1024 1673 1077 τά
1701 1023 1831 1093 περὶ
1856 1025 1984 1088 τοὺς

376 1119 577 1184 θεοὺς,
628 1117 749 1172 νυνὶ
797 1116 879 1183 δὲ,
933 1119 1089 1187 φασὶ,
1145 1116 1372 1171 δέκατον
1423 1114 1544 1180 ἔτος
1611 1116 1714 1170 οὐκ
1744 1111 1840 1169 οἷδ’
1871 1116 1900 1169 ὅ
1927 1132 1980 1169 τι

386 1210 589 1265 παθὼν
632 1210 830 1266 ἑαυτόν
880 1227 942 1265 τε
977 1211 1074 1264 καὶ
1124 1211 1307 1264 πᾶσαν
1347 1210 1448 1280 τὴν
1478 1207 1637 1263 πόλιν
1678 1209 1983 1280 ἀνατρέψαι

382 1303 733 1373 διενοήσατο,
759 1303 861 1374 τὴν
889 1301 1000 1356 τῶν
1027 1300 1303 1373 μεγίστων
1341 1300 1483 1356 Θεῶν
1529 1302 1695 1374 τιμὴν
1749 1302 1832 1365 είς
1864 1300 1985 1364 ἑνὸς

395 1394 689 1465 ἀνθρώπου
748 1393 1009 1465 λατρείαν
1047 1392 1403 1463 μεταγαγὼν,
1440 1392 1503 1448 ὃν
1537 1395 1594 1448 ἐν
1642 1393 1983 1465 Παλαιστίνῃ

398 1485 537 1554 πρὸς
595 1482 870 1539 Ἰουδαίων
905 1482 1361 1538 άνεσκολοπίσθαι
1405 1483 1649 1553 λέγουσι.
1688 1486 1875 1555 Ταύτῃ
1901 1504 1984 1539 τοι

394 1580 490 1633 καὶ
545 1578 708 1632 ἐλυσε
764 1578 870 1649 μιν
946 1577 1045 1649 ἔθη
1101 1576 1331 1649 πάτρια,
1390 1577 1617 1648 ἐτίμησε
1673 1577 1731 1631 δὲ
1787 1578 1984 1649 νόμους

398 1669 580 1737 νέους,
608 1670 948 1740 προετίμησε
993 1668 1049 1723 δὲ
1085 1668 1212 1734 τοὺς
1249 1668 1466 1732 ἀσεϐεῖς
1493 1668 1675 1740 ἡμῶν,
1702 1669 1797 1722 καὶ
1827 1685 1983 1722 συνε-

394 1762 589 1827 λόντας
627 1765 827 1827 εἰπεῖν,
855 1761 1013 1817 οὐδὲν
1041 1762 1152 1815 τῶν
1182 1762 1264 1825 είς
1289 1762 1612 1831 ἀνατροπὴν
1662 1760 1800 1823 ὅλως
1822 1760 1981 1830 ἡμῶν

394 1873 456 1909 τε
487 1856 584 1909 καὶ
617 1855 758 1910 θεῶν
786 1855 1137 1910 ἀπολέλοιπε.
1192 1854 1384 1909 Ταῦτα
1413 1856 1462 1907 oi
1494 1853 1737 1926 βασιλεῖς
1762 1851 1983 1907 διακού-

380 1961 598 2008 σαντες
648 1945 1027 1999 ἐπιστέλλωσι
1079 1943 1263 1997 τοιάδε
1291 1942 1584 2015 Φιλίππῳσ
1638 1944 1698 1996 '0
1728 1942 1831 2013 μὲν
1874 1941 1983 2012 πρὸ

397 2037 560 2107 ἡμῶν
589 2035 866 2101 θειότατος
892 2035 1222 2105 Αὔγουστος,
1262 2032 1609 2105 θεραπευτὴν
1635 2032 1767 2087 δντα
1795 2048 1856 2086 σε
1872 2031 1984 2086 τῶν

399 2128 539 2183 θεῶν
564 2129 747 2197 εἰδὼς,
799 2131 899 2185 καὶ
923 2130 1055 2200 περὶ
1086 2129 1185 2193 τὰς
1211 2128 1416 2182 τούτων
1463 2128 1631 2198 τιμὰς
1664 2125 1981 2191 σπουδαῖον,

401 2222 671 2293 μεγίστην
700 2239 785 2276 σοι
835 2223 932 2278 καὶ
977 2222 1142 2286 αὐτὸς
1178 2222 1490 2293 παρέσχετο
1518 2222 1618 2290 τὴν
1652 2220 1852 2291 ἀρχὴν,
1886 2221 1983 2273 καὶ

397 2311 593 2384 ὥσπερ
641 2314 872 2385 βασιλέα
909 2314 1112 2385 μᾶλλον
1139 2313 1173 2386 ἢ
1203 2313 1448 2385 ἔπαρχον
1498 2314 1683 2384 πάσης
1743 2313 1985 2383 ἄρχοντα

395 2404 494 2473 τῆς
522 2405 802 2473 Δίγύπτου
835 2405 1277 2477 κεχειροτόνηκε,
1312 2407 1411 2458 καὶ
1453 2404 1723 2476 μηδέποτέ
1764 2420 1826 2456 σε
1849 2402 1981 2474 ἄχρι

397 2497 497 2551 καὶ
527 2496 801 2562 διατελεῖς
829 2498 962 2565 ζῶν,
993 2499 1095 2570 τῆς
1120 2498 1300 2572 ἀρχῆς
1319 2498 1520 2569 ταύτης
1555 2499 1984 2567 ἀποχειροτονη-

399 2591 564 2662 θῆναι
599 2591 1003 2657 διεκελεύσατο,
1039 2593 1178 2649 ἀλλὰ
1200 2590 1739 2663 συνδιαμετρηθῆναι
1763 2590 1843 2659 τῷ
1878 2589 1982 2662 βίῳ

397 2685 493 2737 καὶ
524 2685 624 2752 τὴν
660 2687 861 2756 ἀρχήν.
903 2686 1096 2757 Ἡμεῖς
1117 2685 1176 2740 δέ
1207 2702 1288 2739 σοι
1330 2685 1426 2741 καὶ
1468 2685 1676 2748 ταύτας
1713 2682 1981 2739 διασεσῶ-

401 2794 598 2848 καμεν,
625 2778 763 2832 ἀλλά
793 2778 969 2834 ταὸτα
998 2778 1196 2849 μέχρις
1225 2772 1288 2834 οὗ
1322 2778 1421 2833 καὶ
1471 2779 1636 2842 αὐτὸς
1667 2778 1823 2848 φίλος
1865 2780 1983 2843 τοῖς

398 2867 542 2932 θεοῖς
596 2870 894 2940 ιτύγχανες
932 2867 1029 2925 ὢν.
1078 2868 1235 2923 Ἐπεὶ
1279 2869 1338 2923 δὲ
1386 2869 1482 2924 νῦν
1526 2868 1981 2941 διατεθρύλληται

396 2961 526 3031 περὶ
556 2959 673 3026 σοῦ,
706 2961 779 3015 τά
827 2978 891 3016 τε
944 2960 1083 3033 πρὸς
1122 2961 1281 3026 θεοὺς
1325 2963 1654 3033 μεταϐαλεῖν
1684 2979 1746 3017 σε
1793 2967 1891 3018 καὶ
1914 2964 1985 3019 τά

2084 483 2385 545 praesentes
2421 489 2530 529 non
2554 473 2781 544 patitur,
2816 473 2911 543 qui
2936 483 3026 528 est
3049 471 3216 529 bonis
3252 473 3612 531 adversarius
3644 494 3660 532 :

2078 567 2179 621 sed
2207 568 2370 622 tacite
2395 582 2453 622 se
2488 567 2779 623 insinuans
2839 567 3176 637 quibusdam
3241 567 3659 633 Alexandrinis,

2078 656 2180 726 qui
2208 666 2369 712 erant
2406 657 2617 712 divitiis
2647 657 2873 728 quidem
2903 666 2961 712 et
2989 658 3212 728 generis
3243 657 3544 728 splendore
3574 659 3665 713 in-

2082 748 2290 818 signes,
2328 749 2755 804 simulacrorum
2800 759 2983 803 autem
3021 750 3206 804 cultus
3260 748 3440 804 furori
3499 758 3663 805 erant

2080 840 2330 910 impense
2365 841 2562 904 dediti,
2594 842 2895 911 persuadet
2924 842 3031 906 cis,
3077 850 3139 895 ut
3178 852 3309 896 eant
3347 843 3401 896 in
3452 843 3661 912 regiam

2078 941 2138 986 et
2161 932 2489 988 accedentes
2515 932 2582 986 ad
2612 933 3005 1004 imperatores,
3035 932 3247 997 dicant,
3283 941 3399 987 toto
3431 933 3664 1002 quidem

2074 1023 2416 1093 praecedenti
2445 1034 2696 1094 tempore
2731 1039 2790 1079 se
2816 1025 2874 1078 in
2909 1024 3238 1094 magistratu
3266 1025 3502 1095 pulchre
3535 1040 3665 1095 ges-

2082 1117 2224 1171 sisse
2277 1117 2614 1185 Philippum,
2651 1126 2707 1171 et
2759 1117 2919 1172 valde
2971 1117 3060 1187 pie
3097 1118 3359 1173 aﬂectum
3411 1118 3581 1173 fuisse
3608 1120 3666 1174 in

2083 1209 2241 1264 deos.
2278 1208 2437 1263 Nunc
2463 1217 2670 1271 autem,
2700 1209 2985 1278 inquiunt,
3036 1209 3318 1264 nescimus
3358 1225 3469 1279 quo
3494 1219 3667 1275 motu,

2078 1302 2192 1373 jam
2224 1301 2416 1355 decem
2451 1303 2611 1356 annis
2643 1301 2869 1365 abhinc,
2915 1310 2972 1357 et
3002 1317 3062 1358 se
3111 1311 3168 1357 et
3196 1311 3366 1357 totam
3421 1311 3670 1356 nostram

2084 1392 2363 1447 civitatem
2390 1391 2449 1445 in
2496 1392 2684 1447 animo
2715 1392 2911 1446 habuit
2939 1401 3215 1449 evertere.
3254 1393 3463 1447 honore
3492 1392 3670 1445 maxi-

2084 1502 2301 1541 morum
2331 1487 2563 1541 deorum
2603 1487 2859 1543 traducto
2890 1488 2957 1541 ad
3008 1488 3219 1542 cultum
3276 1487 3442 1542 unius
3490 1485 3673 1541 homi«

2086 1580 2197 1645 nis,
2226 1594 2390 1651 quem
2423 1580 2617 1636 dicunt
2644 1580 2702 1634 in
2751 1580 3038 1636 Palmstina
3072 1579 3243 1636 fuisse
3279 1580 3609 1636 cruciﬁxum
3637 1596 3669 1635 a

2088 1673 2315 1730 Iudaeis.
2353 1674 2432 1728 Ita
2457 1689 2639 1728 mores
2667 1673 2891 1742 quidem
2923 1673 3088 1729 solvit
3119 1674 3348 1743 patrios,
3374 1673 3673 1727 honoravit

2086 1780 2217 1820 vero
2250 1781 2421 1821 novas
2455 1767 2623 1835 leges,
2657 1766 2857 1836 impios
2886 1775 3070 1821 autem
3106 1765 3266 1819 nobis
3312 1765 3579 1835 prmtulit,
3614 1773 3672 1819 et

2088 1864 2148 1910 ut
2184 1857 2354 1912 semel
2414 1857 2689 1919 dicamus,
2757 1856 2897 1910 nihil
2954 1857 3182 1911 omnino
3224 1856 3413 1911 omisit
3471 1870 3665 1910 eorum

2084 1968 2208 2023 qua:
2267 1954 2547 2023 pertinent
2581 1952 2667 2007 ad“
2714 1966 2815 2006 nos
2845 1961 2901 2007 et
2931 1950 3066 2007 deos
3132 1951 3487 2007 evertendas.
3537 1952 3666 2006 Huic

2082 2061 2210 2101 cum
2272 2046 2582 2101 audiissent
2662 2045 3052 2115 imperatores,
3108 2045 3225 2099 haec
3288 2044 3539 2099 scribunt
3596 2044 3667 2098 ad

2085 2136 2400 2205 Philippum
2437 2155 2452 2191 :
2490 2135 2595 2201 Qui
2653 2151 2755 2191 nos
2782 2136 3005 2206 quidem
3046 2137 3329 2206 praecessit
3383 2134 3671 2191 divinissi-

2080 2244 2210 2285 mus
2230 2231 2529 2300 Angustus,
2552 2242 2676 2283 eum
2707 2237 2757 2284 te
2777 2229 2946 2283 sciret
2963 2243 3084 2283 esse
3107 2229 3376 2283 cultorem
3407 2227 3665 2291 deorum,

2085 2331 2141 2377 et
2172 2322 2403 2376 honoris
2437 2336 2631 2377 eorum
2682 2335 2804 2376 esse
2853 2321 3349 2382 studiosissimum.
3380 2321 3500 2389 ipse
3528 2333 3670 2389 quo—

2085 2430 2195 2485 que
2230 2415 2329 2470 tibi
2363 2416 2657 2469 maximum
2693 2414 2931 2485 praebuit
2956 2413 3278 2483 imperium,
3314 2422 3371 2468 et
3407 2420 3669 2480 tanquam

2086 2521 2271 2578 regem
2321 2507 2507 2577 potius
2558 2521 2723 2576 quam
2754 2507 3103 2576 praefectum,
3156 2505 3327 2574 elegit
3372 2504 3668 2574 praesidem

2088 2598 2335 2672 Egypti;
2367 2614 2469 2654 nec
2501 2608 2576 2662 te,
2604 2597 2851 2668 quandiu
2882 2598 3121 2662 viveres,
3145 2596 3214 2652 ab
3261 2595 3552 2667 hocjussit
3581 2610 3673 2650 re-

2088 2691 2298 2747 moveri
2353 2692 2696 2761 magistratu,
2751 2689 2845 2744 sed
2908 2704 3033 2744 cum
3088 2688 3216 2743 vitae
3268 2696 3517 2758 tempore
3571 2686 3674 2743 tibi

2087 2796 2210 2839 esse
2252 2781 2602 2837 demensum.
2631 2778 2744 2836 Nos
2770 2787 2954 2835 autem
2986 2780 3088 2834 tibi
3134 2789 3191 2834 et
3218 2780 3368 2833 hunc
3399 2778 3673 2833 honorem

2076 2873 2561 2937 rconservavitnus,
2617 2881 2670 2928 et
2723 2887 2837 2927 non
2887 2885 3097 2942 paucos
3146 2870 3286 2925 alios
3344 2868 3671 2940 adiecimus.

2088 2963 2197 3021 Sed
2251 2960 2395 3032 haec,
2462 2962 2706 3035 quandiu
2743 2962 2898 3019 fuisti
2950 2961 3057 3017 diis
3097 2960 3330 3016 amicus.
3393 2959 3669 3027 Quoniam

397 3052 535 3122 πρὸς
573 3053 723 3124 ἡμᾶς
756 3053 859 3107 οὐκ
920 3053 1185 3118 εὐνοϊκῶς
1242 3054 1388 3125 ἔχειν
1416 3094 1432 3118 ,
1495 3055 1914 3125 προστάττομεν
1944 3055 1978 3127 ἢ

2087 3072 2222 3113 vero
2276 3073 2428 3114 nunc
2457 3056 2526 3113 de
2555 3065 2608 3114 te
2653 3057 2923 3129 iactatum
2955 3063 3040 3111 est
3066 3054 3123 3108 in
3158 3053 3378 3124 vulgus,
3429 3054 3578 3123 quod
3609 3060 3672 3108 et

379 3143 658 3215 ·ὲχόμενόν
684 3161 745 3198 σε
773 3145 884 3200 τῶν
911 3145 1196 3218 προτέρων
1225 3145 1447 3217 ἔχεσθαι
1476 3147 1572 3199 καὶ
1600 3146 1698 3215 τῆς
1728 3145 1918 3216 τιμῆς,
1944 3147 1978 3219 ἢ

403 3236 823 3308 ἀποστὲρξαντα
850 3238 912 3291 τὸ
938 3239 1069 3311 περὶ
1116 3239 1244 3302 τούς
1274 3238 1433 3301 θεοὺς
1497 3236 1664 3302 σέϐας
1708 3240 1982 3311 παυθῆναι

399 3329 498 3383 καὶ
523 3331 625 3399 τῆς
655 3330 856 3402 ἀρχῆς,
885 3332 947 3385 οὐ
983 3330 1091 3402 μὴν
1119 3330 1177 3385 δὶ
1206 3324 1344 3385 ἀλλά
1374 3331 1473 3385 καὶ
1518 3330 1812 3401 ἀφαίρεσιν
1848 3333 1984 3384 ὐπο-

400 3421 595 3492 στῆναι
628 3422 727 3475 καὶ
757 3422 858 3487 sit;
884 3422 1104 3487 οὐσίας.

470 3603 620 3672 xq'.
653 3601 843 3658 Ταῦτα
869 3603 1166 3674 δεξάμενον
1194 3601 1291 3658 καὶ
1329 3604 1635 3673 ἀναγνόντα
1670 3602 1764 3658 τδν
1795 3604 1986 3659 Φίλιπ-

406 3714 530 3765 πον,
559 3698 720 3753 νόσον
756 3697 1124 3769 ὐωκριθῆναι
1155 3697 1262 3762 ἕως
1302 3696 1727 3767 διαπωλήσαντα
1758 3696 1861 3768 τὴν
1889 3697 1984 3750 οὐ·

384 3794 530 3848 Διςίαν
587 3791 715 3864 διχῆ
767 3793 985 3857 διελεῖν,
1032 3791 1128 3847 καὶ
1163 3790 1233 3846 τά
1275 3790 1377 3862 μὲν
1437 3789 1783 3860 ικκλησίαις,
1830 3790 1900 3844 τὰ
1928 3789 1987 3844 δὲ

403 3888 639 3957 πτωχοῖς
669 3887 942 3956 διανεῖμαι
972 3888 1089 3950 τοῖς
1119 3886 1226 3940 δινά
1255 3885 1438 3939 πᾶσαν
1457 3884 1558 3956 τὴν
1576 3882 1987 3953 Ἀλεξάνδρειάν

399 3978 580 4032 τεκαὶ
604 3976 776 4050 αὐτὴν
803 3977 1083 4046 Αἴγυπτον
1132 3976 1439 4049 περιοῦσιν.
1495 3973 1608 4030 Ἦν
1658 3976 1716 4031 δὲ
1743 3978 1804 4031 οὐ
1857 3978 1988 4048 περὶ

403 4071 466 4125 τὸ
494 4071 679 4140 λέγειν
708 4069 870 4142 μόνον
899 4070 929 4122 ὁ
962 4070 1229 4135 Φίλιππος
1257 4071 1482 4143 ἐνεργὸς
1511 4070 1613 4142 τὴν
1639 4069 1888 4139 γλῶτταν
1912 4070 1988 4135 ὡς

406 4163 639 4228 π.λλούς
688 4164 797 4220 τῶν
850 4163 1122 4233 Ἑλλήνων
1164 4162 1503 4235 μεταμαθεῖν
1548 4162 1649 4234 τὴν
1682 4162 1986 4229 εὐσέϐειαν,

404 4253 543 4307 ἀλλά
577 4253 673 4306 καὶ
701 4252 792 4307 τὸν
819 4252 932 4323 βίον
956 4253 1372 4323 θεοφιλέστατος
1395 4254 1489 4308 καὶ
1522 4252 1987 4322 φιλοσοφώτατος*

405 4345 545 4400 ὥστε
581 4348 763 4400 πᾶσαν
794 4346 895 4419 τὴν
936 4343 1334 4418 Ἀλεξανδρέων
1355 4350 1508 4418 κοινῇ
1534 4346 1706 4416 ψήφῳ
1729 4346 1866 4417 πρὸς
1888 4345 1988 4415 τὴν

2086 3148 2141 3203 in
2166 3150 2434 3220 religione
2480 3149 2713 3204 deorum
2766 3148 2846 3203 sis
2887 3154 3159 3210 mutatus,
3196 3160 3301 3200 nec
3332 3145 3494 3200 nobis
3523 3145 3669 3200 bene

2068 3242 2241 3307 velis,
2265 3241 2545 3311 iubemus,
2577 3248 2640 3295 ut
2685 3246 2783 3294 aut
2829 3237 3141 3293 insistendo
3173 3236 3456 3307 prioribus
3484 3237 3540 3292 in
3570 3237 3676 3291 ho-

2083 3343 2220 3384 nore
2254 3343 2596 3398 permaneas,
2631 3338 2728 3382 aut
2755 3327 2801 3384 si
2834 3327 3066 3381 deorum
3099 3326 3312 3380 cultum
3335 3326 3670 3396 repudiave-

2080 3421 2184 3481 ris.
2218 3435 2403 3476 cesses
2432 3421 2600 3476 etiam
2641 3435 2835 3492 gerere
2873 3418 3293 3489 magistratum,
3337 3418 3475 3489 quin
3501 3419 3672 3475 etiam

2086 3512 2410 3569 facultatum
2440 3513 2643 3568 subeas
2668 3512 3030 3567 ablationem.

2156 3605 2348 3661 XXVI.
2387 3603 2512 3659 Haec
2527 3618 2654 3659 cum
2677 3604 2989 3674 accepisset
3017 3612 3075 3658 et
3099 3604 3328 3676 legisset
3360 3604 3673 3674 Philippus,
3754 3640 3761 3649 ι

2087 3696 2341 3751 morbum
2404 3694 2711 3757 simulavit,
2767 3694 2947 3749 denec
3001 3693 3247 3749 venditis
3286 3693 3671 3759 facultatibus,

2086 3801 2184 3843 eas
2223 3786 2524 3857 dupliciter
2553 3786 2831 3848 diviserit,
2891 3794 3191 3857 et-partem
3251 3786 3477 3856 quidem
3496 3787 3674 3842 eccle-

2088 3878 2210 3944 siis,
2253 3885 2465 3947 partem
2507 3888 2695 3933 autem
2734 3877 3078 3946 pauperibus
3142 3877 3517 3944 distribuerit,
3571 3877 3673 3949 qui

2086 3978 2248 4025 erant
2301 3984 2402 4040 per
2454 3978 2632 4025 totam
2697 3966 3097 4025 Alexandriam
3147 3977 3205 4024 et
3259 3969 3442 4039 ipsam
3501 3967 3678 4042 Αἰκι-

2089 4072 2267 4132 ptum.
2322 4061 2459 4118 Erat
2507 4075 2643 4116 vero
2671 4060 2966 4131 Philippus
3022 4074 3134 4115 non
3180 4059 3361 4115 solum
3393 4059 3582 4131 lingua
3616 4059 3676 4116 in
3776 4130 3777 4133 η

2088 4152 2327 4210 dicendo
2369 4152 2643 4210 facundus
2674 4191 2691 4218 ,
2735 4152 2878 4208 adeo
2904 4161 2971 4208 ut
3030 4152 3192 4207 multi
3247 4151 3485 4223 gentiles
3520 4152 3678 4224 eius

2092 4249 2451 4316 persuasione
2498 4246 2760 4317 pietatem
2807 4244 3134 4308 didicerint,
3189 4244 3286 4299 sed
3338 4245 3508 4300 etiam
3561 4246 3677 4302 vita

2094 4338 2330 4394 maxime
2382 4338 2506 4409 pius
2533 4347 2590 4392 et
2662 4337 3056 4407 philosophus,
3110 4335 3250 4392 adeo
3303 4345 3367 4392 ut
3413 4337 3676 4394 universa

405 4440 717 4510 ἐπισκοπὴν
771 4442 933 4497 αὐτὸν
968 4439 1417 4511 μετακαλεῖσοαι.
1485 4440 1606 4493 Ὀτι
1640 4440 1697 4493 δὲ
1728 4440 1824 4493 καὶ
1856 4440 1983 4509 περὶ

2089 4429 2421 4485 Alexandria
2470 4429 2752 4484 communi
2818 4428 3087 4499 suli‘ragio
3148 4441 3276 4483 eum
3342 4428 3558 4482 vocarit
3605 4432 3679 4483 ad

404 4530 503 4602 τὴν
532 4533 716 4587 πίστιν
748 4528 817 4603 ἦν
858 4533 1192 4605 θερμότατος
1244 4552 1303 4587 τε
1337 4536 1430 4588 καὶ
1485 4534 1917 4602 στεγανώτατος,
1953 4532 1987 4602 ἡ

406 4626 641 4695 δήλωτιις
672 4628 736 4679 ὲκ
765 4626 861 4680 τοῦ
894 4627 1101 4690 τέλους.
1158 4624 1398 4698 Τελευτᾷ
1428 4627 1539 4699 γὰρ
1570 4627 1664 4679 τδν
1695 4624 1811 4695 βίον
1846 4641 1989 4696 μαρ-

406 4719 597 4791 τυρίον
627 4720 876 4791 στεφάνῳ
910 4721 1195 4789 κοσμήσας
1220 4719 1320 4791 τὴν
1369 4719 1640 4789 κεφαλήν.
1699 4718 1988 4787 Πέμπεται

407 4810 540 4878 γοῦν
573 4810 816 4881 διάδοχος
849 4809 999 4882 αὐτῷ
1036 4811 1136 4880 τῆς
1166 4811 1343 4882 ἀρχῆς
1364 4810 1673 4880 Τερέντιος,
1701 4808 1759 4873 ὃς
1781 4810 1900 4879 ἅμα
1928 4826 1988 4863 τε

376 4908 473 4975 ’τῇ
517 4901 921 4974 Ἀλεξανδρέων
976 4902 1151 4973 ἐπέϐη
1198 4904 1294 4956 καὶ
1339 4901 1520 4956 πάντα
1571 4901 1754 4956 κάλων
1818 4901 1989 4956 ἐκίνει

407 4995 660 5065 Φιλίππῳ
688 4992 792 5063 τὴν
820 4993 1108 5064 ἀναίρεσιν
1140 4993 1606 5063 σκαιωρούμενος.
1650 4990 1807 5047 Ἐπεὶ
1828 4991 1887 5045 δὲ
1915 4990 1990 5062 μὴ

2097 4524 2497 4594 episcopatum.
2555 4522 2712 4590 Quod
2773 4531 2962 4578 autem
3009 4523 3065 4577 in
3126 4521 3235 4576 ﬁde
3257 4538 3482 4593 quoque
3507 4523 3681 4578 fuerit

2097 4615 2397 4670 acerrimus
2421 4624 2479 4670 et
2513 4615 3022 4680 constantissimus,
3063 4631 3131 4670 ex
3190 4614 3298 4670 line
3328 4616 3679 4672 ostendetur.

2097 4706 2139 4763 E
2170 4709 2281 4764 vita
2303 4708 2449 4763 enim
2483 4708 2725 4773 excedit,
2763 4708 2942 4777 capite
2978 4709 3239 4763 redimite
3284 4724 3489 4765 corona
3529 4724 3680 4764 mar-

2099 4800 2250 4872 tyrii.
2323 4800 2675 4870 Magistratus
2742 4799 2931 4869 imque
2972 4813 3262 4855 successor
3319 4802 3373 4855 ei
3439 4801 3684 4857 mittitur

2100 4892 2414 4948 Terentius.
2445 4890 2702 4958 Quicum
2730 4890 2972 4960 primum
3003 4892 3245 4946 venisset
3264 4891 3681 4960 Alexandriam,

2097 5000 2319 5042 omnem
2376 4985 2634 5040 movebat
2685 4983 3005 5045 rudentem,
3064 4983 3302 5038 moliens
3362 4983 3682 5055 Philippum

410 5084 644 5154 ἠδύνατο
690 5084 941 5155 φανερῶς
995 5084 1159 5138 αὐτὸν
1212 5082 1424 5139 ἀνελεῖν
1475 5084 1646 5153 (πολὺ
1690 5084 1799 5153 γὰρ
1837 5077 1983 5154 ἦντδ

2100 5082 2294 5136 tollere
2323 5078 2393 5134 de
2424 5078 2631 5133 medio.
2671 5077 2779 5132 Sed
2830 5077 3096 5147 quoniam
3152 5089 3261 5130 non
3306 5083 3525 5145 poterat
3551 5091 3681 5131 eum

412 5131 541 5248 περὶ
561 5130 961 5247 Φίλιππονττῖἷς
992 5177 1204 5242 πόλεως
1239 5130 1511 5247 φίλτρονῖ,
1532 5130 1714 5245 λάθρα
1745 5130 1983 5245 xraxbup-

2097 5182 2288 5245 aperte
2347 5170 2664 5227 interﬁcere
2722 5173 2882 5242 (erat
2954 5170 3104 5224 enim
3154 5167 3396 5223 civitatis
3450 5183 3687 5239 magnus

414 5276 501 5342 γεῖ
523 5272 620 5342 τὴν
653 5271 992 5343 μιαιφονίαν,
1035 5272 1129 5325 καί
1165 5288 1277 5324 τισι
1306 5269 1416 5324 τῶν
1445 5271 1831 5341 προσποιήτων
1859 5268 1983 5337 Χρι-

2098 5281 2255 5321 amor
2284 5265 2344 5320 in
2375 5263 2750 5334 Philippum),
2785 5261 3104 5318 clanculum
3140 5259 3391 5314 admittit
3442 5258 3685 5328 parrici-
3747 5328 3758 5337 .

416 5366 652 5420 στιανῶν
697 5365 768 5421 τὰ
792 5364 887 5418 τοῦ
912 5364 1191 5435 δράματος
1233 5360 1550 5433 ἐγχειρίσας
1579 5360 1672 5413 ἐπὶ
1702 5360 1796 5414 τὸν
1830 5361 1983 5429 φόνον

2100 5360 2277 5425 dium,
2325 5365 2384 5414 et
2422 5372 2549 5413 cum
2589 5355 2921 5425 quihusdam
2984 5352 3129 5408 ﬁctis
3183 5350 3523 5407 Christianis
3563 5365 3683 5406 rem

372 5462 377 5463 “
416 5460 783 5532 παρώρμησε,
831 5459 943 5511 τῶν
969 5454 1235 5526 βασιλέων
1272 5453 1406 5508 αὐτὸ
1436 5451 1596 5506 τοῦτο
1627 5450 1830 5522 μᾶλλον
1868 5452 1983 5505 ῖιιιιιι⁴

2101 5452 2418 5508 mandasset
2454 5447 2889 5518 exsequendam,
2921 5444 2989 5500 ad
3021 5443 3230 5500 eadem
3258 5452 3347 5499 est
3374 5442 3679 5513 impulsus,

418 5553 754 5623 195‘}&wmv,
808 5551 859 5607 οἶ
900 5552 996 5606 καὶ
1026 5549 1211 5622 κρύφα
1249 5546 1387 5618 πρὸς
1416 5546 1686 5600 Φίλιππον
1720 5545 1983 5601 εἰσελθόνε

2102 5562 2228 5599 cutn
2265 5546 2370 5598 hoc
2405 5543 2459 5599 ci
2488 5541 2787 5611 iussissent
2825 5540 3208 5609 imperatores.
3243 5536 3288 5591 li
3337 5543 3526 5591 autem
3550 5547 3680 5589 cum

419 5663 508 5710 τες
564 5647 697 5717 εὐχῇ
760 5646 855 5701 καὶ
889 5643 1073 5714 δεήσει
1120 5643 1187 5714 τῇ
1230 5642 1365 5714 πρὸς
1412 5640 1545 5694 Θεὸν
1595 5637 1983 5712 προσκείμενοι

2104 5643 2243 5690 ctam
2267 5633 2498 5705 ingressi
2525 5642 2713 5688 essent
2758 5631 2823 5686 ad
2864 5629 3203 5700 Phiiippum,
3255 5628 3534 5684 intentum
3558 5641 3686 5696 pre-

421 5739 722 5807 ἀναιροῦσι.
746 5738 1012 5809 Φοδηθεὶς
1041 5735 1097 5793 δὲ
1130 5734 1417 5805 Τερέντιος
1439 5732 1515 5806 μὴ
1548 5733 1640 5788 καὶ
1673 5732 1699 5787 ό
1732 5731 1906 5804 δῆμος
1934 5730 1983 5784 τί

2106 5726 2264 5783 cibus
2293 5736 2347 5781 ct
2373 5723 2612 5781 orationi
2646 5723 2713 5779 ad
2751 5723 2945 5789 Deum,
2988 5734 3116 5778 cum
3139 5721 3342 5778 tollunt
3369 5719 3439 5777 de
3473 5717 3683 5775 medio.
