4120 6378
466 211 570 270 639

1607 209 1612 214 ’
1696 207 1980 268 MENSIS
2015 207 2457 271 DECEMBER.

3605 213 3716 276 640

465 321 690 375 Timore
730 334 860 374 vero
926 319 1158 373 affectus
1190 319 1506 383 Terentius,
1565 336 1635 376 ne
1689 322 1924 391 populus
1953 320 2004 374 fa

2139 323 2380 392 πραχθὲν
2435 324 2676 392 μισήσας
2734 324 2855 376 κατ’
2895 322 3060 377 αὐτοῦ
3097 322 3293 394 κινηθῇ
3356 322 3449 375 καὶ
3481 322 3721 392 μάλιστα

463 419 786 477 ειιιιιιαιετο
840 407 1041 470 ferens.
1102 409 1368 463 adversus
1439 412 1617 478 ipsum
1688 421 2026 475 moveretur,

466 497 698 550 I:I::XIIIIO
723 513 846 551 cum
873 509 1017 553 esset
1048 508 1233 554 tantus
1263 503 1382 572 ejus
1403 516 1558 554 amor
1594 503 1648 556 in
1688 502 2025 569 Philippum,

460 585 616 651 jubet
675 586 1074 654 comprehendi
1121 605 1218 643 eos
1263 591 1357 659 qui
1391 591 1569 658 ipsum
1601 592 1943 658 occiderant,
1971 603 2029 646 et

461 673 659 742 conjici
709 673 764 726 in
800 691 1099 740 carcerem,
1153 694 1209 732 re
1270 679 1393 734 ficta
1453 682 1682 736 studens
1735 683 1812 735 rei
1848 683 2028 737 celare

462 764 770 818 veritatem.
835 777 890 820 et
922 769 1208 823 seminans
1260 772 1656 840 suSpieionem,
1713 774 1862 844 quod
1913 790 2025 830 non

459 856 818 922 processisset
849 858 1026 912 credes
1049 876 1117 913 ex
1152 862 1271 929 ejus
1304 864 1602 918 sententia.
1658 863 1867 935 Deinde
1899 881 2025 921 cum

461 964 567 1002 non
603 951 833 1003 multum
864 953 1220 1018 praeteriisset
1253 955 1537 1022 temporis,
1594 957 2028 1025 imperatoribus

459 1040 671 1095 svilicet
706 1041 784 1095 ita
839 1043 1290 1109 decernentibus,
1351 1063 1447 1101 eos
1504 1049 1723 1102 solvita
1769 1050 2026 1105 vinculis.

461 1131 552 1186 Sic
581 1132 817 1187 decessit
847 1135 1151 1204 Philippus,
1186 1152 1308 1190 eum
1345 1147 1454 1194 tres
1487 1140 1608 1194 dies
1641 1141 1872 1195 vixisset
1905 1151 2029 1210 post

462 1221 674 1290 plagam
704 1231 1007 1292 acceptam.
1054 1225 1198 1279 lntra
1238 1226 1516 1282 civitatem
1578 1243 1712 1283 vero
1762 1229 2028 1297 sepelitur

462 1313 515 1364 in
549 1313 689 1380 loco,
719 1316 813 1384 qui
862 1315 1067 1370 dicitur
1099 1317 1286 1384 lsium,
1337 1320 1431 1374 ubi
1483 1321 1624 1389 ipse,
1661 1337 1788 1376 cum
1843 1321 2026 1376 adhuc

462 1404 694 1466 viveret,
727 1406 898 1460 aedem
941 1423 1150 1461 sacram
1195 1409 1512 1464 aedificavit.

530 1495 740 1551 XXVII.
810 1499 1052 1569 Eugenia
1087 1509 1294 1566 autem,
1330 1513 1452 1571 post
1506 1504 1867 1575 agnitionem,
1900 1520 2027 1560 cum

458 1588 581 1642 aliis
612 1589 914 1660 virginibus
953 1593 1120 1662 elegit
1149 1595 1481 1655 castitatem.
1518 1605 1575 1650 et
1607 1597 1772 1652 vitam
1824 1613 2026 1652 secun-

459 1681 589 1734 dum
643 1683 947 1737 Christum.
1001 1685 1168 1740 Beata
1224 1701 1358 1741 vero
1407 1688 1656 1752 Claudia,
1688 1705 1853 1758 quam
1896 1689 2027 1744 Phi-
2065 1677 2105 1733 Β

459 1772 594 1840 lippi
640 1774 861 1841 quidem
894 1792 1142 1842 uxorem,
1182 1778 1442 1848 Eugenie
1469 1791 1653 1836 autem
1675 1791 1904 1836 matrem
1937 1799 2030 1838 an-

460 1874 546 1919 tea
582 1868 946 1934 ostendimus,
980 1870 1142 1924 aliam
1187 1888 1406 1942 quoque
1460 1873 1684 1928 domum
1735 1876 2029 1931 aedificavit

465 1955 531 2010 ad
591 1958 948 2027 excipiendos
1006 1961 1272 2031 hospites,
1335 1976 1534 2033 pra-ter
1591 1981 1712 2020 eam
1767 1983 1889 2036 quae
1915 1969 2026 2037 jam

459 2050 597 2103 facta
631 2051 806 2105 fuerat
839 2067 868 2104 a
899 2053 1117 2118 marito,
1146 2071 1396 2126 magnam
1426 2058 1533 2110 vim
1567 2061 1815 2128 pecunia:
1867 2062 1923 2115 in
1963 2076 2027 2116 ea

458 2154 791 2197 Consecrans
849 2145 916 2197 ad
944 2161 1006 2199 ea
1043 2148 1468 2216 suppeditanda,
1495 2166 1617 2216 qua:
1648 2162 1807 2206 erant
1839 2169 2029 2208 neces-

460 2235 601 2287 saria
629 2235 697 2290 iis
723 2237 815 2306 qui
843 2238 1259 2308 accipiebantur
1290 2241 1550 2312 hospitio.
1585 2243 1692 2298 Sed
1732 2245 1848 2300 haec
1900 2247 2027 2316 qui-

461 2327 580 2379 dem
611 2328 710 2392 sic,
737 2339 790 2382 et
824 2329 1106 2400 hucusque
1135 2330 1380 2402 Eugenia
1425 2335 1590 2388 vitam
1618 2351 1771 2390 suam
1827 2337 1906 2392 sic
1933 2339 2031 2392 ad-

461 2417 815 2474 ministravit.
859 2419 984 2474 Vult
1019 2408 1200 2476 autem
1241 2425 1418 2478 oratio
1456 2426 1577 2494 ejus
1613 2442 1834 2497 quoque
1884 2445 2028 2498 prae-

462 2511 746 2567 clariorem
782 2513 906 2569 vita:
944 2515 1151 2570 exitum
1184 2517 1476 2572 ostenlere
1502 2557 1518 2583 ,
1553 2527 1612 2571 ut
1655 2519 1747 2590 qui
1795 2522 2030 2593 insignis

462 2605 628 2660 fuerit
683 2621 883 2660 corona
944 2609 1211 2678 martyrii.
1264 2610 1557 2680 Aliquanto
1585 2611 1734 2666 enim
1783 2621 2031 2683 tempore

460 2707 583 2765 post
635 2708 867 2752 mortem
923 2700 1182 2770 Philippi,
1238 2703 1437 2774 conjux
1467 2705 1588 2775 ejus
1640 2705 1867 2760 Claudia
1901 2722 2026 2762 cum

457 2791 845 2859 assumpsissct
879 2791 1040 2852 filios.
1076 2794 1318 2860 Abitam,
1363 2795 1608 2865 inquam.
1641 2807 1696 2852 et
1751 2799 2027 2870 Sergium,

458 2890 514 2934 et
546 2891 804 2950 praeterea
832 2884 1155 2954 Eugeniam,
1183 2886 1238 2940 in
1274 2903 1522 2957 magnam
1559 2891 1788 2945 Romam
1839 2907 2031 2947 rever-

460 2978 615 3032 titur.
652 2978 832 3033 Patria
867 2991 1051 3035 autem
1077 2995 1199 3035 eam
1229 2981 1466 3052 benigne
1515 2984 1743 3054 excipit,
1777 2994 1832 3040 et
1870 3001 2032 3042 sena-
2062 3035 2100 3055 ,,

463 3081 548 3126 tus
581 3071 954 3127 Romanorum
985 3073 1106 3143 ejus
1139 3073 1280 3128 filios
1312 3075 1467 3143 eligit
1495 3076 1563 3130 ad
1600 3077 1844 3148 insignes
1908 3095 2030 3134 ma-

433 3163 720 3230 .gistralus
758 3181 771 3216 :
811 3164 1028 3218 Abitam
1061 3165 1284 3234 quidem
1317 3170 1701 3235 proconsulem
1749 3171 2034 3243 Carthagi-

463 3255 570 3318 nis,
613 3255 865 3323 Sergium
913 3263 1098 3310 autem
1150 3257 1349 3311 Africa:
1410 3259 1678 3314 vicarium
1719 3279 1734 3316 :
1779 3263 2035 3333 Eugeniae

463 3359 596 3398 vero
641 3345 953 3400 sufficiebat
989 3346 1104 3402 haec
1167 3347 1285 3402 sola
1337 3347 1577 3414 dignitas
1609 3349 1857 3404 omnium
1919 3367 2035 3406 ma—

462 3436 632 3502 xima,
689 3452 882 3505 nempe
948 3438 1141 3503 virtus,
1173 3448 1231 3493 et
1274 3439 1384 3493 Deo
1417 3449 1704 3510 parentem
1742 3443 1951 3509 vivere,
1981 3452 2038 3498 et

463 3529 668 3583 habere
695 3544 880 3584 srcum
903 3531 1038 3585 alias
1065 3548 1133 3585 cx
1177 3531 1394 3586 filiabus
1434 3544 1776 3597 senatorum,
1799 3551 2034 3604 quarum

463 3632 585 3676 erat
606 3620 752 3676 idem
780 3623 932 3678 zelus
961 3632 1018 3678 et
1044 3623 1188 3678 idem
1221 3625 1561 3680 institutum.
1587 3627 1734 3682 Inter
1760 3643 1896 3696 quas
1916 3639 2040 3685 erat

473 3732 583 3770 una
640 3716 870 3787 reliquis
909 3717 1070 3788 longe
1113 3720 1464 3790 pnestantior
1518 3734 1709 3774 revera
1739 3720 2043 3776 admirabi-

462 3808 532 3864 lis
561 3807 780 3874 Basilla,
818 3821 941 3880 quae
974 3809 1212 3866 ducebat
1237 3811 1508 3882 originem
1531 3827 1595 3867 ex
1623 3828 1825 3882 genere
1863 3814 2040 3885 impe-

465 3901 683 3963 ratoris,
733 3917 855 3971 quae
902 3902 1068 3956 etiam
1135 3903 1482 3972 resplenduit
1548 3904 1807 3960 similiter
1861 3914 2031 3975 atque

467 3991 730 4062 Eugenia,
782 3993 926 4050 sicut
981 3995 1170 4050 statim
1223 3996 1462 4052 dicetur.
1525 3996 1646 4066 Ipsa
1705 3999 1856 4052 enim
1903 4014 2034 4054 eum

463 4085 764 4150 Christum,
806 4095 860 4141 et
918 4103 1042 4156 quae
1075 4096 1205 4144 sunt
1253 4089 1373 4156 ejus
1447 4089 1817 4152 admirabilia.
1874 4092 2035 4146 audi-

467 4179 614 4234 tione
646 4179 972 4247 accepisset,
997 4181 1133 4248 quin
1179 4181 1346 4235 etiam
1371 4182 1638 4237 audiisset
1659 4182 1729 4236 de
1765 4183 2032 4254 Eugenia.

466 4269 688 4324 maximi
717 4271 938 4339 quidem
980 4270 1217 4326 faciebat
1247 4272 1315 4326 ad
1357 4288 1476 4328 eam
1510 4274 1800 4342 ventitare,
1836 4286 1893 4330 et
1917 4289 2039 4331 esse

464 4363 777 4416 divinorum
811 4363 929 4431 ejus
965 4363 1258 4418 verborum
1292 4365 1590 4436 particeps.

537 4451 775 4508 XXVIII.
801 4451 937 4506 Cum
965 4454 1032 4506 ab
1065 4469 1133 4508 eo
1161 4465 1343 4509 autent
1371 4465 1677 4524 arceretur,
1716 4468 1772 4512 et
1804 4468 2032 4528 propter

464 4559 726 4612 sponsum
775 4543 1068 4612 (deSponsa
1117 4545 1263 4600 enim
1295 4545 1473 4600 fuerat
1499 4548 1781 4619 Pompeio)
1811 4558 1866 4604 et
1901 4566 2037 4620 pro-

469 4648 591 4706 pter
641 4637 1083 4706 persecutionem
1117 4637 1250 4707 (jam
1288 4639 1435 4693 enim
1486 4656 1680 4712 magna
1724 4644 2040 4712 persecutio

461 4727 868 4783 accendebatur
886 4716 1263 4798 Christianis»
1295 4731 1508 4789 invenit
1530 4736 1827 4802 quemdam
1857 4736 2038 4790 virum

453 4821 682 4896 fidelem
713 4821 944 4876 latorem
975 4838 1201 4878 suorum
1230 4824 1547 4889 verborum,
1572 4836 1627 4880 et
1655 4841 1751 4894 per
1771 4841 1898 4881 eum
1926 4841 2038 4881 non

467 4922 648 4967 cessat
699 4915 942 4979 mittere,
996 4915 1230 4971 multum
1279 4932 1479 4986 rogans
1509 4917 1840 4987 Eugeniam,
1873 4927 1934 4973 ut
1967 4919 2036 4973 dc

467 5003 656 5058 divina
683 5004 791 5061 fide
844 5008 1029 5061 omnia
1065 5008 1118 5064 ei
1166 5008 1368 5064 litteris
1397 5009 1689 5079 signiticet.
1723 5009 1818 5064 Illa
1848 5020 2038 5064 autem

471 5113 594 5148 cum
627 5098 857 5165 pulchre
895 5100 1084 5164 sciret,
1125 5111 1394 5169 quantum
1451 5100 1672 5155 intersit
1702 5100 1849 5154 inter
1904 5101 2043 5156 scri-

471 5197 687 5256 pturam
745 5197 800 5243 et
859 5205 1072 5255 vocem,
1127 5201 1184 5245 et
1241 5192 1388 5260 quod
1447 5207 1553 5246 non
1620 5191 1875 5246 sitnilifer
1915 5192 2042 5261 quis

476 5282 811 5349 persuaserit
840 5291 934 5336 aut
960 5283 1213 5337 docuerit
1241 5284 1514 5348 scribens,
1571 5294 1736 5352 atque
1771 5283 1839 5336 de
1869 5284 2040 5338 tantis

477 5370 639 5424 rebus
684 5372 983 5438 disserens,
1017 5373 1276 5442 quoniam
1319 5374 1553 5427 multum
1611 5373 1843 5428 interest
1898 5373 2045 5428 inter

478 5463 645 5515 verba
697 5463 961 5525 animata,
1021 5473 1076 5517 et
1122 5464 1419 5518 inaniinani
1462 5475 1843 5534 mortuamque
1883 5465 2044 5520 insti-

477 5553 770 5621 tutionem,
809 5555 1051 5624 prudens
1075 5556 1236 5614 simul
1266 5557 1560 5612 consilium
1591 5557 1739 5627 capit
1779 5568 1834 5613 et
1879 5558 2042 5626 juve-

479 5643 609 5698 nile.
644 5647 776 5700 Nam
804 5663 926 5702 cum
970 5649 1144 5704 Prota!
1197 5659 1251 5704 et
1305 5650 1609 5706 llvacintho
1657 5650 2041 5710 persuasisset.

2136 413 2344 483 φίλτρῳ
2373 414 2601 484 τοιούτῳ
2647 415 2784 484 πρὸς
2826 415 3096 468 Φίλιππον
3121 416 3492 486 ἡρμοσμένος,
3527 414 3722 485 συλλη-

2136 507 2341 575 φθῆναι
2370 509 2496 568 τοὺς
2529 507 2965 570 ἀποκτείναντας
2989 507 3153 560 αὑτὸν
3184 510 3280 560 καὶ
3306 509 3521 577 φρουρᾷ
3553 506 3716 576 δοθῆ·

2135 612 2225 664 ναι
2258 599 2608 666 προστάττει,
2667 597 2991 668 ἐπιπλάστῳ
3052 599 3340 669 πράγματι
3405 598 3718 670 συγκρύψαι

2135 687 2368 757 τάληθὲς
2421 691 2820 759 μηχανώμενος
2877 691 3138 744 ὑπόνοιαν
3182 709 3242 744 τε
3274 690 3612 757 διασπείρων
3641 690 3718 752 ὠς

2140 781 2215 849 μὴ
2240 781 2380 834 κατὰ
2419 781 2646 852 γνώμην
2677 783 2832 852 αύτῷ
2859 783 3131 854 προϐῆναι
3149 787 3243 836 τὸν
3279 783 3461 850 φόνον.
3483 782 3718 834 Ἔπειτα

2139 871 2337 942 μικροῦ
2405 872 2766 942 παρελθόντος
2793 875 3014 944 χρόνου,
3080 874 3191 926 τῶν
3233 873 3498 943 βασιλέων
3554 871 3720 939 δῆθεν

2134 961 2279 1014 οὕτω
2311 963 2637 1033 κρινάντων,
2665 965 2883 1034 ἀνίησιν
2907 966 3108 1028 αὐτοὺς
3136 966 3244 1018 τῶν
3274 965 3516 1034 δεσμῶν.
3560 963 3720 1016 Οὕτω

2135 1052 2403 1116 Φίλιππος
2433 1054 2716 1120 ἐτελεύτα,
2757 1056 2972 1126 ἡμέρας
2997 1060 3150 1127 τρεῖς
3194 1057 3332 1126 μετὰ
3371 1057 3471 1124 τὴν
3504 1054 3721 1124 πληγὴν

2138 1144 2422 1214 ἐπιζήσας.
2481 1147 2751 1216 Τυγχὰνει
2776 1149 2832 1201 δὲ
2862 1152 3046 1219 ταφῆς
3082 1150 3216 1202 εἴσω
3253 1147 3355 1217 τῆς
3384 1147 3593 1209 πόλεως
3625 1150 3718 1214 ἐγ-

2136 1234 2234 1302 γύς
2266 1252 2367 1288 που
2397 1235 2491 1290 τοῦ
2521 1237 2866 1307 καλουμένου
2908 1240 3094 1302 ’Ῑσίου,
3126 1239 3262 1293 ὅπου
3291 1238 3477 1303 αὐτὸς,
3509 1235 3720 1309 περιὼν

2137 1325 2238 1392 ἔτι,
2263 1321 2428 1379 οἷκον·
2449 1327 2594 1398 ἱερὸν
2628 1326 3011 1400 ᾠκοδόμησεν.

2209 1519 2333 1570 KZ'.
2361 1513 2592 1580 Εὐγενία
2640 1514 2698 1566 δὲ
2726 1514 2865 1583 μετὰ
2912 1513 3004 1568 τὸν
3029 1514 3451 1584 ἀναγνωρισμδν
3500 1517 3720 1587 σύναμα

2138 1609 2232 1662 καὶ
2261 1607 2449 1669 ἄλλαις
2477 1604 2769 1675 παρθένοις
2803 1606 3030 1673 ἁγνείας
3062 1623 3125 1658 τε
3159 1607 3258 1659 καὶ
3280 1607 3376 1660 τοῦ
3411 1609 3552 1662 κατὰ
3584 1611 3722 1680 Χρι-

2137 1700 2262 1754 στὸν
2290 1700 2468 1770 εἴχετο
2493 1699 2631 1768 βίου.
2679 1698 2746 1750 Ἦ
2775 1698 2832 1751 δέ
2854 1716 2916 1760 γε
2959 1699 3208 1770 μακαρία
3231 1700 3496 1764 Κλαυδία,
3529 1702 3597 1771 ἣν
3621 1703 3721 1754 Φι-

2135 1792 2338 1845 λίππου
2375 1791 2477 1862 μὲν
2517 1790 2784 1860 γαμετὴν,
2849 1789 3118 1858 Εύγενίας
3163 1789 3222 1843 δὲ
3263 1791 3476 1860 μητέρα
3504 1794 3532 1845 ὀ
3563 1792 3722 1860 λόγος

2137 1883 2348 1954 φθάσας
2403 1883 2666 1953 ἐδήλωσε,
2723 1883 2819 1936 καὶ
2861 1882 3047 1952 ἕτερον
3111 1878 3262 1936 οἷκον
3317 1885 3399 1947 είς
3452 1884 3722 1954 ὑποδοχὴν

2137 1979 2304 2045 ξένων
2340 1977 2417 2046 τῷ
2446 1977 2550 2029 ὑπὸ
2573 1974 2668 2028 τοῦ
2699 1975 2892 2046 ἀνδρὸς
2920 1975 3022 2047 ἤδη
3057 1976 3335 2046 γενομένῳ
3380 1977 3724 2046 προσῳκοὸόο

2139 2087 2303 2141 μησε,
2368 2069 2571 2138 πλῆθος
2615 2070 2674 2122 ἐν
2725 2067 2872 2138 αύτῷ
2905 2069 3206 2138 χρημάτων
3261 2068 3616 2138 ἁφιερὼσασα
3645 2069 3723 2132 είς

2136 2160 2404 2232 χορηγίαν
2449 2162 2558 2214 τῶν
2594 2159 2986 2231 προσηκόντων
3033 2158 3474 2229 ὲπιξενουμένοις
3531 2161 3722 2226 ἐπιτη-

2133 2254 2311 2308 δείων.
2352 2252 2514 2306 Ἀλλὰ
2544 2252 2718 2307 ταῦτα
2747 2252 2847 2322 μὲν
2869 2249 3036 2316 οὕτω,
3071 2252 3166 2305 καὶ
3189 2251 3448 2322 τοιαύτην
3488 2250 3724 2319 Εὖγενία

2135 2347 2196 2400 τὸ
2234 2346 2397 2416 μέχρι
2425 2343 2582 2397 τοῦδε
2627 2344 2727 2415 τὴν
2757 2343 2888 2413 περὶ
2913 2344 3004 2398 τὸν
3048 2343 3161 2413 βίον
3189 2342 3345 2415 ἔσχεν
3381 2344 3718 2412 οἰκονομίαν.

2137 2438 2396 2492 Βούλεται
2429 2437 2485 2490 δὲ
2511 2440 2540 2491 ὁ
2565 2436 2724 2505 λόγος
2751 2437 2846 2491 καὶ
2874 2436 3257 2508 λαμπρότερον
3287 2437 3424 2505 αὐτῇ
3455 2437 3722 2501 ἐπιδεῖξαι

2136 2528 2196 2581 τὸ
2230 2528 2383 2592 τέλος
2413 2526 2508 2581 ἅτε
2538 2527 2632 2579 καὶ
2665 2525 2989 2596 μαρτυρικῷ
3018 2524 3270 2594 στεφάνῳ
3308 2523 3717 2592 δεδοξασμένον.

2136 2619 2328 2690 Χρόνῳ
2348 2619 2455 2689 γὰρ
2479 2618 2708 2686 ὕστερον
2731 2618 2871 2688 μετὰ
2900 2617 3158 2686 τελευτὴν
3181 2615 3446 2669 Φιλίππου
3467 2617 3499 2684 ἡ
3525 2616 3719 2669 σύνευ-

2137 2729 2227 2774 νος
2263 2711 2508 2765 Κλαυδία
2563 2711 2690 2772 τοὺς
2751 2709 2951 2771 παῖδας
3014 2707 3432 2779 παραλαϐοῦσα,
3502 2707 3722 2762 Ἀὄίτιν

2139 2802 2283 2872 φημὶ
2307 2801 2400 2855 καὶ
2432 2800 2678 2870 Σέργιον,
2711 2799 2848 2869 πρδς
2875 2799 2933 2852 δὲ
2961 2801 3055 2852 καὶ
3085 2799 3185 2870 τὴν
3208 2791 3491 2868 Εὗγενίαν,
3512 2801 3595 2863 είς
3621 2799 3723 2870 τὴν

2142 2894 2389 2965 μεγάλην
2421 2893 2672 2947 ἐπάνεισι
2719 2891 2968 2962 Ῥώμην.
2994 2892 3104 2945 Καὶ
3132 2893 3164 2962 η
3196 2891 3396 2960 πατρὶς
3427 2891 3526 2961 μὲν
3550 2891 3723 2959 αὐτὴν

2139 2988 2384 3056 εὐμενῶς
2405 2986 2642 3056 δέχεται,
2678 2985 2773 3038 καὶ
2801 2986 2835 3052 ἠ
2885 2983 2995 3038 τῶν
3053 2984 3344 3054 Ῥωμαίων
3383 2983 3547 3055 βουλὴ
3583 2983 3724 3053 πρὸς

2135 3077 2311 3148 ἀρχὰς
2351 3077 2655 3144 ἔπισήμους
2704 3074 2834 3139 τοὺς
2892 3075 3090 3138 παῖδας
3145 3075 3463 3145 χειροτονεῖ,
3499 3073 3725 3128 Ἀὄίταν

2143 3168 2241 3238 μὲν
2279 3169 2381 3237 τῆς
2415 3166 2778 3236 Καρθαγένης
2814 3164 3128 3220 ἀνθύπατον
3150 3205 3166 3226 ,
3219 3165 3320 3235 τῆς
3367 3166 3636 3236 Ἀφρικῆς
3667 3166 3724 3220 δι

2134 3259 2229 3312 τὸν
2256 3258 2478 3327 Σέργιον
2507 3257 2814 3324 ούῖκάριονο
2841 3257 3077 3328 Εύγενίᾳ
3103 3255 3160 3308 δὲ
3193 3256 3354 3325 ἤρκει
3379 3255 3534 3309 τοῦτο
3559 3255 3722 3324 μόνον

2136 3349 2357 3418 ἀξίωμα
2383 3348 2442 3400 τὸ
2473 3348 2692 3400 πάντων
2728 3348 2934 3416 μεῖζον,
2961 3349 2994 3416 ἠ
3027 3347 3216 3416 ἀρετὴ,
3261 3347 3354 3401 καὶ
3381 3347 3442 3400 τὸ
3474 3347 3580 3401 ὑπὸ
3602 3347 3723 3417 Θεῷ

2139 3441 2260 3510 ζῇν,
2287 3440 2382 3492 καὶ
2411 3439 2578 3501 ἄλλοις
2595 3437 2704 3491 τῶν
2732 3438 2833 3504 τῆς
2861 3437 3052 3509 βουλῆς
3083 3438 3405 3508 θυγατέρων
3429 3440 3574 3508 ἔχειν
3601 3439 3732 3509 μεθ’,
3773 3479 3780 3484 .

2136 3532 2336 3601 ἑαυτῆς
2357 3530 2448 3584 τοῦ
2482 3531 2600 3583 [σου
2629 3530 2794 3599 ζήλου
2825 3531 2921 3584 καὶ
2950 3532 3044 3584 τοῦ
3077 3531 3282 3586 σκοποῦ
3316 3532 3724 3603 μεταποιουμέ-

2139 3643 2258 3688 νας.
2291 3625 2379 3678 Ἐν
2399 3621 2486 3686 αἷς
2508 3625 2601 3678 καὶ¹
2625 3623 2726 3694 μία
2747 3641 2829 3686 τις
2859 3621 2928 3694 ἦν
2949 3624 3131 3694 πολλῷ
3147 3625 3255 3678 τῶν
3289 3624 3494 3680 λοιπῶν
3515 3628 3724 3691 διενεγ-

2137 3717 2336 3783 κοῦσα,
2373 3719 2406 3786 ἡ
2443 3716 2733 3787 θαυμαστὴ
2783 3717 2860 3786 τῷ
2903 3717 3017 3770 δντι
3051 3717 3311 3780 Βασίλλα,
3345 3719 3411 3771 ὲκ
3440 3717 3722 3789 βασιλικοῦ

2134 3807 2231 3860 τοῦ
2262 3809 2454 3876 γένους
2485 3808 2861 3877 καταγομένη,
2894 3808 3019 3877 ἥτις
3063 3809 3158 3862 καὶ
3194 3809 3593 3880 παραπλησίως
3620 3811 3726 3862 Εὑ-

2136 3898 2294 3969 γενίᾳ
2319 3898 2634 3967 διέλαμψεν,
2685 3899 2760 3963 ὡς
2812 3899 3013 3952 αὐτίκα
3069 3899 3390 3968 ῥηθήσεται.
3431 3899 3582 3969 Αὕτη
3613 3902 3725 3972 γὰρ

2137 3987 2374 4059 Χριστόν
2395 4005 2453 4040 τε
2476 3987 2570 4040 καὶ
2590 3987 2658 4041 τὰ
2680 3987 2770 4039 τοῦ
2791 3986 3029 4056 Χριστοῦ
3056 3986 3308 4056 θαύματα
3330 3987 3724 4055 παραλαϐοῦσα

2135 4081 2201 4134 δι’
2229 4081 2420 4143 ἀκοῆς,
2451 4080 2511 4132 ού
2546 4077 2652 4149 μὴν
2680 4078 2821 4132 ἀλλὰ
2851 4079 2943 4132 καὶ
2978 4079 3107 4148 περὶ
3133 4079 3394 4147 Εὑγενίας
3419 4078 3721 4142 ἀκούσασα,

2136 4172 2231 4226 τοῦ
2257 4173 2458 4234 παντὸς
2491 4171 2592 4241 μὲν
2627 4171 2780 4243 ἠξίου
2811 4172 2872 4225 τὸ
2921 4173 3075 4242 παρὰ
3107 4171 3312 4243 ταύτην
3341 4170 3598 4242 φοιτῆσαι
3629 4171 3725 4226 καὶ

2137 4265 2247 4318 τῶν
2281 4264 2440 4318 θείων
2481 4263 2660 4332 λόγων
2683 4263 2858 4335 αὐτῆς
2893 4265 3206 4334 μετασχεῖν.

2212 4447 2348 4503 KII'.
2379 4447 2581 4502 Τούτου
2628 4449 2685 4502 δὲ
2721 4449 3019 4519 εἰργομένη
3073 4448 3165 4502 διά
3206 4463 3266 4501 τε
3296 4445 3388 4498 τὸν
3413 4445 3721 4516 μνηστῆρα,

2143 4540 2414 4611 Πομπηίῳ
2446 4541 2553 4610 γὰρ
2591 4541 2984 4611 ἐμνηστεύετο,
3012 4541 3102 4594 δια
3127 4558 3186 4593 τε
3219 4538 3312 4594 τὸν
3339 4539 3608 4609 διωγμὸν,
3624 4537 3725 4608 ἢδη

2143 4632 2250 4703 γὰρ
2282 4633 2626 4702 Χριστιανοῖς
2656 4633 2948 4702 ἀνήπτετο,
2996 4633 3165 4702 ἄνδρα
3187 4633 3307 4686 τινὰ
3333 4634 3525 4686 πιστὸν
3559 4633 3730 4702 πορθ-

2145 4723 2252 4792 μέα
2304 4723 2413 4777 τῶν
2438 4725 2614 4792 λόγων
2645 4725 2914 4795 εὑρίσκει,
2943 4725 3037 4778 καὶ
3092 4725 3159 4778 δι’
3205 4723 3371 4777 αὑτοῦ
3431 4725 3729 4793 πέμπουσα

2142 4818 2242 4869 οὐκ
2275 4817 2414 4870 ἀνίει
2462 4816 2633 4870 πολλὰ
2677 4817 2908 4887 δεομένη
2955 4817 3054 4887 τῆς
3105 4815 3371 4884 Εύγενίας
3403 4817 3731 4887 γράμμασιν

2144 4909 2282 4980 αὐτῇ
2317 4910 2493 4962 πάντα
2512 4909 2580 4963 τὰ
2613 4911 2740 4979 περὶ
2774 4910 2871 4978 τῆς
2895 4910 3045 4973 θείας
3080 4909 3315 4971 πίστεως
3352 4909 3611 4979 γνώριμα
3642 4906 3733 4960 θέ-

2147 5001 2288 5055 σθαι.
2335 5002 2400 5054 Ἠ
2431 5002 2487 5054 δὲ
2537 5001 2722 5066 καλῶς
2775 5003 2954 5056 εἰδυῖα
2987 5002 3112 5056 ὅσον
3142 5002 3201 5055 τὸ
3251 5001 3572 5066 ὲξαλλάττον
3611 4999 3730 5052 ἐστὶ

2147 5095 2364 5162 γραφῆς
2401 5097 2494 5146 καὶ
2536 5095 2744 5163 φωνῆς,
2795 5096 2893 5147 καὶ
2924 5095 3005 5148 ὅτι
3034 5095 3134 5165 οὐχ
3184 5094 3384 5164 ὁμοίως
3409 5092 3474 5146 ἄν
3495 5108 3577 5154 τις
3614 5089 3735 5146 πεί-

2149 5203 2292 5240 σειεν
2323 5187 2353 5254 ἢ
2380 5187 2641 5250 διδάξειεν
2661 5186 2995 5240 ἐπιστέλλων
3026 5186 3059 5256 ἢ
3095 5186 3224 5256 περὶ
3252 5183 3592 5256 τηλικούτων
3613 5181 3734 5238 δια·

2146 5279 2468 5348 λεγόμενος,
2508 5279 2630 5330 ἐπεὶ
2658 5279 2753 5331 καὶ
2783 5278 2842 5330 τὸ
2875 5279 3039 5348 μέσον
3081 5277 3344 5347 ἐμψύχων
3383 5276 3563 5345 λόγων
3593 5275 3729 5332 πολὺ

2148 5377 2244 5430 καὶ
2273 5374 2479 5445 ἀψύχου
2503 5375 2597 5428 καὶ
2625 5376 2825 5445 νεκρᾶς
2853 5375 3217 5442 εἰσηγήσεως,
3248 5371 3444 5443 βουλὴν
3477 5369 3731 5441 βουλεύε-

2150 5485 2239 5521 ται
2266 5467 2489 5534 συνετὴν
2539 5465 2674 5535 ὀμοῦ
2707 5467 2798 5519 καὶ
2832 5467 3106 5536 νεανικήν.
3164 5465 3410 5518 Πείσασα
3458 5461 3566 5532 γὰρ
3605 5460 3731 5521 τοὶς

2152 5559 2283 5627 περὶ
2313 5559 2540 5628 Πρωτᾶν
2571 5556 2663 5609 καὶ
2702 5556 2990 5609 Ὑάκινθον
3023 5555 3211 5626 σλῆμα
3241 5554 3486 5610 δουλικὸν
3533 5550 3733 5604 ύποὸὗ-

2151 5669 2258 5707 ναι.
2283 5648 2452 5708 δῶρον
2489 5648 2682 5707 αὐτοὺς
2710 5651 2776 5707 τῆ
2807 5648 3043 5707 Basili:
3066 5648 3343 5710 ἐκπέμπει
3378 5645 3552 5700 altth
3585 5638 3738 5714 γενέ-
