4122 6380
523 369 630 434 643

1579 352 1618 366 ”
1725 359 2010 421 MENSIS
2057 355 2493 420 DECEMBER.

3675 353 3786 417 hii

521 482 745 554 quidem
784 477 1158 549 inpraesentia
1213 476 1630 548 disiunguntur,
1672 472 1845 526 altera
1871 470 2087 525 deside-

2206 483 2260 520 rat
2321 467 2558 536 δάκρυα,
2617 467 2806 536 ὥσπερ
2873 457 2975 520 aint
3031 464 3383 539 ἀνεχομένων
3444 466 3638 530 αὑταῖς
3679 468 3790 520 τῶν

518 579 606 632 rio
647 573 897 635 alterius,
934 570 1158 626 crebras
1185 584 1249 625 ex
1304 569 1482 624 oculis
1524 567 1794 636 lacrymas
1832 565 2094 616 emitten-

520 676 629 733 tes,
663 675 854 737 utpote
883 665 1032 735 quod
1066 665 1215 720 ferre
1265 679 1378 718 non
1433 668 1661 732 possent
1693 658 1838 712 oculi
1870 672 1965 712 eas
2003 671 2093 711 se-

517 757 699 829 parari
733 772 762 810 a
787 755 872 811 sui
897 757 1138 811 invicem
1181 755 1521 824 spectaculo.

589 848 757 904 XXX.
796 849 932 904 Cum
969 856 1154 903 autem
1196 847 1360 902 linem
1398 846 1652 915 accipere
1719 849 2003 914 oporteret
2028 856 2093 895 ea

519 959 641 1013 quae
675 942 742 997 de
774 941 910 1012 ipsis
946 943 1208 1012 praedicta
1238 940 1462 996 fuerant
1493 954 1522 993 a
1577 937 1830 1001 Domino,
1864 937 1932 990 de
1989 936 2093 989 Ba-

519 1035 641 1090 silla
677 1035 902 1105 quidem
935 1035 1074 1089 dixit
1115 1033 1376 1103 Pompeio
1405 1049 1512 1087 una
1546 1047 1612 1086 ex
1653 1030 1720 1084 iis
1750 1045 1872 1100 qua:
1919 1029 2093 1098 ipsam

520 1129 921 1199 sequebantur,
975 1127 1215 1188 ancillis,
1278 1126 1426 1196 quod
1492 1125 1596 1178 nisi
1626 1123 1776 1177 omni
1824 1121 2010 1177 studio
2039 1130 2096 1175 et

519 1234 686 1272 manu
747 1219 900 1288 regia
952 1218 1060 1272 sibi
1116 1217 1444 1288 desponsam
1490 1213 1767 1278 Basiliam,
1825 1227 1947 1280 qua:
1981 1213 2092 1276 jam

519 1321 642 1366 erat
692 1311 924 1374 nubilis,
997 1309 1222 1364 domum
1281 1309 1521 1371 duxerit,
1577 1322 1686 1360 non
1740 1304 1976 1374 amplius
2037 1304 2092 1357 in

521 1412 803 1473 posterum
832 1417 952 1456 eam
983 1400 1482 1454 habebituxorem.
1519 1398 1672 1452 Scias
1691 1397 1861 1460 enim,
1892 1396 2090 1464 inquit,

522 1511 642 1548 eam
664 1493 866 1548 factam
891 1507 1016 1546 esse
1049 1490 1422 1545 Christianam
1449 1484 2094 1555 scrmonibusEugenim,

521 1598 754 1654 eamque
814 1598 926 1636 non
982 1581 1162 1636 solum
1197 1581 1576 1644 matrimonio,
1619 1578 1714 1634 sed
1761 1578 1928 1632 etiam
1994 1576 2092 1631 toti

520 1675 730 1735 mundo
763 1675 1104 1731 renuntiare.
1135 1675 1211 1729 Ea
1243 1675 1310 1730 de
1341 1689 1506 1729 causa
1536 1673 1654 1744 eius
1684 1685 1904 1740 quoque
1945 1680 2095 1724 tuto-

452 1769 453 1772 “
520 1785 638 1826 rem
672 1769 942 1824 Helenum
968 1767 1195 1823 differre
1225 1767 1471 1838 nuptias,
1502 1766 1596 1836 qui
1620 1775 1705 1820 est
1731 1765 1850 1834 ipse
1875 1777 2095 1834 quoque

519 1862 892 1923 Christianus,
931 1870 986 1916 et
1017 1861 1263 1932 ejusdem
1297 1860 1559 1915 instituti.
1593 1856 1904 1924 Quinetiam
1930 1869 2091 1925 quos,

521 1954 728 2025 inquit,
760 1952 1054 2009 eunuchos
1078 1950 1326 2022 Eugenia
1361 1959 1618 2020 tanquam
1652 1963 1844 2004 servos
1876 1947 1942 2002 ad
1972 1959 2096 2000 eam

521 2046 696 2108 misit,
727 2045 763 2100 ii
803 2043 888 2098 vel
917 2043 1166 2097 omnium
1196 2040 1433 2095 maxime
1462 2049 1638 2094 artem
1664 2047 1947 2093 sectantur
1979 2050 2098 2089 ma-

522 2137 725 2209 gicam,
755 2145 810 2192 et
835 2136 915 2191 sic
947 2149 1070 2190 eam
1089 2133 1470 2196 ineantarunt,
1505 2141 1567 2187 ut
1599 2131 1840 2186 fateatur
1871 2123 2100 2185 senunc

521 2245 619 2286 eos
643 2231 852 2284 habere
887 2227 1165 2291 dominos,
1199 2235 1254 2281 et
1307 2241 1405 2281 eos
1438 2226 1620 2280 colere
1650 2233 1909 2294 tanquam
1967 2223 2101 2278 deos

525 2322 944 2380 immmortales.
999 2318 1136 2374 Cum
1171 2319 1315 2373 mala
1349 2318 1429 2371 sic
1464 2316 1662 2371 ancilla
1712 2315 1972 2385 Pompeio
2014 2328 2102 2366 re-

524 2417 866 2478 nuntiasset,
907 2421 966 2469 et
990 2412 1238 2482 linguam
1273 2409 1495 2464 diabolo
1524 2417 1714 2478 aperte
1759 2408 2096 2470 tradidisset,

525 2517 582 2564 et
642 2507 760 2561 hac
799 2505 983 2560 locuta
1056 2511 1206 2557 esset
1259 2502 1528 2555 adversus
1589 2499 1954 2562 Christianos,
2019 2497 2102 2551 ira

527 2597 685 2653 valde
719 2596 822 2652 fuit
851 2607 1124 2651 accensus
1158 2591 1475 2662 Pompeius,
1514 2599 1569 2645 et
1622 2589 1888 2645 adversus
1936 2587 2102 2642 Hele-

528 2705 661 2746 num
714 2690 902 2762 gravia
965 2687 1186 2758 spirans
1246 2697 1334 2742 est
1398 2685 1696 2755 profectus.
1736 2684 1806 2738 Et
1859 2684 2101 2753 primum

527 2783 753 2854 quidem
778 2782 830 2837 ei
857 2781 970 2836 vim
1021 2778 1312 2844 aﬂerebat,
1353 2787 1416 2833 ut
1447 2778 1551 2833 sibi
1609 2778 1851 2848 puellam
1917 2791 2104 2831 OSlen-

527 2875 708 2943 deret,
737 2873 938 2929 deinde
958 2859 1126 2928 etiam
1167 2871 1478 2927 celebraret
1518 2870 1766 2940 nuptias,
1822 2867 1929 2923 nisi
1987 2870 2104 2938 ipse

528 2977 720 3038 aperte
759 2966 929 3022 vellet
954 2979 1079 3021 esse
1112 2963 1292 3019 hostis
1320 2963 1743 3032 imperatorum.
1803 2960 1930 3016 Haec
1978 2975 2103 3014 cum

529 3061 742 3115 diceret
775 3058 1095 3128 Pompeius,
1148 3061 1258 3109 non
1317 3054 1481 3109 latuit
1530 3053 1755 3124 quidem
1812 3052 2099 3117 Helenum,

530 3153 806 3207 uadcnam
831 3149 1078 3219 profecta
1105 3154 1254 3202 esset
1285 3145 1526 3216 proditio
1551 3163 1568 3212 ;
1597 3145 1896 3216 ingenuum
1918 3152 2103 3199 autem
2134 3177 2176 3236 ο

529 3253 585 3299 et
613 3245 822 3314 justum
862 3241 913 3296 ei
943 3240 1097 3295 dedit
1141 3252 1503 3308 responsum:
1539 3237 1654 3307 Ego
1685 3252 1830 3300 sum,
1857 3235 1946 3291 cui
2005 3237 2105 3290 ob-

530 3335 675 3405 tigit,
699 3333 909 3396 dicens,
933 3330 1134 3400 puellae
1163 3330 1354 3392 tutela,
1387 3343 1512 3398 quae
1534 3327 1715 3384 donec
1741 3329 1964 3398 quidem
1995 3329 2104 3382 im-

531 3426 708 3495 pubes
748 3424 870 3486 fuit,
905 3437 967 3478 ea
997 3430 1054 3476 et
1075 3435 1211 3474 ame
1237 3421 1510 3488 alebatur,
1540 3430 1596 3475 et
1619 3420 1841 3475 vivebat
1866 3430 1923 3475 ut
1953 3421 2099 3476 volev

528 3519 680 3574 bam.
708 3515 847 3572 Cum
888 3531 1021 3571 vero
1051 3521 1163 3586 jam
1191 3512 1258 3566 ad
1288 3513 1505 3584 plenam
1542 3515 1860 3584 pervenerit
1887 3522 2106 3568 aetatem

528 3622 585 3667 et
608 3613 720 3681 jam
754 3619 972 3679 tempus
995 3608 1274 3678 acceperit
1311 3607 1642 3676 legitimum,
1689 3607 1804 3676 ipsa
1842 3623 1953 3662 non
1990 3622 2108 3660 am-

530 3703 679 3773 plius
715 3717 891 3756 meam
924 3709 1189 3770 sequetur
1241 3699 1608 3763 voluntatem,
1676 3699 1773 3754 sed
1811 3713 1968 3754 suam
2022 3714 2120 3771 se-V

529 3810 708 3866 quens
735 3795 1092 3857 sententiam,
1131 3793 1298 3849 faciet
1333 3793 1386 3848 id
1441 3794 1588 3863 quod
1621 3793 1794 3848 volet.

602 3887 1118 3960 XXXI.Postquam
1161 3889 1267 3944 hoc
1296 3903 1626 3959 responsum
1674 3885 1889 3956 accepit
1947 3886 2108 3940 Pom-

529 3982 710 4052 peius,
743 3981 812 4037 ad
853 3980 1069 4038 Basillae
1097 3981 1248 4036 mdes
1289 3982 1544 4051 protinus
1597 3989 1682 4036 est
1711 3978 2014 4050 profectus,
2050 3986 2107 4032 et

529 4073 748 4145 pulsato
774 4075 938 4134 ostio.
961 4074 1188 4148 janitori
1213 4073 1530 4143 imperavit,
1561 4083 1620 4127 ut
1645 4071 1695 4128 ei
1725 4072 2104 4127 annuntiarct.

529 4169 624 4222 llla
665 4179 850 4223 autem
884 4169 1086 4224 sensim
1122 4181 1250 4223 eum
1314 4166 1518 4236 repulit
1571 4182 1668 4236 per
1713 4181 1970 4236 puerum,
2026 4163 2110 4218 di-

530 4277 663 4316 cens
697 4262 842 4316 nihil
873 4277 995 4316 esse
1040 4274 1333 4317 commune
1365 4259 1580 4313 Basillre
1639 4274 1764 4313 cum
1822 4257 2106 4327 Pompeio,

531 4357 626 4410 sed
659 4371 840 4424 neque
895 4356 1016 4425 ejus
1074 4355 1377 4409 adventum
1431 4352 1660 4408 omnino
1691 4353 1852 4422 culpa
1891 4346 2107 4405 carere.

531 4449 819 4515 Quomodo
872 4447 1045 4511 enim,
1103 4447 1198 4515 qui
1239 4445 1308 4500 ad
1363 4444 1634 4514 virginem
1673 4443 1991 4505 accesserit,
2052 4448 2106 4494 et

2195 556 2376 628 ὄψεων
2404 562 2503 629 τῆς
2541 557 2790 628 ἀλλήλων
2817 559 3130 629 ἀποστῆναι
3155 559 3309 625 θέας.

2267 843 2350 897 A'.
2392 840 2546 895 Ἐπεὶ
2579 840 2635 894 δὲ
2664 839 2773 895 ἔδει
2807 840 2902 894 καὶ
2948 841 3127 913 πέρας
3149 839 3294 908 ἕξειν
3322 840 3390 894 τὰ
3412 839 3518 894 ύπδ
3543 838 3642 894 τοῦ
3682 843 3796 895 Κυ-

2201 935 2318 1005 ρίου
2353 936 2484 1005 περὶ
2518 933 2702 988 αὐτῶν
2736 934 3221 1004 προηγορευμένα,
3257 933 3358 1004 τῆς
3391 935 3488 1004 μὲν
3522 933 3794 998 Barcina;

2198 1029 2425 1080 κατεῖπε
2452 1026 2587 1096 πρὸς
2613 1027 2704 1079 τὸν
2728 1028 3018 1098 Πομπήϊον
3046 1027 3145 1096 μία
3170 1045 3256 1089 τις
3287 1027 3396 1082 τῶν
3429 1028 3792 1096 ἑφεπομένων

2198 1119 2336 1188 αὐτῇ
2366 1119 2670 1172 παιδισκῶν
2692 1133 2706 1150 ο
2746 1116 2821 1181 ὡς
2856 1119 3006 1188 εἰμὴ
3039 1119 3246 1188 σπουδῇ
3300 1121 3451 1188 πάσῃ
3502 1118 3599 1172 καὶ
3640 1117 3794 1187 βασι-

2197 1213 2328 1280 λείῳ
2357 1213 2501 1282 χειρὶ
2527 1211 2627 1280 τὴν
2647 1211 3089 1280 μνηστευθεῖσαν
3116 1211 3266 1279 αύτῷ
3283 1209 3555 1263 Βασίλλαν
3582 1209 3795 1277 ὡραίαν

2199 1305 2299 1374 ἤδη
2324 1305 2504 1372 γάμου
2539 1303 2923 1373 γεγενημένην
2960 1303 3098 1373 πρὸς
3137 1301 3230 1355 τὸν
3277 1297 3428 1355 οἷκον
3483 1302 3789 1370 ἀγάγηται,

2197 1395 2381 1447 ούκέτι
2411 1396 2471 1448 τὸ
2503 1395 2643 1465 μετὰ
2672 1394 2846 1449 ταῦτα
2877 1397 3114 1464 γυναῖκα
3162 1394 3260 1463 τὴν
3292 1394 3599 1464 εἰρημένην
3632 1394 3744 1460 ἕξει
3774 1409 3790 1424 ⁸

2198 1487 2535 1558 Χριστιανήν
2586 1504 2646 1539 τε
2687 1486 2795 1558 γὰρ
2833 1487 2962 1552 εσθι,
3003 1488 3158 1558 φησὶ,
3204 1488 3318 1550 τοῖς
3372 1486 3471 1557 τῆς
3522 1487 3792 1551 Εὖγενίας

2199 1579 2532 1649 γεγενῆσθαι
2592 1580 2798 1648 λόγοις,
2832 1581 2930 1633 καὶ
2978 1583 3038 1633 ού
3085 1581 3251 1651 γάμῳ
3289 1581 3472 1650 μόνον,
3525 1578 3663 1632 ἀλλὰ
3695 1580 3789 1630 καὶ

2200 1673 2392 1742 κόσμῳ
2421 1672 2588 1724 παντὶ¹
2623 1671 3030 1725 ἀποτάττεσθαι
3059 1687 3072 1701 ·
3101 1671 3276 1724 ταῦτά
3315 1689 3395 1725 τοι
3428 1673 3522 1724 καὶ
3557 1673 3649 1723 τδν
3681 1673 3788 1724 πάο

2199 1780 2384 1835 τρωνα
2431 1763 2642 1832 ταύτης
2689 1764 2912 1818 Ἕλενον
2963 1763 3101 1834 πρὸς
3137 1765 3266 1827 τοὺς
3295 1764 3511 1832 γάμους
3568 1763 3790 1833 μέλλεν

2201 1857 2455 1910 κάκεῖνον
2503 1857 2834 1926 Χριστιανὸν
2889 1856 3023 1909 δντα
3083 1855 3178 1908 καὶ
3226 1854 3320 1908 τοῦ
3351 1854 3540 1925 ὁμοίου
3583 1853 3788 1906 σκοποῦ

2200 1949 2511 2018 γινόμενον.
2573 1949 2649 2003 Ού
2685 1948 2794 2019 μὴν
2818 1947 2958 2002 ἀλλὰ
2985 1949 3078 2002 καὶ
3105 1947 3220 2012 οὓς,
3257 1949 3448 2019 φησὶν,
3483 1949 3515 2017 ἢ
3553 1945 3788 2015 Εὐγενία

2201 2040 2492 2110 εὐνούχους
2519 2038 2596 2102 ὡς
2632 2039 2858 2104 δούλους
2886 2034 3032 2110 αὐτῇ
3057 2038 3378 2109 πέπομφεν,
3425 2030 3576 2091 οὗτοι
3606 2036 3664 2091 δὲ
3694 2037 3790 2089 καὶ

2203 2132 2423 2186 πάντων
2455 2131 2695 2204 μάλιστα
2737 2132 2839 2202 τῆς
2888 2132 3133 2202 μαγικῆς
3164 2130 3385 2202 ἔχονται
3424 2131 3644 2202 τέχνης,
3696 2131 3790 2183 καὶ

2201 2223 2345 2278 οὕτω
2401 2225 2611 2296 ταύτην
2666 2226 3111 2297 κατεγοήτευσαν
3139 2265 3153 2288 ,
3205 2222 3348 2278 ὥστε
3397 2221 3494 2277 νῦν
3523 2225 3791 2288 δεσπότας

2201 2319 2402 2384 αὐτοὺς
2438 2320 2584 2392 ἔχειν
2610 2320 2897 2391 ὁμολογεῖν
2930 2321 3028 2375 καὶ
3065 2321 3142 2384 ὡς
3171 2321 3479 2386 ἀθανάτους
3513 2319 3671 2384 θεοὺς
3703 2319 3794 2372 σί-

2203 2411 2417 2467 σεσθαι.
2450 2412 2608 2466 Οὕτω
2655 2413 2757 2481 τῆς
2783 2413 3031 2482 πονηρᾶς
3079 2411 3277 2482 δούλης
3313 2413 3589 2483 Πομπηΐῳ
3619 2427 3791 2480 προσ-

2203 2504 2545 2574 αγγειλάσης
2591 2503 2809 2573 ἀνήφθη
2849 2503 3058 2573 σφόδρα
3093 2503 3186 2558 τδν
3221 2503 3395 2574 θυμὸν
3426 2506 3454 2558 ὁ
3502 2504 3794 2575 Πομπήῖος

2203 2595 2302 2649 καὶ
2355 2597 2498 2648 κατὰ
2547 2595 2645 2648 τοῦ
2700 2595 2923 2649 Ἑλένου
2981 2595 3120 2665 βαρὺ
3172 2596 3353 2650 πνέων
3409 2593 3633 2667 ἐχώρει.
3682 2595 3794 2648 Καὶ

2205 2687 2403 2757 πρῶτα
2427 2687 2526 2757 μὲν
2550 2685 2819 2764 ἐπιδεῖξαι
2839 2687 2991 2753 αύτῷ
3005 2688 3105 2758 τὴν
3124 2687 3296 2758 κόρην
3322 2687 3574 2756 ἀνάγκην
3593 2687 3791 2756 ἐπῆγε,

2206 2774 2328 2833 εἶτα
2359 2781 2453 2833 καὶ
2483 2779 2608 2842 τοὺς
2639 2773 3145 2850 γάμουςτελέσαι,
3177 2781 3230 2834 εί
3255 2797 3322 2851 γι
3352 2780 3428 2851 μὴ
3460 2779 3643 2842 αὐτὸς,
3682 2795 3794 2848 φη·

2209 2876 2315 2939 σἰν,
2353 2873 2552 2944 ἐχθρὸς
2581 2866 2724 2926 εἶναι
2757 2873 2869 2926 τῶν
2898 2873 3321 2945 αὐτοκρατόρων
3379 2871 3617 2942 φανερὸς
3669 2869 3796 2940 βούο

2205 2968 2370 3020 λοιτο.
2397 2966 2582 3019 Ταῦτα
2604 2966 2698 3019 τοῦ
2747 2967 3038 3036 Πομπηΐου
3084 2965 3343 3035 λέγοντος
3372 2967 3473 3019 ούκ
3501 2964 3659 3018 ἔλαθε
3692 2963 3794 3032 μὲν

2206 3060 2296 3113 τὸν
2325 3059 2548 3112 Ἕλενον
2573 3059 2698 3113 ὅθεν
2731 3062 2762 3129 ὴ
2796 3059 3082 3131 προδοσία,
3105 3058 3398 3131 ἐλευθέραν
3429 3059 3485 3113 δὲ
3517 3061 3666 3128 ὅμως
3696 3057 3793 3110 καὶ

2207 3151 2423 3206 δικαίαν
2450 3150 2550 3222 τὴν
2583 3150 2880 3220 ἀπόκρισιν
2913 3151 3233 3221 ἐποιήσατο,
3268 3149 3433 3219 Ἐγὼ,
3466 3149 3665 3218 λέγων,
3689 3148 3793 3216 τῆς

2209 3243 2381 3314 κόρης
2412 3243 2798 3314 ἐπιτροπεύειν
2829 3244 3030 3315 λαχὼν,
3067 3246 3233 3315 μέχρι
3277 3244 3375 3312 μὲν
3407 3239 3477 3312 ἦν
3512 3245 3570 3294 ὲν
3605 3241 3794 3294 παισὶν

2209 3335 2304 3387 ὑπ’
2333 3335 2458 3406 ἐμοί
2482 3354 2542 3390 τε
2578 3337 2928 3407 τρεφομένην
2957 3333 3106 3406 εἶχον
3135 3337 3231 3390 καὶ
3276 3336 3541 3407 θελήματι
3569 3333 3645 3404 τῷ
3674 3333 3791 3405 ὲμῷ

2207 3425 2428 3489 ζῶσανο
2465 3428 2586 3480 ὲπεὶ
2619 3428 2676 3481 δὲ
2717 3428 2937 3498 ἡλικίας
2973 3429 3170 3500 ἐπέϐη,
3201 3432 3294 3484 καὶ
3333 3429 3527 3500 χρόνον
3564 3428 3664 3500 ἤδη
3697 3426 3790 3478 τὸν

2211 3521 2437 3590 ἔννομον
2466 3521 2789 3591 ἀπειλήφει,
2820 3522 3007 3575 οὐκέτι
3050 3521 3322 3591 θελήματι
3355 3519 3432 3590 τῷ
3485 3520 3603 3590 ὲμῷ
3647 3518 3790 3592 αὕτη

2207 3614 2426 3678 ἕπεται,
2462 3613 2599 3668 ἀλλὰ
2633 3617 2831 3690 γνώμῃ
2855 3619 2921 3689 τῇ
2951 3615 3058 3688 ίδίᾳ
3100 3613 3391 3687 στοιχοῦσα
3425 3615 3570 3678 ὅπως
3603 3613 3668 3670 ἂν
3697 3614 3793 3667 καὶ

2210 3705 2455 3776 βούλοιτο
2485 3707 2590 3780 δρᾷ
2608 3746 2623 3762 .
2642 3747 2658 3765 .
2678 3745 2692 3761 .
2720 3746 2736 3764 .

2282 3891 2411 3945 AA'.
2453 3891 2672 3961 Ταύτην
2707 3891 2828 3944 ἐπεὶ
2860 3892 3148 3963 Πομπήϊος
3179 3890 3398 3956 ἐδέξατο
3423 3891 3524 3962 τὴν
3551 3891 3790 3964 ἀπόκρι-

2211 4001 2318 4050 σιν,
2343 3987 2480 4056 πρδς
2513 3984 2611 4056 τὴν
2646 3986 2746 4055 τῆς
2777 3985 3046 4050 Blesilla;
3067 3985 3248 4038 οἰκίαν
3274 3985 3621 4057 παραχρῆμα
3655 3985 3790 4057 ἐχώ-

2213 4095 2316 4148 ρει,
2348 4079 2444 4132 καὶ
2477 4078 2651 4147 κόψας
2675 4079 2776 4149 τὴν
2805 4079 2977 4147 θύραν
3005 4078 3082 4148 τῷ
3116 4079 3349 4151 θυρωρῷ
3375 4080 3594 4132 ἐκέλευε
3623 4097 3791 4148 προσ-

2210 4169 2524 4235 αγγῇιλειν.
2567 4169 2630 4220 'll
2663 4169 2721 4221 δὲ
2761 4169 2946 4239 ἡρέμα
2972 4168 3059 4221 διὰ
3091 4168 3184 4221 τοῦ
3221 4168 3410 4232 παιδος
3441 4170 3607 4222 αὑτὸν
3641 4172 3791 4222 ἀπω-

2211 4259 2354 4312 eam
2383 4259 2551 4329 μηδὲν
2583 4255 2721 4312 εἶναι
2764 4260 2940 4313 κοινὸν
2970 4260 3207 4329 λέγουσα
3233 4261 3471 4333 Basili;
3513 4265 3606 4316 καὶ
3642 4263 3794 4331 Πομ-

2211 4349 2381 4420 πηΐῳ,
2417 4351 2554 4404 ἀλλὰ
2585 4352 2691 4422 μὴν
2718 4353 2840 4406 οὐδὲ
2889 4354 3060 4426 αὐτὴν
3104 4353 3242 4418 ὅλως
3295 4355 3391 4424 τὴν
3426 4356 3608 4424 ἄφιξιν
3643 4355 3791 4426 αύτῷ

2212 4439 2358 4511 ἔχειν
2389 4443 2716 4513 ἀμέμπτως.
2765 4447 2890 4511 Πῶς
2913 4449 3044 4518 γὰρ,
3075 4449 3132 4511 ὃς
3163 4465 3226 4514 γε
3275 4451 3500 4517 γυναικὶ
3534 4449 3792 4520 παρθένῳ

531 4556 654 4595 cum
696 4553 759 4592 ea
790 4553 1038 4592 seorsum
1071 4537 1221 4607 loqui
1260 4536 1478 4605 quzerit,
1516 4550 1678 4602 quam
1707 4532 2102 4604 propemodum

2213 4532 2418 4600 ἐπῆλθε
2450 4538 2542 4590 καὶ
2579 4537 2894 4601 ἰδιάζουσαν
2950 4539 3171 4610 ὁμιλίαν
3223 4541 3494 4610 ἐπιζητεῖ,
3544 4541 3665 4611 ἥτις
3705 4560 3794 4612 μι-

531 4647 600 4686 ne
631 4631 808 4685 oculis
838 4629 1062 4700 quidem
1097 4629 1212 4683 suis
1248 4628 1382 4682 licet
1416 4627 1676 4680 masculis
1733 4625 1982 4680 intueri?
2012 4623 2108 4680 llis

530 4723 716 4778 verbis
770 4722 957 4776 furore
1016 4719 1333 4776 concitatur
1397 4717 1714 4786 Pompeius,
1751 4724 1807 4770 ct
1865 4717 2104 4785 primum

531 4817 755 4887 quidem
797 4814 1036 4869 veniens
1093 4812 1148 4866 in
1188 4819 1465 4871 senatum,
1503 4824 1628 4864 eum
1685 4817 1861 4877 rogat.
1898 4807 2106 4862 Deinde

529 4923 654 4961 cum
696 4920 793 4960 eos
835 4905 1001 4960 ctiam
1057 4901 1468 4971 assumpsisset,
1538 4896 1708 4968 pedes
1757 4896 2106 4968 imperatoris

529 4999 828 5071 prehendit
879 5011 990 5051 non
1048 4996 1167 5050 sine
1197 4991 1474 5063 lacrymis,
1533 5000 1590 5044 ct
1640 5005 1800 5044 suum
1842 4999 2106 5056 tanquam

527 5106 824 5146 conuuune
875 5089 1113 5143 deﬂebat.
1162 5085 1549 5150 infortunium,
1609 5083 1714 5138 Pro
1755 5082 1912 5136 vobis
1947 5082 2101 5152 ipsis,

528 5184 740 5247 dicens,
777 5198 809 5236 ο
844 5180 1179 5236 divinissimi
1215 5177 1469 5248 Augusti,
1507 5189 1608 5245 pro
1646 5174 1805 5230 vobis
1841 5176 1973 5247 ipsis
2010 5193 2105 5231 cx-

526 5275 737 5344 surgite
773 5285 830 5329 ct
865 5273 1067 5328 vestris
1089 5272 1218 5336 diis,
1249 5280 1303 5324 et
1337 5284 1504 5340 quem
1534 5285 1601 5323 ex
1632 5265 1868 5338 Egypto
1899 5285 2110 5324 novum'

526 5368 697 5422 Deum
756 5383 903 5422 nunc
955 5365 1265 5420 introduxit
1306 5363 1570 5432 Eugenia,
1610 5377 1678 5417 ex
1734 5362 1872 5417 urbe
1919 5375 2101 5418 vestra

525 5462 809 5532 expellite.
846 5460 982 5514 Nam
1017 5461 1071 5513 in
1107 5459 1297 5514 multis
1331 5457 1558 5528 quidem
1591 5457 1755 5512 etiam
1784 5458 1906 5513 aliis
1947 5459 2101 5514 dant-

526 5570 658 5608 num
689 5556 932 5609 all‘eruut
968 5551 1294 5618 Christiani,
1357 5551 1660 5608 irridentes
1715 5553 2097 5623 imperatores,

525 5648 675 5717 leges
707 5647 1098 5718 despicientes,
1160 5649 1430 5719 benignos
1491 5657 1546 5704 et
1607 5657 1918 5703 servatores
1969 5649 2103 5703 deos

527 5747 787 5809 tanquam
823 5740 1006 5794 inania
1043 5741 1296 5812 quaedam
1346 5741 1656 5796 manufacta
1707 5751 2097 5810 conspuentes.

523 5831 681 5890 Nunc
719 5841 903 5888 autem
938 5831 1043 5887 hoc
1083 5845 1304 5903 quoque
1329 5832 1510 5889 scelus
1539 5832 1764 5904 impium
1803 5841 1886 5888 cst
1919 5832 1987 5888 ab
2016 5833 2097 5890 eis

2215 4626 2349 4698 κροῦ
2382 4629 2604 4684 πάντων
2651 4631 2953 4702 ὀφθαλμοῖς
3004 4633 3256 4705 ἀρρένων
3302 4635 3450 4686 ὲστίν
3478 4633 3791 4702 ἄψαυστοςς

2226 4720 2581 4792 Ἐκμαίνεται
2637 4726 2751 4786 τοῖς
2779 4726 3020 4795 ῥήμασιν
3052 4726 3080 4775 6
3132 4725 3440 4795 Πομπήϊος,
3470 4726 3565 4776 καὶ
3600 4725 3792 4796 πρῶτα

2219 4813 2317 4884 μὲν
2349 4818 2430 4878 είς
2457 4815 2556 4888 τὴν
2575 4816 2770 4890 βουλὴν
2793 4817 3104 4889 παρελθὼν,
3139 4817 3312 4870 ἐδεῖτο
3338 4818 3539 4888 ταύτης
3557 4833 3572 4848 ⁸
3600 4818 3792 4870 ἔπειτα

2215 4905 2312 4958 καὶ
2344 4908 2570 4972 τούτους
2606 4909 2945 4979 παραλαϐὼν
2975 4910 3084 4962 τῶν
3116 4909 3294 4962 ποδῶν
3323 4909 3418 4961 τοῦ
3462 4906 3795 4979 κρατοῦντος

2213 4998 2312 5052 ούκ
2347 5000 2588 5070 ἄδακρυς
2640 5002 2870 5072 ἥπτετο,
2907 5003 3000 5054 καὶ
3028 5000 3104 5064 ὥς
3146 5019 3198 5054 τι
3237 5002 3416 5054 κοινὸν
3445 5001 3703 5070 ἀτύχημα
3729 5000 3789 5052 τδ

2216 5091 2347 5145 εδιον
2373 5093 2708 5164 ὠλοφύρετο,
2745 5093 2921 5166 ’Υπὲρ
2947 5093 3101 5163 ὑμῶν
3124 5093 3326 5158 αὐτῶν,
3355 5094 3549 5162 λέγων,
3572 5088 3616 5148 ὦ
3647 5094 3792 5148 θειό-

2214 5201 2362 5239 τατοι
2401 5185 2724 5255 Αῠγουστοι,
2761 5185 2900 5258 ὑπὲρ
2928 5187 3080 5257 ὑμῶν
3111 5186 3290 5240 αύτῶν
3335 5187 3655 5258 διανάστητε
3694 5189 3787 5240 καὶ

2210 5279 2319 5332 τῶν
2347 5280 2631 5351 ὑμετέρων
2661 5279 2822 5344 θεῶν,
2844 5281 2937 5333 καὶ
2964 5280 3023 5332 ὃν
3050 5277 3108 5344 ἐξ
3127 5279 3404 5347 Αἰγύπτου
3436 5281 3532 5333 νῦν
3555 5281 3791 5348 Εύγενία

2213 5373 2585 5444 ἐπεισήγαγεν
2607 5373 2728 5426 νέον
2758 5371 2891 5426 Θεὸν
2912 5374 3011 5440 τῆς
3043 5373 3316 5444 ὑμετέρας
3349 5373 3554 5436 πόλεως
3588 5374 3798 5427 ἀπελά-

2213 5483 2362 5520 σατε.
2401 5466 2580 5520 Πολλὰ
2633 5466 2732 5538 μὲν
2765 5466 2875 5537 γὰρ
2925 5469 3022 5521 καὶ
3052 5467 3188 5522 ἄλλα
3228 5470 3339 5532 τοῖς
3369 5467 3664 5539 πράγμασι
3700 5469 3795 5522 λυ·
3840 5471 3844 5475 ’

2214 5559 2500 5630 μαίνονται
2533 5559 2860 5628 Χριστιανοὶ
2915 5557 3331 5627 καταγελῶντες
3373 5559 3662 5630 βασιλέων,
3693 5575 3796 5612 κα-

2209 5650 2606 5721 ταφρονοῦντες
2665 5652 2872 5722 νόμων,
2924 5652 3052 5715 τοὺς
3106 5652 3357 5723 εὐμενεῖς
3413 5653 3508 5707 καὶ
3543 5653 3797 5722 σωτῆρας

2212 5743 2368 5806 θεοὺς
2393 5743 2468 5806 ὠς
2504 5743 2712 5812 μάταιά
2734 5761 2857 5798 τινα
2884 5746 3244 5817 χειροποίητα
3266 5746 3650 5808 διαπτύοντες·
3675 5743 3796 5796 νυνὶ

2207 5834 2261 5888 δὲ
2294 5834 2388 5888 καὶ
2422 5834 2582 5889 τοῦτο
2633 5835 2816 5902 αὐτοῖς
2868 5838 3215 5910 ἐπινενόηται
3273 5839 3333 5893 τὸ
3384 5837 3662 5909 ἀσέϐημα,
3697 5834 3798 5888 καὶ
