4120 6378
997 296 1039 308 Μ’

336 353 446 418 6ι9

1449 341 1920 406 MARTYRIUM
1958 342 2023 402 S.
2063 340 2458 402 EUGENIB.

3500 339 3607 402 (50

334 469 480 527 οὕτω
514 466 615 538 μέν
658 466 706 519 oi
760 460 1226 533 συλλαμϐάνοντες
1277 457 1440 512 πόνον
1503 458 1600 512 καὶ
1654 457 1930 520 τίκτοντες

2044 458 2113 513 εἰς
2144 456 2394 527 quidem,
2442 454 2539 525 qui
2593 455 2917 525 concipiunt
2960 454 3244 521 laborem,
3275 463 3331 510 et
3382 459 3610 525 pariunt

335 558 570 629 ἀνομίαν
592 573 606 586 ·
638 555 922 625 ἄπρακτον
961 552 1017 605 δὲ
1038 550 1201 605 αὐτὸν
1249 551 1422 603 ποιεῖν
1450 549 1510 602 τδ
1536 547 1817 618 ἐπίταγμα
1846 546 1924 616 τῷ

334 651 457 722 θεῷ
491 647 684 719 μέλλον
715 643 804 717 ἦν.
842 644 1010 699 Ὅθεν
1039 644 1067 696 ὁ
1103 643 1200 713 μὲν
1232 643 1379 704 λίθος
1408 638 1502 693 τοῦ
1531 639 1804 710 τραχήλου
1829 638 1926 691 αὑ-

337 744 438 813 τῆς
461 738 752 802 ἀπελύετο,
786 738 926 805 αὕτη
959 737 1018 790 δὲ
1055 733 1144 788 οἷα
1173 736 1378 805 Πέτρος
1418 735 1446 786 ὁ
1500 733 1674 803 μέγας
1722 729 1924 785 ἀπταί-

338 852 479 895 στως
516 836 627 896 τοῖς
650 830 942 900 ποταμίοις
975 827 1188 891 ἐϐάδιζε
1227 828 1486 896 νάμασιν.
1513 820 1649 879 Εἶτα
1687 823 1926 892 κρείττω

338 930 603 997 φανεῖσαν
660 923 755 978 τοῦ
785 924 976 985 ὓδατος
1029 922 1164 992 πυρὶ
1210 919 1464 982 κολάζειν
1520 917 1691 987 αὐτὴν
1720 913 1928 969 διεσκέ-

339 1023 535 1092 ψαντο,
570 1023 663 1073 καὶ
690 1018 925 1087 ,κάμινος
958 1013 1252 1084 ὑπεδέχετο
1282 1014 1382 1081 τὴν
1424 1010 1691 1081 μεγάλην.
1739 1006 1927 1061 Ἀλλ’ὁ

340 1113 599 1188 φρουρῶν
638 1110 807 1178 αὐτὴν
841 1109 1046 1178 Κύριος
1096 1106 1190 1158 καὶ
1247 1108 1409 1157 τανῦν
1456 1103 1690 1157 ἐνταῦθα
1721 1102 1922 1171 παρῆν,

340 1210 438 1264 καὶ
472 1207 530 1259 τὸ
564 1203 675 1274 πῦρ
709 1196 799 1255 οἷα
845 1202 943 1269 τὴν
991 1196 1155 1266 φύσιν
1187 1195 1460 1250 ἀποϐαλὸν
1491 1191 1653 1254 εὐθὺς
1707 1191 1936 1260 διηλέγα

339 1317 488 1372 χετο,
530 1298 624 1350 καὶ
651 1295 709 1347 τὸ
739 1293 896 1362 σῶμα
929 1293 1133 1359 ταύτης
1177 1286 1386 1349 ἀπαθὲς
1425 1283 1730 1345 διεσώζετο.
1770 1282 1834 1334 Τί
1869 1281 1929 1335 τὸ

346 1394 485 1466 μετὰ
508 1394 719 1453 sativa;
779 1386 969 1439 Σκὸτει
1003 1382 1293 1447 κολάζεται
1322 1378 1632 1449 βαθυτάτῳ,
1690 1377 1823 1447 προς
1853 1375 1929 1446 τῷ

343 1490 527 1540 σκότει
577 1483 635 1535 δὲ
678 1482 771 1533 καὶ
800 1478 979 1547 λιμῷ·
1012 1474 1108 1529 καὶ
1157 1473 1303 1527 οἰκία
1328 1472 1382 1525 δὲ
1428 1470 1631 1539 ταύτην
1687 1467 1929 1537 ἐσχάτως

343 1576 648 1645 ἐλάμϐανεν
670 1570 939 1640 ἀφεγγὴς,
978 1567 1114 1637 μηδὲ
1144 1568 1351 1636 τροφῆς
1378 1562 1517 1625 δλως
1542 1558 1927 1614 κοινωνοῦσαν.

358 1672 617 1737 Ἦγνὸουν
638 1666 695 1720 δὲ
727 1664 947 1725 πάντως
998 1659 1117 1731 μετ’
1145 1659 1315 1729 αὐτῆς
1339 1651 1483 1710 εἶναι
1506 1656 1597 1708 τὸν
1627 1653 1721 1707 τοῦ
1753 1653 1932 1722 φωτὸς

346 1764 575 1829 Κύριον,
593 1759 683 1827 ὑφ’
704 1750 764 1811 οὗ
785 1757 877 1809 καὶ
898 1755 1149 1825 πρῶῖμον
1173 1752 1334 1820 αὐτῇ,
1349 1749 1491 1803 κατὰ
1514 1747 1606 1800 τὸν
1624 1746 1929 1816 προφήτην,

354 1851 563 1920 ἐρράγη
599 1847 660 1899 τὸ
687 1847 800 1914 φῶς
831 1844 929 1898 καὶ
949 1842 1087 1910 φωτὶ
1114 1839 1282 1908 θεῖκῷ
1324 1839 1470 1901 ἅπας
1502 1837 1533 1890 ὁ
1579 1832 1726 1898 οἶκος
1773 1851 1932 1905 περι-

351 1943 650 2010 ελάμπετο.
681 1938 754 1990 Ού
783 1938 897 2005 φῶς
927 1935 983 1987 δὲ
1016 1933 1176 2004 μόνον
1230 1930 1453 1993 ἐδίδοτο,
1511 1926 1651 1981 ἀλλᾶ
1691 1927 1784 1981 καὶ
1812 1925 1933 1980 θεία

351 2052 436 2098 τις
467 2034 670 2101 ἀνωθεν
703 2030 1025 2098 ἐχορηγεῖτο
1047 2023 1244 2095 τροφὴ,
1272 2023 1432 2092 ἄρτος
1456 2022 1693 2090 ἑκάστης
1716 2019 1934 2091 ἡμέρας

353 2124 673 2196 παραδόξως
717 2121 1163 2189 ὲτοιμαζόμενος,
1223 2114 1545 2184 λευκότερος
1586 2114 1687 2180 μὲν
1734 2113 1934 2181 χιόνος,

351 2219 451 2289 τήν
485 2216 676 2287 ἡδονὴν
696 2215 754 2268 δὲ
785 2213 1098 2272 θεσπέσιος.
1125 2210 1199 2262 Τὸ
1225 2208 1281 2260 δὲ
1310 2207 1520 2277 μεῖζον,
1549 2205 1711 2267 αὐτὸς
1731 2206 1938 2266 ἐκεῖνος

354 2313 640 2381 ἐφίσταται
696 2310 723 2360 ὁ
773 2307 985 2376 Σωτὴρ,
1034 2301 1177 2370 Ἐγώ
1202 2304 1337 2371 εἰμι,
1363 2299 1558 2366 λέγων,
1590 2296 1843 2367 Εὐγενία,
1871 2294 1932 2359 ὃς

356 2403 449 2455 καὶ
478 2397 711 2469 σεαυρδν
730 2396 815 2448 διὰ
847 2395 905 2445 σὲ
936 2395 1028 2446 καὶ
1059 2392 1289 2445 θάνατον
1316 2389 1647 2458 ἠνεσχόμην,
1666 2387 1732 2463 δι’
1756 2387 1814 2439 ὃν
1838 2389 1931 2439 καὶ

360 2494 424 2546 σὺ
448 2490 625 2544 ταῦτα
656 2487 909 2559 προείλου
954 2484 1170 2539 παθεῖν.
1228 2480 1532 2552 Τοιγαροῦν
1577 2482 1666 2533 καὶ
1701 2482 1933 2551 μεγίστῃ

359 2602 420 2638 σε
443 2584 572 2656 δόξῃ
609 2580 910 2652 περιϐαλῶ,
952 2580 1048 2631 καὶ
1079 2575 1293 2630 πολλῶν
1341 2574 1605 2644 ἐμπλήσω
1674 2572 1934 2642 χαρίτων.

364 2677 548 2729 Ἔστω
570 2675 626 2728 δέ
660 2691 741 2727 σοι
770 2673 865 2726 καὶ
889 2670 1049 2723 τοῦτο
1067 2669 1169 2739 τῆς
1195 2668 1325 2739 περὶ
1353 2667 1412 2719 σὲ
1447 2667 1612 2736 τιμῆς
1641 2664 1931 2735 σύμϐολον

359 2769 496 2837 αὓτη
529 2769 636 2838 γὰρ
680 2769 715 2838 ή
771 2767 953 2837 ήμέρα
988 2763 1125 2834 πρὸς
1161 2762 1262 2833 τὴν
1310 2760 1422 2814 ἄνω
1456 2776 1516 2812 σε
1571 2754 1939 2827 παραπέμψει

363 2864 530 2934 ζωὴν,
561 2863 682 2933 ἥτις
713 2860 855 2931 κάμὲ
891 2855 998 2911 εἶδε
1030 2859 1143 2919 τοῖς
1174 2856 1327 2909 κάτω
1353 2852 1797 2922 ἐπιδημήσαντα.

2029 549 2380 614 iniquitatem
2411 548 2456 580 ⁸³
2492 565 2507 601 :
2551 548 2663 602 Deo
2712 557 2898 602 autem
2938 562 3087 602 cura:
3142 558 3285 613 erat,
3325 558 3384 602 ut
3413 566 3604 605 eorum

2022 640 2210 711 jussus
2247 648 2396 695 esset
2462 640 2659 695 irritus
2689 649 2747 694 et
2771 639 3038 694 inelIicax.
3076 638 3233 695 Unde
3269 641 3436 696 etiam
3461 642 3602 713 lapis

2030 731 2255 800 quidem
2279 731 2348 786 ab
2368 734 2491 801 ejus
2521 733 2665 787 collo
2696 742 2780 787 est
2810 735 3136 790 exsolutus:
3183 733 3297 803 ipsa
3329 750 3466 790 vero
3495 752 3604 791 non

2029 837 2192 878 secus
2225 837 2290 876 ac
2344 837 2575 892 magnus
2607 822 2828 891 Petrus,
2860 826 3000 880 citra
3040 825 3205 879 ullam
3239 826 3607 882 oﬂ‘ensionem

2029 914 2450 985 ingrediebatur
2512 930 2678 986 supra
2706 919 2883 972 undas
2911 918 3177 974 (luminis.
3236 920 3448 977 Deinde
3479 938 3605 977 cum

2029 1023 2091 1061 ea
2118 1022 2259 1078 aqua
2291 1009 2400 1063 visa
2431 1020 2577 1065 esset
2604 1011 2913 1079 potentior,
2937 1027 3058 1066 eam
3088 1012 3211 1083 igne
3241 1014 3441 1082 punire
3479 1030 3615 1068 cou-

2028 1099 2235 1162 stituit,
2269 1112 2325 1155 et
2361 1117 2611 1172 magnam
2638 1102 2787 1156 illam
2816 1103 3120 1174 Eugenium
3143 1106 3360 1173 accepit
3387 1104 3604 1159 fornax.

2031 1191 2138 1247 Sed
2178 1193 2271 1263 qui
2304 1208 2425 1247 eam
2484 1195 2836 1250 custodiebat
2892 1196 3181 1259 Dominus,
3239 1198 3330 1252 hic
3387 1212 3615 1267 quoque

2031 1298 2183 1339 nunc
2217 1287 2409 1339 aderat
2433 1302 2446 1339 :
2470 1286 2771 1356 statimque
2798 1296 3085 1343 ostensum
3117 1288 3242 1352 fuit,
3275 1288 3459 1359 ignem
3485 1305 3618 1357 prn-

2038 1378 2192 1433 tinus
2219 1378 2480 1434 amisisse
2507 1390 2782 1444 naturam,
2835 1389 2893 1435 et
2930 1395 3133 1452 corpus
3173 1382 3297 1452 ejus
3324 1397 3619 1437 conserva-

2035 1480 2149 1525 tum
2176 1482 2263 1526 est
2313 1472 2563 1528 illmsum.
2620 1472 2760 1538 Quid
2810 1483 3003 1542 postea
3030 1475 3054 1528 ?
3086 1474 3358 1531 'l‘enebris
3386 1476 3616 1545 punitur

2034 1564 2500 1635 prol'undissimis,
2537 1577 2742 1636 praeter
2768 1567 3028 1623 tenebras
3050 1579 3232 1623 autem
3257 1568 3426 1623 etiam
3450 1568 3615 1629 fame,

2033 1663 2088 1710 et
2114 1669 2236 1709 eam
2276 1654 2477 1711 domus
2524 1657 2740 1727 accepit
2767 1659 3024 1725 obscura,
3052 1674 3155 1713 nec
3183 1659 3292 1714 cibi
3315 1660 3616 1731 quidquam

2036 1751 2268 1805 omnino
2294 1763 2626 1807 sumentem.
2656 1753 2989 1808 Nesciehant
3008 1763 3193 1808 autem
3215 1755 3443 1812 omnino
3493 1770 3617 1810 esse

2035 1856 2160 1897 cum
2191 1856 2257 1897 ea
2279 1841 2572 1896 Dominum
2597 1844 2759 1908 lucis,
2784 1860 2812 1897 a
2837 1860 2947 1914 quo
2968 1845 3136 1900 etiam
3168 1847 3525 1909 matutinum,
3556 1859 3620 1900 ut

2035 1932 2117 1987 ait
2172 1932 2443 2003 propheta
2477 1932 2543 1995 “,
2593 1934 2778 1989 lumen
2829 1935 3037 2005 erupit,
3068 1946 3126 1990 et
3169 1936 3360 1992 divino
3408 1937 3618 1991 lumine

2040 2031 2156 2078 tota
2186 2022 2388 2078 domus
2411 2023 2814 2081 illustrabatur.
2854 2025 2974 2080 Non
3028 2025 3208 2082 solum
3254 2042 3384 2081 vero
3431 2027 3619 2080 lumen

2039 2115 2297 2181 dabatur,
2360 2116 2458 2173 sed
2508 2118 2675 2172 etiam
2735 2116 3012 2187 quoddam
3078 2118 3332 2173 divinum
3378 2135 3619 2189 superne

2041 2209 2504 2279 suppeditabatur
2560 2210 2910 2273 alimentum,
2989 2213 3152 2282 panis
3209 2212 3306 2281 qui
3368 2212 3617 2281 quotidie

2040 2303 2340 2373 parabatur
2385 2302 2809 2367 admirabiliter,
2857 2303 2984 2359 nive
3024 2303 3249 2373 quidem
3307 2303 3617 2366 candidior,

2045 2392 2326 2461 voluptate
2358 2400 2544 2445 autem
2599 2393 2761 2461 plane
2792 2392 3017 2448 divinus
3045 2409 3058 2446 :
3099 2402 3157 2448 et
3188 2396 3337 2463 quod
3371 2403 3457 2449 est
3498 2411 3621 2448 om-

2049 2483 2204 2540 nium
2258 2486 2583 2546 maximum,
2622 2485 2715 2541 ille
2770 2486 2887 2557 ipse
2926 2487 3144 2543 accedit
3171 2487 3472 2554 Servator,
3510 2490 3625 2558 Ego

2042 2592 2189 2643 sum,
2244 2576 2455 2642 dicens,
2500 2578 2769 2649 Eugenia,
2826 2580 2923 2650 qui
2946 2591 3175 2651 propter
3213 2591 3265 2637 te
3315 2597 3538 2637 crucem
3564 2591 3627 2637 et

2038 2678 2273 2722 mortem
2322 2668 2583 2735 sustinui,
2643 2682 2870 2740 prOpter
2924 2689 3088 2743 quem
3127 2684 3182 2728 tu
3233 2691 3456 2745 quoque
3505 2675 3623 2729 hrec

2039 2759 2150 2829 pati
2206 2760 2579 2827 constituisti;
2641 2778 2774 2832 ergo
2832 2774 2885 2818 te
2959 2773 3017 2818 et
3065 2767 3299 2821 maxima
3370 2768 3623 2822 amiciam

2044 2849 2222 2920 gloria
2255 2859 2311 2904 et
2361 2851 2549 2907 multis
2610 2852 2855 2924 implebo
2912 2855 3128 2927 gratiis.
3183 2856 3266 2910 Sit
3299 2867 3483 2911 autem
3521 2857 3628 2911 hoc

361 2977 584 3032 quoque
612 2963 825 3030 signum
879 2956 955 3009 tui
1013 2952 1263 3008 honoris.
1292 2950 1413 3022 Ipse
1462 2950 1612 3005 enim
1643 2947 1748 3003 iste
1777 2948 1896 3004 dies
1930 2955 1985 3004 te
2026 2947 2359 3001 trausmittet
2398 2945 2464 3000 ad
2493 2948 2657 3003 vitam
2702 2964 3019 3021 supernam,
3052 2951 3146 3020 qui
3178 2966 3266 3006 me
3314 2954 3450 3007 vidit
3485 2953 3626 3006 intra

365 3059 694 3112 adventasse
721 3056 790 3109 ad
816 3056 1093 3111 homines.

436 3150 577 3215 ΔΕΓ.
616 3148 802 3210 Οὖτως
837 3145 1029 3211 εἰπὼν,
1080 3147 1108 3198 ὁ
1135 3144 1233 3216 μὲν
1261 3142 1357 3198 ἀπ’
1388 3141 1561 3211 αὐτῆς
1601 3140 1838 3207 ἀπέστη·
1885 3138 1939 3191 οὖ

2128 3136 2372 3193 XXXVI.
2404 3136 2541 3193 Cum
2595 3139 2676 3194 sic
2702 3138 2954 3203 dixisset,
3016 3139 3108 3193 ille
3168 3138 3391 3209 quidem
3436 3140 3507 3195 ab
3558 3156 3623 3194 ea

374 3238 586 3306 μακρὰν
616 3236 671 3288 δέ
700 3238 794 3288 καὶ
853 3235 961 3288 τῶν
1008 3234 1351 3304 λαληθέντων
1408 3233 1626 3303 ἀπήντα
1656 3232 1716 3284 τὸ
1743 3231 1941 3301 πέρας.

366 3330 648 3384 Στέλλεται
675 3330 783 3398 γάρ
804 3346 888 3392 τις
915 3327 1024 3380 τῶν
1052 3326 1287 3391 ἀσεϐῶν,
1310 3327 1369 3378 τὸ
1394 3325 1503 3378 τῶν
1531 3324 1783 3395 μοναχῶν
1803 3325 1944 3376 ἐκεῖ·

367 3438 454 3483 νος
490 3421 676 3491 σχῆμα
731 3420 1180 3488 ὑποκρινόμενος,
1234 3417 1291 3478 ὃς
1333 3416 1441 3470 ἔσω
1495 3416 1792 3484 γενόμενος
1851 3412 1943 3467 τοῦ

366 3513 741 3583 δεσμωτηρίου
777 3510 897 3563 κατ’
923 3511 1101 3579 αὐτὴν.
1122 3509 1227 3578 ἄρα
1259 3508 1354 3577 τὴν
1384 3507 1599 3578 ἡμέραν
1631 3509 1827 3560 τελειοῖ
1846 3506 1947 3575 τὴν

373 3608 625 3676 μάρτυρα
671 3607 737 3674 τῇ
787 3602 873 3656 διὰ
903 3601 1090 3669 ξίφους
1121 3603 1325 3669 σφαγῇ.
1362 3599 1483 3652 καθ’
1512 3599 1578 3670 ἢν
1623 3598 1718 3651 καὶ
1772 3597 1946 3667 ήτῶν

367 3697 667 3750 Γενεθλίων
701 3693 864 3764 ἑορτὴ
920 3693 1085 3764 ήγετο
1116 3691 1210 3744 τοῦ
1264 3690 1520 3761 Σωτῆρος
1561 3689 1743 3760 ἡμῶν.
1786 3690 1948 3742 Τελέ-

375 3799 565 3845 σαντες
596 3778 691 3834 οὖν
730 3781 829 3833 ὅσα
880 3780 1039 3850 θέμις
1073 3775 1140 3848 ἦν
1199 3781 1293 3831 ἐπὶ
1330 3778 1563 3848 θυγατρὶ
1597 3780 1823 3849 τοιαύτῃ
1852 3779 1950 3832 καὶ

371 3874 600 3941 ἀδελφῇ,
633 3872 670 3941 ἦ
705 3888 762 3924 τε
798 3874 1003 3940 μήτηρ,
1034 3871 1199 3940 φημὶ,
1241 3870 1334 3922 καὶ
1369 3871 1420 3922 οἱ
1445 3869 1686 3939 ἀδελφοὶ,
1711 3871 1770 3923 τὸ
1801 3869 1949 3938 ἱερὸν

371 3964 541 4033 αὐτῆς
571 3962 827 4029 λείψανον
851 3963 909 4013 ὲν
934 3962 1084 4032 τόπῳ
1109 3963 1209 4029 μὲν
1232 3961 1617 4015 κατατίθενται
1636 3962 1698 4017 ού
1731 3963 1950 4031 μακρὰν

372 4056 634 4127 ἀπέχοντι
664 4055 904 4124 Ῥώμης.
938 4054 972 4122 ἡ
1004 4053 1251 4117 Ῥωμαία
1282 4052 1339 4106 δὲ
1363 4052 1480 4115 ὁδὸς
1510 4052 1947 4121 ἐπικαλουμένῳ.

373 4150 531 4202 Οὒτω
563 4149 662 4216 μὲν
686 4147 917 4213 Εὑγενία
943 4143 1138 4197 ἐϐίωσε
1164 4144 1379 4215 σεμνῶς
1403 4159 1416 4174 ·
1450 4142 1595 4197 οὓτω
1637 4144 1695 4196 δέ
1738 4144 1952 4197 ἁπεῦἰω

375 4241 519 4295 καθὰ
546 4242 640 4292 καὶ
672 4239 988 4308 κεκλήρωτο
1037 4237 1299 4305 εὐγενῶς,
1352 4237 1492 4291 ὥστε
1530 4236 1606 4306 μή
1644 4236 1711 4289 δι’
1763 4237 1950 4307 ἓτερον

378 4335 524 4402 ἐχειν
549 4332 697 4403 ἡμᾶς
732 4329 933 4400 μᾶλλον
965 4330 1289 4400 θαυμάζειν,
1326 4330 1427 4399 τὴν
1467 4331 1525 4383 ἐν
1555 4327 1777 4399 Χριστῷ
1809 4328 1953 4400 ζωὴν

381 4426 416 4497 ἢ
444 4426 536 4478 τὸν
569 4425 708 4496 ύπλρ
760 4422 1001 4497 Χριστοῦ
1049 4423 1311 4477 θάνατον’
1357 4422 1482 4475 ὅθεν
1526 4423 1621 4475 καὶ
1650 4422 1782 4492 ὅσης
1811 4419 1950 4491 αὕτη

2048 3226 2297 3281 recessit.
2324 3226 2479 3281 llaud
2510 3227 2604 3281 diu
2638 3236 2761 3296 post
2780 3238 2969 3281 autem
2996 3228 3253 3282 eﬂectum
3290 3230 3481 3284 sortita
3500 3240 3631 3284 sunt

2045 3334 2110 3375 ea
2142 3336 2264 3392 quae
2293 3322 2440 3376 dicta
2490 3321 2730 3377 fuerant.
2779 3322 3018 3377 Mittitur
3055 3323 3205 3377 enim
3251 3323 3474 3394 quidam
3522 3325 3632 3379 im-
3704 3380 3713 3392 ,

2048 3414 2194 3483 pius,
2237 3415 2591 3470 monomachi
2617 3415 2866 3470 habitum
2909 3431 3018 3482 pne
3062 3430 3121 3469 se
3148 3416 3352 3480 ferens,
3385 3416 3629 3486 quicum

2048 3507 2243 3564 fuisset
2267 3508 2412 3563 intra
2453 3524 2754 3572 carcerem,
2786 3524 2920 3563 ense
2943 3508 3085 3563 facta
3110 3507 3258 3562 caede
3281 3518 3630 3564 consummat

2050 3610 2345 3670 martyrem
2381 3615 2449 3654 eo
2481 3601 2607 3669 ipso
2651 3601 2764 3663 die,
2817 3616 2928 3671 quo
2986 3598 3377 3655 Celebrabntur
3425 3599 3626 3654 festum

2049 3690 2249 3744 natalis
2275 3690 2586 3746 Servatoris
2620 3692 2816 3748 nostri.
2867 3692 3005 3748 Cum
3030 3694 3181 3762 justa
3212 3703 3400 3747 autem
3464 3692 3633 3748 fecis-

2050 3792 2174 3838 sent
2228 3784 2321 3838 tali
2375 3783 2500 3838 ﬁliae
2560 3795 2616 3839 et
2661 3786 2840 3840 sorori
2911 3787 3030 3856 ejus
3086 3800 3259 3841 mater
3317 3796 3373 3842 et
3409 3786 3631 3848 fraus,

2050 3890 2233 3930 sacras
2260 3876 2381 3945 ejus
2406 3876 2667 3945 reliquias
2693 3878 2977 3946 deponunt
3006 3880 3230 3949 quidem
3263 3880 3319 3933 in
3348 3880 3492 3939 loco,
3528 3880 3626 3949 qui

2051 3982 2162 4021 non
2194 3967 2354 4023 abest
2383 3969 2582 4037 procul
2614 3984 2644 4023 a
2682 3969 2878 4034 Roma,
2938 3980 3171 4024 vocatur
3194 3979 3379 4025 autem
3410 3972 3496 4025 via
3526 3972 3637 4026 lto-

2055 4073 2238 4112 mana.
2271 4057 2365 4113 Sic
2391 4059 2615 4128 quidem
2645 4060 2785 4115 vixit
2808 4061 3113 4115 honoriﬁce
3170 4062 3436 4132 Eugenia,
3459 4073 3516 4116 et
3549 4064 3632 4117 sic

2055 4165 2087 4204 e
2118 4150 2230 4204 vita
2260 4164 2527 4220 generose
2558 4151 2816 4217 excessit,
2846 4151 3241 4206 convenienter
3272 4166 3375 4205 suo
3398 4152 3632 4214 nomini,

2054 4242 2196 4297 adeo
2226 4250 2287 4297 ut
2342 4243 2679 4306 nesciamus,
2738 4255 2921 4298 utrum
2971 4243 3145 4314 magis
3171 4244 3533 4307 admiremur,
3575 4245 3631 4299 in

2041 4332 2349 4388 ‘Christone
2403 4332 2595 4397 vitam,
2640 4349 2707 4388 an
2766 4342 2997 4388 mortem
3059 4350 3159 4402 pro
3200 4334 3443 4390 Christo.
3479 4338 3637 4392 Unde

2055 4425 2246 4488 etiam,
2279 4436 2538 4495 quantam
2564 4425 2638 4480 sit
2661 4441 2761 4497 pro
2781 4426 3027 4496 utrisque
3058 4428 3290 4497 gloriam
3313 4442 3632 4492 consecuta.

376 4517 474 4586 τῆς
510 4515 669 4587 δόξης
697 4515 838 4585 ὺπέρ
875 4516 1202 4585 ἀμφοτέρων
1234 4513 1485 4585 ήξίωται,
1506 4514 1664 4585 δῆλον
1717 4514 1780 4568 οὐ
1810 4514 1939 4584 μετᾶ

2058 4517 2229 4575 evasit
2264 4517 2428 4587 paulo
2462 4525 2583 4587 post
2610 4517 2990 4572 manifestum.

378 4608 512 4661 πολὺ
538 4610 749 4676 γέγονε.

445 4700 568 4753 AZ'.
605 4700 820 4759 Δισσοίς
872 4695 982 4767 γὰρ
1035 4698 1147 4759 τοῖς
1179 4694 1377 4748 πάθεσι
1411 4694 1775 4766 μεριζομένης
1813 4696 1951 4765 αὐτῇ

376 4782 478 4859 τῆς
500 4790 727 4862 μητρὸς,
747 4790 841 4842 καὶ
869 4788 947 4859 τῷ
974 4789 1074 4859 μὲν
1103 4788 1190 4841 διὰ
1219 4789 1454 4858 Χριστὸν
1476 4789 1707 4858 τυθῆναι
1733 4788 1958 4858 χαιρού-

380 4899 500 4953 στις,
534 4884 805 4953 ἀλγούσης
834 4882 888 4935 δὲ
919 4883 995 4951 τῷ
1028 4881 1298 4952 θυγατρὸς
1322 4880 1643 4950 διαζυγῆναι
1671 4879 1952 4950 τοιαύτης,

379 4977 474 5026 καί
500 4975 591 5026 τον
618 4974 898 5044 χωρισμὸν
928 4973 1127 5042 ἥκιστα
1169 4973 1360 5041 πράως
1388 4971 1788 5042 ὑπομενούσης,
1821 4970 1955 5029 ὄναρ

380 5059 415 5127 ὴ
457 5062 666 5128 μάρτυς
715 5060 854 5129 αὐτῇ
897 5061 1188 5127 ἐφίσταται
1239 5058 1383 5112 οὖτω
1442 5060 1542 5130 μὲν
1595 5059 1950 5131 ἐστολισμένη

380 5146 644 5217 λαμπρῶς
671 5148 747 5212 ὡς
774 5150 905 5219 μηδὲ
956 5149 1319 5220 προσϐάλλειν
1370 5150 1510 5219 αὐτῇ
1546 5150 1638 5202 τὸν
1675 5150 1953 5220 ὀφθαλμὸν

384 5241 576 5305 ἱκανῶς
619 5241 780 5312 ἔχειν,
803 5244 1075 5307 τοιαύταις
1105 5245 1159 5297 δὲ
1189 5245 1478 5316 παρθένοις
1513 5247 1950 5317 προπεμπομένη

381 5336 653 5406 φαιδραῖς,
681 5335 757 5398 ὠς
789 5336 926 5406 μήδέ
978 5336 1109 5404 μίαν
1140 5339 1276 5407 αὐτῇ
1311 5338 1418 5389 τῶν
1456 5338 1743 5407 βασιλίδων
1774 5355 1952 5406 παρα-

381 5425 677 5495 ϐεϐλῆσθαι
696 5427 977 5481 δύνασθαι.
1000 5426 1160 5481 Οὕτω
1180 5428 1466 5499 τοιγαροῦν
1496 5431 1766 5482 ἐπιστᾶσα
1788 5428 1951 5500 ἐῴκει

378 5521 444 5588 τῇ
479 5521 648 5591 μητρὶ
705 5521 921 5587 λέγειν’
964 5520 1082 5573 Ἵνα
1130 5520 1202 5586 τί,
1260 5514 1305 5575 ὦ
1342 5521 1538 5591 μῆτερ,
1586 5520 1729 5574 οὕτω
1770 5538 1852 5574 σοι
1892 5522 1952 5573 τὺ

380 5610 717 5665 δεινοπαθεῖν
743 5614 954 5675 πολλοῖς
1005 5612 1144 5681 ὑπὲρ
1178 5612 1334 5682 ήμῶν
1365 5614 1477 5675 τοῖς
1532 5612 1759 5683 δάκρυσι
1792 5630 1953 5683 τήκοο

456 5799 501 5829 ⁸³
528 5801 667 5855 Psal.
704 5818 800 5861 vn,
835 5802 915 5855 l5.
998 5800 1041 5833 ³³
1071 5799 1171 5853 lsa.
1207 5815 1324 5860 vm,
1356 5799 1443 5855 ΞΟ.

710 5895 975 5951 Funus.
1012 5894 1126 5952 GH.
1164 5894 1263 5951 CX
1282 5894 1378 5956 VI.

2132 4697 2402 4753 XXXVJ.
2435 4698 2571 4753 Nam
2608 4714 2733 4754 cum
2775 4698 2996 4755 duobus
3043 4700 3213 4756 animi
3243 4701 3487 4756 molibus
3522 4702 3639 4755 dis»-

2063 4791 2381 4845 traheretur
2431 4798 2633 4854 mater,
2687 4801 2745 4844 et
2802 4792 3003 4860 partim
3071 4793 3302 4862 quidem
3338 4793 3635 4854 laetaretur,

2057 4883 2207 4954 quod
2273 4892 2497 4952 propter
2543 4881 2829 4937 Christum
2877 4894 3025 4938 esset
3059 4886 3366 4939 sacriﬂcata
3397 4924 3414 4949 ,
3481 4883 3643 4938 ﬂeret

2063 4983 2276 5035 autem,
2311 4972 2460 5037 quod
2485 4987 2519 5027 Δ
2554 4973 2664 5027 lilia
2699 4973 2792 5027 tali
2826 4973 3259 5044 disjungeretur,
3289 4987 3345 5028 et
3372 4989 3481 5027 non
3519 4991 3643 5028 mo-

2064 5075 2253 5119 derate
2282 5074 2456 5119 terret
2506 5064 2935 5134 separationem,
2984 5076 3190 5136 martyr
3237 5064 3287 5119 ei
3319 5076 3547 5134 apparet
3582 5067 3637 5120 in

2068 5157 2303 5221 somnis,
2360 5157 2501 5213 adeo
2548 5158 2770 5227 quidem
2802 5158 3087 5226 splendide
3120 5157 3338 5218 vestita,
3367 5168 3428 5211 ut
3450 5174 3551 5213 nec
3582 5160 3636 5213 iu

2059 5264 2182 5304 eam
2217 5251 2351 5304 satis
2380 5260 2569 5320 posset
2592 5250 2864 5319 conjicere
2906 5250 3116 5313 oculos,
3154 5250 3353 5303 talibus
3384 5266 3517 5306 vero
3546 5268 3640 5307 cu-

2061 5342 2255 5396 mitata
2285 5342 2612 5412 virginibus,
2668 5351 2725 5395 et
2757 5351 2864 5393 tam
2904 5340 3205 5409 prwclaris,
3253 5351 3313 5396 ut
3345 5343 3497 5397 nulia
3546 5360 3637 5396 re.

2060 5432 2185 5501 gina
2247 5442 2432 5499 posset
2488 5446 2616 5486 cum
2675 5432 2758 5485 eis
2820 5433 3153 5502 comparari.
3185 5434 3322 5489 Cum
3381 5435 3459 5489 sic
3506 5452 3638 5505 ergo

2060 5523 2409 5587 accessisset,
2461 5524 2577 5578 visa
2635 5534 2719 5577 est
2759 5522 2946 5579 direre
3007 5528 3211 5581 matri:
3253 5530 3555 5596 Quorsum,
3602 5547 3636 5585 ο

2062 5624 2260 5679 mater,
2294 5614 2370 5669 ita
2411 5622 2462 5669 te
2513 5613 2760 5681 amictus,
2785 5614 2974 5672 multis
3007 5634 3106 5688 pro
3139 5619 3298 5675 nobis
3345 5620 3635 5690 liquefacta

3130 5897 3317 5963 21-
