4120 6378
468 296 569 360 631

1723 296 2004 361 MENSIS
2042 300 2288 362 DECEM
2301 301 2471 363 BER.

3611 293 3719 358 652

448 409 770 481 'lacrymis?
796 406 917 462 Non
951 413 1080 461 sunt
1113 421 1202 460 res
1231 415 1433 462 nostra:
1460 409 1859 478 prosequenda:
1890 408 2036 463 ﬂeti-

2148 413 2306 480 μένῃς
2332 411 2408 463 Οὐ
2431 410 2665 481 Θρήνων,
2697 409 2814 463 ἀλλ’
2844 410 3188 479 εὐφροσύνης
3214 407 3342 475 ἄξια
3370 406 3718 478 τὰὴμέτερα.

468 504 635 568 tibus,
665 499 758 555 sed
794 498 1005 554 laetitia.
1039 497 1193 553 Scias
1217 498 1388 565 enim,
1425 500 1571 568 quod
1621 515 1722 569 ego
1770 511 1828 554 et
1880 508 2037 572 pater

468 593 757 662 Philippus
814 591 1057 645 vivimus
1083 590 1140 646 in
1171 589 1407 661 quadam
1439 591 1708 647 ineﬂ‘abili
1734 602 2038 665 martyrum

467 684 676 745 laatitia,
698 697 806 736 una
826 697 950 738 eum
971 681 1195 737 Christo
1211 692 1497 738 versantes
1510 691 1568 738 et
1583 694 1988 753 conregnantes
2016 699 2031 736 :

468 774 563 843 qui
599 782 649 827 te
684 774 851 828 etiam
900 788 1013 828 non
1044 774 1121 828 ita
1170 774 1360 829 multis
1413 783 1541 845 post
1567 774 1768 830 diebus
1804 775 1870 830 ad
1901 776 2043 831 hanc

470 867 639 922 vitam
696 867 973 922 evocabit.
1024 865 1160 921 Meis
1209 878 1393 924 autem
1446 867 1710 923 fratribus
1774 884 2039 924 conserva

473 960 690 1015 firmum
715 974 778 1015 ac
801 958 1189 1028 stabile,quod
1207 968 1292 1014 est
1313 958 1370 1014 in
1389 958 1634 1024 Christo,
1672 961 2039 1029 signaculum,

475 1061 524 1106 et
575 1050 799 1107 assidue
853 1051 1166 1117 exhortare,
1199 1059 1260 1105 ut
1311 1051 1423 1106 sint
1451 1051 1618 1105 etiam
1656 1050 1793 1105 mihi
1845 1051 2044 1107 fratres

469 1144 689 1206 animis,
748 1150 807 1197 ut
859 1144 940 1199 sic
988 1154 1163 1199 totum
1190 1158 1366 1215 genus
1402 1143 1703 1198 oﬂ‘eramur
1738 1144 2034 1215 pulchrum

469 1234 673 1289 donum
714 1235 967 1290 Domino.
1005 1236 1133 1291 Hac
1176 1244 1353 1290 mater
1397 1234 1611 1290 audivit
1656 1237 1725 1290 ab
1775 1236 2041 1305 Eugenia.

471 1326 769 1381 Dicebatur
801 1337 986 1381 autem
1017 1326 1183 1381 etiam
1206 1326 1413 1381 vidisse
1451 1326 1773 1381 assistentes
1791 1328 2037 1397 angelos,

473 1433 708 1486 quorum
762 1418 990 1474 habitus
1073 1426 1195 1474 erat
1251 1418 1468 1487 signum
1523 1418 1710 1488 gaudii
1769 1418 1953 1473 simul
1988 1432 2046 1474 et

474 1510 721 1576 pudoris,
758 1509 894 1579 ipsis
920 1510 1093 1565 veluti
1143 1509 1539 1576 indicantibus,
1566 1510 1715 1579 quod
1748 1510 1827 1564 illi
1854 1520 2045 1567 essent

474 1600 686 1654 honore
713 1599 888 1669 digni,
937 1608 993 1656 et
1031 1599 1282 1670 perpetui
1308 1598 1476 1654 etiam
1504 1586 1690 1670 gaudii
1719 1600 2039 1670 participes.

476 1687 633 1751 Quod
663 1687 828 1742 detur
855 1688 1018 1743 nobis
1046 1687 1303 1741 omnibus
1359 1700 1581 1756 quoque
1636 1687 1899 1756 consequi
1926 1674 2048 1757 gra-

2148 499 2288 552 ἰσθι
2317 498 2425 570 γὰρ
2457 499 2530 563 ὡς
2557 500 2664 568 ἐγώ
2692 516 2748 551 τε
2776 499 2871 552 καὶ
2900 500 2928 552 ὁ
2957 498 3142 569 πατὴρ
3167 499 3434 561 Φίλιππος
3461 499 3518 550 ὲν
3545 498 3723 568 appr;-

2145 607 2223 657 τῳ
2248 592 2355 642 τινὶ
2396 590 2507 643 τῶν
2543 590 2838 661 μαρτύρων
2872 589 3181 660 εὐφροσύνῃ
3213 589 3421 657 ζῶμεν,
3471 589 3723 650 συνόντες

2145 680 2368 750 Χριστῷ
2399 681 2496 735 καὶ
2521 680 3035 752 συμϐασιλεύοντες·
3076 681 3135 744 ὃς
3166 682 3260 734 καὶ
3308 680 3368 733 σὲ
3400 681 3461 733 οὒ
3499 679 3723 742 πολλαῖς

2148 773 2375 846 ὕστερον
2406 774 2642 846 ἡμέραις
2672 775 2753 837 εἰς
2772 777 2872 845 τὴν
2902 774 3048 846 ζωὴν
3069 774 3278 845 ταύτην
3329 774 3721 844 μετακαλέσει.

2142 866 2274 929 Τοῖς
2302 867 2359 921 δὲ
2408 867 2561 937 ἐμοῖς
2604 866 2856 935 ἀδελφοῖς
2904 866 3003 936 τὴν
3058 867 3115 918 ἐν
3170 866 3394 937 Χριστῷ
3448 865 3723 935 σφραγῖδα

2148 958 2376 1029 βεϐαίαν
2400 959 2496 1012 καὶ
2546 959 2807 1029 ἀδελφοὺς
2839 959 2963 1029 ἐμοὶ
2994 957 3248 1027 γενέσθαι
3301 960 3395 1011 καὶ
3421 956 3522 1020 τὰς
3545 958 3725 1026 ψυχὰς

2150 1049 2391 1120 συνεχῶς
2451 1049 2683 1119 φυλάξαι
2733 1051 3010 1119 παραίνει,
3071 1050 3157 1103 ἵνα
3221 1051 3364 1104 οὕτω
3416 1050 3572 1119 γένος
3604 1050 3724 1103 ὅλον

2147 1143 2311 1198 καλὸν
2359 1142 2530 1213 δῶρον
2584 1142 2661 1212 τῷ
2717 1143 2963 1213 Δεσπότη
3016 1143 3488 1214 προσενεχθῶμεν.
3534 1142 3724 1199 Ταῦτα

2150 1234 2301 1305 παρὰ
2345 1234 2443 1302 τῆς
2492 1232 2820 1304 Εὐγενεαςή
2878 1236 3063 1305 μήτηρ
3118 1235 3374 1306 ἤκουσεν,
3412 1235 3636 1300 ἐλέγετο
3669 1234 3726 1287 δὲ

2148 1327 2244 1378 καὶ
2284 1326 2533 1394 ἀγγέλων
2561 1325 2887 1379 ἐπιστασίαν
2915 1326 3072 1396 ὀρᾷν,
3120 1321 3196 1379 ὧν
3242 1326 3302 1378 τὸ
3331 1327 3518 1396 σχῆμα
3550 1327 3725 1396 χαρᾶς

2146 1433 2209 1470 τε
2241 1411 2308 1488 ἦν
2336 1414 2472 1485 ὁμοῦ
2504 1417 2599 1469 καὶ
2620 1417 2803 1480 αἰδοῦς
2834 1415 3123 1485 σύμϐολον,
3150 1415 3341 1487 ὥσπερ
3375 1418 3727 1486 ὲνδεικνυμέο

2148 1525 2255 1560 νων
2287 1507 2466 1562 αὐτῶν
2519 1508 2602 1562 ὃτι
2644 1508 2738 1561 καὶ
2791 1508 2957 1577 τιμῆς
2986 1507 3128 1575 ἄξιοι
3185 1510 3403 1574 ἐκεῖνοι,
3462 1507 3599 1562 ἀλλὰ
3630 1506 3726 1559 καὶ

2152 1599 2386 1669 ἁλήκτου
2438 1600 2614 1669 χαρᾶς
2639 1599 2905 1653 κοινωνοί.
2959 1591 3070 1663 Ἦς
3099 1599 3311 1667 γένοιτο
3340 1600 3549 1662 πάντας
3575 1600 3725 1668 ἡμᾶς

2148 1694 2426 1762 ἐπιτυχεῖν
2456 1691 2639 1762 χάριτι
2667 1693 2760 1745 καὶ
2793 1690 3174 1763 φιλανθρωπίᾳ
3201 1693 3293 1745 τοῦ
3323 1693 3530 1764 Κυρίου
3566 1692 3725 1762 ἡμῶν

478 1780 551 1835 tia
612 1789 668 1836 et
735 1780 1028 1836 clementia
1091 1778 1310 1834 Domini
1378 1778 1555 1832 nostri
1613 1776 1743 1834 Jesu
1797 1779 2038 1846 Christi,

2159 1782 2331 1856 Ἰησοῦ
2374 1781 2636 1854 Χριστοῦ,
2694 1775 2740 1850 ᾧ
2792 1784 2994 1853 πρέπει
3057 1784 3223 1843 πᾶσα
3254 1782 3404 1849 δόξα,
3454 1784 3588 1855 τιμὴ
3635 1783 3728 1835 καὶ

475 1888 639 1943 quem
674 1874 834 1930 decet
871 1874 1053 1929 omnis
1083 1872 1279 1943 gloria,
1335 1871 1512 1925 honor
1541 1878 1596 1925 et
1625 1872 1871 1941 potentia
1899 1888 2040 1928 nunc

2161 1873 2531 1946 προσκύνησις
2561 1873 2657 1927 νῦν
2688 1874 2783 1927 καὶ
2808 1874 2916 1939 ἀεὶ,
2965 1873 3061 1928 καὶ
3091 1876 3171 1938 εις
3198 1875 3326 1939 τοὺς
3363 1874 3568 1938 αἰῶνας
3619 1875 3729 1927 τῶν

477 1976 535 2019 et
573 1980 819 2036 semper,
855 1974 909 2022 et
938 1964 995 2020 in
1028 1965 1227 2022 saecula
1255 1960 1606 2020 saeculorum.
1638 1962 1837 2021 Amen.
1871 1964 1974 2036 (l).

551 2131 628 2196 (3)
669 2127 1035 2185 Consentiunt
1074 2129 1227 2184 hisce
1251 2126 1405 2185 Actis
1441 2146 1505 2187 ea
1546 2146 1668 2198 quae
1718 2136 1846 2184 ante
1873 2142 2047 2183 annos

482 2201 634 2256 mille
695 2209 750 2254 et
772 2211 992 2271 centum
1039 2199 1106 2254 de
1137 2200 1270 2271 Ahac
1297 2201 1513 2271 virgine
1547 2199 1767 2269 scripsit
1802 2198 2047 2253 Alcimus

479 2271 676 2326 Avitus
696 2269 1026 2327 Viennensis
1062 2269 1356 2338 episcOpns
1389 2269 1455 2329 ad
1487 2270 1757 2325 Justitiam
1795 2281 2044 2324 sororem

2156 1965 2389 2020 αἰώνων.
2436 1967 2630 2037 Ἀμήν.

2153 2126 2222 2182 de
2262 2128 2428 2199 laude
2482 2127 2752 2199 castitatis
2790 2144 2805 2182 :
2852 2128 2983 2183 item
3044 2126 3113 2182 iis
3135 2128 3193 2184 S.
3238 2127 3491 2199 Eugeniae
3577 2125 3729 2199 Actis

2155 2212 2290 2268 quas;
2315 2198 2370 2252 in
2431 2199 2572 2254 Vitis
2622 2196 2846 2268 Patrum
2898 2208 3281 2268 recensentur,
3324 2196 3455 2268 'quze
3503 2197 3728 2267 quidam

2156 2266 2458 2337 praeierunt
2491 2268 2571 2326 sic
2598 2284 2627 2323 a
2661 2267 2867 2323 Grmcis
2895 2267 3210 2339 descriptis.
