4122 6380
337 374 455 437 657

1455 370 1633 429 VITA
1679 369 1743 428 S.
1785 368 2183 432 THEODORI
2220 371 2528 434 GRAPTI.

3493 382 3603 445 6.38

338 500 438 544 τα,
472 479 568 533 καὶ
600 479 727 542 τοὺς
762 476 1002 546 σεμνοὺς
1040 475 1302 547 τρόπους,
1342 474 1537 529 ἑαυτὸν
1583 475 1874 546 ῥυθμίζειν
1907 489 1923 505 ·

2032 476 2374 543 versabalur,
2417 494 2580 547 quam
2628 478 2683 533 in
2718 481 3044 538 venerandis
3103 484 3340 555 templis.
3377 485 3605 543 Nullum

340 570 616 641 καύχημα
646 570 693 623 δ’
725 568 937 623 ἐκείνου
963 567 1058 621 καὶ
1079 568 1468 638 σεμνολδγημα
1494 566 1556 620 τδ
1600 565 1921 634 πειθόμενον

335 660 577 730 δρᾶσθαι
606 659 847 728 γονεῦσι,
885 659 981 711 καὶ
1011 657 1301 710 συνελόντα
1329 657 1497 726 φάναι
1524 699 1539 722 ,
1574 656 1729 725 δῆλος
1754 651 1825 726 ἦν
1859 657 1925 710 ἑκ

345 752 655 823 προοιμίων
682 750 878 821 ὥσπερ
916 748 985 802 τὰ
1010 748 1209 818 εὐγενῆ
1245 749 1356 803 τῶν
1385 749 1569 819 φυτῶν
1602 749 1664 802 ὲκ
1695 747 1918 819 πρώτης

338 845 433 896 ἔτι
456 845 555 913 τῆς
583 843 843 913 βλαστῆς,
861 844 1047 906 ὁποῖος
1068 842 1175 915 ἄρα
1207 844 1307 912 τὴν
1325 840 1526 913 ἀρετὴν
1562 842 1926 913 ἀποϐήσεται.

2030 570 2080 624 ei
2147 570 2451 640 jucundius
2496 572 2892 641 spectaculum,
2952 590 3115 645 quam
3161 585 3221 632 ut
3250 576 3316 633 ad
3345 579 3606 648 pulcher-

2035 659 2204 713 rimos
2252 659 2514 730 omnique
2574 661 2860 718 honestate
2904 665 3157 721 conditos
3228 682 3409 724 mores
3471 685 3607 724 ron-

2036 749 2264 816 tuendo,
2287 766 2346 805 se
2400 751 2465 804 ad
2498 767 2594 806 eos
2650 765 3027 824 componeret.
3076 754 3205 827 Ejus
3244 758 3299 812 in
3324 774 3392 814 eo
3428 761 3605 831 posita

2032 840 2285 909 gloriatio
2333 855 2396 895 ac
2432 842 2622 905 decus,
2682 850 2743 895 ut
2801 845 3122 926 parentibus
3209 849 3603 920 obsequentem

337 946 466 988 sese
500 930 808 987 exhiberet.
872 930 937 986 Et
967 938 1025 985 ut
1075 931 1246 987 semel
1283 930 1486 996 dicam,
1536 932 1709 986 instar
1739 944 2017 1002 generosa:
2079 931 2296 999 plantae,
2334 931 2512 1000 primo
2592 934 2773 988 statim
2841 936 3081 991 ostendit
3143 941 3408 1010 germine,
3464 958 3602 1014 qua-

336 1031 414 1086 Ls
444 1041 509 1082 ac
555 1037 798 1095 quantus
826 1028 1030 1082 virtute
1049 1042 1315 1082 evasurus
1351 1038 1518 1081 esset.

418 1123 492 1174 A'.
534 1121 672 1191 Ἤδη
727 1121 785 1174 δὲ
828 1121 928 1192 τὴν
977 1121 1234 1192 παιδικὴν
1262 1120 1487 1191 ἠλικίαν
1523 1120 1789 1191 ἀμείϐων,
1843 1123 1922 1184 είς

343 1213 782 1283 γραμματιστοῦ
820 1214 1017 1286 φοιτᾷν
1048 1214 1154 1266 ὑπὸ
1185 1213 1292 1266 τῶν
1329 1213 1672 1282 γεννητόρων
1700 1211 1924 1265 κελεύε·

340 1320 460 1358 ται.
484 1305 602 1357 ἰνα
628 1304 685 1358 δὲ
723 1304 798 1376 μὴ
823 1305 984 1374 μόνον
1011 1308 1123 1364 τοῖς
1150 1304 1469 1376 μαθήμασιν
1499 1305 1925 1376 ἀσχολούμενος,

349 1394 489 1447 ἀλλὰ
509 1396 602 1449 καὶ
635 1397 771 1466 πρὸς
792 1396 994 1466 ἀρετὴν
1020 1413 1083 1448 τυ
1094 1395 1362 1465 πούμενος
1391 1391 1447 1470 ᾖ,
1471 1398 1537 1467 τῇ
1558 1395 1650 1449 τοῦ
1666 1395 1927 1466 θεοφόρου

348 1487 504 1541 Σάδα
539 1491 678 1559 μονῇ
716 1488 1095 1558 παραδίδοται,
1128 1487 1453 1541 διδασκάλου
1488 1487 1551 1558 δή
1574 1505 1722 1552 τινος
1749 1487 1928 1557 τυχὼν

345 1580 729 1649 πρεσδυτέρου
762 1595 777 1610 θ
808 1580 924 1643 ἑνός
953 1596 1097 1650 φημι
1157 1579 1266 1633 τῶν
1308 1580 1409 1650 τῆς
1438 1578 1770 1649 Ἐκκλησίας
1807 1580 1928 1651 ἅμα

345 1672 450 1739 μὲν
492 1672 572 1734 είς
621 1672 897 1736 παιδείαν,
953 1671 1073 1743 ἅμα
1118 1672 1300 1725 δὲκαὶ
1333 1674 1414 1736 είς
1437 1671 1643 1744 ἀρετὴν
1682 1670 1744 1724 τδ
1773 1688 1927 1742 τηνι-

343 1762 528 1817 καῦτα
570 1765 964 1833 πρωτεύοντος.
1015 1759 1142 1834 Εἶχε
1172 1763 1230 1817 δὲ
1274 1761 1370 1816 καὶ
1407 1762 1501 1817 τὸν
1543 1763 1770 1832 ἀδελφὸν
1797 1763 1928 1817 Θεο-

353 1856 581 1924 φάνην,
658 1856 796 1925 rp};
852 1856 961 1925 μὲν
1000 1855 1099 1926 τὴν
1159 1855 1375 1926 ἠλικίαν
1442 1855 1657 1926 χρόνοις
1711 1858 1929 1925 συχνοῖς

349 1948 714 2015 ὑστερίζοντα
754 1989 769 2014 ,
810 1949 949 2020 πρὸς
999 1948 1057 2001 δὲ
1106 1948 1206 2019 τὴν
1261 1949 1465 2020 ἀρετὴν
1512 1948 1582 2003 τὰ
1647 1950 1929 2019 δευτερεῖα

344 2038 535 2107 φέρειν
568 2039 670 2091 οὐκ
706 2040 1035 2109 ἀνεχόμενον
1064 2056 1078 2071 ⁸
1115 2040 1212 2093 καὶ
1238 2041 1299 2094 τὸ
1357 2041 1591 2110 ἁδελφὸς
1627 2036 1769 2093 εἶναι
1825 2040 1926 2094 οὐκ

344 2131 459 2183 ἀπὸ
485 2130 598 2183 τῶν
636 2133 917 2199 σαρκικῶν
968 2134 1170 2203 μᾶλλον
1220 2134 1611 2204 δμοιωμάτων,
1660 2134 1786 2186 ὅσον
1818 2132 1927 2186 ἀπὸ

348 2222 447 2275 τοῦ
479 2225 649 2294 μηδὲν
678 2224 845 2278 αὐτοῦ
878 2226 1288 2295 παραλλάττειν
1322 2227 1401 2290 είς
1433 2226 1637 2296 ἀρετὴν
1665 2224 1927 2296 βουλόμε-

346 2331 440 2366 νον
466 2330 480 2346 ·
510 2314 647 2367 ἀλλὰ
671 2316 798 2377 τοὺς
817 2314 1074 2384 ἀρίστους
1101 2315 1440 2385 μιμούμενον
1459 2316 1565 2369 τῶν
1591 2315 1923 2386 ζωγράφων,

353 2406 451 2456 καὶ
481 2406 618 2475 πρὶς
652 2406 862 2457 ἐκεῖνον
893 2404 1084 2476 ὥσπερ
1133 2409 1212 2469 εἰς
1267 2405 1577 2477 ἀρχέτυπον
1624 2406 1919 2477 βλέποντα,

349 2495 446 2546 καὶ
477 2492 748 2562 ζηλοῦντα
782 2495 880 2546 σὺν
912 2496 1190 2566 ἀκριϐείᾳ.

420 2582 496 2637 E’.
548 2585 762 2637 Ἐκεῖσε
813 2586 912 2656 μὲν
967 2585 1060 2640 οὖν
1120 2586 1457 2656 ἀμφοτέροις
1515 2588 1572 2639 αἱ
1627 2585 1922 2658 διατριϐαί.

361 2674 505 2727 Ἀλλ’
549 2674 578 2726 δ
613 2675 755 2736 θεῖος
799 2676 1111 2744 Θεόξωρος,
1152 2675 1421 2746 ὀξυτάτης
1457 2676 1784 2747 μεταλαχὼν
1822 2677 1927 2745 φύ-

349 2781 511 2829 σεως,
561 2768 659 2819 καὶ
704 2767 818 2837 τὴν,
865 2768 1117 2822 παιδείαν
1171 2769 1395 2822 ἃπασαν
1430 2772 1487 2820 ὲν
1516 2770 1696 2840 χρόνῳ
1732 2770 1927 2843 βραχεῖ

2099 1116 2186 1171 Ν.
2227 1113 2363 1169 Cum
2420 1122 2605 1168 autem
2638 1130 2668 1169 a
2709 1116 2906 1184 puerili
2952 1116 3064 1185 jam
3109 1124 3267 1172 aetate
3293 1119 3605 1176 excederet:

2024 1208 2250 1279 jubetur
2305 1222 2335 1259 a
2394 1205 2713 1275 parentibus
2804 1205 2873 1260 ad
2921 1208 3310 1275 grammatices
3405 1226 3611 1280 prtece-

2030 1310 2242 1369 ptorem
2321 1298 2615 1353 ventitare.
2668 1297 2748 1352 Ne
2804 1307 2986 1351 autem
3044 1299 3221 1352 solum
3302 1300 3610 1370 disciplinis

2031 1400 2273 1455 vacaret,
2323 1389 2419 1445 sed
2458 1390 2525 1444 ad
2584 1388 2843 1443 virtutem
2894 1405 3117 1460 quoque
3177 1391 3604 1454 inl'ormaretur.

2034 1483 2269 1539 traditur
2317 1479 2490 1537 divini
2541 1480 2698 1536 Saba:
2767 1484 3127 1539 monasterio.
3173 1485 3233 1540 In
3273 1500 3340 1541 eo
3381 1488 3609 1558 presby-

2031 1582 2209 1629 terum
2267 1568 2917 1644 (eeclesiastici‘scilieet
2970 1575 3185 1631 ordinis
3218 1578 3438 1640 virum)
3492 1595 3609 1635 ma-

2028 1664 2258 1735 gistrum
2310 1666 2580 1736 ejusmodi
2631 1676 2825 1723 nactus
2875 1679 2981 1732 est,
3016 1668 3112 1736 qui
3157 1678 3215 1722 et
3266 1670 3603 1736 eruditione,

2026 1764 2083 1810 et
2117 1757 2319 1812 virtute
2368 1767 2482 1813 tum
2528 1762 2735 1830 primas
2771 1763 3069 1818 obtineret.
3131 1759 3380 1815 llabehat
3417 1771 3602 1817 autem

2026 1858 2086 1906 et
2151 1849 2539 1920 Theophanem
2620 1855 2866 1922 fratrem,
2933 1865 3093 1910 artate
3164 1855 3387 1924 quidem
3445 1859 3604 1914 annis

2028 1956 2138 2000 non
2206 1944 2403 2010 paucis
2460 1944 2770 2013 juniorem;
2829 1955 2886 2002 at
2945 1947 3039 2016 qui
3111 1943 3328 1999 virtutis
3380 1947 3604 2002 nomine

2030 2054 2211 2109 neque
2281 2037 2557 2093 secundas
2641 2038 2786 2094 ferre
2846 2041 3184 2104 sustineret,
3261 2041 3464 2110 quique
3528 2042 3604 2096 ita

2028 2136 2376 2197 comparatus
2403 2139 2586 2195 esset,
2623 2139 2681 2184 ut
2742 2146 2851 2185 non
2898 2140 3005 2185 tam
3060 2149 3126 2187 ex
3183 2134 3390 2188 carnali
3447 2132 3603 2188 simi-

2026 2223 2285 2291 litudine,
2338 2238 2502 2291 quam
2560 2237 2628 2277 ex
2690 2222 2914 2277 virtutis
2966 2214 3604 2280 summa'consensione

2027 2329 2092 2369 ac
2119 2315 2371 2385 paritate,
2415 2314 2564 2369 illius
2614 2312 2782 2368 frater
2818 2312 2982 2379 vellet
3036 2314 3287 2380 enitere;
3339 2315 3604 2383 optimos-

2027 2421 2133 2476 que
2173 2410 2461 2462 remulatns
2495 2408 2754 2477 pictores,
2790 2406 2844 2459 in
2875 2421 3001 2460 eum
3052 2419 3112 2462 ut
3156 2407 3436 2476 exemplar
3457 2421 3605 2461 con-

2028 2503 2211 2561 tuens,
2253 2505 2444 2552 exacte
2490 2497 2718 2551 omnino
2766 2491 2917 2553 il'lius
2966 2500 3203 2555 ducebat
3232 2498 3606 2552 characteres.

2100 2592 2165 2648 V.
2231 2593 2413 2662 Atque
2486 2592 2603 2647 illic
2662 2591 2885 2660 quidem
2967 2592 3128 2647 ambo
3209 2590 3601 2646 versabantur:

2029 2685 2310 2740 enimvero
2367 2685 2585 2739 divinus
2656 2684 3004 2752 Theodorus,
3064 2701 3188 2741 cum
3258 2680 3604 2738 subtilissimi

2032 2776 2238 2845 ingenii
2302 2787 2470 2839 esset,
2543 2790 2607 2829 ae
2675 2775 2828 2829 hrevt
2887 2783 3141 2845 tempore
3203 2774 3606 2829 institutionem

345 2846 597 2922 διελθὼν,
628 2858 978 2930 ὑψηλοτέρων
992 2878 1050 2913 τε
1079 2860 1423 2930 μαθημάτων
1452 2861 1631 2932 ἔρωτα
1653 2863 1923 2933 ἐσχηκὼς,

2032 2882 2248 2923 omnem
2292 2877 2549 2939 artesque
2603 2867 2776 2923 bonas
2821 2867 3181 2930 decurrisset,
3214 2866 3603 2922 sublimiorum

345 2947 516 3012 ἔξεισι
553 2950 652 3018 μὲν
676 2954 777 3019 τῆς
802 2952 974 3022 μονῆς
1005 2967 1020 2983 δ
1063 2952 1220 3022 ἀνδρὶ
1245 2953 1303 3005 δέ
1328 2969 1436 3005 τινι
1469 2956 1796 3026 προσφοιτᾷ,
1824 2956 1923 3026 τὴν

349 3043 450 3105 μὲν
494 3039 717 3108 ἡλικίαν
749 3043 1049 3112 προήκοντι
1089 3056 1103 3072 ·
1139 3041 1244 3095 ἁνέι
1275 3042 1435 3110 λόγον
1481 3043 1540 3096 δὲ
1588 3045 1681 3096 τοῦ
1731 3046 1923 3115 χρόνου

344 3131 445 3185 καὶ
493 3131 701 3203 ἀρετὴν
747 3133 1081 3203 ἀσκήσαντι,
1111 3133 1206 3188 καὶ
1239 3134 1486 3187 παιδείαν
1523 3134 1922 3206 συλλεξαμένῳ.

358 3222 588 3294 ἐκείνῳ
614 3224 909 3293 τοιγαροῦν
937 3225 1143 3294 ὁμιλῶν
1164 3265 1180 3290 ,
1214 3225 1317 3297 τῆς
1340 3242 1400 3278 τε
1441 3226 1645 3297 ἀρετῆς
1677 3228 1926 3299 μιμητὴς

351 3316 593 3382 γίνεται,
648 3318 744 3369 καὶ
795 3315 930 3386 πρὸς
967 3316 1066 3387 τὴν
1099 3318 1197 3387 τῆς
1243 3317 1494 3380 παιδείας
1528 3318 1817 3388 ἀντίληψιν
1862 3319 1924 3372 οὐ

351 3408 552 3462 πολλοῦ
585 3408 758 3462 δεῖται
797 3398 995 3479 χρόνου
1014 3423 1028 3438 ⁸
1064 3410 1201 3462 ἀλλᾶ
1231 3409 1309 3479 τῷ
1343 3410 1532 3480 πτηνῷ
1554 3413 1650 3465 καὶ
1674 3409 1926 3480 διαπύρῳ

349 3503 452 3571 τῆς
487 3500 726 3570 φύσεως,
758 3503 852 3555 καὶ
892 3502 969 3573 τῷ
1003 3502 1239 3572 συντόνῳ
1278 3502 1379 3572 τῆς
1416 3504 1547 3573 περὶ
1592 3502 1766 3557 ταῦτα
1798 3504 1926 3555 ἑπι-

355 3594 600 3665 μελιίας,
653 3594 837 3647 πάντα
886 3594 943 3646 ὲν
989 3593 1156 3663 ὀλίγῳ
1187 3592 1325 3662 πρὸς
1357 3592 1457 3662 τὴν
1487 3594 1680 3647 ἑαυτοῦ
1735 3594 1918 3667 ψυχὴν

349 3686 704 3754 είσῳκίσατο.
760 3688 870 3741 Καὶ
932 3686 1215 3757 μάρτυρες
1261 3687 1471 3740 τούτων
1517 3688 1568 3740 οἱ
1625 3686 1796 3755 λόγοι,
1832 3689 1926 3752 οὓς

351 3781 516 3843 αὐτὸς
573 3778 803 3848 ὕστερον
885 3778 1028 3851 ὑπὲρ
1083 3779 1370 3843 εὐσεϐείας
1419 3779 1659 3847 ἐξέθετο,
1723 3784 1772 3835 εξ
1832 3785 1927 3836 καὶ

352 3871 535 3941 πάσης
566 3871 664 3940 τῆς
695 3872 825 3942 περὶ
857 3870 1024 3925 αὐτοῦ
1062 3871 1140 3941 (2)
1176 3872 1491 3943 φιλοτιμίας
1523 3871 1796 3943 ἀνώτερος
1827 3869 1918 3945 ἦν.

419 4046 514 4116 ς’.
591 4049 733 4103 Ἀλλ’
790 4052 823 4120 ή
878 4049 980 4120 μὲν
1027 4052 1157 4120 περὶ
1221 4052 1351 4115 τοὺς
1432 4050 1625 4120 λόγους
1701 4051 1928 4122 ἀσχολία

350 4142 517 4213 μέχρι
566 4144 728 4206 τινός.
799 4143 986 4196 Ἐνίκα
1057 4142 1168 4215 γὰρ
1205 4146 1233 4197 ό
1272 4144 1371 4213 τῆς
1446 4144 1652 4215 ἀρετῆς
1716 4142 1927 4208 πόθος,

2031 2959 2446 3029 disciplinarum
2472 2975 2659 3015 amore
2684 2969 2899 3029 captus,
2944 2976 2975 3015 e
3052 2958 3385 3014 monasterio
3425 2972 3608 3028 ρει-εει

2031 3067 2125 3106 sus
2158 3053 2224 3105 ad
2273 3052 2453 3105 virum
2500 3053 2791 3120 quemdam
2831 3051 2970 3114 adit,
3010 3059 3168 3105 aetate
3208 3049 3429 3119 quidem
3477 3063 3604 3119 pro-

2033 3153 2244 3197 vectum
2265 3159 2279 3208 ;
2300 3142 2392 3196 sed
2413 3141 2506 3212 qui
2527 3157 2625 3211 pro
2649 3143 2909 3213 temporis
2933 3148 3142 3197 ratione
3164 3144 3422 3196 virtutem
3450 3156 3544 3196 exc
3555 3157 3607 3196 r-

2032 3235 2253 3299 cuisset,
2289 3250 2351 3288 ac
2399 3234 2770 3290 eruditionem
2820 3250 3036 3291 omnem
3088 3243 3477 3304 comparasset,
3524 3234 3604 3289 illi

2033 3342 2252 3397 operam
2298 3326 2552 3380 daturus.
2593 3324 2729 3380 Cum
2760 3326 2852 3381 illo
2875 3340 3006 3396 ergo
3051 3338 3294 3387 versans,
3334 3333 3445 3377 tum
3491 3323 3604 3376 vir-

2037 3419 2170 3473 tutis
2200 3419 2258 3471 lit
2291 3418 2556 3483 imitator,
2607 3426 2720 3472 tum
2752 3433 2877 3477 non,
2902 3417 3075 3471 multo
3116 3427 3359 3486 tempore
3394 3413 3640 3485 indiget.

2033 3511 2100 3565 ad
2153 3510 2502 3582 disciplinam
2550 3526 2768 3565 omnem
2828 3510 3187 3579 capiendam:
3257 3508 3352 3564 sed
3403 3508 3607 3578 ingenii

2036 3602 2318 3657 celeritate
2371 3603 2603 3672 ejusque
2651 3603 2808 3672 ignea
2840 3603 2913 3667 vi,
2942 3617 3045 3657 nec
3097 3617 3205 3656 non
3236 3609 3292 3656 et
3334 3602 3447 3655 acri
3477 3616 3609 3656 eon-

2037 3701 2291 3763 tentaque
2354 3694 2657 3765 diligentia,
2707 3694 2847 3749 intra
2918 3695 3116 3749 breves
3180 3708 3361 3749 moras
3411 3702 3608 3749 cuncta

2045 3786 2228 3840 animo
2258 3787 2461 3841 hausit.
2493 3786 2573 3841 Ac
2607 3796 2769 3842 testes
2816 3794 2965 3853 sunt,
2992 3801 3132 3857 quos
3171 3786 3261 3843 ille
3293 3796 3477 3857 postea
3505 3801 3609 3856 pro

2038 3877 2239 3932 tuenda
2288 3877 2488 3945 pietate
2533 3876 2711 3931 libros
2762 3877 2960 3942 edidit,
3017 3877 3123 3932 etsi
3168 3878 3316 3930 omni
3357 3876 3610 3946 superior

2033 3968 2404 4033 aemulatione,
2460 3983 2562 4038 pro
2602 3967 2933 4025 eruditionis
2970 3968 3060 4024 illa
3108 3968 3445 4038 praestantia,
3479 3966 3605 4022 fuit.

2105 4060 2195 4118 Vl.
2235 4059 2341 4115 Sed
2374 4058 2691 4129 aliquandiu
2745 4059 2966 4129 quidem
3019 4067 3270 4114 versatus
3315 4067 3403 4113 est
3440 4060 3499 4112 in
3519 4057 3611 4112 lit.

2036 4154 2192 4209 teris.
2225 4150 2496 4207 Vineehat
2534 4152 2682 4205 enim
2714 4150 2938 4205 virtutis
2975 4165 3148 4215 amor,
3204 4150 3270 4206 id.
3318 4165 3506 4221 agens,
3549 4161 3610 4205 ut

346 4230 469 4283 ὅλον
502 4231 817 4295 εἰς’ἑαυτον
865 4234 1195 4304 ἁπασχολεῐν
1248 4233 1593 4304 βουλόμενος,
1623 4238 1721 4287 καὶ
1757 4233 1832 4305 μὴ
1864 4236 1926 4304 τῇ

2040 4254 2211 4299 totum
2256 4243 2361 4299 sibi
2428 4241 2730 4309 addiceret,
2780 4256 2884 4296 nec
2936 4241 3124 4310 sinens
3184 4233 3248 4295 ut
3300 4243 3608 4296 studiorum

355 4322 492 4392 πρὸς
521 4323 769 4386 ἐκείνους
798 4325 1089 4396 ἐπιμελείᾳ
1118 4326 1220 4396 τὴν
1273 4327 1504 4397 διηνεκῆ
1535 4327 1740 4394 ταύτης
1775 4341 1935 4396 περι-

349 4416 649 4467 κόπτεσθαι
702 4415 945 4486 ὁμιλίαν.
984 4418 1207 4487 Ἀμέλει
1242 4417 1339 4470 καὶ
1379 4414 1537 4480 αὖθις
1570 4420 1636 4489 τῇ
1683 4417 1779 4471 τοῦ
1812 4418 1933 4471 θεο-

350 4504 519 4575 φόρου
566 4503 717 4557 Σάδα
777 4508 914 4575 μονῇ
959 4507 1146 4575 φέρων
1198 4506 1393 4559 ἑαυτὸν
1443 4506 1669 4560 δίδωσι⁶
1722 4507 1817 4560 καὶ
1864 4503 1932 4578 ἦν

347 4593 524 4657 οὕτως
558 4596 663 4648 ὑπὸ
694 4596 813 4666 Θεῷ
856 4598 988 4663 ζῶν,
1035 4599 1176 4669 ἔργα
1227 4616 1287 4652 τε
1346 4599 1549 4669 μετιὼν
1626 4598 1929 4669 ὀφθαλμῶν

351 4690 564 4742 ἐκείνου
637 4690 748 4743 τῶν
804 4691 1066 4763 καθαρῶν
1112 4692 1258 4757 ἄξια.
1343 4691 1624 4746 Ἐντεῦθεν
1680 4692 1765 4756 τίς
1813 4692 1911 4761 μὲν

348 4780 631 4851 θεοδὼρου
661 4783 722 4835 το
740 4784 997 4855 φρόνημα
1022 4783 1391 4856 μετριώτερος
1416 4800 1432 4848 ;
1456 4785 1550 4847 Τίς
1573 4783 1630 4837 δὲ
1650 4784 1925 4855 κρατῆσαι

354 4873 532 4941 θυμοῦ
571 4876 981 4944 γενναιότεροςς
1044 4876 1141 4938 Τίς
1199 4875 1337 4945 πρὸς
1394 4874 1692 4944 ἐπιθυμίας
1746 4875 1926 4945 ὁρμὰς

355 4967 780 5036 ἀκλινέστεροςς
844 4968 940 5032 Τίς
990 4965 1135 5020 οὕτω
1189 4968 1284 5020 καὶ
1323 4967 1506 5037 λέγειν
1554 4968 1651 5021 καὶ
1714 4969 1928 5039 σιωπᾷν

2035 4337 2125 4391 illa
2166 4335 2490 4406 diligentia,
2536 4334 2689 4404 jugix
2735 4349 2858 4388 eum
2911 4348 2974 4388 ea
3032 4333 3376 4388 consuetudo
3431 4332 3610 4388 inter-

2034 4437 2404 4492 rumperetur.
2467 4425 2753 4495 Denique,
2824 4423 3000 4477 divini
3059 4421 3216 4477 Saba:
3268 4424 3604 4481 monasterio

2031 4533 2092 4573 se
2124 4533 2317 4576 rursus
2340 4516 2528 4581 tradit;
2575 4526 2740 4586 atque
2807 4515 2862 4569 in
2916 4530 3042 4571 eum
3081 4514 3305 4568 modum
3349 4513 3457 4568 vita
3503 4515 3614 4568 Deo

2033 4604 2242 4672 dedita,
2312 4621 2437 4675 qua:
2495 4604 2644 4660 illius
2693 4603 2919 4659 mundis
2981 4603 3158 4659 oculis
3222 4602 3384 4673 digna
3448 4616 3613 4671 opera

2033 4708 2254 4764 essent,
2308 4706 2453 4752 totus
2514 4696 2962 4752 consectabatur.
3019 4694 3183 4756 Hinc.
3249 4693 3374 4764 quis
3430 4691 3614 4747 Theo-

2034 4794 2171 4847 doro
2195 4807 2357 4847 sensu
2393 4789 2694 4845 modestior
2716 4790 2740 4843 ?
2766 4788 2900 4859 Quis
2939 4788 3005 4844 ad
3037 4787 3428 4844 continendam
3463 4787 3601 4840 iram

2035 4882 2129 4936 illo
2186 4880 2547 4950 generosior?
2611 4880 2746 4946 Quis
2816 4881 2884 4934 ad
2942 4879 3259 4949 cupiditatis
3342 4876 3612 4946 explenda

2036 4972 2305 5028 desideria
2361 4971 2621 5042 rigidior?
2664 4971 2803 5038 Quis
2852 4971 3071 5027 dicendi
3159 4978 3325 5040 atque
3398 4966 3611 5023 tacendi

353 5059 774 5128 εὖκαιρότατος,
809 5061 1005 5129 καιρόν
1033 5075 1092 5111 τε
1115 5057 1318 5112 εἰδέναι
1342 5058 1548 5121 παντὸς
1576 5057 1926 5129 πράγματος,

2032 5062 2395 5133 οενροτῑιιηίιιε
2460 5072 2735 5117 momenta
2790 5061 3143 5126 observabat,
3168 5076 3232 5116 ac
3274 5060 3613 5133 eujusvisrri

352 5151 430 5213 ὡς
467 5150 597 5221 μήθ’
630 5149 864 5222 ἡσυχίαν
896 5150 1186 5220 ἀτιμάσαι,
1230 5153 1367 5221 μήτε
1398 5150 1714 5222 παρρησίαν
1746 5150 1920 5219 μεθεῖ-

355 5260 445 5295 ναι
466 5243 555 5295 διὰ
589 5243 866 5312 μαλακίαν
884 5243 1070 5313 ψυχῆς
1091 5242 1185 5297 καὶ
1210 5242 1563 5313 φρονήματος
1588 5241 1888 5309 ὑπτιότητα
1910 5258 1925 5308 ;

355 5336 453 5400 Τίς
477 5335 622 5390 οὕτω
652 5338 835 5407 σάρκα
869 5354 930 5389 τε
971 5335 1223 5399 ἐκόλασε,
1274 5336 1370 5389 καὶ
1416 5333 1697 5403 ὀφθαλμὸν
1749 5333 1933 5404 ἐχαλίο

2029 5153 2292 5210 faciendae
2346 5165 2561 5224 tempus
2598 5154 2998 5224 pernoseebat?
3049 5162 3108 5208 ut
3152 5168 3330 5222 neque
3370 5151 3615 5222 quietem

2029 5245 2422 5314 silentiumque
2464 5253 2865 5311 contemneret,
2921 5259 3102 5313 neque
3155 5252 3380 5313 propter
3438 5241 3610 5297 animi

2031 5338 2345 5405 mollitiem,
2403 5337 2788 5407 abiectumque
2851 5351 2916 5391 ac
2976 5335 3275 5392 demissum
3334 5334 3612 5404 spiritum,
3684 5368 3685 5371 η

1602 5456 1705 5516 Fr.
1755 5452 2124 5516 Combeﬁsii
2174 5458 2359 5513 notis.

434 5562 511 5644 (εξ)
545 5563 685 5644 Περί
718 5558 1528 5644 abtoﬁ:lipomanz‘interpr.
1562 5557 1941 5644 fortelegerit

363 5630 500 5705 1:5le
547 5634 728 5686 αὐτῶν
750 5672 764 5696 ,
829 5630 1119 5705 redditque
1155 5649 1171 5687 :
1201 5630 1938 5705 Etiamsiesset-ex_cetsior,

364 5698 525 5775 quem
564 5711 621 5775 ut
666 5719 730 5759 ex
771 5705 845 5758 eis
874 5698 1042 5758 ullant
1081 5702 1295 5775 laudem
1341 5699 1587 5775 enabiret.
1634 5699 1741 5775 sed
1788 5698 1940 5775 nulla

361 5767 671 5851 lia-oratio.
714 5775 1050 5851 Plaueenim
1094 5773 1435 5851 adversa-uva
1494 5767 1935 5851 superiusjllud

359 5843 609 5913 respicit,
635 5862 743 5917 quo
774 5846 936 5912 dixit,
973 5859 1193 5901 omnem
1224 5845 1279 5897 ὲν
1309 5841 1492 5909 ὀλίγῳ,
1528 5837 1602 5896 εἷς
1646 5837 1783 5894 brcti
1814 5845 1941 5892 tem-

2048 5571 2193 5636 pore,
2225 5553 2573 5636 disciplinam
2611 5552 2865 5636 adeptum
2896 5566 3051 5618 esse;
3082 5567 3202 5622 quae
3238 5560 3423 5636 tamen
3456 5558 3615 5636 tanta

2049 5619 2105 5680 in
2157 5619 2224 5679 eo
2265 5619 2432 5687 esset,
2481 5634 2541 5678 ut
2585 5619 2985 5677 aemulationem
3036 5619 3266 5677 omnem
3303 5619 3614 5685 excederet,

2049 5709 2173 5749 cum
2206 5695 2400 5756 soleat,
2432 5708 2540 5762 qua
2572 5693 2651 5747 sic
2687 5692 2838 5747 brevi
2885 5696 3011 5762 quis
3054 5690 3619 5755 scientia'iutbuitue.

2044 5763 2387 5821 det‘unctoria
2410 5778 2475 5818 ac
2505 5763 2877 5837 impertectior
2902 5779 3043 5820 esse.
