4120 6378
291 349 396 417 661

294 467 512 536 γίνεται
558 462 724 522 πάλιν
771 462 896 533 όφις
944 461 1043 517 καὶ
1091 460 1258 517 πάλιν
1292 459 1543 531 διάϐολος
1575 475 1589 490 ·

296 556 453 628 σύρει
501 554 631 620 τοὺς
663 555 847 618 θείους
878 553 1082 625 νόμους
1129 554 1159 607 ό
1210 552 1407 625 μιαρδς
1452 551 1548 606 καὶ
1603 551 1879 621 decimis;-

296 647 393 702 καὶ
423 646 842 719 παρερμηνεύει
874 646 1042 701 πάλιν
1065 645 1160 700 τοῦ
1192 645 1491 715 νομοθέτου
1522 643 1585 699 τὸ
1607 643 1885 715 βούλημα.

297 743 412 798 Καὶ
442 743 579 797 Θεοῦ
616 743 717 812 μὲν
754 741 938 810 εἰδὼς,
978 742 1055 806 ὡς
1095 742 1197 814 οὐχ
1224 737 1349 807 οἶός
1380 742 1442 797 τὲ
1474 742 1626 796 ἐστιν
1648 740 1887 811 ἁφιστᾷν

293 834 426 897 τοὺς
469 832 798 904 ἀνθρώπους
824 875 840 900 ,
873 833 1178 906 δελεάματι
1211 836 1381 907 κιρνᾷ
1412 834 1515 905 τὴν
1563 832 1884 904 ἐπιϐουλὴν,

296 928 396 982 καὶ
423 927 663 999 Χριστὸν
686 928 979 998 ἀρνεῖσθαι
1008 926 1225 981 πείθειν
1251 927 1554 992 ἀδυνατῶν,
1586 926 1688 998 τὴν
1720 925 1889 980 αὐτοῦ

300 1015 458 1070 θείαν
513 1017 703 1070 εἰκόνα
761 1020 1102 1088 προσκυνεῖν
1160 1018 1300 1082 ὅλως
1366 1017 1709 1087 ἀπαγορεύει
1742 1034 1757 1051 ο
1820 1016 1890 1071 ἶν’

298 1103 444 1160 οὕτω
499 1105 640 1178 λάθῃ
690 1106 789 1162 καὶ
821 1107 924 1177 τὴν
963 1110 1065 1178 τῆς
1102 1107 1315 1167 ἐκείνου
1380 1107 1718 1180 σαρνκὼσεως
1781 1106 1892 1164 ἀπὸ

296 1196 491 1268 ψυχῶν
518 1199 843 1267 ὁμολογίαν,
879 1201 975 1254 καὶ.
1008 1200 1103 1255 τὸν
1134 1200 1208 1255 δι’
1259 1201 1484 1271 ἐκείνης
1540 1201 1705 1272 ἡμῶν
1753 1202 1892 1271 πρὸς

298 1292 392 1345 τὸν
452 1289 704 1345 σώσαντα
767 1291 937 1345 πόθον
1023 1293 1146 1347 κατ’
1180 1339 1193 1359 ι
1230 1292 1416 1364 ὀλίγον
1468 1293 1889 1365 ἁπομαραίνων.

328 1383 487 1438 Ἐπεὶ
513 1383 571 1436 δὲ
592 1386 662 1438 τὰ
690 1383 796 1454 τῆς
826 1384 1125 1453 ἐπιϐουλῆς
1165 1385 1307 1439 κατὰ
1356 1385 1482 1441 νοῦν
1532 1386 1685 1456 αὐτῷ
1729 1404 1895 1458 προε-

314 1476 489 1545 χώρει
518 1470 666 1545 (εὗρε
699 1474 813 1546 γὰρ
839 1475 1185 1545 ἐπιτηδείους
1213 1476 1392 1547 ψυχὰς
1416 1475 1556 1547 πρὸς
1582 1476 1682 1547 τὴν
1722 1476 1893 1531 αὐτοῦ

305 1566 638 1635 σπερμάτων
674 1564 992 1637 ὑποδοχὴν),
1039 1565 1086 1619 ὣ
1123 1569 1223 1637 τῆς
1254 1566 1455 1637 πολλῆς
1482 1584 1576 1621 σου
1617 1566 1898 1639 μακροθυ-

309 1660 479 1728 μίας,
521 1658 757 1728 Χριστέι
796 1656 990 1727 φθάνει
1034 1658 1129 1711 καὶ
1173 1657 1338 1727 μέχρι
1393 1657 1659 1729 βασιλέων
1691 1658 1892 1723 αὐτῶν,

307 1754 402 1806 καὶ
440 1751 604 1805 πλέον
637 1751 815 1823 ἰσχύει
845 1751 1077 1822 δύναμιν
1127 1751 1404 1822 εὑρίσκων
1444 1750 1554 1806 ἀπὸ
1604 1752 1703 1823 τῆς
1737 1750 1895 1817 ἐξου-

313 1843 434 1906 σίας
456 1863 468 1872 ’
501 1846 597 1899 καὶ
629 1845 875 1916 τοσούτῳ
908 1842 1189 1914 βοηθεῖται
1216 1844 1295 1913 τῷ
1326 1845 1545 1915 κράτει,
1574 1842 1775 1914 μικροῦ
1801 1841 1896 1896 καὶ
1926 1826 1968 1883 Β

308 1933 564 2001 γενέσθαι
586 1937 736 2005 ἡμᾶς
767 1935 843 1998 ὡς
863 1936 926 1989 τὸ
945 1937 1006 2003 ἐξ
1030 1935 1235 2007 ἀρχῆς,
1266 1936 1296 1990 ὂ
1318 1953 1453 2007 φησι
1476 1937 1545 1991 τὰ
1569 1936 1688 2008 ἱερὰ
1710 1935 1894 2004 λόγια,

310 2028 398 2081 ὅτε
435 2029 540 2082 οὐκ
575 2023 747 2100 ἦρχεν
783 2030 920 2099 ἡμῖν
956 2027 1183 2099 Κύριος.

384 2297 443 2356 ι’.
510 2300 742 2364 Λέοντος
784 2301 894 2374 γὰρ
927 2304 1234 2373 τηνικαῦτα
1260 2305 1358 2359 τοῦ
1387 2305 1445 2371 ἐξ
1485 2307 1792 2377 ’Λρμενίων
1835 2307 1898 2361 τὸ

315 2392 473 2462 γένος
529 2393 811 2458 ἕλκοντος,
868 2398 1122 2467 τυράννῳ
1192 2397 1343 2469 χειρὶ
1402 2397 1515 2450 τῶν
1599 2400 1900 2470 σκήπτρων

315 2485 748 2555 ἐπειλημμένον,
778 2489 875 2541 καὶ
897 2487 990 2541 τὸν
1031 2487 1234 2559 εὐσεϐῆ
1266 2488 1491 2559 βασιλέα
1547 2491 1771 2561 Μιχαὴλ
1800 2492 1901 2563 τῆς

323 2575 423 2645 μὲν
483 2578 660 2649 ἀρχῆς
709 2578 1155 2650 παραλύσαντος,
1209 2582 1455 2652 σχήματι
1486 2582 1542 2636 δὲ
1574 2585 1669 2635 καὶ
1701 2582 1803 2655 βίῳ
1832 2586 1902 2639 τὰ

315 2668 425 2721 τῶν
478 2669 733 2740 μοναχῶν
782 2672 1029 2739 μετιέναι
1079 2675 1655 2742 παρασκευάσαντος’
1693 2678 1902 2740 ἐκεῖνος

322 2759 420 2830 μὲν
456 2761 515 2813 τὸ
561 2761 822 2817 ἀκούσιον
851 2764 1078 2829 ἀλύπως
1139 2767 1214 2828 ὡς
1255 2768 1401 2821 κατὰ
1453 2767 1684 2839 γνώμην
1730 2786 1903 2837 προσο

319 2850 471 2903 ίετοο
528 2853 694 2915 αὐτὸς
745 2855 803 2907 δὲ
867 2857 1006 2927 πρὸς
1086 2860 1284 2928 μικρὶν
1334 2858 1416 2911 ἔτι
1478 2860 1580 2928 τὴν
1639 2859 1903 2914 ἀσέϐειαν

320 2942 469 2998 ἔνδον
508 2946 869 3019 οίκουροῦσαν
918 2950 1092 3021 ἔχων,
1148 2951 1335 3020 ἐξάγει
1378 2953 1586 3023 ταύτην
1636 2955 1720 3016 είς
1764 2954 1899 3023 φῶς,

319 3034 510 3108 ὥσπερ
541 3055 594 3093 τι
624 3040 781 3094 νόθον
832 3043 930 3096 καὶ
972 3043 1210 3115 πονηρὸν
1251 3046 1506 3114 γέννημα
1538 3057 1556 3076 ο
1603 3047 1699 3098 καὶ
1744 3044 1904 3115 δῆλος

320 3127 421 3181 οὐκ
455 3130 538 3219 είς
591 3134 814 3204 μακρὰν
854 3135 1093 3202 γίνεται,
1129 3136 1370 3206 χαλεπὸν
1404 3136 1587 3190 πνέων
1615 3135 1759 3191 κατὰ
1794 3136 1904 3190 τῶν

329 3220 495 3274 θείων
527 3223 775 3292 εἰκόνων,
813 3227 908 3281 καὶ
934 3228 1180 3299 ἀναιρῶν
1203 3228 1303 3299 τὴν
1338 3228 1745 3299 προσκύνησιν.
1789 3230 1906 3285 Καὶ

325 3314 521 3385 πρῶτα
561 3317 661 3385 μὲν
687 3319 1023 3387 συνεξορίζει
1045 3320 1124 3393 τῷ
1155 3321 1255 3391 τῆς
1313 3320 1625 3391 ὀρθοόοξίας
1657 3323 1909 3394 ἀρχιερεῖ

324 3404 423 3475 τὴν
482 3406 774 3465 εὐσέϐειαν
807 3426 820 3441 ’
857 3413 1053 3466 ἔπειτα
1122 3416 1219 3468 καὶ
1276 3418 1542 3488 κατασπᾷ
1585 3417 1695 3471 τῶν
1745 3416 1908 3487 ἱερῶν

323 3500 729 3568 είκονισμάτων
770 3504 832 3556 τὸ
878 3505 1101 3571 κάλλος,
1152 3507 1346 3578 ὥσπερ
1395 3510 1551 3571 τινὰς
1592 3508 1910 3579 ὀφθαλμοὺς

326 3588 621 3655 ἀμϐλύνων
668 3592 768 3661 τῆς
821 3593 1174 3668 Ἐκκλησίας.
1224 3600 1333 3653 Καὶ
1385 3601 1413 3652 ό
1471 3600 1570 3669 μὲν
1622 3599 1911 3669 ὀρθόδοξος

326 3680 644 3752 ἀρχιερεὺς,
681 3685 871 3758 ὥσπερ
906 3689 1066 3761 ἔφην,
1102 3692 1381 3764 ἐξόριστος
1417 3694 1652 3762 γίνεται¹
1684 3695 1902 3746 ἀντεισ-

330 3778 522 3845 άγεται
573 3780 629 3833 δὲ
672 3784 944 3852 μισθωτὸς
978 3827 993 3847 .
1040 3791 1135 3842 καὶ
1187 3790 1312 3860 οὐχὶ
1374 3790 1604 3861 ποιμὴν,
1650 3790 1912 3861 ὁμόφρων

329 3871 404 3940 τῷ
444 3874 701 3946 τυράννῳ
730 3880 825 3931 καὶ
851 3880 1134 3952 σύμψυχος
1167 3882 1268 3954 τὴν
1292 3884 1551 3937 ἀσέϐειαν
1572 3900 1586 3914 ·
1608 3886 1641 3937 ό
1678 3884 1910 3952 βωμὸς,

331 3966 485 4033 φασὶ,
518 3969 673 4037 πρὸς
718 3971 788 4024 τὸ
837 3973 1000 4040 ιερόν
1034 3991 1047 4005 ’
1097 3977 1196 4031 καὶ
1237 3977 1337 4048 τὴν
1375 3978 1547 4032 πάλαι
1580 3975 1913 4047 τεθνηκυῖαν

332 4062 553 4131 αἵρεσιν
593 4067 727 4136 περὶ
762 4069 866 4133 τὰς
914 4072 1124 4137 σεπτὰς
1157 4073 1377 4134 εἰκόνας
1407 4073 1718 4143 ἀναστῆσαι
1758 4071 1914 4140 φιλο-

332 4155 548 4220 νεικῶν.
575 4156 738 4212 Ἀλλὰ
763 4160 871 4231 γὰρ
900 4156 987 4215 οἷα
1012 4163 1084 4216 τὰ
1113 4163 1208 4218 τοῦ
1229 4164 1364 4217 Θεοῦ
1400 4163 1679 4236 κρίματαί
1720 4162 1784 4216 'll
1810 4163 1914 4219 τῶν

334 4246 683 4316 ἁμαρτωλῶν
737 4252 932 4321 ῥάϐδος
980 4254 1145 4319 εὐθὺς
1195 4255 1319 4309 καθ’
1372 4257 1533 4326 ἡμῶν
1599 4253 1913 4323 ὲπαφίεται,

335 4335 421 4389 ἵνα
451 4336 561 4390 κᾶν
617 4339 761 4393 οὕτω
803 4343 1079 4412 συνῶμεν,
1124 4347 1310 4399 ὁποῖον
1367 4346 1433 4418 δὴ
1492 4346 1585 4399 τὸν
1636 4343 1917 4414 Δεστιότην

335 4427 475 4479 κατὰ
502 4429 706 4501 πολλὴν
735 4434 920 4487 ἃνοιαν
953 4437 1392 4509 παροργίζομεν.

415 4594 519 4651 lA'.
578 4599 642 4651 Ol
693 4599 802 4671 γὶρ
862 4603 1004 4656 κατᾶ
1061 4604 1160 4675 τὴν
1211 4606 1420 4679 ἔρημον
1482 4610 1719 4680 ’Ἄραϐες
1774 4615 1909 4684 πρὸς

335 4688 407 4741 ἕω
444 4690 739 4757 Ῥωμαίοις
784 4696 1336 4767 ἐπιστρατεύσαντες,
1376 4703 1576 4768 πολλὰς
1610 4706 1710 4776 μὲν
1733 4708 1918 4778 χώρας

334 4782 512 4836 αὐτῶν
536 4824 551 4848 ,
586 4784 757 4839 πολλὰ
819 4788 874 4842 δὲ
905 4791 1000 4844 καὶ
1049 4792 1288 4864 φρούρια
1344 4795 1625 4867 ἐληΐζοντο
1648 4816 1661 4830 ο
1704 4800 1840 4871 πρὸς
1859 4800 1917 4854 δὲ

338 4874 429 4927 καὶ
453 4878 520 4929 τα
567 4878 625 4929 ἐν
655 4878 994 4955 Παλαιστίνῃ
1055 4886 1391 4958 κατέτρεχον
1442 4893 1804 4963 μοναστήρια,
1843 4889 1921 4947 ὢν

336 4967 556 5035 πρῶτον
608 4974 706 5024 καὶ
763 4973 1022 5042 μέγιστον
1067 4971 1156 5048 ἧν,
1192 4979 1254 5032 τὸ
1303 4980 1395 5034 τοῦ
1423 4979 1687 5053 θεοφόρου
1747 4984 1918 5049 Σάϐα,

338 5059 502 5130 φημὶ,
536 5059 595 5111 ὲν
619 5053 775 5128 ᾧκαὶ
806 5064 835 5116 ὁ
864 5066 1040 5133 μέγας
1069 5058 1246 5132 οὗτος,
1277 5066 1469 5139 ὥσπερ
1498 5069 1762 5141 ἀνωτέρω
1790 5070 1916 5141 φθά-

339 5166 533 5216 σαντες
566 5155 802 5225 ἔφημεν,
830 5159 1055 5227 ἠσκεῖτο
1082 5160 1380 5232 Θεόδωρος.

406 5332 508 5389 lB'.
564 5333 749 5389 Ταῦτα
783 5336 996 5407 βλέπων
1028 5337 1107 5410 (4)
1134 5339 1162 5394 ό
1210 5339 1352 5404 θεῖος
1383 5340 1483 5414 τῆς
1529 5340 1923 5414 Ἰεροσολύμων

408 5478 430 5509 ¹
454 5477 561 5534 Isa.
603 5495 755 5548 ιιιιιι,
779 5481 866 5537 19.

1414 345 1594 409 γΙΤΑ
1633 346 1695 405 S.
1736 344 2142 406 THEODORI
2184 342 2496 405 GRAPTI.

3468 330 3576 398 662

1630 460 1725 516 “in
1762 460 1875 517 δια·
1904 464 1951 527 Α
1983 482 2261 536 hominem
2310 479 2543 543 viderat,
2600 483 2661 531 ut
2712 474 2992 533 hominem
3047 470 3252 528 deitate
3305 469 3575 527 donaret.

1989 585 2184 627 rursus
2211 584 2442 639 serpens
2462 609 2477 636 ,
2512 582 2814 645 rursusque
2841 564 3098 621 diabolus
3122 562 3360 620 edicitur
3386 600 3402 626 ,
3428 558 3576 614 divi-

1988 678 2201 731 nasque
2249 661 2401 732 leges
2429 675 2494 715 ac
2539 660 2675 715 scita
2732 658 3144 730 impurissimus
3174 654 3577 719 calumniatur,

1996 771 2398 827 perperamque
2428 770 2626 810 rursus
2652 754 2984 825 legislatoris
3022 761 3265 809 mentem
3302 754 3576 819 interpre-

1993 856 2161 901 tatur.
2212 847 2291 900 Ac
2335 860 2459 900 cum
2500 845 2697 908 sciret,
2754 844 2873 899 fieri
2917 859 3027 899 non
3073 858 3239 914 posse
3287 850 3348 896 ut
3394 856 3425 895 a
3469 841 3580 895 Deo

1994 937 2248 993 homines
2287 936 2619 999 abduceret,
2647 949 2773 991 esca
2821 935 3053 991 insidias
3122 942 3419 1005 temperat;
3477 948 3581 988 ne-

1993 1043 2103 1099 que
2169 1027 2358 1082 valens
2412 1028 2517 1081 hoc
2568 1025 2803 1081 suadere
2835 1033 2896 1079 ut
2942 1024 3199 1081 Christus
3249 1022 3579 1093 abnegetur,

1993 1119 2236 1174 divinam
2271 1119 2391 1189 ejus
2424 1117 2719 1189 imaginem
2763 1115 2981 1172 adorari
3027 1115 3254 1171 omnino
3303 1112 3579 1182 prohibet;

1996 1210 2170 1266 utsic
2214 1208 2691 1280 imprudentibus,
2728 1208 2877 1263 illius
2921 1221 3144 1278 quoque
3184 1204 3585 1261 incarnationis

1997 1318 2063 1358 ex
2098 1301 2296 1356 animis
2322 1300 2725 1356 confessionem
2760 1298 3000 1362 aboleat,
3035 1297 3434 1368 paulatimque,-
3469 1309 3583 1364 quo

1998 1395 2127 1451 inde
2173 1393 2552 1458 accendimur,
2587 1408 2851 1456 amorem,
2891 1406 3018 1462 erga
3078 1404 3205 1445 eum
3257 1389 3352 1457 qui
3399 1386 3577 1442 salute

2001 1485 2250 1550 donavit,
2302 1486 2645 1555 exstinguat.
2713 1483 2817 1540 Ubi
2876 1490 3061 1537 autem
3113 1481 3164 1535 ei
3228 1477 3443 1534 insidia:
3505 1492 3576 1532 ex

1999 1579 2183 1636 animo
2225 1585 2513 1633 cesserunt
2559 1577 2807 1647 (invenit
2871 1574 3019 1630 enim
3081 1572 3297 1628 animos
3357 1569 3426 1625 ad
3489 1584 3589 1625 sua

1999 1669 2211 1726 semina
2282 1666 2633 1738 suspicienda
2696 1665 2990 1731 idoneos),
3024 1678 3057 1718 ο
3121 1676 3371 1732 magnam
3436 1669 3586 1715 tuam

2000 1773 2166 1834 atque
2229 1762 2522 1832 prolixam,
2563 1773 2597 1813 ο
2624 1757 2868 1819 Christe,
2921 1754 3282 1825 patientiam!
3335 1752 3402 1807 ad
3442 1752 3588 1823 ipsos

1999 1870 2172 1926 usque
2211 1854 2489 1924 Augustos
2530 1851 2808 1921 pervasit;
2857 1857 3163 1918 nactusque
3195 1860 3263 1900 ex
3314 1851 3589 1915 potestate

1999 1949 2181 2012 vires,
2230 1948 2351 2019 ipse
2376 1960 2435 2001 se
2475 1946 2670 2000 fortior
2698 1944 2915 2011 evadit;
2965 1951 3227 2013 tantaque
3279 1940 3577 2009 adiuvatur

1997 2040 2265 2111 potentia,
2316 2049 2377 2094 ut
2416 2053 2518 2093 nos
2549 2051 2766 2107 quoque
2810 2049 3002 2105 parum
3045 2033 3224 2098 absit,
3281 2032 3415 2101 quin
3439 2031 3587 2086 sicut

1999 2133 2068 2189 ab
2132 2132 2326 2198 initio,
2386 2147 2511 2188 cum
2571 2128 2837 2185 Dominus
2900 2127 3074 2184 nostri
3118 2141 3226 2181 non
3260 2124 3570 2195 imperabat

2004 2226 2112 2299 (uti
2166 2225 2339 2281 sacris
2381 2222 2660 2294 proditum
2691 2220 2885 2292 elogiis
2919 2229 3004 2277 est
3036 2220 3095 2290 ⁸)
3138 2218 3265 2274 facti
3297 2217 3497 2272 simus.

2070 2317 2139 2373 Χ.
2179 2316 2316 2371 Cum
2370 2325 2550 2369 autem
2606 2314 2717 2368 Leo
2762 2321 2876 2368 tum
2935 2309 3230 2381 temporis,
3275 2324 3344 2364 ex
3389 2308 3588 2363 Arme-

2002 2423 2092 2463 nta
2156 2407 2368 2461 ducens
2427 2403 2736 2473 originem,
2794 2401 3076 2474 tyrannica
3149 2412 3316 2452 manu
3373 2405 3591 2467 sceptra

2002 2498 2315 2559 invasisset,
2363 2493 2626 2566 piumque
2663 2492 3057 2561 imperatorem
3088 2489 3412 2545 Michaelem
3458 2501 3581 2542 ces-

2002 2604 2124 2643 sare
2154 2589 2372 2657 jussum
2408 2599 2473 2640 ac
2504 2591 2925 2641 exauctoratum
2958 2581 3025 2637 ad
3055 2580 3309 2637 monachi
3357 2579 3592 2634 indueno

2004 2677 2133 2732 dum
2166 2675 2416 2731 habitum
2470 2675 2710 2744 vitaeque
2762 2671 2895 2727 illud
2952 2672 3264 2727 institutum
3320 2670 3593 2740 arripien-

2006 2767 2137 2823 dum
2167 2765 2471 2837 adegisset;
2531 2765 2686 2833 isque
2728 2761 2866 2817 adeo
2906 2760 3053 2815 illam
3091 2762 3211 2829 ejus
3239 2759 3348 2814 vim
3398 2774 3463 2814 ac
3509 2758 3595 2812 in-

2000 2859 2223 2932 juriam,
2255 2871 2320 2912 ac
2361 2856 2405 2911 si
2441 2856 2557 2925 ipse
2587 2865 2780 2925 sponte
2822 2853 3073 2917 cederet,
3106 2853 3251 2908 haud
3310 2866 3456 2922 aegre
3496 2851 3596 2905 ad-

2009 2949 2294 3014 misisset;
2344 2961 2511 3017 quem
2546 2945 2682 3009 dixi,
2711 2943 2842 3007 Leo,
2905 2941 3172 3012 tantisper
3219 2940 3400 2996 adhuc
3460 2954 3596 2996 con-

2008 3041 2178 3098 ditam
2215 3041 2401 3096 animo
2468 3037 2809 3107 impietatem
2858 3045 3074 3098 tenens,
3113 3048 3234 3089 eam
3286 3034 3341 3088 in
3387 3032 3592 3095 lucem,

2011 3146 2271 3206 tanquam
2312 3132 2688 3189 adulterinum
2742 3144 2806 3185 ac
2868 3129 3074 3184 malum
3120 3127 3293 3184 fetum
3346 3125 3593 3196 profert;

2011 3245 2116 3286 nec
2145 3228 2423 3299 longiores
2467 3225 2770 3294 interiectae
2818 3235 3006 3284 more,
3063 3235 3189 3276 cum
3246 3228 3406 3274 truce
3459 3218 3593 3288 quid

2013 3322 2282 3378 adversus
2311 3320 2525 3376 divinas
2552 3317 2818 3388 imagines
2853 3314 3049 3382 spirat,
3078 3312 3372 3381 aufertque
3403 3326 3595 3366 earum

2013 3416 2243 3471 cultum.
2301 3411 2375 3469 Ac
2426 3412 2687 3482 primum.
2717 3424 2823 3462 una
2866 3421 2994 3462 cum
3083 3405 3396 3461 orthodoxe
3454 3405 3599 3460 auti-

2020 3512 2175 3575 stitc,
2224 3509 2484 3580 pietatem
2535 3503 2807 3560 eliminat.
2829 3499 3037 3556 Deinde
3101 3499 3267 3554 etiam
3316 3511 3595 3553 sacrarum

2014 3603 2313 3673 imaginum
2341 3600 2601 3655 decorem
2633 3593 2896 3656 detrahit,
2930 3607 2993 3646 ac
3015 3591 3059 3645 si
3083 3589 3343 3646 Ecclesiae
3387 3587 3597 3643 lumina

2016 3699 2322 3754 hebetaret.
2357 3694 2435 3748 Ac
2478 3690 2703 3762 quidem
2741 3684 3085 3739 orthodoxus
3129 3682 3350 3753 praesul,
3383 3679 3462 3735 uti
3500 3680 3590 3733 tli-

2016 3791 2229 3854 cebam,
2256 3786 2451 3842 exsilio
2484 3780 2747 3845 truditur;
2781 3772 3158 3848 ejusque‘loce
3189 3772 3590 3837 mercenarius,

2017 3889 2071 3935 ct
2104 3895 2213 3933 nun
2266 3885 2474 3948 pastor,
2534 3871 2781 3944 ejusdem
2834 3884 2958 3924 cum
3017 3879 3248 3937 tyranno
3309 3865 3600 3921 sententias

2017 3970 2208 4039 illique
2261 3966 2543 4035 impietate
2618 3976 2881 4021 concors.
2961 3957 3267 4013 inducitur:
3325 3956 3433 4009 Ara
3476 3971 3597 4008 cum

2018 4057 2246 4129 templo,
2293 4056 2477 4120 aiunt;
2518 4052 2761 4121 olimque
2798 4050 3126 4105 exstinctam
3163 4061 3291 4116 erga
3320 4061 3598 4101 veneran-

2019 4151 2116 4205 das
2158 4148 2425 4217 imagines
2475 4143 2750 4204 haeresim.
2804 4138 3145 4211 postliminio
3195 4138 3433 4193 excitare
3467 4152 3603 4191 con-

2023 4242 2222 4298 tendit.
2256 4239 2362 4294 Sed
2398 4237 2571 4301 enim,
2606 4234 2792 4305 qualia
2842 4232 2937 4288 Dei
2966 4229 3170 4302 judicia
3195 4231 3208 4285 ι
3238 4230 3597 4285 Peccatorum

2020 4334 2204 4389 statim
2245 4332 2395 4401 virga
2430 4331 2484 4385 in
2526 4344 2629 4384 nos
2658 4325 2931 4383 emittitur
2952 4367 2966 4389 ,
2999 4333 3062 4380 ut
3101 4324 3189 4379 vel
3215 4324 3294 4380 sic
3326 4324 3599 4395 intelliga-

2021 4442 2164 4489 mus,
2217 4425 2432 4494 qualem
2481 4437 2580 4491 per
2609 4433 2879 4474 summam
2935 4416 3597 4493 dementiamDominum

1945 4513 1997 4573 D
2025 4517 2092 4573 ad
2147 4518 2281 4571 iram
2314 4526 2698 4585 provocamus.

2102 4608 2196 4662 XI.
2226 4605 2439 4662 Arabes
2493 4605 2666 4666 enim,
2712 4602 2991 4659 desertum
3021 4601 3168 4672 quod
3196 4610 3281 4657 est
3312 4600 3380 4656 ad
3403 4599 3601 4658 Orien-

2021 4710 2136 4756 tem
2171 4700 2440 4762 colentes,
2471 4696 2673 4752 educto
2729 4697 2994 4751 adversus
3024 4695 3304 4750 Romanos
3331 4693 3599 4759 exercitu,

2024 4792 2226 4847 multas
2256 4806 2451 4846 eorum
2489 4788 2733 4859 pepulati
2769 4796 2899 4843 sunt
2929 4787 3242 4857 provincias
3268 4826 3283 4849 ,
3320 4787 3602 4856 multaque

2020 4886 2187 4940 etiam
2221 4882 2476 4953 praesidia
2503 4880 2879 4951 diripuerunt.
2920 4878 3270 4933 Mouasteriis
3296 4892 3521 4947 quoque
3546 4880 3598 4932 in

2021 4976 2306 5032 Palaestina
2357 4974 2709 5045 ingruebant,
2762 4987 2826 5027 ac
2883 4970 3282 5027 incursabant:
3352 4986 3588 5040 quorum

2022 5071 2258 5139 primum
2289 5066 2706 5136 maximumque
2759 5062 2931 5119 divini
2986 5062 3199 5118 scilicet
3238 5060 3399 5117 Saba:
3453 5072 3599 5123 erat,

2023 5156 2080 5211 in
2114 5171 2226 5226 quo
2260 5170 2493 5226 magnus
2532 5153 2645 5219 hic,
2677 5152 2758 5209 uti
2794 5152 2849 5206 in
2893 5150 3278 5220 superioribus
3306 5151 3515 5206 dictum
3565 5166 3596 5202 a

2023 5247 2186 5303 nobis
2232 5255 2339 5311 est,
2371 5245 2699 5301 Theodorus
2732 5242 3115 5298 exercebatur.

2097 5338 2371 5395 Κίμωνι)
2418 5337 2614 5395 videns
2669 5334 2892 5391 divinus
2943 5334 3037 5389 ille
3088 5331 3604 5406 Hierosolymorum
3704 5406 3710 5413 .

1592 5602 1695 5663 Fr.
1746 5592 2111 5661 Combeﬁsii
2161 5598 2342 5651 noue.

409 5721 485 5789 (ι)
521 5720 719 5794 Ίξαῦτᾳ
743 5722 1017 5787 βλέπων.
1058 5723 1152 5780 His
1189 5722 1568 5794 componenda
1600 5700 1823 5794 Menses;
1849 5719 1915 5775 ad

339 5791 483 5850 diem
544 5791 605 5847 Η
669 5792 956 5863 Octobris,
1012 5810 1120 5866 quo
1175 5791 1529 5867 Theophanis
1597 5793 1915 5849 memoriam

2033 5712 2208 5773 (ἑτιοοί
2244 5710 2535 5766 recolunt:
2572 5715 2632 5763 ut
2681 5720 2805 5762 eum
2833 5704 3045 5771 dicunt,
3088 5706 3284 5763 missos
3312 5707 3379 5762 ad
3424 5704 3607 5765 Theo-

2026 5786 2262 5861 philum,
2297 5781 2649 5836 Theodorum
2682 5790 2738 5834 ct
2777 5775 3170 5847 Theophanem
3216 5794 3244 5833 a
3289 5776 3606 5861 patriarcha
