4120 6378
519 345 629 411 663

1786 342 1945 405 ΜΕΝ
1955 346 2074 405 SIS
2108 339 2539 407 DECEMBER.

3658 345 3768 412 664

516 458 776 519 Ecclesia:
804 460 1034 514 antistes
1073 465 1130 513 et
1164 465 1371 528 pastor,
1399 474 1634 529 esseque
1678 459 1785 514 hoc
1840 468 2094 529 peccato-

2209 460 2536 529 Ἐκκλησίας
2608 458 2870 529 πρόεδρος
2917 457 3010 511 καὶ
3073 459 3299 529 ποιμὴνο
3344 459 3437 514 καὶ
3483 459 3641 525 δίδὼῖ
3696 463 3772 525 ὡς

516 567 642 608 rum
666 549 1199 620 pmnam,etfuroris
1218 550 1476 620 poculum
1511 549 1846 619 intelligens.
1881 548 2093 605 idcirco

519 643 782 699 nimirum
806 641 955 711 quod
984 638 1297 697 divinarum
1332 643 1519 696 cultus
1546 641 1847 711 imaginum
1901 641 2094 696 abole-

523 746 693 795 retur,
726 730 794 785 ad
842 730 1019 784 zelum
1071 730 1325 801 protinus
1379 730 1686 793 excitatur,
1742 728 2093 797 exquiritque

522 822 768 885 modum,
795 837 906 891 quo
932 831 1144 876 tantum
1186 822 1500 877 incendium
1530 821 1871 892 restinguere
1893 819 2088 890 possit,

519 915 758 983 malique
777 929 871 967 eos
895 914 1077 983 operis
1103 915 1407 978 revincere,
1438 913 1533 982 qui
1559 913 1627 967 ad
1651 912 1887 967 nefanda
1916 912 2091 981 parati

518 1011 649 1073 sint,
673 1019 730 1064 et
748 1010 814 1063 ad
846 1010 1130 1075 terminos,
1170 1024 1309 1078 quos
1345 1011 1530 1063 Patres
1562 1017 1870 1077 posuerunt
1899 1018 2080 1063 trans-

520 1100 777 1156 ferendos
802 1102 845 1165 ⁸,
899 1100 1320 1170 expeditissimi.
1355 1099 1448 1155 Sic
1482 1100 1629 1154 enim
1656 1100 1771 1154 fore
1800 1108 1858 1153 ut
1889 1098 2091 1169 captivi

520 1204 874 1262 revocentur,
897 1209 962 1249 ac
983 1209 1256 1265 percussa:
1280 1194 1477 1248 animae
1509 1192 1938 1248 misericordiam
1957 1207 2090 1247 con-

518 1297 840 1356 sequantur.

592 1374 730 1429 XIII.
772 1375 987 1430 Invenit
1012 1376 1195 1446 itaque
1219 1392 1338 1432 eam
1362 1377 1418 1431 in
1452 1392 1564 1432 rem
1593 1377 1752 1432 valde
1806 1377 2088 1443 idoneum,

445 1490 452 1496 -
519 1467 956 1521 sacratissimum
1002 1469 1193 1535 utique
1218 1468 1396 1522 virum
1447 1467 1829 1531 Theodorum.
1884 1470 2090 1538 quippe

470 1540 475 1553 ί
519 1557 615 1625 qui
646 1566 760 1610 tum
813 1558 1017 1612 virtute
1053 1557 1394 1612 clarissimus
1428 1566 1595 1621 esset,
1636 1571 1751 1612 tum
1786 1558 2000 1614 dicendi
2037 1559 2088 1613 vi

520 1649 842 1719 cumprimis
892 1649 1155 1718 polleret,
1227 1650 1836 1719 zelumquejuvenilem
1878 1666 1942 1706 ac
1969 1652 2090 1706 ani-

521 1757 734 1796 mosum
760 1741 996 1810 spiraret
1029 1759 1045 1805 ;
1085 1742 1269 1811 aitque
1300 1741 1528 1795 antistiti
1555 1758 1569 1794 :
1613 1742 1753 1798 Ecce
1781 1758 1904 1814 ego.
1932 1744 2090 1798 mitte

522 1849 632 1898 me,
671 1844 725 1888 et
763 1834 892 1898 ibo;
929 1834 1152 1903 tuisque
1184 1833 1405 1902 adjutus
1460 1834 1719 1903 precibus
1754 1835 2091 1906 impietatem

523 1926 881 1981 confundam.
909 1924 1077 1980 Mittit
1100 1926 1287 1996 itaque
1313 1926 1467 1980 illum
1494 1927 1825 1995 patriarcha,
1849 1929 2094 1998 undique

524 2018 780 2087 precibus
808 2017 1230 2077 communitum,
1261 2032 1329 2071 ac
1355 2031 1450 2085 spe
1482 2018 1537 2071 in
1588 2016 1867 2072 Christum
1920 2026 2093 2072 totum

524 2108 990 2163 corroboratutm.
1039 2111 1219 2180 Atque
1255 2122 1315 2165 ut
1350 2128 1415 2166 ea
1450 2128 1571 2181 quze
1597 2112 1920 2168 intermedia
1943 2122 2091 2179 sunt,

524 2202 689 2257 missa
725 2201 1006 2265 faciamus,
1046 2218 1172 2256 cum
1228 2205 1282 2258 in
1335 2206 1634 2274 Augustam
1691 2204 1880 2260 urbem
1929 2204 2097 2259 adve-

523 2292 697 2347 nisset
729 2293 1065 2361 fratremque
1091 2292 1486 2362 Theophanem
1539 2310 1645 2348 una
1668 2294 1947 2358 comitem,
1973 2310 2096 2363 quae

525 2383 769 2439 fraterna
800 2394 928 2438 sunt
957 2385 1283 2453 sapientem,
1331 2400 1631 2455 paremque
1666 2386 1841 2440 zelum
1877 2386 2096 2455 pietatis

525 2492 657 2548 ergo
678 2481 1001 2546 spirantem,
1027 2477 1276 2543 haberet,
1315 2478 1551 2545 primum
1580 2478 1803 2547 quidem
1834 2494 1894 2533 se
1924 2478 2099 2533 intre-

527 2568 653 2636 pide
687 2567 765 2620 illi
794 2567 958 2632 sistit,
992 2566 1085 2636 qui
1122 2567 1296 2637 (heus
1319 2567 1374 2634 ι)
1406 2566 1680 2635 praedonis
1727 2581 1880 2622 more
1913 2566 1965 2620 in
1995 2568 2099 2622 Ec-

531 2658 756 2713 clesiam
786 2658 1082 2723 invaserat,
1114 2658 1238 2722 (ubi
1271 2659 1416 2712 enim
1442 2660 1532 2713 ille
1565 2659 1893 2714 sacerdotali
1932 2659 2097 2729 quid-

525 2766 691 2820 quam
728 2765 881 2805 more
938 2749 1329 2819 designant?)
1381 2758 1438 2804 et
1468 2751 1639 2804 libere
1684 2751 1886 2820 arguit,
1948 2751 2095 2819 quod

524 2856 626 2896 eos
685 2849 980 2911 pervertat,
1035 2840 1237 2910 quibus
1310 2842 1549 2910 pastoris
1581 2844 1835 2896 munere'
1875 2852 2093 2910 praeest,

531 2944 697 3002 atque
722 2934 770 2986 ei
804 2933 1005 2988 acerbe
1063 2933 1315 2988 haeresim
1372 2933 1691 3003 exprobrat.
1748 2933 1956 2987 Deinde
1993 2934 2096 3003 ipsi

528 3040 747 3095 quoque
767 3026 1086 3094 imperatori
1117 3026 1268 3080 velut
1297 3026 1514 3095 gladius
1556 3027 1778 3096 quidam
1812 3036 2009 3081 acutus
2032 3042 2098 3080 ex

2198 550 2483 621 ἁμαρτιῶν
2531 550 2743 612 Exstat;
2777 550 2950 603 ταῦτα
2983 550 3078 603 καὶ
3103 543 3263 603 κόνδυ
3324 551 3522 622 θυμοῦ.
3553 554 3639 623 ἐφ’
3667 550 3773 618 ὀἷς

2198 643 2231 710 ἡ
2262 642 2369 694 τῶν
2397 642 2558 695 θείων
2614 642 2841 695 εἰκόνων
2898 641 3272 714 προσκύνησις
3301 644 3600 711 ἀθετετται,
3635 649 3770 714 πρὸς

2197 734 2359 805 ζῆλον
2421 735 2586 797 εὐθὺς
2636 735 3000 803 διανίσταται,
3031 737 3127 790 καὶ
3170 740 3373 809 τρόπον
3397 739 3670 809 ἐπιζητεῖ,
3703 741 3771 795 δι’

2194 822 2256 881 οὗ
2284 826 2511 888 δυνατὸς
2578 825 2730 879 ἔσται
2769 827 2869 898 τὴν
2917 828 3187 899 τοσαύτην
3242 830 3435 883 σϐέσαι
3471 831 3770 900 πυρκαϊὰν.

2196 918 2290 970 καὶ
2312 919 2479 981 δεῖξαι
2508 915 2696 981 κακῶς
2723 916 3008 983 ποιοῦντας
3038 921 3163 984 τοὺς
3194 921 3331 990 πρὸς
3358 921 3418 973 τὸ
3436 924 3766 991 κακουργεῖν

2196 1009 2468 1080 ἑτοίμους,
2528 1013 2624 1064 καὶ
2653 1012 2777 1080 ὅρια
2835 1013 3147 1080 μετακινεῖν
3180 1014 3438 1084 Ιῐατέρων
3476 1030 3770 1084 προχειρο-

2194 1101 2411 1165 τάτους.
2463 1101 2622 1155 Οὕτω
2667 1103 2776 1172 γὰρ
2841 1102 2994 1157 ἔσται
3036 1104 3200 1158 πάλιν
3249 1107 3364 1166 τοῖς
3403 1105 3772 1176 αἰχμαλώτοις

2195 1193 2517 1263 ἀνάκλησις,
2570 1192 2666 1247 καὶ
2716 1191 2866 1257 ἕλεος
2912 1196 3035 1259 ταῖς
3087 1195 3504 1266 πεπληγμέναις
3545 1196 3771 1267 ψυχαῖς.

2264 1368 2363 1422 II".
2412 1369 2673 1440 Εὖρίσκει
2723 1368 2908 1423 τοίνυν
2956 1369 3285 1438 πρὸςτοῦτο
3315 1369 3410 1423 καὶ
3440 1368 3562 1422 λίαν
3583 1373 3773 1440 ἐπιτη-

2192 1462 2349 1525 δείως
2390 1462 2602 1532 ἔχοντα,
2663 1465 2755 1517 τὸν
2816 1464 2960 1535 ἱερὸν
2989 1463 3191 1534 δηλαδὴ
3218 1464 3512 1533 Θεόδωρον.
3545 1464 3643 1517 ἀτε
3676 1466 3774 1516 καὶ

2191 1552 2290 1622 τὴν
2318 1554 2521 1623 ἀρετὴν
2581 1555 2930 1624 περιϐόητον,
2990 1556 3086 1607 καὶ
3136 1553 3317 1621 λόγοις
3372 1554 3474 1623 τὴν
3515 1554 3768 1622 γλῶτταν

2193 1640 2585 1709 ἐξησκημένον,
2638 1644 2730 1695 καὶ
2787 1642 2951 1713 ζῆλον
3003 1642 3249 1696 νεανικὸν
3330 1643 3584 1695 πνέοντα.
3638 1642 3771 1706 Καὶ,

2206 1732 2336 1786 Ἰδοὺ
2361 1731 2492 1801 ἐγὼ,
2528 1734 2662 1803 φησι
2685 1733 2762 1804 τῷ
2789 1736 3036 1804 ἀρχιερεῖ
3062 1735 3292 1797 ἐκεῖνος,
3326 1734 3648 1787 ἀπόστειλόν
3676 1752 3770 1804 με,

2197 1825 2290 1877 καὶ
2319 1826 2684 1895 πορεύσομαν
2713 1827 2810 1879 καὶ
2835 1829 2955 1889 ταῖς
2982 1829 3104 1889 σαῖς
3160 1826 3345 1896 εὐχαῖς
3378 1822 3770 1896 βοηθούμενος,

2196 1917 2434 1988 αἰσχυνῶ
2468 1919 2565 1987 τὴν
2619 1918 2896 1972 ἀσέϐειαν.
2928 1918 3144 1987 Πέμπει
3188 1917 3480 1985 τοιγαροῦν
3505 1917 3533 1969 ὀ
3580 1933 3771 1985 πατρι·

2198 2007 2372 2077 ἀρχης
2423 2008 2607 2073 αὐτὸν,
2639 2008 2770 2078 εὐχῇ
2830 2008 3094 2062 πάντοθεν
3120 2008 3483 2077 περιφράξας,
3518 2006 3615 2058 καὶ
3646 2006 3768 2057 ὅλον

2195 2101 2375 2166 δείξας
2402 2106 2466 2169 τῇ
2529 2100 2668 2171 πρὸς
2722 2090 2962 2171 Χριστὸν
2988 2100 3168 2153 ἐλπίδι
3204 2097 3626 2168 νενευρωμένον.
3653 2096 3778 2149 Ἵνα

2197 2192 2253 2244 δὲ
2279 2192 2346 2244 τὰ
2374 2191 2580 2261 μεταξὺ
2631 2192 3084 2262 παραλείπωμεν,
3115 2191 3214 2259 τὴν
3258 2189 3506 2259 βασιλίδα
3535 2188 3780 2243 καταλα-

2202 2283 2333 2348 ϐὼν,
2381 2285 2476 2336 καὶ
2524 2283 2616 2335 τὸν
2648 2283 2879 2351 ἀδελφὸν
2907 2282 3185 2352 Θεοφάνην
3241 2282 3508 2351 ἑπόμενον
3537 2282 3677 2350 ἔχων
3705 2282 3780 2333 τὰ

2198 2373 2401 2441 ἀδελφὰ
2453 2372 2774 2442 φρονοῦντα,
2837 2373 2933 2424 καὶ
2985 2373 3075 2424 τὶν
3130 2371 3269 2441 ὑπὲρ
3327 2371 3429 2440 τῆς
3489 2369 3776 2431 εὐσεϐείας

2199 2462 2362 2533 ζῆλον
2394 2463 2544 2533 αὐτῴ
2591 2464 2956 2532 συμπνέοντα,
2984 2460 3175 2532 πρῶτα
3204 2445 3305 2532 μὲν
3334 2462 3410 2529 τῷ
3434 2463 3499 2532 τῇ
3543 2459 3780 2531 Ἐκκλη-

2202 2557 2314 2626 σία,
2348 2556 2494 2625 οἴμοι
2523 2556 2535 2608 !
2585 2554 2981 2623 ὲπιπηδήσαντι
3003 2552 3310 2624 λῃστρικῶς
3350 2553 3427 2621 (5)
3460 2567 3473 2581 ⁸
3531 2552 3635 2603 ποῦ
3666 2554 3779 2621 γὰρ

2203 2648 2493 2717 ίερατικῶς
2548 2649 2803 2711 ἐκεῖνοςς
2861 2644 3035 2708 ἀδεῶς
3097 2645 3484 2715 ἐμφανίζεται,
3528 2645 3627 2697 καὶ
3676 2645 3780 2711 τὴν

2199 2740 2535 2809 δ.αστροφὴν
2591 2738 2700 2793 τῶν
2750 2738 2844 2791 ὑπ’
2871 2738 3067 2806 ἐκείνῳ
3096 2734 3533 2804 ποιμαινομένων
3557 2732 3779 2802 ἐλέγχει

2202 2834 2299 2885 σὺν
2333 2831 2615 2902 παρρησίᾳ
2669 2830 2764 2883 καὶ
2797 2828 2894 2899 τὴν
2924 2827 3134 2897 αἵρεσιν
3165 2826 3375 2897 πικρῶς
3401 2824 3549 2894 αὐτῷ
3580 2823 3784 2876 ὀ·.ε.ὁίο

2200 2923 2306 2988 ζει.
2356 2924 2589 2977 Ἔπειτα
2647 2924 2742 2975 καὶ
2797 2920 2945 2992 αὐτῷ
2993 2920 3205 2991 βασιλεί
3252 2919 3440 2988 ὥσπερ
3489 2933 3573 2980 τις
3628 2916 3783 2982 ὀξεῖα

2204 3022 2450 3091 μάχαιρα
2495 3018 2636 3072 κατὰ
2688 3019 2863 3088 στόμα
2928 3016 3312 3088 προσαπαντᾷ,
3362 3014 3459 3066 καὶ
3508 3012 3569 3064 οὐ
3615 3010 3783 3080 μόνον

529 3118 762 3173 adverso
792 3118 1035 3173 occurrit
1066 3135 1081 3183 ;
1120 3134 1221 3173 nec
1251 3133 1321 3172 eo
1361 3117 1629 3173 duntaxat
1657 3128 1879 3172 accusat
1912 3119 2097 3173 nomi-

2201 3112 2352 3182 αὑτῴ
2378 3114 2477 3182 τῆς
2506 3111 2642 3175 ἰδίας
2665 3109 2847 3180 ψυχῆς
2862 3110 2962 3180 τὴν
3001 3108 3210 3178 βλάϐην
3262 3105 3541 3174 διεγκαλεί
3566 3144 3610 3171 ,.
3637 3101 3783 3156 ἀλλά

529 3223 621 3273 ne,
654 3208 800 3278 quod
823 3210 1019 3263 anima:
1050 3223 1163 3261 suae
1208 3207 1510 3275 perniciem
1558 3205 1772 3269 aﬂ‘erat,
1827 3206 1922 3261 sed
1952 3205 2101 3275 quod

520 3298 695 3355 etiam
732 3299 946 3353 Domini
986 3299 1128 3367 plebi
1175 3298 1340 3366 impie
1391 3297 1630 3367 doloque
1680 3297 2097 3353 subversionem

530 3390 810 3459 propinet.
846 3389 986 3443 Tum
1042 3398 1247 3451 monet,
1275 3397 1334 3442 ut
1365 3388 1554 3443 relicta
1609 3387 1833 3458 profana
1875 3389 1979 3443 hac
2037 3403 2102 3444 ac

533 3481 673 3536 mala
706 3480 989 3550 opinione,
1020 3481 1137 3549 ejus
1158 3481 1293 3534 loco
1321 3479 1579 3548 pietatem
1604 3480 1907 3536 condiscat.
1943 3481 2102 3537 Forte

529 3572 701 3637 enim,
735 3573 934 3643 inquit,
973 3572 1071 3625 tibi
1107 3572 1249 3628 Deus
1272 3572 1599 3639 placabitur,
1624 3583 1681 3628 et
1711 3589 1821 3627 non
1879 3588 2099 3629 omnem

532 3663 667 3718 iram
698 3663 913 3718 Domini
940 3676 1197 3733 tanquam
1229 3663 1416 3718 faecem
1465 3666 1580 3733 ipse
1608 3663 1798 3718 ebibes
1837 3664 1890 3719 ‘.

601 3753 740 3809 XIV.
762 3753 1129 3820 Quamobrem
1181 3752 1480 3822 imperator
1527 3768 1650 3807 cum
1675 3763 1731 3807 et
1752 3753 1853 3807 viri
1879 3754 2102 3808 liberta-

536 3857 646 3903 tem
678 3855 826 3903 esset
857 3844 1254 3909 admiratus,et
1283 3852 1550 3917 praeterea
1580 3843 1875 3899 verborum
1899 3860 2105 3915 oppor-

539 3936 850 4002 tunitatem,
904 3952 1232 4007 morumque
1278 3936 1600 3993 modestiam
1645 3953 1709 3993 ac
1752 3936 2101 4007 elegantiam,

535 4042 775 4083 necnon
833 4043 956 4098 quae
1008 4044 1074 4084 ex
1124 4032 1310 4084 animo
1332 4029 1399 4084 ad
1450 4030 1661 4084 vultum
1713 4029 2099 4098 diducebatur,

534 4119 706 4185 illius,
772 4129 835 4175 ut
887 4132 1123 4190 poterat.
1183 4122 1665 4177 animadvertisset
1735 4122 2097 4187 alacritatem,

536 4228 662 4267 rum
690 4222 773 4268 cst
801 4215 1092 4280 reveritus,
1113 4216 1340 4284 ejusque
1359 4213 1641 4269 moderate
1664 4215 1789 4268 tulit
1808 4214 2104 4285 reprehen-

608 4349 629 4379 ⁸
656 4346 816 4403 Prov.
852 4364 981 4414 xxii,
1012 4347 1103 4401 28.
1180 4345 1205 4380 ⁵
1232 4347 1432 4403 Habac.
1465 4365 1519 4414 ιι,
1552 4350 1665 4403 I5.-

2203 3204 2298 3258 καὶ
2320 3203 2388 3274 ἢν
2435 3205 2641 3264 ἐκεῖνος
2688 3202 3002 3272 ἀνατροπὴν
3038 3200 3118 3272 τῷ
3174 3198 3289 3268 λαῷ
3334 3197 3520 3259 δολίως
3579 3195 3786 3266 προπί-

2203 3310 2285 3347 νει
2324 3294 2401 3363 (6)
2432 3294 2526 3345 καὶ
2556 3291 2859 3354 δυσσεϐῶς.
2900 3286 3035 3344 Εἶτα
3082 3291 3176 3343 καὶ
3198 3290 3457 3359 παραινεῖ
3491 3286 3588 3355 τῆς
3621 3284 3787 3355 βεϐή-

2203 3386 2295 3438 λου
2323 3383 2528 3452 ταύτης
2571 3382 2886 3436 ἀποστάντα
2930 3381 3274 3448 κακοδοξίας,
3309 3377 3646 3449 μεταμαθεῖν
3676 3376 3781 3443 τὴν

2205 3476 2513 3529 εὐσέϐειαν.
2562 3476 2723 3537 Ἴσως
2777 3475 2909 3544 γὰρ,
2956 3475 3142 3544 φησὶν,
3196 3473 3348 3526 ἔσται
3407 3487 3490 3523 σοι
3539 3470 3601 3521 τὸ
3623 3467 3784 3521 Θείον

2204 3570 2471 3633 εὑῖλατον,
2496 3569 2590 3622 καὶ
2617 3568 2736 3638 οὖχὶ
2767 3568 2943 3621 πάντα
2969 3567 3059 3621 τὸν
3080 3567 3247 3638 θυμὸν
3275 3565 3501 3635 Κυρίου,
3528 3560 3783 3631 καθάπερ

2204 3660 2324 3712 τινα
2355 3660 2605 3729 τρυγίαν,
2636 3659 2797 3721 αὐτὸς
2827 3659 3017 3728 ὲκπιῇ.

2283 3752 2377 3803 IA’.
2450 3750 2565 3819 Ἐφ’
2630 3745 2711 3812 οἷς
2771 3750 2861 3803 τὸν
2920 3749 3148 3818 βασιλέα
3193 3749 3295 3818 τῆς
3354 3750 3667 3823 παρρησίας
3689 3747 3784 3801 τὸν

2207 3844 2370 3914 ἄνδρα
2398 3843 2780 3912 θαυμάσαντα,
2836 3842 2970 3913 πρὸς
2996 3841 3051 3894 δὲ
3087 3843 3180 3895 καὶ
3216 3845 3283 3913 τῇ
3311 3841 3419 3897 τῶν
3445 3842 3621 3908 λόγων
3654 3856 3783 3893 και-

2210 3936 2437 4006 ριότητι,
2472 3936 2568 3989 καὶ
2622 3937 2687 4005 τῇ
2720 3935 2850 4005 περὶ
2887 3934 2947 3987 τδ
2976 3934 3271 4004 πρεσωπον
3298 3936 3405 3987 ἀπὸ
3451 3934 3550 4003 τῆς
3592 3931 3780 4003 ψυχῆς

2207 4028 2550 4101 διαδιδομένῃ
2604 4026 2948 4096 φαιδρότητι,
2981 4026 3055 4089 ὡς
3086 4027 3365 4097 ἐγχωροῦν
3428 4022 3517 4097 ἦν,
3574 4027 3783 4078 ἐκεῖνον

2209 4122 2650 4190 κατανοήσαντα,
2688 4119 3005 4189 αίδεσθῆναί
3038 4137 3099 4173 τε
3138 4122 3234 4174 καὶ
3261 4122 3448 4191 πράως
3479 4120 3604 4181 τοὺς
3625 4115 3781 4183 ὲλὲγ·

2207 4231 2335 4285 χους
2391 4213 2727 4281 διενεγκεῖν
2792 4204 2911 4264 εἶτα
2973 4210 3067 4264 καὶ
3127 4210 3645 4281 μετακαλέσασθαι,
3681 4206 3780 4262 καὶ

1784 4510 1887 4568 Fr.
1930 4506 2292 4570 Comireﬁsii
2341 4515 2525 4568 noue.

539 4658 1052 4734 Ilierosolymitano.
1101 4660 1344 4734 libellum
1386 4659 1696 4715 deferentes
1720 4701 1733 4722 ,
1773 4659 2101 4734 compendio
2135 4663 2176 4719 ο
2204 4658 2692 4734 Iconomachormn
2717 4676 2777 4715 ea
2810 4660 3024 4725 lucresi,
3055 4665 3212 4734 cujus
3232 4680 3298 4718 eo
3320 4664 3536 4734 negotio
3565 4674 3776 4722 struem

536 4729 650 4783 fere
680 4729 941 4799 historico
967 4729 1116 4797 loqui
1142 4730 1535 4799 intelligantur,
1562 4745 1663 4782 nec
1686 4739 1791 4782 tam
1821 4729 2094 4796 respicere

535 4799 679 4861 quod
724 4797 901 4867 primo
935 4799 1082 4853 missi
1118 4809 1265 4857 sunt.
1297 4797 1461 4868 quam
1489 4799 1633 4867 quod
1674 4799 1941 4868 illustrius
1973 4813 2095 4852 cer-

539 4879 718 4923 tamen
750 4868 1107 4922 desudarunt.
1147 4867 1388 4923 Libellus
1415 4869 1506 4922 ille
1557 4869 1696 4922 nihil
1735 4867 1884 4921 aliud
1915 4868 2099 4922 videa-

538 4952 629 4990 tur
674 4955 837 5008 quam
872 4938 1121 5007 Epistola.
1149 4938 1217 4991 ad
1245 4938 1515 5008 eumdem
1541 4937 1906 5007 Theophilum
1938 4937 2098 5008 paulo

540 5006 795 5077 superius
848 5006 978 5061 mihi
1025 5008 1189 5062 edita.
1248 5007 1554 5063 Verisimile
1577 5006 1723 5060 enim
1756 5014 1839 5059 est
1872 5006 2103 5075 patriar-

541 5076 698 5131 cltam
726 5078 1279 5145 Hierosolymitanum
1332 5077 1658 5146 Synodicam
1704 5090 1854 5130 Suam
1895 5078 1960 5128 ad
2009 5091 2107 5128 eos

539 5146 807 5202 direxisse
831 5148 979 5200 Velut
1008 5157 1167 5200 notus
1197 5147 1457 5215 virosque
1487 5156 1744 5199 strenuos
1771 5159 1835 5197 ac
1868 5146 2109 5215 probata:

542 5216 690 5278 ﬁdei.
716 5218 811 5286 qui
843 5216 1148 5286 Theophilo
1177 5217 1460 5286 oti‘crrent.
1492 5231 1615 5268 cum
1651 5216 1684 5267 ii
1717 5230 1811 5286 per
1834 5214 2111 5267 Michaelis

546 5284 939 5367 ξρρυιεξιῃὶαιι)
997 5284 1181 5367 aliqua
1242 5285 1592 5366 remissione
1642 5284 1989 5367 potirentur.
2048 5299 2112 5336 ac

547 5352 891 5421 Theophilus
917 5352 1208 5424 imperium
1242 5354 1442 5418 iniens,
1478 5354 1663 5407 mitius
1685 5352 1893 5421 aliquid
1928 5353 1980 5405 in
2017 5370 2110 5406 or-

548 5425 816 5495 thodoxos
853 5425 1149 5495 praeferret.

618 5496 695 5563 (5)
726 5494 810 5557 Τῷ
839 5490 913 5562 τῇ
934 5495 1234 5560 ἐκκλησίᾳ
1258 5492 1733 5560 Ἐπιπηδήσαντι
1749 5490 2109 5563 λῃστρικῶς.

547 5562 753 5633 Νιειιηιο
784 5564 1103 5619 Theodotus
1129 5566 1217 5618 hic
1248 5563 1572 5633 Czissitcras,
1603 5562 1749 5617 sedis
1786 5563 1936 5633 illius
1961 5562 2115 5633 ineo.

548 5631 730 5697 batur,
766 5635 919 5702 pulso
946 5633 1273 5700 Nicephoro.
1302 5632 1649 5687 Theodorum
1688 5631 1915 5701 margini
1946 5632 2113 5702 ascri-

549 5712 705 5766 ptum
767 5701 928 5757 habet
979 5702 1191 5766 Surius.
1250 5703 1446 5758 littera:
1507 5711 1851 5758 commutatae
1889 5701 2108 5755 mendo.

566 5773 683 5827 I’uit
740 5772 825 5827 hic
871 5773 1177 5842 przcripuus
1232 5773 1447 5843 adjutor
1516 5773 1682 5828 Leoni
1753 5772 2109 5825 instauranda

2205 4730 2393 4783 multis
2451 4742 2860 4798 prosequuntur
2922 4730 3281 4791 continuator
3346 4730 3674 4797 vatieanus,
3724 4745 3782 4790 et

2196 4800 2311 4873 alii.
2342 4799 2655 4873 Navatargilli
2688 4801 2807 4869 ejus
2827 4814 3008 4873 opera:
3034 4798 3195 4873 ἆθλον
3249 4804 3339 4855 τὸν
3367 4804 3464 4871 τῆς
3488 4804 3779 4873 ίεραρχῐας

2199 4867 2685 4941 βρῦνονᾲέλὰμὸᾳνε
2720 4867 2862 4941 κατὰ
2894 4869 2985 4922 τὸν
3015 4871 3109 4923 τοῦ
3145 4873 3287 4925 θείου
3332 4867 3777 4941 Πάσχαααιρδν,

2201 4938 2541 5010 inquitidem
2568 4955 2579 4991 :
2609 4938 2893 5010 I’rwmium
2920 4944 3117 5009 accepit
3146 4938 3501 5010 pontiﬁcalem
3524 4938 3774 4996 thronum

2202 5008 2344 5059 circa
2375 5007 2563 5075 festum
2601 5006 2837 5060 Pasclttc.

2277 5078 2351 5144 (ϐ)
2401 5079 2620 5150 Δοᾼίως
2671 5078 2993 5150 ancxir-et,
3018 5078 3300 5148 l.ipomani
3341 5081 3610 5150 interpr.,
3638 5079 3776 5134 nihil

2209 5160 2363 5219 sacra
2387 5146 2549 5219 verba
2574 5147 2887 5219 attendens,
2903 5164 2966 5201 ac
2984 5146 3162 5219 locum
3181 5146 3503 5211 Ambacum,
3523 5151 3588 5203 ad
3609 5165 3772 5219 quem

2211 5215 2436 5288 respicit
2468 5226 2660 5288 auctor
2706 5234 2718 5267 :
2748 5216 2840 5268 Dei
2876 5218 3129 5286 populum
3168 5235 3261 5287 per
3282 5220 3525 5288 fraudem
3553 5215 3769 5273 evertat.

2212 5284 2430 5358 Legerit
2462 5295 2518 5339 et
2550 5284 3014 5358 ipseavztpoz‘ij:
3043 5284 3292 5357 δολερὰν,
3320 5288 3467 5358 quod
3509 5288 3772 5358 et_Basil.

2212 5363 2268 5407 et
2299 5355 2519 5421 Argcnt.
2557 5356 2727 5409 Isiblia
2776 5355 3188 5423 repraesentant,
3228 5360 3304 5411 uti
3338 5355 3522 5412 'etiam
3568 5356 3779 5412 Conra-

2213 5425 2318 5477 dus
2344 5424 2659 5497 Kirc_hcru_s.
2693 5425 2782 5497 ubi
2848 5426 2984 5497 S_i_xt.
3016 5426 3228 5497 Vatabl.
3262 5436 3317 5482 et
3358 5428 3475 5489 alii.
3528 5426 3772 5497 θολερόν·

2212 5509 2333 5560 quae
2371 5494 2563 5545 melior
2608 5493 2769 5548 lectio
2803 5512 2816 5547 :
2865 5492 3148 5549 Turbidum
3192 5497 3612 5561 subversiouem;
3652 5492 3771 5551 tum

2210 5563 2438 5634 scilicet,
2467 5578 2588 5634 eum
2608 5579 2673 5634 ex
2706 5565 2935 5634 crapula
2972 5580 3126 5619 tuens
3151 5566 3318 5620 animi
3342 5565 3472 5621 sede
3499 5565 3771 5634 tlcjicitur.

2209 5633 2554 5704 Aliuversio,
2612 5633 2865 5704 ἔκστασις)
2918 5633 3276 5704 ὀχλουμένηψ
3322 5633 3609 5690 amentiam
3658 5644 3770 5690 ωιτ-

2209 5702 2406 5767 bidem,
2436 5704 2511 5755 uti
2539 5704 2758 5771 exponit
2788 5702 3147 5773 Hieronymus
