4120 6378
387 363 493 432 665

1498 382 1676 444 VITA
1716 383 1777 448 S.
1819 386 2214 450 THEODOIU
2257 391 2567 457 GRAPTI.

3520 395 3625 459 (-66

387 486 562 552 λόγων
589 486 741 556 αὐτῷ
782 487 1115 558 κοινωνῆσαι
1173 492 1270 545 καὶ
1314 494 1530 563 ὁμιλίας
1563 514 1578 528 ο
1641 499 1725 562 τίς
1754 517 1814 552 τε
1868 501 1952 572 εἴη

2059 504 2260 559 siones.
2296 508 2499 562 Deinde
2523 509 2688 563 etiam
2730 524 2854 564 eum
2879 507 3152 573 accersiit,
3193 519 3249 564 et
3279 508 3577 564 familiarita
3597 526 3625 564 r

384 576 815 647 πυνθανόμενον,
874 581 969 634 καὶ
999 572 1121 635 ὅθεν
1154 583 1304 652 ἥκει·
1341 587 1435 640 καὶ
1481 588 1535 641 τί
1583 589 1733 659 αὐτῷ
1766 591 1953 663 βούλε·

383 687 494 735 ται,
525 672 681 741 φησι,
742 670 804 726 τὺ
858 675 957 742 τῆς
1013 674 1325 747 παρρησίας
1356 678 1597 750 ἄκρατον
1626 684 1718 735 καὶ
1744 684 1955 753 ἀφύλα-

384 771 534 810 κτον.
570 756 629 810 Ὀ
655 756 711 811 δὲ
742 758 839 812 καὶ
865 759 963 830 τὴν
1009 763 1245 833 πατρίδα
1269 769 1549 836 γνωρίζει,
1582 771 1677 823 καὶ
1715 770 1812 843 τὴν
1846 774 1955 828 ἀπὸ

386 848 751 919 Παλαιστίνης
779 849 965 917 ἄφιξιν
997 853 1328 922 ἀπαγγέλλει
1358 873 1371 890 ·
1406 862 1500 912 καὶ
1525 861 1606 914 ὅτι
1638 862 1709 933 μὴ
1741 863 1955 933 ἔκρινεν

383 938 805 993 ὑποστέλλεσθαι
834 943 946 996 δεῖν
976 946 1071 999 καὶ
1098 947 1237 1016 πρὸς
1268 947 1557 1018 βασιλέως,
1588 955 1750 1023 ἡνίκα
1787 958 1954 1011 Βασι-

383 1028 479 1080 λέα
507 1028 605 1083 ίδοι
632 1031 724 1084 τὸν
751 1034 810 1086 ἐν
841 1034 1094 1106 οὐρανοῖς
1122 1036 1507 1110 ὑϐριζόμενον.
1537 1044 1669 1099 Εἶτα
1697 1047 1958 1116 διασαφεῖ

380 1124 446 1173 τὶ
472 1122 566 1174 τοῦ
617 1124 923 1192 δόγματοςο
957 1128 1200 1182 διδάσκει
1255 1131 1353 1203 τὴν
1387 1134 1497 1188 τῶν
1538 1137 1698 1191 θείων
1730 1140 1956 1193 εἰκόνων

380 1214 552 1283 τιμήν
577 1230 594 1246 ⁹
646 1214 784 1270 ἄλλα
822 1234 883 1271 τε
931 1219 1124 1285 εἰπὼν,
1180 1224 1277 1275 καὶ
1326 1227 1606 1297 προσθεὶς,
1635 1232 1719 1284 ὅτι
1753 1233 1955 1301 δεῖγμα

381 1306 542 1359 τοῦτο
586 1307 680 1360 τοῦ
723 1309 864 1378 πρὸς
918 1310 1154 1381 Χριστὸν
1202 1314 1395 1381 πόθου,
1443 1321 1536 1372 καὶ
1568 1322 1828 1392 ὁμολογία
1857 1325 1954 1395 τῆς

381 1396 591 1450 ἐκείνου
638 1400 969 1469 σαρκῶσεως
1003 1416 1018 1431 ·
1075 1402 1264 1457 ἔπειτα
1313 1409 1573 1480 καθαιρεῖ
1608 1414 1676 1465 τὰ
1740 1415 1952 1469 ἐκείνου

385 1487 769 1556 προελήματα,
794 1489 973 1543 πίστει
1001 1491 1235 1559 Χριστοῦ
1270 1499 1363 1549 καὶ
1391 1498 1616 1570 δδνάμει
1662 1504 1823 1571 λόγου
1850 1507 1948 1558 καὶ

386 1578 720 1648 πνεύματος.
762 1584 915 1637 Ἐπεὶ
942 1585 997 1639 δὲ
1026 1589 1121 1641 καὶ
1175 1589 1385 1643 πολλῶν
1415 1595 1620 1662 μεταξὺ
1654 1596 1950 1666 ῥηθέντων,

385 1672 434 1722 οἱ
478 1670 757 1742 Θεοδώρου
792 1677 941 1744 λόγοι
997 1681 1096 1750 τὴν
1142 1685 1383 1737 νικῶσαν
1440 1682 1631 1754 εἶχεν,
1684 1687 1952 1756 θαυμάζει

385 1761 602 1828 πρῶτον
634 1766 663 1815 ὀ
701 1765 953 1834 βασιλεύς
976 1787 991 1802 ⁸
1018 1769 1141 1826 εἶτα
1186 1777 1276 1827 καὶ
1308 1775 1635 1846 θεραπεύειν
1658 1780 1947 1848 ἐπιχειρεῖ,

381 1851 550 1938 ἀνδρα
575 1854 818 1909 τοιοῦτον
868 1859 1315 1928 ὑποποιήσασθαι
1353 1869 1829 1938 προθυμούμενος,
1880 1872 1949 1926 δι’

383 1935 446 1995 οὗ
471 1942 681 1996 πολλῶν
715 1950 1066 2018 περιέσεσθαι
1111 1954 1337 2019 δυνατὸς
1383 1935 1559 2013 Eant.
1600 1961 1687 2023 Ὣς
1716 1962 1772 2014 δὲ
1802 1964 1953 2032 ἀχεί-

389 2050 563 2102 ρωτον
590 2038 753 2091 αὑτὸν
801 2041 948 2111 ἑώρα
978 2049 1099 2109 ταῖς
1154 2050 1365 2102 ἐκείνου
1396 2051 1612 2114 λαϐαῖς,
1645 2055 1951 2122 προσετίθει

383 2127 492 2196 γὰρ
530 2129 699 2182 καίτι
732 2133 975 2188 τοιοῦτον
1011 2140 1148 2202 πρὸς
1191 2142 1373 2208 αὑτὸν,
1416 2144 1732 2210 Ἐπελάθου,
1756 2146 1951 2213 λέγων,

382 2219 489 2272 τῶν
510 2222 796 2292 συνθηκῶν
824 2220 901 2282 ὧν
934 2227 1061 2282 ἔθου
1091 2232 1228 2300 πρὸς
1254 2233 1407 2294 Θεὸν.
1455 2236 1701 2304 βασιλεῦ·
1736 2231 1812 2290 ὧν
1843 2239 1953 2308 ἄρα

392 2308 622 2379 μεσίτης
646 2315 673 2365 ὁ
705 2315 881 2383 μέγας
939 2321 1235 2392 ἀρχιερεὺς
1274 2326 1523 2392 γέγονεν,
1576 2330 1738 2396 ηνὶκα
1766 2347 1858 2382 σου
1887 2333 1951 2400 τῇ

387 2402 596 2500 κεφαλῇ
630 2405 722 2500 τὸν
760 2405 1047 2500 ’βασιλικὸν
1109 2413 1352 2469 ἐπετίθει
1417 2423 1685 2486 στέφανον
1717 2436 1732 2485 ;
1771 2425 1954 2488 φεῖσαι

385 2507 483 2556 της
517 2493 713 2548 ἑαυτοῦ
743 2496 945 2569 ψυχῆς,
976 2503 1070 2554 καὶ
1111 2504 1203 2556 τὸν
1235 2508 1502 2576 πρότερον
1529 2511 1732 2579 κόσμον
1758 2512 1955 2577 ἀπόδος

383 2584 461 2675 τῇ,
486 2584 781 2675 Ἐκκλησία
808 2606 822 2620 ⁸
852 2593 943 2645 καὶ
972 2595 1047 2665 μὴ
1075 2596 1345 2667 διαμάχου
1375 2600 1513 2668 Θεῷ,
1545 2606 1704 2672 κριτῇ
1762 2603 1955 2675 δικαίῳ

384 2674 478 2725 καὶ
504 2674 729 2747 ίσχυρῴ,
760 2680 864 2734 κᾶν
893 2685 941 2735 εί
979 2686 1054 2754 μὴ
1079 2687 1178 2755 τὴν
1215 2689 1386 2759 ὀργὴν
1418 2692 1600 2761 ἐπάγῃ
1663 2694 1784 2746 καθ’
1823 2674 1954 2748 ὲκάέ

386 2780 515 2835 σιην
540 2769 752 2841 ἡμέραν
789 2772 879 2826 διὰ
908 2781 1233 2845 περιιυσίαν
1264 2772 1655 2852 χρηστότητός.

466 3040 564 3095 1Ε’.
599 3042 784 3096 Ταῦτα
815 3046 843 3098 δ
882 3046 983 3117 μὲν
1013 3047 1158 3103 οὕτω
1188 3051 1326 3121 πρὸς
1364 3054 1526 3106 αὐτὸν
1552 3055 1958 3127 διεπαρρησιά-

2056 610 2181 651 ettm
2221 609 2306 652 est
2343 599 2633 665 allocutus,
2664 616 2864 671 rogans
2891 601 3142 671 quisnam
3175 608 3343 664 esset,
3376 616 3440 656 ac
3472 603 3618 656 unde

2057 686 2288 751 veniret,
2321 688 2522 755 quidve
2556 689 2661 743 sibi
2702 706 2851 744 mera
2897 689 2986 743 illa
3021 699 3077 744 et
3133 690 3350 744 incauta
3398 689 3617 744 dicendi

2056 779 2281 835 libertas
2315 781 2495 836 vellet.
2521 781 2615 836 ille
2656 792 2839 836 autem
2863 792 2916 836 et
2948 783 3221 848 significat
3270 780 3519 852 patriam,
3556 791 3613 836 et

2056 884 2216 923 suum
2268 886 2332 925 ex
2370 872 2656 927 Palmstina
2684 873 2977 926 adventum
3017 872 3315 934 renuntiat,
3357 886 3459 925 nec
3504 872 3611 925 sibi

2056 959 2291 1014 liberum
2342 961 2645 1031 potavisse,
2677 970 2738 1015 ut
2765 962 2849 1015 vel
2892 962 3240 1031 imperatoris
3272 970 3417 1016 metu
3465 977 3494 1015 a
3525 960 3614 1014 di-

2058 1051 2215 1104 cendi
2275 1051 2530 1107 libertate
2585 1052 2915 1115 discederet,
2969 1067 3097 1106 cum
3153 1053 3353 1122 Regem
3416 1054 3507 1122 qui
3562 1054 3618 1107 in

2056 1150 2213 1204 cmlis
2239 1156 2342 1208 est,
2382 1145 2583 1213 injuria
2623 1143 2815 1197 violari
2846 1144 3210 1210 conspiceret.
3246 1143 3473 1204 Deinde.
3499 1159 3620 1211 qua:

2056 1241 2323 1297 doctrinae
2378 1245 2527 1300 sunt,
2585 1234 2808 1304 aperit;
2849 1233 3010 1287 docet
3058 1232 3368 1287 divinarum
3410 1234 3617 1285 cultum

2058 1332 2377 1402 imaginum.
2434 1328 2499 1382 Et
2556 1342 2680 1380 cum
2742 1325 2848 1378 alia
2903 1324 3149 1384 dixisset.
3202 1333 3259 1377 et
3286 1323 3615 1393 adjecisset:

2057 1428 2196 1480 Ecce
2229 1424 2332 1478 hoc
2375 1422 2637 1477 indicium
2672 1421 2842 1474 nostri
2878 1419 2934 1472 in
2996 1416 3274 1474 Christum
3316 1418 3540 1480 amoris,
3563 1424 3622 1471 et

2055 1515 2458 1571 confessionem
2513 1510 2582 1565 ab
2636 1527 2703 1566 eo
2745 1520 3008 1580 suscepta:
3083 1512 3618 1579 carnis;postremo

2058 1607 2205 1661 illius
2252 1605 2490 1674 objecta,
2515 1603 2719 1659 Christi
2757 1604 2883 1666 fide,
2913 1602 3295 1671 sermonisque
3321 1603 3523 1656 virtute.
3552 1616 3617 1655 ac

2055 1698 2303 1768 spiritus,
2327 1695 2546 1751 evertit.
2576 1696 2871 1763 Postquam
2899 1701 3102 1755 autem,
3132 1694 3259 1747 hinc
3282 1693 3409 1747 inde
3435 1692 3622 1746 multis

2056 1791 2268 1847 collatis
2296 1787 2661 1845 sermonibus.
2693 1786 3017 1838 Theodorus
3045 1784 3418 1854 diSputatione
3440 1782 3617 1835 victor

2050 1884 2353 1939 exstiterat.
2379 1881 2614 1949 primum
2639 1876 2867 1930 miratur
2887 1876 3203 1945 imperator,
3229 1872 3426 1928 deinde
3443 1872 3611 1926 etiam

2053 1973 2330 2029 blanditiis
2365 1970 2679 2041 aggreditur
2705 2006 2721 2030 ,
2766 1966 2943 2021 virum
2979 1975 3186 2020 tantum
3221 1964 3479 2019 addicere
3509 1970 3621 2016 sat-

2052 2076 2238 2132 agens,
2286 2076 2384 2130 per
2446 2074 2608 2129 quem
2655 2058 2858 2111 multos
2910 2064 3058 2111 esset
3119 2054 3457 2109 devicturus.
3517 2050 3619 2105 Ubi

2052 2164 2234 2208 autem
2269 2151 2406 2205 vidit
2434 2151 2550 2220 ejus
2573 2150 2670 2203 abs
2694 2166 2752 2204 se
2782 2146 3144 2202 constantiam
3182 2144 3328 2199 nulla
3362 2144 3411 2197 vi
3450 2157 3612 2212 posse

2052 2243 2384 2311 expugnari;
2417 2255 2537 2293 nam
2564 2249 2620 2293 et
2648 2237 2919 2307 ejusmodi
2942 2235 3225 2304 quidpiam
3263 2233 3331 2287 ad
3361 2249 3487 2287 eum
3518 2232 3616 2302 ad-

2049 2333 2256 2404 jeccrat
2288 2349 2301 2385 :
2330 2329 2547 2385 Oblitus
2577 2344 2657 2389 es,
2718 2343 2751 2380 ο
2805 2327 3124 2395 imperator,
3180 2340 3303 2393 qua:
3349 2337 3473 2377 cum
3509 2323 3620 2376 Deo

2054 2434 2209 2496 pacta
2243 2423 2443 2477 inieras
2477 2438 2491 2485 ;
2528 2434 2760 2490 quorum
2798 2428 3086 2488 sequester
3117 2431 3347 2485 magnus
3385 2414 3624 2469 antistes

2055 2517 2177 2580 fuit,
2239 2525 2377 2577 tum,
2441 2529 2566 2568 cum
2608 2521 2702 2566 tuo
2753 2510 2919 2580 capiti
2978 2510 3314 2579 imperialem
3361 2521 3622 2564 coronam

2057 2605 2361 2676 imposuit?
2390 2606 2557 2660 Parce
2586 2602 2783 2657 animae
2821 2613 2950 2666 tuae,
2985 2617 3050 2656 ac
3090 2603 3327 2671 priorem
3369 2611 3623 2656 ornatum

2054 2696 2312 2754 Ecclesia:
2359 2694 2627 2758 restitue;
2664 2692 2887 2760 nolique
2944 2705 3070 2745 eum
3124 2691 3261 2753 Deo,
3293 2690 3387 2760 qui
3454 2690 3623 2758 judex

2051 2793 2231 2862 justus
2252 2805 2316 2844 ac
2347 2799 2542 2858 potens
2563 2787 2686 2841 est'
2711 2825 2726 2849 ,
2762 2786 2863 2839 etsi
2896 2800 3005 2839 non
3061 2783 3315 2854 quotidie
3363 2784 3499 2837 iram
3542 2783 3626 2837 in-

2056 2882 2195 2952 ﬂigit
2238 2884 2394 2950 (qua:
2431 2877 2554 2948 ejus
2595 2875 2857 2930 bonitatis
2899 2873 3232 2928 abundantia
3261 2872 3406 2943 est),
3442 2887 3624 2943 pugna

2058 2969 2415 3028 contendere.

2128 3061 2243 3117 XV.
2272 3061 2501 3128 llaecjlle
2524 3059 2747 3130 quidem
2776 3059 2855 3113 sic
2875 3057 3017 3127 apud
3035 3072 3159 3111 eum
3185 3055 3360 3110 libere
3386 3056 3605 3110 locutus

385 3131 638 3225 σατοηὌ
682 3133 864 3225 δὲμτδ
903 3138 1203 3210 πρόσχημα
1251 3145 1351 3213 τῆς
1412 3146 1718 3209 ἐπιεικείας
1757 3147 1946 3213 λύσας,

2058 3165 2143 3212 est
2170 3173 2184 3210 :
2219 3157 2517 3224 imperator
2544 3162 2727 3208 autem
2757 3150 3001 3205 lenitatis
3031 3157 3293 3220 praetextu
3336 3148 3537 3210 soluto,
3567 3148 3622 3201 in

384 3222 519 3289 πρὶς
545 3222 716 3294 ὀργὴν
740 3224 966 3296 ἐξήγετο
1004 3235 1096 3284 καὶ
1127 3232 1326 3301 μανίαν
1348 3253 1363 3269 ο
1397 3237 1490 3288 καὶ
1518 3236 1675 3300 εἴτις
1694 3237 1953 3310 Θεοδώρῳ
1982 3270 1985 3273 -

385 3313 685 3383 σὺμψυχος,
733 3318 765 3388 ἢ
817 3321 1070 3389 ὁμόδοξος
1104 3324 1201 3392 τὴν
1247 3326 1533 3380 εὐσέϐειαν
1560 3368 1576 3391 ,
1638 3330 1941 3400 ἁνηρεῦνα.

391 3402 547 3457 Ἐπεὶ
576 3407 673 3460 οὖν
690 3410 838 3480 αὑτῷ
869 3412 1005 3480 δῆλα
1026 3415 1119 3466 καὶ
1145 3416 1212 3468 τὰ
1235 3419 1364 3488 περὶ
1391 3418 1668 3487 Θεοφάνου
1682 3441 1695 3480 _.'
1713 3423 1951 3490 κατέστη

382 3497 478 3549 τοῦ
507 3499 759 3568 ἀδελφοῦ,
814 3505 908 3558 καὶ
935 3506 1018 3557 ὄτι
1066 3508 1235 3577 μηδὲν
1258 3503 1423 3578 ἦττον
1449 3512 1548 3577 τῆς
1579 3511 1799 3579 φύσεως
1830 3513 1951 3566 δια-

386 3590 573 3654 σώζων
602 3595 716 3646 ἐστὶ
745 3595 848 3648 κάν
879 3601 991 3660 τοῖς
1024 3599 1263 3668 δόγμασι
1301 3601 1361 3654 τὸ
1391 3603 1654 3669 συγγενὲς
1688 3607 1784 3658 καὶ
1818 3607 1952 3659 αὐτο

386 3687 632 3752 ἀδελψον,
689 3688 941 3756 μάστιξιν
999 3692 1348 3763 ἀμφοτέρους
1406 3692 1648 3758 κολάσας
1701 3703 1946 3768 συχναῖς,

384 3771 500 3829 εἶτα
533 3779 626 3830 κσὶ
660 3778 956 3849 ὑπερορίαν
993 3784 1171 3835 αὐτῶν
1222 3785 1280 3839 ἐν
1320 3785 1397 3855 τῷ
1440 3785 1532 3838 τοῦ
1594 3787 1794 3841 Πόντου
1826 3790 1951 3842 6:6-

387 3888 513 3937 ματι
533 3873 854 3939 κατακρίνει
890 3892 904 3908 ο
966 3875 1229 3939 κελεύσας
1291 3879 1365 3948 μὴ
1417 3878 1631 3951 βρωτοῦ
1667 3898 1835 3945 τινος,
1874 3882 1950 3952 μὴ

384 3964 569 4030 ποτοῦ,
597 3966 671 4033 μὴ
721 3966 1042 4036 ἐνδύματος,
1104 3970 1313 4040 μηδένα
1360 3972 1468 4024 τῶν
1519 3972 1739 4026 πάντων
1764 3975 1950 4039 αὐτοῖς

386 4058 681 4120 κοινωνεῖν,
741 4057 827 4111 ἵνα
883 4062 1061 4127 κακοὶ,
1115 4064 1298 4132 φησὶν,
1328 4063 1471 4116 οὕτω
1537 4065 1723 4127 κακῶ,
1760 4068 1949 4137 ἐκτριο

385 4144 549 4200 εἐἶεν.

461 4235 573 4303 ις’.
619 4236 779 4292 ’Δλλὰ
834 4239 926 4293 τὸν
978 4241 1242 4311 τύραννον
1273 4243 1435 4314 μὲνὴ
1474 4247 1642 4301 κακία
1684 4248 1950 4319 πράττειν

388 4327 558 4391 οὕτως
614 4331 894 4384 ἐδίδασκεν
914 4349 929 4364 ·
957 4333 1110 4387 οὐδὲν
1141 4334 1249 4405 γὰρ
1293 4337 1483 4404 κακὸν,
1507 4333 1568 4394 οὗ
1600 4341 1674 4409 μὴ
1735 4340 1953 4406 ἀνθέξε-

385 4438 476 4473 ται
501 4421 704 4485 ἄδικος.
757 4424 913 4479 Ἐπεὶ
956 4425 1014 4479 δὲ
1067 4426 1142 4497 μὴ
1167 4428 1259 4479 ἐπὶ
1321 4429 1457 4483 πολὺ
1483 4430 1582 4501 τὴν
1610 4431 1781 4500 ὀργὴν
1822 4434 1850 4486 ὁ
1876 4432 1951 4486 δί-

2061 3249 2196 3302 iram
2244 3246 2599 3313 furoremque
2627 3242 2836 3313 erupit,
2888 3256 2953 3295 ac
3008 3250 3183 3309 rogat,
3239 3255 3371 3293 num
3425 3239 3626 3307 aliquis

2057 3338 2302 3410 ejusdem
2359 3352 2483 3393 cum
2528 3335 2820 3391 Theodoro
2876 3332 3065 3394 animi,
3130 3330 3508 3401 ejusdemque,
3554 3330 3621 3383 ad

2062 3431 2222 3487 fidem
2250 3430 2394 3499 quod
2427 3430 2644 3489 attinet,
2673 3440 2799 3480 cum
2830 3439 2897 3478 eo
2965 3421 3299 3477 sentcntiae?
3327 3421 3622 3488 Postquam

2058 3537 2191 3578 vero
2240 3521 2507 3575 intellexit
2557 3519 2623 3573 de
2666 3519 2786 3585 ejus
2813 3516 2979 3570 etiam
3042 3512 3210 3566 fratre
3261 3511 3621 3579 Theophane,

2059 3613 2316 3685 quodque
2349 3612 2396 3667 is
2414 3626 2520 3665 non
2547 3610 2731 3664 minus
2756 3621 2919 3676 quam
2951 3614 3169 3668 natura,
3194 3602 3464 3672 dogmatis
3492 3614 3628 3669 quo-

2059 3720 2167 3774 que
2204 3702 2404 3757 obnixe
2460 3700 2635 3755 aﬂinis
2690 3711 3086 3769 germanusque
3117 3692 3392 3756 consistit,
3438 3692 3627 3747 ambos

2060 3796 2151 3850 diu
2189 3794 2370 3863 flagris
2399 3808 2587 3855 οπεος,
2621 3790 2687 3844 ad
2724 3789 2879 3843 Ponti
2920 3787 3060 3842 ostia
3083 3785 3279 3840 exsilio
3300 3783 3622 3852 relegandos

2063 3887 2352 3949 decernit,
2408 3886 2671 3954 iubetque
2730 3881 3003 3937 neminem
3050 3879 3232 3932 cibum
3308 3878 3478 3931 ullum
3531 3884 3626 3929 aut

2060 3989 2271 4051 potum,
2306 3986 2401 4032 aut
2450 3977 2836 4031 vestimentum
2899 3971 3007 4025 illis
3050 3969 3318 4040 impertiri
3350 3984 3365 4025 :
3398 3983 3507 4039 quo
3545 3968 3626 4023 sic

2060 4072 2185 4126 mali
2227 4070 2364 4125 male
2401 4076 2739 4130 exterantur,
2792 4065 2988 4134 inquit.
3084 4083 3095 4088 -

2132 4249 2275 4305 XVI.
2312 4248 2508 4303 Verum
2571 4256 2865 4314 tyrannum
2923 4242 3147 4313 quidem
3202 4241 3306 4294 hoc
3359 4254 3416 4292 se
3461 4237 3623 4291 modo

2060 4356 2248 4413 gerere
2279 4338 2509 4394 docebat
2537 4336 2860 4405 improbitas
2885 4353 2898 4400 ;
2928 4333 3065 4388 nihil
3096 4330 3240 4385 enim
3267 4328 3489 4384 sceleris
3515 4336 3620 4393 est,

2067 4433 2212 4505 quod
2273 4448 2380 4487 non
2437 4444 2706 4501 prOpense
2767 4428 2851 4480 vir
2900 4427 3136 4497 injustas
3179 4424 3427 4493 arripiat.
3467 4422 3623 4487 Quod

389 4531 453 4566 κα
465 4530 517 4567 ια
541 4516 743 4583 κρίνων
774 4516 905 4580 Θεὸς
947 4518 1293 4584 ἀνεὸἀλλετο,
1345 4523 1407 4574 οὐ
1436 4523 1571 4575 πολὺ
1600 4524 1659 4576 τὸ
1687 4524 1745 4574 ὲν
1779 4523 1947 4594 μέσῳ,

2061 4535 2241 4581 tamen
2288 4524 2334 4578 is
2390 4521 2485 4593 qui
2533 4523 2680 4592 justa
2727 4519 2959 4588 judicat,
2995 4517 3158 4577 Deus,
3192 4530 3302 4569 non
3344 4514 3439 4568 diu
3487 4514 3624 4567 iram

390 4608 482 4657 καὶ
514 4609 540 4659 ό
576 4606 773 4677 θηρσὶν
821 4601 976 4673 οὗτος
1049 4611 1315 4681 ὀνόματός
1368 4629 1428 4666 τε
1485 4615 1580 4667 καὶ
1629 4615 1955 4684 πράγματος

388 4699 680 4761 κοινωνῶν,
714 4699 1080 4768 συγκαταλύει
1105 4704 1170 4772 τῇ
1196 4703 1466 4772 τυραννίδι
1509 4704 1600 4758 τὶν
1629 4705 1762 4773 βίον.
1781 4707 1956 4759 Ἀναι-

394 4789 564 4852 ρεῖται
594 4785 701 4857 γὰρ
724 4789 826 4840 ὑπὸ
846 4789 1086 4858 Μιχαὴλ,
1116 4783 1159 4856 ᾧ
1189 4791 1432 4860 Τραυλδς
1458 4793 1490 4861 ἡ
1516 4792 1826 4863 ἐπωνυμία,
1853 4812 1953 4847 κα-

391 4878 523 4942 κῶς,
575 4881 729 4947 φασὶ,
758 4881 820 4932 τὺ
853 4883 1024 4933 κακὸν
1082 4881 1397 4951 ἑξὼμενον.
1440 4884 1652 4955 Ἡμέρα
1708 4887 1765 4938 δὲ
1818 4883 1950 4957 ἦνή

390 4967 496 5020 τῶν
545 4970 640 5022 τοῦ
695 4971 932 5038 Χριστοῦ
982 4974 1293 5041 γενεθλίων,
1335 4975 1429 5027 καὶ
1458 4972 1596 5045 αἷμα
1619 4975 1807 5028 τούτου
1860 4994 1955 5030 κε-

389 5061 572 5114 νοῦται
590 5076 608 5094 ο
641 5062 737 5132 οὐχ
761 5063 837 5126 ὠς
892 5063 954 5134 δή
988 5082 1131 5128 τινος
1159 5066 1265 5119 τῶν
1290 5066 1498 5137 νηπίων
1526 5067 1601 5136 τῷ
1630 5070 1766 5137 ὑπὲρ
1795 5069 1954 5139 ἡμῶν

388 5152 632 5222 τεχθέντι
687 5155 911 5225 Χριστῷ
958 5160 1401 5228 προσαγόμενον,
1450 5158 1564 5211 ἀλλ’
1597 5159 1672 5220 ὠς
1707 5160 1950 5230 Ἡρώδου

392 5244 612 5309 μᾶλλον,
650 5245 730 5307 είς
780 5246 990 5299 πολλῶν
1028 5246 1196 5314 ἁγίων
1224 5247 1411 5318 ψυχῶν
1459 5247 1665 5300 ἔκτισιν
1697 5248 1802 5300 τῶν
1846 5248 1950 5299 ὑπ’

389 5335 600 5389 ἑκείνου
642 5338 1113 5410 τυραννουμένων.
1173 5339 1349 5403 Τόπος
1408 5339 1464 5391 δὲ
1518 5340 1838 5407 ὑποδέχεται
1890 5338 1950 5391 τ’)

389 5424 577 5491 ἐναγὲς
599 5426 775 5491 ἅγιος⁸
802 5430 914 5491 καὶ,
950 5427 995 5481 ὣ
1022 5429 1131 5482 τῶν
1155 5431 1248 5482 τοῦ
1271 5430 1404 5483 Θεοῦ
1430 5430 1587 5483 θείων
1621 5430 1902 5503 κριμάτων
1934 5431 1946 5484 ί

388 5516 518 5570 αὐτό
567 5536 710 5588 φημι
741 5521 803 5571 τὸ
856 5521 1260 5592 θυσιαστήριον,
1295 5518 1357 5575 οῦ
1382 5540 1438 5576 τε
1474 5523 1635 5583 αῦτξς
1685 5521 1950 5588 κατεψεύ-

388 5625 537 5675 σατο,
567 5614 666 5673 τὰς
691 5612 963 5682 συνθήκας
991 5614 1188 5678 διδοὺς,
1215 5615 1379 5684 μηδὲν
1409 5615 1518 5667 τῶν
1552 5614 1713 5685 ἱερῶν
1748 5614 1951 5684 δογμά-

454 5794 473 5823 ⁸
508 5795 644 5848 Psai.
684 5811 777 5860 vn,
813 5796 894 5850 Η.

2056 4615 2298 4680 differat,
2342 4631 2449 4669 non
2496 4612 2727 4667 multum
2785 4609 3050 4678 temporis
3104 4606 3436 4670 intercessit,
3497 4617 3622 4657 cum

2057 4710 2179 4772 iste,
2213 4708 2302 4762 cui
2346 4716 2402 4759 et
2430 4719 2631 4758 nomen
2683 4716 2809 4756 cum
2848 4700 3042 4755 bestiis
3096 4714 3387 4754 commune
3418 4705 3473 4749 et
3507 4695 3620 4763 ipsa

2053 4798 2248 4869 agendi
2282 4796 2442 4860 ratio,
2488 4809 2595 4848 una
2650 4809 2774 4847 cum
2837 4790 3119 4863 tyrannide
3152 4790 3317 4842 vitam
3374 4786 3511 4839 finit.
3547 4785 3621 4838 De

2055 4890 2235 4946 medio
2256 4887 2401 4943 enim
2420 4903 2448 4940 a
2478 4885 2739 4940 Michaele
2764 4885 2930 4938 Balbo
2954 4883 3199 4937 sublatus
3225 4899 3238 4933 :
3271 4878 3403 4933 Male
3454 4879 3617 4938 malo,

2057 4980 2230 5041 aiunt,
2269 4976 2577 5030 adhibitum
2611 4975 2938 5030 remedium.
2966 4972 3169 5027 Christi
3233 4970 3351 5023 dies
3410 4965 3616 5019 Natalis

2055 5079 2192 5132 erat,
2242 5068 2470 5138 ejusque
2508 5069 2729 5136 sanguis
2776 5064 3081 5120 eﬂ‘uuditur
3111 5081 3125 5123 ;
3154 5077 3260 5115 non
3298 5067 3355 5114 ut
3387 5057 3618 5127 aiicujus

2053 5158 2463 5221 cxinfantibus,
2498 5159 2590 5226 qui
2624 5158 2735 5211 Deo
2770 5171 2868 5224 pro
2917 5155 3074 5207 nobis
3122 5160 3249 5207 nato
3297 5149 3619 5213 offerretur,

2053 5252 2149 5306 sed
2198 5251 2381 5320 potius
2418 5260 2476 5304 ut
2534 5249 2788 5311 Herodis,
2821 5247 2889 5301 ad
2946 5247 3240 5300 multarum
3299 5249 3616 5298 sanctarum

2052 5342 2380 5405 animarum,
2425 5357 2565 5410 quas
2604 5340 2693 5392 ille
2725 5353 2821 5407 per
2849 5337 2956 5391 vim
3009 5334 3374 5407 opprimebat,
3426 5332 3618 5386 cluen-

2051 5437 2173 5488 dam
2209 5448 2446 5503 pcenam.
2471 5431 2820 5499 Suscipitque
2864 5430 3016 5484 locus
3052 5435 3274 5481 sanctus
3316 5423 3617 5494 piaculum,

2052 5534 2109 5582 et
2135 5528 2204 5596 (ο
2228 5525 2412 5578 divina
2453 5523 2659 5593 judicia
2689 5522 2747 5591 ι)
2780 5523 2916 5590 ipsa,
2951 5521 3195 5590 inquam,
3220 5534 3332 5579 ara,
3362 5517 3418 5571 in
3450 5530 3615 5586 quam

2055 5619 2146 5672 ille
2211 5615 2473 5671 mentitus
2513 5625 2650 5679 erat,
2712 5612 2987 5683 pollicitus
3021 5611 3157 5666 nihil
3221 5626 3279 5667 se
3339 5624 3405 5664 ex
3445 5605 3624 5663 sacris
