4120 6378
340 340 447 403 673

1440 354 1623 413 VITA
1663 354 1724 416 S.
1771 354 2174 418 THEODORI
2217 359 2523 423 GRAPTI.

3487 365 3595 430 θιι

346 458 513 547 ὁταν
555 458 648 513 καί
706 461 899 529 θυμοῦ
945 463 1145 518 πνέων
1173 504 1187 528 ,
1243 464 1426 519 ἐνθεν
1475 483 1539 520 τε
1586 466 1684 544 καί
1741 467 1918 521 ἐνθεν

2036 471 2171 526 ialde
2199 490 2261 527 ac
2290 474 2427 528 iram
2459 476 2690 545 spirans,
2724 478 2845 532 hinc
2880 479 3002 532 inde
3031 480 3343 547 stipantium
3379 497 3592 539 corona.

342 545 569 600 ἰκανῶν
605 553 1107 618 περιεστηκότων.
1142 554 1287 623 Ὥρα
1316 549 1394 624 ἦν
1417 558 1496 621 ὠς
1526 557 1746 625 δεκάτη
1774 572 1790 588 ·
1818 558 1915 611 καὶ

339 637 516 707 μέχρι
564 641 782 693 τούτου
832 642 1028 696 ἐλθὼν
1082 643 1294 713 διέστη
1348 646 1520 715 ἡμῶν
1566 650 1599 702 ό
1628 649 1916 716 ἔπαρχος,

339 731 572 797 μόνους
603 730 761 799 ἡμᾶς
794 732 864 786 ἐν
890 735 1226 804 ὀφθαλμοῖς
1263 738 1371 790 τοῦ
1393 738 1705 804 ,ϐασιλέως
1738 755 1919 792 κατα-

341 822 558 875 λιπών.
591 823 703 876 Kal
727 823 806 893 δὴ
834 826 1388 894 προσκυνήσαντας
1411 870 1424 892 ,
1456 831 1780 899 ἐγγύτερον
1807 844 1924 883 πα-

342 914 643 981 ραστῆναι
702 920 1041 987 θρασυτέρᾳ
1090 919 1164 988 τῇ
1218 920 1393 989 φωνῇ
1449 923 1572 976 σὺν
1623 922 1922 990 αύστηρίςι

344 1008 799 1074 παρεκελεύετο.
876 1011 1066 1080 Μέχρι
1116 1008 1231 1067 οὖν
1292 1014 1481 1067 αὐτοῦ
1536 1015 1920 1083 γενομένους.

344 1095 543 1164 ᾔρετο,
576 1101 673 1152 Ἐν
689 1103 832 1168 ποίᾳ
865 1102 1048 1171 χώρᾳ,
1078 1104 1284 1168 εἰπὼν,
1304 1105 1690 1173 ἐτεννήθητε;
1726 1104 1924 1174 ἰΙμῶν

346 1188 858 1259 ἀποκρινομένων,
921 1195 1026 1248 Ἐν
1073 1194 1413 1257 Μωαϐίτιδι,
1465 1180 1649 1249 πάλιν
1692 1197 1926 1262 ἐκεῖνος

346 1278 555 1346 αὐτοῖς
600 1281 857 1351 ῥήμασι,
914 1286 1078 1339 Διατί
1132 1285 1353 1354 ἤλθετε
1406 1282 1563 1351 ὦδε;
1614 1288 1723 1341 Καὶ
1784 1287 1928 1356 πρίν

347 1370 818 1442 ἀποκρίνασθαι,
876 1376 1212 1446 ἐπέτρεψεν
1276 1377 1444 1447 ἡμῶν
1488 1379 1771 1432 παίεσθαι
1819 1379 1928 1442 τὰς

348 1458 543 1529 ὄψεις.
578 1464 826 1532 Πολλὰς
870 1466 939 1520 δὲ
975 1469 1083 1533 τὰς
1114 1471 1354 1538 πληγὰς
1392 1474 1446 1524 ol
1497 1472 1778 1536 παίοντες
1825 1470 1929 1522 έναι

350 1555 659 1620 τείναντες
709 1557 808 1611 καί
877 1559 1155 1626 βαρείας,
1212 1562 1293 1625 ὡς
1342 1561 1709 1629 σκοτοδίνης
1770 1558 1929 1628 ἡμᾶς

349 1646 729 1713 πληροῦσθαι
775 1649 875 1702 καί
930 1652 1174 1705 πίπτειν
1220 1656 1426 1722 χαμαί.
1463 1655 1573 1707 Kal
1621 1652 1732 1723 γὰρ
1759 1657 1811 1706 εἰ
1839 1652 1928 1722 μὴ

349 1738 458 1792 τοῦ
504 1739 658 1806 πρὸς
707 1740 784 1807 τῷ
835 1743 1045 1809 στήθει
1099 1745 1355 1812 χιτῶνος
1401 1746 1750 1814 ἑδραεάμην
1822 1746 1928 1800 τοῦ

353 1831 665 1897 παίοντος,
698 1834 788 1899 εἰς
838 1833 905 1886 τὸ
962 1834 1071 1889 τοῦ
1106 1836 1419 1902 ,ϐασιλέως
1476 1836 1553 1890 ἂν
1594 1837 1928 1891 ὑποπόδιον

352 1923 538 1988 εὐθὺς
569 1924 971 1993 κατεϐλήθην.
996 1927 1278 1996 Κατέχων
1310 1926 1380 1980 δὲ
1403 1928 1469 1981 τὸ
1500 1927 1737 1997 ἱμάτιον
1756 1966 1771 1991 ,
1806 1927 1936 1982 ἐδε-

355 2020 1005 2088 χόμηνάμεταστρεπτί
1029 2023 1132 2087 τὰς
1157 2024 1415 2091 πληγὰς,
1445 2022 1557 2087 ἕως
1574 2023 1933 2075 παύσασθαι

356 2108 464 2163 τοῦ
492 2109 695 2163 παίειν
734 2112 1072 2165 ἐκέλευσεν
1120 2115 1154 2166 ό
1203 2112 1458 2180 κρατῶν.
1517 2111 1936 2180 Παυσαμένων

354 2199 424 2254 δὲ
491 2200 613 2255 τῶν
664 2207 983 2267 παιόντων,
1040 2202 1217 2272 ἤρετο
1251 2204 1441 2257 πάλιν
1490 2206 1524 2258 ό
1572 2204 1879 2268 ,βασιλεύς
1913 2221 1926 2234 ν

358 2290 535 2359 Τίνος
568 2294 746 2363 χάριν
782 2296 1125 2363 ἐληλύθατε
1172 2295 1432 2350 ἐνταῦθα
1445 2312 1465 2360 ;
1521 2297 1841 2349 Ἐϐούλετο
1870 2294 1939 2348 δὲ

2020 573 2221 631 quanta
2270 581 2371 633 par
2412 577 2548 629 erat,
2593 567 2791 621 cinctus
2837 568 3043 634 obiecit.
3096 570 3237 623 Hora
3283 579 3399 624 erat
3442 571 3597 642 quasi

2021 657 2221 709 decima
2241 672 2259 720 ,'
2293 657 2483 726 quique
2520 660 2772 715 hactenus
2805 662 2951 718 nobis
2990 679 3159 718 comes
3204 665 3476 733 praefectus
3508 681 3597 719 ve-

2025 756 2194 805 uerat.
2234 748 2490 809 discessit.
2535 749 2775 821 solosque
2816 755 2873 806 in
2901 755 3065 808 oculis
3110 756 3444 823 imperatoris
3467 756 3596 810 relic

2022 839 2155 908 quit.
2198 835 2434 909 Cumque
2469 841 2860 907 adorassemus,
2893 846 3085 899 audaci
3125 864 3416 914 asperaque
3479 866 3598 902 voce

2023 932 2238 1001 propius
2272 939 2452 985 astare
2475 932 2646 1003 jubet.
2678 935 2759 987 Ad
2786 951 2903 988 eum
2936 951 3057 1005 ergo
3089 953 3251 1007 prope
3278 955 3395 991 cum
3430 941 3601 992 venis-

2023 1040 2217 1088 semus,
2258 1026 2628 1096 interrogavit,
2676 1027 2852 1080 dicens
2898 1027 3085 1092 :.Qua
3134 1030 3187 1082 in
3234 1029 3444 1099 regione
3489 1032 3602 1083 nati

2025 1116 2190 1168 estis?
2221 1114 2668 1184 Respondentibus
2699 1118 2842 1170 nobis
2870 1132 2887 1170 :
2916 1116 2980 1172 In
3011 1117 3331 1181 Moabitide;
3362 1118 3452 1171 ille
3485 1136 3604 1172 rur-

2024 1227 2140 1264 sum
2171 1210 2352 1264 iisdem
2382 1211 2546 1265 verbis
2578 1226 2596 1264 :
2624 1213 2689 1264 Et
2721 1228 2836 1272 cur.
2868 1213 3059 1282 inquit,
3092 1214 3191 1266 huc
3219 1212 3477 1266 venistis?
3511 1229 3603 1265 nec

2027 1300 2251 1370 dumque
2277 1309 2490 1368 accepto
2530 1316 2795 1371 responso,
2824 1303 2986 1369 facies
3016 1312 3225 1355 nostras
3264 1303 3395 1355 credi
3421 1304 3601 1371 jussit.

2032 1390 2232 1445 Multas
2271 1409 2387 1445 vero
2430 1390 2621 1464 plagas
2656 1400 2704 1446 et
2738 1410 2925 1463 graves
2976 1395 3230 1449 euadentes
3277 1396 3604 1465 inﬂixei'unt,

2030 1483 2159 1536 adeo
2200 1491 2256 1535 ut
2303 1484 2642 1554 impleremur
2685 1487 2956 1553 vertigine,
3004 1493 3052 1538 ct
3095 1486 3239 1539 liumi
3276 1487 3603 1539 caderemas.

2030 1572 2241 1626 Etenim
2289 1574 2390 1627 nisi
2432 1575 2546 1644 ejus
2590 1575 2679 1645 qui
2722 1575 2950 1629 caedebat
3023 1577 3253 1629 tunicam
3300 1577 3355 1628 in
3402 1587 3608 1646 pectore

2032 1666 2521 1733 appreliendissem,
2578 1666 2648 1719 ad
2698 1667 3034 1736 imperatoris
3083 1665 3369 1720 scubclluin
3423 1668 3607 1718 statim

2033 1756 2363 1809 corruissem.
2409 1756 2608 1809 Tenens
2649 1764 2823 1809 autem
2868 1766 3080 1821 vestem,
3131 1759 3377 1811 immotus
3422 1754 3607 1825 plagas

2032 1848 2225 1917 accepi.
2253 1849 2415 1900 donec
2442 1849 2731 1917 imperator
2758 1865 2789 1901 a
2821 1849 3163 1919 percutienda
3187 1850 3349 1915 jussit
3380 1863 3605 1901 cessare.

2030 1934 2365 1991 Cessantibus
2415 1948 2590 1991 autem
2632 1941 2725 2009 qui
2768 1941 3143 2009 percutiebant,
3179 1956 3362 1992 rursus
3408 1942 3610 2008 rogarit

2027 2030 2318 2097 imperator
2347 2045 2364 2084 :
2392 2028 2528 2094 Quid
2572 2046 2748 2083 causae
2792 2031 2893 2100 fuit
2935 2048 3029 2084 cur
3073 2033 3172 2084 huc
3206 2030 3501 2084 veniretis?
3541 2027 3608 2082 Id

2031 2126 2209 2169 autem
2251 2117 2351 2171 sibi
2396 2119 2538 2172 istud
2587 2119 2814 2181 volebat,
2859 2120 2997 2173 velut
3059 2133 3317 2191 qua’reret
3352 2137 3369 2174 :
3408 2120 3609 2186 Quam-

2031 2207 2227 2268 obrem.
2260 2209 2348 2275 qui
2376 2208 2614 2263 eamdem
2645 2212 2907 2264 nobiscum
2941 2211 3147 2265 nolletis
3173 2211 3610 2280 amplecti/idem,

2031 2313 2330 2350 communes
2361 2298 2625 2351 nobiscum
2657 2303 2803 2354 sedes
2832 2299 3049 2369 diligere
3076 2300 3318 2355 voluistis
3338 2303 3363 2354 1’

357 2388 391 2439 ό
450 2390 635 2455 λόγος
685 2386 867 2452 αὐτῷ,
927 2389 1104 2442 Ὅτου
1168 2389 1349 2456 χάριν
1406 2389 1522 2457 τὴν
1569 2388 1766 2455 αὐτὴν
1822 2387 1970 2458 ἡμῖν
2006 2390 2394 2445 ἀσπάσεσθαι
2446 2392 2661 2445 πίστιν
2704 2394 2776 2446 οὐ
2826 2394 3237 2465 βουλόμενοι,
3322 2395 3439 2463 τὴν
3488 2397 3617 2465 μεθ’

354 2478 526 2549 ήμῶν
554 2480 798 2542 οἵκησιν
824 2481 1195 2548 ὴσμενίσατε
1217 2497 1236 2545 ;

428 2572 560 2625 KE'.
614 2569 816 2640 Ἠμῶν
867 2570 936 2624 δὲ
992 2571 1464 2639 σιωπησάντων,
1528 2573 1624 2626 καί
1676 2575 1763 2638 εἰς
1816 2570 1934 2640 γῆν

356 2666 754 2730 νενευκότων,
786 2665 937 2732 πρὸς
971 2666 1076 2718 τὸν
1100 2664 1375 2733 ἔπαρχον
1402 2666 1658 2733 ἐγγύθεν
1682 2665 1936 2730 ἑστῶτα,

2103 2572 2270 2628 XXV.
2299 2574 2459 2627 Nobis
2490 2590 2650 2643 porro
2678 2578 2989 2640 tacentibus,
3020 2586 3176 2647 atque
3194 2578 3253 2631 in
3280 2586 3478 2630 terram
3504 2593 3618 2630 cer-

2035 2666 2178 2730 nuis,
2207 2666 2277 2719 ad
2313 2667 2617 2735 prtvfectum
2649 2669 2737 2738 qui
2768 2685 2929 2738 prope
2966 2670 3165 2729 stabat,
3204 2669 3496 2737 impudenti
3525 2686 3615 2723 ore

360 2755 548 2826 ἰταμῷ
602 2754 682 2820 τῷ
730 2757 893 2824 λόγῳ
936 2756 1033 2809 καί
1074 2755 1372 2823 ,ϐλοσυρῷ
1407 2757 1486 2821 τῷ
1539 2757 1752 2825 ὄμματι
1792 2757 1936 2810 ἀπο-

2038 2764 2283 2826 torvoque
2320 2757 2470 2811 oculo
2516 2774 2815 2822 conversus,
2862 2774 2981 2813 cum
3033 2776 3227 2830 magna
3273 2761 3355 2812 ira
3398 2775 3459 2812 ac
3496 2776 3617 2813 voce

360 2848 755 2917 τεινάμενος,
804 2848 994 2915 λόγον
1042 2847 1275 2901 τοιόνδε
1332 2848 1486 2916 μετὰ
1543 2849 1778 2905 πολλοῦ
1833 2847 1936 2900 τοῦ

2039 2862 2230 2915 aspera
2256 2849 2425 2900 verbis
2452 2849 2767 2915 ejusccmodi
2789 2849 3101 2903 sententiam
3129 2850 3260 2904 dixit
3285 2866 3303 2902 :
3332 2848 3476 2903 Tolle
3502 2849 3616 2913 Iros,

360 2939 552 3007 θυμοῦ
611 2940 710 2991 καὶ
748 2944 1028 3006 τραχείας
1078 2938 1189 3007 τῆς
1249 2934 1457 3009 φωνῆς
1497 2939 1936 3007 ἀπεφθέγξατιο

2041 2947 2197 3007 atque
2220 2954 2400 2992 eorum
2431 2939 2654 2993 vultibus
2687 2941 2837 2994 liosce
2874 2940 3099 2993 inscribe
3127 2957 3189 2993 ac
3219 2939 3450 3007 insculps
3482 2938 3619 2992 iam-

357 3024 552 3097 Ἀρον
578 3023 823 3095 αὐτοὺς.
878 3028 979 3083 καί
1028 3029 1266 3100 πράψον
1293 3030 1363 3083 τὰ
1387 3032 1681 3097 πρόσωπα
1717 3031 1936 3093 αὐτῶν,

2040 3029 2159 3089 bos;
2185 3030 2437 3099 tradeque
2470 3047 2555 3084 eos
2583 3032 2781 3085 duobus
2804 3033 3147 3097 Sarraccnis,
3176 3040 3232 3084 ut
3260 3033 3316 3085 in
3347 3048 3500 3084 suam
3532 3046 3616 3082 rec

359 3122 717 3192 ἐγκολάψας
766 3121 989 3176 τούσδε
1039 3121 1183 3187 τοὺς
1219 3122 1466 3191 ἰάμϐους
1495 3138 1510 3154 ·
1540 3123 1641 3177 καί
1674 3122 1936 3189 παράδος

2036 3122 2242 3190 gionem
2274 3120 2564 3176 abducant.
2599 3122 2768 3192 Prope
2812 3138 2933 3177 vero
2974 3131 3132 3189 erat,~
3167 3122 3254 3193 qui
3286 3123 3489 3177 iambos
3521 3123 3620 3175 Ita-

362 3216 585 3280 αὐτοὺς
606 3215 717 3268 δύο
741 3214 1132 3283 Σαρακηνοῖς.
1160 3215 1257 3267 καί
1283 3212 1688 3282 ἀπαγέτωσαν
1719 3212 1936 3278 αὐτοὺς

2037 3212 2208 3274 bebat,
2244 3215 2336 3283 qui
2369 3222 2419 3266 et
2456 3229 2635 3267 eorum
2680 3224 2866 3267 auctor
2909 3216 3205 3280 exstiterat,
3255 3211 3617 3268 Christodnlus

362 3311 453 3374 εἰς
477 3306 597 3375 τὴν
626 3307 788 3361 ἰδίαν
827 3305 1028 3361 αὐτῶν
1054 3304 1190 3375 γῆν.
1221 3306 1485 3372 "Eamne
1518 3305 1586 3359 δὲ
1619 3306 1888 3371 πλησίον
1917 3322 1936 3358 ι

2040 3306 2265 3359 nomine.
2293 3303 2390 3359 Cui
2415 3315 2462 3358 et
2490 3305 2660 3377 legere
2683 3323 2768 3360 eos
2797 3308 3074 3377 praecepit,
3111 3308 3205 3360 hoc
3233 3321 3439 3377 quoque
3468 3302 3614 3374 adji-

362 3399 511 3463 τοὺς
538 3397 786 3466 ἰάμεους
809 3397 989 3465 έχων,
1026 3396 1093 3463 ὃς
1118 3392 1198 3466 ἦν
1229 3395 1328 3449 καί
1362 3397 1614 3460 τούτους
1637 3394 1936 3463 σκεψάμε-

2038 3399 2228 3452 ciens:
2276 3399 2392 3452 Etsi
2428 3415 2532 3452 non
2571 3400 2678 3451 sint
2718 3398 3004 3469 elegantes,
3048 3397 3180 3451 nihil
3219 3398 3311 3450 tibi
3355 3400 3451 3449 lioc
3480 3409 3620 3448 curta

364 3507 500 3554 νος,
527 3487 975 3556 Χριστόδουλος
1005 3487 1272 3556 τοῦνομα
1307 3502 1320 3517 ·
1356 3477 1405 3550 ᾧ
1439 3486 1537 3539 καί
1570 3485 1948 3551 ὑπαναγινώ·

363 3599 544 3638 σκειν
571 3581 799 3647 αὐτοὺς
844 3582 1167 3645 ἐπέταττε,
1219 3580 1509 3648 προσθεὶς
1557 3583 1654 3632 καὶ
1716 3579 1895 3632 τοῦτο
1927 3594 1941 3609 ⁸

362 3675 493 3731 Κᾶν
533 3675 622 3744 μὴ
657 3670 769 3729 ὦσι
803 3674 999 3736 καλοὶ,
1027 3674 1111 3742 μή
1170 3688 1272 3727 σοι
1325 3671 1579 3742 μελέτω.
1644 3671 1826 3724 Τοῦτο
1878 3669 1947 3722 δὲ

365 3768 635 3837 εἴρηκεν,
678 3764 851 3832 εἰδὼς
882 3766 963 3831 ὡς
995 3764 1212 3832 ἄριστα
1243 3761 1390 3831 ἡμῖν
1432 3760 1693 3828 ἤσκηται
1742 3761 1778 3826 τ’]
1831 3759 1949 3810 τῶν

368 3857 702 3926 ποιητικῶν
742 3854 1100 3926 σκεμμάτων
1134 3856 1441 3923 ἀκρίόεια,
1500 3852 1595 3904 καὶ
1653 3854 1738 3913 εἰς
1792 3851 1960 3922 ὅσον,

368 3948 1015 4017 καταγελασθήσονται
1048 3947 1198 4014 πρὸς
1252 3942 1442 4014 ἡμῶν.
1495 3943 1596 3996 Διά
1631 3941 1810 3994 τοῦτο
1848 3938 1948 3993 καί

366 4058 464 4106 τις
490 4041 719 4109 παρὼν,
768 4038 867 4093 καί
919 4026 1302 4107 χαριζόμενος
1339 4034 1520 4102 αὐτῷ,
1577 4032 1732 4086 Οὑδὲ
1777 4031 1937 4095 ἄξιοί

2041 3489 2133 3542 sit.
2161 3488 2226 3542 Id
2255 3500 2431 3543 autem
2463 3491 2615 3546 dixit.
2644 3490 2783 3561 quod
2819 3506 2922 3545 non
2950 3490 3159 3547 lateret.
3187 3505 3344 3559 quam
3375 3494 3621 3541 accurate

2044 3581 2097 3634 in
2141 3582 2511 3650 componendis
2543 3590 2696 3650 atque
2728 3584 2939 3634 edendis
2981 3581 3213 3636 versibus
3248 3581 3438 3633 versati
3481 3593 3623 3632 esse-

2048 3690 2164 3726 nms
2209 3675 2458 3743 nobisque
2508 3674 2734 3743 proclive
2774 3685 2903 3727 esset
2938 3675 3065 3726 istos
3110 3673 3351 3726 irridere.
3395 3669 3465 3723 Et
3508 3669 3624 3723 ideo

2046 3759 2258 3828 quidam
2286 3777 2466 3814 eorum
2493 3765 2582 3829 qui
2615 3764 2866 3825 aderant,
2891 3763 2939 3815 ei
2964 3761 3309 3815 adblandicns
3335 3774 3352 3812 :
3376 3758 3453 3813 Ne
3479 3759 3624 3827 digni

2045 3852 2251 3921 quidem
2275 3861 2394 3904 sunt
2419 3855 2525 3913 isti,
2547 3868 2577 3905 ο
2599 3854 2830 3913 domine,
2855 3862 2911 3905 ut
2934 3854 3039 3905 sint
3075 3851 3235 3905 iambi
3257 3849 3621 3918 elegantiores.

2045 3941 2276 3995 Pru'slat
2302 3952 2475 3996 autem
2505 3944 2665 3997 etiam
2695 3942 2818 3996 illos
2847 3945 3007 4013 ipsos,
3033 3951 3089 3995 ut
3114 3958 3167 3995 se
3193 3940 3511 4002 habuerunt,
3539 3938 3625 3993 hic

2046 4032 2146 4087 loci
2184 4035 2412 4087 inserere
2447 4051 2466 4087 :

368 4141 551 4203 εἰσιν,
582 4133 631 4192 ὦ
659 4137 949 4202 δέσποτα,
977 4133 1166 4202 οὗτοι,
1211 4135 1314 4188 ἵνα
1348 4134 1647 4195 καλλίους
1681 4124 1834 4184 ὦσιν
1883 4130 1938 4181 οἰ
1977 4128 2200 4197 laudor.
2238 4134 2440 4186 Καλὸν
2509 4130 2577 4185 δὲ
2616 4130 2714 4186 καὶ
2751 4131 2997 4196 αὐτοὺς,
3024 4131 3104 4197 ὡς
3132 4129 3323 4196 εἶχον,
3350 4126 3615 4180 ἐνθεῖναι

371 4232 456 4299 τῷ
485 4233 830 4315 ὃιηγήματι.

445 4350 697 4404 Πάντων
762 4350 1111 4405 ποθούντων
1180 4348 1584 4419 προστρέχειν
1631 4344 1779 4419 πρξς
1811 4342 1936 4419 ’τὴν

2125 4340 2342 4396 Cunctis
2371 4341 2442 4397 ad
2465 4341 2644 4395 urbem
2673 4340 2822 4394 adire
2849 4354 2966 4391 eam
2998 4334 3308 4397 volentibus,

1717 4413 1945 4485 [πόλιν,

446 4490 641 4546 Ὀπου
663 4492 960 4559 πάναγνοι
988 4489 1098 4544 τοῦ
1124 4488 1273 4544 Θεοῦ
1296 4487 1493 4559 ᾼόγου
1529 4485 1712 4559 πόδες

447 4562 774 4620 Ἕσιησαν
799 4557 886 4624 εἰς
920 4562 1231 4614 σύστασιν
1256 4557 1367 4624 τῆς
1390 4557 1771 4625 οἰκουμένης,

448 4633 769 4701 Ὠφηησαν
799 4630 969 4701 οὗτοι
990 4630 1069 4695 τῷ
1094 4630 1405 4695 σεϐασμίῳ
1434 4627 1598 4701 τόπῳ
1621 4666 1634 4683 .

449 4699 649 4769 Σιὶεύη
677 4704 914 4771 πονηρὰ
945 4699 1411 4771 δυσειδαίμονος
1454 4699 1696 4771 πλάνης
1722 4733 1738 4755 ,

463 4767 696 4829 Ἑκεῖσε
731 4767 933 4827 πολλὰ
971 4772 1193 4823 λοιπὸν
1216 4770 1285 4830 ἐξ
1314 4767 1621 4834 ἀγνωσίας

450 4843 797 4908 Πράξαντες
831 4844 1076 4908 αἰσχρὰ,
1099 4839 1288 4899 δεινὰ,
1317 4835 1842 4905 δυσσεεοειρόνως,

461 4913 722 4966 Ἐκεῖθεν
750 4913 1075 4980 ἠλάθησαν
1097 4910 1177 4974 ὠς
1205 4908 1562 4980 άποστάται.

451 4986 604 5051 Πρὸς
648 4974 783 5049 τὴν
802 4974 1000 5051 πόλιν-
1029 4980 1117 5051 δὲᾼ
1136 4979 1242 5051 τοῦ
1271 4978 1525 5045 κράτους
1559 4974 1950 5051 πεφευγότες,

449 5048 909 5120 οὐχ’ὲξαφῆκαν
942 5048 1051 5113 τὰς
1091 5049 1398 5120 ἀθέσμους
1420 5049 1669 5120 μωρίαςἼ

458 5125 638 5177 Ὅθεν
660 5117 984 5191 τραφέντες
1013 5120 1105 5191 ὡς
1121 5118 1445 5191 κακοῦργοι
1476 5122 1588 5191 την
1611 5117 1772 5179 θέαν,

453 5186 926 5259 Κατακρίνὸνται
955 5189 1053 5242 καί
1078 5187 1392 5241 διώκονται
1424 5186 1633 5239 πάλιν.

458 5306 607 5375 κε’.
653 5307 882 5360 Τούτων
919 5303 989 5358 δὲ
1036 5299 1659 5368 ὑπαναγνωσθέντων,
1702 5294 1959 5362 ἀπάγειν

386 5398 546 5469 ἡμᾶς
592 5399 681 5463 εἰς
720 5397 783 5450 τὸ
830 5392 1179 5464 πραιτώριον
1226 5392 1468 5446 ἐκέλευε
1498 5407 1513 5420 ο
1562 5388 1660 5441 καί
1695 5386 1845 5456 μετὰ
1892 5386 1958 5439 τὸ

387 5491 662 5555 ἐξελθεῖν
700 5489 880 5559 ἡμᾶς,
928 5488 1028 5542 καί
1060 5486 1176 5557 τὴν
1199 5483 1539 5555 λεγομένην
1575 5479 1961 5549 Θερμάστραν

386 5584 502 5652 ἤδη
532 5581 916 5645 καταλαϐεῖν,
938 5581 1176 5650 φθάσας
1207 5596 1318 5642 τις,
1349 5575 1635 5629 ἐκέλευεν
1666 5567 1952 5636 ὑποστρέο

385 5694 568 5747 φειν·
605 5678 704 5733 καί
751 5676 875 5731 σὺν
932 5674 1144 5739 πολ.ἰῷ
1199 5673 1279 5738 τῷ
1332 5669 1500 5739 τάχει
1578 5663 1658 5731 τῷ
1711 5661 1964 5729 ,βασιλεῖ

382 5772 803 5841 ευέιι’στησιν’
844 5768 911 5837 ὃς
970 5767 1069 5822 καί
1131 5766 1273 5821 ἰδὼν
1332 5760 1512 5834 ἡμᾶς,
1578 5757 1729 5829 πρὸς
1789 5754 1963 5820 λέξιν

2131 4478 2334 4533 Stetere
2364 4477 2453 4530 ubi
2486 4476 2581 4529 Dei
2623 4473 2774 4528 Verbi
2804 4474 2934 4527 casti
2970 4472 3146 4542 pedes.

2124 4550 2409 4603 Terrarum
2443 4556 2499 4600 ut
2526 4547 2666 4600 orbis
2702 4561 2796 4612 per
2824 4546 2876 4596 id
2910 4541 3065 4612 queat
3100 4541 3418 4599 consistere;

2122 4619 2622 4688 Apparuerunt‘isti
2654 4612 2965 4688 lionorando
2998 4614 3053 4665 in
3097 4612 3230 4688 loco,

2127 4685 2338 4743 Erroris
2372 4688 2520 4755 impii
2556 4685 2701 4740 mala
2734 4702 2862 4738 vasa
2895 4695 2943 4737 et
2979 4686 3222 4750 reproba.

2124 4761 2254 4816 Cum
2289 4754 2456 4812 multa
2499 4758 2736 4825 fecissent
2769 4756 2840 4809 ibi
2874 4754 3171 4823 perturpia.

2126 4829 2428 4895 Gravtaque
2460 4820 2599 4896 quod
2633 4826 2831 4878 deesset
2864 4820 2935 4876 eis
2973 4834 3114 4875 recta
3156 4820 3308 4885 fides,

2126 4900 2287 4955 Illinc
2320 4898 2492 4950 abacti
2522 4902 2645 4949 sunt
2678 4896 2810 4947 sicut
2846 4901 3123 4961 apostatat.

2127 4970 2499 5037 (Ionfugientes
2528 4968 2796 5037 autemud
2828 4965 3003 5015 urbem
3035 4961 3265 5037 imperti,

2128 5034 2426 5096 Stultitiam
2451 5035 2596 5088 haud
2625 5035 2946 5101 reliquerunt
2978 5034 3267 5101 uetariam.

2130 5112 2307 5176 Quare
2338 5106 2507 5159 notati
2540 5114 2587 5158 et
2620 5099 2858 5172 inscripti
2890 5111 2947 5176 ut
2979 5099 3225 5176 malefici,

2130 5171 2473 5235 Damnantur
2511 5171 2895 5244 exigunturque
2931 5171 3152 5238 improbi
3189 5173 3400 5223 iterum.

2132 5293 2319 5350 XXVI.
2352 5290 2444 5346 His
2476 5289 2642 5352 lectis,
2667 5287 2829 5357 jussit
2860 5302 2953 5339 nos
2980 5283 3176 5337 adduci
3199 5284 3388 5337 iterum
3413 5282 3470 5335 in
3499 5296 3634 5352 pra?-

2061 5388 2253 5443 torium
2281 5400 2299 5438 :
2328 5392 2376 5436 et
2406 5390 2682 5450 postquam
2706 5378 2901 5447 egressi
2926 5391 3172 5438 essemus,
3203 5384 3250 5428 et
3280 5376 3348 5427 ad
3373 5390 3487 5427 eum
3521 5389 3637 5444 qua:

2061 5478 2252 5532 dicitur
2304 5472 2678 5532 Tlterinastra,
2725 5467 2845 5535 jam
2894 5467 3229 5527 venissemus,
3278 5467 3491 5519 veniens
3536 5465 3640 5517 ali-

2062 5570 2177 5640 quis
2199 5565 2355 5638 Jussit
2390 5578 2481 5617 nos
2523 5562 2730 5622 reverti,
2763 5574 2825 5612 ac
2852 5573 2970 5611 cum
3023 5555 3191 5611 multa
3220 5556 3489 5612 celeritate
3541 5572 3636 5609 nos

2064 5657 2369 5731 imperatori
2397 5654 2555 5709 sistit.
2590 5649 2746 5719 Isque
2778 5666 2871 5704 nos
2910 5649 3290 5715 contuitus,sic
3324 5649 3393 5703 ad
3426 5649 3638 5704 verbum

2063 5751 2264 5809 loeutus
2293 5755 2366 5801 est
2393 5762 2409 5801 :
2443 5743 2738 5801 Verisimile
2765 5750 2860 5809 est,
2888 5758 2994 5810 ros,
3023 5758 3138 5796 cum
3170 5741 3500 5808 recesserint,
3532 5753 3643 5795 esse
