4122 6380
369 392 477 457 δ’ῘἹ

366 599 747 668 Χριστιανῶν
810 606 1020 661 πίστιν
1075 606 1172 660 καὶ
1238 610 1566 679 ὁμολογίαν
1613 611 1951 681 ἀθετησᾶν-

363 710 506 759 των,
546 693 664 749 κᾶν
700 695 846 762 τοὺς
883 698 1236 768 ὀφθαλμοὺς
1276 702 1642 771 ἐκκόψαιεν,
1715 707 1834 761 κᾶν
1882 710 1950 765 τὸ

365 782 541 853 σῶμα
573 787 872 841 καύσαιεν
905 788 987 853 τῷ
1018 792 1186 858 πυρὶ,
1224 794 1532 860 λεγόντων
1557 812 1570 826 ·
1609 801 1640 849 ό
1674 797 1781 851 τοῦ
1812 800 1948 867 Χρι-

362 877 708 933 στοδούλου
743 882 944 949 πατὴρ
973 883 1044 934 ἐν
1075 882 1321 951 χάριτος
1366 887 1547 954 μοίρᾳ
1603 891 1710 943 τὸν
1757 892 1946 961 λόγον

359 968 490 1035 τοῖς
515 970 817 1038 ἐναντίοις
850 974 1238 1042 ποιούμενος,
1274 976 1610 1045 Οὐδέποτε,
1659 982 1811 1050 πρὸς
1840 984 1946 1038 τὸν

358 1059 634 1129 ἔπαρχον
663 1054 804 1129 ἔφη,
838 1065 1316 1132 προσεκύνησαν
1342 1063 1507 1123 οὗτοι
1537 1072 1746 1127 εικόνα
1784 1090 1799 1103 ’
1846 1074 1945 1127 καὶ

361 1152 499 1203 τίνα
529 1155 829 1220 παθόντες
857 1154 1240 1223 ἐληλύθασιν
1272 1153 1411 1224 ὦδε,
1447 1164 1559 1214 οὐκ
1601 1157 1754 1216 οἶδα.
1786 1164 1945 1231 Πρὸς

359 1243 433 1296 ὃν
496 1246 818 1315 αὐστηρῶς
846 1247 982 1317 ἐγὼ,
1028 1249 1315 1316 Ἀπόστα,
1366 1252 1547 1323 ἔφην,
1600 1256 1884 1311 ἐντεῦθεν
1924 1276 1939 1292 θ

358 1341 473 1393 οὐκ
523 1337 693 1407 οἶδας
744 1342 806 1394 τί
857 1343 1098 1413 λέγεις,
1150 1344 1294 1399 οὐδέ
1342 1348 1475 1415 περὶ
1525 1349 1707 1403 τίνων
1750 1350 1943 1406 διαϐε-

355 1432 657 1491 σαιοῦσαι.

429 1523 557 1578 ΚΘν.
596 1525 658 1579 '0
691 1526 759 1581 δὲ
790 1526 1054 1600 ἔπαρχος
1091 1531 1263 1604 αὖθις
1302 1538 1580 1604 θωπείαις
1609 1538 1935 1607 χρώμενος,

349 1617 408 1668 Μ
423 1617 532 1680 ἀν,
562 1614 713 1684 εἶπε,
735 1621 885 1689 μίαν
901 1624 1099 1692 μόνον
1136 1629 1570 1696 κοινωνήσατε,
1604 1631 1703 1684 και
1730 1631 1938 1700 ἕτερον

350 1712 465 1760 οὐκ
531 1710 963 1782 ἀπαιτοῦμεν·
1012 1718 1110 1771 καὶ
1175 1719 1424 1789 ἔρχομαι
1486 1723 1584 1776 καὶ
1636 1722 1753 1791 ἐγὼ
1805 1726 1935 1792 μεθ’

351 1802 523 1869 ὑμῶν
556 1806 643 1871 εἰς
692 1805 808 1873 τὴν
854 1809 1216 1878 ἐκκλησίαν,
1278 1813 1376 1867 καὶ
1415 1815 1746 1882 πορεύεσθε
1791 1816 1932 1870 ὅποι

347 1896 539 1960 φίλον
597 1895 756 1964 ὑμῖν.
839 1899 990 1969 Ἐγὼ
1045 1900 1114 1953 δὲ
1174 1904 1325 1971 πρὸς
1389 1906 1581 1960 αὐτὸν
1642 1906 1930 1976 γελάσας,

347 1984 599 2053 Ὅμοιόν
662 2006 716 2041 τι
775 1992 997 2059 λέγεις,
1061 1994 1232 2062 κύριε
1279 2000 1311 2050 ό
1395 1998 1682 2066 ἔπαρχος,
1736 1995 1929 2065 εἷπον,

339 2075 547 2146 ὥσπερ
584 2079 660 2133 ἄν
700 2097 790 2147 τις
824 2081 1034 2150 ἕτερον
1074 2085 1260 2149 ἀξιῶν
1287 2089 1475 2157 λέγοι,
1505 2088 1698 2143 Οὐδὲν
1730 2090 1932 2146 αἰτοῦ-

342 2170 452 2235 μαί
481 2187 579 2236 σε,
620 2172 758 2226 ἀλλ’
785 2173 822 2238 ἢ
854 2173 972 2241 τὴν
1002 2175 1129 2243 σὴν
1176 2176 1339 2243 ἅπαξ
1382 2179 1707 2249 ἀποτεμεῖν
1745 2199 1928 2251 κεφα-

341 2261 486 2328 λὴν,
519 2263 620 2316 καὶ
664 2266 732 2319 τὸ
775 2266 927 2334 μετὰ
980 2270 1167 2323 ταῦτα
1210 2274 1476 2339 πορεύου
1510 2272 1666 2327 ὅπου
1705 2273 1925 2342 θέλεις.

342 2355 621 2408 Γίνωσκε
653 2356 881 2423 τοίνυν,
910 2360 990 2426 ὡς
1030 2361 1177 2429 ἡμῖν
1213 2362 1507 2419 καὶτοῦτο
1527 2366 1602 2419 δι’
1625 2368 1928 2436 αἰσχύνης

339 2446 497 2509 ἐστὶ,
526 2448 591 2500 τὸ
618 2448 851 2518 τολμᾷν
878 2468 1012 2505 τινα
1046 2451 1203 2520 ὅλως
1231 2455 1383 2523 πρὸς
1425 2460 1743 2510 κοινωνίαν
1767 2458 1927 2529 ημᾶς

340 2539 803 2607 προτρέπεσθαι,
863 2546 1017 2613 πρὸς
1068 2545 1149 2615 ἢν
1198 2549 1382 2615 αὐτὸς
1441 2552 1549 2605 οὐκ
1600 2551 1713 2605 οἷδ’
1763 2554 1924 2620 ὅπως

339 2631 653 2700 παραινεῖς
700 2635 901 2690 ἐλθεῖν
924 2679 940 2703 ,
990 2639 1087 2691 καὶ
1116 2638 1204 2708 μὴ
1258 2641 1566 2710 πόρρωθεν
1599 2645 1923 2701 πεπεῖσθαι

338 2724 448 2776 τὸν
476 2726 751 2780 τοιοῦτον
775 2769 791 2795 ,
844 2730 924 2795 ὠς
963 2729 1118 2800 ῥᾷον
1149 2731 1310 2799 αὑτῷ
1348 2734 1467 2803 γῆν
1510 2736 1608 2790 καὶ
1657 2738 1922 2807 οίρανέν

336 2818 575 2871 ἄνωθεν
598 2819 702 2873 καὶ
736 2820 1007 2877 κάτωθεν
1033 2826 1252 2892 ποιεῖν,
1293 2825 1451 2897 ἤπερ
1482 2826 1643 2897 ημᾶς
1679 2847 1921 2898 μετατι-

337 2907 507 2961 θέναι
534 2908 645 2976 τῆς
673 2913 1013 2981 εὐσεϐείας.
1051 2916 1191 2970 Τότε
1232 2916 1541 2987 γραφῆναι
1595 2922 1701 2984 τὰς
1746 2920 1919 2988 ὄψεις

338 2997 508 3065 ἡμῶν
538 3002 805 3059 ἐκέλευε.
841 3006 948 3060 Kal
978 3006 1054 3075 δὴ
1083 3007 1171 3063 ἔτι
1210 3007 1332 3063 τῶν
1352 3010 1421 3063 ἐκ
1450 3008 1569 3063 τῶν
1603 3015 1919 3081 μαστίγων

333 3084 585 3157 πληγῶν
618 3098 1124 3163 φλεγμιιινουσὼν
1150 3099 1221 3151 ἐν
1246 3099 1411 3168 ἡμῖν,
1442 3101 1538 3154 καὶ
1567 3102 1916 3171 ἀφορήτους

1472 406 1651 469 VITA
1690 408 1761 471 S.
1793 410 2193 477 THEODORI
2232 418 2541 482 GRAPTI.

368 509 677 577 κοινωνίᾳ,
739 512 778 580 ἢ
833 512 947 566 κᾶν
990 514 1140 581 γοῦν
1199 513 1272 584 τῇ
1330 521 1778 587 συγκαταθέσει
1829 521 1912 575 τῶ

2016 527 2211 586 ,ιιίοιιε
2255 546 2531 601 nunquam
2576 534 2900 606 polluantur,

3528 441 3638 503 638

2947 542 3081 596 eisre
3124 545 3410 616 quidquam
3455 568 3639 606 asseno

2054 619 2272 686 tiamur,
2297 624 2386 691 qui
2421 623 2781 684 Christianam
2811 631 2969 700 [idem
2997 652 3060 687 ac
3093 637 3471 706 confessionem
3506 646 3633 698 irri-

2052 718 2162 763 tam
2199 710 2455 780 fecerunt,
2488 720 2568 770 vel
2597 719 2644 771 si
2671 721 2735 773 ab
2774 723 2846 775 eis
2882 725 3028 779 nobis
3069 729 3209 783 oculi
3248 734 3466 789 eruendi
3501 737 3630 800 sint,

2049 800 2133 854 vel
2152 804 2198 856 si
2218 820 2406 875 corpus
2436 809 2548 877 igni
2575 814 2901 869 exurendum
2926 831 2942 869 :
2970 825 3081 873 tum
3108 830 3263 888 pater
3285 821 3628 890 Christoduli,

2048 892 2191 946 velut
2225 896 2333 966 ipse
2373 916 2406 951 a
2452 901 2598 955 nobis
2639 907 2872 974 gratiam
2911 911 3142 964 initurus
3170 928 3190 963 :
3233 913 3519 985 Nunquam
3551 923 3625 985 hi,

2047 981 2216 1051 inquit
2257 988 2329 1040 ad
2367 992 2692 1060 prwfectum,
2749 996 3036 1067 imaginem
3090 1001 3484 1073 adoraverunt;
3532 1027 3626 1063 nec

2048 1076 2165 1129 novi
2191 1078 2319 1148 quid
2361 1080 2466 1135 illis
2498 1086 2769 1152 acciderit,
2813 1098 2870 1141 ut
2914 1091 3012 1142 huc
3051 1094 3305 1148 venirent.
3350 1098 3434 1150 Ad
3474 1115 3624 1169 quem

2045 1182 2139 1236 ego
2183 1185 2364 1224 severa
2417 1174 2819 1245 increpatione:
2854 1180 3110 1247 Abscede,
3171 1171 3424 1256 inquam,
3471 1192 3626 1257 hinc;

2045 1262 2209 1315 nescis
2239 1266 2365 1335 quid
2393 1266 2559 1333 dicas,
2588 1286 2682 1323 nec
2708 1271 2773 1324 de
2798 1273 2983 1343 quibus
3011 1277 3259 1346 a/Iirmes.

2112 1512 2305 1587 XXIX.
2349 1535 2415 1587 At
2446 1538 2720 1606 pra’fectus
2760 1556 2943 1595 rursus
2990 1544 3258 1600 blanditiis
3296 1558 3445 1603 utens
3473 1569 3492 1605 :
3519 1551 3617 1606 Se-

2042 1623 2163 1687 mel,
2216 1628 2407 1695 inquit,
2460 1630 2622 1683 semel
2668 1632 2842 1688 solum
2874 1640 3280 1705 communicate,
3326 1658 3423 1695 nec
3468 1646 3615 1698 aliud

2039 1716 2333 1783 exigimus;
2382 1726 2432 1769 et
2488 1734 2580 1787 ego
2629 1721 2891 1776 vobiscum
2952 1725 3034 1777 ibo
3104 1727 3160 1780 in
3218 1728 3517 1797 ecclesiam;
3566 1744 3615 1787 et

2037 1809 2224 1863 deinde
2253 1816 2343 1873 ite,
2378 1830 2480 1882 quo
2514 1814 2652 1867 vobis
2678 1815 2957 1885 placuerit.
2991 1816 3103 1887 Ego
3133 1836 3254 1873 vero
3284 1823 3332 1874 ei
3353 1822 3466 1876 dixi
3492 1825 3611 1879 sub-

1961 1873 2009 1932 B
2038 1902 2254 1956 ridens:
2301 1873 2486 1958 Simile
2515 1907 2643 1975 quid
2678 1873 2840 1974 'dicis,
2870 1927 2898 1962 ο
2948 1873 3158 1966 domine
3186 1914 3445 1983 prwfecte.
3480 1934 3541 1971 ac
3568 1919 3615 1972 si

2039 1992 2154 2059 quis
2182 1991 2351 2045 alium
2381 2009 2597 2063 rogans,
2629 1997 2808 2051 dicat:
2840 1998 2988 2053 Nihil
3020 2001 3169 2055 aliud
3189 2015 3327 2074 peto,
3359 2023 3519 2076 quam
3554 2018 3613 2061 ut

2035 2084 2198 2136 semel
2219 2086 2468 2139 cervicem
2501 2088 2594 2141 tibi
2626 2089 2972 2157 abscindam;
3003 2103 3051 2145 ct
3087 2102 3212 2148 tunc
3242 2108 3421 2165 postea
3455 2102 3606 2163 vade,

2034 2191 2134 2243 quo
2166 2175 2317 2230 velis.
2346 2175 2495 2231 Scias
2540 2195 2687 2250 ergo,
2721 2182 2815 2235 hoc
2841 2200 3045 2255 quoque
3083 2188 3228 2241 nobis
3254 2206 3364 2242 esse
3393 2193 3607 2260 pudori,

2031 2267 2169 2334 quod
2200 2269 2394 2321 audeat
2428 2286 2520 2322 nos
2548 2271 2740 2341 aliquis
2772 2277 3053 2330 adhortari
3080 2281 3152 2332 ad
3181 2286 3604 2339 communionem

2032 2358 2125 2424 (ad
2157 2375 2315 2428 quam
2351 2364 2525 2416 nescio
2549 2366 2810 2433 quomodo
2836 2370 3030 2423 suades
3055 2380 3109 2422 ut
3139 2372 3493 2442 accedamus),
3514 2393 3609 2430 nec

2028 2449 2154 2501 olim
2187 2466 2496 2518 persuasum
2530 2456 2744 2521 habeat,
2787 2460 2877 2528 qui
2900 2459 3160 2527 ejusmodi
3197 2473 3293 2525 est,
3326 2468 3607 2535 proc'ivius

2026 2540 2108 2596 illi
2136 2558 2244 2596 esse
2275 2553 2331 2596 ut
2357 2545 2544 2599 caelum
2569 2565 2631 2600 ac
2655 2557 2855 2604 terram
2877 2568 2965 2606 sus
2993 2554 3159 2624 deque
3182 2557 3417 2622 misceat,
3444 2576 3605 2629 quam

2026 2644 2083 2687 ut
2118 2652 2208 2689 nos
2258 2655 2291 2690 a
2338 2639 2533 2707 pietate
2564 2642 2832 2697 traducat.
2883 2645 3026 2699 Tunc
3071 2650 3234 2717 jussit
3271 2652 3485 2706 inscribi
3512 2670 3604 2707 uo-

2023 2736 2158 2779 stros
2216 2727 2429 2786 vultus:
2476 2747 2700 2799 cumque
2737 2736 2869 2789 adeo
2917 2750 3144 2804 accepta:
3193 2757 3255 2794 ex
3306 2744 3602 2799 verberibus

2023 2816 2216 2888 plagae.
2249 2835 2354 2889 qua
2381 2821 2661 2891 turgebant
2687 2825 2859 2878 adhuc
2902 2844 2963 2881 ac
2992 2829 3486 2900 inﬂammabantur,
3521 2836 3605 2888 in-

2020 2909 2258 2964 credibili
2312 2927 2405 2965 nos
2459 2913 2638 2968 dolore
2696 2917 2998 2985 a/ﬁcerent,
3066 2923 3401 2978 extendentes
3442 2943 3601 2997 super

2018 3019 2260 3069 scamna,
2293 3005 2466 3060 vultus
2500 3016 2705 3062 nostros
2731 3012 3120 3083 insculpebant.
3148 3015 3279 3069 Ctnn
3305 3031 3480 3073 autem
3505 3037 3602 3089 per

2020 3093 2236 3165 longum
2278 3104 2480 3166 tempus
2527 3097 2703 3153 vultus
2740 3114 3186 3173 compungerent,
3231 3109 3356 3161 solis
3407 3127 3596 3164 occasu

334 3183 648 3237 ποιουσῶν
672 3186 776 3253 τὰς
798 3188 1043 3256 ὀδύνας,
1069 3190 1479 3258 διατείναντες
1506 3192 1602 3246 ἐπὶ
1625 3192 1915 3263 σκιίμνων

2019 3190 2376 3260 ingruentibus
2420 3193 2666 3258 tenebris,
2730 3195 2812 3248 vel
2863 3197 3016 3252 inviti
3066 3200 3313 3265 prohibiti
3364 3214 3486 3257 sunt
3530 3221 3594 3258 ne

328 3278 438 3340 τὰς
493 3274 658 3344 ὄψεις
718 3280 1089 3339 ἐκόλαπτον.
1151 3284 1285 3337 Ἐπὶ
1345 3284 1593 3353 πολλὴν
1659 3284 1729 3337 δὲ
1794 3285 1911 3353 τὴν

2018 3286 2338 3351 scripturam
2371 3298 2579 3337 onmem
2609 3284 2957 3340 absolverent.

322 3370 488 3436 ὥραν
525 3373 973 3431 ἐκκεντούντων
1022 3378 1093 3432 τὰ
1156 3380 1483 3448 πρόσωπα,
1551 3380 1778 3449 σκότος
1850 3380 2091 3450 ἐγένετο
2165 3378 2488 3446 δεδυκότος
2532 3381 2713 3449 ἡλίου
2742 3398 2757 3413 ’
2821 3381 2851 3434 ὃ
2897 3382 2997 3436 καὶ
3041 3383 3125 3452 μὴ
3167 3386 3589 3456 βουλομένων,

325 3465 445 3531 τὴν
467 3469 554 3532 εις
584 3468 760 3536 τέλος
792 3471 1020 3541 ἐπέσχε
1052 3472 1313 3543 γραφήν.

272 3552 279 3555 ⁷
392 3559 475 3615 Λ’.
517 3562 862 3633 Μέλλοντες
949 3567 1018 3619 δὲ
1041 3568 1461 3638 ἐξιέναι,πρὸς
1490 3570 1600 3624 τὸν
1645 3572 1918 3642 ἔπαρχον

326 3659 426 3704 καὶ
460 3652 599 3717 τοὺς
631 3657 935 3724 παρόντας
956 3697 970 3721 ,
1011 3659 1088 3712 Τὰ
1122 3659 1436 3729 γράμματα
1484 3662 1694 3727 ταῦτα,
1740 3665 1913 3719 εἵπο-

319 3760 462 3812 μεν,
510 3740 581 3799 εὖ
634 3747 785 3812 ἴστε,
833 3738 1191 3819 θεασιιμενα⁸
1234 3751 1307 3804 τὰ
1335 3754 1651 3823 Χερουδὶμ,
1681 3757 1914 3825 ὑποχω-

318 3836 527 3904 ρήσει,
553 3840 651 3891 καὶ
688 3840 725 3907 η
754 3844 1016 3911 φλογίνη
1053 3844 1345 3913 ῥομφαία,
1390 3845 1464 3899 τὰ
1505 3845 1664 3900 νῶτα
1694 3848 1908 3914 δοῦσα,

323 3926 435 3994 τῆς
468 3931 712 3984 εἰσόδου
741 3932 885 4001 ἡμῖν
914 3934 1022 3987 τοῦ
1052 3935 1428 4003 παραδείσου
1463 3938 1908 4007 παραχωρήσει,

318 4020 655 4088 αὶδούμενα
684 4022 792 4090 τὰς
816 4023 987 4093 ἡμῶν
1010 4025 1206 4094 ὄψεις,
1238 4028 1346 4094 τὰς
1377 4029 1531 4097 ὑπὲρ
1560 4029 1667 4083 τοῦ
1697 4031 1903 4085 κοινοῦ

318 4113 638 4166 Δεσπότου
670 4114 896 4183 ἀτίμως
924 4117 1116 4184 οὕτως
1146 4121 1648 4189 ἐγχαραχθείσας.
1681 4124 1902 4187 Μόνοις

318 4204 432 4270 γὰρ
448 4204 550 4257 ἀπ’
566 4204 782 4266 αἰῶνος
798 4206 945 4276 ἡμῖν
966 4209 1303 4279 πέπρακται
1328 4212 1532 4280 τοῦτο,
1561 4213 1658 4267 καὶ
1688 4216 1901 4269 καινὸν

317 4296 690 4365 ἐπιτήδευμα
721 4301 964 4367 εὓρηται
987 4317 1003 4333 ο
1034 4303 1131 4356 καὶ
1155 4304 1621 4373 φιλανθρώπους
1668 4306 1899 4361 ἀπεδει-

230 4424 235 4429 .
262 4456 277 4465 θ
320 4387 464 4449 ξατε
487 4387 743 4455 πάντας,
777 4391 913 4444 ὅσοι
943 4392 1096 4447 κατὰ
1123 4394 1231 4447 τοῦ
1275 4396 1437 4449 θείου
1476 4395 1649 4466 ἡμῶν
1680 4396 1898 4466 ἐμάνη-

2080 3572 2252 3628 XXX.
2292 3572 2574 3642 Egressuri
2625 3587 2746 3623 vero
2798 3574 3025 3627 divinius
3081 3577 3353 3644 profecto.
3404 3588 3453 3631 et
3518 3582 3590 3635 his

2007 3668 2098 3736 qui
2141 3674 2368 3719 aderant
2411 3681 2431 3719 :
2483 3664 2648 3718 Hasce
2675 3665 2898 3729 litteras,
2957 3667 3114 3735 probe
3150 3670 3311 3733 scitis,
3361 3673 3589 3727 videntes

2008 3755 2293 3811 Cherubim
2346 3757 2586 3809 recedent
2603 3773 2622 3820 ;
2639 3757 3020 3826 ﬂammeusque
3047 3758 3254 3827 gladius
3282 3769 3429 3831 terga
3451 3764 3587 3815 dans

2006 3848 2247 3917 paradisi
2273 3846 2418 3900 nobis
2449 3848 2691 3900 concedet
2716 3849 3028 3916 ingressum,
3063 3851 3154 3919 qui
3180 3860 3384 3905 nostros
3411 3854 3585 3907 vultus

2006 3947 2333 4002 revereatur,
2368 3939 2444 3991 sic
2464 3941 2781 4010 propudiose
2807 3957 2902 4009 pro
2922 3945 3185 3995 communi
3205 3943 3431 3998 Domino
3458 3962 3585 4000 eaa-

2004 4040 2170 4084 ratos.
2228 4031 2331 4086 Uni
2374 4033 2512 4084 enim
2543 4048 2746 4097 sumus,
2784 4033 2837 4085 in
2867 4050 2995 4102 quos
3031 4051 3064 4087 a
3104 4035 3297 4088 steculo
3327 4037 3584 4105 ejusmodi

1996 4121 2166 4175 scelus
2191 4131 2467 4192 patratum
2494 4123 2581 4176 sit.
2616 4121 2934 4195 Novumque
2959 4126 3054 4179 hoc
3082 4126 3288 4179 subtilis
3308 4127 3581 4183 cruciandi

1999 4216 2131 4268 artis
2165 4215 2433 4269 inventum
2457 4223 2533 4268 est
2556 4230 2575 4269 :
2600 4232 2699 4285 quo
2725 4218 2838 4285 ipso
2869 4216 3146 4272 clementes
3169 4220 3470 4275 exhibuislis
3493 4231 3579 4276 at-

1995 4325 2095 4380 que
2112 4312 2393 4373 humanos,
2419 4319 2671 4381 quotquot
2703 4310 2981 4364 adversum
3007 4311 3364 4368 Christianum
3388 4315 3578 4386 dogma

2002 4402 2155 4471 furiis
2196 4403 2404 4459 invecti
2457 4403 2670 4473 tyranni
2730 4405 3031 4460 smvierunt.
3090 4403 3157 4459 In
3214 4406 3350 4476 faeie
3399 4418 3575 4463 autem

319 4491 441 4529 σαν
490 4476 815 4553 δόγματος.
882 4479 987 4535 Ἑν
1028 4480 1097 4535 δὲ
1153 4480 1233 4547 τῷ
1287 4462 1591 4551 προσώπῳ
1632 4462 1894 4554 Χριστοῧ

2016 4493 2201 4548 Christi
2239 4490 2457 4563 prorsus
2478 4462 2801 4565 agnoscetis,
2836 4497 3252 4568 prostabuutque
3276 4501 3355 4553 ha!
3385 4498 3577 4553 litterae

316 4568 559 4647 πάντως
609 4571 1045 4643 ἐπιγνώσεσθε,
1097 4575 1196 4628 καὶ
1248 4578 1338 4641 εἰς
1368 4574 1723 4647 ἀνάγνωσιν
1752 4576 1893 4647 ύμῖν

315 4638 821 4726 παραέτήσονται
851 4638 1035 4716 ταυτῖ
1056 4662 1130 4716 τὰ
1181 4638 1512 4735 γράμματα,
1549 4669 1744 4733 Αὐτὸς
1785 4638 1897 4737 ξαρ

314 4747 581 4813 εἴρηκεν,
624 4767 643 4799 ι
685 4750 833 4803 Ὅσα
894 4753 972 4807 ἂν
1000 4754 1327 4824 ἐποιήσατε
1356 4756 1447 4809 ἐνὶ
1510 4759 1740 4813 τούτων
1772 4759 1891 4815 τῶν

312 4837 680 4907 ἐλαχίστων,
715 4843 846 4911 ἐμοὶ
876 4845 1225 4912 ἐποιήσατε.
1268 4867 1287 4899 ι

381 4928 510 4982 AA'.
584 4931 845 4997 Ίούτευς
898 4934 1039 5001 τοὺς
1089 4937 1315 5005 λόγους
1381 4939 1461 5006 ὡς
1521 4940 1792 5008 ἤκουσεν
1848 4946 1883 4999 ὁ

303 5011 611 5087 ,Βασιλεὺς
650 5023 748 5077 διὰ
792 5026 900 5080 τοῦ
942 5027 1234 5097 ἐπάρχου,
1295 5030 1473 5096 ἔδοξε
1503 5033 1710 5105 λέγειν
1766 5036 1888 5091 ὑπὸ

308 5108 425 5177 τῆς
483 5112 605 5167 τῶν
642 5116 966 5186 λογισμῶν
999 5120 1335 5191 ἐναργείας,
1370 5123 1450 5189 ὠς
1481 5122 1665 5195 οΐμαι,
1708 5144 1887 5182 κατα-

309 5203 680 5271 φοντηθείς
738 5210 807 5263 El
841 5209 1187 5281 ἐπιστὰμην
1210 5213 1435 5282 ἀληθὲς
1486 5213 1640 5272 εἶναι
1688 5220 1886 5287 τοῦτο,

306 5294 493 5347 παντὶ
546 5297 625 5362 τῷ
675 5298 803 5364 λαῷ
852 5320 974 5369 μου
1028 5305 1220 5372 οὕτως
1279 5308 1357 5362 ἂν
1406 5309 1593 5364 ταῦτα
1629 5312 1887 5381 ἔγραψα.

316 5388 520 5457 ’Πμεῖς
538 5391 657 5460 μὲν
670 5389 778 5449 οὖν
808 5396 1019 5464 ταῦτα,
1050 5399 1301 5455 πολλῶν
1317 5401 1508 5456 ὄντων
1534 5406 1631 5458 καὶ
1657 5406 1886 5473 ἄλλων,

302 5481 743 5554 ἐπιτομώτερον
794 5487 1222 5560 δεδηλώκαμεν
1254 5534 1269 5559 ,
1322 5493 1443 5548 τῶν
1494 5499 1886 5565 πραχθέντων

303 5575 581 5642 πολλοὺς
610 5579 853 5649 ἔχοντες
882 5582 1191 5651 μάρτυρας
1223 5601 1237 5615 ’
1298 5587 1538 5653 οἵτινες,
1590 5585 1660 5644 εὖ
1711 5587 1874 5660 οἴδα,

303 5667 405 5719 καὶ
438 5670 671 5724 τούτων
700 5677 958 5728 πλείονα
986 5677 1086 5729 sui
1120 5679 1510 5749 σαφέστερον
1552 5682 1881 5752 διηγήσον-

382 5850 426 5883 ·⁹
453 5847 641 5907 Matth.
669 5868 793 5923 xxv,
820 5857 909 5914 40.

1996 4595 2056 4640 ut
2090 4606 2120 4641 a
2156 4589 2297 4642 vobis
2330 4588 2599 4658 legantur.
2626 4588 2747 4658 Ipse
2780 4606 3009 4661 namque
3037 4592 3173 4645 dixit
3200 4608 3219 4646 :
3258 4610 3276 4642 ι
3311 4591 3575 4657 Qua'cun-

1994 4696 2095 4750 que
2120 4681 2310 4751 fecistis
2344 4683 2437 4734 uni
2467 4696 2531 4733 ex
2562 4681 2641 4734 his
2670 4682 2921 4748 minimis,
2954 4684 3082 4737 mihi
3108 4684 3303 4755 fecistis
3337 4687 3404 4741 ⁸ο.
3435 4704 3455 4737 ι

2059 4947 2247 5002 XXXI.
2272 4947 2378 5002 Hos
2397 4965 2665 5003 sermones
2705 4959 2848 5004 utea:
2872 4953 3117 5022 pra'fecto
3134 4953 3302 5007 audiit
3330 4954 3566 5024 impera-

1991 5053 2095 5110 tor,
2128 5044 2269 5099 istud
2293 5046 2569 5099 dicendum
2599 5049 2829 5117 putavit,
2862 5050 3154 5111 rationum,
3184 5059 3332 5118 puto,
3363 5054 3565 5121 perspi-

1990 5137 2186 5190 cuitate
2214 5136 2467 5189 attonitus
2492 5150 2510 5189 :
2542 5135 2609 5189 Id
2637 5152 2728 5206 ego
2763 5138 2810 5190 si
2840 5152 3019 5191 verum
3053 5152 3166 5190 esse
3209 5138 3416 5200 scirem,
3445 5153 3564 5192 eum

1990 5227 2045 5281 in
2075 5227 2288 5281 modum
2326 5243 2452 5281 mea:
2499 5228 2669 5281 omnis
2700 5226 2861 5296 plebis
2907 5228 3132 5283 vultibus
3156 5228 3279 5296 {hazc
3316 5231 3565 5285 inscribe-

1985 5334 2117 5371 rem.
2159 5316 2265 5372 Nos
2288 5334 2428 5381 vero,
2463 5334 2581 5371 cum
2605 5317 2713 5371 alia
2743 5334 2947 5387 quoque
2973 5318 3131 5387 plura
3158 5323 3284 5385 sint,
3312 5322 3423 5375 Ιιιεε
3447 5321 3564 5376 bre-
3642 5346 3659 5363 ι·

1983 5413 2099 5465 vius
2130 5411 2540 5472 declaravimus,
2574 5410 2665 5478 qui
2701 5426 2883 5464 eorum
2912 5426 3029 5481 qua?
3058 5421 3206 5481 gesta
3241 5420 3385 5478 sunt,
3421 5412 3563 5467 mul-

1983 5511 2062 5556 tos
2110 5511 2263 5555 testes
2302 5500 2630 5555 habeamus:
2681 5517 2809 5570 quos
2854 5501 2980 5555 bene
3007 5505 3112 5557 scio
3155 5504 3295 5558 hisce
3321 5504 3477 5575 plura
3508 5514 3560 5558 et

1979 5595 2217 5664 apertius
2240 5610 2350 5646 esse
2384 5602 2725 5655 narraturos,
2754 5594 2844 5664 qui
2865 5595 3080 5663 scilicet,
3115 5614 3232 5667 qua:
3263 5608 3387 5651 tunc
3411 5598 3560 5666 facta

1978 5684 2220 5755 dictaque
2252 5692 2395 5748 sunt,
2426 5681 2571 5736 nobis
2603 5682 2787 5737 melius
2816 5683 3179 5740 observarunt.
3213 5686 3392 5759 Neque
3413 5688 3555 5745 enim
