4122 6380
357 368 468 434 685

1524 364 1706 427 VlTA
1749 367 1812 426 S.
1851 365 2172 428 JOANNIS
2211 368 2498 429 EVANG.‘

3504 366 3607 429 686

357 477 525 531 παῖδα
576 473 1022 546 παραλαμϐάνει,
1075 471 1412 544 κληρονόμον
1468 473 1569 543 τῆς
1625 472 1934 541 ἁλιευτικῆς

2054 484 2156 529 arat
2183 476 2327 530 filius
2383 473 2524 545 patri
2561 493 2572 529 :
2607 483 2663 530 et
2707 471 2992 529 familiaris
3019 486 3085 528 ac
3137 472 3435 529 domestica
3481 491 3604 532 erat

360 568 757 638 ποιησάμενος.
801 567 1114 621 Ἐκοινώνει
1141 565 1242 636 μὲν
1276 564 1370 618 οὖν
1399 565 1500 634 τῆς
1525 565 1723 635 τέχνης
1750 567 1779 617 ὁ
1803 568 1934 626 παῖς

356 659 435 726 τῷ
473 663 667 729 πατρὶ,
703 657 798 710 καὶ
822 652 892 728 ἦν
929 657 1258 727 ἀμφοτέροις
1290 653 1541 717 σύνοικος
1565 656 1600 726 ἡ
1629 655 1812 707 πενία.
1870 652 1937 706 Τί

360 751 473 822 γάρ
502 751 834 820 πενέστερον
868 748 982 818 ἔχοι
1019 759 1102 811 τις
1136 747 1202 801 ἂν
1234 747 1410 800 είπείν
1463 745 1682 810 ἁλιέων,
1710 744 1744 816 ἢ
1790 745 1941 797 εὐτε-

365 841 661 911 λέστερον;
704 832 809 892 Ὦν
853 834 932 901 εἷς
959 837 1054 891 καὶ
1079 830 1236 900 οὗτος
1266 832 1334 902 ἦν
1361 838 1389 890 ό
1415 836 1516 906 τῆς
1549 835 1804 905 ἀληθείας
1843 835 1944 901 κή-

368 931 468 1000 ρυξ
500 947 559 983 τε
591 930 689 985 καὶ⁵
718 929 1062 993 διδάσκαλος.
1119 929 1227 982 Καὶ
1252 931 1314 982 τό
1339 944 1405 997 γε
1436 928 1625 999 μεῖζον
1665 929 1747 991 είς
1790 927 1943 979 εὐτε-

361 1023 512 1086 λείας
546 1020 848 1086 ἀπόδειξιν,
900 1021 983 1074 ὅτι
1039 1019 1176 1090 μηδὲ
1208 1021 1316 1073 ἀπὸ
1351 1021 1450 1090 τῆς
1507 1018 1788 1087 θαλάσσης
1814 1016 1942 1086 ἐθή-

365 1131 546 1186 ρευεν,
568 1113 685 1168 ἀλλ’
716 1112 773 1166 ἐν
803 1130 912 1166 τινι
948 1111 1180 1182 βραχείᾳ
1204 1112 1368 1182 λίμνῃ
1410 1108 1630 1180 σὺναμα
1663 1107 1740 1178 τῷ
1777 1108 1946 1177 πατρὶ

361 1206 460 1260 καὶ
487 1205 566 1273 τῷ
591 1202 810 1273 ἀδελφῷ
848 1202 1094 1272 Ἰακώϐῳ
1128 1199 1364 1271 διέτριϐε
1400 1201 1493 1253 καὶ
1551 1199 1683 1270 περὶ
1737 1198 1944 1268 ταύτην

363 1296 686 1366 ἐστρέφετο,
718 1293 1064 1365 διερρωγότα
1101 1293 1203 1364 μὲν
1233 1293 1458 1362 ῥάπτων
1501 1291 1698 1345 δίκτυα
1752 1289 1803 1360 (ὃ
1851 1290 1946 1342 καὶ

365 1389 502 1443 αὐτὸ
526 1387 718 1452 πενίας
743 1388 841 1458 τῆς
872 1387 1108 1456 ἐσχάτης
1141 1383 1431 1456 ἐτύγχανε)
1451 1422 1467 1449 ,
1497 1384 1565 1455 τῇ
1594 1383 1652 1436 δὲ
1693 1383 1802 1435 τῶν
1832 1399 1946 1453 χει·-

369 1481 480 1553 ρῶν
538 1481 774 1552 ἐργασίᾳ
811 1479 911 1548 τὴν
943 1478 1052 1531 τῶν
1101 1477 1415 1546 ἀναγκαίων
1445 1474 1947 1548 παραμυθούμενος

368 1575 604 1627 ἔνδειαν.
645 1572 968 1644 Ἑλληνικῆς
1001 1571 1101 1640 μὲν
1135 1566 1226 1623 οὖν
1258 1570 1505 1631 παιδείας
1557 1571 1802 1639 μετεῖχεν
1825 1569 1945 1620 οὐδὲ

368 1665 568 1736 βραχύ.
605 1665 714 1717 Καὶ
745 1665 956 1734 μάρτυς
997 1665 1025 1715 ὁ
1055 1664 1200 1726 θείος
1241 1662 1479 1727 Λουκᾶς,
1530 1661 1750 1730 ἰδιώτην
1779 1659 1944 1714 αὑτὸν

372 1755 672 1809 ἀποκαλῶν
723 1754 817 1808 καὶ
871 1755 1257 1827 ἀγράμματον.
1297 1753 1392 1807 Ἓν
1421 1751 1579 1806 τοῦτο
1611 1752 1773 1822 μόνον
1799 1746 1945 1822 εἶχεν

369 1841 452 1908 οἷς
509 1845 860 1916 ἐγνωρίζετο,
921 1845 980 1896 τὸ
1014 1843 1310 1914 ἐπίσημον,
1347 1842 1443 1895 καὶ
1493 1842 1702 1913 ταύτην
1733 1843 1946 1914 ἀγαθὴν

374 1935 441 1984 ἐκ
491 1933 748 2002 πατέρων
783 1926 934 1984 εἷλκε
963 1932 1178 2002 σειρὰν,
1208 1931 1308 2002 τὴν
1339 1930 1645 1986 εὐσέϐειαν.
1689 1931 1843 1984 Ἐπεὶ
1867 1931 1944 1995 δὲ,

367 2029 438 2082 τά
462 2042 524 2079 τε
564 2027 660 2094 τῆς
709 2027 868 2090 σκιᾶς
901 2024 1066 2096 ⁴ᾔρετο
1124 2025 1298 2094 νέφη,
1331 2023 1427 2077 καὶ
1478 2022 1548 2076 τὰ
1592 2023 1701 2076 τῶν
1761 2022 1948 2076 τύπων

369 2119 741 2187 μεταπίπτειν
765 2119 846 2180 είς
865 2117 964 2185 τὴν
982 2116 1242 2184 ἀλήθειαν
1267 2114 1493 2186 ἧρξατο,
1519 2116 1612 2168 καὶ
1643 2114 1728 2179 σὺ,
1751 2114 1946 2186 Κύριε,

363 2211 394 2261 ό
429 2207 639 2269 πλάσας
688 2208 1004 2277 καταμόνας
1038 2208 1137 2269 τὰς
1167 2205 1396 2276 καρδίας
1429 2205 1610 2277 ἡμῶν,
1645 2207 1704 2259 οὐ
1735 2206 1949 2260 διεσκέ-

365 2303 536 2367 δασας
560 2309 660 2374 τὴν
695 2301 815 2372 μεθ’
867 2302 1026 2371 ημῶν
1052 2298 1320 2370 διαθήκην
1347 2316 1463 2364 σου,
1496 2299 1612 2354 ἀλλ’
1663 2299 1786 2354 ἰδὼν
1809 2296 1950 2364 εἶδες

373 2395 476 2467 τὴν
512 2399 756 2450 κάκωσιν
794 2392 889 2448 τοῦ
927 2391 1172 2464 Ἰσραὴλ,
1218 2392 1317 2446 καὶ
1364 2392 1504 2462 μήτε
1535 2391 1637 2462 τῆς
1692 2391 1949 2462 θεότητος

370 2487 594 2551 ἐκστάς,
630 2486 819 2555 ὶγένου
846 2484 914 2540 δι’
939 2486 1091 2555 ἡμᾶς
1149 2483 1553 2555 ἀναμαρτήτως
1593 2483 1732 2554 ὅπερ
1767 2484 1949 2555 ἡμεῖς,

373 2581 512 2650 μήτε
575 2578 668 2632 τὸν
717 2577 812 2632 τοῦ
859 2578 1076 2649 Πατρῖς
1105 2573 1296 2647 θρόνον
1325 2574 1632 2641 ἀπολιπὼν,
1681 2575 1951 2646 παρθένον

373 2673 599 2742 ᾧκησας
627 2669 699 2723 δι’
729 2671 830 2742 ἐμὲ
855 2711 871 2737 ,
908 2668 976 2723 ἶν’
1021 2670 1136 2739 ἐγώ
1167 2669 1480 2739 κατοικήσω
1507 2668 1637 2732 τοὺς
1663 2669 1948 2738 οὐρανοὺς,

371 2761 469 2817 τοῦ
525 2779 589 2816 τι
646 2761 884 2816 παλαιοῦ
935 2761 1233 2832 πτώματος
1283 2759 1632 2831 ἀνακληθεὶς,
1695 2760 1790 2812 καὶ
1850 2761 1950 2830 τῆς

371 2852 654 2922 ἁμαρτίας
706 2850 1069 2920 ἀπαλλαγεὶς,
1107 2851 1205 2904 καὶ
1236 2849 1335 2921 τὴν
1361 2850 1636 2921 προτέραν
1674 2849 1950 2903 υἱοθεσίαν

373 2944 708 3000 ἀπολαϐώνο
747 2945 856 2998 ἔδει
893 2944 950 2997 δὲ
1001 2945 1093 2998 καὶ
1147 2943 1399 3016 μαθητὰς
1433 2939 1574 2997 εἶναι
1628 2942 1706 3015 τῷ
1732 2943 1830 3014 τῆς
1874 2948 1952 2998 oi-

373 3036 638 3106 κονομίας
695 3035 981 3108 μυστηρίῳ
1014 3035 1471 3105 διακονήσοντας’
1521 3035 1644 3088 τότέ
1701 3036 1948 3088 καλεῖται

2041 567 2260 636 utrique
2304 575 2597 637 paupertas
2629 584 2643 622 :
2698 565 2827 636 quid
2861 566 3010 621 enim
3055 565 3351 636 pauperius
3373 575 3428 620 et
3460 567 3613 642 abie-

2039 656 2184 710 ctius
2224 655 2410 711 dicere
2439 656 2711 727 quispiam
2763 657 2988 726 poterit,
3023 671 3185 727 quam
3239 657 3351 712 sint
3377 658 3614 728 piscato-

2040 744 2173 799 res?
2215 759 2450 814 quorum
2505 747 2593 801 hic
2639 762 2784 802 unus
2835 758 2957 802 erat
3015 761 3195 816 praeco
3259 749 3506 802 veritatis
3549 765 3614 802 ac

2041 845 2368 906 praeceptor.
2410 837 2678 907 Quodque
2708 839 2882 910 majus
2911 847 2996 893 est
3040 838 3108 892 ad
3165 838 3489 908 abjectionis
3511 840 3610 894 de-

2048 930 2529 995 monstrationem,
2580 931 2778 984 nonin
2834 931 2971 984 mari
3031 930 3375 1000 piscabatur,
3403 932 3500 986 sed
3551 935 3607 986 in

2042 1021 2201 1076 hrevi
2240 1020 2486 1090 quodam
2536 1021 2655 1076 lacu
2705 1036 2811 1075 una
2860 1036 2984 1076 cum
3011 1031 3166 1092 patre
3209 1031 3266 1077 et
3319 1023 3489 1077 fratre
3523 1023 3611 1079 Ja-

2043 1115 2184 1168 cobo
2227 1113 2570 1178 versabalur,
2623 1121 2780 1182 rupta
2848 1115 3092 1170 sarciens
3147 1114 3282 1170 retia
3341 1112 3510 1186 (quod
3561 1127 3618 1171 et

2048 1203 2222 1273 ipsum
2250 1213 2509 1258 extremm
2539 1206 2880 1274 paupertatis
2908 1216 3048 1274 erat)
3081 1221 3144 1260 ac
3178 1222 3438 1262 manuum
3477 1209 3614 1261 arti-

2049 1297 2178 1350 ficio
2215 1298 2512 1352 consolans
2539 1300 2980 1353 necessariorum
3017 1299 3394 1368 indigentiam.
3427 1299 3616 1369 Itaque

2043 1389 2372 1445 Graecanica:
2396 1389 2702 1460 disciplina:
2741 1407 2810 1446 ne
2843 1391 2897 1444 in
2923 1391 3140 1446 modico
3175 1391 3403 1462 quidem
3437 1393 3612 1462 parti-

2049 1495 2180 1551 ceps
2213 1492 2352 1538 erat.
2409 1482 2590 1554 Cujus
2641 1483 2722 1537 rei
2757 1483 2912 1538 testis
2966 1491 3051 1538 est
3098 1482 3260 1538 divus
3293 1482 3470 1539 Lucas
3523 1485 3619 1553 qui

2047 1573 2226 1642 ipsum
2265 1573 2488 1628 idiolatn
2519 1583 2678 1628 vocat
2707 1583 2762 1628 et
2785 1573 3024 1627 alienum
3073 1589 3100 1627 a
3135 1575 3333 1630 litteris
3367 1576 3410 1629 ¹.
3439 1575 3616 1631 Unum

2050 1667 2157 1722 hoc
2195 1667 2372 1720 solum
2431 1666 2667 1720 habebat
2709 1665 2924 1735 insigne
2959 1681 3070 1735 quo
3120 1676 3530 1736 agnosceretur,
3563 1678 3620 1723 et

2055 1761 2258 1814 bonum
2291 1759 2394 1812 hoc
2449 1758 2728 1813 vinculum
2769 1773 2801 1812 a
2831 1759 3077 1828 patribus
3099 1760 3370 1824 trahebat,
3425 1775 3621 1830 nempe

2060 1851 2340 1920 pietatem.
2375 1849 2478 1904 Ubi
2527 1860 2711 1904 autem
2769 1851 3088 1906 umbratica:
3126 1851 3341 1908 nebula:
3395 1853 3621 1910 elevata:

2054 1949 2208 2004 sunt,
2242 1950 2299 1997 et
2330 1956 2392 1996 ea
2429 1955 2551 2011 qua:
2606 1941 2907 2012 ﬁgurarum
2952 1953 3111 1998 erant
3137 1943 3367 1998 transire
3389 1943 3442 1998 in
3471 1944 3622 1998 veri-

2055 2041 2222 2087 tatem
2269 2043 2562 2103 cmperunt
2593 2051 2610 2090 :
2639 2044 2699 2090 et
2730 2043 2816 2098 tu,
2858 2033 3112 2094 Domine.
3162 2033 3257 2104 qui
3307 2035 3622 2106 singulatim

2053 2123 2254 2178 ﬁnxisli
2279 2124 2444 2179 corda
2471 2129 2658 2179 nosira
2693 2125 2734 2189 ³,
2755 2140 2863 2178 non
2884 2125 3192 2195 dispersisti
3227 2135 3617 2181 testamentum

2053 2217 2240 2270 tuum‘
2261 2217 2408 2286 quod
2432 2217 2719 2272 nobiscum
2759 2225 2980 2284 pactum
3004 2229 3144 2282 erat,
3187 2221 3282 2274 sed
3317 2219 3510 2274 videns
3544 2219 3627 2274 vi-

2049 2310 2177 2364 disti
2219 2308 2575 2364 alﬂictionem
2606 2309 2769 2364 Israel
2803 2323 2816 2358 :
2845 2319 2900 2364 et
2943 2324 3054 2364 non
3082 2319 3283 2366 exutus
3327 2311 3617 2366 divinitate

2054 2415 2286 2472 propter
2318 2416 2420 2456 nos
2448 2401 2626 2457 factus
2654 2418 2716 2458 es
2772 2401 2827 2457 id
2859 2401 3006 2473 quod
3044 2418 3168 2468 nos,
3206 2403 3328 2458 sine
3368 2413 3618 2473 peccato,

2053 2505 2110 2549 et
2165 2494 2365 2549 throno
2400 2494 2577 2550 Patris
2615 2511 2723 2550 non
2759 2495 2973 2561 relicto,
3005 2495 3282 2566 Virginem
3309 2495 3625 2551 inhabitasti

2053 2595 2278 2656 propter
2333 2601 2463 2650 me,
2517 2595 2580 2642 ut
2635 2601 2737 2657 ego
2791 2586 2963 2641 caelos
3014 2585 3498 2655 inhabitarem;et
3553 2603 3621 2643 ex

2054 2677 2224 2732 veteri
2249 2692 2379 2732 casu
2407 2687 2715 2736 revocatus.
2741 2688 2796 2734 et
2817 2679 2961 2734 liber
2986 2694 3016 2733 a
3038 2688 3267 2749 peccato
3297 2693 3360 2734 ac
3391 2679 3624 2749 primam

2059 2767 2414 2836 adoptionem
2445 2767 2776 2838 suscipiens,
2803 2767 3044 2836 Oportuit
3063 2783 3194 2823 sane
3223 2782 3346 2822 esse
3374 2777 3432 2822 et
3460 2768 3627 2822 disci-

2053 2864 2214 2926 pulos
2248 2858 2344 2928 qui
2395 2859 2658 2930 mysterio
2717 2858 3152 2928 dispensationis
3204 2860 3623 2916 ministrarent:

2055 2961 2188 3005 tunc
2221 2950 2447 3022 quidem
2511 2959 2741 3005 vocatur
2775 2949 3026 3005 Andreas
3071 2961 3129 3006 et
3189 2950 3415 3016 Petrus;
3457 2952 3626 3008 advo-

2053 3051 2212 3096 catur
2239 3051 2420 3096 autem
2447 3050 2504 3096 et
2536 3043 2626 3096 hic
2649 3042 2743 3111 qui
2776 3042 2922 3097 circa
2949 3042 3126 3114 pisces
3153 3053 3210 3099 et
3228 3043 3362 3098 retia
3387 3060 3450 3098 ac
3471 3043 3628 3098 lacus

374 3127 475 3198 μὶν
501 3128 761 3198 Ἀνδρέας
782 3129 877 3180 καὶ
911 3127 1145 3197 Πέτρος,
1171 3126 1564 3198 προσκαλεῖται
1583 3127 1639 3180 δὲ
1662 3128 1758 3181 καὶ
1790 3129 1950 3192 αὐτὸς

2058 3135 2436 3190 versabatur:
2471 3143 2528 3190 et
2573 3135 2764 3205 jussus
2819 3135 2982 3190 Verbi
3035 3151 3171 3192 voce
3222 3146 3282 3192 ut
3341 3137 3625 3191 hominum

376 3211 534 3282 οὗτος
566 3219 593 3272 ό
627 3216 754 3287 περὶ
797 3216 990 3270 δίκτυα
1021 3217 1115 3270 καὶ
1149 3215 1300 3287 ίχθῦς
1330 3218 1426 3270 καὶ
1463 3216 1662 3288 λίμνας
1717 3218 1951 3288 στρεφό-

378 3327 570 3382 μενος·
596 3313 690 3365 καὶ
716 3310 1020 3380 ἀνθρώπων
1049 3310 1233 3374 ἁλιεὺς
1291 3311 1444 3382 παρὰ
1487 3311 1590 3380 τῆς
1637 3310 1732 3365 τοῦ
1772 3312 1950 3380 Λόγου

379 3406 565 3475 φωνῆς
595 3402 960 3457 καθίστασθαι
986 3402 1322 3467 κελευσθεὶς,
1353 3403 1446 3458 τὸν
1475 3405 1690 3475 πατέρα
1721 3405 1816 3458 καὶ
1858 3405 1950 3457 τὸν

378 3494 608 3563 ἀδελφὸν
632 3494 792 3556 εὐθὺς
816 3493 987 3546 καὶτὸ
1019 3492 1230 3560 σκάφος
1255 3491 1563 3558 ἀπολιπὼν,
1588 3494 1666 3562 τῷ
1697 3494 1951 3546 καλοῦντι

379 3589 748 3640 συνάπτεται·
774 3585 870 3638 καὶ
895 3584 987 3638 τὸν
1011 3584 1106 3637 ἀπὶ
1131 3584 1235 3654 γῆς
1284 3584 1571 3654 ἄνθρωπον
1623 3583 1714 3637 διὰ
1745 3584 1835 3637 τὸν
1858 3585 1951 3636 οὗ·

382 3683 567 3752 ράνιον
601 3678 918 3742 ἀποδύεται,
949 3679 1138 3748 ψυχῶν
1171 3695 1230 3730 τε
1276 3677 1513 3744 λογικῶν
1559 3677 1749 3731 ἀλείαν
1781 3695 1954 3748 μετα-

380 3773 665 3842 μανθάνει,
726 3771 821 3825 καὶ
843 3771 921 3841 τῷ
950 3769 1259 3840 διδασκάλῳ
1308 3768 1430 3824 κατ’
1476 3769 1623 3840 ἴχνος
1684 3769 1952 3840 ἑπόμενος

376 3867 505 3929 τοὺς
545 3865 774 3935 ἐχθροὺς
800 3864 1016 3933 ἀγαπᾷ,
1047 3863 1266 3930 εὑλογεί
1314 3861 1442 3926 τοὺς
1471 3861 1789 3926 διώκοντας.
1843 3863 1956 3915 Καὶ

382 3956 676 4010 συνελόντα
706 3955 896 4024 φάναι,
928 3956 1020 4006 τὸν
1052 3952 1247 4007 τούτου
1306 3952 1470 4023 νόμον
1505 3953 1641 4022 πρὸς
1664 3951 1956 4024 ἀκρίϐειαν

380 4047 797 4103 ἐκπαιδεύεται·
860 4047 954 4100 καὶ
1001 4045 1094 4099 τοῦ
1128 4043 1417 4098 παιδευτοῦ
1454 4043 1698 4097 τοιούτου
1753 4043 1954 4112 τυχὼν,

378 4145 484 4212 τὴν
509 4143 766 4196 παιδείαν
797 4141 1060 4210 ἀνάλογον
1092 4139 1485 4194 ἐπιδείκνυται.
1515 4139 1624 4193 Καὶ
1656 4137 1955 4201 ἀναϐάσεις

378 4238 438 4287 ἐν
486 4238 555 4305 τῇ
614 4234 812 4304 καρδίᾳ
845 4232 1245 4302 διατιθέμενος,
1294 4230 1542 4302 μαθητὴς
1597 4229 1954 4296 οἰκειότατος,

381 4327 556 4396 κῆρυξ
609 4325 1072 4395 θεολογικώτατος
1123 4325 1361 4394 γίνεται.
1393 4324 1582 4387 Πάσας
1614 4321 1958 4390 παιδαγωγεῖ

381 4427 481 4481 τας
519 4421 801 4489 αίσυήσεις
821 4436 836 4454 ο
872 4419 1011 4483 ὅλως
1041 4417 1340 4471 οίκειοῦται
1366 4417 1434 4488 τῇ
1464 4415 1758 4486 παρθενίᾳ,
1811 4413 1954 4468 οὕτω

2056 3226 2295 3298 piscator
2346 3228 2795 3290 constitueretur,
2848 3228 3101 3296 protinus
3140 3237 3293 3297 patre
3336 3243 3399 3283 ac
3451 3229 3624 3283 fratre

2055 3316 2376 3386 scaphaque
2433 3315 2662 3382 relictis,
2691 3316 2743 3370 ei
2773 3316 2866 3386 qui
2899 3330 2957 3370 se
3007 3317 3237 3371 vocabat
3288 3317 3627 3388 adjungitur,

2056 3415 2113 3461 et
2141 3414 2361 3462 terreno
2413 3406 2638 3461 homine
2689 3409 2910 3462 exuitur
2956 3416 3180 3478 propter
3214 3409 3517 3473 caelestem,
3564 3423 3628 3462 ac

2059 3499 2420 3567 piscationem
2451 3501 2758 3556 animarum
2795 3508 3195 3554 transmutatus
3253 3499 3513 3564 addiscit,
3573 3511 3629 3554 et

2063 3588 2420 3659 Praeceptoris
2446 3590 2672 3661 vestigia
2713 3600 2960 3656 secutus,
3001 3590 3255 3645 inimicos
3279 3589 3476 3662 diligit,
3501 3605 3627 3658 pcr-

2057 3691 2348 3750 scquentes
2381 3683 2669 3738 benedicit.
2695 3682 2874 3753 thue
2903 3698 3010 3737 uno
3036 3685 3202 3738 verbo
3248 3684 3549 3749 absolvam,
3575 3683 3628 3736 in

2059 3773 2222 3842 hujus
2248 3775 2369 3844 lege
2400 3785 2593 3830 exacte
2625 3775 2942 3839 instruitur,
2973 3775 3244 3844 talemque
3269 3786 3462 3830 nactus
3489 3790 3629 3844 pra:-

2060 3875 2365 3934 ceptorem,
2413 3866 2652 3922 similem
2744 3867 3086 3921 demonstrat
3135 3868 3503 3934 disciplinam,
3573 3878 3630 3922 et

2059 3957 2409 4013 escensiones
2464 3959 2520 4012 in
2553 3957 2717 4012 corde
2769 3958 3086 4028 disponens,
3115 3958 3418 4028 discipulus
3467 3960 3629 4012 fami-

2063 4046 2416 4112 liarissimus,
2445 4061 2510 4101 ac
2531 4061 2711 4116 praeco
2759 4048 2996 4100 maxime
3051 4045 3338 4115 theologus
3366 4046 3628 4100 efﬁcitur.

2059 4139 2265 4194 Omnes
2295 4153 2492 4193 sensus
2521 4137 2860 4202 moderatur,
2896 4136 3184 4191 familiaris
3214 4136 3439 4192 omnino
3460 4138 3630 4207 virgi-

2067 4233 2222 4286 nitati
2281 4229 2537 4294 emt-itur,
2576 4231 2668 4284 tali
2720 4229 2927 4286 utendo
2979 4229 3222 4285 alimenti
3273 4229 3508 4294 ratione,
3570 4240 3630 4284 ut

2061 4339 2274 4380 summa
2300 4323 2638 4394 parcimouia
2656 4323 2840 4378 vivere
2871 4324 3137 4378 duntaxat
3159 4330 3360 4392 posset,
3385 4337 3630 4376 sacrum-

2061 4433 2169 4488 que
2195 4433 2397 4487 corpus
2436 4425 2495 4470 ut
2547 4415 2876 4471 subsisteret
2903 4429 3256 4470 conservare.
3290 4413 3428 4469 Hinc
3467 4415 3630 4469 etiam

381 4516 450 4583 τῇ
473 4514 654 4583 διαίτῃ
669 4483 980 4582 χρώμενος,
1011 4509 1087 4573 ώς
1119 4511 1332 4580 ἁποζῇν
1358 4483 1522 4579 μόνον
1551 4483 1840 4572 δύνασθαι,
1862 4509 1950 4560 καὶ

2062 4483 2396 4578 virginitatis
2456 4507 2823 4577 appellatione
2856 4504 3086 4569 ditatur,
3122 4516 3180 4559 et
3244 4496 3454 4560 amicus
3507 4508 3632 4575 ολιιει

383 4605 447 4658 τὸ
473 4605 618 4673 ἱερὸν
649 4603 799 4673 αὑτῷ
832 4601 1158 4656 συνεστάναι
1210 4602 1391 4671 σῶμα.
1431 4599 1713 4652 Ἐντεῦιεν
1743 4601 1837 4652 καὶ
1860 4601 1950 4669 τὴν

2060 4603 2154 4674 qui
2186 4603 2474 4674 imperium
2502 4611 2650 4658 tenet
2669 4601 2928 4664 edicitur,
2960 4599 3132 4671 magis
3161 4609 3346 4655 autem
3374 4610 3430 4655 ct
3451 4603 3628 4670 ipsum

382 4698 484 4767 τῆς
516 4696 816 4767 παρθενίας
843 4696 1038 4764 κλῆσιν
1061 4695 1302 4758 πλουτεῖ,
1343 4695 1440 4747 καὶ
1485 4694 1638 4763 φίλος
1669 4692 1835 4746 αὑτοῦ
1865 4694 1950 4745 τοῦ

2062 4695 2226 4750 habet
2250 4696 2305 4750 in
2330 4695 2514 4765 seipse
2539 4695 2879 4764 loquentem.
2905 4694 2973 4750 Et
2999 4710 3224 4748 rursum
3256 4695 3326 4754 ab
3379 4709 3446 4762 eo
3469 4695 3627 4761 aitdit

387 4785 768 4860 βασίλεύοντος
828 4789 1062 4857 γίνεται,
1097 4787 1301 4857 μᾶλλον
1342 4785 1400 4838 δὲ
1427 4788 1520 4838 καὶ
1563 4786 1725 4840 αὐτὸν
1757 4785 1870 4854 ἔχει
1905 4803 1950 4838 ει

2059 4804 2183 4858 qua:
2243 4789 2333 4842 ille
2375 4803 2405 4842 a
2437 4787 2599 4842 Patre
2652 4786 2940 4851 audierat;
2999 4801 3236 4855 cumque
3287 4784 3339 4837 in
3389 4794 3629 4837 montem

386 4881 570 4951 ἑαυτῷ
622 4879 910 4943 λαλοῦντα,
959 4880 1055 4931 κα)⁸
1085 4877 1218 4948 παρ’
1249 4877 1416 4930 αὐτοῦ
1467 4876 1632 4932 πάλιν
1678 4875 1950 4943 ἀκούει,ἃ

2065 4879 2412 4944 ascenderet,
2440 4879 2556 4944 ipse
2581 4893 2686 4932 una
2717 4877 3056 4941 conscendit,
3081 4893 3147 4932 ac
3165 4877 3362 4946 dignus
3397 4877 3634 4930 habetur

384 4979 541 5047 παρὰ
568 4976 661 5028 τοῦ
691 4975 905 5045 Ιιατρὸς
934 4975 1174 5037 ἐκεῖνος⁸
1247 4974 1385 5042 πρὸς
1420 4974 1481 5025 τὸ
1513 4972 1638 5043 ὅρος
1661 4988 1720 5024 τε
1757 4972 1950 5024 ἀνιόντι

2058 4973 2274 5026 visione
2324 4971 2646 5025 admiranda
2701 4979 2759 5025 et
2821 4970 3014 5038 majori
3067 4985 3232 5038 quam
3271 4968 3377 5020 elici
3436 4971 3628 5036 possit,

385 5071 686 5130 συνάνεισι,
718 5068 814 5120 καὶ
842 5066 970 5128 θέας
1003 5065 1279 5131 ἀξιοῦται,
1334 5066 1410 5129 ώς
1466 5066 1608 5136 ὑπὲρ
1659 5067 1815 5133 λόγον
1868 5067 1950 5117 κα]

2061 5065 2234 5134 ipsam
2267 5063 2431 5118 Verbi
2478 5063 2825 5117 divinitatem
2860 5061 3200 5115 denudatam
3239 5060 3519 5113 intuitus:
3573 5075 3631 5111 et

387 5157 734 5226 θαυμαστῆς,
773 5157 946 5226 αὐτὴν
975 5158 1075 5225 τὴν
1115 5156 1208 5210 τοῦ
1238 5157 1414 5224 Λόγου
1441 5155 1673 5224 θεότητα
1705 5171 1961 5223 παραγυο

393 5249 699 5318 μνωθείσαν
735 5248 861 5300 ἰδών
886 5264 900 5278 ·

387 5339 681 5406 ἀγαπητὸν
711 5338 839 5390 Υίὸν
885 5339 1306 5406 ἀναγορεύοντος
1343 5337 1437 5390 τοῦ
1469 5338 1702 5406 Πατρδς,
1749 5335 1966 5402 καὶτῆς

393 5433 644 5494 ιιαλαιᾶς
680 5434 956 5502 Διαθήκης
1003 5433 1349 5503 προτιθέντος
1380 5431 1440 5484 τὸ
1483 5431 1844 5499 Εὑαγγέλιον.
1895 5433 1971 5483 Τὸ

389 5523 604 5576 δεῖπνον
630 5526 907 5594 εὐπρεπές
943 5542 956 5556 ’
1017 5530 1112 5578 καί
1138 5526 1256 5578 οὐδὲ
1289 5525 1408 5576 τότε
1455 5524 1704 5592 Ἰωάννης
1730 5523 1961 5590 inab"

397 5619 651 5672 πάνεται.
705 5617 841 5672 Εἶτα
865 5618 944 5690 τῷ
972 5619 1164 5687 Πέτρῳ
1195 5619 1396 5688 δεῆσαν
1445 5616 1662 5686 μαθεῖν,
1697 5617 1778 5677 τίς
1809 5617 1838 5666 ὁ
1869 5616 1968 5685 τὴν

469 5805 486 5832 ⁸
512 5801 627 5856 Act.
661 5818 733 5866 tv,
769 5801 852 5853 l5.
937 5802 952 5826 ³
985 5801 1124 5855 l’sal.
1156 5818 1324 5867 χχχιι,
1356 5801 1438 5855 i3.

2061 5158 2342 5211 etelestem
2367 5156 2577 5210 audivit
2613 5171 2801 5211 vocem
2845 5171 2954 5224 qua
3007 5154 3264 5207 dilectum
3300 5151 3493 5203 Fllllllll
3525 5152 3631 5201 de-

974 5249 1067 5300 xai.
1117 5249 1370 5318 οὐρανίου
1409 5248 1590 5316 φωνῆς
1618 5245 1831 5308 ἀκούει,
1879 5249 1950 5296 vi»

2067 5250 2240 5302 clarat
2274 5249 2454 5312 Pater,
2491 5261 2556 5304 ac
2582 5249 2764 5303 Veteri
2791 5247 3140 5302 Testamento
3171 5247 3438 5314 praeponit
3461 5245 3639 5297 Evan-

2067 5342 2291 5409 gelium.
2345 5342 2554 5396 Decens
2593 5356 2656 5394 ac
2710 5339 3011 5393 honoriﬁca
3043 5352 3200 5390 cmna
3253 5337 3635 5404 subsequitur.

2063 5446 2118 5488 et
2154 5450 2220 5488 ne
2271 5450 2416 5488 nunc
2460 5433 2682 5502 quidem
2721 5431 2961 5486 Joannes
3009 5429 3363 5498 relinquitur.
3429 5429 3636 5482 Deinde

2069 5542 2194 5580 eum
2232 5527 2393 5580 Petro
2426 5540 2566 5594 opus
2592 5533 2744 5578 esset
2765 5522 2980 5576 discere
3009 5520 3262 5590 quisnam
3290 5521 3336 5575 is
3368 5529 3514 5574 esset
3543 5523 3638 5587 qui

2074 5617 2401 5673 horrendam
2435 5617 2582 5671 illam
2619 5614 2983 5685 proditionem
3018 5615 3334 5682 parturirct,
3365 5625 3466 5665 nec
3517 5612 3635 5679 ipse

1555 5803 1568 5829 "
1604 5799 1743 5856 l’sal.
1777 5811 2044 5863 suum,
2073 5797 2161 5851 '55.
