4122 6380
560 386 666 447 ὓδἹ

1858 372 2141 434 MENSIS
2179 371 2605 437 DECEMBER.

3705 389 3812 453 i188

570 495 801 550 auderet
829 493 1191 560 interrogare.
1237 492 1551 559 quanquam
1583 486 1791 557 primas
1826 493 2036 538 teneret
2081 482 2133 535 in

2246 485 2478 556 φρικτὴν
2508 487 2724 556 ἐκείνην
2756 490 3046 559 προδοσίαν
3081 494 3306 556 ὼῗίνων,
3338 493 3437 548 ούκ
3478 497 3640 561 αὐτος
3674 500 3808 572 θαρο

566 589 740 644 clier
766 583 1184 649 discipulorum.
1210 581 1407 637 Joanui
1435 580 1540 634 hoc
1556 576 1883 636 committit:
1908 583 2134 630 noverat

563 680 733 743 enim,
769 676 822 731 id
849 677 996 746 quod
1014 674 1270 734 Christus
1290 671 1568 742 eratapud
1599 670 1799 739 ipsum,
1826 669 1932 722 hoc
1970 667 2133 722 Joan-

565 783 688 823 nem
712 782 837 822 esse
865 765 1009 836 apud
1048 764 1358 831 Christum,
1388 771 1445 817 et
1465 761 1611 831 quod
1644 762 1760 830 ipse
1797 759 2022 829 quidem
2047 758 2133 811 di-

564 860 780 930 ligeret,
818 858 910 913 ille
960 867 1145 910 autem
1195 856 1430 910 dilectus
1450 862 1620 909 esset.
1653 853 1721 907 Et
1775 852 1901 905 vide
1933 858 2134 920 quanta

565 952 789 1007 accedat
813 950 915 1020 ipsi
949 950 1179 1004 libertas
1207 946 1489 1017 loquendi.
1521 945 1709 1015 Neque
1741 944 1889 998 enim
1923 942 2132 1012 vulgari

566 1041 730 1096 modo
784 1040 1106 1109 interrogat,
1152 1053 1329 1107 neque
1392 1037 1629 1106 primum
1674 1050 1948 1089 excusans
1991 1034 2134 1103 quod

564 1142 715 1188 metu
748 1131 1057 1195 accederet,
1087 1130 1183 1185 sed
1235 1128 1417 1184 sciens
1443 1137 1650 1197 quanto
1709 1132 1890 1195 ipsum
1941 1140 2134 1178 amore

565 1232 1019 1295 prosequeretur.
1101 1220 1316 1275 sedenti
1371 1218 1615 1272 adhaeret
1663 1216 2011 1287 prazceptori.
2083 1224 2138 1267 et

566 1316 624 1371 in
676 1315 838 1384 hujus
870 1323 1064 1384 pectus
1098 1310 1446 1369 recumbens.
1477 1310 1553 1363 ait
1581 1327 1594 1363 :
1631 1308 1879 1371 Domine,
1912 1309 2027 1377 quis
2062 1317 2135 1358 est

561 1409 653 1478 qui
702 1406 864 1460 tradit
906 1404 1045 1459 te“?
1099 1404 1195 1458 ille
1244 1412 1425 1457 autem
1486 1401 1680 1455 libenti
1738 1403 1903 1455 etiam
1949 1403 2133 1452 animo

560 1500 767 1569 accipit
826 1496 974 1567 quod
1035 1496 1126 1550 ille
1204 1496 1434 1555 fecerat,
1498 1503 1559 1548 et
1607 1495 1763 1563 quasi
1820 1502 2135 1562 opportune

560 1592 732 1647 fuerit
791 1591 962 1646 libere
1010 1590 1250 1653 locutus,
1294 1596 1509 1658 gratum
1562 1589 1749 1642 habet.
1787 1587 1865 1641 Ex
1893 1603 1959 1641 eo
1989 1586 2134 1641 enim

557 1683 710 1754 quod
755 1683 1005 1752 protinus
1052 1681 1409 1748 quaestionem
1452 1679 1651 1742 solvat,
1685 1694 1748 1733 ac
1798 1694 1937 1747 pane
1990 1677 2138 1733 desi-

562 1786 697 1846 gnet
730 1774 1092 1844 proditorem,
1126 1771 1398 1841 significat
1432 1787 1491 1826 se
1535 1787 1643 1825 non
1677 1787 1818 1841 a'gre
1851 1769 1993 1824 ferre
2018 1784 2135 1822 eam

2243 577 2326 644 ρεῖ
2357 576 2454 646 τὴν
2492 575 2783 647 ἐρώτησιν,
2838 582 3019 635 καίτοι
3045 584 3138 636 τοῦ
3168 584 3330 653 χοροῦ
3376 585 3671 654 πρωτεύων
3702 588 3811 640 τῶν

2243 666 2521 737 μαθητῶν,
2551 668 2667 722 ἀλλ’
2704 670 2928 744 Ἰωάννῃ
2959 674 3164 744 ταύτην
3193 678 3503 746 ἐπιτρέπει.
3525 678 3678 748 ’ᾙδει
3701 680 3809 748 γὰρ

2236 760 2312 824 ὡς
2360 761 2498 829 ὅπερ
2531 757 2601 832 ἧν
2633 764 2868 833 Χριστὸς
2918 768 3049 837 παρ’
3108 769 3282 840 αὐτῷ,
3344 770 3505 822 τοῦτο
3556 772 3811 838 Ἰωάννης

2241 852 2392 923 παρά
2423 853 2650 924 Χριστῷ
2688 893 2701 918 ,
2760 858 2856 908 καὶ
2903 857 2983 910 ὅτι
3028 860 3188 922 αὐτὸς
3213 861 3311 930 μὲν
3336 861 3364 913 ό
3390 862 3580 930 φλῶν,
3608 864 3815 925 ἐκεῖνος

2236 945 2293 996 δὲ
2317 942 2384 1014 ἦν
2412 946 2441 997 ό
2469 945 2816 1015 φιλούμενος.
2879 950 2990 1002 Καὶ
3016 951 3117 1018 ὅρα
3142 952 3242 1019 τῆς
3272 953 3584 1024 παρρησίας
3630 956 3689 1006 to
3720 971 3813 1005 πε-

2242 1034 2356 1101 ριόν
2414 1033 2551 1087 Οὐδὲ
2577 1034 2686 1104 γάρ
2717 1036 2904 1100 ἁπλῶς
2953 1040 3155 1110 ἐρωτᾷ,
3195 1040 3313 1095 οὐδέ
3347 1057 3406 1108 γε
3438 1042 3786 1112 προθεραπΞύ

2240 1141 2334 1186 σας
2359 1126 2628 1198 ύποστολῇ
2664 1127 2761 1198 τὴν
2790 1129 3171 1198 προσελευσιν,
3226 1132 3363 1184 ἀλλά
3392 1134 3452 1185 τὺ
3486 1135 3617 1205 περὶ
3646 1134 3811 1186 αὑτὸν

2239 1219 2462 1288 φίλτρον
2488 1221 2613 1273 ὅσον
2667 1220 2847 1285 εἰδὼς,
2900 1223 3140 1295 κειμένῳ
3196 1226 3502 1295 περιχεῖται
3530 1226 3607 1295 τῷ
3663 1227 3814 1278 διδα-

2238 1310 2447 1379 σκάλῳ,
2509 1312 2602 1364 καὶ
2625 1311 2704 1382 τῷ
2731 1316 2923 1367 τούτου
2966 1315 3152 1384 στήθει
3187 1317 3502 1380 ἀναπεσὼν,
3539 1316 3660 1383 Τίς,
3697 1319 3815 1369 K13-

2228 1417 2346 1468 ριε,
2389 1401 2574 1470 φησὶν,
2623 1404 2656 1456 ό
2711 1402 3079 1470 παραδιδούς
3102 1419 3199 1468 σε;
3239 1407 3301 1459 '0
3331 1405 3409 1472 δὲ,
3439 1408 3534 1459 καὶ
3561 1408 3814 1475 ἀσμένως

2238 1495 2299 1547 τὸ
2325 1495 2557 1564 πρᾶγμα
2599 1494 2835 1565 δέχεται,
2869 1496 2965 1548 καί
3001 1497 3074 1560 ὡς
3110 1498 3383 1568 εὐκαίρως
3419 1499 3812 1570 παρρησιασά-

2242 1604 2401 1656 μενον
2438 1587 2792 1658 ἀποδέχεται.
2846 1590 2921 1641 Τὸ
2953 1593 3059 1661 γὰρ
3115 1591 3433 1660 παραυτίκα
3498 1591 3659 1645 λῦσαι
3712 1592 3813 1660 τὴν

2238 1678 2531 1750 ἐρώτησιν,
2583 1683 2680 1732 καὶ
2711 1680 2789 1751 τῷ
2822 1680 2972 1751 ἄρτῳ
2999 1683 3091 1733 τὸν
3140 1682 3411 1752 προδότην
3460 1683 3819 1753 ὐποσημήνα-

2243 1771 2392 1833 σθαι,
2425 1771 2487 1823 τὸ
2517 1773 2590 1839 μὴ
2627 1771 2946 1841 μέμψασθαι
2977 1772 3079 1840 τὴν
3111 1773 3423 1842 παρρησίαν
3447 1774 3616 1845 δηλοῖ.
3642 1774 3817 1826 ’Ὥστε

566 1868 901 1923 libertatem.
936 1865 1123 1935 Itaque
1152 1866 1277 1919 hinc
1305 1864 1469 1919 etiam
1497 1861 1845 1915 manifestum
1878 1869 1964 1914 est
1987 1860 2133 1930 quod

2246 1862 2398 1931 δῆλον
2425 1834 2809 1926 ἐντεῦθενίότι
2834 1862 2929 1916 καὶ
3091 1834 3536 1934 ᾔτησε-πλησίον
3588 1864 3816 1937 Χριστῷ

560 1960 878 2016 cathedram
937 1974 1100 2027 quam
1152 1957 1400 2026 proxime
1450 1955 1728 2011 Christum
1782 1969 1906 2006 cum
1973 1951 2139 2008 fratre

563 2052 777 2123 petivit,
819 2067 928 2107 non
984 2048 1196 2120 glorise,
1229 2048 1323 2103 sed
1363 2048 1567 2102 Christi
1611 2062 1802 2099 amore
1859 2043 2138 2114 petiverit,

561 2152 620 2196 et
694 2139 843 2209 quod
929 2139 1097 2192 nollet
1172 2136 1265 2190 hic
1342 2136 1509 2190 alium
1563 2146 1684 2189 esse
1755 2132 1858 2187 sibi
1934 2132 2139 2186 dilecto

560 2233 905 2289 viciniorem.
941 2229 1345 2286 Condemuatur
1383 2229 1568 2291 Jesus,
1596 2238 1652 2281 et
1678 2228 1834 2280 adest
1876 2226 2137 2290 Joannes,

561 2342 627 2382 ac
653 2325 720 2380 ad
747 2325 945 2379 atrium
977 2321 1273 2392 pontiﬁcis,
1306 2335 1431 2375 cum
1495 2330 1660 2374 notus
1685 2328 1832 2373 esset
1862 2318 2131 2388 pontiﬁci,

564 2432 672 2471 una
706 2413 1079 2483 congreditur,
1102 2412 1458 2481 loquiturque
1487 2409 1750 2469 ostiariae,
1802 2417 1859 2463 et
1911 2409 2135 2462 Petrum

565 2524 665 2576 pro
716 2507 927 2561 foribus
980 2513 1215 2558 stantem
1274 2501 1591 2557 introducit.
1638 2501 1896 2556 imminet
1927 2510 2141 2569 tempus

564 2601 822 2658 salutaris
854 2598 1147 2668 passionis.
1188 2605 1246 2651 et
1276 2594 1516 2650 Verbum
1552 2603 1834 2663 permanet
1862 2603 1921 2647 ut
1950 2608 2142 2663 proce-

559 2695 653 2750 dat
676 2695 742 2748 ad
766 2693 1006 2753 Patrem,
1057 2706 1122 2745 ac
1154 2688 1396 2745 Joannes
1423 2701 1548 2745 cum
1572 2695 1747 2740 matre
1788 2694 1930 2740 astat
1964 2684 2140 2750 cruci,

565 2795 847 2852 materque
867 2781 1023 2836 audit
1048 2796 1079 2835 a
1111 2780 1249 2835 Filio
1273 2793 1337 2832 ac
1356 2793 1456 2839 suo
1482 2777 1780 2831 Conditore
1802 2794 1817 2830 :
1836 2776 1969 2830 Ecce
1998 2775 2143 2843 ﬁlius

566 2889 690 2933 tuus
752 2875 970 2930 dilectus
1006 2889 1022 2938 ;
1068 2880 1123 2927 et
1169 2885 1389 2926 rursum
1429 2870 1520 2924 hic
1553 2886 1568 2923 :
1603 2869 1734 2922 Ecce
1774 2878 1946 2923 mater
1979 2875 2071 2922 tua
2094 2869 2137 2920 ⁸.

564 2970 646 3026 At)
680 2969 789 3023 hoc
817 2968 983 3036 igitur
1013 2973 1280 3034 tempore,
1306 2963 1459 3031 virgo
1480 2961 1571 3015 hic
1593 2972 1776 3017 mente
1800 2970 1857 3015 et
1886 2974 2142 3029 corpore,

566 3068 797 3119 matrem
821 3074 887 3113 ac
935 3057 1207 3126 virginem
1238 3052 1638 3115 sibi,viudicat;
1673 3067 1775 3106 nec
1800 3052 1973 3105 multo
1997 3060 2142 3122 post,

565 3151 848 3209 Christum
869 3149 963 3218 qui
1002 3143 1505 3208 surrexeratvidel,
1540 3143 1843 3212 vidensque
1861 3142 2140 3210 agnoscit:
2172 3170 2183 3218 λ

561 3251 619 3298 et
644 3256 770 3297 cum
796 3241 961 3296 Petro
992 3239 1058 3292 ad
1120 3236 1434 3306 sepulcrum
1485 3233 1657 3297 venit,
1704 3249 1769 3288 ac
1816 3234 1965 3303 prior
1998 3247 2139 3302 prte-

562 3333 758 3398 currit,
792 3341 847 3386 et
891 3340 1179 3400 postquam
1213 3325 1538 3393 sepulcralia
1580 3324 1737 3388 vidit,
1790 3324 2028 3393 Spiritus
2054 3324 2139 3378 iu-

561 3424 842 3481 ﬂationem
866 3421 1117 3489 suscipit.
1148 3419 1378 3488 ejusque
1411 3414 1574 3472 donis
1603 3416 1830 3481 ditatur,
1883 3433 1948 3472 ac
1999 3416 2142 3471 divi¢

562 3516 650 3574 nis
680 3514 934 3570 manibus
962 3521 1319 3567 consecratur
1345 3509 1589 3564 universi
1641 3507 1793 3563 orbis
1830 3508 2137 3578 apostolus.

2244 1954 2341 2007 σὺν
2365 1952 2441 2023 τῷ
2467 1953 2684 2023 ἀδελφῷ
2727 1954 3021 2025 καθέδραν,
3075 1956 3173 2023 οὐχ
3205 1954 3278 2017 ὡς
3314 1957 3453 2025 ἐρῶν
3488 1956 3665 2026 δόξης,
3698 1958 3816 2011 ἀλλ’

2239 2044 2312 2107 ὥς
2339 2046 2478 2115 ἐρῶν
2516 2044 2780 2115 Χριστοῦ,
2810 2045 3015 2114 ταύτην
3048 2045 3218 2117 ⁴ᾔτησε
3240 2087 3253 2109 ,
3286 2048 3380 2099 καὶ
3410 2047 3489 2117 τῷ
3521 2048 3596 2119 μὴ
3628 2048 3820 2117 βούλε-

2244 2137 2370 2191 σθαι
2400 2137 2594 2191 τούτου
2634 2137 2826 2207 ἕτερον
2856 2133 2997 2190 εἶναι
3031 2137 3164 2205 πρὸς
3190 2137 3280 2191 τὸν
3313 2139 3650 2209 ποθούμενον
3678 2140 3816 2211 πληο

2244 2229 2537 2299 σιαίτερον.
2566 2230 2912 2300 Κατάκριτος
2945 2228 3175 2301 Ἰησοῦς,
3200 2232 3296 2284 καὶ
3333 2230 3598 2302 πάρεστιν
3633 2233 3819 2287 Ἰωάν-

2241 2340 2361 2390 νης,
2420 2321 2683 2391 καὶπρὸς
2714 2321 2810 2389 τὴν
2846 2319 2939 2373 τοῦ
2986 2321 3291 2392 ἀρχιερέως
3352 2321 3524 2392 αὐλήν
3575 2322 3819 2389 γνωστὸς

2242 2412 2341 2476 ὢν.
2365 2410 2443 2482 τῷ
2470 2414 2720 2483 ἀρχιερεῖ
2748 2412 3181 2482 συνεισέρχεται.
3209 2411 3340 2482 φησί
3374 2416 3527 2484 τετῇ
3560 2411 3818 2483 θυρωρῷ,

2243 2507 2338 2559 καὶ
2378 2505 2472 2557 τὸν
2511 2505 2721 2574 Πέτρον
2753 2504 2889 2575 πρὸς
2916 2503 3015 2575 τὴν
3049 2502 3221 2574 θύραν
3254 2503 3524 2573 ἑστηκότα
3576 2506 3817 2573 εἰσάγει.

2257 2595 2586 2665 Ἐφίσταται
2612 2597 2638 2648 ό
2659 2596 2756 2648 τοῦ
2798 2595 3177 2665 σωτηριώδους
3206 2594 3416 2657 πάθους
3445 2595 3659 2660 καιρὸς,
3719 2597 3820 2647 καὶ

2242 2690 2270 2742 ό
2292 2689 2465 2756 Λόγος
2494 2689 2645 2758 μένει
2675 2688 2811 2756 πρὸς
2838 2687 2928 2739 τὸν
2954 2688 3173 2756 Πατέρα
3203 2680 3422 2760 χωρείν,
3449 2688 3541 2740 καὶ
3570 2685 3822 2756 Ἰωάννης

2246 2780 2342 2833 σὺν
2371 2782 2437 2849 τῇ
2487 2778 2655 2849 μητρὶ
2690 2777 3018 2848 παρίσταται
3047 2777 3127 2848 τῷ
3164 2777 3385 2848 σταυρῷ
3412 2778 3507 2831 καὶ
3540 2779 3571 2847 ή
3606 2778 3821 2847 μήτηρ,

2249 2869 2373 2924 Ἴδε
2403 2872 2437 2922 ό
2456 2871 2589 2934 υἱός
2624 2881 2743 2921 σου
2775 2871 2807 2920 ὀ
2837 2869 3251 2937 ἠγαπημένος,
3296 2866 3449 2938 παρά
3487 2865 3580 2921 τοῦ
3628 2866 3823 2931 παιδὶς

2246 2963 2438 3016 ἀκούει
2466 2963 2560 3014 καὶ
2593 2960 2821 3030 ποιητοῦ
2850 2975 2866 2990 ⁸
2900 2963 2997 3014 καὶ
3025 2955 3199 3022 οὗτος,
3252 2958 3407 3014 Ἰδοὺ
3439 2959 3597 3014 πάλιν
3628 2961 3666 3028 ἠ
3708 2958 3823 3026 μή·

2250 3071 2356 3121 τηρ
2390 3071 2524 3108 σου.
2563 3053 2637 3107 Τὸ
2676 3054 2782 3106 ἀπ’)
2816 3052 3005 3105 τούτου
3043 3047 3139 3105 οὖν
3179 3053 3206 3104 ό
3235 3052 3507 3121 παρθένος
3537 3044 3691 3113 οὗτος
3722 3054 3823 3104 καὶ

2247 3147 2308 3198 τὸ
2343 3146 2504 3214 σῶμα
2537 3145 2631 3196 καὶ
2661 3143 2756 3212 τὴν
2808 3144 3064 3196 διάνοιαν
3103 3144 3204 3214 τὴν
3248 3143 3460 3213 μητέρα
3492 3143 3585 3196 καὶ
3613 3142 3826 3212 παρθι-

2248 3254 2337 3291 νον
2359 3236 2734 3300 εἰσοικίζεται.
2755 3235 2829 3288 Οὐ
2868 3235 3001 3289 πολὺ
3032 3234 3092 3287 τὸ
3120 3237 3179 3286 ὲν
3219 3236 3366 3306 μέσῳ
3390 3237 3483 3289 καί
3506 3235 3820 3288 ἀναστάντα

2248 3327 2337 3378 τὸν
2372 3326 2608 3393 Χριστὸν
2665 3326 2789 3396 δρᾷ,
2824 3327 2916 3378 καὶ
2941 3327 3085 3395 ὁρῶν
3112 3326 3488 3394 ἐπιγινώσκει,
3543 3328 3637 3380 καὶ
3675 3327 3818 3396 μετὰ

2252 3419 2457 3488 Πέτρου
2491 3419 2580 3471 ἐπὶ
2623 3419 2683 3471 τὸ
2741 3421 3004 3488 μνημεῖον
3055 3419 3201 3489 ἥκει,
3241 3420 3335 3473 καί
3368 3420 3583 3491 πρῶτος
3614 3434 3821 3490 προεκ-

2249 3508 2475 3579 δραμὼν
2503 3511 2598 3563 καὶ
2631 3511 2699 3562 τά
2735 3512 2963 3580 ἐντάφια
2996 3510 3355 3580 θεασάμενος,
3394 3512 3457 3564 τὸ
3507 3511 3599 3563 τοῦ
3652 3509 3826 3564 ΙΙνεύ-

568 3622 739 3679 ματος
766 3604 1069 3674 ἐμφύσημα
1092 3601 1331 3671 δέχεται,
1366 3602 1458 3655 καὶ
1490 3599 1706 3653 πλουτεῖ
1726 3600 1794 3651 τὰ
1836 3599 2171 3669 χαρίσματα·
2214 3604 2305 3652 καὶ
2372 3605 2492 3665 ταῖς
2535 3602 2705 3662 Θείαις
2736 3605 3122 3672 χειροτονεῖται
3151 3605 3308 3674 χερσὶ
3342 3605 3442 3672 τῆς
3491 3607 3825 3675 οἰκουμένης

566 3701 749 3770 πάσης
782 3696 1107 3759 ἀπόστολος.

636 3796 704 3850 ll.
743 3791 1014 3861 Quoniam
1042 3799 1226 3846 autem
1272 3798 1666 3861 praeceptorem
1694 3788 1981 3844 audiverat
2011 3790 2149 3843 alias

568 3902 793 3960 quoque
815 3900 947 3939 oves
967 3883 1195 3949 habere,
1221 3898 1346 3953 quae
1378 3883 1508 3939 licet
1542 3896 1608 3937 ex
1649 3881 1755 3936 hoc
1790 3896 1898 3935 non
1959 3889 2147 3934 essent

564 3980 717 4043 ovili,
742 3981 1023 4047 oporteret
1059 3982 1240 4029 tamen
1258 3980 1315 4028 et
1336 3973 1455 4026 illas
1481 3985 1833 4041 congregare,
1855 3979 1905 4024 et
1939 3969 2008 4024 ab
2051 3985 2152 4024 eo-

566 4075 690 4129 dem
731 4069 844 4139 ι’οεὶ
882 4078 1121 4139 pastore,
1148 4065 1377 4133 ﬁerique
1402 4079 1572 4118 unum
1598 4062 1762 4128 ovile,
1786 4072 1842 4116 et
1860 4076 1956 4116 eas
1987 4071 2140 4116 recte

562 4183 634 4222 ac
668 4165 842 4221 libere
871 4164 1048 4231 ipsum
1090 4160 1268 4227 sequi,
1299 4172 1474 4227 neque
1510 4156 1685 4210 aliena
1736 4154 1914 4209 listula
1939 4154 2055 4222 rapi
2095 4162 2150 4209 et

562 4256 803 4327 dispergi
827 4270 889 4308 ac
920 4250 1198 4319 corrumpi
1231 4268 1245 4303 :
1282 4249 1417 4311 liam,
1457 4259 1722 4317 quantum
1764 4261 1981 4315 aequum
2032 4254 2138 4309 est,

2318 3786 2394 3840 B'.
2414 3786 2566 3838 Ἐπεὶ
2591 3785 2648 3838 δέ
2678 3784 2772 3838 καὶ
2802 3786 2968 3856 ἕτερα
2997 3788 3089 3840 τὸν
3113 3787 3434 3843 διδάσκαλον
3482 3788 3628 3858 ἔχειν
3650 3791 3821 3858 ἤκουε

2248 3877 2522 3948 πρόϐατα,
2552 3878 2696 3947 ἅπερ
2724 3879 2773 3930 εί
2804 3880 2896 3931 καὶ
2933 3878 3008 3948 μὴ
3040 3880 3103 3933 ἐκ
3146 3880 3249 3951 τῆς
3283 3880 3457 3951 αὐλῆς
3483 3880 3690 3953 ταύτης
3723 3879 3817 3953 ἦν,

2246 3970 2385 4025 ἀλλά
2414 3971 2645 4024 κάκεῖνα
2674 3972 3005 4038 συναγαγεῖν
3037 3970 3166 4037 ἔδει,
3213 3974 3307 4026 καὶ
3346 3974 3550 4042 ὑφ”ἐνὶ
3591 3976 3817 4043 ποιῆσαι

2249 4064 2491 4132 ποιμένι,
2528 4062 2621 4115 καὶ
2645 4061 2905 4129 γενέσθαι
2937 4063 3189 4132 ποίμνιον
3216 4062 3296 4126 ἓν,
3333 4067 3425 4118 καὶ
3457 4065 3639 4129 καλῶς
3665 4065 3818 4137 αὐτῷ

2244 4153 2475 4206 ἕπεσθαι
2533 4154 2629 4206 καὶ
2686 4152 3035 4223 ἐλευθερίως,
3094 4153 3229 4223 μηδὲ
3280 4154 3538 4227 ἀλλοτρίᾳ
3591 4155 3819 4227 σύριγγι

2249 4245 2583 4299 κλέπτεσθαι
2641 4246 2738 4298 καί
2793 4244 3130 4298 διασπᾶσθαι
3187 4248 3281 4300 καὶ
3328 4247 3820 4318 καταφθείρεσθαν,

567 4349 729 4406 anxie
762 4356 940 4409 curat,
971 4352 1027 4397 et
1056 4343 1113 4396 in
1143 4342 1249 4395 iter
1287 4340 1354 4394 ad
1381 4341 1497 4395 haec
1523 4340 1759 4393 mittitur
1781 4349 1842 4393 ut
1866 4339 2141 4407 dispersas

2251 4338 2478 4408 κήδεται
2518 4336 2616 4406 μὲν
2632 4336 2836 4389 τούτων
2862 4338 2989 4389 ὅσον
3015 4337 3181 4399 εἰκὸς.
3208 4337 3486 4391 στέλλεται
3517 4339 3573 4390 δὲ
3603 4340 3702 4409 τὴν
3723 4342 3820 4393 ἐπὶ

567 4451 700 4493 oves
738 4437 790 4489 in
829 4448 999 4487 unum
1046 4438 1431 4500 congregaret,
1476 4439 1534 4483 et
1580 4444 1702 4483 eam
1754 4444 1877 4498 qua:
1906 4436 2146 4481 errasset

572 4529 752 4583 listula
773 4525 1023 4580 veritatis
1052 4530 1369 4586 revocaret,
1407 4536 1469 4574 ac
1499 4522 1602 4576 sub
1635 4536 1744 4576 uno
1781 4537 1909 4575 vero
1926 4528 2145 4590 pastore

573 4623 720 4681 ovile
780 4626 1064 4688 repararet
1093 4635 1106 4670 :
1139 4616 1187 4670 si
1220 4614 1347 4682 quis
1376 4615 1569 4667 duram
1620 4628 1687 4668 ac
1746 4622 2145 4684 repugnantem

575 4718 802 4772 haberet
859 4713 1126 4773 animam,
1188 4710 1293 4763 hoc
1337 4709 1531 4762 eodem
1589 4708 1712 4776 igne
1769 4708 2146 4762 succulentam

575 4809 892 4865 redditurus
922 4820 985 4859 ac
1016 4815 1284 4858 tenerant.
1339 4801 1494 4857 Unde
1530 4800 1718 4855 relicta
1774 4800 2056 4855 Palaestina
2093 4801 2146 4854 in

579 4905 762 4961 Asiam
783 4897 1173 4971 proﬁciscitur.
1203 4894 1454 4963 Cumque
1481 4908 1545 4946 ea
1571 4907 1693 4961 quae
1722 4892 1894 4959 ipsam
1923 4906 2149 4946 concer-

575 4998 800 5055 nebant,
858 4998 1008 5046 recte
1066 4985 1457 5056 disposuisset.
1505 4984 1718 5037 Ioniam
1779 4991 2033 5053 occupat,
2086 4997 2150 5036 ac

574 5084 853 5154 Ephesum
913 5077 1251 5149 aggreditur,
1330 5074 1423 5129 ubi
1487 5074 1753 5143 pluresac
1810 5072 2149 5127 crudeliores

578 5178 705 5229 ferae
753 5180 933 5236 erant,
993 5178 1051 5224 et
1102 5167 1229 5223 talia
1272 5182 1397 5236 qua:
1433 5164 1679 5235 periculo
1735 5164 1933 5233 quovis
1989 5164 2148 5233 longe

580 5264 968 5337 periculosiora
994 5270 1202 5317 essent.
1238 5257 1304 5312 Et
1336 5258 1573 5328 primum
1624 5254 1847 5325 quidem
1882 5254 2147 5324 templqu

580 5358 915 5413 Attiaaonum
969 5352 1106 5423 ipsis
1160 5348 1324 5405 idolis
1372 5355 1758 5406 consecratum
1815 5360 1925 5401 una
1988 5359 2153 5415 prece

580 5446 871 5511 subvertit,
929 5460 994 5501 ac
1038 5444 1206 5500 veluti
1262 5442 1458 5514 platea:
1503 5440 1679 5497 lutum
1719 5438 1912 5512 diruit.
1944 5437 2153 5493 Deinde

580 5539 955 5597 sacriﬁcorum
981 5537 1123 5608 quia
1146 5534 1538 5595 sacriﬁciorum
1560 5532 1928 5605 appellatione
1945 5546 2150 5603 cogno-

583 5647 706 5686 men
741 5629 919 5687 sortiti
976 5638 1124 5693 sunt,
1170 5629 1275 5689 hos
1324 5625 1546 5697 quidem
1598 5623 1971 5688 sermonibus,
2027 5623 2151 5679 illos

664 5810 683 5840 '
733 5811 888 5865 Joau.
923 5824 1033 5874 χχι,
1060 5810 1150 5863 20.
1233 5808 1251 5839 ⁸
1277 5807 1435 5861 Joan.
1481 5820 1591 5870 xix,
1618 5806 1706 5859 26.

2252 4432 2424 4484 ταῦτα
2459 4429 2687 4499 πορείαν
2719 4432 2801 4494 εἰς
2831 4429 2890 4482 ἓν
2914 4432 2985 4482 τά
3014 4430 3391 4501 διεσπαρμένα
3421 4432 3689 4497 συνάξων,
3726 4434 3823 4487 καὶ

2253 4526 2314 4579 τὸ
2340 4523 2758 4594 πεπλανημένον
2794 4527 2860 4594 τῇ
2886 4523 3109 4594 σύριγγι
3137 4525 3236 4593 τῆς
3264 4525 3516 4597 ἀληθείας
3546 4527 3822 4579 ἀνακαλε-

2256 4632 2386 4679 σων,
2418 4614 2514 4667 καὶ
2543 4614 2632 4682 ὑφ’
2660 4613 2743 4666 ἑνὶ
2775 4614 2850 4683 τῷ
2873 4614 3112 4685 ἀληθινῷ
3140 4617 3362 4685 ποιμένι
3389 4617 3735 4688 καταρτίσων
3761 4619 3822 4669 τί.

2254 4707 2532 4775 ποίμνιον,
2578 4702 2630 4756 εἴ
2660 4721 2744 4766 τις
2777 4705 3019 4774 σκληρὰν
3046 4704 3229 4776 ψυχὴν
3265 4706 3360 4759 καὶ
3393 4706 3709 4769 ἀντίτυπον,
3743 4706 3823 4758 it-

2256 4798 2438 4867 παράν
2472 4795 2640 4866 αὐτὴν
2694 4795 2771 4865 τῷ
2823 4796 2973 4867 αὐτῷ
3023 4798 3199 4866 τούτῳ
3255 4797 3387 4867 πυρί⁵
3442 4800 3688 4869 ποιήσων
3725 4802 3821 4852 καὶ

2251 4888 2491 4958 ἁπαλήν.
2525 4888 2688 4940 Ὅθεν
2715 4889 2813 4958 τὴν
2841 4889 3208 4959 Παλαιστίνην
3242 4890 3631 4961 ἁπολιπὼν,τῇ
3663 4891 3822 4962 Ἀσία

2254 4982 2535 5050 ἐπιδημεῖ.
2592 4981 2701 5032 Καὶ
2730 4983 2798 5032 τὰ
2847 4980 2967 5034 κατ’
2997 4984 3175 5053 αυτὴν
3235 4982 3296 5038 εὖ
3356 4984 3673 5054 διαθέμενος
3718 4986 3822 5054 τὴν

2266 5076 2475 5129 Ἰωνίαν
2535 5072 2972 5143 καταλαμϐάνει,
3007 5077 3099 5129 καὶ
3146 5080 3212 5148 τῇ
3258 5077 3472 5147 Ἐφέσῳ
3528 5078 3823 5146 ἐφίσταται

2257 5167 2387 5221 ἔνθα
2420 5167 2516 5219 καὶ
2541 5166 2592 5218 οί
2623 5165 2788 5235 θῆρες
2832 5166 3079 5229 πλείονες
3109 5169 3206 5221 καὶ
3243 5169 3536 5240 ὠμότεροι,
3608 5171 3702 5223 καί
3751 5176 3822 5224 τὰ

2255 5261 2353 5329 τῆς
2386 5259 2584 5328 πείρας
2614 5258 2793 5327 πολλῷ
2820 5259 3196 5331 χαλεπώτερα.
3230 5262 3338 5316 Καὶ
3369 5265 3563 5332 πρῶτα
3601 5263 3705 5332 μὲν
3728 5264 3822 5315 τὶν

2253 5354 2361 5406 τῶν
2401 5350 2716 5423 Ἀμαζόνων
2750 5355 2877 5405 ναὸν
2906 5354 3090 5415 αὐτοῖς
3130 5353 3371 5419 εἰδώλοις
3432 5357 3533 5427 μιᾷ
3572 5355 3825 5425 καθαιρεῖ

2256 5445 2560 5515 προσευχῇ,
2591 5445 2685 5497 καὶ
2738 5443 2875 5496 ὡσεὶ
2929 5445 3104 5514 πηλὸν
3135 5446 3337 5501 λεαίνει
3368 5447 3654 5510 πλατείας.
3690 5443 3824 5501 Εἶτα

2257 5534 2350 5587 καὶ
2379 5533 2488 5586 τῶν
2518 5533 2708 5603 ἰερέων
2734 5533 2842 5586 ἀπὸ
2870 5535 2967 5604 τῆς
2996 5535 3105 5588 τῶν
3160 5536 3374 5607 ἰερεῖων
3437 5537 3683 5607 κλήσεως
3719 5538 3822 5607 τὴν

2255 5625 2573 5696 ἐπωνυμίαν
2601 5624 2896 5695 λαχόντων,
2927 5628 3054 5691 τοὺς
3079 5629 3176 5698 μὲν
3215 5629 3424 5699 λόγοις,
3457 5634 3584 5694 τοὺς
3613 5629 3670 5682 δέ
3725 5644 3825 5699 ση-
