  <div class='ocr_page' id='page_1' title='image "/cluster/home/n/w/nwhite01/storage/ocr_20150623/116/hvd.32044073502221/351.png"; bbox 0 0 4122 6380; ppageno 0'>
   <div class='ocr_carea' id='block_1_1' title="bbox 551 325 650 390">
    <p class='ocr_par' dir='ltr' id='par_1_1' title="bbox 551 325 650 390">
     <span class='ocr_line' id='line_1_1' title="bbox 551 325 650 390; baseline 0 -1"><span class='ocrx_word' id='word_1_1' title='bbox 551 325 650 390; x_wconf 74' lang='lat'><strong>691</strong></span> 
     </span>
    </p>
   </div>
   <div class='ocr_carea' id='block_1_2' title="bbox 1807 327 2560 391">
    <p class='ocr_par' dir='ltr' id='par_1_2' title="bbox 1807 327 2560 391">
     <span class='ocr_line' id='line_1_2' title="bbox 1807 327 2560 391; baseline -0.007 -1"><span class='ocrx_word' id='word_1_2' title='bbox 1807 330 2094 391; x_wconf 84' lang='lat' dir='ltr'><strong>MENSIS</strong></span> <span class='ocrx_word' id='word_1_3' title='bbox 2133 327 2560 391; x_wconf 78' lang='lat' dir='ltr'><strong>DECEMBER.</strong></span> 
     </span>
    </p>
   </div>
   <div class='ocr_carea' id='block_1_3' title="bbox 3678 314 3785 376">
    <p class='ocr_par' dir='ltr' id='par_1_3' title="bbox 3678 314 3785 376">
     <span class='ocr_line' id='line_1_3' title="bbox 3678 314 3785 376; baseline -0.019 0"><span class='ocrx_word' id='word_1_4' title='bbox 3678 314 3785 376; x_wconf 75' lang='lat'><strong>692</strong></span> 
     </span>
    </p>
   </div>
   <div class='ocr_carea' id='block_1_4' title="bbox 549 429 2113 514">
    <p class='ocr_par' dir='ltr' id='par_1_4' title="bbox 549 438 2111 514">
     <span class='ocr_line' id='line_1_4' title="bbox 549 438 2111 514; baseline 0.005 -26"><span class='ocrx_word' id='word_1_5' title='bbox 549 438 727 492; x_wconf 73' lang='lat' dir='ltr'><strong>exsilii</strong></span> <span class='ocrx_word' id='word_1_6' title='bbox 765 441 1057 494; x_wconf 87' lang='lat' dir='ltr'><strong>termimnn</strong></span> <span class='ocrx_word' id='word_1_7' title='bbox 1089 458 1314 512; x_wconf 82' lang='lat' dir='ltr'><strong>magnus</strong></span> <span class='ocrx_word' id='word_1_8' title='bbox 1340 443 1642 514; x_wconf 75' lang='lat' dir='ltr'><strong>apostolus,</strong></span> <span class='ocrx_word' id='word_1_9' title='bbox 1671 453 1726 497; x_wconf 89' lang='lat' dir='ltr'><strong>et</strong></span> <span class='ocrx_word' id='word_1_10' title='bbox 1754 444 1989 498; x_wconf 76' lang='lat' dir='ltr'><strong>insulam</strong></span> <span class='ocrx_word' id='word_1_11' title='bbox 2021 460 2111 512; x_wconf 85' lang='lat' dir='ltr'><strong>ap~</strong></span> 
     </span>
    </p>
   </div>
   <div class='ocr_carea' id='block_1_5' title="bbox 2217 429 3784 514">
    <p class='ocr_par' dir='ltr' id='par_1_5' title="bbox 2221 429 3784 509">
     <span class='ocr_line' id='line_1_5' title="bbox 2221 429 3784 509; baseline -0.011 -14"><span class='ocrx_word' id='word_1_12' title='bbox 2221 459 2431 509; x_wconf 83' lang='grc' dir='ltr'>φουσιν,</span> <span class='ocrx_word' id='word_1_13' title='bbox 2467 441 2546 502; x_wconf 86' lang='grc' dir='ltr'><strong>είς</strong></span> <span class='ocrx_word' id='word_1_14' title='bbox 2575 438 2834 506; x_wconf 74' lang='grc' dir='ltr'>εὐνομίαν</span> <span class='ocrx_word' id='word_1_15' title='bbox 2868 452 2922 490; x_wconf 86' lang='grc' dir='ltr'><strong>τε</strong></span> <span class='ocrx_word' id='word_1_16' title='bbox 2975 430 3397 504; x_wconf 63' lang='grc' dir='ltr'>μεταϐάλλουσι,</span> <span class='ocrx_word' id='word_1_17' title='bbox 3448 429 3538 480; x_wconf 66' lang='grc' dir='ltr'>καὶ</span> <span class='ocrx_word' id='word_1_18' title='bbox 3577 429 3643 497; x_wconf 73' lang='grc' dir='ltr'><strong>τῇ</strong></span> <span class='ocrx_word' id='word_1_19' title='bbox 3688 430 3784 479; x_wconf 77' lang='lat' dir='ltr'><strong>s6-</strong></span> 
     </span>
    </p>
   </div>
   <div class='ocr_carea' id='block_1_6' title="bbox 550 529 2109 604">
    <p class='ocr_par' dir='ltr' id='par_1_6' title="bbox 550 529 2109 604">
     <span class='ocr_line' id='line_1_6' title="bbox 550 529 2109 604; baseline 0.003 -24"><span class='ocrx_word' id='word_1_20' title='bbox 550 529 858 597; x_wconf 83' lang='lat' dir='ltr'><strong>prebendit.</strong></span> <span class='ocrx_word' id='word_1_21' title='bbox 929 531 1045 585; x_wconf 85' lang='lat' dir='ltr'><strong>Non</strong></span> <span class='ocrx_word' id='word_1_22' title='bbox 1105 533 1266 603; x_wconf 80' lang='lat' dir='ltr'><strong>longo</strong></span> <span class='ocrx_word' id='word_1_23' title='bbox 1321 532 1669 604; x_wconf 74' lang='lat' dir='ltr'><strong>postmodum</strong></span> <span class='ocrx_word' id='word_1_24' title='bbox 1732 544 1978 601; x_wconf 89' lang='lat' dir='ltr'><strong>tempore</strong></span> <span class='ocrx_word' id='word_1_25' title='bbox 2029 535 2109 585; x_wconf 81' lang='lat' dir='ltr'><strong>in-</strong></span> 
     </span>
    </p>
   </div>
   <div class='ocr_carea' id='block_1_7' title="bbox 2221 530 2810 603">
    <p class='ocr_par' dir='ltr' id='par_1_7' title="bbox 2221 530 2810 603">
     <span class='ocr_line' id='line_1_7' title="bbox 2221 530 2810 603; baseline -0.003 -18"><span class='ocrx_word' id='word_1_26' title='bbox 2221 533 2405 603; x_wconf 79' lang='grc' dir='ltr'>σεϐείᾳ</span> <span class='ocrx_word' id='word_1_27' title='bbox 2449 530 2810 584; x_wconf 81' lang='grc' dir='ltr'><strong>συντίθενται.</strong></span> 
     </span>
    </p>
   </div>
   <div class='ocr_carea' id='block_1_8' title="bbox 548 609 3784 699">
    <p class='ocr_par' dir='ltr' id='par_1_8' title="bbox 548 609 3784 699">
     <span class='ocr_line' id='line_1_8' title="bbox 548 609 3784 699; baseline -0.002 -23"><span class='ocrx_word' id='word_1_28' title='bbox 548 623 758 680; x_wconf 85' lang='lat' dir='ltr'><strong>salares</strong></span> <span class='ocrx_word' id='word_1_29' title='bbox 805 636 1136 682; x_wconf 86' lang='lat' dir='ltr'><strong>servatorem</strong></span> <span class='ocrx_word' id='word_1_30' title='bbox 1191 643 1254 683; x_wconf 91' lang='lat' dir='ltr'><strong>ac</strong></span> <span class='ocrx_word' id='word_1_31' title='bbox 1310 638 1602 699; x_wconf 89' lang='lat' dir='ltr'><strong>patronum</strong></span> <span class='ocrx_word' id='word_1_32' title='bbox 1651 628 1861 683; x_wconf 68' lang='lat' dir='ltr'><strong>ducunt</strong></span> <span class='ocrx_word' id='word_1_33' title='bbox 1912 628 2139 682; x_wconf 88' lang='lat' dir='ltr'><strong>touitrui</strong></span> <span class='ocrx_word' id='word_1_34' title='bbox 2183 627 2378 692; x_wconf 76' lang='lat' dir='ltr'><strong>lilium,</strong></span> <span class='ocrx_word' id='word_1_35' title='bbox 2402 636 2457 681; x_wconf 94' lang='lat' dir='ltr'><strong>et</strong></span> <span class='ocrx_word' id='word_1_36' title='bbox 2498 626 2566 680; x_wconf 90' lang='lat' dir='ltr'><strong>ad</strong></span> <span class='ocrx_word' id='word_1_37' title='bbox 2629 624 2944 695; x_wconf 74' lang='lat' dir='ltr'><strong>aequitatem</strong></span> <span class='ocrx_word' id='word_1_38' title='bbox 2972 627 3278 680; x_wconf 88' lang='lat' dir='ltr'><strong>transeunt,</strong></span> <span class='ocrx_word' id='word_1_39' title='bbox 3312 627 3540 684; x_wconf 85' lang='lat' dir='ltr'><strong>seseque</strong></span> <span class='ocrx_word' id='word_1_40' title='bbox 3577 611 3644 668; x_wconf 84' lang='lat' dir='ltr'><strong>ad</strong></span> <span class='ocrx_word' id='word_1_41' title='bbox 3671 609 3784 681; x_wconf 84' lang='lat' dir='ltr'><strong>pie-</strong></span> 
     </span>
    </p>
   </div>
   <div class='ocr_carea' id='block_1_9' title="bbox 549 724 1134 785">
    <p class='ocr_par' dir='ltr' id='par_1_9' title="bbox 549 724 1134 785">
     <span class='ocr_line' id='line_1_9' title="bbox 549 724 1134 785; baseline 0.015 -19"><span class='ocrx_word' id='word_1_42' title='bbox 549 724 718 768; x_wconf 80' lang='lat' dir='ltr'><strong>tatem</strong></span> <span class='ocrx_word' id='word_1_43' title='bbox 746 727 1105 785; x_wconf 89' lang='lat' dir='ltr'><strong>componunt.</strong></span> <span class='ocrx_word' id='word_1_44' title='bbox 1131 773 1134 775; x_wconf 16' lang='grc' dir='ltr'><strong>Α</strong></span> 
     </span>
    </p>
   </div>
   <div class='ocr_carea' id='block_1_10' title="bbox 619 808 2115 882">
    <p class='ocr_par' dir='ltr' id='par_1_10' title="bbox 619 808 2115 882">
     <span class='ocr_line' id='line_1_10' title="bbox 619 808 2115 882; baseline -0.001 -18"><span class='ocrx_word' id='word_1_45' title='bbox 619 809 704 864; x_wconf 75' lang='grc' dir='ltr'><strong>ιν.</strong></span> <span class='ocrx_word' id='word_1_46' title='bbox 744 808 930 880; x_wconf 80' lang='lat' dir='ltr'><strong>Itaque</strong></span> <span class='ocrx_word' id='word_1_47' title='bbox 975 825 1101 865; x_wconf 88' lang='lat' dir='ltr'><strong>cum</strong></span> <span class='ocrx_word' id='word_1_48' title='bbox 1150 810 1240 866; x_wconf 89' lang='lat' dir='ltr'><strong>hic</strong></span> <span class='ocrx_word' id='word_1_49' title='bbox 1284 819 1432 867; x_wconf 86' lang='lat' dir='ltr'><strong>esset</strong></span> <span class='ocrx_word' id='word_1_50' title='bbox 1483 813 1786 882; x_wconf 86' lang='lat' dir='ltr'><strong>apostolus,</strong></span> <span class='ocrx_word' id='word_1_51' title='bbox 1839 821 1896 866; x_wconf 91' lang='lat' dir='ltr'><strong>et</strong></span> <span class='ocrx_word' id='word_1_52' title='bbox 1941 810 2115 864; x_wconf 87' lang='lat' dir='ltr'><strong>admi-</strong></span> 
     </span>
    </p>
   </div>
   <div class='ocr_carea' id='block_1_11' title="bbox 549 899 2117 973">
    <p class='ocr_par' dir='ltr' id='par_1_11' title="bbox 549 899 2117 973">
     <span class='ocr_line' id='line_1_11' title="bbox 549 899 2117 973; baseline 0.001 -21"><span class='ocrx_word' id='word_1_53' title='bbox 549 899 753 954; x_wconf 86' lang='lat' dir='ltr'><strong>randus</strong></span> <span class='ocrx_word' id='word_1_54' title='bbox 785 900 1078 970; x_wconf 78' lang='lat' dir='ltr'><strong>Dionysius</strong></span> <span class='ocrx_word' id='word_1_55' title='bbox 1117 900 1290 956; x_wconf 81' lang='lat' dir='ltr'><strong>ferme</strong></span> <span class='ocrx_word' id='word_1_56' title='bbox 1334 900 1444 973; x_wconf 86' lang='lat' dir='ltr'><strong>jam</strong></span> <span class='ocrx_word' id='word_1_57' title='bbox 1484 902 1780 972; x_wconf 80' lang='lat' dir='ltr'><strong>nonaginta</strong></span> <span class='ocrx_word' id='word_1_58' title='bbox 1827 909 1973 956; x_wconf 83' lang='lat' dir='ltr'><strong>esset</strong></span> <span class='ocrx_word' id='word_1_59' title='bbox 2018 916 2117 955; x_wconf 87' lang='lat' dir='ltr'><strong>an-</strong></span> 
     </span>
    </p>
   </div>
   <div class='ocr_carea' id='block_1_12' title="bbox 547 993 2112 1058">
    <p class='ocr_par' dir='ltr' id='par_1_12' title="bbox 547 993 2112 1058">
     <span class='ocr_line' id='line_1_12' title="bbox 547 993 2112 1058; baseline 0 -12"><span class='ocrx_word' id='word_1_60' title='bbox 547 1007 769 1058; x_wconf 87' lang='lat' dir='ltr'><strong>norum,</strong></span> <span class='ocrx_word' id='word_1_61' title='bbox 800 1008 865 1047; x_wconf 77' lang='lat' dir='ltr'><strong>ex</strong></span> <span class='ocrx_word' id='word_1_62' title='bbox 914 993 1144 1048; x_wconf 80' lang='lat' dir='ltr'><strong>Athenis</strong></span> <span class='ocrx_word' id='word_1_63' title='bbox 1193 993 1388 1049; x_wconf 89' lang='lat' dir='ltr'><strong>scribit</strong></span> <span class='ocrx_word' id='word_1_64' title='bbox 1447 995 1497 1049; x_wconf 92' lang='lat' dir='ltr'><strong>ei</strong></span> <span class='ocrx_word' id='word_1_65' title='bbox 1549 995 1605 1048; x_wconf 91' lang='lat' dir='ltr'><strong>in</strong></span> <span class='ocrx_word' id='word_1_66' title='bbox 1655 994 1805 1050; x_wconf 88' lang='lat' dir='ltr'><strong>hunc</strong></span> <span class='ocrx_word' id='word_1_67' title='bbox 1853 993 2112 1048; x_wconf 88' lang='lat' dir='ltr'><strong>modum:</strong></span> 
     </span>
    </p>
   </div>
   <div class='ocr_carea' id='block_1_13' title="bbox 549 1084 2117 1151">
    <p class='ocr_par' dir='ltr' id='par_1_13' title="bbox 549 1084 2117 1151">
     <span class='ocr_line' id='line_1_13' title="bbox 549 1084 2117 1151; baseline 0.001 -13"><span class='ocrx_word' id='word_1_68' title='bbox 549 1084 713 1138; x_wconf 89' lang='lat' dir='ltr'><strong>Tuam</strong></span> <span class='ocrx_word' id='word_1_69' title='bbox 752 1086 925 1139; x_wconf 88' lang='lat' dir='ltr'><strong>saluto</strong></span> <span class='ocrx_word' id='word_1_70' title='bbox 955 1101 1164 1139; x_wconf 85' lang='lat' dir='ltr'><strong>sacram</strong></span> <span class='ocrx_word' id='word_1_71' title='bbox 1200 1086 1457 1149; x_wconf 81' lang='lat' dir='ltr'><strong>animum,</strong></span> <span class='ocrx_word' id='word_1_72' title='bbox 1490 1085 1698 1151; x_wconf 80' lang='lat' dir='ltr'><strong>dilecte,</strong></span> <span class='ocrx_word' id='word_1_73' title='bbox 1749 1094 1799 1140; x_wconf 91' lang='lat' dir='ltr'><strong>et</strong></span> <span class='ocrx_word' id='word_1_74' title='bbox 1840 1087 1940 1140; x_wconf 88' lang='lat' dir='ltr'><strong>erit</strong></span> <span class='ocrx_word' id='word_1_75' title='bbox 1989 1086 2117 1139; x_wconf 85' lang='lat' dir='ltr'><strong>mihi</strong></span> 
     </span>
    </p>
   </div>
   <div class='ocr_carea' id='block_1_14' title="bbox 550 1175 2116 1249">
    <p class='ocr_par' dir='ltr' id='par_1_14' title="bbox 550 1175 2116 1249">
     <span class='ocr_line' id='line_1_14' title="bbox 550 1175 2116 1249; baseline 0.001 -21"><span class='ocrx_word' id='word_1_76' title='bbox 550 1175 605 1228; x_wconf 85' lang='lat' dir='ltr'><strong>id</strong></span> <span class='ocrx_word' id='word_1_77' title='bbox 642 1175 961 1245; x_wconf 80' lang='lat' dir='ltr'><strong>peculiarius</strong></span> <span class='ocrx_word' id='word_1_78' title='bbox 988 1193 1098 1246; x_wconf 80' lang='lat' dir='ltr'><strong>pne</strong></span> <span class='ocrx_word' id='word_1_79' title='bbox 1132 1175 1331 1231; x_wconf 85' lang='lat' dir='ltr'><strong>multis.</strong></span> <span class='ocrx_word' id='word_1_80' title='bbox 1372 1175 1528 1233; x_wconf 79' lang='lat' dir='ltr'><strong>Salve</strong></span> <span class='ocrx_word' id='word_1_81' title='bbox 1554 1178 1733 1249; x_wconf 86' lang='lat' dir='ltr'><strong>igitur,</strong></span> <span class='ocrx_word' id='word_1_82' title='bbox 1764 1193 1882 1233; x_wconf 80' lang='lat' dir='ltr'><strong>vere</strong></span> <span class='ocrx_word' id='word_1_83' title='bbox 1908 1177 2116 1232; x_wconf 79' lang='lat' dir='ltr'><strong>Christo</strong></span> 
     </span>
    </p>
   </div>
   <div class='ocr_carea' id='block_1_15' title="bbox 551 1265 2112 1337">
    <p class='ocr_par' dir='ltr' id='par_1_15' title="bbox 551 1265 2112 1337">
     <span class='ocr_line' id='line_1_15' title="bbox 551 1265 2112 1337; baseline 0.003 -19"><span class='ocrx_word' id='word_1_84' title='bbox 551 1265 762 1320; x_wconf 77' lang='lat' dir='ltr'><strong>dilecte.</strong></span> <span class='ocrx_word' id='word_1_85' title='bbox 809 1265 1226 1337; x_wconf 85' lang='lat' dir='ltr'><strong>Consequenter</strong></span> <span class='ocrx_word' id='word_1_86' title='bbox 1270 1277 1454 1323; x_wconf 90' lang='lat' dir='ltr'><strong>autem</strong></span> <span class='ocrx_word' id='word_1_87' title='bbox 1502 1269 1670 1324; x_wconf 88' lang='lat' dir='ltr'><strong>etiam</strong></span> <span class='ocrx_word' id='word_1_88' title='bbox 1734 1269 1852 1325; x_wconf 55' lang='lat' dir='ltr'><strong>haec</strong></span> <span class='ocrx_word' id='word_1_89' title='bbox 1922 1267 2112 1323; x_wconf 89' lang='lat' dir='ltr'><strong>addit:</strong></span> 
     </span>
    </p>
   </div>
   <div class='ocr_carea' id='block_1_16' title="bbox 552 1355 2116 1430">
    <p class='ocr_par' dir='ltr' id='par_1_16' title="bbox 552 1355 2116 1430">
     <span class='ocr_line' id='line_1_16' title="bbox 552 1355 2116 1430; baseline 0.002 -21"><span class='ocrx_word' id='word_1_90' title='bbox 552 1355 690 1422; x_wconf 83' lang='lat' dir='ltr'><strong>Quid</strong></span> <span class='ocrx_word' id='word_1_91' title='bbox 721 1358 1092 1412; x_wconf 88' lang='lat' dir='ltr'><strong>admirandum</strong></span> <span class='ocrx_word' id='word_1_92' title='bbox 1129 1359 1176 1414; x_wconf 88' lang='lat' dir='ltr'><strong>si</strong></span> <span class='ocrx_word' id='word_1_93' title='bbox 1213 1357 1449 1414; x_wconf 87' lang='lat' dir='ltr'><strong>Christus</strong></span> <span class='ocrx_word' id='word_1_94' title='bbox 1504 1377 1685 1415; x_wconf 82' lang='lat' dir='ltr'><strong>verum</strong></span> <span class='ocrx_word' id='word_1_95' title='bbox 1724 1359 2012 1430; x_wconf 89' lang='lat' dir='ltr'><strong>loquatur,</strong></span> <span class='ocrx_word' id='word_1_96' title='bbox 2065 1367 2116 1412; x_wconf 89' lang='lat' dir='ltr'><strong>et</strong></span> 
     </span>
    </p>
   </div>
   <div class='ocr_carea' id='block_1_17' title="bbox 551 1448 2118 1520">
    <p class='ocr_par' dir='ltr' id='par_1_17' title="bbox 551 1448 2118 1520">
     <span class='ocr_line' id='line_1_17' title="bbox 551 1448 2118 1520; baseline 0.002 -19"><span class='ocrx_word' id='word_1_97' title='bbox 551 1448 720 1518; x_wconf 83' lang='lat' dir='ltr'><strong>iniqui</strong></span> <span class='ocrx_word' id='word_1_98' title='bbox 773 1449 1050 1518; x_wconf 76' lang='lat' dir='ltr'><strong>discipulos</strong></span> <span class='ocrx_word' id='word_1_99' title='bbox 1081 1466 1110 1504; x_wconf 89' lang='lat' dir='ltr'><strong>e</strong></span> <span class='ocrx_word' id='word_1_100' title='bbox 1151 1451 1441 1505; x_wconf 81' lang='lat' dir='ltr'><strong>civitatibus</strong></span> <span class='ocrx_word' id='word_1_101' title='bbox 1503 1450 1810 1520; x_wconf 74' lang='lat' dir='ltr'><strong>expellant,</strong></span> <span class='ocrx_word' id='word_1_102' title='bbox 1859 1451 1971 1520; x_wconf 75' lang='lat' dir='ltr'><strong>ipsi</strong></span> <span class='ocrx_word' id='word_1_103' title='bbox 2017 1450 2118 1505; x_wconf 79' lang='lat' dir='ltr'><strong>sibi</strong></span> 
     </span>
    </p>
   </div>
   <div class='ocr_carea' id='block_1_18' title="bbox 551 1537 2116 1608">
    <p class='ocr_par' dir='ltr' id='par_1_18' title="bbox 551 1537 2116 1608">
     <span class='ocr_line' id='line_1_18' title="bbox 551 1537 2116 1608; baseline 0.001 -16"><span class='ocrx_word' id='word_1_104' title='bbox 551 1537 678 1607; x_wconf 84' lang='lat' dir='ltr'><strong>ipsis</strong></span> <span class='ocrx_word' id='word_1_105' title='bbox 711 1538 969 1608; x_wconf 84' lang='lat' dir='ltr'><strong>condigna</strong></span> <span class='ocrx_word' id='word_1_106' title='bbox 1000 1539 1385 1607; x_wconf 81' lang='lat' dir='ltr'><strong>distribuentes,</strong></span> <span class='ocrx_word' id='word_1_107' title='bbox 1420 1547 1470 1594; x_wconf 88' lang='lat' dir='ltr'><strong>et</strong></span> <span class='ocrx_word' id='word_1_108' title='bbox 1516 1542 1827 1596; x_wconf 71' lang='lat' dir='ltr'><strong>exsecrandi</strong></span> <span class='ocrx_word' id='word_1_109' title='bbox 1853 1558 1887 1596; x_wconf 90' lang='lat' dir='ltr'><strong>a</strong></span> <span class='ocrx_word' id='word_1_110' title='bbox 1919 1543 2116 1596; x_wconf 88' lang='lat' dir='ltr'><strong>sanctis</strong></span> 
     </span>
    </p>
   </div>
   <div class='ocr_carea' id='block_1_19' title="bbox 549 1631 2117 1702">
    <p class='ocr_par' dir='ltr' id='par_1_19' title="bbox 549 1631 2117 1702">
     <span class='ocr_line' id='line_1_19' title="bbox 549 1631 2117 1702; baseline 0.003 -21"><span class='ocrx_word' id='word_1_111' title='bbox 549 1643 604 1682; x_wconf 89' lang='lat' dir='ltr'><strong>se</strong></span> <span class='ocrx_word' id='word_1_112' title='bbox 656 1637 989 1699; x_wconf 85' lang='lat' dir='ltr'><strong>segregantes</strong></span> <span class='ocrx_word' id='word_1_113' title='bbox 1036 1646 1100 1684; x_wconf 88' lang='lat' dir='ltr'><strong>ac</strong></span> <span class='ocrx_word' id='word_1_114' title='bbox 1151 1631 1509 1702; x_wconf 80' lang='lat' dir='ltr'><strong>separantes?</strong></span> <span class='ocrx_word' id='word_1_115' title='bbox 1557 1631 1762 1686; x_wconf 89' lang='lat' dir='ltr'><strong>Deinde</strong></span> <span class='ocrx_word' id='word_1_116' title='bbox 1816 1631 1984 1687; x_wconf 88' lang='lat' dir='ltr'><strong>etiam</strong></span> <span class='ocrx_word' id='word_1_117' title='bbox 2048 1631 2117 1686; x_wconf 86' lang='lat' dir='ltr'><strong>ad</strong></span> 
     </span>
    </p>
   </div>
   <div class='ocr_carea' id='block_1_20' title="bbox 551 1718 2115 1790">
    <p class='ocr_par' dir='ltr' id='par_1_20' title="bbox 551 1718 2115 1790">
     <span class='ocr_line' id='line_1_20' title="bbox 551 1718 2115 1790; baseline 0.006 -19"><span class='ocrx_word' id='word_1_118' title='bbox 551 1718 728 1786; x_wconf 91' lang='lat' dir='ltr'><strong>ipsum</strong></span> <span class='ocrx_word' id='word_1_119' title='bbox 771 1718 934 1775; x_wconf 81' lang='lat' dir='ltr'><strong>linem</strong></span> <span class='ocrx_word' id='word_1_120' title='bbox 969 1722 1214 1790; x_wconf 66' lang='lat' dir='ltr'><strong>epistolae</strong></span> <span class='ocrx_word' id='word_1_121' title='bbox 1247 1723 1363 1779; x_wconf 60' lang='lat' dir='ltr'><strong>haec</strong></span> <span class='ocrx_word' id='word_1_122' title='bbox 1409 1722 1479 1779; x_wconf 89' lang='lat' dir='ltr'><strong>de</strong></span> <span class='ocrx_word' id='word_1_123' title='bbox 1523 1723 1726 1780; x_wconf 80' lang='lat' dir='ltr'><strong>futuris</strong></span> <span class='ocrx_word' id='word_1_124' title='bbox 1776 1724 2115 1780; x_wconf 86' lang='lat' dir='ltr'><strong>subscribit:</strong></span> 
     </span>
    </p>
   </div>
   <div class='ocr_carea' id='block_1_21' title="bbox 552 1809 2116 1894">
    <p class='ocr_par' dir='ltr' id='par_1_21' title="bbox 552 1809 2116 1894">
     <span class='ocr_line' id='line_1_21' title="bbox 552 1809 2116 1894; baseline 0.006 -32"><span class='ocrx_word' id='word_1_125' title='bbox 552 1809 780 1864; x_wconf 84' lang='lat' dir='ltr'><strong>Omnino</strong></span> <span class='ocrx_word' id='word_1_126' title='bbox 810 1813 948 1866; x_wconf 89' lang='lat' dir='ltr'><strong>enim</strong></span> <span class='ocrx_word' id='word_1_127' title='bbox 981 1813 1088 1880; x_wconf 81' lang='lat' dir='ltr'><strong>[ide</strong></span> <span class='ocrx_word' id='word_1_128' title='bbox 1118 1815 1324 1894; x_wconf 51' lang='lat' dir='ltr'><strong>dignus.</strong></span> <span class='ocrx_word' id='word_1_129' title='bbox 1341 1832 1480 1880; x_wconf 85' lang='lat' dir='ltr'><strong>sum,</strong></span> <span class='ocrx_word' id='word_1_130' title='bbox 1514 1816 1715 1885; x_wconf 85' lang='lat' dir='ltr'><strong>inquit,</strong></span> <span class='ocrx_word' id='word_1_131' title='bbox 1751 1823 1808 1869; x_wconf 88' lang='lat' dir='ltr'><strong>ut</strong></span> <span class='ocrx_word' id='word_1_132' title='bbox 1837 1818 1981 1886; x_wconf 86' lang='lat' dir='ltr'><strong>quia</strong></span> <span class='ocrx_word' id='word_1_133' title='bbox 2011 1815 2116 1871; x_wconf 91' lang='lat' dir='ltr'><strong>Deo</strong></span> 
     </span>
    </p>
   </div>
   <div class='ocr_carea' id='block_1_22' title="bbox 551 1903 2116 1979">
    <p class='ocr_par' dir='ltr' id='par_1_22' title="bbox 551 1903 2116 1979">
     <span class='ocr_line' id='line_1_22' title="bbox 551 1903 2116 1979; baseline 0.004 -24"><span class='ocrx_word' id='word_1_134' title='bbox 551 1903 818 1958; x_wconf 85' lang='lat' dir='ltr'><strong>didicerim</strong></span> <span class='ocrx_word' id='word_1_135' title='bbox 843 1921 960 1976; x_wconf 75' lang='lat' dir='ltr'><strong>qua:</strong></span> <span class='ocrx_word' id='word_1_136' title='bbox 975 1906 1181 1962; x_wconf 86' lang='lat' dir='ltr'><strong>decreta</strong></span> <span class='ocrx_word' id='word_1_137' title='bbox 1211 1917 1333 1962; x_wconf 83' lang='lat' dir='ltr'><strong>sunt</strong></span> <span class='ocrx_word' id='word_1_138' title='bbox 1364 1919 1418 1961; x_wconf 88' lang='lat' dir='ltr'><strong>ut</strong></span> <span class='ocrx_word' id='word_1_139' title='bbox 1450 1909 1540 1962; x_wconf 86' lang='lat' dir='ltr'><strong>tibi</strong></span> <span class='ocrx_word' id='word_1_140' title='bbox 1567 1911 1894 1979; x_wconf 80' lang='lat' dir='ltr'><strong>contingant,</strong></span> <span class='ocrx_word' id='word_1_141' title='bbox 1929 1917 1978 1962; x_wconf 89' lang='lat' dir='ltr'><strong>et</strong></span> <span class='ocrx_word' id='word_1_142' title='bbox 2001 1909 2116 1962; x_wconf 87' lang='lat' dir='ltr'><strong>dico</strong></span> 
     </span>
    </p>
   </div>
   <div class='ocr_carea' id='block_1_23' title="bbox 2289 790 3789 870">
    <p class='ocr_par' dir='ltr' id='par_1_23' title="bbox 2289 790 3789 870">
     <span class='ocr_line' id='line_1_23' title="bbox 2289 790 3789 870; baseline -0.01 -14"><span class='ocrx_word' id='word_1_143' title='bbox 2289 803 2360 856; x_wconf 82' lang='lat' dir='ltr'><strong>A&#39;.</strong></span> <span class='ocrx_word' id='word_1_144' title='bbox 2391 801 2660 858; x_wconf 77' lang='grc' dir='ltr'><strong>Ἐνταῦθα</strong></span> <span class='ocrx_word' id='word_1_145' title='bbox 2711 801 2776 870; x_wconf 79' lang='grc' dir='ltr'>δὴ</span> <span class='ocrx_word' id='word_1_146' title='bbox 2827 795 2922 854; x_wconf 79' lang='grc' dir='ltr'>οὖν</span> <span class='ocrx_word' id='word_1_147' title='bbox 2980 796 3059 868; x_wconf 82' lang='grc' dir='ltr'><strong>τῷ</strong></span> <span class='ocrx_word' id='word_1_148' title='bbox 3093 797 3375 864; x_wconf 67' lang='grc' dir='ltr'>ἀποστολῳ</span> <span class='ocrx_word' id='word_1_149' title='bbox 3440 790 3789 861; x_wconf 81' lang='grc' dir='ltr'>τυγχάνοντι,</span> 
     </span>
    </p>
   </div>
   <div class='ocr_carea' id='block_1_24' title="bbox 2218 884 3795 963">
    <p class='ocr_par' dir='ltr' id='par_1_24' title="bbox 2218 884 3795 963">
     <span class='ocr_line' id='line_1_24' title="bbox 2218 884 3795 963; baseline -0.011 -14"><span class='ocrx_word' id='word_1_150' title='bbox 2218 896 2312 950; x_wconf 74' lang='grc' dir='ltr'>καὶ</span> <span class='ocrx_word' id='word_1_151' title='bbox 2356 895 2385 947; x_wconf 99' lang='lat'><strong>6</strong></span> <span class='ocrx_word' id='word_1_152' title='bbox 2421 891 2740 963; x_wconf 74' lang='grc' dir='ltr'>θαυμαστὸς</span> <span class='ocrx_word' id='word_1_153' title='bbox 2769 889 3046 951; x_wconf 84' lang='grc' dir='ltr'>Διονύσιος</span> <span class='ocrx_word' id='word_1_154' title='bbox 3078 886 3209 958; x_wconf 86' lang='grc' dir='ltr'>περί</span> <span class='ocrx_word' id='word_1_155' title='bbox 3243 903 3346 939; x_wconf 88' lang='grc' dir='ltr'><strong>που</strong></span> <span class='ocrx_word' id='word_1_156' title='bbox 3395 884 3456 936; x_wconf 82' lang='grc' dir='ltr'><strong>τὸ</strong></span> <span class='ocrx_word' id='word_1_157' title='bbox 3508 885 3795 951; x_wconf 73' lang='grc' dir='ltr'>ἐννενεηκο·</span> 
     </span>
    </p>
   </div>
   <div class='ocr_carea' id='block_1_25' title="bbox 2221 972 3792 1055">
    <p class='ocr_par' dir='ltr' id='par_1_25' title="bbox 2221 972 3792 1055">
     <span class='ocr_line' id='line_1_25' title="bbox 2221 972 3792 1055; baseline -0.01 -16"><span class='ocrx_word' id='word_1_158' title='bbox 2221 985 2345 1039; x_wconf 84' lang='grc' dir='ltr'>στὸν</span> <span class='ocrx_word' id='word_1_159' title='bbox 2368 985 2470 1055; x_wconf 68' lang='grc' dir='ltr'>ἥδη</span> <span class='ocrx_word' id='word_1_160' title='bbox 2496 985 2599 1053; x_wconf 84' lang='grc' dir='ltr'>τῆς</span> <span class='ocrx_word' id='word_1_161' title='bbox 2633 983 2851 1054; x_wconf 76' lang='grc' dir='ltr'>ἡλικίας</span> <span class='ocrx_word' id='word_1_162' title='bbox 2891 979 2968 1034; x_wconf 82' lang='grc' dir='ltr'>ὢν</span> <span class='ocrx_word' id='word_1_163' title='bbox 3003 980 3144 1044; x_wconf 76' lang='grc' dir='ltr'>ἔτος,</span> <span class='ocrx_word' id='word_1_164' title='bbox 3174 978 3234 1045; x_wconf 79' lang='grc' dir='ltr'>ἐξ</span> <span class='ocrx_word' id='word_1_165' title='bbox 3261 974 3507 1045; x_wconf 75' lang='grc' dir='ltr'>’Δθηνῶν</span> <span class='ocrx_word' id='word_1_166' title='bbox 3539 972 3792 1026; x_wconf 73' lang='grc' dir='ltr'>ἐπιστέλ-</span> 
     </span>
    </p>
   </div>
   <div class='ocr_carea' id='block_1_26' title="bbox 2221 1059 3792 1142">
    <p class='ocr_par' dir='ltr' id='par_1_26' title="bbox 2221 1059 3792 1142">
     <span class='ocr_line' id='line_1_26' title="bbox 2221 1059 3792 1142; baseline -0.01 -14"><span class='ocrx_word' id='word_1_167' title='bbox 2221 1077 2303 1129; x_wconf 85' lang='grc' dir='ltr'><strong>λει</strong></span> <span class='ocrx_word' id='word_1_168' title='bbox 2331 1073 2510 1128; x_wconf 77' lang='grc' dir='ltr'><strong>τοιάδε</strong></span> <span class='ocrx_word' id='word_1_169' title='bbox 2532 1090 2547 1105; x_wconf 88' lang='grc'><strong>·</strong></span> <span class='ocrx_word' id='word_1_170' title='bbox 2571 1070 3004 1142; x_wconf 77' lang='grc' dir='ltr'>Προσαγορεύω</span> <span class='ocrx_word' id='word_1_171' title='bbox 3051 1083 3169 1122; x_wconf 89' lang='grc' dir='ltr'>σου</span> <span class='ocrx_word' id='word_1_172' title='bbox 3199 1065 3317 1132; x_wconf 82' lang='grc' dir='ltr'>τὴν</span> <span class='ocrx_word' id='word_1_173' title='bbox 3361 1061 3528 1132; x_wconf 81' lang='grc' dir='ltr'>ίεράν</span> <span class='ocrx_word' id='word_1_174' title='bbox 3553 1059 3792 1130; x_wconf 71' lang='grc' dir='ltr'>ψυχὴν,</span> 
     </span>
    </p>
   </div>
   <div class='ocr_carea' id='block_1_27' title="bbox 2216 1153 3796 1236">
    <p class='ocr_par' dir='ltr' id='par_1_27' title="bbox 2216 1153 3796 1236">
     <span class='ocr_line' id='line_1_27' title="bbox 2216 1153 3796 1236; baseline -0.01 -16"><span class='ocrx_word' id='word_1_175' title='bbox 2216 1163 2591 1236; x_wconf 73' lang='grc' dir='ltr'>ἠγαπημένε,</span> <span class='ocrx_word' id='word_1_176' title='bbox 2659 1162 2754 1216; x_wconf 72' lang='grc' dir='ltr'>καὶ</span> <span class='ocrx_word' id='word_1_177' title='bbox 2819 1161 2996 1215; x_wconf 74' lang='grc' dir='ltr'>ἔσται</span> <span class='ocrx_word' id='word_1_178' title='bbox 3056 1175 3161 1228; x_wconf 85' lang='grc' dir='ltr'><strong>μοι</strong></span> <span class='ocrx_word' id='word_1_179' title='bbox 3224 1156 3400 1210; x_wconf 84' lang='grc' dir='ltr'>τοῦτο</span> <span class='ocrx_word' id='word_1_180' title='bbox 3449 1155 3610 1221; x_wconf 78' lang='grc' dir='ltr'>παρὰ</span> <span class='ocrx_word' id='word_1_181' title='bbox 3655 1153 3796 1217; x_wconf 85' lang='grc' dir='ltr'>τοὺς</span> 
     </span>
    </p>
   </div>
   <div class='ocr_carea' id='block_1_28' title="bbox 2219 1243 3798 1322">
    <p class='ocr_par' dir='ltr' id='par_1_28' title="bbox 2219 1243 3798 1322">
     <span class='ocr_line' id='line_1_28' title="bbox 2219 1243 3798 1322; baseline -0.01 -9"><span class='ocrx_word' id='word_1_182' title='bbox 2219 1255 2495 1322; x_wconf 70' lang='grc' dir='ltr'>πολλοὺς</span> <span class='ocrx_word' id='word_1_183' title='bbox 2568 1255 2910 1320; x_wconf 79' lang='grc' dir='ltr'>ίδιαίτερον.</span> <span class='ocrx_word' id='word_1_184' title='bbox 2984 1252 3161 1318; x_wconf 82' lang='grc' dir='ltr'><strong>Χαῖρε</strong></span> <span class='ocrx_word' id='word_1_185' title='bbox 3232 1251 3448 1304; x_wconf 77' lang='grc' dir='ltr'>τοίνυν</span> <span class='ocrx_word' id='word_1_186' title='bbox 3471 1288 3486 1312; x_wconf 90' lang='grc'><strong>,</strong></span> <span class='ocrx_word' id='word_1_187' title='bbox 3553 1243 3798 1311; x_wconf 70' lang='grc' dir='ltr'>ἀληθῶς</span> 
     </span>
    </p>
   </div>
   <div class='ocr_carea' id='block_1_29' title="bbox 2217 1335 3798 1416">
    <p class='ocr_par' dir='ltr' id='par_1_29' title="bbox 2217 1335 3798 1416">
     <span class='ocr_line' id='line_1_29' title="bbox 2217 1335 3798 1416; baseline -0.01 -14"><span class='ocrx_word' id='word_1_188' title='bbox 2217 1344 2569 1416; x_wconf 74' lang='grc' dir='ltr'>ὴγαπημένε</span> <span class='ocrx_word' id='word_1_189' title='bbox 2603 1341 2861 1412; x_wconf 82' lang='grc' dir='ltr'><strong>Χριστῷ.</strong></span> <span class='ocrx_word' id='word_1_190' title='bbox 2897 1341 3058 1406; x_wconf 80' lang='grc' dir='ltr'><strong>Ἐξῆς</strong></span> <span class='ocrx_word' id='word_1_191' title='bbox 3092 1340 3150 1393; x_wconf 82' lang='grc' dir='ltr'><strong>δέ</strong></span> <span class='ocrx_word' id='word_1_192' title='bbox 3193 1339 3288 1392; x_wconf 78' lang='grc' dir='ltr'>καὶ</span> <span class='ocrx_word' id='word_1_193' title='bbox 3340 1337 3520 1391; x_wconf 86' lang='grc' dir='ltr'>ταῦτα</span> <span class='ocrx_word' id='word_1_194' title='bbox 3568 1335 3798 1406; x_wconf 81' lang='grc' dir='ltr'>προστί-</span> 
     </span>
    </p>
   </div>
   <div class='ocr_carea' id='block_1_30' title="bbox 2219 1427 3796 1510">
    <p class='ocr_par' dir='ltr' id='par_1_30' title="bbox 2219 1427 3796 1510">
     <span class='ocr_line' id='line_1_30' title="bbox 2219 1427 3796 1510; baseline -0.01 -17"><span class='ocrx_word' id='word_1_195' title='bbox 2219 1439 2344 1510; x_wconf 87' lang='grc' dir='ltr'>θησι</span> <span class='ocrx_word' id='word_1_196' title='bbox 2364 1455 2379 1471; x_wconf 78' lang='grc' dir='ltr'><strong><em>ο</em></strong></span> <span class='ocrx_word' id='word_1_197' title='bbox 2409 1439 2470 1493; x_wconf 85' lang='grc' dir='ltr'>Τί</span> <span class='ocrx_word' id='word_1_198' title='bbox 2490 1435 2861 1506; x_wconf 82' lang='grc' dir='ltr'>θαυμαστὸν,</span> <span class='ocrx_word' id='word_1_199' title='bbox 2893 1433 3092 1502; x_wconf 87' lang='grc' dir='ltr'>λέγων,</span> <span class='ocrx_word' id='word_1_200' title='bbox 3113 1433 3167 1485; x_wconf 87' lang='lat' dir='ltr'><strong>el</strong></span> <span class='ocrx_word' id='word_1_201' title='bbox 3199 1429 3454 1499; x_wconf 76' lang='grc' dir='ltr'>Χριστὸς</span> <span class='ocrx_word' id='word_1_202' title='bbox 3484 1427 3796 1495; x_wconf 77' lang='grc' dir='ltr'>ἀληθεύει.</span> 
     </span>
    </p>
   </div>
   <div class='ocr_carea' id='block_1_31' title="bbox 2219 1518 3797 1600">
    <p class='ocr_par' dir='ltr' id='par_1_31' title="bbox 2219 1518 3797 1600">
     <span class='ocr_line' id='line_1_31' title="bbox 2219 1518 3797 1600; baseline -0.009 -15"><span class='ocrx_word' id='word_1_203' title='bbox 2219 1532 2319 1585; x_wconf 77' lang='grc' dir='ltr'>και</span> <span class='ocrx_word' id='word_1_204' title='bbox 2369 1529 2514 1596; x_wconf 83' lang='grc' dir='ltr'>τοὺς</span> <span class='ocrx_word' id='word_1_205' title='bbox 2569 1526 2839 1600; x_wconf 80' lang='grc' dir='ltr'>μαθητὰς</span> <span class='ocrx_word' id='word_1_206' title='bbox 2886 1526 2942 1580; x_wconf 82' lang='grc' dir='ltr'>οι</span> <span class='ocrx_word' id='word_1_207' title='bbox 2983 1523 3178 1578; x_wconf 80' lang='grc' dir='ltr'>ἄδικοι</span> <span class='ocrx_word' id='word_1_208' title='bbox 3221 1520 3342 1576; x_wconf 86' lang='grc' dir='ltr'>τῶν</span> <span class='ocrx_word' id='word_1_209' title='bbox 3395 1522 3636 1575; x_wconf 69' lang='grc' dir='ltr'>πόλεων</span> <span class='ocrx_word' id='word_1_210' title='bbox 3689 1518 3797 1582; x_wconf 74' lang='grc' dir='ltr'><strong>ἐξ·</strong></span> 
     </span>
    </p>
   </div>
   <div class='ocr_carea' id='block_1_32' title="bbox 2225 1611 3799 1688">
    <p class='ocr_par' dir='ltr' id='par_1_32' title="bbox 2225 1611 3799 1688">
     <span class='ocr_line' id='line_1_32' title="bbox 2225 1611 3799 1688; baseline -0.008 -12"><span class='ocrx_word' id='word_1_211' title='bbox 2225 1622 2622 1688; x_wconf 73' lang='grc' dir='ltr'>ελαύνουσιν,</span> <span class='ocrx_word' id='word_1_212' title='bbox 2649 1618 2820 1673; x_wconf 75' lang='grc' dir='ltr'>αὐτοὶ</span> <span class='ocrx_word' id='word_1_213' title='bbox 2866 1617 2940 1672; x_wconf 81' lang='grc' dir='ltr'>τὰ</span> <span class='ocrx_word' id='word_1_214' title='bbox 2969 1616 3098 1670; x_wconf 81' lang='grc' dir='ltr'>κατ’</span> <span class='ocrx_word' id='word_1_215' title='bbox 3133 1615 3316 1681; x_wconf 79' lang='grc' dir='ltr'>ἀξίαν</span> <span class='ocrx_word' id='word_1_216' title='bbox 3369 1612 3609 1678; x_wconf 78' lang='grc' dir='ltr'>ἑαυτοῖς</span> <span class='ocrx_word' id='word_1_217' title='bbox 3643 1611 3799 1666; x_wconf 72' lang='grc' dir='ltr'>ἀπο-</span> 
     </span>
    </p>
   </div>
   <div class='ocr_carea' id='block_1_33' title="bbox 2217 1701 3797 1784">
    <p class='ocr_par' dir='ltr' id='par_1_33' title="bbox 2217 1701 3797 1784">
     <span class='ocr_line' id='line_1_33' title="bbox 2217 1701 3797 1784; baseline -0.009 -16"><span class='ocrx_word' id='word_1_218' title='bbox 2217 1713 2528 1784; x_wconf 81' lang='grc' dir='ltr'>νέμοντες,</span> <span class='ocrx_word' id='word_1_219' title='bbox 2589 1711 2688 1765; x_wconf 77' lang='grc' dir='ltr'>καὶ</span> <span class='ocrx_word' id='word_1_220' title='bbox 2738 1709 2858 1763; x_wconf 82' lang='grc' dir='ltr'><strong>τῶν</strong></span> <span class='ocrx_word' id='word_1_221' title='bbox 2901 1709 3088 1778; x_wconf 75' lang='grc' dir='ltr'>ἁγίων</span> <span class='ocrx_word' id='word_1_222' title='bbox 3146 1709 3202 1761; x_wconf 82' lang='lat' dir='ltr'><strong>al</strong></span> <span class='ocrx_word' id='word_1_223' title='bbox 3254 1703 3495 1774; x_wconf 76' lang='grc' dir='ltr'><strong>ἐναγεῖς</strong></span> <span class='ocrx_word' id='word_1_224' title='bbox 3543 1701 3797 1758; x_wconf 74' lang='grc' dir='ltr'>ἀποδια-</span> 
     </span>
    </p>
   </div>
   <div class='ocr_carea' id='block_1_34' title="bbox 2225 1791 3798 1875">
    <p class='ocr_par' dir='ltr' id='par_1_34' title="bbox 2225 1791 3798 1875">
     <span class='ocr_line' id='line_1_34' title="bbox 2225 1791 3798 1875; baseline -0.011 -14"><span class='ocrx_word' id='word_1_225' title='bbox 2225 1807 2619 1875; x_wconf 77' lang='grc' dir='ltr'>στελλόμενοι</span> <span class='ocrx_word' id='word_1_226' title='bbox 2665 1802 2765 1856; x_wconf 79' lang='grc' dir='ltr'><strong>καί</strong></span> <span class='ocrx_word' id='word_1_227' title='bbox 2810 1799 3301 1870; x_wconf 72' lang='grc' dir='ltr'>ἀποφοιτῶντες;</span> <span class='ocrx_word' id='word_1_228' title='bbox 3331 1791 3463 1849; x_wconf 78' lang='grc' dir='ltr'>Εἶτα</span> <span class='ocrx_word' id='word_1_229' title='bbox 3513 1795 3606 1849; x_wconf 81' lang='grc' dir='ltr'>καὶ</span> <span class='ocrx_word' id='word_1_230' title='bbox 3655 1795 3798 1864; x_wconf 67' lang='grc' dir='ltr'>πρὸς</span> 
     </span>
    </p>
   </div>
   <div class='ocr_carea' id='block_1_35' title="bbox 2222 1886 3796 1968">
    <p class='ocr_par' dir='ltr' id='par_1_35' title="bbox 2222 1886 3796 1968">
     <span class='ocr_line' id='line_1_35' title="bbox 2222 1886 3796 1968; baseline -0.01 -17"><span class='ocrx_word' id='word_1_231' title='bbox 2222 1899 2371 1968; x_wconf 54' lang='lat' dir='ltr'><strong>avni}:</strong></span> <span class='ocrx_word' id='word_1_232' title='bbox 2403 1897 2479 1966; x_wconf 81' lang='grc' dir='ltr'>τῷ</span> <span class='ocrx_word' id='word_1_233' title='bbox 2519 1895 2618 1965; x_wconf 84' lang='grc' dir='ltr'>τῆς</span> <span class='ocrx_word' id='word_1_234' title='bbox 2651 1893 2945 1962; x_wconf 83' lang='grc' dir='ltr'>ἐπιστολῆς</span> <span class='ocrx_word' id='word_1_235' title='bbox 2983 1891 3127 1944; x_wconf 82' lang='grc' dir='ltr'>τέλει</span> <span class='ocrx_word' id='word_1_236' title='bbox 3190 1889 3366 1943; x_wconf 86' lang='grc' dir='ltr'>ταῦτα</span> <span class='ocrx_word' id='word_1_237' title='bbox 3395 1888 3490 1941; x_wconf 80' lang='grc' dir='ltr'>καὶ</span> <span class='ocrx_word' id='word_1_238' title='bbox 3521 1887 3650 1952; x_wconf 83' lang='grc' dir='ltr'>περὶ</span> <span class='ocrx_word' id='word_1_239' title='bbox 3683 1886 3796 1938; x_wconf 85' lang='grc' dir='ltr'><strong>τῶν</strong></span> 
     </span>
    </p>
   </div>
   <div class='ocr_carea' id='block_1_36' title="bbox 551 1977 2113 2070">
    <p class='ocr_par' dir='ltr' id='par_1_36' title="bbox 551 1977 2113 2070">
     <span class='ocr_line' id='line_1_36' title="bbox 551 1977 2113 2070; baseline 0.004 -22"><span class='ocrx_word' id='word_1_240' title='bbox 551 1996 709 2048; x_wconf 87' lang='lat' dir='ltr'><strong>etiam</strong></span> <span class='ocrx_word' id='word_1_241' title='bbox 744 1996 884 2066; x_wconf 87' lang='lat' dir='ltr'><strong>quod</strong></span> <span class='ocrx_word' id='word_1_242' title='bbox 935 1996 1232 2053; x_wconf 84' lang='lat' dir='ltr'><strong>liberandus</strong></span> <span class='ocrx_word' id='word_1_243' title='bbox 1251 1999 1320 2053; x_wconf 87' lang='lat' dir='ltr'><strong>sis</strong></span> <span class='ocrx_word' id='word_1_244' title='bbox 1362 2017 1389 2052; x_wconf 89' lang='lat' dir='ltr'><strong>e</strong></span> <span class='ocrx_word' id='word_1_245' title='bbox 1422 1999 1660 2053; x_wconf 85' lang='lat' dir='ltr'><strong>custodia</strong></span> <span class='ocrx_word' id='word_1_246' title='bbox 1687 1977 1793 2070; x_wconf 73' lang='lat' dir='ltr'><strong>qua</strong></span> <span class='ocrx_word' id='word_1_247' title='bbox 1827 2002 1879 2054; x_wconf 90' lang='lat' dir='ltr'><strong>in</strong></span> <span class='ocrx_word' id='word_1_248' title='bbox 1925 2002 2113 2054; x_wconf 75' lang='lat' dir='ltr'><strong>Palma</strong></span> 
     </span>
    </p>
   </div>
   <div class='ocr_carea' id='block_1_37' title="bbox 2217 1977 3794 2070">
    <p class='ocr_par' dir='ltr' id='par_1_37' title="bbox 2224 1977 3794 2070">
     <span class='ocr_line' id='line_1_37' title="bbox 2224 1977 3794 2070; baseline -0.008 -29"><span class='ocrx_word' id='word_1_249' title='bbox 2224 1987 2535 2059; x_wconf 78' lang='grc' dir='ltr'>μελλόντων</span> <span class='ocrx_word' id='word_1_250' title='bbox 2565 1983 3030 2054; x_wconf 81' lang='grc' dir='ltr'>ἐπισημαίνεται·</span> <span class='ocrx_word' id='word_1_251' title='bbox 3069 1981 3452 2046; x_wconf 76' lang='grc' dir='ltr'>Ἀειόπιστος</span> <span class='ocrx_word' id='word_1_252' title='bbox 3480 1979 3614 2047; x_wconf 76' lang='grc' dir='ltr'>γὰρ,</span> <span class='ocrx_word' id='word_1_253' title='bbox 3633 1977 3794 2070; x_wconf 72' lang='grc' dir='ltr'>φησὶ,</span> 
     </span>
    </p>
   </div>
   <div class='ocr_carea' id='block_1_38' title="bbox 547 2061 2113 2160">
    <p class='ocr_par' dir='ltr' id='par_1_38' title="bbox 547 2089 2113 2160">
     <span class='ocr_line' id='line_1_38' title="bbox 547 2089 2113 2160; baseline 0.003 -20"><span class='ocrx_word' id='word_1_254' title='bbox 547 2089 794 2150; x_wconf 76' lang='lat' dir='ltr'><strong>servaris,</strong></span> <span class='ocrx_word' id='word_1_255' title='bbox 825 2097 874 2141; x_wconf 87' lang='lat' dir='ltr'><strong>et</strong></span> <span class='ocrx_word' id='word_1_256' title='bbox 905 2089 959 2142; x_wconf 86' lang='lat' dir='ltr'><strong>in</strong></span> <span class='ocrx_word' id='word_1_257' title='bbox 994 2089 1287 2144; x_wconf 83' lang='lat' dir='ltr'><strong>Asiaticam</strong></span> <span class='ocrx_word' id='word_1_258' title='bbox 1320 2097 1519 2145; x_wconf 86' lang='lat' dir='ltr'><strong>terram</strong></span> <span class='ocrx_word' id='word_1_259' title='bbox 1572 2108 1897 2156; x_wconf 84' lang='lat' dir='ltr'><strong>reuersurus,</strong></span> <span class='ocrx_word' id='word_1_260' title='bbox 1940 2091 2113 2160; x_wconf 84' lang='lat' dir='ltr'><strong>ibique</strong></span> 
     </span>
    </p>
   </div>
   <div class='ocr_carea' id='block_1_39' title="bbox 2217 2061 3795 2160">
    <p class='ocr_par' dir='ltr' id='par_1_39' title="bbox 2217 2069 3795 2160">
     <span class='ocr_line' id='line_1_39' title="bbox 2217 2069 3795 2160; baseline -0.008 -27"><span class='ocrx_word' id='word_1_261' title='bbox 2217 2078 2458 2143; x_wconf 81' lang='grc' dir='ltr'>πάντως</span> <span class='ocrx_word' id='word_1_262' title='bbox 2489 2076 2604 2146; x_wconf 71' lang='grc' dir='ltr'>ειμι</span> <span class='ocrx_word' id='word_1_263' title='bbox 2637 2075 2711 2129; x_wconf 80' lang='grc' dir='ltr'>τὰ</span> <span class='ocrx_word' id='word_1_264' title='bbox 2735 2073 3205 2146; x_wconf 78' lang='grc' dir='ltr'>προεγνωσμένα</span> <span class='ocrx_word' id='word_1_265' title='bbox 3230 2089 3330 2128; x_wconf 85' lang='grc' dir='ltr'><strong>σοι</strong></span> <span class='ocrx_word' id='word_1_266' title='bbox 3355 2071 3453 2125; x_wconf 76' lang='grc' dir='ltr'>καὶ</span> <span class='ocrx_word' id='word_1_267' title='bbox 3490 2069 3695 2139; x_wconf 81' lang='grc' dir='ltr'>μαθὼν</span> <span class='ocrx_word' id='word_1_268' title='bbox 3722 2069 3795 2160; x_wconf 65' lang='grc' dir='ltr'><strong>ἐκ</strong></span> 
     </span>
    </p>
   </div>
   <div class='ocr_carea' id='block_1_40' title="bbox 548 2159 2113 2251">
    <p class='ocr_par' dir='ltr' id='par_1_40' title="bbox 548 2159 2113 2251">
     <span class='ocr_line' id='line_1_40' title="bbox 548 2159 2113 2251; baseline 0.001 -19"><span class='ocrx_word' id='word_1_269' title='bbox 548 2179 783 2248; x_wconf 81' lang='lat' dir='ltr'><strong>facturus</strong></span> <span class='ocrx_word' id='word_1_270' title='bbox 811 2179 932 2233; x_wconf 87' lang='lat' dir='ltr'><strong>boni</strong></span> <span class='ocrx_word' id='word_1_271' title='bbox 963 2177 1056 2234; x_wconf 86' lang='lat' dir='ltr'><strong>Dei</strong></span> <span class='ocrx_word' id='word_1_272' title='bbox 1083 2181 1401 2235; x_wconf 84' lang='lat' dir='ltr'><strong>imitationes</strong></span> <span class='ocrx_word' id='word_1_273' title='bbox 1425 2191 1475 2234; x_wconf 87' lang='lat' dir='ltr'><strong>et</strong></span> <span class='ocrx_word' id='word_1_274' title='bbox 1515 2183 1592 2236; x_wconf 88' lang='lat' dir='ltr'><strong>his</strong></span> <span class='ocrx_word' id='word_1_275' title='bbox 1619 2183 1708 2250; x_wconf 89' lang='lat' dir='ltr'><strong>qui</strong></span> <span class='ocrx_word' id='word_1_276' title='bbox 1733 2193 1782 2235; x_wconf 89' lang='lat' dir='ltr'><strong>te</strong></span> <span class='ocrx_word' id='word_1_277' title='bbox 1825 2159 2113 2251; x_wconf 84' lang='lat' dir='ltr'><strong>sequentur</strong></span> 
     </span>
    </p>
   </div>
   <div class='ocr_carea' id='block_1_41' title="bbox 2217 2159 3794 2251">
    <p class='ocr_par' dir='ltr' id='par_1_41' title="bbox 2219 2159 3794 2238">
     <span class='ocr_line' id='line_1_41' title="bbox 2219 2159 3794 2238; baseline -0.008 -11"><span class='ocrx_word' id='word_1_278' title='bbox 2219 2173 2368 2227; x_wconf 87' lang='grc' dir='ltr'><strong>Θεοῦ</strong></span> <span class='ocrx_word' id='word_1_279' title='bbox 2397 2169 2495 2224; x_wconf 79' lang='grc' dir='ltr'>καὶ</span> <span class='ocrx_word' id='word_1_280' title='bbox 2523 2167 2741 2238; x_wconf 65' lang='grc' dir='ltr'>λέγων,</span> <span class='ocrx_word' id='word_1_281' title='bbox 2777 2167 2868 2222; x_wconf 84' lang='grc' dir='ltr'>ὅτι</span> <span class='ocrx_word' id='word_1_282' title='bbox 2899 2166 2999 2221; x_wconf 79' lang='grc' dir='ltr'>καὶ</span> <span class='ocrx_word' id='word_1_283' title='bbox 3029 2165 3140 2233; x_wconf 81' lang='grc' dir='ltr'>τῆς</span> <span class='ocrx_word' id='word_1_284' title='bbox 3166 2166 3236 2220; x_wconf 78' lang='grc' dir='ltr'><strong>ἐν</strong></span> <span class='ocrx_word' id='word_1_285' title='bbox 3268 2164 3482 2233; x_wconf 83' lang='grc' dir='ltr'><em>Πάτμῳ</em></span> <span class='ocrx_word' id='word_1_286' title='bbox 3509 2159 3794 2232; x_wconf 69' lang='grc' dir='ltr'>φυλακῆς</span> 
     </span>
    </p>
   </div>
   <div class='ocr_carea' id='block_1_42' title="bbox 548 2253 2113 2341">
    <p class='ocr_par' dir='ltr' id='par_1_42' title="bbox 548 2268 2112 2341">
     <span class='ocr_line' id='line_1_42' title="bbox 548 2268 2112 2341; baseline 0.002 -20"><span class='ocrx_word' id='word_1_287' title='bbox 548 2268 876 2324; x_wconf 82' lang='lat' dir='ltr'><strong>traditiones.</strong></span> <span class='ocrx_word' id='word_1_288' title='bbox 926 2270 1031 2324; x_wconf 85' lang='lat' dir='ltr'><strong>Sed</strong></span> <span class='ocrx_word' id='word_1_289' title='bbox 1059 2271 1175 2325; x_wconf 67' lang='lat' dir='ltr'><strong>haec</strong></span> <span class='ocrx_word' id='word_1_290' title='bbox 1212 2271 1434 2340; x_wconf 88' lang='lat' dir='ltr'><strong>quidem</strong></span> <span class='ocrx_word' id='word_1_291' title='bbox 1470 2275 1813 2341; x_wconf 68' lang='lat' dir='ltr'><strong>postmodum</strong></span> <span class='ocrx_word' id='word_1_292' title='bbox 1849 2287 1948 2326; x_wconf 91' lang='lat' dir='ltr'><strong>suo</strong></span> <span class='ocrx_word' id='word_1_293' title='bbox 1977 2280 2112 2327; x_wconf 85' lang='lat' dir='ltr'><strong>tem-</strong></span> 
     </span>
    </p>
   </div>
   <div class='ocr_carea' id='block_1_43' title="bbox 2217 2253 3792 2341">
    <p class='ocr_par' dir='ltr' id='par_1_43' title="bbox 2217 2253 3792 2334">
     <span class='ocr_line' id='line_1_43' title="bbox 2217 2253 3792 2334; baseline -0.01 -16"><span class='ocrx_word' id='word_1_294' title='bbox 2217 2264 2498 2334; x_wconf 72' lang='grc' dir='ltr'>ἀφεθήσῃ</span> <span class='ocrx_word' id='word_1_295' title='bbox 2545 2259 2646 2314; x_wconf 75' lang='grc' dir='ltr'>καὶ</span> <span class='ocrx_word' id='word_1_296' title='bbox 2676 2263 2762 2326; x_wconf 81' lang='grc' dir='ltr'>εὶς</span> <span class='ocrx_word' id='word_1_297' title='bbox 2786 2258 2901 2327; x_wconf 81' lang='grc' dir='ltr'>τὴν</span> <span class='ocrx_word' id='word_1_298' title='bbox 2937 2256 3243 2312; x_wconf 80' lang='grc' dir='ltr'>Ἀσιάτιδα</span> <span class='ocrx_word' id='word_1_299' title='bbox 3286 2256 3406 2326; x_wconf 81' lang='grc' dir='ltr'><strong>τῆν</strong></span> <span class='ocrx_word' id='word_1_300' title='bbox 3444 2253 3792 2321; x_wconf 79' lang='grc' dir='ltr'><strong>ἐπανήξεις,</strong></span> 
     </span>
    </p>
   </div>
   <div class='ocr_carea' id='block_1_44' title="bbox 546 2345 2113 2432">
    <p class='ocr_par' dir='ltr' id='par_1_44' title="bbox 546 2361 2106 2432">
     <span class='ocr_line' id='line_1_44' title="bbox 546 2361 2106 2432; baseline 0.003 -20"><span class='ocrx_word' id='word_1_301' title='bbox 546 2374 682 2428; x_wconf 89' lang='lat' dir='ltr'><strong>pore</strong></span> <span class='ocrx_word' id='word_1_302' title='bbox 708 2361 1075 2429; x_wconf 86' lang='lat' dir='ltr'><strong>contigerunt,</strong></span> <span class='ocrx_word' id='word_1_303' title='bbox 1113 2377 1176 2415; x_wconf 82' lang='lat' dir='ltr'><strong>ac</strong></span> <span class='ocrx_word' id='word_1_304' title='bbox 1204 2364 1495 2416; x_wconf 88' lang='lat' dir='ltr'><strong>terminum</strong></span> <span class='ocrx_word' id='word_1_305' title='bbox 1530 2366 1743 2432; x_wconf 79' lang='lat' dir='ltr'><strong>accepit</strong></span> <span class='ocrx_word' id='word_1_306' title='bbox 1784 2364 2106 2418; x_wconf 81' lang='lat' dir='ltr'><strong>vaticinium</strong></span> 
     </span>
    </p>
   </div>
   <div class='ocr_carea' id='block_1_45' title="bbox 2217 2345 3793 2432">
    <p class='ocr_par' dir='ltr' id='par_1_45' title="bbox 2217 2345 3793 2422">
     <span class='ocr_line' id='line_1_45' title="bbox 2217 2345 3793 2422; baseline -0.009 -11"><span class='ocrx_word' id='word_1_307' title='bbox 2217 2355 2315 2411; x_wconf 76' lang='grc' dir='ltr'>καὶ</span> <span class='ocrx_word' id='word_1_308' title='bbox 2365 2355 2612 2422; x_wconf 81' lang='grc' dir='ltr'><strong>δράσεις</strong></span> <span class='ocrx_word' id='word_1_309' title='bbox 2655 2351 2785 2406; x_wconf 79' lang='grc' dir='ltr'>ἐκεῖ</span> <span class='ocrx_word' id='word_1_310' title='bbox 2813 2351 2921 2406; x_wconf 84' lang='grc' dir='ltr'><strong>τοῦ</strong></span> <span class='ocrx_word' id='word_1_311' title='bbox 2965 2349 3202 2419; x_wconf 79' lang='grc' dir='ltr'>ἀγαθοῦ</span> <span class='ocrx_word' id='word_1_312' title='bbox 3249 2347 3402 2402; x_wconf 83' lang='grc' dir='ltr'><strong>Θεοῦ</strong></span> <span class='ocrx_word' id='word_1_313' title='bbox 3454 2345 3793 2415; x_wconf 80' lang='grc' dir='ltr'>μιμήματα.</span> 
     </span>
    </p>
   </div>
   <div class='ocr_carea' id='block_1_46' title="bbox 551 2436 2113 2521">
    <p class='ocr_par' dir='ltr' id='par_1_46' title="bbox 551 2449 2113 2521">
     <span class='ocr_line' id='line_1_46' title="bbox 551 2449 2113 2521; baseline 0.006 -19"><span class='ocrx_word' id='word_1_314' title='bbox 551 2449 1038 2521; x_wconf 88' lang='lat' dir='ltr'><strong>(quemadmodum</strong></span> <span class='ocrx_word' id='word_1_315' title='bbox 1075 2452 1126 2505; x_wconf 93' lang='lat' dir='ltr'><strong>in</strong></span> <span class='ocrx_word' id='word_1_316' title='bbox 1153 2452 1511 2521; x_wconf 89' lang='lat' dir='ltr'><strong>sequentibus</strong></span> <span class='ocrx_word' id='word_1_317' title='bbox 1540 2468 1720 2508; x_wconf 89' lang='lat' dir='ltr'><strong>sermo</strong></span> <span class='ocrx_word' id='word_1_318' title='bbox 1765 2454 2113 2512; x_wconf 82' lang='lat' dir='ltr'><strong>manifestare</strong></span> 
     </span>
    </p>
   </div>
   <div class='ocr_carea' id='block_1_47' title="bbox 2217 2436 3797 2521">
    <p class='ocr_par' dir='ltr' id='par_1_47' title="bbox 2217 2436 3797 2514">
     <span class='ocr_line' id='line_1_47' title="bbox 2217 2436 3797 2514; baseline -0.008 -13"><span class='ocrx_word' id='word_1_319' title='bbox 2217 2448 2314 2502; x_wconf 80' lang='grc' dir='ltr'>καὶ</span> <span class='ocrx_word' id='word_1_320' title='bbox 2348 2447 2475 2512; x_wconf 83' lang='grc' dir='ltr'>τοῖς</span> <span class='ocrx_word' id='word_1_321' title='bbox 2499 2443 2652 2514; x_wconf 81' lang='grc' dir='ltr'><strong>μετά</strong></span> <span class='ocrx_word' id='word_1_322' title='bbox 2695 2443 2772 2497; x_wconf 83' lang='grc' dir='ltr'>σὲ</span> <span class='ocrx_word' id='word_1_323' title='bbox 2816 2441 3220 2512; x_wconf 78' lang='grc' dir='ltr'>παραδώσεις.</span> <span class='ocrx_word' id='word_1_324' title='bbox 3267 2438 3430 2494; x_wconf 80' lang='grc' dir='ltr'>Ἀλλὰ</span> <span class='ocrx_word' id='word_1_325' title='bbox 3480 2438 3658 2492; x_wconf 86' lang='grc' dir='ltr'>ταῦτα</span> <span class='ocrx_word' id='word_1_326' title='bbox 3693 2436 3797 2506; x_wconf 76' lang='grc' dir='ltr'>μὲν</span> 
     </span>
    </p>
   </div>
   <div class='ocr_carea' id='block_1_48' title="bbox 545 2530 2113 2617">
    <p class='ocr_par' dir='ltr' id='par_1_48' title="bbox 545 2541 2113 2617">
     <span class='ocr_line' id='line_1_48' title="bbox 545 2541 2113 2617; baseline 0.006 -24"><span class='ocrx_word' id='word_1_327' title='bbox 545 2541 818 2612; x_wconf 89' lang='lat' dir='ltr'><strong>poterit);</strong></span> <span class='ocrx_word' id='word_1_328' title='bbox 859 2557 983 2597; x_wconf 89' lang='lat' dir='ltr'><strong>cum</strong></span> <span class='ocrx_word' id='word_1_329' title='bbox 1009 2543 1118 2614; x_wconf 88' lang='lat' dir='ltr'><strong>jam</strong></span> <span class='ocrx_word' id='word_1_330' title='bbox 1155 2544 1468 2615; x_wconf 86' lang='lat' dir='ltr'><strong>Dionysius.</strong></span> <span class='ocrx_word' id='word_1_331' title='bbox 1515 2545 1616 2600; x_wconf 89' lang='lat' dir='ltr'><strong>sub</strong></span> <span class='ocrx_word' id='word_1_332' title='bbox 1657 2545 1980 2612; x_wconf 87' lang='lat' dir='ltr'><strong>Domitiano,</strong></span> <span class='ocrx_word' id='word_1_333' title='bbox 2014 2564 2113 2617; x_wconf 93' lang='lat' dir='ltr'><strong>pro</strong></span> 
     </span>
    </p>
   </div>
   <div class='ocr_carea' id='block_1_49' title="bbox 2217 2530 3794 2617">
    <p class='ocr_par' dir='ltr' id='par_1_49' title="bbox 2217 2530 3794 2611">
     <span class='ocr_line' id='line_1_49' title="bbox 2217 2530 3794 2611; baseline -0.006 -20"><span class='ocrx_word' id='word_1_334' title='bbox 2217 2537 2396 2611; x_wconf 85' lang='grc' dir='ltr'>χρόνῳ</span> <span class='ocrx_word' id='word_1_335' title='bbox 2426 2537 2656 2605; x_wconf 76' lang='grc' dir='ltr'>ὕστερον</span> <span class='ocrx_word' id='word_1_336' title='bbox 2690 2534 2876 2606; x_wconf 80' lang='grc' dir='ltr'>ἐξέϐη,</span> <span class='ocrx_word' id='word_1_337' title='bbox 2903 2534 3000 2588; x_wconf 78' lang='grc' dir='ltr'>καὶ</span> <span class='ocrx_word' id='word_1_338' title='bbox 3025 2533 3202 2604; x_wconf 76' lang='grc' dir='ltr'>πέρας</span> <span class='ocrx_word' id='word_1_339' title='bbox 3229 2530 3388 2602; x_wconf 72' lang='grc' dir='ltr'>ἔσχεν</span> <span class='ocrx_word' id='word_1_340' title='bbox 3411 2531 3445 2601; x_wconf 75' lang='grc' dir='ltr'><strong>ἡ</strong></span> <span class='ocrx_word' id='word_1_341' title='bbox 3483 2531 3794 2601; x_wconf 69' lang='grc' dir='ltr'>πρόρρησις</span> 
     </span>
    </p>
   </div>
   <div class='ocr_carea' id='block_1_50' title="bbox 544 2627 2113 2706">
    <p class='ocr_par' dir='ltr' id='par_1_50' title="bbox 544 2631 2109 2706">
     <span class='ocr_line' id='line_1_50' title="bbox 544 2631 2109 2706; baseline 0.003 -18"><span class='ocrx_word' id='word_1_342' title='bbox 544 2631 764 2688; x_wconf 87' lang='lat' dir='ltr'><strong>Christo</strong></span> <span class='ocrx_word' id='word_1_343' title='bbox 796 2633 957 2688; x_wconf 83' lang='lat' dir='ltr'><strong>vitam</strong></span> <span class='ocrx_word' id='word_1_344' title='bbox 1005 2635 1268 2706; x_wconf 82' lang='lat' dir='ltr'><strong>martyrio</strong></span> <span class='ocrx_word' id='word_1_345' title='bbox 1309 2634 1537 2692; x_wconf 83' lang='lat' dir='ltr'><strong>ﬁnisset.</strong></span> <span class='ocrx_word' id='word_1_346' title='bbox 1583 2635 1714 2703; x_wconf 66' lang='lat' dir='ltr'><strong>Quae</strong></span> <span class='ocrx_word' id='word_1_347' title='bbox 1755 2647 1884 2692; x_wconf 90' lang='lat' dir='ltr'><strong>sunt</strong></span> <span class='ocrx_word' id='word_1_348' title='bbox 1925 2651 2109 2695; x_wconf 86' lang='lat' dir='ltr'><strong>autem</strong></span> 
     </span>
    </p>
   </div>
   <div class='ocr_carea' id='block_1_51' title="bbox 2217 2627 3794 2706">
    <p class='ocr_par' dir='ltr' id='par_1_51' title="bbox 2217 2627 3794 2704">
     <span class='ocr_line' id='line_1_51' title="bbox 2217 2627 3794 2704; baseline -0.004 -17"><span class='ocrx_word' id='word_1_349' title='bbox 2217 2634 2312 2704; x_wconf 82' lang='grc' dir='ltr'>(ὡς</span> <span class='ocrx_word' id='word_1_350' title='bbox 2345 2636 2403 2686; x_wconf 80' lang='grc' dir='ltr'><strong>ἐν</strong></span> <span class='ocrx_word' id='word_1_351' title='bbox 2433 2636 2545 2697; x_wconf 83' lang='grc' dir='ltr'>τοῖς</span> <span class='ocrx_word' id='word_1_352' title='bbox 2585 2633 2718 2703; x_wconf 81' lang='grc' dir='ltr'>ἐξῆς</span> <span class='ocrx_word' id='word_1_353' title='bbox 2761 2635 2788 2686; x_wconf 89' lang='lat'><strong>6</strong></span> <span class='ocrx_word' id='word_1_354' title='bbox 2819 2632 2977 2700; x_wconf 85' lang='grc' dir='ltr'>λόγος</span> <span class='ocrx_word' id='word_1_355' title='bbox 3003 2628 3344 2702; x_wconf 79' lang='grc' dir='ltr'>δηλώσειεν),</span> <span class='ocrx_word' id='word_1_356' title='bbox 3377 2627 3476 2699; x_wconf 69' lang='grc' dir='ltr'>ἤδη</span> <span class='ocrx_word' id='word_1_357' title='bbox 3505 2627 3794 2680; x_wconf 84' lang='grc' dir='ltr'>Διονυσίου</span> 
     </span>
    </p>
   </div>
   <div class='ocr_carea' id='block_1_52' title="bbox 547 2720 2113 2796">
    <p class='ocr_par' dir='ltr' id='par_1_52' title="bbox 547 2725 2108 2796">
     <span class='ocr_line' id='line_1_52' title="bbox 547 2725 2108 2796; baseline 0.003 -16"><span class='ocrx_word' id='word_1_358' title='bbox 547 2725 690 2780; x_wconf 77' lang='lat' dir='ltr'><strong>facta</strong></span> <span class='ocrx_word' id='word_1_359' title='bbox 726 2733 852 2796; x_wconf 90' lang='lat' dir='ltr'><strong>post</strong></span> <span class='ocrx_word' id='word_1_360' title='bbox 882 2726 1038 2781; x_wconf 80' lang='lat' dir='ltr'><strong>haec?</strong></span> <span class='ocrx_word' id='word_1_361' title='bbox 1067 2725 1374 2782; x_wconf 86' lang='lat' dir='ltr'><strong>Domitiano</strong></span> <span class='ocrx_word' id='word_1_362' title='bbox 1405 2743 1472 2782; x_wconf 85' lang='lat' dir='ltr'><strong>ex</strong></span> <span class='ocrx_word' id='word_1_363' title='bbox 1509 2727 1827 2784; x_wconf 89' lang='lat' dir='ltr'><strong>hominibus</strong></span> <span class='ocrx_word' id='word_1_364' title='bbox 1869 2729 2108 2795; x_wconf 88' lang='lat' dir='ltr'><strong>sublato,</strong></span> 
     </span>
    </p>
   </div>
   <div class='ocr_carea' id='block_1_53' title="bbox 2217 2720 3795 2796">
    <p class='ocr_par' dir='ltr' id='par_1_53' title="bbox 2220 2720 3795 2796">
     <span class='ocr_line' id='line_1_53' title="bbox 2220 2720 3795 2796; baseline -0.006 -17"><span class='ocrx_word' id='word_1_365' title='bbox 2220 2726 2370 2796; x_wconf 80' lang='grc' dir='ltr'>παρὰ</span> <span class='ocrx_word' id='word_1_366' title='bbox 2404 2725 2735 2795; x_wconf 76' lang='grc' dir='ltr'>Δομετιανοῦ</span> <span class='ocrx_word' id='word_1_367' title='bbox 2793 2723 2873 2795; x_wconf 85' lang='grc' dir='ltr'>τῷ</span> <span class='ocrx_word' id='word_1_368' title='bbox 2899 2723 3040 2794; x_wconf 78' lang='grc' dir='ltr'>ὑπὲρ</span> <span class='ocrx_word' id='word_1_369' title='bbox 3097 2720 3338 2793; x_wconf 81' lang='grc' dir='ltr'>Χριστοῦ</span> <span class='ocrx_word' id='word_1_370' title='bbox 3386 2721 3674 2790; x_wconf 77' lang='grc' dir='ltr'>μαρτυρίῳ</span> <span class='ocrx_word' id='word_1_371' title='bbox 3708 2736 3795 2772; x_wconf 87' lang='grc' dir='ltr'>τε-</span> 
     </span>
    </p>
   </div>
   <div class='ocr_carea' id='block_1_54' title="bbox 542 2811 2113 2892">
    <p class='ocr_par' dir='ltr' id='par_1_54' title="bbox 542 2818 2113 2892">
     <span class='ocr_line' id='line_1_54' title="bbox 542 2818 2113 2892; baseline 0.003 -16"><span class='ocrx_word' id='word_1_372' title='bbox 542 2818 722 2876; x_wconf 81' lang='lat' dir='ltr'><strong>Nerva</strong></span> <span class='ocrx_word' id='word_1_373' title='bbox 749 2820 804 2876; x_wconf 93' lang='lat' dir='ltr'><strong>in</strong></span> <span class='ocrx_word' id='word_1_374' title='bbox 829 2819 1059 2892; x_wconf 83' lang='lat' dir='ltr'><strong>imperio</strong></span> <span class='ocrx_word' id='word_1_375' title='bbox 1087 2822 1352 2878; x_wconf 85' lang='lat' dir='ltr'><strong>succedit:</strong></span> <span class='ocrx_word' id='word_1_376' title='bbox 1381 2831 1438 2878; x_wconf 88' lang='lat' dir='ltr'><strong>et</strong></span> <span class='ocrx_word' id='word_1_377' title='bbox 1467 2823 1847 2880; x_wconf 85' lang='lat' dir='ltr'><strong>condemnatis</strong></span> <span class='ocrx_word' id='word_1_378' title='bbox 1881 2825 1936 2880; x_wconf 92' lang='lat' dir='ltr'><strong>in</strong></span> <span class='ocrx_word' id='word_1_379' title='bbox 1967 2827 2113 2881; x_wconf 80' lang='lat' dir='ltr'><strong>exsi-</strong></span> 
     </span>
    </p>
   </div>
   <div class='ocr_carea' id='block_1_55' title="bbox 2217 2811 3795 2892">
    <p class='ocr_par' dir='ltr' id='par_1_55' title="bbox 2217 2811 3795 2881">
     <span class='ocr_line' id='line_1_55' title="bbox 2217 2811 3795 2881; baseline -0.004 -11"><span class='ocrx_word' id='word_1_380' title='bbox 2217 2818 2556 2880; x_wconf 82' lang='grc' dir='ltr'>λειωθέντος.</span> <span class='ocrx_word' id='word_1_381' title='bbox 2595 2817 2728 2870; x_wconf 87' lang='grc' dir='ltr'>Τίνα</span> <span class='ocrx_word' id='word_1_382' title='bbox 2753 2816 2809 2870; x_wconf 84' lang='grc' dir='ltr'>δὲ</span> <span class='ocrx_word' id='word_1_383' title='bbox 2837 2814 2906 2870; x_wconf 81' lang='grc' dir='ltr'><strong>τὰ</strong></span> <span class='ocrx_word' id='word_1_384' title='bbox 2960 2816 3054 2868; x_wconf 83' lang='grc' dir='ltr'>ἐπὶ</span> <span class='ocrx_word' id='word_1_385' title='bbox 3087 2813 3337 2880; x_wconf 76' lang='grc' dir='ltr'>τούτοιςς</span> <span class='ocrx_word' id='word_1_386' title='bbox 3372 2812 3706 2881; x_wconf 80' lang='grc' dir='ltr'>Δομετιανὸς</span> <span class='ocrx_word' id='word_1_387' title='bbox 3730 2811 3795 2879; x_wconf 81' lang='grc' dir='ltr'>ἐξ</span> 
     </span>
    </p>
   </div>
   <div class='ocr_carea' id='block_1_56' title="bbox 542 2904 2113 2986">
    <p class='ocr_par' dir='ltr' id='par_1_56' title="bbox 542 2911 2113 2986">
     <span class='ocr_line' id='line_1_56' title="bbox 542 2911 2113 2986; baseline 0.003 -19"><span class='ocrx_word' id='word_1_388' title='bbox 542 2911 700 2977; x_wconf 89' lang='lat' dir='ltr'><strong>lium,</strong></span> <span class='ocrx_word' id='word_1_389' title='bbox 730 2921 985 2983; x_wconf 86' lang='lat' dir='ltr'><strong>tanquam</strong></span> <span class='ocrx_word' id='word_1_390' title='bbox 1025 2913 1295 2986; x_wconf 83' lang='lat' dir='ltr'><strong>benignus</strong></span> <span class='ocrx_word' id='word_1_391' title='bbox 1323 2924 1379 2969; x_wconf 90' lang='lat' dir='ltr'><strong>et</strong></span> <span class='ocrx_word' id='word_1_392' title='bbox 1427 2915 1722 2981; x_wconf 84' lang='lat' dir='ltr'><strong>humanus,</strong></span> <span class='ocrx_word' id='word_1_393' title='bbox 1751 2916 1920 2971; x_wconf 91' lang='lat' dir='ltr'><strong>donat</strong></span> <span class='ocrx_word' id='word_1_394' title='bbox 1955 2933 2113 2972; x_wconf 82' lang='lat' dir='ltr'><strong>revo-</strong></span> 
     </span>
    </p>
   </div>
   <div class='ocr_carea' id='block_1_57' title="bbox 2217 2904 3795 2986">
    <p class='ocr_par' dir='ltr' id='par_1_57' title="bbox 2217 2904 3795 2981">
     <span class='ocr_line' id='line_1_57' title="bbox 2217 2904 3795 2981; baseline -0.005 -17"><span class='ocrx_word' id='word_1_395' title='bbox 2217 2908 2540 2981; x_wconf 81' lang='grc' dir='ltr'>ἀνθρὼπων,</span> <span class='ocrx_word' id='word_1_396' title='bbox 2597 2909 2692 2962; x_wconf 75' lang='grc' dir='ltr'>καὶ</span> <span class='ocrx_word' id='word_1_397' title='bbox 2719 2907 2967 2976; x_wconf 82' lang='grc' dir='ltr'>Νερούας</span> <span class='ocrx_word' id='word_1_398' title='bbox 3000 2904 3100 2977; x_wconf 81' lang='grc' dir='ltr'>τὴν</span> <span class='ocrx_word' id='word_1_399' title='bbox 3127 2904 3304 2978; x_wconf 75' lang='grc' dir='ltr'>ἀρχὴν</span> <span class='ocrx_word' id='word_1_400' title='bbox 3325 2905 3655 2976; x_wconf 83' lang='grc' dir='ltr'>διαδέχεται,</span> <span class='ocrx_word' id='word_1_401' title='bbox 3679 2906 3795 2968; x_wconf 84' lang='grc' dir='ltr'>τοῖς</span> 
     </span>
    </p>
   </div>
   <div class='ocr_carea' id='block_1_58' title="bbox 543 2991 2113 3073">
    <p class='ocr_par' dir='ltr' id='par_1_58' title="bbox 543 2999 2108 3073">
     <span class='ocr_line' id='line_1_58' title="bbox 543 2999 2108 3073; baseline 0.005 -20"><span class='ocrx_word' id='word_1_402' title='bbox 543 2999 838 3054; x_wconf 88' lang='lat' dir='ltr'><strong>cationem.</strong></span> <span class='ocrx_word' id='word_1_403' title='bbox 872 2999 986 3054; x_wconf 86' lang='lat' dir='ltr'><strong>Nec</strong></span> <span class='ocrx_word' id='word_1_404' title='bbox 1009 3007 1180 3057; x_wconf 87' lang='lat' dir='ltr'><strong>multo</strong></span> <span class='ocrx_word' id='word_1_405' title='bbox 1206 3012 1328 3071; x_wconf 83' lang='lat' dir='ltr'><strong>post</strong></span> <span class='ocrx_word' id='word_1_406' title='bbox 1367 3014 1615 3073; x_wconf 89' lang='lat' dir='ltr'><strong>tempore</strong></span> <span class='ocrx_word' id='word_1_407' title='bbox 1664 3003 1935 3073; x_wconf 83' lang='lat' dir='ltr'><strong>Trajanus</strong></span> <span class='ocrx_word' id='word_1_408' title='bbox 1986 3021 2108 3062; x_wconf 84' lang='lat' dir='ltr'><strong>sce-</strong></span> 
     </span>
    </p>
   </div>
   <div class='ocr_carea' id='block_1_59' title="bbox 2217 2991 3794 3073">
    <p class='ocr_par' dir='ltr' id='par_1_59' title="bbox 2217 2991 3794 3070">
     <span class='ocr_line' id='line_1_59' title="bbox 2217 2991 3794 3070; baseline -0.001 -19"><span class='ocrx_word' id='word_1_409' title='bbox 2217 2998 2523 3070; x_wconf 82' lang='grc' dir='ltr'>ὐπερορίαν</span> <span class='ocrx_word' id='word_1_410' title='bbox 2557 2998 3036 3067; x_wconf 84' lang='grc' dir='ltr'>καταγνωσθεῖσιν</span> <span class='ocrx_word' id='word_1_411' title='bbox 3063 2991 3150 3051; x_wconf 79' lang='grc' dir='ltr'>οἷα</span> <span class='ocrx_word' id='word_1_412' title='bbox 3195 2997 3577 3068; x_wconf 67' lang='grc' dir='ltr'>φιλάιιθρωπος</span> <span class='ocrx_word' id='word_1_413' title='bbox 3613 3012 3794 3068; x_wconf 79' lang='grc' dir='ltr'>χειριο</span> 
     </span>
    </p>
   </div>
   <div class='ocr_carea' id='block_1_60' title="bbox 543 3088 2113 3164">
    <p class='ocr_par' dir='ltr' id='par_1_60' title="bbox 543 3088 2108 3164">
     <span class='ocr_line' id='line_1_60' title="bbox 543 3088 2108 3164; baseline 0.005 -19"><span class='ocrx_word' id='word_1_414' title='bbox 543 3099 664 3162; x_wconf 91' lang='lat' dir='ltr'><strong>ptra</strong></span> <span class='ocrx_word' id='word_1_415' title='bbox 715 3088 954 3146; x_wconf 81' lang='lat' dir='ltr'><strong>Romana</strong></span> <span class='ocrx_word' id='word_1_416' title='bbox 1015 3093 1264 3164; x_wconf 84' lang='lat' dir='ltr'><strong>suscipit.</strong></span> <span class='ocrx_word' id='word_1_417' title='bbox 1304 3104 1358 3150; x_wconf 91' lang='lat' dir='ltr'><strong>et</strong></span> <span class='ocrx_word' id='word_1_418' title='bbox 1402 3095 1755 3152; x_wconf 85' lang='lat' dir='ltr'><strong>consecutive</strong></span> <span class='ocrx_word' id='word_1_419' title='bbox 1809 3097 2108 3153; x_wconf 85' lang='lat' dir='ltr'><strong>humanum</strong></span> 
     </span>
    </p>
   </div>
   <div class='ocr_carea' id='block_1_61' title="bbox 2217 3088 3793 3164">
    <p class='ocr_par' dir='ltr' id='par_1_61' title="bbox 2217 3089 3793 3162">
     <span class='ocr_line' id='line_1_61' title="bbox 2217 3089 3793 3162; baseline -0.002 -18"><span class='ocrx_word' id='word_1_420' title='bbox 2217 3090 2446 3161; x_wconf 75' lang='grc' dir='ltr'>ζόμενος</span> <span class='ocrx_word' id='word_1_421' title='bbox 2469 3090 2570 3161; x_wconf 80' lang='grc' dir='ltr'>τὴν</span> <span class='ocrx_word' id='word_1_422' title='bbox 2597 3090 2920 3160; x_wconf 80' lang='grc' dir='ltr'>ἀνάκλησιν.</span> <span class='ocrx_word' id='word_1_423' title='bbox 2958 3090 3035 3144; x_wconf 84' lang='lat' dir='ltr'><strong>O6</strong></span> <span class='ocrx_word' id='word_1_424' title='bbox 3069 3089 3274 3162; x_wconf 82' lang='grc' dir='ltr'>βραχὺς</span> <span class='ocrx_word' id='word_1_425' title='bbox 3311 3089 3339 3142; x_wconf 87' lang='lat'><strong>6</strong></span> <span class='ocrx_word' id='word_1_426' title='bbox 3370 3091 3429 3143; x_wconf 86' lang='grc' dir='ltr'><strong>ἐν</strong></span> <span class='ocrx_word' id='word_1_427' title='bbox 3462 3089 3616 3160; x_wconf 83' lang='grc' dir='ltr'><strong>μέσῳ</strong></span> <span class='ocrx_word' id='word_1_428' title='bbox 3665 3105 3793 3143; x_wconf 74' lang='lat' dir='ltr'><strong>ttat-</strong></span> 
     </span>
    </p>
   </div>
   <div class='ocr_carea' id='block_1_62' title="bbox 541 3181 2113 3258">
    <p class='ocr_par' dir='ltr' id='par_1_62' title="bbox 541 3184 2112 3258">
     <span class='ocr_line' id='line_1_62' title="bbox 541 3184 2112 3258; baseline 0.003 -18"><span class='ocrx_word' id='word_1_429' title='bbox 541 3184 834 3242; x_wconf 85' lang='lat' dir='ltr'><strong>contlrmat</strong></span> <span class='ocrx_word' id='word_1_430' title='bbox 878 3186 1140 3251; x_wconf 89' lang='lat' dir='ltr'><strong>edictum,</strong></span> <span class='ocrx_word' id='word_1_431' title='bbox 1199 3202 1464 3243; x_wconf 83' lang='lat' dir='ltr'><strong>revocans</strong></span> <span class='ocrx_word' id='word_1_432' title='bbox 1505 3203 1603 3244; x_wconf 89' lang='lat' dir='ltr'><strong>eos</strong></span> <span class='ocrx_word' id='word_1_433' title='bbox 1664 3189 1757 3258; x_wconf 93' lang='lat' dir='ltr'><strong>qui</strong></span> <span class='ocrx_word' id='word_1_434' title='bbox 1821 3190 1877 3244; x_wconf 90' lang='lat' dir='ltr'><strong>in</strong></span> <span class='ocrx_word' id='word_1_435' title='bbox 1915 3189 2112 3246; x_wconf 80' lang='lat' dir='ltr'><strong>exsilio</strong></span> 
     </span>
    </p>
   </div>
   <div class='ocr_carea' id='block_1_63' title="bbox 2217 3181 3793 3258">
    <p class='ocr_par' dir='ltr' id='par_1_63' title="bbox 2217 3181 3793 3258">
     <span class='ocr_line' id='line_1_63' title="bbox 2217 3181 3793 3258; baseline -0.004 -20"><span class='ocrx_word' id='word_1_436' title='bbox 2217 3184 2332 3258; x_wconf 77' lang='grc' dir='ltr'>ρὺς,</span> <span class='ocrx_word' id='word_1_437' title='bbox 2370 3187 2464 3237; x_wconf 77' lang='grc' dir='ltr'>καὶ</span> <span class='ocrx_word' id='word_1_438' title='bbox 2485 3184 2554 3237; x_wconf 73' lang='grc' dir='ltr'><strong>τὰ</strong></span> <span class='ocrx_word' id='word_1_439' title='bbox 2590 3183 2881 3253; x_wconf 83' lang='grc' dir='ltr'>Ῥωμαίων</span> <span class='ocrx_word' id='word_1_440' title='bbox 2917 3183 3172 3254; x_wconf 78' lang='grc' dir='ltr'>σκῆπτρα</span> <span class='ocrx_word' id='word_1_441' title='bbox 3226 3181 3498 3252; x_wconf 82' lang='grc' dir='ltr'>Τραϊανὸς</span> <span class='ocrx_word' id='word_1_442' title='bbox 3533 3181 3793 3252; x_wconf 78' lang='grc' dir='ltr'>ἀναδέχε-</span> 
     </span>
    </p>
   </div>
   <div class='ocr_carea' id='block_1_64' title="bbox 540 3274 2113 3350">
    <p class='ocr_par' dir='ltr' id='par_1_64' title="bbox 540 3275 2110 3350">
     <span class='ocr_line' id='line_1_64' title="bbox 540 3275 2110 3350; baseline 0.004 -20"><span class='ocrx_word' id='word_1_443' title='bbox 540 3285 724 3330; x_wconf 82' lang='lat' dir='ltr'><strong>erant.</strong></span> <span class='ocrx_word' id='word_1_444' title='bbox 761 3275 1039 3332; x_wconf 86' lang='lat' dir='ltr'><strong>Venerunt</strong></span> <span class='ocrx_word' id='word_1_445' title='bbox 1082 3293 1214 3348; x_wconf 84' lang='lat' dir='ltr'><strong>ergo</strong></span> <span class='ocrx_word' id='word_1_446' title='bbox 1263 3287 1320 3333; x_wconf 90' lang='lat' dir='ltr'><strong>et</strong></span> <span class='ocrx_word' id='word_1_447' title='bbox 1369 3279 1426 3333; x_wconf 91' lang='lat' dir='ltr'><strong>in</strong></span> <span class='ocrx_word' id='word_1_448' title='bbox 1475 3279 1707 3335; x_wconf 88' lang='lat' dir='ltr'><strong>Patmon</strong></span> <span class='ocrx_word' id='word_1_449' title='bbox 1764 3280 2110 3350; x_wconf 88' lang='lat' dir='ltr'><strong>imperatoris</strong></span> 
     </span>
    </p>
   </div>
   <div class='ocr_carea' id='block_1_65' title="bbox 2217 3274 3794 3350">
    <p class='ocr_par' dir='ltr' id='par_1_65' title="bbox 2217 3274 3794 3348">
     <span class='ocr_line' id='line_1_65' title="bbox 2217 3274 3794 3348; baseline -0.002 -17"><span class='ocrx_word' id='word_1_450' title='bbox 2217 3295 2330 3347; x_wconf 72' lang='grc' dir='ltr'>ται,</span> <span class='ocrx_word' id='word_1_451' title='bbox 2362 3278 2458 3330; x_wconf 76' lang='grc' dir='ltr'>καὶ</span> <span class='ocrx_word' id='word_1_452' title='bbox 2486 3276 2796 3340; x_wconf 74' lang='grc' dir='ltr'><strong>ἀκολούθως</strong></span> <span class='ocrx_word' id='word_1_453' title='bbox 2839 3277 3098 3348; x_wconf 86' lang='grc' dir='ltr'>ἐπικυροῖ</span> <span class='ocrx_word' id='word_1_454' title='bbox 3127 3276 3189 3328; x_wconf 79' lang='grc' dir='ltr'><strong>τδ</strong></span> <span class='ocrx_word' id='word_1_455' title='bbox 3222 3274 3632 3346; x_wconf 79' lang='grc' dir='ltr'>φιλάνθρωπον,</span> <span class='ocrx_word' id='word_1_456' title='bbox 3663 3276 3794 3336; x_wconf 83' lang='grc' dir='ltr'>τοὺς</span> 
     </span>
    </p>
   </div>
   <div class='ocr_carea' id='block_1_66' title="bbox 542 3361 2113 3447">
    <p class='ocr_par' dir='ltr' id='par_1_66' title="bbox 542 3367 2113 3443">
     <span class='ocr_line' id='line_1_66' title="bbox 542 3367 2113 3443; baseline 0.003 -21"><span class='ocrx_word' id='word_1_457' title='bbox 542 3367 746 3432; x_wconf 89' lang='lat' dir='ltr'><strong>edicta,</strong></span> <span class='ocrx_word' id='word_1_458' title='bbox 777 3368 930 3422; x_wconf 83' lang='lat' dir='ltr'><strong>venit</strong></span> <span class='ocrx_word' id='word_1_459' title='bbox 953 3377 1010 3424; x_wconf 91' lang='lat' dir='ltr'><strong>et</strong></span> <span class='ocrx_word' id='word_1_460' title='bbox 1032 3368 1101 3424; x_wconf 86' lang='lat' dir='ltr'><strong>ad</strong></span> <span class='ocrx_word' id='word_1_461' title='bbox 1137 3370 1402 3426; x_wconf 83' lang='lat' dir='ltr'><strong>Joannem</strong></span> <span class='ocrx_word' id='word_1_462' title='bbox 1443 3375 1740 3429; x_wconf 83' lang='lat' dir='ltr'><strong>revocatio.</strong></span> <span class='ocrx_word' id='word_1_463' title='bbox 1768 3373 1837 3428; x_wconf 88' lang='lat' dir='ltr'><strong>Et</strong></span> <span class='ocrx_word' id='word_1_464' title='bbox 1866 3373 1957 3428; x_wconf 90' lang='lat' dir='ltr'><strong>ille</strong></span> <span class='ocrx_word' id='word_1_465' title='bbox 1985 3374 2113 3443; x_wconf 89' lang='lat' dir='ltr'><strong>qui-</strong></span> 
     </span>
    </p>
   </div>
   <div class='ocr_carea' id='block_1_67' title="bbox 2217 3361 3793 3447">
    <p class='ocr_par' dir='ltr' id='par_1_67' title="bbox 2218 3361 3793 3440">
     <span class='ocr_line' id='line_1_67' title="bbox 2218 3361 3793 3440; baseline -0.004 -18"><span class='ocrx_word' id='word_1_466' title='bbox 2218 3370 2278 3422; x_wconf 87' lang='grc' dir='ltr'><strong>ἐν</strong></span> <span class='ocrx_word' id='word_1_467' title='bbox 2309 3370 2634 3440; x_wconf 83' lang='grc' dir='ltr'>ὑπερορίαις</span> <span class='ocrx_word' id='word_1_468' title='bbox 2663 3367 3140 3438; x_wconf 74' lang='grc' dir='ltr'>ἀνακαλούμενος.</span> <span class='ocrx_word' id='word_1_469' title='bbox 3177 3361 3321 3420; x_wconf 81' lang='grc' dir='ltr'>Ἶῖκε</span> <span class='ocrx_word' id='word_1_470' title='bbox 3367 3365 3660 3436; x_wconf 85' lang='grc' dir='ltr'>τοιγαροῦν</span> <span class='ocrx_word' id='word_1_471' title='bbox 3693 3364 3793 3418; x_wconf 76' lang='grc' dir='ltr'>καὶ</span> 
     </span>
    </p>
   </div>
   <div class='ocr_carea' id='block_1_68' title="bbox 543 3455 2113 3536">
    <p class='ocr_par' dir='ltr' id='par_1_68' title="bbox 543 3459 2106 3536">
     <span class='ocr_line' id='line_1_68' title="bbox 543 3459 2106 3536; baseline 0.004 -22"><span class='ocrx_word' id='word_1_472' title='bbox 543 3460 668 3515; x_wconf 89' lang='lat' dir='ltr'><strong>dem</strong></span> <span class='ocrx_word' id='word_1_473' title='bbox 703 3459 948 3516; x_wconf 83' lang='lat' dir='ltr'><strong>decrevit</strong></span> <span class='ocrx_word' id='word_1_474' title='bbox 978 3462 1232 3532; x_wconf 72' lang='lat' dir='ltr'><strong>navigare</strong></span> <span class='ocrx_word' id='word_1_475' title='bbox 1260 3463 1316 3517; x_wconf 90' lang='lat' dir='ltr'><strong>in</strong></span> <span class='ocrx_word' id='word_1_476' title='bbox 1344 3463 1622 3533; x_wconf 87' lang='lat' dir='ltr'><strong>Ephesum</strong></span> <span class='ocrx_word' id='word_1_477' title='bbox 1651 3482 1666 3518; x_wconf 95' lang='lat'><strong>:</strong></span> <span class='ocrx_word' id='word_1_478' title='bbox 1711 3479 1880 3536; x_wconf 87' lang='lat' dir='ltr'><strong>porro</strong></span> <span class='ocrx_word' id='word_1_479' title='bbox 1906 3466 2000 3536; x_wconf 92' lang='lat' dir='ltr'><strong>qui</strong></span> <span class='ocrx_word' id='word_1_480' title='bbox 2050 3466 2106 3520; x_wconf 80' lang='lat' dir='ltr'><strong>ia</strong></span> 
     </span>
    </p>
   </div>
   <div class='ocr_carea' id='block_1_69' title="bbox 2217 3455 3791 3536">
    <p class='ocr_par' dir='ltr' id='par_1_69' title="bbox 2217 3455 3791 3533">
     <span class='ocr_line' id='line_1_69' title="bbox 2217 3455 3791 3533; baseline -0.003 -19"><span class='ocrx_word' id='word_1_481' title='bbox 2217 3461 2299 3525; x_wconf 88' lang='grc' dir='ltr'><strong>είς</strong></span> <span class='ocrx_word' id='word_1_482' title='bbox 2335 3461 2556 3532; x_wconf 83' lang='grc' dir='ltr'>Πάτμον</span> <span class='ocrx_word' id='word_1_483' title='bbox 2585 3462 2651 3515; x_wconf 82' lang='grc' dir='ltr'><strong>τὰ</strong></span> <span class='ocrx_word' id='word_1_484' title='bbox 2683 3461 2951 3533; x_wconf 79' lang='grc' dir='ltr'>βασιλέως</span> <span class='ocrx_word' id='word_1_485' title='bbox 3001 3460 3388 3530; x_wconf 75' lang='grc' dir='ltr'>θεσπίσματαο</span> <span class='ocrx_word' id='word_1_486' title='bbox 3419 3455 3524 3532; x_wconf 76' lang='grc' dir='ltr'>ἧκε</span> <span class='ocrx_word' id='word_1_487' title='bbox 3573 3460 3670 3511; x_wconf 77' lang='grc' dir='ltr'>καὶ</span> <span class='ocrx_word' id='word_1_488' title='bbox 3710 3461 3791 3520; x_wconf 80' lang='grc' dir='ltr'><strong>είς</strong></span> 
     </span>
    </p>
   </div>
   <div class='ocr_carea' id='block_1_70' title="bbox 543 3548 2109 3620">
    <p class='ocr_par' dir='ltr' id='par_1_70' title="bbox 543 3548 2109 3620">
     <span class='ocr_line' id='line_1_70' title="bbox 543 3548 2109 3620; baseline 0.001 -17"><span class='ocrx_word' id='word_1_489' title='bbox 543 3550 724 3605; x_wconf 78' lang='lat' dir='ltr'><strong>insula</strong></span> <span class='ocrx_word' id='word_1_490' title='bbox 761 3559 921 3604; x_wconf 91' lang='lat' dir='ltr'><strong>erant</strong></span> <span class='ocrx_word' id='word_1_491' title='bbox 965 3548 1221 3605; x_wconf 88' lang='lat' dir='ltr'><strong>dicebant</strong></span> <span class='ocrx_word' id='word_1_492' title='bbox 1270 3564 1340 3604; x_wconf 90' lang='lat' dir='ltr'><strong>ne</strong></span> <span class='ocrx_word' id='word_1_493' title='bbox 1379 3564 1437 3606; x_wconf 87' lang='lat' dir='ltr'><strong>se</strong></span> <span class='ocrx_word' id='word_1_494' title='bbox 1479 3550 1777 3616; x_wconf 86' lang='lat' dir='ltr'><strong>desereret,</strong></span> <span class='ocrx_word' id='word_1_495' title='bbox 1819 3551 1915 3606; x_wconf 90' lang='lat' dir='ltr'><strong>sed</strong></span> <span class='ocrx_word' id='word_1_496' title='bbox 1966 3551 2109 3620; x_wconf 87' lang='lat' dir='ltr'><strong>apud</strong></span> 
     </span>
    </p>
   </div>
   <div class='ocr_carea' id='block_1_71' title="bbox 544 3640 2110 3712">
    <p class='ocr_par' dir='ltr' id='par_1_71' title="bbox 544 3640 2110 3712">
     <span class='ocr_line' id='line_1_71' title="bbox 544 3640 2110 3712; baseline 0.001 -17"><span class='ocrx_word' id='word_1_497' title='bbox 544 3643 693 3712; x_wconf 88' lang='lat' dir='ltr'><strong>ipsos</strong></span> <span class='ocrx_word' id='word_1_498' title='bbox 715 3649 1080 3710; x_wconf 85' lang='lat' dir='ltr'><strong>permaneret,</strong></span> <span class='ocrx_word' id='word_1_499' title='bbox 1111 3655 1219 3696; x_wconf 89' lang='lat' dir='ltr'><strong>non</strong></span> <span class='ocrx_word' id='word_1_500' title='bbox 1258 3640 1419 3696; x_wconf 90' lang='lat' dir='ltr'><strong>aliter</strong></span> <span class='ocrx_word' id='word_1_501' title='bbox 1461 3656 1625 3712; x_wconf 91' lang='lat' dir='ltr'><strong>quam</strong></span> <span class='ocrx_word' id='word_1_502' title='bbox 1673 3641 1766 3712; x_wconf 89' lang='lat' dir='ltr'><strong>qui</strong></span> <span class='ocrx_word' id='word_1_503' title='bbox 1814 3641 1959 3696; x_wconf 83' lang='lat' dir='ltr'><strong>terre</strong></span> <span class='ocrx_word' id='word_1_504' title='bbox 2002 3656 2110 3696; x_wconf 91' lang='lat' dir='ltr'><strong>non</strong></span> 
     </span>
    </p>
   </div>
   <div class='ocr_carea' id='block_1_72' title="bbox 543 3731 2110 3802">
    <p class='ocr_par' dir='ltr' id='par_1_72' title="bbox 543 3731 2110 3802">
     <span class='ocr_line' id='line_1_72' title="bbox 543 3731 2110 3802; baseline -0.001 -16"><span class='ocrx_word' id='word_1_505' title='bbox 543 3743 774 3802; x_wconf 86' lang='lat' dir='ltr'><strong>possunt</strong></span> <span class='ocrx_word' id='word_1_506' title='bbox 801 3741 917 3786; x_wconf 89' lang='lat' dir='ltr'><strong>uta</strong></span> <span class='ocrx_word' id='word_1_507' title='bbox 949 3731 1039 3802; x_wconf 92' lang='lat' dir='ltr'><strong>pio</strong></span> <span class='ocrx_word' id='word_1_508' title='bbox 1069 3740 1228 3802; x_wconf 88' lang='lat' dir='ltr'><strong>patre</strong></span> <span class='ocrx_word' id='word_1_509' title='bbox 1257 3731 1730 3802; x_wconf 86' lang='lat' dir='ltr'><strong>derelinquantur.</strong></span> <span class='ocrx_word' id='word_1_510' title='bbox 1762 3731 1902 3787; x_wconf 81' lang='lat' dir='ltr'><strong>Hinc</strong></span> <span class='ocrx_word' id='word_1_511' title='bbox 1923 3742 2110 3787; x_wconf 90' lang='lat' dir='ltr'><strong>autem</strong></span> 
     </span>
    </p>
   </div>
   <div class='ocr_carea' id='block_1_73' title="bbox 542 3823 2114 3898">
    <p class='ocr_par' dir='ltr' id='par_1_73' title="bbox 542 3823 2114 3898">
     <span class='ocr_line' id='line_1_73' title="bbox 542 3823 2114 3898; baseline -0.001 -18"><span class='ocrx_word' id='word_1_512' title='bbox 542 3825 802 3886; x_wconf 87' lang='lat' dir='ltr'><strong>lamenta.</strong></span> <span class='ocrx_word' id='word_1_513' title='bbox 844 3825 1024 3880; x_wconf 88' lang='lat' dir='ltr'><strong>luctus</strong></span> <span class='ocrx_word' id='word_1_514' title='bbox 1059 3839 1124 3880; x_wconf 91' lang='lat' dir='ltr'><strong>ac</strong></span> <span class='ocrx_word' id='word_1_515' title='bbox 1151 3824 1422 3898; x_wconf 68' lang='lat' dir='ltr'><strong>lacrymaz.</strong></span> <span class='ocrx_word' id='word_1_516' title='bbox 1454 3823 1608 3891; x_wconf 87' lang='lat' dir='ltr'><strong>Quis,</strong></span> <span class='ocrx_word' id='word_1_517' title='bbox 1644 3823 1923 3895; x_wconf 80' lang='lat' dir='ltr'><strong>inquiunt,</strong></span> <span class='ocrx_word' id='word_1_518' title='bbox 1954 3824 2114 3880; x_wconf 87' lang='lat' dir='ltr'><strong>nobis</strong></span> 
     </span>
    </p>
   </div>
   <div class='ocr_carea' id='block_1_74' title="bbox 543 3917 2114 3988">
    <p class='ocr_par' dir='ltr' id='par_1_74' title="bbox 543 3917 2114 3988">
     <span class='ocr_line' id='line_1_74' title="bbox 543 3917 2114 3988; baseline 0 -16"><span class='ocrx_word' id='word_1_519' title='bbox 543 3928 701 3974; x_wconf 90' lang='lat' dir='ltr'><strong>tuum</strong></span> <span class='ocrx_word' id='word_1_520' title='bbox 747 3917 990 3988; x_wconf 78' lang='lat' dir='ltr'><strong>explebit</strong></span> <span class='ocrx_word' id='word_1_521' title='bbox 1041 3917 1335 3973; x_wconf 84' lang='lat' dir='ltr'><strong>ordinem?</strong></span> <span class='ocrx_word' id='word_1_522' title='bbox 1381 3917 1484 3973; x_wconf 86' lang='lat' dir='ltr'><strong>Cui</strong></span> <span class='ocrx_word' id='word_1_523' title='bbox 1526 3932 1659 3972; x_wconf 89' lang='lat' dir='ltr'><strong>vero</strong></span> <span class='ocrx_word' id='word_1_524' title='bbox 1705 3917 1796 3972; x_wconf 92' lang='lat' dir='ltr'><strong>tali</strong></span> <span class='ocrx_word' id='word_1_525' title='bbox 1852 3917 1994 3987; x_wconf 88' lang='lat' dir='ltr'><strong>patri</strong></span> <span class='ocrx_word' id='word_1_526' title='bbox 2049 3931 2114 3972; x_wconf 89' lang='lat' dir='ltr'><strong>ac</strong></span> 
     </span>
    </p>
   </div>
   <div class='ocr_carea' id='block_1_75' title="bbox 542 4007 2111 4082">
    <p class='ocr_par' dir='ltr' id='par_1_75' title="bbox 542 4007 2111 4082">
     <span class='ocr_line' id='line_1_75' title="bbox 542 4007 2111 4082; baseline 0.001 -18"><span class='ocrx_word' id='word_1_527' title='bbox 542 4010 746 4082; x_wconf 86' lang='lat' dir='ltr'><strong>pastori</strong></span> <span class='ocrx_word' id='word_1_528' title='bbox 771 4009 1001 4081; x_wconf 84' lang='lat' dir='ltr'><strong>subjecti</strong></span> <span class='ocrx_word' id='word_1_529' title='bbox 1029 4024 1150 4066; x_wconf 89' lang='lat' dir='ltr'><strong>esse</strong></span> <span class='ocrx_word' id='word_1_530' title='bbox 1171 4009 1501 4080; x_wconf 81' lang='lat' dir='ltr'><strong>poterimus?</strong></span> <span class='ocrx_word' id='word_1_531' title='bbox 1519 4007 1650 4080; x_wconf 87' lang='lat' dir='ltr'><strong>quid</strong></span> <span class='ocrx_word' id='word_1_532' title='bbox 1673 4009 1957 4077; x_wconf 87' lang='lat' dir='ltr'><strong>desiderii,</strong></span> <span class='ocrx_word' id='word_1_533' title='bbox 1979 4009 2111 4081; x_wconf 90' lang='lat' dir='ltr'><strong>quid</strong></span> 
     </span>
    </p>
   </div>
   <div class='ocr_carea' id='block_1_76' title="bbox 541 4099 2112 4170">
    <p class='ocr_par' dir='ltr' id='par_1_76' title="bbox 541 4099 2112 4170">
     <span class='ocr_line' id='line_1_76' title="bbox 541 4099 2112 4170; baseline -0.002 -14"><span class='ocrx_word' id='word_1_534' title='bbox 541 4101 774 4156; x_wconf 80' lang='lat' dir='ltr'><strong>ﬂammae</strong></span> <span class='ocrx_word' id='word_1_535' title='bbox 809 4116 877 4154; x_wconf 81' lang='lat' dir='ltr'><strong>ex</strong></span> <span class='ocrx_word' id='word_1_536' title='bbox 907 4099 1026 4170; x_wconf 88' lang='lat' dir='ltr'><strong>ipso</strong></span> <span class='ocrx_word' id='word_1_537' title='bbox 1062 4099 1412 4170; x_wconf 89' lang='lat' dir='ltr'><strong>procedentis</strong></span> <span class='ocrx_word' id='word_1_538' title='bbox 1457 4100 1713 4156; x_wconf 88' lang='lat' dir='ltr'><strong>solatium</strong></span> <span class='ocrx_word' id='word_1_539' title='bbox 1759 4099 2059 4156; x_wconf 82' lang='lat' dir='ltr'><strong>etllciemus</strong></span> <span class='ocrx_word' id='word_1_540' title='bbox 2089 4100 2112 4153; x_wconf 78' lang='lat' dir='ltr'><strong>t</strong></span> 
     </span>
    </p>
   </div>
   <div class='ocr_carea' id='block_1_77' title="bbox 541 4189 2113 4262">
    <p class='ocr_par' dir='ltr' id='par_1_77' title="bbox 541 4189 2113 4262">
     <span class='ocr_line' id='line_1_77' title="bbox 541 4189 2113 4262; baseline 0 -16"><span class='ocrx_word' id='word_1_541' title='bbox 541 4189 676 4246; x_wconf 89' lang='lat' dir='ltr'><strong>Cum</strong></span> <span class='ocrx_word' id='word_1_542' title='bbox 717 4203 899 4246; x_wconf 88' lang='lat' dir='ltr'><strong>autem</strong></span> <span class='ocrx_word' id='word_1_543' title='bbox 939 4191 1276 4262; x_wconf 88' lang='lat' dir='ltr'><strong>persuadere</strong></span> <span class='ocrx_word' id='word_1_544' title='bbox 1309 4207 1420 4247; x_wconf 90' lang='lat' dir='ltr'><strong>non</strong></span> <span class='ocrx_word' id='word_1_545' title='bbox 1448 4199 1674 4262; x_wconf 88' lang='lat' dir='ltr'><strong>possent</strong></span> <span class='ocrx_word' id='word_1_546' title='bbox 1727 4192 1856 4247; x_wconf 90' lang='lat' dir='ltr'><strong>dum</strong></span> <span class='ocrx_word' id='word_1_547' title='bbox 1904 4191 2113 4262; x_wconf 90' lang='lat' dir='ltr'><strong>suppli-</strong></span> 
     </span>
    </p>
   </div>
   <div class='ocr_carea' id='block_1_78' title="bbox 544 4281 2115 4353">
    <p class='ocr_par' dir='ltr' id='par_1_78' title="bbox 544 4281 2115 4353">
     <span class='ocr_line' id='line_1_78' title="bbox 544 4281 2115 4353; baseline 0 -17"><span class='ocrx_word' id='word_1_548' title='bbox 544 4291 734 4336; x_wconf 90' lang='lat' dir='ltr'><strong>carent</strong></span> <span class='ocrx_word' id='word_1_549' title='bbox 776 4293 837 4337; x_wconf 92' lang='lat' dir='ltr'><strong>ut</strong></span> <span class='ocrx_word' id='word_1_550' title='bbox 861 4283 1038 4336; x_wconf 90' lang='lat' dir='ltr'><strong>virum</strong></span> <span class='ocrx_word' id='word_1_551' title='bbox 1063 4282 1209 4353; x_wconf 91' lang='lat' dir='ltr'><strong>apud</strong></span> <span class='ocrx_word' id='word_1_552' title='bbox 1243 4297 1302 4338; x_wconf 90' lang='lat' dir='ltr'><strong>se</strong></span> <span class='ocrx_word' id='word_1_553' title='bbox 1334 4283 1658 4349; x_wconf 89' lang='lat' dir='ltr'><strong>retinerent,</strong></span> <span class='ocrx_word' id='word_1_554' title='bbox 1702 4283 1962 4339; x_wconf 67' lang='lat' dir='ltr'><strong>secundae</strong></span> <span class='ocrx_word' id='word_1_555' title='bbox 2009 4281 2115 4337; x_wconf 79' lang='lat' dir='ltr'><strong>fuit</strong></span> 
     </span>
    </p>
   </div>
   <div class='ocr_carea' id='block_1_79' title="bbox 545 4359 2116 4442">
    <p class='ocr_par' dir='ltr' id='par_1_79' title="bbox 545 4359 2116 4442">
     <span class='ocr_line' id='line_1_79' title="bbox 545 4359 2116 4442; baseline 0 -15"><span class='ocrx_word' id='word_1_556' title='bbox 545 4372 961 4442; x_wconf 61' lang='lat' dir='ltr'><strong>supplicationis</strong></span> <span class='ocrx_word' id='word_1_557' title='bbox 991 4359 1231 4440; x_wconf 79' lang='lat' dir='ltr'><strong>initium,</strong></span> <span class='ocrx_word' id='word_1_558' title='bbox 1256 4383 1312 4430; x_wconf 89' lang='lat' dir='ltr'><strong>et</strong></span> <span class='ocrx_word' id='word_1_559' title='bbox 1339 4376 1611 4430; x_wconf 89' lang='lat' dir='ltr'><strong>secundas</strong></span> <span class='ocrx_word' id='word_1_560' title='bbox 1650 4390 1870 4430; x_wconf 83' lang='lat' dir='ltr'><strong>rursum</strong></span> <span class='ocrx_word' id='word_1_561' title='bbox 1905 4373 2116 4430; x_wconf 82' lang='lat' dir='ltr'><strong>faciunt</strong></span> 
     </span>
    </p>
   </div>
   <div class='ocr_carea' id='block_1_80' title="bbox 544 4464 2115 4538">
    <p class='ocr_par' dir='ltr' id='par_1_80' title="bbox 544 4464 2115 4538">
     <span class='ocr_line' id='line_1_80' title="bbox 544 4464 2115 4538; baseline 0.003 -22"><span class='ocrx_word' id='word_1_562' title='bbox 544 4464 865 4534; x_wconf 87' lang='lat' dir='ltr'><strong>petitiones.</strong></span> <span class='ocrx_word' id='word_1_563' title='bbox 897 4480 965 4519; x_wconf 91' lang='lat' dir='ltr'><strong>ne</strong></span> <span class='ocrx_word' id='word_1_564' title='bbox 1001 4475 1175 4520; x_wconf 90' lang='lat' dir='ltr'><strong>totum</strong></span> <span class='ocrx_word' id='word_1_565' title='bbox 1209 4467 1453 4537; x_wconf 90' lang='lat' dir='ltr'><strong>seipsum</strong></span> <span class='ocrx_word' id='word_1_566' title='bbox 1492 4467 1756 4534; x_wconf 75' lang='lat' dir='ltr'><strong>auferret,</strong></span> <span class='ocrx_word' id='word_1_567' title='bbox 1788 4481 1965 4538; x_wconf 89' lang='lat' dir='ltr'><strong>neque</strong></span> <span class='ocrx_word' id='word_1_568' title='bbox 1992 4466 2115 4522; x_wconf 85' lang='lat' dir='ltr'><strong>uni-</strong></span> 
     </span>
    </p>
   </div>
   <div class='ocr_carea' id='block_1_81' title="bbox 545 4553 2112 4627">
    <p class='ocr_par' dir='ltr' id='par_1_81' title="bbox 545 4553 2112 4627">
     <span class='ocr_line' id='line_1_81' title="bbox 545 4553 2112 4627; baseline 0.004 -20"><span class='ocrx_word' id='word_1_569' title='bbox 545 4568 702 4608; x_wconf 84' lang='lat' dir='ltr'><strong>versa</strong></span> <span class='ocrx_word' id='word_1_570' title='bbox 730 4553 968 4610; x_wconf 76' lang='lat' dir='ltr'><strong>tristitia:</strong></span> <span class='ocrx_word' id='word_1_571' title='bbox 1001 4557 1143 4611; x_wconf 88' lang='lat' dir='ltr'><strong>mole</strong></span> <span class='ocrx_word' id='word_1_572' title='bbox 1188 4571 1285 4612; x_wconf 90' lang='lat' dir='ltr'><strong>eos</strong></span> <span class='ocrx_word' id='word_1_573' title='bbox 1318 4557 1654 4624; x_wconf 79' lang='lat' dir='ltr'><strong>oﬂ‘underet,</strong></span> <span class='ocrx_word' id='word_1_574' title='bbox 1708 4558 1806 4614; x_wconf 91' lang='lat' dir='ltr'><strong>sed</strong></span> <span class='ocrx_word' id='word_1_575' title='bbox 1874 4559 1958 4614; x_wconf 85' lang='lat' dir='ltr'><strong>vel</strong></span> <span class='ocrx_word' id='word_1_576' title='bbox 2011 4573 2112 4627; x_wconf 87' lang='lat' dir='ltr'><strong>pro</strong></span> 
     </span>
    </p>
   </div>
   <div class='ocr_carea' id='block_1_82' title="bbox 545 4645 2110 4722">
    <p class='ocr_par' dir='ltr' id='par_1_82' title="bbox 545 4645 2110 4722">
     <span class='ocr_line' id='line_1_82' title="bbox 545 4645 2110 4722; baseline 0.004 -23"><span class='ocrx_word' id='word_1_577' title='bbox 545 4661 607 4700; x_wconf 90' lang='lat' dir='ltr'><strong>re</strong></span> <span class='ocrx_word' id='word_1_578' title='bbox 634 4645 904 4711; x_wconf 89' lang='lat' dir='ltr'><strong>umbram,</strong></span> <span class='ocrx_word' id='word_1_579' title='bbox 935 4661 1086 4713; x_wconf 88' lang='lat' dir='ltr'><strong>suos,</strong></span> <span class='ocrx_word' id='word_1_580' title='bbox 1114 4648 1359 4718; x_wconf 90' lang='lat' dir='ltr'><strong>inquam,</strong></span> <span class='ocrx_word' id='word_1_581' title='bbox 1399 4663 1684 4705; x_wconf 89' lang='lat' dir='ltr'><strong>sermones</strong></span> <span class='ocrx_word' id='word_1_582' title='bbox 1719 4665 1816 4721; x_wconf 91' lang='lat' dir='ltr'><strong>pro</strong></span> <span class='ocrx_word' id='word_1_583' title='bbox 1845 4665 1924 4717; x_wconf 90' lang='lat' dir='ltr'><strong>se,</strong></span> <span class='ocrx_word' id='word_1_584' title='bbox 1965 4651 2110 4722; x_wconf 91' lang='lat' dir='ltr'><strong>apud</strong></span> 
     </span>
    </p>
   </div>
   <div class='ocr_carea' id='block_1_83' title="bbox 2225 3549 3789 3622">
    <p class='ocr_par' dir='ltr' id='par_1_83' title="bbox 2225 3549 3789 3622">
     <span class='ocr_line' id='line_1_83' title="bbox 2225 3549 3789 3622; baseline -0.001 -18"><span class='ocrx_word' id='word_1_585' title='bbox 2225 3549 2481 3620; x_wconf 81' lang='grc' dir='ltr'>Ἰωάννην</span> <span class='ocrx_word' id='word_1_586' title='bbox 2525 3553 2848 3622; x_wconf 78' lang='grc' dir='ltr'>ἀνάκλησις.</span> <span class='ocrx_word' id='word_1_587' title='bbox 2903 3551 3011 3606; x_wconf 73' lang='grc' dir='ltr'><strong>Καὶ</strong></span> <span class='ocrx_word' id='word_1_588' title='bbox 3055 3554 3083 3605; x_wconf 88' lang='grc' dir='ltr'><strong>ό</strong></span> <span class='ocrx_word' id='word_1_589' title='bbox 3117 3553 3217 3621; x_wconf 84' lang='grc' dir='ltr'>μὲν</span> <span class='ocrx_word' id='word_1_590' title='bbox 3288 3551 3599 3621; x_wconf 77' lang='grc' dir='ltr'>παραπλεῖν</span> <span class='ocrx_word' id='word_1_591' title='bbox 3644 3549 3789 3617; x_wconf 76' lang='grc' dir='ltr'>ἔγνω</span> 
     </span>
    </p>
   </div>
   <div class='ocr_carea' id='block_1_84' title="bbox 2211 3637 3792 3712">
    <p class='ocr_par' dir='ltr' id='par_1_84' title="bbox 2211 3637 3792 3712">
     <span class='ocr_line' id='line_1_84' title="bbox 2211 3637 3792 3712; baseline -0.001 -20"><span class='ocrx_word' id='word_1_592' title='bbox 2211 3638 2311 3709; x_wconf 84' lang='grc' dir='ltr'>τὴν</span> <span class='ocrx_word' id='word_1_593' title='bbox 2343 3639 2620 3710; x_wconf 83' lang='grc' dir='ltr'>Ἔφεσον·</span> <span class='ocrx_word' id='word_1_594' title='bbox 2667 3642 2717 3694; x_wconf 82' lang='grc' dir='ltr'>οἱ</span> <span class='ocrx_word' id='word_1_595' title='bbox 2768 3641 2824 3694; x_wconf 81' lang='grc' dir='ltr'>δὲ</span> <span class='ocrx_word' id='word_1_596' title='bbox 2873 3643 2971 3712; x_wconf 83' lang='grc' dir='ltr'>τῆς</span> <span class='ocrx_word' id='word_1_597' title='bbox 3013 3641 3180 3711; x_wconf 79' lang='grc' dir='ltr'>νήσου</span> <span class='ocrx_word' id='word_1_598' title='bbox 3236 3639 3310 3711; x_wconf 81' lang='grc' dir='ltr'>μὴ</span> <span class='ocrx_word' id='word_1_599' title='bbox 3355 3639 3618 3710; x_wconf 76' lang='grc' dir='ltr'>μεθήσειν</span> <span class='ocrx_word' id='word_1_600' title='bbox 3669 3637 3792 3690; x_wconf 75' lang='grc' dir='ltr'>ἐλε-</span> 
     </span>
    </p>
   </div>
   <div class='ocr_carea' id='block_1_85' title="bbox 2212 3729 3786 3806">
    <p class='ocr_par' dir='ltr' id='par_1_85' title="bbox 2212 3729 3786 3806">
     <span class='ocr_line' id='line_1_85' title="bbox 2212 3729 3786 3806; baseline -0.003 -22"><span class='ocrx_word' id='word_1_601' title='bbox 2212 3749 2332 3799; x_wconf 84' lang='grc' dir='ltr'>γον,</span> <span class='ocrx_word' id='word_1_602' title='bbox 2364 3733 2480 3784; x_wconf 80' lang='grc' dir='ltr'>ἀλλ’</span> <span class='ocrx_word' id='word_1_603' title='bbox 2504 3733 2845 3800; x_wconf 79' lang='grc' dir='ltr'>ἀνθέξεσθαι,</span> <span class='ocrx_word' id='word_1_604' title='bbox 2871 3735 2969 3803; x_wconf 72' lang='grc' dir='ltr'><strong>οὐχ</strong></span> <span class='ocrx_word' id='word_1_605' title='bbox 2992 3729 3158 3806; x_wconf 80' lang='grc' dir='ltr'>ἦττον</span> <span class='ocrx_word' id='word_1_606' title='bbox 3199 3731 3231 3800; x_wconf 79' lang='grc' dir='ltr'>ἢ</span> <span class='ocrx_word' id='word_1_607' title='bbox 3280 3731 3643 3800; x_wconf 78' lang='grc' dir='ltr'>φιλοστόργου</span> <span class='ocrx_word' id='word_1_608' title='bbox 3681 3747 3786 3781; x_wconf 68' lang='grc' dir='ltr'>παρ</span> 
     </span>
    </p>
   </div>
   <div class='ocr_carea' id='block_1_86' title="bbox 2213 3821 3791 3897">
    <p class='ocr_par' dir='ltr' id='par_1_86' title="bbox 2213 3821 3791 3897">
     <span class='ocr_line' id='line_1_86' title="bbox 2213 3821 3791 3897; baseline -0.004 -18"><span class='ocrx_word' id='word_1_609' title='bbox 2213 3829 2340 3897; x_wconf 89' lang='grc' dir='ltr'>τρὸς</span> <span class='ocrx_word' id='word_1_610' title='bbox 2371 3825 2770 3896; x_wconf 83' lang='grc' dir='ltr'>ἀπολειφθῆναι</span> <span class='ocrx_word' id='word_1_611' title='bbox 2849 3826 2923 3897; x_wconf 79' lang='grc' dir='ltr'>μὴ</span> <span class='ocrx_word' id='word_1_612' title='bbox 2967 3826 3305 3895; x_wconf 86' lang='grc' dir='ltr'>ἀνεχόμενοι.</span> <span class='ocrx_word' id='word_1_613' title='bbox 3342 3824 3424 3877; x_wconf 76' lang='lat' dir='ltr'><strong>Ta</strong></span> <span class='ocrx_word' id='word_1_614' title='bbox 3450 3824 3506 3876; x_wconf 77' lang='grc' dir='ltr'>δὲ</span> <span class='ocrx_word' id='word_1_615' title='bbox 3540 3821 3791 3876; x_wconf 75' lang='grc' dir='ltr'>ἐντεῦθεν</span> 
     </span>
    </p>
   </div>
   <div class='ocr_carea' id='block_1_87' title="bbox 2215 3915 3789 3991">
    <p class='ocr_par' dir='ltr' id='par_1_87' title="bbox 2215 3915 3789 3991">
     <span class='ocr_line' id='line_1_87' title="bbox 2215 3915 3789 3991; baseline -0.005 -19"><span class='ocrx_word' id='word_1_616' title='bbox 2215 3918 2434 3990; x_wconf 85' lang='grc' dir='ltr'>θρῆνος,</span> <span class='ocrx_word' id='word_1_617' title='bbox 2465 3919 2716 3990; x_wconf 80' lang='grc' dir='ltr'>ὀδυρμοὶ,</span> <span class='ocrx_word' id='word_1_618' title='bbox 2761 3919 2997 3991; x_wconf 78' lang='grc' dir='ltr'>δάκρυα.</span> <span class='ocrx_word' id='word_1_619' title='bbox 3053 3918 3146 3978; x_wconf 82' lang='grc' dir='ltr'><strong>Τίς</strong></span> <span class='ocrx_word' id='word_1_620' title='bbox 3197 3919 3330 3986; x_wconf 77' lang='grc' dir='ltr'>ἡμῖν</span> <span class='ocrx_word' id='word_1_621' title='bbox 3360 3916 3462 3984; x_wconf 74' lang='grc' dir='ltr'>τὴν</span> <span class='ocrx_word' id='word_1_622' title='bbox 3504 3915 3603 3984; x_wconf 79' lang='grc' dir='ltr'>σὴν</span> <span class='ocrx_word' id='word_1_623' title='bbox 3648 3915 3789 3982; x_wconf 80' lang='grc' dir='ltr'>πλη-</span> 
     </span>
    </p>
   </div>
   <div class='ocr_carea' id='block_1_88' title="bbox 2219 4009 3783 4086">
    <p class='ocr_par' dir='ltr' id='par_1_88' title="bbox 2219 4009 3783 4086">
     <span class='ocr_line' id='line_1_88' title="bbox 2219 4009 3783 4086; baseline -0.005 -19"><span class='ocrx_word' id='word_1_624' title='bbox 2219 4013 2383 4086; x_wconf 84' lang='grc' dir='ltr'>ρὼσει</span> <span class='ocrx_word' id='word_1_625' title='bbox 2416 4015 2608 4083; x_wconf 78' lang='grc' dir='ltr'>τάξιν;</span> <span class='ocrx_word' id='word_1_626' title='bbox 2645 4015 2750 4068; x_wconf 81' lang='grc' dir='ltr'><strong>ὑπὸ</strong></span> <span class='ocrx_word' id='word_1_627' title='bbox 2780 4013 2884 4068; x_wconf 84' lang='grc' dir='ltr'>τίνι</span> <span class='ocrx_word' id='word_1_628' title='bbox 2921 4013 2978 4066; x_wconf 79' lang='grc' dir='ltr'>δὲ</span> <span class='ocrx_word' id='word_1_629' title='bbox 3018 4014 3181 4083; x_wconf 78' lang='grc' dir='ltr'>ἡμεῖς</span> <span class='ocrx_word' id='word_1_630' title='bbox 3214 4009 3438 4078; x_wconf 81' lang='grc' dir='ltr'>τοιούτῳ</span> <span class='ocrx_word' id='word_1_631' title='bbox 3479 4011 3648 4078; x_wconf 75' lang='grc' dir='ltr'>πατρῖ</span> <span class='ocrx_word' id='word_1_632' title='bbox 3690 4011 3783 4061; x_wconf 82' lang='grc' dir='ltr'>καὶ</span> 
     </span>
    </p>
   </div>
   <div class='ocr_carea' id='block_1_89' title="bbox 2215 4098 3787 4176">
    <p class='ocr_par' dir='ltr' id='par_1_89' title="bbox 2215 4098 3787 4176">
     <span class='ocr_line' id='line_1_89' title="bbox 2215 4098 3787 4176; baseline -0.005 -16"><span class='ocrx_word' id='word_1_633' title='bbox 2215 4107 2440 4176; x_wconf 82' lang='grc' dir='ltr'>ποιμένι</span> <span class='ocrx_word' id='word_1_634' title='bbox 2468 4106 2797 4176; x_wconf 71' lang='grc' dir='ltr'>γενοίμεθατ,</span> <span class='ocrx_word' id='word_1_635' title='bbox 2829 4105 2895 4159; x_wconf 84' lang='grc' dir='ltr'>Τί</span> <span class='ocrx_word' id='word_1_636' title='bbox 2929 4104 3024 4159; x_wconf 87' lang='grc' dir='ltr'><strong>τοῦ</strong></span> <span class='ocrx_word' id='word_1_637' title='bbox 3063 4105 3252 4168; x_wconf 85' lang='grc' dir='ltr'>πόθου,</span> <span class='ocrx_word' id='word_1_638' title='bbox 3294 4103 3350 4156; x_wconf 87' lang='grc' dir='ltr'><strong>τί</strong></span> <span class='ocrx_word' id='word_1_639' title='bbox 3378 4103 3478 4173; x_wconf 79' lang='grc' dir='ltr'>τῆς</span> <span class='ocrx_word' id='word_1_640' title='bbox 3520 4101 3578 4168; x_wconf 80' lang='grc' dir='ltr'>ἐξ</span> <span class='ocrx_word' id='word_1_641' title='bbox 3620 4098 3787 4153; x_wconf 76' lang='grc' dir='ltr'>αὑτοῦ</span> 
     </span>
    </p>
   </div>
   <div class='ocr_carea' id='block_1_90' title="bbox 2215 4191 3790 4266">
    <p class='ocr_par' dir='ltr' id='par_1_90' title="bbox 2215 4191 3790 4266">
     <span class='ocr_line' id='line_1_90' title="bbox 2215 4191 3790 4266; baseline -0.003 -21"><span class='ocrx_word' id='word_1_642' title='bbox 2215 4193 2412 4263; x_wconf 80' lang='grc' dir='ltr'>φλογὸς</span> <span class='ocrx_word' id='word_1_643' title='bbox 2449 4195 2797 4266; x_wconf 85' lang='grc' dir='ltr'>παραμύθιον</span> <span class='ocrx_word' id='word_1_644' title='bbox 2829 4193 3210 4264; x_wconf 74' lang='grc' dir='ltr'>ποιησόμεθας</span> <span class='ocrx_word' id='word_1_645' title='bbox 3252 4192 3342 4255; x_wconf 84' lang='grc' dir='ltr'>Ὠς</span> <span class='ocrx_word' id='word_1_646' title='bbox 3363 4192 3419 4246; x_wconf 74' lang='grc' dir='ltr'>δὲ</span> <span class='ocrx_word' id='word_1_647' title='bbox 3459 4191 3668 4244; x_wconf 84' lang='grc' dir='ltr'>πείθειν</span> <span class='ocrx_word' id='word_1_648' title='bbox 3690 4191 3790 4242; x_wconf 77' lang='grc' dir='ltr'>οὐκ</span> 
     </span>
    </p>
   </div>
   <div class='ocr_carea' id='block_1_91' title="bbox 2215 4280 3784 4357">
    <p class='ocr_par' dir='ltr' id='par_1_91' title="bbox 2215 4280 3784 4357">
     <span class='ocr_line' id='line_1_91' title="bbox 2215 4280 3784 4357; baseline -0.003 -19"><span class='ocrx_word' id='word_1_649' title='bbox 2215 4280 2366 4356; x_wconf 72' lang='grc' dir='ltr'>εἶχον</span> <span class='ocrx_word' id='word_1_650' title='bbox 2404 4280 2488 4350; x_wconf 76' lang='grc' dir='ltr'>οἷς</span> <span class='ocrx_word' id='word_1_651' title='bbox 2535 4287 2628 4340; x_wconf 78' lang='grc' dir='ltr'><strong>τὸν</strong></span> <span class='ocrx_word' id='word_1_652' title='bbox 2676 4285 2850 4357; x_wconf 80' lang='grc' dir='ltr'>ἄνδρα</span> <span class='ocrx_word' id='word_1_653' title='bbox 2901 4287 3030 4356; x_wconf 79' lang='grc' dir='ltr'>παρ’</span> <span class='ocrx_word' id='word_1_654' title='bbox 3070 4285 3283 4348; x_wconf 80' lang='grc' dir='ltr'>ἑαυτοῖς</span> <span class='ocrx_word' id='word_1_655' title='bbox 3327 4284 3475 4354; x_wconf 77' lang='grc' dir='ltr'>ἔχειν</span> <span class='ocrx_word' id='word_1_656' title='bbox 3517 4283 3784 4340; x_wconf 73' lang='grc' dir='ltr'>ἱκέτευον.</span> 
     </span>
    </p>
   </div>
   <div class='ocr_carea' id='block_1_92' title="bbox 2213 4374 3791 4449">
    <p class='ocr_par' dir='ltr' id='par_1_92' title="bbox 2213 4374 3791 4449">
     <span class='ocr_line' id='line_1_92' title="bbox 2213 4374 3791 4449; baseline -0.003 -18"><span class='ocrx_word' id='word_1_657' title='bbox 2213 4379 2475 4449; x_wconf 78' lang='grc' dir='ltr'>δευτέρας</span> <span class='ocrx_word' id='word_1_658' title='bbox 2517 4378 2803 4449; x_wconf 79' lang='grc' dir='ltr'>ἱκετηρίας</span> <span class='ocrx_word' id='word_1_659' title='bbox 2840 4379 3006 4448; x_wconf 77' lang='grc' dir='ltr'>ἁρχὴ,</span> <span class='ocrx_word' id='word_1_660' title='bbox 3063 4379 3159 4429; x_wconf 73' lang='grc' dir='ltr'>καὶ</span> <span class='ocrx_word' id='word_1_661' title='bbox 3201 4377 3460 4446; x_wconf 84' lang='grc' dir='ltr'>δευτέρας</span> <span class='ocrx_word' id='word_1_662' title='bbox 3511 4374 3675 4428; x_wconf 84' lang='grc' dir='ltr'>πάλιν</span> <span class='ocrx_word' id='word_1_663' title='bbox 3709 4375 3791 4427; x_wconf 84' lang='lat' dir='ltr'><strong>al—</strong></span> 
     </span>
    </p>
   </div>
   <div class='ocr_carea' id='block_1_93' title="bbox 2213 4465 3786 4540">
    <p class='ocr_par' dir='ltr' id='par_1_93' title="bbox 2213 4465 3786 4540">
     <span class='ocr_line' id='line_1_93' title="bbox 2213 4465 3786 4540; baseline -0.002 -21"><span class='ocrx_word' id='word_1_664' title='bbox 2213 4469 2405 4540; x_wconf 78' lang='grc' dir='ltr'>τήσεις</span> <span class='ocrx_word' id='word_1_665' title='bbox 2438 4469 2745 4533; x_wconf 84' lang='grc' dir='ltr'>ποιοῦνται,</span> <span class='ocrx_word' id='word_1_666' title='bbox 2805 4471 2880 4539; x_wconf 84' lang='grc' dir='ltr'>μὴ</span> <span class='ocrx_word' id='word_1_667' title='bbox 2943 4469 3066 4522; x_wconf 86' lang='grc' dir='ltr'>ὅλον</span> <span class='ocrx_word' id='word_1_668' title='bbox 3105 4468 3300 4521; x_wconf 76' lang='grc' dir='ltr'>ἑαυτὸν</span> <span class='ocrx_word' id='word_1_669' title='bbox 3350 4465 3594 4535; x_wconf 77' lang='grc' dir='ltr'>ἀφελεῖν,</span> <span class='ocrx_word' id='word_1_670' title='bbox 3653 4465 3786 4534; x_wconf 80' lang='grc' dir='ltr'>μηδὲ</span> 
     </span>
    </p>
   </div>
   <div class='ocr_carea' id='block_1_94' title="bbox 2213 4549 3782 4626">
    <p class='ocr_par' dir='ltr' id='par_1_94' title="bbox 2213 4549 3782 4626">
     <span class='ocr_line' id='line_1_94' title="bbox 2213 4549 3782 4626; baseline -0.003 -20"><span class='ocrx_word' id='word_1_671' title='bbox 2213 4555 2396 4608; x_wconf 78' lang='grc' dir='ltr'>πᾶσαν</span> <span class='ocrx_word' id='word_1_672' title='bbox 2426 4554 2608 4608; x_wconf 82' lang='grc' dir='ltr'>αὐτῶν</span> <span class='ocrx_word' id='word_1_673' title='bbox 2659 4556 2931 4624; x_wconf 82' lang='grc' dir='ltr'>καταχέαι</span> <span class='ocrx_word' id='word_1_674' title='bbox 2960 4553 3061 4626; x_wconf 82' lang='grc' dir='ltr'>τὴν</span> <span class='ocrx_word' id='word_1_675' title='bbox 3089 4553 3352 4621; x_wconf 83' lang='grc' dir='ltr'>ἀθυμίαν,</span> <span class='ocrx_word' id='word_1_676' title='bbox 3388 4549 3506 4604; x_wconf 84' lang='grc' dir='ltr'>ἀλλ’</span> <span class='ocrx_word' id='word_1_677' title='bbox 3532 4551 3658 4605; x_wconf 79' lang='grc' dir='ltr'>ἀντὶ</span> <span class='ocrx_word' id='word_1_678' title='bbox 3688 4551 3782 4604; x_wconf 89' lang='grc' dir='ltr'><strong>τοῦ</strong></span> 
     </span>
    </p>
   </div>
   <div class='ocr_carea' id='block_1_95' title="bbox 2217 4640 3788 4717">
    <p class='ocr_par' dir='ltr' id='par_1_95' title="bbox 2217 4640 3788 4717">
     <span class='ocr_line' id='line_1_95' title="bbox 2217 4640 3788 4717; baseline -0.003 -19"><span class='ocrx_word' id='word_1_679' title='bbox 2217 4645 2543 4716; x_wconf 73' lang='grc' dir='ltr'>πράγματος</span> <span class='ocrx_word' id='word_1_680' title='bbox 2587 4646 2686 4717; x_wconf 83' lang='grc' dir='ltr'>τὴν</span> <span class='ocrx_word' id='word_1_681' title='bbox 2765 4644 2950 4709; x_wconf 87' lang='grc' dir='ltr'>σκιάν,</span> <span class='ocrx_word' id='word_1_682' title='bbox 3021 4643 3151 4706; x_wconf 79' lang='grc' dir='ltr'>τοὺς</span> <span class='ocrx_word' id='word_1_683' title='bbox 3199 4640 3364 4696; x_wconf 82' lang='grc' dir='ltr'>αὑτοῦ</span> <span class='ocrx_word' id='word_1_684' title='bbox 3413 4642 3607 4710; x_wconf 79' lang='grc' dir='ltr'>λόγους</span> <span class='ocrx_word' id='word_1_685' title='bbox 3672 4641 3788 4694; x_wconf 80' lang='grc' dir='ltr'>ἀνθ’</span> 
     </span>
    </p>
   </div>
   <div class='ocr_carea' id='block_1_96' title="bbox 544 4725 2113 4812">
    <p class='ocr_par' dir='ltr' id='par_1_96' title="bbox 544 4737 2113 4812">
     <span class='ocr_line' id='line_1_96' title="bbox 544 4737 2113 4812; baseline 0.004 -20"><span class='ocrx_word' id='word_1_686' title='bbox 544 4737 695 4808; x_wconf 86' lang='lat' dir='ltr'><strong>ipsos</strong></span> <span class='ocrx_word' id='word_1_687' title='bbox 744 4739 1100 4808; x_wconf 88' lang='lat' dir='ltr'><strong>relinqueret,</strong></span> <span class='ocrx_word' id='word_1_688' title='bbox 1153 4753 1219 4794; x_wconf 91' lang='lat' dir='ltr'><strong>ac</strong></span> <span class='ocrx_word' id='word_1_689' title='bbox 1261 4740 1578 4810; x_wconf 88' lang='lat' dir='ltr'><strong>mysterium</strong></span> <span class='ocrx_word' id='word_1_690' title='bbox 1625 4741 1774 4812; x_wconf 86' lang='lat' dir='ltr'><strong>quod</strong></span> <span class='ocrx_word' id='word_1_691' title='bbox 1820 4742 1964 4811; x_wconf 90' lang='lat' dir='ltr'><strong>apud</strong></span> <span class='ocrx_word' id='word_1_692' title='bbox 2012 4758 2113 4799; x_wconf 91' lang='lat' dir='ltr'><strong>nos</strong></span> 
     </span>
    </p>
   </div>
   <div class='ocr_carea' id='block_1_97' title="bbox 2217 4725 3788 4812">
    <p class='ocr_par' dir='ltr' id='par_1_97' title="bbox 2221 4732 3788 4808">
     <span class='ocr_line' id='line_1_97' title="bbox 2221 4732 3788 4808; baseline -0.004 -17"><span class='ocrx_word' id='word_1_693' title='bbox 2221 4735 2444 4802; x_wconf 75' lang='grc' dir='ltr'>ἑαυτοῦ,</span> <span class='ocrx_word' id='word_1_694' title='bbox 2471 4738 2634 4807; x_wconf 79' lang='grc' dir='ltr'>φημὶ,</span> <span class='ocrx_word' id='word_1_695' title='bbox 2669 4735 2800 4808; x_wconf 77' lang='grc' dir='ltr'>παρ’</span> <span class='ocrx_word' id='word_1_696' title='bbox 2827 4735 3062 4798; x_wconf 79' lang='grc' dir='ltr'>ἐκείνοις</span> <span class='ocrx_word' id='word_1_697' title='bbox 3118 4733 3470 4800; x_wconf 79' lang='grc' dir='ltr'>καταλιπεῖν,</span> <span class='ocrx_word' id='word_1_698' title='bbox 3515 4732 3612 4786; x_wconf 79' lang='grc' dir='ltr'>καὶ</span> <span class='ocrx_word' id='word_1_699' title='bbox 3651 4732 3788 4785; x_wconf 78' lang='grc' dir='ltr'>ὑπο-</span> 
     </span>
    </p>
   </div>
   <div class='ocr_carea' id='block_1_98' title="bbox 544 4829 2112 4901">
    <p class='ocr_par' dir='ltr' id='par_1_98' title="bbox 544 4829 2112 4901">
     <span class='ocr_line' id='line_1_98' title="bbox 544 4829 2112 4901; baseline 0.002 -15"><span class='ocrx_word' id='word_1_700' title='bbox 544 4834 750 4886; x_wconf 81' lang='lat' dir='ltr'><strong>tactum</strong></span> <span class='ocrx_word' id='word_1_701' title='bbox 779 4839 863 4885; x_wconf 87' lang='lat' dir='ltr'><strong>est</strong></span> <span class='ocrx_word' id='word_1_702' title='bbox 892 4829 1162 4887; x_wconf 84' lang='lat' dir='ltr'><strong>universae</strong></span> <span class='ocrx_word' id='word_1_703' title='bbox 1193 4831 1620 4901; x_wconf 85' lang='lat' dir='ltr'><strong>dispensationis</strong></span> <span class='ocrx_word' id='word_1_704' title='bbox 1660 4831 1865 4889; x_wconf 84' lang='lat' dir='ltr'><strong>Christi</strong></span> <span class='ocrx_word' id='word_1_705' title='bbox 1899 4833 2112 4890; x_wconf 61' lang='lat' dir='ltr'><strong>deseri.</strong></span> 
     </span>
    </p>
   </div>
   <div class='ocr_carea' id='block_1_99' title="bbox 543 4919 2117 4994">
    <p class='ocr_par' dir='ltr' id='par_1_99' title="bbox 543 4919 2117 4994">
     <span class='ocr_line' id='line_1_99' title="bbox 543 4919 2117 4994; baseline 0.001 -17"><span class='ocrx_word' id='word_1_706' title='bbox 543 4921 722 4978; x_wconf 82' lang='lat' dir='ltr'><strong>heret.</strong></span> <span class='ocrx_word' id='word_1_707' title='bbox 751 4919 908 4976; x_wconf 88' lang='lat' dir='ltr'><strong>Cedit</strong></span> <span class='ocrx_word' id='word_1_708' title='bbox 939 4919 1106 4992; x_wconf 89' lang='lat' dir='ltr'><strong>igitur</strong></span> <span class='ocrx_word' id='word_1_709' title='bbox 1146 4920 1365 4976; x_wconf 88' lang='lat' dir='ltr'><strong>illorum</strong></span> <span class='ocrx_word' id='word_1_710' title='bbox 1399 4922 1674 4992; x_wconf 87' lang='lat' dir='ltr'><strong>petitioni,</strong></span> <span class='ocrx_word' id='word_1_711' title='bbox 1707 4924 1818 4978; x_wconf 93' lang='lat' dir='ltr'><strong>imo</strong></span> <span class='ocrx_word' id='word_1_712' title='bbox 1843 4924 1989 4980; x_wconf 91' lang='lat' dir='ltr'><strong>cedit</strong></span> <span class='ocrx_word' id='word_1_713' title='bbox 2018 4939 2117 4994; x_wconf 84' lang='lat' dir='ltr'><strong>po-</strong></span> 
     </span>
    </p>
   </div>
   <div class='ocr_carea' id='block_1_100' title="bbox 545 5012 2112 5086">
    <p class='ocr_par' dir='ltr' id='par_1_100' title="bbox 545 5012 2112 5086">
     <span class='ocr_line' id='line_1_100' title="bbox 545 5012 2112 5086; baseline 0.001 -17"><span class='ocrx_word' id='word_1_714' title='bbox 545 5015 658 5070; x_wconf 84' lang='lat' dir='ltr'><strong>tius</strong></span> <span class='ocrx_word' id='word_1_715' title='bbox 681 5014 924 5084; x_wconf 83' lang='lat' dir='ltr'><strong>paternis</strong></span> <span class='ocrx_word' id='word_1_716' title='bbox 952 5012 1280 5080; x_wconf 84' lang='lat' dir='ltr'><strong>visceribus,</strong></span> <span class='ocrx_word' id='word_1_717' title='bbox 1307 5014 1511 5084; x_wconf 88' lang='lat' dir='ltr'><strong>quibus</strong></span> <span class='ocrx_word' id='word_1_718' title='bbox 1541 5014 1632 5070; x_wconf 89' lang='lat' dir='ltr'><strong>hic</strong></span> <span class='ocrx_word' id='word_1_719' title='bbox 1656 5032 1785 5086; x_wconf 88' lang='lat' dir='ltr'><strong>erga</strong></span> <span class='ocrx_word' id='word_1_720' title='bbox 1813 5015 1962 5084; x_wconf 86' lang='lat' dir='ltr'><strong>ipsos</strong></span> <span class='ocrx_word' id='word_1_721' title='bbox 1986 5027 2112 5072; x_wconf 84' lang='lat' dir='ltr'><strong>ute-</strong></span> 
     </span>
    </p>
   </div>
   <div class='ocr_carea' id='block_1_101' title="bbox 544 5105 2113 5176">
    <p class='ocr_par' dir='ltr' id='par_1_101' title="bbox 544 5105 2113 5176">
     <span class='ocr_line' id='line_1_101' title="bbox 544 5105 2113 5176; baseline 0.001 -15"><span class='ocrx_word' id='word_1_722' title='bbox 544 5107 707 5162; x_wconf 82' lang='lat' dir='ltr'><strong>batur</strong></span> <span class='ocrx_word' id='word_1_723' title='bbox 749 5123 764 5161; x_wconf 92' lang='lat'><strong>:</strong></span> <span class='ocrx_word' id='word_1_724' title='bbox 821 5105 1129 5176; x_wconf 70' lang='lat' dir='ltr'><strong>praesertim</strong></span> <span class='ocrx_word' id='word_1_725' title='bbox 1173 5121 1297 5161; x_wconf 90' lang='lat' dir='ltr'><strong>cum</strong></span> <span class='ocrx_word' id='word_1_726' title='bbox 1355 5121 1594 5176; x_wconf 86' lang='lat' dir='ltr'><strong>superna</strong></span> <span class='ocrx_word' id='word_1_727' title='bbox 1642 5106 1992 5162; x_wconf 86' lang='lat' dir='ltr'><strong>Providentia</strong></span> <span class='ocrx_word' id='word_1_728' title='bbox 2037 5107 2113 5162; x_wconf 88' lang='lat' dir='ltr'><strong>ita</strong></span> 
     </span>
    </p>
   </div>
   <div class='ocr_carea' id='block_1_102' title="bbox 543 5197 2112 5269">
    <p class='ocr_par' dir='ltr' id='par_1_102' title="bbox 543 5197 2112 5269">
     <span class='ocr_line' id='line_1_102' title="bbox 543 5197 2112 5269; baseline 0.002 -17"><span class='ocrx_word' id='word_1_729' title='bbox 543 5197 906 5268; x_wconf 86' lang='lat' dir='ltr'><strong>disposuisset</strong></span> <span class='ocrx_word' id='word_1_730' title='bbox 933 5197 1232 5253; x_wconf 88' lang='lat' dir='ltr'><strong>multorum</strong></span> <span class='ocrx_word' id='word_1_731' title='bbox 1261 5198 1494 5254; x_wconf 89' lang='lat' dir='ltr'><strong>salutem</strong></span> <span class='ocrx_word' id='word_1_732' title='bbox 1529 5213 1592 5254; x_wconf 90' lang='lat' dir='ltr'><strong>ac</strong></span> <span class='ocrx_word' id='word_1_733' title='bbox 1635 5198 1917 5269; x_wconf 84' lang='lat' dir='ltr'><strong>Evangelii</strong></span> <span class='ocrx_word' id='word_1_734' title='bbox 1972 5215 2112 5269; x_wconf 80' lang='lat' dir='ltr'><strong>prae-</strong></span> 
     </span>
    </p>
   </div>
   <div class='ocr_carea' id='block_1_103' title="bbox 542 5290 2111 5364">
    <p class='ocr_par' dir='ltr' id='par_1_103' title="bbox 542 5290 2111 5364">
     <span class='ocr_line' id='line_1_103' title="bbox 542 5290 2111 5364; baseline 0.001 -19"><span class='ocrx_word' id='word_1_735' title='bbox 542 5290 895 5347; x_wconf 86' lang='lat' dir='ltr'><strong>dicationem.</strong></span> <span class='ocrx_word' id='word_1_736' title='bbox 923 5291 992 5347; x_wconf 83' lang='lat' dir='ltr'><strong>Et</strong></span> <span class='ocrx_word' id='word_1_737' title='bbox 1020 5291 1258 5362; x_wconf 90' lang='lat' dir='ltr'><strong>primum</strong></span> <span class='ocrx_word' id='word_1_738' title='bbox 1291 5291 1512 5363; x_wconf 87' lang='lat' dir='ltr'><strong>quidem</strong></span> <span class='ocrx_word' id='word_1_739' title='bbox 1547 5292 1664 5362; x_wconf 89' lang='lat' dir='ltr'><strong>ipse</strong></span> <span class='ocrx_word' id='word_1_740' title='bbox 1692 5292 1962 5364; x_wconf 87' lang='lat' dir='ltr'><strong>jejunium</strong></span> <span class='ocrx_word' id='word_1_741' title='bbox 2003 5292 2111 5348; x_wconf 88' lang='lat' dir='ltr'><strong>sibi</strong></span> 
     </span>
    </p>
   </div>
   <div class='ocr_carea' id='block_1_104' title="bbox 543 5383 2113 5455">
    <p class='ocr_par' dir='ltr' id='par_1_104' title="bbox 543 5383 2113 5455">
     <span class='ocr_line' id='line_1_104' title="bbox 543 5383 2113 5455; baseline 0.003 -18"><span class='ocrx_word' id='word_1_742' title='bbox 543 5386 798 5454; x_wconf 88' lang='lat' dir='ltr'><strong>imperat,</strong></span> <span class='ocrx_word' id='word_1_743' title='bbox 842 5383 1068 5454; x_wconf 87' lang='lat' dir='ltr'><strong>jejunus</strong></span> <span class='ocrx_word' id='word_1_744' title='bbox 1117 5383 1234 5454; x_wconf 90' lang='lat' dir='ltr'><strong>ipse</strong></span> <span class='ocrx_word' id='word_1_745' title='bbox 1297 5397 1363 5439; x_wconf 86' lang='lat' dir='ltr'><strong>ac</strong></span> <span class='ocrx_word' id='word_1_746' title='bbox 1419 5383 1818 5454; x_wconf 88' lang='lat' dir='ltr'><strong>propemodum</strong></span> <span class='ocrx_word' id='word_1_747' title='bbox 1883 5399 2113 5455; x_wconf 82' lang='lat' dir='ltr'><strong>corpore</strong></span> 
     </span>
    </p>
   </div>
   <div class='ocr_carea' id='block_1_105' title="bbox 541 5475 2113 5548">
    <p class='ocr_par' dir='ltr' id='par_1_105' title="bbox 541 5475 2113 5548">
     <span class='ocr_line' id='line_1_105' title="bbox 541 5475 2113 5548; baseline 0.003 -19"><span class='ocrx_word' id='word_1_748' title='bbox 541 5475 842 5532; x_wconf 85' lang='lat' dir='ltr'><strong>exhaustus</strong></span> <span class='ocrx_word' id='word_1_749' title='bbox 867 5517 884 5539; x_wconf 88' lang='lat'><strong>.</strong></span> <span class='ocrx_word' id='word_1_750' title='bbox 937 5476 1169 5548; x_wconf 86' lang='lat' dir='ltr'><strong>aliisque</strong></span> <span class='ocrx_word' id='word_1_751' title='bbox 1212 5475 1320 5533; x_wconf 86' lang='lat' dir='ltr'><strong>hoc</strong></span> <span class='ocrx_word' id='word_1_752' title='bbox 1359 5475 1538 5548; x_wconf 89' lang='lat' dir='ltr'><strong>ipsum</strong></span> <span class='ocrx_word' id='word_1_753' title='bbox 1570 5477 1864 5533; x_wconf 87' lang='lat' dir='ltr'><strong>constituit</strong></span> <span class='ocrx_word' id='word_1_754' title='bbox 1894 5492 1959 5532; x_wconf 88' lang='lat' dir='ltr'><strong>ac</strong></span> <span class='ocrx_word' id='word_1_755' title='bbox 1982 5477 2113 5533; x_wconf 90' lang='lat' dir='ltr'><strong>abs-</strong></span> 
     </span>
    </p>
   </div>
   <div class='ocr_carea' id='block_1_106' title="bbox 545 5566 2110 5640">
    <p class='ocr_par' dir='ltr' id='par_1_106' title="bbox 545 5566 2110 5640">
     <span class='ocr_line' id='line_1_106' title="bbox 545 5566 2110 5640; baseline 0.002 -20"><span class='ocrx_word' id='word_1_756' title='bbox 545 5566 831 5622; x_wconf 87' lang='lat' dir='ltr'><strong>tinentiam</strong></span> <span class='ocrx_word' id='word_1_757' title='bbox 862 5568 1100 5622; x_wconf 85' lang='lat' dir='ltr'><strong>amatis.</strong></span> <span class='ocrx_word' id='word_1_758' title='bbox 1151 5569 1218 5624; x_wconf 83' lang='lat' dir='ltr'><strong>Et</strong></span> <span class='ocrx_word' id='word_1_759' title='bbox 1266 5567 1369 5624; x_wconf 87' lang='lat' dir='ltr'><strong>ltos</strong></span> <span class='ocrx_word' id='word_1_760' title='bbox 1413 5568 1636 5638; x_wconf 87' lang='lat' dir='ltr'><strong>quidem</strong></span> <span class='ocrx_word' id='word_1_761' title='bbox 1687 5568 1742 5625; x_wconf 90' lang='lat' dir='ltr'><strong>in</strong></span> <span class='ocrx_word' id='word_1_762' title='bbox 1780 5569 1872 5624; x_wconf 92' lang='lat' dir='ltr'><strong>tali</strong></span> <span class='ocrx_word' id='word_1_763' title='bbox 1926 5570 2110 5640; x_wconf 89' lang='lat' dir='ltr'><strong>quiete</strong></span> 
     </span>
    </p>
   </div>
   <div class='ocr_carea' id='block_1_107' title="bbox 544 5656 2110 5730">
    <p class='ocr_par' dir='ltr' id='par_1_107' title="bbox 544 5656 2110 5730">
     <span class='ocr_line' id='line_1_107' title="bbox 544 5656 2110 5730; baseline 0.003 -20"><span class='ocrx_word' id='word_1_764' title='bbox 544 5656 825 5726; x_wconf 85' lang='lat' dir='ltr'><strong>relinquit.</strong></span> <span class='ocrx_word' id='word_1_765' title='bbox 871 5657 1140 5712; x_wconf 71' lang='lat' dir='ltr'><strong>Cmterum</strong></span> <span class='ocrx_word' id='word_1_766' title='bbox 1192 5673 1361 5712; x_wconf 91' lang='lat' dir='ltr'><strong>unum</strong></span> <span class='ocrx_word' id='word_1_767' title='bbox 1399 5658 1690 5729; x_wconf 86' lang='lat' dir='ltr'><strong>quemdam</strong></span> <span class='ocrx_word' id='word_1_768' title='bbox 1724 5674 1754 5714; x_wconf 89' lang='lat' dir='ltr'><strong>e</strong></span> <span class='ocrx_word' id='word_1_769' title='bbox 1805 5669 2014 5730; x_wconf 88' lang='lat' dir='ltr'><strong>septem</strong></span> <span class='ocrx_word' id='word_1_770' title='bbox 2051 5675 2110 5715; x_wconf 85' lang='lat' dir='ltr'><strong>se</strong></span> 
     </span>
    </p>
   </div>
   <div class='ocr_carea' id='block_1_108' title="bbox 543 5750 2101 5822">
    <p class='ocr_par' dir='ltr' id='par_1_108' title="bbox 543 5750 2101 5822">
     <span class='ocr_line' id='line_1_108' title="bbox 543 5750 2101 5822; baseline 0.001 -18"><span class='ocrx_word' id='word_1_771' title='bbox 543 5751 698 5820; x_wconf 82' lang='lat' dir='ltr'><strong>sequi</strong></span> <span class='ocrx_word' id='word_1_772' title='bbox 727 5750 904 5820; x_wconf 83' lang='lat' dir='ltr'><strong>jubet,</strong></span> <span class='ocrx_word' id='word_1_773' title='bbox 937 5751 1247 5808; x_wconf 78' lang='lat' dir='ltr'><strong>Prochorus</strong></span> <span class='ocrx_word' id='word_1_774' title='bbox 1291 5751 1380 5807; x_wconf 83' lang='lat' dir='ltr'><strong>hic</strong></span> <span class='ocrx_word' id='word_1_775' title='bbox 1424 5763 1563 5820; x_wconf 88' lang='lat' dir='ltr'><strong>erat,</strong></span> <span class='ocrx_word' id='word_1_776' title='bbox 1606 5761 1664 5807; x_wconf 93' lang='lat' dir='ltr'><strong>ut</strong></span> <span class='ocrx_word' id='word_1_777' title='bbox 1714 5752 1827 5821; x_wconf 85' lang='lat' dir='ltr'><strong>ipse</strong></span> <span class='ocrx_word' id='word_1_778' title='bbox 1877 5753 2101 5822; x_wconf 87' lang='lat' dir='ltr'><strong>quidem</strong></span> 
     </span>
    </p>
   </div>
   <div class='ocr_carea' id='block_1_109' title="bbox 2218 4824 3786 4898">
    <p class='ocr_par' dir='ltr' id='par_1_109' title="bbox 2218 4824 3786 4898">
     <span class='ocr_line' id='line_1_109' title="bbox 2218 4824 3786 4898; baseline -0.004 -16"><span class='ocrx_word' id='word_1_779' title='bbox 2218 4828 2472 4882; x_wconf 87' lang='grc' dir='ltr'>τυπῶσαι</span> <span class='ocrx_word' id='word_1_780' title='bbox 2501 4832 2562 4881; x_wconf 77' lang='grc' dir='ltr'>τὸ</span> <span class='ocrx_word' id='word_1_781' title='bbox 2588 4829 2712 4881; x_wconf 85' lang='grc' dir='ltr'>καθ’</span> <span class='ocrx_word' id='word_1_782' title='bbox 2739 4829 2888 4898; x_wconf 80' lang='grc' dir='ltr'>ἡμᾶς</span> <span class='ocrx_word' id='word_1_783' title='bbox 2920 4827 3021 4898; x_wconf 80' lang='grc' dir='ltr'>τῆς</span> <span class='ocrx_word' id='word_1_784' title='bbox 3062 4826 3192 4897; x_wconf 83' lang='grc' dir='ltr'>ὅλης</span> <span class='ocrx_word' id='word_1_785' title='bbox 3221 4824 3316 4880; x_wconf 88' lang='grc' dir='ltr'><strong>τοῦ</strong></span> <span class='ocrx_word' id='word_1_786' title='bbox 3348 4824 3593 4897; x_wconf 85' lang='grc' dir='ltr'>Χριστοῦ</span> <span class='ocrx_word' id='word_1_787' title='bbox 3636 4824 3786 4877; x_wconf 76' lang='grc' dir='ltr'>οίκοο</span> 
     </span>
    </p>
   </div>
   <div class='ocr_carea' id='block_1_110' title="bbox 2216 4911 3789 4989">
    <p class='ocr_par' dir='ltr' id='par_1_110' title="bbox 2216 4911 3789 4989">
     <span class='ocr_line' id='line_1_110' title="bbox 2216 4911 3789 4989; baseline -0.006 -16"><span class='ocrx_word' id='word_1_788' title='bbox 2216 4920 2411 4987; x_wconf 83' lang='grc' dir='ltr'>νομίας</span> <span class='ocrx_word' id='word_1_789' title='bbox 2439 4921 2760 4989; x_wconf 76' lang='grc' dir='ltr'>μυστήριον.</span> <span class='ocrx_word' id='word_1_790' title='bbox 2803 4919 2955 4972; x_wconf 83' lang='grc' dir='ltr'>Εἵκει</span> <span class='ocrx_word' id='word_1_791' title='bbox 2996 4915 3286 4986; x_wconf 88' lang='grc' dir='ltr'>τοιγαροῦν</span> <span class='ocrx_word' id='word_1_792' title='bbox 3323 4917 3391 4986; x_wconf 73' lang='grc' dir='ltr'>τῇ</span> <span class='ocrx_word' id='word_1_793' title='bbox 3443 4914 3670 4967; x_wconf 75' lang='grc' dir='ltr'>ἐκείνων</span> <span class='ocrx_word' id='word_1_794' title='bbox 3701 4911 3789 4964; x_wconf 86' lang='lat' dir='ltr'><strong>al-</strong></span> 
     </span>
    </p>
   </div>
   <div class='ocr_carea' id='block_1_111' title="bbox 2212 5005 3781 5082">
    <p class='ocr_par' dir='ltr' id='par_1_111' title="bbox 2212 5005 3781 5082">
     <span class='ocr_line' id='line_1_111' title="bbox 2212 5005 3781 5082; baseline -0.005 -19"><span class='ocrx_word' id='word_1_795' title='bbox 2212 5011 2368 5082; x_wconf 87' lang='grc' dir='ltr'>τήσει</span> <span class='ocrx_word' id='word_1_796' title='bbox 2391 5028 2406 5042; x_wconf 71' lang='grc' dir='ltr'><strong>ο</strong></span> <span class='ocrx_word' id='word_1_797' title='bbox 2442 5009 2646 5079; x_wconf 79' lang='grc' dir='ltr'>μᾶλλον</span> <span class='ocrx_word' id='word_1_798' title='bbox 2689 5010 2746 5062; x_wconf 76' lang='grc' dir='ltr'><strong>δέ</strong></span> <span class='ocrx_word' id='word_1_799' title='bbox 2776 5012 2889 5073; x_wconf 85' lang='grc' dir='ltr'>τοῖς</span> <span class='ocrx_word' id='word_1_800' title='bbox 2917 5009 3207 5080; x_wconf 85' lang='grc' dir='ltr'>πατρικοῖς</span> <span class='ocrx_word' id='word_1_801' title='bbox 3247 5006 3388 5060; x_wconf 74' lang='grc' dir='ltr'>εἴκει</span> <span class='ocrx_word' id='word_1_802' title='bbox 3426 5005 3781 5075; x_wconf 82' lang='grc' dir='ltr'>σπλάγχνοις,</span> 
     </span>
    </p>
   </div>
   <div class='ocr_carea' id='block_1_112' title="bbox 2212 5094 3786 5173">
    <p class='ocr_par' dir='ltr' id='par_1_112' title="bbox 2212 5094 3786 5173">
     <span class='ocr_line' id='line_1_112' title="bbox 2212 5094 3786 5173; baseline -0.004 -17"><span class='ocrx_word' id='word_1_803' title='bbox 2212 5097 2294 5165; x_wconf 81' lang='grc' dir='ltr'>οἷς</span> <span class='ocrx_word' id='word_1_804' title='bbox 2325 5103 2454 5172; x_wconf 76' lang='grc' dir='ltr'>περὶ</span> <span class='ocrx_word' id='word_1_805' title='bbox 2489 5103 2688 5166; x_wconf 77' lang='grc' dir='ltr'>αὐτοὺς</span> <span class='ocrx_word' id='word_1_806' title='bbox 2719 5094 2875 5166; x_wconf 71' lang='grc' dir='ltr'>οὗτος</span> <span class='ocrx_word' id='word_1_807' title='bbox 2903 5101 3172 5173; x_wconf 76' lang='grc' dir='ltr'>ἐκέχρητο</span> <span class='ocrx_word' id='word_1_808' title='bbox 3199 5140 3216 5165; x_wconf 88' lang='grc'><strong>,</strong></span> <span class='ocrx_word' id='word_1_809' title='bbox 3274 5099 3448 5162; x_wconf 75' lang='grc' dir='ltr'>ἄλλως</span> <span class='ocrx_word' id='word_1_810' title='bbox 3475 5113 3536 5151; x_wconf 79' lang='grc' dir='ltr'><strong>τε</strong></span> <span class='ocrx_word' id='word_1_811' title='bbox 3567 5096 3663 5150; x_wconf 77' lang='grc' dir='ltr'>καὶ</span> <span class='ocrx_word' id='word_1_812' title='bbox 3689 5095 3786 5162; x_wconf 76' lang='grc' dir='ltr'>τῆς</span> 
     </span>
    </p>
   </div>
   <div class='ocr_carea' id='block_1_113' title="bbox 2217 5190 3787 5267">
    <p class='ocr_par' dir='ltr' id='par_1_113' title="bbox 2217 5190 3787 5267">
     <span class='ocr_line' id='line_1_113' title="bbox 2217 5190 3787 5267; baseline -0.007 -17"><span class='ocrx_word' id='word_1_813' title='bbox 2217 5197 2486 5267; x_wconf 84' lang='grc' dir='ltr'>Προνοίας</span> <span class='ocrx_word' id='word_1_814' title='bbox 2513 5197 2724 5251; x_wconf 82' lang='grc' dir='ltr'>ἀνωθεν</span> <span class='ocrx_word' id='word_1_815' title='bbox 2751 5197 2850 5266; x_wconf 84' lang='grc' dir='ltr'>τὴν</span> <span class='ocrx_word' id='word_1_816' title='bbox 2876 5195 2986 5249; x_wconf 84' lang='grc' dir='ltr'>τῶν</span> <span class='ocrx_word' id='word_1_817' title='bbox 3013 5194 3225 5248; x_wconf 84' lang='grc' dir='ltr'>πολλῶν</span> <span class='ocrx_word' id='word_1_818' title='bbox 3273 5193 3550 5263; x_wconf 80' lang='grc' dir='ltr'>σωτηρίαν</span> <span class='ocrx_word' id='word_1_819' title='bbox 3602 5190 3698 5243; x_wconf 81' lang='grc' dir='ltr'>καὶ</span> <span class='ocrx_word' id='word_1_820' title='bbox 3727 5190 3787 5240; x_wconf 78' lang='grc' dir='ltr'>τὸ</span> 
     </span>
    </p>
   </div>
   <div class='ocr_carea' id='block_1_114' title="bbox 2215 5282 3784 5359">
    <p class='ocr_par' dir='ltr' id='par_1_114' title="bbox 2215 5282 3784 5359">
     <span class='ocr_line' id='line_1_114' title="bbox 2215 5282 3784 5359; baseline -0.008 -14"><span class='ocrx_word' id='word_1_821' title='bbox 2215 5290 2314 5345; x_wconf 88' lang='grc' dir='ltr'><strong>τοῦ</strong></span> <span class='ocrx_word' id='word_1_822' title='bbox 2357 5289 2696 5358; x_wconf 76' lang='grc' dir='ltr'>Εὑαγγελίου</span> <span class='ocrx_word' id='word_1_823' title='bbox 2732 5289 2998 5359; x_wconf 83' lang='grc' dir='ltr'>κήρυγμα</span> <span class='ocrx_word' id='word_1_824' title='bbox 3045 5285 3220 5348; x_wconf 76' lang='grc' dir='ltr'>οὕτως</span> <span class='ocrx_word' id='word_1_825' title='bbox 3254 5282 3784 5354; x_wconf 72' lang='grc' dir='ltr'>οἰκονομησαμένης.</span> 
     </span>
    </p>
   </div>
   <div class='ocr_carea' id='block_1_115' title="bbox 2215 5374 3788 5456">
    <p class='ocr_par' dir='ltr' id='par_1_115' title="bbox 2215 5374 3788 5456">
     <span class='ocr_line' id='line_1_115' title="bbox 2215 5374 3788 5456; baseline -0.011 -14"><span class='ocrx_word' id='word_1_826' title='bbox 2215 5388 2326 5441; x_wconf 73' lang='grc' dir='ltr'><strong>Καὶ</strong></span> <span class='ocrx_word' id='word_1_827' title='bbox 2371 5384 2564 5456; x_wconf 81' lang='grc' dir='ltr'>πρῶτα</span> <span class='ocrx_word' id='word_1_828' title='bbox 2623 5383 2724 5452; x_wconf 77' lang='grc' dir='ltr'>μὲν</span> <span class='ocrx_word' id='word_1_829' title='bbox 2784 5381 3003 5435; x_wconf 85' lang='grc' dir='ltr'>ἀσιτίαν</span> <span class='ocrx_word' id='word_1_830' title='bbox 3073 5378 3252 5449; x_wconf 82' lang='grc' dir='ltr'>ἐαυτῷ</span> <span class='ocrx_word' id='word_1_831' title='bbox 3327 5374 3703 5446; x_wconf 63' lang='grc' dir='ltr'>παραγγέλλει</span> <span class='ocrx_word' id='word_1_832' title='bbox 3759 5376 3788 5426; x_wconf 86' lang='grc' dir='ltr'><strong>δ</strong></span> 
     </span>
    </p>
   </div>
   <div class='ocr_carea' id='block_1_116' title="bbox 2215 5467 3786 5545">
    <p class='ocr_par' dir='ltr' id='par_1_116' title="bbox 2215 5467 3786 5545">
     <span class='ocr_line' id='line_1_116' title="bbox 2215 5467 3786 5545; baseline -0.008 -14"><span class='ocrx_word' id='word_1_833' title='bbox 2215 5477 2403 5538; x_wconf 80' lang='grc' dir='ltr'>ἄσιτος</span> <span class='ocrx_word' id='word_1_834' title='bbox 2440 5473 2640 5545; x_wconf 88' lang='grc' dir='ltr'>μικροῦ</span> <span class='ocrx_word' id='word_1_835' title='bbox 2671 5474 2766 5527; x_wconf 82' lang='grc' dir='ltr'>καὶ</span> <span class='ocrx_word' id='word_1_836' title='bbox 2791 5473 3121 5544; x_wconf 76' lang='grc' dir='ltr'>ἀσώματοςο</span> <span class='ocrx_word' id='word_1_837' title='bbox 3154 5471 3267 5535; x_wconf 84' lang='grc' dir='ltr'>τοῖς</span> <span class='ocrx_word' id='word_1_838' title='bbox 3314 5470 3372 5523; x_wconf 84' lang='grc' dir='ltr'>δὲ</span> <span class='ocrx_word' id='word_1_839' title='bbox 3419 5469 3603 5529; x_wconf 79' lang='grc' dir='ltr'>ἄλλοις</span> <span class='ocrx_word' id='word_1_840' title='bbox 3655 5467 3786 5521; x_wconf 81' lang='grc' dir='ltr'>αὑτό</span> 
     </span>
    </p>
   </div>
   <div class='ocr_carea' id='block_1_117' title="bbox 2225 5556 3789 5638">
    <p class='ocr_par' dir='ltr' id='par_1_117' title="bbox 2225 5556 3789 5638">
     <span class='ocr_line' id='line_1_117' title="bbox 2225 5556 3789 5638; baseline -0.009 -15"><span class='ocrx_word' id='word_1_841' title='bbox 2225 5586 2283 5623; x_wconf 84' lang='grc' dir='ltr'><strong>τε</strong></span> <span class='ocrx_word' id='word_1_842' title='bbox 2319 5567 2498 5633; x_wconf 83' lang='grc' dir='ltr'>τοῦτο,</span> <span class='ocrx_word' id='word_1_843' title='bbox 2527 5569 2621 5620; x_wconf 72' lang='grc' dir='ltr'>καὶ</span> <span class='ocrx_word' id='word_1_844' title='bbox 2649 5567 2749 5636; x_wconf 78' lang='grc' dir='ltr'><strong>τὴν</strong></span> <span class='ocrx_word' id='word_1_845' title='bbox 2782 5563 2891 5618; x_wconf 85' lang='grc' dir='ltr'><strong>τῶν</strong></span> <span class='ocrx_word' id='word_1_846' title='bbox 2935 5564 3120 5617; x_wconf 83' lang='grc' dir='ltr'>κακῶν</span> <span class='ocrx_word' id='word_1_847' title='bbox 3161 5561 3514 5638; x_wconf 74' lang='grc' dir='ltr'>ἀλλοτρίωσιν</span> <span class='ocrx_word' id='word_1_848' title='bbox 3541 5556 3789 5611; x_wconf 80' lang='grc' dir='ltr'>ὑποτίθε-</span> 
     </span>
    </p>
   </div>
   <div class='ocr_carea' id='block_1_118' title="bbox 2218 5649 3776 5727">
    <p class='ocr_par' dir='ltr' id='par_1_118' title="bbox 2218 5649 3776 5727">
     <span class='ocr_line' id='line_1_118' title="bbox 2218 5649 3776 5727; baseline -0.01 -14"><span class='ocrx_word' id='word_1_849' title='bbox 2218 5677 2326 5713; x_wconf 72' lang='grc' dir='ltr'>ται.</span> <span class='ocrx_word' id='word_1_850' title='bbox 2363 5659 2466 5712; x_wconf 80' lang='grc' dir='ltr'><strong>Καὶ</strong></span> <span class='ocrx_word' id='word_1_851' title='bbox 2505 5659 2631 5720; x_wconf 78' lang='grc' dir='ltr'>τοὺς</span> <span class='ocrx_word' id='word_1_852' title='bbox 2659 5657 2760 5727; x_wconf 79' lang='grc' dir='ltr'>μὲν</span> <span class='ocrx_word' id='word_1_853' title='bbox 2800 5658 2861 5710; x_wconf 87' lang='grc' dir='ltr'><strong>ἐν</strong></span> <span class='ocrx_word' id='word_1_854' title='bbox 2891 5659 2955 5727; x_wconf 78' lang='grc' dir='ltr'>τῇ</span> <span class='ocrx_word' id='word_1_855' title='bbox 2983 5653 3213 5726; x_wconf 73' lang='grc' dir='ltr'>τοιαύτῃ</span> <span class='ocrx_word' id='word_1_856' title='bbox 3244 5651 3564 5706; x_wconf 82' lang='grc' dir='ltr'>καταλείπει</span> <span class='ocrx_word' id='word_1_857' title='bbox 3591 5649 3776 5718; x_wconf 70' lang='grc' dir='ltr'>σχολῇ·</span> 
     </span>
    </p>
   </div>
   <div class='ocr_carea' id='block_1_119' title="bbox 2219 5738 3784 5819">
    <p class='ocr_par' dir='ltr' id='par_1_119' title="bbox 2219 5738 3784 5819">
     <span class='ocr_line' id='line_1_119' title="bbox 2219 5738 3784 5819; baseline -0.01 -13"><span class='ocrx_word' id='word_1_858' title='bbox 2219 5754 2313 5808; x_wconf 79' lang='grc' dir='ltr'>ἕνα</span> <span class='ocrx_word' id='word_1_859' title='bbox 2365 5751 2418 5805; x_wconf 84' lang='grc' dir='ltr'><strong>δέ</strong></span> <span class='ocrx_word' id='word_1_860' title='bbox 2481 5768 2596 5805; x_wconf 86' lang='grc' dir='ltr'>τινα</span> <span class='ocrx_word' id='word_1_861' title='bbox 2645 5750 2750 5804; x_wconf 81' lang='grc' dir='ltr'><strong>τῶν</strong></span> <span class='ocrx_word' id='word_1_862' title='bbox 2796 5749 2956 5818; x_wconf 77' lang='grc' dir='ltr'>ἑπτὰ,</span> <span class='ocrx_word' id='word_1_863' title='bbox 3007 5746 3281 5819; x_wconf 84' lang='grc' dir='ltr'>Πρόχορος</span> <span class='ocrx_word' id='word_1_864' title='bbox 3321 5738 3496 5810; x_wconf 72' lang='grc' dir='ltr'>οὗτος,</span> <span class='ocrx_word' id='word_1_865' title='bbox 3558 5742 3784 5796; x_wconf 77' lang='grc' dir='ltr'>ἒπεσο..ι</span> 
     </span>
    </p>
   </div>
  </div>
