4122 6380
382 269 492 332 693

385 473 598 525 ἐκείνου
655 473 1103 544 διασημαένηται.
1169 475 1340 538 Αὐτὸς
1388 476 1447 528 δὲ
1495 479 1594 544 τῆς
1651 481 1961 551 ἀκρωρείας

389 559 719 624 ἐφάπτεται.
772 560 880 611 Καὶ
912 560 1204 630 στηλοῦται
1239 563 1337 632 μὲν
1386 566 1528 618 κατὰ
1575 566 1664 618 τὸν
1710 568 1963 638 Σαμουὴλ

388 650 603 718 ὄρθιος,
643 654 782 704 κατὰ
829 652 886 705 δὲ
922 653 1127 707 Μωσέα
1179 654 1258 706 τὼ
1296 657 1446 726 χεῖρε
1485 657 1961 727 διεσχημάτισταιο

388 745 481 794 καὶ
533 744 626 795 τὸν
657 743 784 796 νοῦν
820 743 1028 809 ἐξελὼν
1057 745 1165 799 τῶν
1187 746 1518 817 αἰσθήσεων,
1543 747 1664 802 ὅλον
1696 749 1964 820 ἀναφέρει

393 835 530 904 πρὸς
560 834 649 886 τὸν
679 835 1036 904 ποθούμενον.
1072 839 1116 890 Τ
1121 837 1136 890 ί
1165 838 1258 892 οὖν
1301 839 1362 891 τὸ
1409 839 1692 901 ὲντεῦθενς
1737 841 1966 908 Βρονταὶ

386 925 680 993 φρικώδεις
710 927 805 978 καὶ
825 928 1058 998 δείματα
1090 931 1182 986 καὶ
1212 932 1487 999 άστραπιὶ
1524 933 1760 1002 σδνεχῶς
1794 935 1966 1005 ortop—

389 1018 794 1096 P'i’t’"5il~5"1‘_s
853 1036 944 1072 21'
1009 1020 1204 1088 ἀθρόοι
1264 1021 1667 1092 ἐκλάμπουσαι.
1749 1017 1849 1076 Ὧι
1917 1026 1965 1076 εἰ

390 1110 612 1164 amisso:
649 1127 732 1173 τις
760 1113 976 1172 εἰκόνας
1002 1112 1071 1164 τά
1093 1112 1273 1181 πολλῴ
1303 1115 1570 1183 πρότερον
1613 1115 1708 1168 ἐπὶ
1723 1116 1966 1178 Μωσέως

388 1200 689 1269 γενόμενα,
709 1198 872 1268 ἡνίκα
907 1199 1026 1270 Θεῷ
1057 1202 1404 1270 ἐντυγχάνων
1429 1197 1500 1273 ἦν
1523 1204 1614 1256 καὶ
1646 1204 1778 1272 παρ’
1800 1203 1964 1256 αὑτοῦ

387 1297 488 1352 τά,
521 1293 732 1353 πλάκας
777 1294 1090 1362 δεχόμενος,
1144 1294 1247 1347 οὐκ
1300 1295 1364 1348 ἂν
1424 1296 1661 1366 ἁμάρτοι
1698 1297 1792 1366 τῆς
1831 1297 1965 1366 ἀλη-

389 1386 563 1448 Θείας.
609 1381 742 1438 Εἶτα
805 1387 1028 1456 πρηνὴς
1066 1388 1184 1455 μὲν,
1219 1390 1310 1439 καὶ
1344 1389 1505 1440 οἱονεὶ
1535 1387 1739 1450 ἄπνου,
1771 1389 1799 1442 ὁ
1831 1391 1970 1459 [Ιρὸ-

390 1494 576 1546 χαρος,
631 1475 897 1538 τοιούτοις
933 1479 1035 1529 οὐκ
1067 1477 1308 1546 ἐνεγκὼν
1361 1479 1721 1548 ἐνδιατρίϐειν
1757 1480 1968 1549 θεάμα-

391 1586 522 1623 σιν·
575 1568 738 1630 οὗτος
769 1569 827 1622 δὲ
875 1570 1287 1638 άμετάτρεπτο,
1343 1571 1582 1638 ἵσταται,
1632 1573 1824 1644 πόρρω
1869 1573 1966 1643 τῆς

390 1659 612 1730 ἀγάπης
643 1660 703 1712 τὸ
734 1659 853 1724 δέος
898 1659 1190 1730 βαλούσης.
1247 1663 1340 1725 Εις
1371 1667 1556 1736 φωνὴν
1602 1667 1697 1718 καὶ
1726 1667 1821 1734 ὀψέ
1851 1684 1967 1730 πως

1028 334 1031 337 _
1509 274 1686 333 VITA
1732 275 1796 336 S.
1835 274 2160 338 JOANNIS
2190 278 2466 343 E‘VANG.

385 383 564 453 τούτῳ
597 381 832 448 κελεύει,
884 385 950 437 ἶν’
1004 387 1031 437 ό
1066 386 1164 454 μὲν
1209 387 1274 439 τὰ
1308 388 1458 455 παρὰ
1486 387 1642 448 Θεοῦ,
1698 390 1725 441 ὁ
1781 388 1837 441 δὲ
1900 389 1970 442 τά

2075 408 2136 447 ea
2188 409 2309 464 quae
2335 412 2376 450 ε·
2408 397 2520 452 Deo
2559 405 2768 464 essent,
2819 398 2922 454 iste
2971 409 3152 456 autem
3211 413 3332 469 qua:
3380 399 3449 454 ab
3495 399 3637 468 ipso,

3529 286 3639 350 691

2065 495 2302 540 notaret.
2345 488 2515 542 Porro
2546 488 2661 558 ipse
2712 489 2917 545 montis
2962 491 3223 546 verticem
3256 491 3534 560 capessit:
3583 501 3640 545 et

2067 593 2220 631 more
2245 579 2514 635 Samuelis
2543 581 2764 650 quidem
2799 593 2981 637 reatus
3001 585 3253 652 erigitur,
3285 582 3430 637 sicut
3463 583 3638 637 Moses

2064 675 2260 720 autem.
2299 670 2550 724 manilius
2584 671 2816 725 elevath
2841 671 3160 741 elliguratur
3193 689 3204 724 ε
3255 683 3310 726 et
3339 682 3573 727 mentem
3608 687 3635 723 a

2064 757 2698 824 seusibusabstractam,
2732 773 2898 816 totam
2927 764 3095 818 refert
3144 766 3196 818 in
3249 765 3298 816 id
3351 766 3497 834 quod
3544 780 3637 818 cx-

2063 860 2233 920 optat.
2271 853 2410 916 Quid
2443 869 2573 922 ergo
2606 855 2734 908 hinc
2765 865 3013 909 secutum
3050 860 3175 910 est?
3227 859 3508 910 Horrenda
3555 865 3640 910 to-

2069 944 2252 998 nitrua
2287 952 2343 999 et
2386 956 2630 1000 terrores
2670 962 2732 999 ac
2761 947 2973 1016 fulgura
3021 949 3282 1003 continue
3326 949 3635 1002 vehementi

2067 1039 2286 1108 fragore
2322 1040 2478 1100 elisa.
2531 1051 2585 1094 et
2636 1053 2866 1110 repente
2913 1042 3230 1111 eﬂ'ulgentia
3266 1061 3280 1096 :
3314 1058 3547 1111 quorum
3590 1045 3634 1096 si

2066 1131 2192 1198 quis
2242 1129 2507 1198 imagines
2565 1148 2628 1185 ac
2681 1133 2882 1202 ﬁguras
2931 1133 3135 1188 dixerit
3177 1150 3240 1186 ea
3299 1150 3420 1203 qua:
3468 1135 3639 1188 multo

2068 1230 2228 1274 antea
2262 1221 2368 1275 sub
2390 1221 2537 1276 Mose
2558 1224 2922 1291 contigerant,
2948 1225 3172 1292 quando
3210 1225 3318 1278 Deo
3361 1225 3551 1279 aderat
3583 1233 3641 1278 et

2067 1309 2137 1364 ab
2175 1325 2242 1363 eo
2300 1311 2514 1365 tabulas
2568 1313 2895 1378 accipiebat.
2962 1330 3306 1384 nequaquam
3343 1331 3372 1370 a
3408 1316 3640 1371 veritate

2069 1402 2428 1457 aberraverit.
2459 1403 2527 1456 At
2556 1404 2870 1458 Prochorus
2913 1405 3134 1460 interim
3172 1422 3378 1476 pronus
3417 1406 3638 1474 quidem

2067 1499 2123 1546 et
2153 1491 2303 1546 velut
2331 1493 2626 1560 exanimis,
2664 1511 2772 1548 non
2809 1495 3023 1550 ferebat
3073 1497 3217 1550 inter
3260 1497 3640 1566 hujuscemodi

2072 1581 2274 1636 versari
2305 1583 2658 1650 spectacula:
2720 1584 2836 1653 ipse
2884 1601 3014 1640 vero
3048 1595 3154 1640 stat
3209 1586 3639 1655 imperterritus.

2073 1688 2196 1726 cum
2227 1671 2470 1727 Charitas
2503 1674 2690 1741 procul
2750 1673 3043 1744 abiecisset
3086 1678 3361 1731 timorem.
3419 1677 3495 1729 Ad
3545 1693 3638 1730 ex-

391 1754 424 1819 η
487 1751 686 1822 βροντὴ
736 1751 1138 1823 διαρθροῦται,
1194 1760 1288 1806 καί
1337 1757 1662 1828 τρανότερον
1721 1759 1962 1828 ἀπηχεῖ·

2075 1775 2304 1820 tremum
2340 1767 2543 1821 tonitru
2577 1767 2631 1821 in
2666 1783 2853 1822 vocem
2899 1769 3232 1838 exprimitur
3285 1785 3350 1825 ac
3404 1769 3642 1825 dilucide

402 1843 510 1897 Ἐν
531 1841 692 1910 ἀρχῇ
724 1839 802 1912 ἦν
843 1847 876 1898 d
908 1845 1124 1914 Λόγος,
1166 1847 1265 1899 καί
1297 1849 1331 1901 ό
1361 1848 1553 1916 Λόγος
1576 1844 1654 1916 ἦν
1679 1847 1830 1916 πρὸς
1862 1851 1970 1904 τὸν

395 1934 563 1992 Θεὸν.
605 1935 701 1988 καὶ
749 1935 893 2003 Θεὸς
917 1932 994 2008 ἦν
1015 1939 1048 1991 ό
1078 1938 1291 2008 Λόγος.
1339 1939 1572 2009 Πλησίον
1599 1941 1696 2009 τῆς
1732 1943 1968 2012 θεορρη-

395 2027 634 2094 μοσύνης
667 2029 693 2078 ὁ
725 2026 1020 2097 ιιρόχορος,
1063 2030 1124 2081 τὸ
1173 2031 1273 2098 μὲν
1312 2031 1422 2096 φῶς
1451 2031 1669 2101 διορῶν,
1707 2038 1802 2085 καὶ
1831 2032 1967 2084 ύπὸ-

392 2132 597 2187 τρομνις
633 2115 727 2173 ῶν.
765 2118 983 2171 ἀκούων
1039 2119 1094 2172 δὲ
1143 2121 1375 2186 οὐδενὸς,
1435 2122 1516 2174 ὅτι
1557 2122 1692 2192 μηδὲ
1741 2123 1790 2174 οἱ
1830 2123 1973 2192 μετά

400 2206 615 2259 Παύλου
663 2209 756 2260 καὶ
804 2210 1046 2274 Μωσέως
1081 2212 1209 2265 ποτὲ
1251 2215 1360 2265 τῶν
1402 2215 1635 2278 ἐκείνοις
1680 2234 1970 2285 μυσταγωο

394 2297 704 2366 τουμένων.
742 2299 971 2353 Γλῶσσα
997 2303 1096 2368 τῆς
1133 2291 1365 2374 βροντῆς
1405 2308 1433 2358 ὁ
1475 2307 1758 2376 Θεολὸγος.
1811 2313 1896 2363 Κα
1945 2314 1972 2366 ὁ

395 2390 608 2460 μύστης
658 2393 856 2461 μικρὸν
885 2395 979 2446 τοῦ
1020 2395 1174 2458 δέους
1220 2397 1553 2466 ἀνενεγκὼν,
1584 2401 1973 2476 ὑποτρεμοᾶσῃ

393 2481 541 2552 χειρὶ
595 2482 665 2534 τά
715 2483 927 2536 ἐκεῖθεν
984 2485 1361 2559 διαχαράττει,
1426 2491 1528 2554 ἓως
1576 2493 1886 2564 ἀπηρτίσθη
1917 2499 1974 2550 τὸ

396 2576 755 2644 Εύαγγέλιον.
804 2578 1041 2632 Ἔπειτα
1075 2581 1424 2653 ὑποχωροῦσι
1467 2585 1535 2637 τά
1584 2585 1839 2655 δείματα,
1879 2590 1975 2641 καὶ

395 2671 510 2731 τοῖς
543 2669 640 2722 ἐπὶ
681 2670 782 2739 γῆς
817 2671 1269 2728 ἀνακαλύπτεται
1315 2679 1385 2727 τὰ
1414 2675 1666 2746 οὐράνια.
1715 2680 1841 2746 Ὀιίνὲ
1884 2683 1976 2735 καὶ

398 2763 508 2814 άπὸ
566 2761 661 2814 τοῦ
701 2765 864 2833 ὅρους
924 2767 1169 2820 κάτεισιν
1236 2770 1263 2821 ό
1308 2769 1588 2841 Ἰωάννης,
1646 2775 1736 2827 τὸν
1790 2775 1976 2828 καινὸν

397 2853 563 2923 νόμον
625 2857 1030 2926 ἐγχειρισθεὶς,
1099 2861 1175 2924 ῶς
1239 2865 1267 2915 ὁ
1325 2864 1560 2938 θεόπτης
1643 2869 1810 2921 πάλαι
1875 2870 1974 2934 τάς

398 2947 612 3012 πλάκας
637 2950 864 3020 Μωσῆς,
883 2954 980 3005 κο.)⁸
998 2953 1181 3008 δίδωσι
1204 2957 1387 3028 φέρων
1419 2962 1530 3025 τοῖς
1557 2963 1972 3032 αἰτησαμένοις.

394 3039 552 3094 Οὕτω
578 3044 870 3112 τοιγαροῦν
899 3043 958 3098 ὃν
995 3046 1209 3116 είλήφει
1242 3050 1408 3116 νόμον
1481 3053 1669 3106 καινὸν
1725 3057 1973 3124 sumpt--

396 3146 498 3190 σας
526 3131 775 3196 ἐκείνοις,
809 3131 971 3198 αὐτὸς
1002 3133 1096 3206 βίᾳ
1131 3137 1232 3206 μὲν
1269 3140 1362 3193 καὶ
1401 3140 1644 3195 ἀκόντων
1669 3144 1972 3213 νησιωτῶν,
2002 3127 2045 3148 ”

397 3221 674 3291 παρέπλει
704 3223 761 3277 δὲ
789 3225 938 3289 ὅμως
970 3225 1068 3296 τὴν
1098 3228 1353 3298 Ἔφεσον.
1385 3233 1448 3285 Ol
1481 3233 1560 3300 δὲ,
1601 3233 1790 3305 ὥσπερ
1823 3237 1870 3288 οί
1906 3238 1971 3305 τῇ

395 3315 506 3370 τῶν
535 3316 834 3386 ὀφθαλμῶν
865 3318 1115 3388 πηρώσει
1144 3321 1232 3376 διὰ
1261 3325 1478 3396 μακροῦ
1505 3327 1886 3397 κατεχόμενοι,
1921 3328 1975 3380 ετ

399 3426 532 3462 ποτε
584 3411 886 3465 ἀποθέσθαι
919 3413 1204 3482 δυνηθεῖεν
1242 3415 1340 3486 τὴν
1375 3415 1555 3484 νόσον,
1611 3418 1763 3488 ἥδιον
1809 3419 1978 3489 ὁρῶσι

400 3501 605 3570 μᾶλλον
637 3501 733 3556 τὸν
773 3505 927 3573 ἥλιον
951 3547 967 3572 ,
999 3505 1145 3562 οὕτω
1184 3510 1280 3560 καὶ
1313 3509 1405 3561 τὸν
1435 3508 1722 3580 ἀγαπητὸν
1771 3510 1979 3563 ἀπολα-

399 3598 586 3660 ϐόντες
619 3598 712 3649 τοῦ
741 3597 981 3667 Χριστοῦ
1016 3600 1067 3653 οί
1103 3599 1365 3666 Ἐφέσιοι,
1403 3600 1497 3654 καί
1527 3617 1579 3654 τι
1608 3601 1705 3654 καὶ
1732 3602 1976 3654 ποθεινό-

400 3705 559 3757 τεροι
593 3689 946 3743 διατίθενται.
976 3693 1041 3744 Τί
1077 3691 1255 3744 τοίνυν
1287 3692 1531 3756 ἑκεῖνοςς
1565 3692 1761 3745 Καίτοι
1801 3691 1976 3746 πολλὰ

406 3781 666 3844 πολλάκις
720 3782 934 3849 καμὼν,
967 3783 1030 3835 οὐ
1075 3782 1258 3836 δίδωσι
1289 3787 1399 3845 τοῖς
1431 3785 1731 3854 ὀφθαλμοῖς
1785 3784 1976 3851 ὕπνον,

406 3875 632 3934 καὶτοῖς
666 3871 956 3942 βλεφάρ-ι.ις
997 3876 1333 3944 νυσταγμὸν,
1380 3876 1502 3930 οὐδὲ
1535 3879 1648 3939 τοῖς
1683 3877 1977 3948 κροτάφοις

401 3964 743 4018 ἀνάπαυσινο
779 3966 918 4019 ἀλλὰ
947 3969 1259 4036 παρακαλεῖ
1295 3969 1395 4038 μὲν
1426 3970 1519 4023 τὸν
1560 3968 1709 4035 λαὸν,
1744 3970 1898 4040 ζηλοῖ
1923 3970 1978 4023 δὲ

405 4056 548 4107 κατά
571 4055 679 4108 τῶν
725 4056 993 4110 ἀπειθῶν.
1046 4057 1340 4126 Ἐπανάγει
1374 4061 1503 4124 τοὺς
1553 4061 1980 4115 ύποσκελισθέν-

404 4165 503 4210 τας
556 4151 624 4218 τῇ
674 4149 851 4220 πλάνῃ
881 4149 1019 4220 πρὸς
1054 4149 1156 4220 τὴν
1193 4149 1488 4222 ἀλήθειαν,
1545 4154 1808 4208 ἀποσοϐεῖ
1855 4157 1981 4220 τοὺς

405 4244 936 4312 ἐπεισκωμάσαντας
961 4247 1023 4314 τῇ
1058 4246 1267 4320 ποίμνῃ
1296 4245 1471 4317 θῆρας
1511 4249 1650 4315 μετὰ
1684 4249 1782 4320 τὴν
1811 4248 1978 4302 αὑτοῦ

407 4333 780 4406 ὑποχώρησιν,
818 4337 914 4389 καὶ
938 4337 1296 4393 ἀνακαλεῖται
1327 4339 1386 4392 τὸ
1423 4340 1695 4410 ποίμνιον.
1724 4341 1881 4396 υῦτω
1910 4342 1979 4397 τά

2070 1868 2288 1911 resonat
2315 1872 2328 1908 :
2364 1857 2422 1911 In
2446 1859 2706 1928 principio
2731 1867 2845 1913 erat
2878 1858 3124 1923 Verbum,
3161 1871 3209 1913 et
3267 1860 3491 1914 Verbum
3527 1871 3642 1914 erat

2069 1950 2211 2019 apud
2246 1950 2431 2013 Deum,
2475 1959 2525 2004 et
2554 1951 2695 2004 Deus
2745 1960 2858 2004 erat
2892 1950 3134 2006 Verbum.
3172 1952 3507 2016 Procliorus,
3547 1952 3641 2022 qui

2070 2041 2256 2096 divina
2285 2042 2631 2098 institutione
2665 2045 2950 2114 prosimus
2999 2056 3142 2108 erat,
3186 2047 3368 2100 lumen
3421 2045 3642 2114 quidem

2071 2133 2315 2194 videbat,
2350 2150 2661 2205 quanquam
2709 2137 3104 2200 subtremulus,
3152 2151 3313 2205 porro
3367 2137 3642 2191 neminem

2071 2224 2372 2278 audiebat:
2426 2226 2554 2294 quia
2589 2240 2769 2295 neque
2803 2225 2858 2279 hi
2906 2227 3000 2297 qui
3031 2242 3156 2280 cum
3191 2227 3357 2281 Paulo
3395 2236 3453 2281 et
3496 2226 3642 2281 Mosc

2072 2315 2348 2384 quondam
2388 2328 2570 2381 erant,
2620 2332 2717 2372 eos
2748 2317 3041 2372 audierunt
3085 2319 3179 2387 qui
3214 2318 3335 2373 illos
3377 2319 3430 2372 in
3477 2319 3650 2373 sacris

2075 2408 2460 2463 instituebant.
2522 2408 2726 2478 Lingua
2803 2409 3030 2462 touitrui
3089 2408 3378 2478 theologus
3425 2417 3531 2462 est.
3581 2407 3648 2462 Et

2077 2517 2358 2555 sacrarum
2393 2517 2580 2556 rerum
2603 2501 2927 2570 discipulus,
2961 2517 3212 2570 represso
3243 2500 3528 2571 paululum
3575 2501 3645 2553 ti-

2079 2608 2252 2653 more,
2288 2593 2631 2648 subtremula
2676 2609 2838 2647 manu
2889 2610 3011 2663 qua:
3069 2593 3196 2647 inde
3250 2601 3468 2662 sumpta
3521 2601 3650 2646 sunt

2077 2692 2290 2747 exarat,
2330 2683 2505 2738 donec
2539 2684 2839 2753 perlectum
2872 2695 2954 2739 est
2986 2685 3362 2754 Evangelium.
3405 2683 3650 2752 Denique

2079 2774 2282 2829 cedunt
2306 2789 2599 2844 pauperes,
2629 2791 2692 2830 ac
2731 2776 2964 2830 terrenis
3015 2776 3334 2829 revelantur
3381 2773 3645 2828 emlestia.

2077 2866 2319 2922 Tandem
2362 2867 2526 2920 etiam
2600 2883 2630 2920 a
2684 2877 2866 2922 monte
2911 2867 3196 2920 descendit
3240 2866 3500 2927 Joannes,
3552 2879 3652 2918 no-

2079 2972 2200 3011 vam
2235 2957 2407 3026 legem
2450 2958 2552 3012 sibi
2585 2958 2852 3013 creditam
2902 2958 3131 3020 habens,
3180 2956 3647 3027 quemadmodum

2079 3048 2209 3103 olim
2242 3049 2456 3105 tabulas
2508 3049 2685 3106 Moses
2739 3049 2834 3104 Dei
2882 3051 3201 3119 inspector:
3267 3049 3524 3118 illamque
3573 3047 3652 3102 ΐο-

2081 3157 2208 3196 rens
2234 3142 2330 3196 dat
2360 3142 2445 3196 his
2489 3143 2584 3212 qui
2629 3142 2956 3212 petiverant.
3018 3143 3092 3196 Ita
3143 3155 3275 3212 ergo
3309 3141 3406 3195 ubi
3452 3155 3648 3195 novam

2079 3233 2250 3304 legem
2296 3250 2459 3303 quam
2510 3246 2820 3304 acceperat,
2886 3236 2994 3288 illis
3041 3234 3380 3298 tradidisset,
3437 3233 3552 3303 ipse
3598 3232 3651 3286 vi

2078 3341 2210 3381 sane
2241 3334 2297 3380 et
2324 3327 2513 3383 invitis
2556 3327 2780 3399 quidem
2821 3328 3180 3390 insularihus,
3225 3326 3516 3397 navigabat
3573 3335 3648 3380 ta-

2080 3434 2205 3474 men
2235 3419 2510 3489 Ephesum
2544 3435 2754 3474 versus.
2783 3417 2950 3473 Porro
2995 3419 3070 3472 illi
3104 3418 3272 3472 veluti
3326 3417 3420 3488 qui
3456 3418 3643 3471 oculo-

2081 3522 2203 3560 rum
2230 3508 2475 3562 caecitate
2515 3508 2678 3578 longo
2712 3516 2958 3577 tempore
2982 3508 3324 3572 detinentur,
3361 3511 3406 3562 si
3428 3507 3651 3577 quando

2083 3598 2289 3667 possint
2322 3599 2572 3653 morbum
2609 3599 2898 3668 repellere,
2930 3601 3091 3670 longe
3131 3601 3436 3670 jucundius
3483 3601 3652 3655 solem

2082 3693 2405 3745 intuentur:
2460 3691 2533 3745 ita
2558 3702 2616 3747 et
2664 3692 2893 3761 Ephesii
2939 3694 3272 3764 recipientes
3319 3694 3523 3748 Christi
3567 3693 3654 3746 di-

2081 3782 2308 3844 lectum,
2339 3783 2576 3852 quodam
2607 3783 2774 3838 etiam
2832 3787 3000 3838 modo
3028 3784 3450 3839 desiderabilior.
3492 3800 3656 3853 quant

2083 3873 2234 3942 prius
2279 3873 2612 3928 alliciuntur.
2644 3874 2788 3940 Quid
2822 3883 3012 3928 autem
3034 3875 3126 3929 ille
3148 3877 3176 3928 ἲ
3204 3878 3528 3944 Quanquam
3565 3891 3657 3929 ve-

2081 3967 2368 4022 hementer
2395 3967 2587 4024 fuisset
2614 3968 3042 4038 frequenterque
3090 3969 3367 4038 fatigatus.
3413 3985 3520 4021 non
3567 3968 3658 4022 dat

2079 4059 2257 4114 oculis
2287 4075 2564 4125 somnum,
2599 4076 2701 4115 nec
2732 4060 3006 4130 palpebris
3047 4058 3521 4121 dormitationem,
3556 4073 3659 4114 nec

2083 4151 2331 4220 requiem
2360 4155 2696 4220 temporibus
2728 4172 2740 4205 :
2792 4151 2886 4206 sed
2915 4153 3174 4221 populum
3207 4151 3430 4220 quidem
3455 4150 3658 4205 exhor.

2083 4251 2252 4309 tatur,
2284 4243 2550 4298 adversus
2577 4254 2761 4300 autem
2807 4243 3123 4299 incredulos
3169 4243 3348 4298 zelum
3390 4241 3654 4298 ostendit.

2081 4335 2290 4392 Errore
2329 4337 2709 4407 supplantatos
2757 4336 2976 4394 reducit
3024 4336 3092 4391 ad
3136 4336 3457 4391 veritatem:
3511 4334 3657 4390 feras

408 4429 551 4483 κατὰ
574 4429 675 4499 τὴν
703 4431 940 4498 Ἔφεσον
970 4429 1315 4499 διαθέμενος,
1348 4433 1443 4485 ἐπὶ
1471 4433 1541 4484 τὰ
1574 4434 1802 4503 πλησίον
1823 4435 1973 4488 ἀπει-

2083 4435 2233 4482 arcet
2278 4442 2400 4497 qua:
2448 4435 2572 4498 post
2628 4443 2789 4483 suum
2846 4427 3151 4483 discessum
3202 4427 3556 4496 impudenter
3602 4426 3656 4480 iu

409 4536 495 4573 σιν
540 4521 693 4591 ἔθνη,
741 4522 979 4576 ἐνταῦθα
1029 4525 1127 4592 μὲν
1203 4525 1541 4588 ἐπισκόπους
1591 4529 1980 4598 καταστήσων,

404 4612 636 4666 ἐνταῦθα
661 4614 719 4667 δὲ
755 4617 846 4667 καὶ
901 4613 1029 4678 ὅλας
1098 4615 1394 4686 ἐκκλησίας
1477 4616 1558 4687 τῷ
1592 4618 1870 4689 Πνεύματι
1904 4619 1982 4672 δι-

403 4701 578 4769 δάξων
609 4703 992 4774 σημαίνεσθαι.

474 4977 547 5032 Ε’.
579 4976 721 5032 Ἀλλ’
787 4970 894 5031 ὧδὲ
959 4993 1028 5046 με
1087 4975 1180 5028 τοῦ
1227 4976 1384 5042 λόγου
1418 4977 1709 5047 γενόμενον
1768 4979 1826 5029 τὸ
1880 4978 1980 5047 τῆς

408 5069 658 5134 γενναίας
693 5071 872 5121 έκεῖνο
891 5069 1068 5138 ψυχῆς
1099 5069 1194 5120 καὶ
1220 5067 1606 5138 φιλανθρώπου
1641 5070 1974 5139 εἰσέρχεται.

411 5165 476 5214 ’Ὀ
503 5163 598 5215 καὶ
636 5161 844 5216 ἀνωθεν
878 5159 1164 5214 ἀναλαϐὼν
1214 5160 1311 5229 (ῶς
1339 5161 1502 5222 αὐτὸς
1535 5160 1766 5230 Κλήμης
1800 5161 1830 5212 ό
1882 5161 1979 5227 τῆς

400 5251 869 5324 ἐν’Δλεξανδρείᾳ
923 5251 1248 5318 Ἐκκλησίας
1277 5251 1680 5324 πρεσϐύτερος,
1732 5254 1871 5323 ἀνὴρ
1931 5251 1981 5307 τ’

399 5343 537 5400 ἀλλα
556 5361 614 5398 τε
637 5343 978 5414 θαυμαστὸς,
1015 5345 1112 5398 καὶ
1137 5345 1202 5414 δὴ
1236 5345 1331 5398 καὶ
1359 5344 1453 5396 τὸν
1483 5345 1640 5411 λόγον
1669 5344 1975 5409 ὶπαινετὸί,

400 5439 460 5490 ἐν
487 5435 596 5506 τῷ,
632 5437 728 5504 Τις
764 5439 799 5492 ό
833 5436 1172 5506 σωζόμενος
1227 5437 1524 5502 πλούσιος
1561 5476 1578 5503 ,
1633 5435 1776 5506 λόγῳ
1820 5438 1976 5505 φησὶ)

399 5530 753 5600 διηγήσομαι.
788 5531 1139 5600 Ἀφικόμενος
1163 5524 1270 5600 γὰρ
1295 5530 1545 5596 Ἰωάννης
1578 5529 1718 5598 μετά
1745 5528 1841 5597 τὴν
1867 5530 1972 5581 ἀπὸ

480 5713 496 5741 ’
527 5709 701 5766 Exod.
745 5727 877 5778 xvn,
920 5712 1125 5778 lseqq.
1214 5709 1254 5740 ὀ
1299 5708 1466 5763 Exod.
1507 5723 1687 5772 autv,
1731 5710 1930 5778 lscqq.

2085 4519 2230 4574 ovile
2260 4534 2320 4574 se
2355 4519 2721 4590 ingesserant,
2754 4535 2819 4574 ac
2848 4535 3070 4592 gregem
3099 4530 3340 4576 revocat.
3372 4522 3450 4576 lta
3477 4521 3662 4591 dispo-

2085 4611 2208 4666 sitis
2240 4609 2330 4666 his
2353 4625 2476 4681 qua:
2507 4612 2654 4666 circa
2687 4611 2964 4680 Ephesum
2999 4622 3178 4679 erant,
3209 4612 3277 4667 ad
3327 4613 3663 4683 propinquas

2083 4715 2274 4772 gentes
2324 4703 2594 4770 discedit;
2641 4704 2729 4759 hic
2780 4703 3002 4774 quidem
3050 4707 3342 4775 episcopos
3391 4706 3664 4760 constitu-

2087 4808 2264 4860 turus,
2302 4797 2414 4851 illic
2447 4813 2578 4852 vero
2620 4798 2861 4868 integras
2895 4783 3117 4870 quoilue
3157 4798 3428 4854 docturus
3474 4796 3662 4851 Eccle-

2079 4889 2188 4942 sia:
2214 4889 2421 4954 Spiritu
2444 4890 2742 4960 obsignari.

2156 4981 2218 5035 V.
2256 4981 2457 5037 Verum
2489 4997 2575 5036 me
2606 4984 2714 5036 huc
2745 4981 3018 5036 sermonis
3057 4994 3407 5052 progressum
3459 4981 3660 5032 factum

2082 5072 2214 5126 illud
2260 5073 2460 5127 anima:
2487 5088 2766 5143 generosa:
2793 5087 2858 5127 ac
2891 5072 3144 5127 humana:
3177 5083 3413 5140 occupat
3453 5088 3467 5124 :
3513 5071 3660 5140 quod

2079 5167 2246 5220 etiam
2275 5167 2442 5221 altius
2517 5177 2771 5236 repetens
2811 5165 3001 5235 (veluti
3045 5172 3232 5218 narrat
3285 5162 3538 5219 Clemens
3573 5163 3662 5216 ille

2083 5255 2467 5311 Alexandrinae
2521 5257 2775 5311 Ecclesia:
2827 5256 3155 5328 presbyter,
3201 5254 3286 5308 vir
3338 5263 3391 5308 et
3437 5253 3490 5307 in
3541 5252 3663 5306 aliis

2082 5346 2457 5410 admirandus,
2489 5356 2545 5400 et
2578 5347 2894 5416 eloquentia
2926 5361 3057 5401 sane
3103 5344 3417 5407 laudabilis,
3454 5347 3504 5395 in
3540 5357 3657 5396 ser-

2081 5452 2266 5504 mone,
2293 5437 2420 5503 Qut‘s
2457 5438 2600 5493 dives
2645 5439 2824 5493 salvus
2853 5439 2972 5508 ﬁat)
3017 5446 3278 5492 retexam.
3330 5435 3465 5492 Cum
3511 5433 3658 5488 enim

2082 5531 2415 5598 pervenisset
2450 5531 2689 5586 Joannes
2744 5542 2863 5600 post
2929 5531 3165 5584 reditum
3217 5545 3282 5584 cx
3341 5530 3528 5582 l‘utmo
3587 5527 3653 5578 ad
