4122 6380
464 244 575 306 695

1698 243 1982 304 MENSIS
2021 240 2454 302 DECEMBER.

3609 232 3714 294 698

465 357 757 427 quamdam
793 356 1097 410 vicinarum
1135 358 1435 423 civitatum,
1466 359 1620 426 cujus
1647 362 1810 413 etiam
1836 361 2023 430 appel-

2150 358 2224 423 τῆς
2243 356 2463 423 Πάτμου
2479 353 2702 407 κάθοδον
2721 351 2814 404 ὲπί
2835 367 2957 403 τινα
2976 350 3084 402 τῶν
3104 350 3160 401 οὐ
3190 348 3378 419 πόρρω
3399 346 3624 408 πόλεων,
3649 347 3716 418 ﬁ;

480 451 737 506 lationem
769 449 1017 502 nonnulli
1060 448 1271 512 dicunt,
1323 457 1379 503 et
1433 450 1632 504 fratres
1682 451 1772 518 qui
1829 452 1881 506 in
1935 454 2037 507 hac

466 549 627 595 erant
650 547 957 608 opportune
988 548 1289 593 recreasset
1328 557 1342 592 :
1399 540 1686 609 quemdam
1726 541 1802 594 ibi
1855 542 2040 595 adole-

465 642 708 686 scentem
734 630 957 698 reperit,
1004 630 1381 700 magnitudine
1410 631 1765 687 mediocrem.
1815 645 2036 701 aspectu

465 721 727 774 civilem:
761 735 995 789 cumque
1030 721 1330 789 perspicaci
1373 721 1604 790 spiritus
1650 720 1887 776 etiicacia
1947 739 2043 791 ge-

465 811 824 865 nerositatem
852 811 1049 865 animae
1078 810 1230 866 illius
1276 826 1341 865 ac
1392 825 1608 865 morum
1655 812 2039 865 liberalitatem

465 903 832 966 observasset,
866 901 1283 956 benedictiones
1328 903 1423 956 dat
1456 902 1813 965 adolescenti,
1846 913 1903 957 et
1924 905 2040 956 sul-

479 990 730 1047 licienter
774 993 953 1060 ipsum
1004 993 1219 1064 inungit
1260 1007 1324 1047 ac
1366 994 1589 1048 excitat.
1619 993 1886 1059 Quoniam
1945 1010 2046 1048 au-

473 1091 578 1137 tem
611 1084 722 1153 jam
773 1085 1118 1140 discessurus
1157 1094 1277 1140 erat
1294 1094 1351 1141 et
1369 1086 1476 1140 alio
1509 1101 1857 1149 accessurus,
1909 1097 2044 1142 utet

468 1185 672 1230 terram
728 1175 1139 1246 praedicatione,
1192 1185 1247 1230 et
1293 1192 1447 1231 mare
1517 1192 1582 1231 ac
1630 1178 1839 1231 insulas
1891 1194 2046 1232 acce-

471 1265 631 1320 deret
660 1285 674 1322 :
713 1266 959 1322 civitatis
994 1267 1255 1336 episcopo
1283 1268 1687 1323 adolescentem
1720 1269 1772 1321 in
1812 1269 2045 1323 ecclesia

469 1372 659 1411 coram
692 1357 916 1412 Christo
974 1367 1115 1413 teste
1161 1358 1547 1420 commendat,
1605 1359 1698 1413 ubi
1757 1360 1926 1412 multa
1977 1359 2045 1413 de

470 1447 623 1501 illius
666 1446 956 1516 disciplina
1006 1455 1063 1503 et
1119 1448 1445 1503 educatione
1505 1449 1877 1518 praecepisset.
1952 1449 2045 1502 llic

470 1552 602 1593 vero
650 1548 905 1607 prompto
959 1538 1204 1608 suscepit
1258 1540 1463 1604 animo,
1525 1540 1804 1608 pollicitus
1872 1546 2042 1592 multa

469 1642 690 1698 quoque
716 1645 776 1684 se
802 1630 1150 1701 adjectnrum
1181 1632 1237 1686 in
1265 1646 1395 1685 cura
1425 1632 1571 1686 circa
1607 1632 2039 1685 adolescentem.

2141 449 2236 498 καὶ
2261 446 2358 515 τὴν
2388 445 2581 515 κλῆσιν
2597 444 2726 497 ἔνιοι
2749 442 2991 510 λέγουσι,
3012 442 3106 494 καὶ
3124 439 3192 492 τά
3210 440 3403 510 μέτρια
3421 440 3545 500 τοὺς
3568 438 3717 490 ἀῑελ-

2142 539 2275 605 φοὺς
2304 540 2360 588 ἐν
2381 536 2555 606 ταύτῃ
2583 534 2981 598 διαναπαύσας,
3009 532 3260 601 εὑρίσκει
3283 532 3403 583 τινά
3435 530 3717 583 νεανίσκον

2147 627 2287 689 ἐκεῖ,
2317 626 2378 679 τὸ
2412 625 2639 696 μέγεθος
2679 626 2921 694 μέτριον,
2958 625 3057 688 τήν
3082 640 3137 675 τε
3182 623 3305 690 ὄψιν
3338 625 3568 675 αστεῖον.
3611 623 3715 673 Καὶ

2142 720 2208 784 τῇ
2240 716 2523 786 διορατικῇ
2556 715 2649 766 τοῦ
2701 713 3015 784 Πνεύματος
3048 714 3300 782 ἐνεργείᾳ
3347 716 3446 779 τὴν
3508 711 3716 763 ἐκείνου

2140 807 2240 875 τῆς
2273 809 2452 877 ψυχῆς
2483 806 2785 874 εὐγένειαν,
2820 808 2913 858 καὶ
2945 805 3038 857 τοῦ
3087 802 3249 875 ήηους
3302 805 3717 873 τεκμηράμενος

2142 898 2239 967 τὴν
2256 899 2591 968 ἐλευθερίαν,
2615 897 2866 965 εὐλογίας
2885 914 2943 949 τε
2967 898 3286 965 μεταδίδωσι
3311 895 3388 965 τῷ
3418 898 3713 966 νεανίσκῳ,

2146 992 2238 1042 καὶ
2271 992 2407 1061 πρὸς
2441 989 2641 1060 ἀρετὴν
2674 989 2873 1052 ἱκανῶς
2910 989 3069 1041 αὑτὸν
3102 987 3395 1055 ὑπαλείφει
3424 990 3517 1039 καὶ
3544 989 3717 1043 διανί-

2145 1095 2356 1149 στησιν.
2380 1079 2532 1132 Ἐπεὶ
2586 1079 2643 1132 δὲ
2691 1080 2786 1132 καὶ
2843 1078 3146 1148 ἀποδημεῖν
3196 1078 3423 1145 ἔμελλεν
3465 1080 3589 1149 ἤδη.
3624 1081 3719 1133 καὶ

2144 1170 2374 1240 ἑτέρωθι
2424 1170 2690 1239 μετιέναι,
2744 1171 2832 1224 ἵνα
2874 1172 2967 1223 καὶ
2999 1171 3105 1238 γῆν
3152 1171 3230 1239 τῷ
3260 1170 3584 1239 κηρύγματι
3625 1171 3719 1224 καὶ

2143 1260 2310 1327 νῆσον
2337 1260 2519 1312 πᾶσαν
2543 1260 2747 1327 ὲπὲλθῃ
2799 1260 2893 1312 καὶ
2932 1258 3235 1323 θάλασσαν,
3267 1260 3343 1328 τῷ
3379 1261 3477 1330 τῆς
3512 1260 3717 1321 πόλ;ως

2145 1351 2427 1420 ὲπισκόπῳ
2459 1352 2550 1403 τὸν
2576 1352 2859 1404 νεανίσκον
2889 1353 2984 1404 ἐπὶ
3011 1353 3106 1418 τῆς
3144 1350 3472 1421 Ἐκκλησίας
3500 1352 3596 1403 καὶ
3623 1348 3717 1403 τοῦ

2146 1441 2380 1510 Χριστοῦ
2433 1441 2707 1511 μάρτυρος
2759 1443 3311 1512 παρακατατίθεται,
3360 1443 3532 1496 πολλᾶ
3593 1442 3720 1512 περὶ

2145 1534 2247 1602 τῆς
2276 1534 2483 1587 ἐκείνου
2519 1535 2769 1598 παιδείας
2802 1535 2898 1587 καὶ
2927 1536 3026 1604 τῆς
3054 1535 3280 1603 ἀγωγῆς
3311 1536 3459 1604 αὐτῷ
3487 1538 3718 1604 ἐπισκή-

2145 1625 2275 1695 ψας.
2314 1626 2372 1679 '0
2403 1626 2457 1679 δὲ
2497 1625 2715 1690 ἐδέξατο
2741 1643 2797 1678 τε
2852 1625 3149 1695 προθύμως
3184 1633 3275 1678 καὶ
3312 1627 3719 1695 ὑπερϐαλέσθαι

472 1718 682 1774 Deinde
717 1720 808 1775 ille
851 1721 1074 1790 quidem
1100 1722 1379 1791 Ephesum
1423 1721 1679 1787 discedit,
1715 1722 1804 1775 hic
1855 1733 2038 1776 autem

2150 1718 2310 1770 αὒτδν
2346 1716 2616 1786 ὑπέσχετο
2659 1718 2725 1787 τῇ
2783 1718 2911 1787 περὶ
2961 1717 3055 1769 τὸν
3091 1718 3375 1770 νεανίσκον
3407 1718 3713 1787 ἐπιμελείᾳ.

469 1820 807 1879 assumptum
858 1812 912 1867 in
975 1812 1202 1867 domum
1258 1814 1657 1868 adolescentem
1701 1814 1899 1877 alebat,
1955 1814 2037 1866 ἱιι⁸

468 1900 735 1967 struebat,
811 1915 1000 1957 curam
1053 1904 1175 1972 ejus
1229 1903 1464 1958 habebat
1501 1900 1547 1968 ;'
1589 1903 1808 1957 tandem
1874 1903 2039 1957 etiam

474 1991 797 2061 baptizavit.
845 1994 1016 2050 Porro
1052 1995 1145 2049 ubi
1183 1995 1398 2050 Domini
1449 1995 1814 2065 signaculum,
1848 2010 2043 2062 nempe

472 2082 689 2139 ﬁrmum
751 2086 1150 2141 munimentum
1214 2087 1318 2155 ipsi
1373 2085 1698 2151 addidisset,
1788 2085 2045 2154 deinceps

473 2175 728 2231 custodia
791 2176 1028 2232 liberum
1086 2178 1316 2233 dimisit.
1390 2179 1472 2233 Ad
1527 2179 1675 2232 hunc
1727 2186 1910 2231 autem
1951 2177 2041 2245 qui

472 2275 601 2321 ante
631 2276 846 2336 tempus
880 2269 1260 2325 remissionem
1293 2281 1603 2340 acceperat.
1640 2271 1875 2325 subeunt
1903 2284 2044 2323 non-

474 2356 615 2413 nulli
647 2357 928 2419 cozetanei.
971 2358 1210 2414 eﬂ’renes
1238 2375 1301 2414 ac
1332 2360 1721 2429 indisciplinati
1778 2360 1832 2413 in
1883 2359 2043 2428 cupi-

480 2447 769 2512 ditatibus,
818 2456 874 2503 et
928 2449 1166 2519 primum
1231 2451 1454 2520 quidem
1521 2452 1925 2506 adolescentem
1969 2451 2036 2505 ad

479 2537 610 2592 vitia
649 2540 1091 2608 persuasibilem,
1141 2541 1395 2608 pretiosis
1434 2541 1701 2597 conviviis
1736 2557 1801 2596 ac
1843 2543 2046 2597 mensis

476 2629 584 2685 sibi
638 2632 952 2687 conciliant.
1018 2632 1148 2700 Qum
1206 2644 1387 2688 autem
1444 2633 1572 2688 hinc
1638 2642 1823 2688 secuta
1876 2634 2047 2690 sunt?

479 2722 676 2778 Facilis
704 2723 851 2778 enim
880 2739 946 2778 ac
970 2724 1226 2793 proclivis
1248 2735 1332 2780 est
1358 2725 1445 2780 via
1465 2741 1586 2796 quae
1615 2726 1767 2780 ducit
1800 2726 1864 2780 ad
1893 2726 2044 2791 vitia,

475 2823 532 2869 et
564 2830 691 2868 eum
724 2815 817 2885 qui
874 2817 1113 2885 primum
1162 2817 1281 2886 ejus
1335 2818 1514 2887 attigit
1567 2819 1831 2887 gradum,
1893 2819 2050 2874 facile

479 2905 775 2960 admodum
838 2915 925 2961 est
962 2923 1062 2977 per
1128 2924 1346 2964 omnem
1410 2911 1771 2979 aequalitatem
1834 2911 2045 2966 detrahi

2145 1807 2274 1867 Εἶτα
2294 1815 2321 1865 ό
2354 1811 2451 1881 μὲν
2483 1810 2619 1879 πρὸς
2635 1810 2734 1879 τὴν
2755 1811 2989 1877 Ἔφεσον
3020 1811 3269 1880 ἀπαίρει,
3305 1812 3331 1861 ὁ
3355 1810 3411 1865 δὲ
3434 1811 3612 1862 οἶκαδε
3630 1811 3720 1863 τὸν

2142 1903 2422 1957 νεανίσκον
2450 1900 2802 1970 παραλαϐὼν,
2839 1903 3065 1971 ἔτρεφεν
3085 1940 3099 1964 ,
3135 1902 3452 1953 ἐπαίδευσεν
3476 1940 3490 1961 ,
3525 1901 3721 1968 ἔπεμέ-

2143 1991 2287 2045 λετο.
2310 1991 2460 2053 τέλος
2477 1990 2787 2044 ἐϐάπτισεν.
2823 1991 2913 2054 Ὠς
2928 1990 2987 2044 δὲ
3003 1993 3101 2061 τὴν
3115 1991 3209 2043 το]
3229 1990 3433 2059 Κυρίου
3456 1992 3722 2060 σφραγῖδα

2144 2082 2205 2134 τὸ
2246 2080 2486 2149 ἀσφαλὲς
2518 2079 2667 2149 αὐτῷ
2708 2080 2941 2133 ἐπέϐαλε
2979 2081 3383 2151 φυλακτήριον,
3426 2082 3484 2133 τὺ
3535 2083 3718 2134 λοιπήν

2149 2172 2325 2240 ὑφῆκε
2359 2174 2458 2240 τῆς
2490 2171 2760 2240 φυλακῆς.
2791 2173 2897 2224 Τὸν
2949 2172 3027 2233 δὲ,
3080 2172 3187 2241 πρὸ
3239 2171 3389 2243 ὥρας
3424 2173 3719 2241 λαϐόμενον

2147 2261 2384 2324 ἀνέσεως
2444 2260 2766 2315 ὑποδύονται
2792 2278 2937 2324 τινες
2958 2263 3148 2333 ἥλικες
3193 2263 3295 2325 τὰς
3326 2264 3501 2333 ὁρμὰς
3533 2265 3718 2332 ἀχάλι-

2147 2367 2227 2404 νοι
2255 2354 2350 2404 καὶ
2388 2352 2659 2420 ἀνάγωγοι
2685 2391 2701 2417 ,
2738 2353 2831 2405 καὶ
2862 2352 2924 2405 τὸ
2949 2353 3167 2421 πρῶτον
3199 2354 3490 2423 ἐπαγωγὸν
3527 2356 3607 2414 είς
3631 2371 3723 2408 κα·

2150 2442 2275 2496 κίαν
2303 2444 2605 2514 φιλοτίμοις
2636 2445 2910 2499 ἑστιάσεσι
2946 2443 3041 2498 καὶ
3058 2445 3358 2516 τραπέζαις
3389 2445 3720 2500 ύποποιοῦν-

2149 2551 2238 2587 ται
2270 2534 2363 2587 τὸν
2405 2537 2542 2589 νέον.
2604 2536 2685 2589 Τά
2725 2536 2781 2588 δὲ
2822 2536 3072 2591 ἐντεῦθεν
3098 2539 3256 2590 ὁποῖα
3283 2554 3298 2602 ;
3329 2537 3461 2590 Λεία
3495 2538 3602 2606 γὰρ
3630 2535 3722 2590 καὶ

2152 2626 2426 2696 κατάντης
2474 2628 2508 2697 ἡ
2561 2629 2659 2698 τῆς
2691 2628 2893 2691 κακίας
2936 2629 3054 2692 ὁδὸς
3078 2671 3093 2697 ,
3126 2629 3225 2682 καλ⁸
3250 2632 3339 2682 τὸν
3369 2628 3469 2699 τὴν
3493 2628 3720 2698 πρώτην

2152 2717 2325 2785 αὐτῆς
2369 2719 2648 2788 ἁψάμενον
2681 2721 2821 2774 πάνυ
2857 2722 3038 2792 ῥᾴδιον
3084 2721 3150 2774 δι’
3202 2720 3410 2791 ὁμαλοῦ
3452 2719 3547 2774 τοῦ
3590 2735 3726 2773 παν·

2151 2809 2243 2873 τδς
2303 2811 2465 2874 εὐθὺς
2516 2814 2907 2883 κατενεχθῆναι
2931 2814 3068 2884 πρὸς
3097 2816 3159 2866 τὸ
3181 2812 3501 2882 ἀκρότατον.
3536 2812 3723 2886 Ταύτῃ

2153 2918 2238 2957 τοι
2274 2903 2370 2956 καὶ
2421 2902 2641 2974 νύκτωρ
2680 2905 2774 2957 ἐπὶ
2800 2906 3140 2959 λωποδυσίαν
3184 2906 3381 2971 ἰόντες,
3419 2905 3515 2957 τὸν
3551 2906 3725 2958 νεανί-

477 2995 732 3062 protinus
817 3012 993 3063 usque
1073 2997 1141 3053 ad
1214 3008 1541 3055 extremum.
1595 3000 1707 3055 liae
1758 3001 1843 3055 via
1917 3003 2045 3056 dum

2155 3009 2286 3071 σκον
2331 2995 2630 3063 ἐπάγονται
2657 3012 2671 3030 ο
2730 2998 2759 3049 ὁ
2785 2997 2863 3064 δὲ,
2894 2998 3304 3068 ὑποτυφόμενος
3329 2998 3431 3065 ἤδη
3464 2997 3602 3067 πρὸς
3635 3002 3725 3050 τδν

468 3086 649 3141 .ctiam
684 3096 845 3143 nocte
899 3088 966 3142 ad
1026 3088 1170 3145 furta
1236 3091 1587 3154 accederent,
1638 3092 2046 3148 adolescentem

478 3192 587 3231 una
638 3179 982 3248 pertrahunt.
1039 3180 1136 3236 Ille
1195 3196 1330 3236 vero
1373 3183 1485 3253 jam
1541 3198 1729 3239 amore
1776 3184 2046 3239 latrocinii

479 3282 800 3328 succensus.
822 3278 878 3324 et
910 3284 1006 3339 spe
1031 3269 1348 3327 divitiarum
1369 3271 1725 3342 cupiditatem
1757 3288 2050 3338 exacuens,

481 3359 618 3412 nihil
642 3361 753 3428 jam
791 3360 1155 3416 meditabatur
1188 3363 1336 3431 quod
1387 3373 1537 3418 esset
1582 3365 1862 3432 exiguum,
1916 3382 2050 3434 pro-

480 3459 603 3518 pter
660 3460 872 3506 naturaa
920 3467 986 3507 ac
1041 3452 1243 3508 indolis
1300 3455 1743 3524 generositatem.
1809 3457 2050 3524 Denique

479 3543 646 3598 aiam
680 3542 956 3597 latronum
988 3543 1334 3598 sodalitatem
1381 3545 1471 3600 his
1505 3547 1598 3615 qui
1650 3559 1838 3601 secum
1891 3558 2050 3602 erant

480 3633 904 3699 demonstravit,
952 3642 1116 3705 atque
1157 3635 1247 3692 hic
1296 3636 1570 3692 latronum
1622 3639 1880 3708 princeps
1940 3642 2052 3707 pri-

483 3738 715 3791 musque
757 3734 946 3792 raptor
979 3735 1099 3780 erat
1157 3726 1695 3784 vehementissimus.
1747 3730 1873 3784 Post
1932 3732 2049 3786 hare

484 3831 616 3869 vero
656 3817 749 3870 ubi
797 3816 1044 3872 Joannes
1097 3833 1315 3872 rursum
1346 3818 1413 3873 ad
1443 3833 1567 3874 eam
1626 3819 1904 3877 civitatem
1968 3838 2054 3877 re-

484 3916 740 3971 measset,
773 3908 990 3965 caeteris
1048 3919 1273 3981 propter
1321 3925 1443 3981 quae
1487 3927 1555 3966 eo
1603 3922 1827 3968 venerat
1871 3914 2057 3985 dispo-

482 3999 601 4051 silis
634 4010 694 4052 ut
720 4015 938 4068 aequum
966 4011 1084 4057 erat
1125 4020 1141 4056 :
1195 4002 1306 4073 Age
1351 4018 1519 4068 sane,
1563 4004 1740 4073 inquit
1767 4044 1780 4065 .
1833 4006 1899 4060 ad
1937 4006 2056 4074 epi-

485 4106 741 4162 scopum,
773 4093 1084 4162 depositum
1113 4094 1273 4150 nobis
1300 4096 1468 4151 redde
1499 4097 1645 4166 quod
1674 4113 1774 4167 ego
1816 4110 1871 4153 et
1898 4098 2055 4153 Chri-

482 4193 602 4235 Slus
630 4181 751 4237 loco
788 4183 977 4252 testist,
1022 4184 1077 4238 in
1123 4186 1355 4240 ecclesia
1385 4186 1528 4256 apud
1578 4197 1629 4242 te
1675 4188 2050 4257 deposuimus.

483 4274 552 4325 At
588 4271 680 4325 ille
705 4288 829 4327 cum
862 4274 1205 4330 existimaret
1243 4277 1506 4345 pecunias
1547 4294 1671 4334 esse
1720 4295 1843 4349 quae
1896 4296 2050 4350 repe-

2144 3085 2248 3154 ,τῆς
2304 3085 2563 3157 λῃστείας
2593 3087 2807 3155 ἔρωτα,
2845 3088 2941 3142 καὶ
2968 3091 3037 3160 τῇ
3070 3091 3179 3140 τῶν
3224 3089 3522 3159 χρημάτων
3552 3088 3725 3143 ἐλπίδι

2149 3177 2250 3248 τὴν
2278 3178 2458 3249 ὁρμὴν
2485 3180 2830 3251 παραθήξας,
2862 3181 3016 3233 οὐδὲν
3057 3180 3136 3233 ἔτι
3171 3181 3366 3250 μικρὸν
3398 3180 3600 3233 ἐνενόει
3634 3179 3722 3232 διὰ

2154 3269 2385 3340 μέγεθος
2412 3271 2648 3337 φύσεως.
2686 3272 2904 3342 ’Δμέλει
2934 3271 3030 3327 καὶ
3073 3273 3288 3345 λῃστῶν
3319 3274 3418 3342 μὲν
3447 3274 3724 3343 ἑταιρείαν

2148 3364 2275 3424 τοὺς
2309 3365 2438 3432 περὶ
2469 3363 2632 3417 αὐτὸν
2681 3364 3016 3430 ἐπεδείξατο.
3054 3365 3372 3436 Λῄσταρχος
3407 3366 3465 3417 δὲ
3506 3366 3724 3435 πρῶτος

2151 3442 2304 3512 οὗτος
2332 3446 2399 3520 ἦν
2443 3450 2770 3519 βιαιότατος.
2805 3454 2961 3506 Μετὰ
3012 3452 3069 3506 δὲ
3113 3453 3286 3508 ταῦτα
3328 3456 3392 3526 τῇ
3440 3455 3593 3505 πόλει
3624 3456 3721 3507 καὶ

2150 3540 2313 3606 αὖθις
2338 3544 2365 3596 ὁ
2412 3543 2667 3614 Ἰωάννης
2699 3545 3064 3614 ἐπιδημήσας,
3102 3548 3225 3598 ἐπεὶ
3281 3548 3446 3600 τᾶλλα
3511 3540 3586 3601 ὦν
3608 3545 3724 3601 ἓνε-

2152 3650 2249 3688 κεν
2272 3628 2408 3702 ἧκεν
2439 3634 2515 3695 ὡς
2545 3634 2603 3687 τὸ
2627 3634 2774 3697 εἰκὸς
2801 3637 3199 3704 κατεστήσατο,
3229 3638 3363 3705 Ἀγε
3398 3638 3553 3707 δῆτα,
3586 3640 3725 3710 πρὸς

2153 3724 2244 3778 τὸν
2298 3724 2602 3778 ἐπίσκοπόν
2629 3743 2800 3796 -φησι,
2852 3730 2951 3795 τὴν
2999 3728 3479 3801 παρακαταθήκην
3526 3732 3723 3793 ἀπόδος

2152 3817 2309 3885 ἡμῖν,
2361 3818 2428 3888 ἢν
2487 3820 2595 3887 ἐγώ
2642 3836 2724 3871 σοι
2782 3822 2877 3873 καὶ
2914 3823 2943 3871 ό
2976 3820 3211 3891 Χριστὸς
3245 3823 3349 3876 ὑπὸ
3381 3826 3624 3894 μάρτυρι
3657 3827 3723 3895 τῇ

2168 3907 2466 3980 Ἐκκλησία
2491 3908 3014 3981 παρακατεθέμεθα.
3051 3913 3155 3966 Τὸν
3187 3914 3266 3977 δὲ,
3296 3916 3560 3986 χρήματα
3586 3912 3725 3971 εἶναι

2153 4004 2222 4053 τά
2278 4001 2688 4071 ἐπιζητούμενα
2743 4001 3020 4073 οἰηθέντα,
3085 4005 3280 4075 πρῶτα
3322 4007 3422 4077 μὲν
3468 4008 3729 4079 ἔκπληξις

2152 4085 2316 4161 εἶχεν,
2344 4091 2380 4145 ὃ.
2409 4093 2484 4164 μὴ
2517 4093 2733 4163 συνῄδει
2771 4092 2954 4146 λαϐὼν
2988 4095 3422 4167 ἀπαιτούμενον,
3449 4100 3545 4152 καλ
3578 4104 3718 4170 μήτε

2153 4180 2429 4233 πιστεύειν
2452 4182 2538 4251 ἐφ’
2567 4176 2649 4244 οἷς
2694 4182 2796 4235 οὐκ
2868 4182 3000 4253 εἶχε,
3039 4186 3176 4256 μήτε
3215 4188 3469 4242 ἀπιστεῖν
3498 4190 3724 4262 Ἰωάννῃ

2153 4272 2475 4343 δυνάμενον.
2520 4274 2614 4336 Ὠς
2643 4273 2722 4338 δὲ,
2783 4276 2886 4329 Τὸν
2933 4276 3236 4344 νεανίσκον,
3267 4273 3443 4345 εἶπεν,
3484 4280 3723 4347 ἀπαιτῶ,

486 4370 754 4425 terentur,
792 4364 1027 4431 primum
1049 4365 1271 4435 quidem
1305 4367 1611 4437 obstupuit,
1647 4385 1771 4424 cum
1808 4370 1911 4425 sibi
1939 4387 2047 4425 non

2157 4363 2251 4415 καὶ
2301 4362 2396 4418 τοῦ
2430 4364 2663 4433 ἀδελφοῦ
2711 4366 2810 4437 τὴν
2838 4368 3039 4438 ψυχὴν,
3072 4369 3268 4440 μύχιόν
3307 4388 3362 4425 τι
3392 4374 3655 4439 στενάξας
3676 4379 3726 4429 Δό

483 4462 629 4507 058:1
654 4455 910 4509 conscius
936 4470 996 4511 se
1025 4458 1078 4513 id
1112 4458 1259 4527 quod
1314 4461 1667 4529 repetebatur
1726 4462 2010 4532 accepisse
2032 4503 2050 4530 ,

483 4551 538 4594 et
566 4556 744 4610 neque
778 4542 1005 4600 credere
1038 4555 1246 4615 posset,
1287 4548 1404 4604 ﬁeri
1447 4550 1830 4619 repetitionem
1889 4553 1959 4605 ob
1988 4568 2051 4606 ea

486 4649 608 4702 qua:
645 4648 750 4687 non
790 4634 1038 4702 haberet,
1082 4653 1263 4708 neque
1289 4640 1486 4696 Joanni
1537 4658 1645 4697 non
1670 4646 1915 4700 czedere.
1949 4649 2050 4704 Ubi

485 4731 666 4777 autem
713 4722 974 4778 dixisset:
1038 4728 1455 4784 Adolescentem
1526 4743 1717 4802 repeto
1770 4746 1826 4788 et
1865 4736 2054 4792 fratris

485 4814 747 4880 animam,
790 4816 1038 4872 intimius
1107 4822 1391 4889 suspirans
1412 4837 1576 4877 senex
1609 4825 1908 4881 ardentiori
1943 4830 2056 4897 spi-

489 4903 621 4962 ritu,
651 4920 714 4958 ac
743 4906 1241 4977 sublacrymatione
1288 4911 1565 4966 miseriam
1599 4912 1887 4972 indicans:
1937 4918 2052 4983 Ille,

488 4996 685 5063 inquit,
737 5007 986 5055 mortuus
1039 5008 1145 5055 est.
1211 5001 1380 5057 Porro
1426 5004 1794 5076 interrogatus
1835 5011 2055 5079 quando

485 5099 541 5140 ct
570 5087 862 5157 quomodo,
884 5107 1059 5163 quave
1083 5105 1281 5160 morte,
1302 5097 1651 5169 Deo..inquit,
1677 5112 1924 5159 mortuus
1948 5115 2052 5172 est,

488 5194 613 5232 rum
667 5182 1020 5257 latrocinium
1085 5200 1345 5241 exercere
1398 5188 1667 5260 elegerit,
1718 5203 1773 5247 et
1813 5205 2050 5251 montem

487 5268 608 5323 loco
677 5272 923 5330 ecclesiae
1004 5275 1312 5334 inhabitare
1339 5318 1355 5343 .
1414 5282 1755 5351 perditorum
1825 5300 2055 5342 conver-

489 5360 757 5415 sationem
824 5365 1108 5435 amplexus
1176 5368 1361 5437 potius
1411 5386 1575 5440 quam
1629 5384 1872 5429 llttSll'am
1926 5392 2053 5445 erga

493 5449 669 5516 ipsum
714 5451 1137 5511 sollicitudinem
1183 5473 1248 5513 ac
1288 5474 1499 5516 curam.
1551 5463 1622 5516 At
1676 5464 1767 5519 ille
1825 5466 1895 5518 ob
1953 5469 2058 5522 hoc

489 5540 677 5595 dolore
742 5543 1052 5598 \eliementi
1121 5562 1416 5618 oppressus
1469 5568 1483 5605 :
1528 5553 1785 5620 'Revera,
1842 5558 2055 5628 inquit,

496 5630 769 5702 egregium
826 5646 876 5689 te
907 5638 1187 5694 custodem
1212 5645 1407 5699 auium
1439 5645 1624 5703 fratris
1684 5649 1873 5720 reliqui
1908 5668 1921 5705 :
1966 5666 2059 5707 vc-

2160 4451 2471 4521 πρεσϐύτης
2501 4458 2556 4506 ὲν
2584 4455 2903 4527 θερμοτέρῳ
2937 4458 3014 4528 τῷ
3049 4459 3342 4529 πνεύματι,
3389 4463 3484 4515 καὶ
3528 4461 3727 4515 ὑποδά-

2157 4543 2352 4611 κρύσει
2399 4545 2659 4608 ὲλεεινόν,
2707 4548 2968 4611 Ἐκείιος,
3019 4550 3148 4618 ἔφη,
3181 4552 3430 4619 τέθνηκε.
3471 4553 3605 4605 Πότε
3642 4554 3722 4619 δὲ,

2158 4637 2256 4688 καὶ
2290 4636 2429 4702 πῶς,
2466 4641 2559 4689 καὶ
2617 4639 2738 4690 τίνα
2766 4641 2855 4692 τὸν
2887 4643 3118 4695 θάνατον
3144 4644 3464 4713 ἐρωτηθεὶς,
3495 4645 3617 4717 Θεῷ
3639 4648 3727 4700 τέ-

2158 4725 2380 4795 θνηκεν,
2407 4724 2550 4792 εἷπε,
2586 4729 2872 4801 λῃστεύειν
2907 4733 3190 4804 ἑλόμενος,
3218 4735 3313 4786 καὶ
3343 4737 3403 4787 τὸ
3436 4735 3561 4805 ὅρος
3606 4738 3726 4791 ἀντὶ

2155 4820 2254 4889 τῆς
2287 4822 2580 4892 ἐκκλησίας
2619 4827 2811 4888 οἰκεῖν,
2842 4826 2935 4877 καὶ
2967 4827 3063 4894 τῆς
3102 4828 3372 4897 ἡμετέρας
3407 4829 3536 4897 περὶ
3563 4830 3725 4881 αὐτὰν

2156 4914 2473 4983 ἐπιμελείας
2509 4918 2602 4968 καὶ
2645 4918 2742 4985 τῆς
2814 4919 3091 4986 φροντίδος
3140 4921 3238 4990 τὴν
3286 4923 3424 4990 μετὰ
3470 4922 3578 4975 τῶν
3625 4939 3726 4974 κα-

2157 5007 2409 5078 κούργων
2463 5009 2666 5075 μᾶλλον
2709 5011 2992 5081 διατριϐὴν
3044 5014 3464 5082 ἀσπασάμενος.
3528 5013 3586 5067 '0
3641 5015 3721 5079 δὲ,

2157 5095 2279 5149 λίαν
2316 5099 2412 5150 ἐπὶ
2438 5099 2615 5169 τούτῳ
2648 5102 3054 5172 περιπαθήσας,
3084 5101 3269 5157 Ἦπου
3297 5106 3463 5159 καλόν
3486 5122 3572 5173 γε,
3596 5106 3722 5175 ἔφη,

2159 5192 2377 5260 φύλακά
2400 5209 2458 5245 σε
2478 5193 2576 5263 τῆς
2603 5194 2697 5248 τοῦ
2724 5197 2956 5267 ἀδελφοῦ
2975 5198 3156 5267 ψυχῆς
3175 5199 3564 5255 καταλέλοιπα.
3586 5201 3725 5254 Ἀλλ’

2159 5284 2324 5346 ἵππος
2372 5283 2437 5353 δὴ
2484 5287 2762 5355 παρέστω,
2810 5292 2901 5341 καὶ
2953 5289 3179 5360 ἡγεμὼν
3220 5291 3454 5347 δεδόσθω
3508 5309 3603 5360 μοι
3628 5295 3725 5360 τῆς

2157 5375 2302 5430 ὁδοῦ.
2350 5375 2460 5428 Καὶ
2501 5379 2702 5437 αὐτίκα
2747 5382 2947 5443 ἐπιϐάς
2978 5384 3211 5454 ἤλαυνεν
3255 5384 3637 5453 ὅλαις-ἡνίαις,
3667 5388 3725 5437 τὸ

2162 5468 2255 5520 τοῦ
2287 5470 2456 5522 ἵππου
2508 5473 2672 5541 τάχος
2720 5472 2854 5542 πρὸς
2913 5475 3014 5542 τὴν
3072 5474 3237 5529 αὑτοῦ
3282 5476 3516 5545 σπουδὴν
3562 5472 3728 5547 ἦττον

2163 5558 2303 5614 εἶναι
2339 5565 2606 5632 οἰόμενος.
2641 5567 2748 5620 Καὶ
2780 5566 2844 5636 δὴ
2871 5567 2927 5619 τὸ
2960 5568 3086 5636 ὅρος
3122 5568 3465 5632 καταλαϐὼν,
3501 5570 3604 5620 ὑπὸ
3635 5567 3724 5629 τῆς

2167 5652 2521 5715 ποοστλακῆς
2557 5652 2663 5707 τῶν
2699 5655 2933 5720 λτεστῶν,
2988 5656 3061 5710 αὕη
3112 5658 3551 5721 παραιτούμενος
3588 5654 3723 5712 μηδὲ
