4120 6378
356 298 460 359 697

1483 300 1657 361 νΙΤΛ
1701 300 1759 360 S.
1805 301 2128 365 JOANNIS
2164 307 2436 368 EVANG.

3516 318 3621 384 698

358 402 596 472 φεύγων,
628 402 938 467 ἁλίσκεται,
973 404 1066 456 καὶ
1109 402 1234 457 Ἐπὶ
1260 404 1420 460 τοῦτο
1446 406 1703 476 ἐλήλυθα,
1740 408 1836 461 καὶ
1866 408 1921 459 ὼι

2047 429 2167 467 rum
2217 432 2393 486 equus
2419 418 2529 488 jam
2558 419 2722 483 adsit,
2752 436 2814 476 ac
2868 422 2966 477 via:
3012 422 3209 480 ductor
3259 425 3393 479 mihi
3432 424 3619 483 detur.

355 498 446 551 τὸν
475 496 714 566 ἄρχοντα
752 495 906 562 ὑμῶν
938 495 1178 561 ἀγάγετέ
1215 513 1307 564 με,
1340 498 1529 565 φησῖν.
1568 498 1627 551 'U
1655 498 1710 551 δὲ
1736 499 1933 569 ἐπειδὴ

360 588 551 641 τοῦτον
577 589 786 640 ἰκεῖνον
818 583 960 639 εἶναι
984 588 1078 639 τὸν
1108 588 1366 657 Ἰωάννην
1412 588 1574 656 ἔγνω,
1616 589 1807 657 φεύγει
1836 592 1932 659 μὲν

360 678 1009 745 αἱδεαθεὶς,διὼκεταιδὲ
1058 680 1192 749 παρ’
1239 680 1406 734 αὐτοῦ
1456 680 1548 733 καὶ
1582 682 1767 751 γήρως
1814 684 1933 735 ἐπιο

360 773 658 839 λαθομῶιου
704 773 799 826 καὶ
846 772 944 824 τοῦ
996 772 1139 826 κατὰ
1185 773 1389 841 κόσμον
1446 775 1770 843 κινήματος.
1804 771 1935 827 Εἶτα

365 863 509 933 μέγα
541 880 595 915 τι
662 860 800 931 βαρὺ
850 860 1248 929 φθεγξάμενος,
1280 862 1345 916 Τί
1394 879 1491 932 με,
1537 862 1746 921 τέκνον,
1790 859 1932 923 εἷπε,

360 955 452 1008 τὸν
504 953 718 1021 πιτερα
766 952 989 1020 φεύγεις
1032 953 1124 1006 τὸν
1165 956 1292 1019 adv;
1327 955 1614 1023 Αἱδέσθητι
1643 957 1742 1024 τὴν
1792 955 1932 1025 ἐμὴν

360 1046 559 1100 πολ.ἀν
583 1062 598 1077 σ
634 1046 695 1098 τὸ
748 1046 845 1115 τῆς
902 1047 1002 1114 σῆς
1032 1046 1249 1117 ἡλικίας
1294 1046 1452 1108 ἄνθος
1486 1048 1729 1115 ἐλέησον.
1774 1049 1931 1117 Ζωῆς

357 1139 513 1200 ἐλπὶς
543 1138 624 1193 ἔτι
657 1155 738 1190 σοι
771 1136 1330 1207 περιλείπεται.Ἐγὼ
1354 1140 1446 1192 τὸν
1479 1139 1618 1208 ὑπὲρ
1647 1139 1741 1191 σοῦ
1772 1141 1929 1207 λόγον

355 1229 558 1296 ὑφέξω.
585 1228 753 1298 Στῆθι
774 1228 916 1282 κατὰ
936 1227 1141 1299 χώραν,
1169 1231 1382 1283 τέκνον.
1400 1232 1630 1300 Χριστὸς
1661 1232 1933 1285 ἀπέσταλ-

356 1320 421 1373 κά
480 1338 547 1389 με
576 1321 713 1390 πρὸς
740 1322 824 1374 σέ.
853 1320 1069 1374 Τούτων
1094 1321 1331 1383 ἀκούσας
1358 1326 1387 1373 ὀ
1413 1323 1716 1387 νεανίσκος,
1742 1324 1931 1391 πρῶτα

357 1415 460 1484 μὲν
487 1414 640 1481 ἔστη,
670 1415 747 1481 τῷ
782 1413 968 1478 ἐδάφει
997 1413 1186 1475 ἀτενὲς
1219 1414 1444 1483 ἐνορῶν,
1472 1414 1606 1483 μηδὲ
1638 1413 1929 1477 ὑπἀἰδοῡς

352 1506 648 1559 ἀνανεῦσαι
677 1505 996 1573 δυναμενος’
1052 1499 1172 1556 εἶτα
1204 1504 1387 1556 δίδωσι
1459 1506 1527 1557 τὰ
1571 1505 1707 1557 ὅπλα
1730 1506 1797 1573 τῇ
1832 1506 1927 1573 γῇ.

352 1601 451 1652 καὶ
475 1598 693 1667 οίκτρόν
718 1615 769 1650 τι
789 1599 882 1651 καὶ
910 1596 1214 1666 περιπαθὲς
1231 1598 1569 1665 ἁνοδόρεται,
1613 1598 1711 1648 καὶ
1747 1612 1923 1666 πρεσ-

352 1691 575 1745 ελθόντα
648 1688 966 1759 περιϐάλλει
994 1690 1085 1741 τὸν
1115 1689 1360 1757 γέροντα,
1397 1689 1566 1741 ποίων
1599 1689 1696 1757 μὲν
1721 1688 1808 1741 διὰ
1832 1689 1929 1751 τὰς

350 1782 600 1851 οἰμωγὰς
652 1782 715 1834 οὺ
774 1779 1114 1848 στεναγμῶν,
1160 1781 1329 1833 ποίων
1375 1780 1430 1831 δὲ
1464 1780 1551 1833 διὰ
1598 1784 1667 1832 τὰ
1715 1780 1929 1848 δάκρυα
1966 1765 1980 1814 ε

351 1877 566 1945 θρήνων
603 1876 703 1928 οὐκ
731 1874 914 1938 ἄξιος;
959 1873 1145 1942 Meiqu
1193 1873 1536 1941 ἀποκρύπτει
1566 1874 1663 1941 τὴν
1700 1874 1878 1926 δεξιάν
1901 1890 1917 1907 ο

349 1968 531 2040 ⁴ᾐδεῖτο
576 1967 685 2037 γὰρ
711 1965 862 2032 αὐτῷ
892 1967 988 2019 καὶ
1023 1965 1228 2033 ταύτην
1263 1966 1514 2027 ἐνθεῖναι,
1555 1964 1623 2035 ἣν
1656 1966 1928 2033 μιάσμασι

348 2056 625 2117 τοσούτοις
660 2058 756 2108 καὶ
778 2055 1057 2127 λῃστείαις
1086 2054 1368 2123 ὲμόλυνεν.
1407 2053 1463 2109 ’0
1492 2056 1567 2119 δὲ,
1603 2049 1690 2107 οἷα
1719 2059 1925 2126 πατὴρ,

2039 505 2345 576 Statimque
2382 524 2682 566 conscenso
2729 527 2874 581 equo
2904 522 3045 569 totas
3082 516 3301 570 laxabat
3350 517 3615 578 habenas.

2038 598 2303 652 minorem
2326 616 2447 655 esse
2469 603 2789 659 existimans
2811 607 2940 674 equi
2982 609 3322 664 velocitatem
3364 625 3468 680 pro
3518 626 3646 684 sua.

2036 688 2383 746 festinatione
2411 709 2426 745 :
2450 695 2670 763 jamque
2699 710 2886 752 monte
2913 700 3255 767 apprehenso
3282 717 3312 756 a
3344 704 3617 757 latronum

2035 780 2309 845 custodia,
2348 783 2485 836 nihil
2532 785 2836 853 deprecans
2870 802 3049 856 neque
3102 790 3353 858 fugiens,
3403 794 3618 861 capitur

2034 879 2110 934 et,
2154 871 2210 925 In
2238 878 2362 938 hoc,
2391 874 2586 943 inquit,
2621 876 2743 929 veni
2772 894 2787 943 ;
2819 877 3000 947 itaque
3047 880 3113 933 ad
3167 884 3305 949 princ
3329 882 3470 950 ipetn
3519 900 3584 938 ve

2035 971 2211 1014 strum
2249 978 2335 1017 me
2370 963 2575 1021 ducite.
2610 966 2784 1021 Porro
2819 968 2912 1022 ubi
2948 970 3040 1024 ille
3086 971 3233 1025 hunc
3261 988 3383 1028 esse
3434 976 3613 1044 ipsum

2034 1050 2297 1106 Joannem
2330 1056 2605 1123 cognovit,
2642 1067 2792 1111 certe
2823 1059 3032 1127 pudore
3074 1062 3321 1117 suffusus
3351 1063 3513 1131 fugit;
3543 1069 3612 1120 At

2036 1143 2127 1198 hic
2168 1145 2432 1200 oblivioni
2482 1148 2678 1203 tradita
2729 1160 3032 1207 senectute.
3079 1169 3145 1208 ac
3194 1157 3437 1210 motione
3490 1174 3613 1228 qua:

2037 1235 2304 1289 mundum
2334 1238 2597 1308 consequi
2640 1239 2800 1303 solet,
2839 1243 3216 1311 persequitur.
3255 1245 3464 1301 Deinde
3498 1264 3615 1303 ma«

2033 1340 2136 1393 gna
2183 1327 2417 1394 quadam
2465 1330 2727 1398 gravique
2772 1348 2905 1387 voce
2950 1334 3193 1389 clamans
3244 1353 3258 1389 :
3304 1337 3480 1402 Quid,
3526 1338 3614 1394 in-

2036 1413 2179 1483 quit,
2218 1415 2317 1471 iili.
2359 1416 2501 1484 fugis
2532 1433 2617 1471 me
2660 1429 2870 1486 patrem
2910 1422 3106 1475 tuum?
3136 1438 3313 1477 nteam
3356 1440 3613 1482 reverere

2035 1507 2316 1571 canitiem,
2352 1524 2416 1562 ac
2446 1509 2598 1564 floris
2630 1512 2807 1568 etatis
2838 1520 2943 1567 tua}
2977 1514 3262 1573 miserere.
3294 1518 3478 1573 adhuc
3510 1520 3609 1575 tibi

2032 1611 2157 1664 Spes
2184 1598 2309 1651 vita:
2336 1599 2685 1669 relinquitur,
2709 1618 2811 1673 ego
2842 1620 2940 1672 pro
2969 1615 3021 1659 te
3051 1608 3317 1661 rationem
3354 1610 3606 1667 reddam.

2033 1687 2282 1743 Consiste
2313 1690 2367 1743 iu
2414 1691 2556 1757 loco,
2610 1692 2683 1746 fili
2732 1694 3033 1751 :Christus
3077 1713 3165 1752 me
3215 1701 3364 1754 misit
3411 1703 3605 1758 ad'te.

1985 1765 2158 1831 illaec
2207 1794 2330 1833 cum
2382 1782 2631 1836 audisset
2681 1784 3042 1851 adolescens,
3092 1790 3328 1856 primum
3380 1791 3609 1860 quidem

2030 1871 2314 1935 constitit,
2367 1882 2527 1928 terra:
2588 1876 2962 1944 pavimentum
3011 1879 3242 1935 intentis
3292 1884 3468 1938 oculis
3517 1886 3605 1940 in-

2030 1972 2211 2026 tuens,
2249 1979 2358 2032 pne
2393 1966 2601 2033 pudore
2638 1968 2828 2023 oculos
2875 1986 2981 2024 non
3017 1986 3211 2040 petens
3243 1990 3459 2030 sursum
3492 1979 3603 2033 eri-

2026 2069 2154 2121 gere
2187 2054 2421 2117 ;dcinde
2453 2058 2711 2126 projectis
2741 2058 2795 2113 in
2835 2070 3037 2116 terram
3083 2066 3272 2129 armis,
3304 2068 3604 2126 miserabili

352 2147 716 2217 φιλοστοργίᾳ
750 2148 818 2200 τὰ
847 2147 1128 2216 σπλάγχνα
1160 2146 1507 2214 βαλλόμενος,
1537 2148 1739 2213 ἑγγ-ᾶτ
1784 2166 1799 2199 ι
1828 2150 1921 2216 τὴν

2022 2145 2258 2212 quodam
2320 2147 2503 2208 modo,
2554 2163 2677 2201 cum
2735 2167 2933 2219 magno
2986 2153 3179 2211 dolore
3229 2159 3489 2225 ejulatur,
3540 2176 3607 2216 ac

350 2239 570 2307 ἄφεσιν.
608 2240 803 2292 ἰλεων
835 2239 1183 2309 ὑπισχνεῖται
1228 2238 1318 2290 τὸν
1351 2239 1636 2307 δικαστήν.
1683 2240 1788 2290 Καὶ
1824 2242 1921 2307 τῆς

2022 2236 2337 2289 venientem
2410 2239 2752 2306 amplexatur
2804 2258 3015 2306 senem,
3076 2258 3300 2316 propter
3369 2252 3608 2319 gemitus

351 2332 533 2396 δεξιᾶς
565 2332 889 2397 λαϐόμενος,
935 2329 1253 2399 καταφιλεί,
1305 2329 1397 2383 καὶ
1427 2334 1562 2399 πρὶς
1593 2330 1691 2397 τὴν
1723 2333 1921 2401 ἐκκλη-

2022 2328 2281 2394 quidem,
2327 2328 2569 2385 cllicietts
2616 2348 2682 2386 ne
2730 2332 2952 2389 ﬂetibus
2992 2337 3192 2407 dignus
3240 2350 3420 2404 esset,
3473 2358 3602 2410 pro-

351 2424 473 2477 σίαν
501 2423 769 2490 ἐπανάγει
833 2422 926 2476 τὸν
962 2424 1266 2475 νεανίσκον.
1296 2417 1429 2473 Εἶτα
1460 2421 1678 2489 δαψιλεῖ
1722 2423 1822 2490 μὲν
1859 2427 1921 2492 τῇ

2022 2431 2143 2489 pter
2191 2421 2460 2492 iacryntas
2503 2440 2655 2485 vero,
2706 2441 2774 2481 ne
2822 2428 2904 2481 vel
2953 2429 3209 2486 lamentis
3245 2449 3259 2485 :
3297 2434 3468 2488 solam
3504 2449 3597 2490 oc-

350 2517 628 2586 προσευχῇ
654 2514 959 2584 χρώμενος,
988 2515 1203 2584 διαρκεῖ
1234 2513 1290 2566 δὲ
1350 2517 1415 2584 τῇ
1475 2518 1699 2585 νηστείᾳ
1757 2532 1921 2583 προσ·

2021 2514 2190 2566 cultat
2246 2515 2575 2579 dexteram;
2628 2518 2921 2572 verebatur
2996 2522 3138 2576 enim
3196 2534 3251 2577 et
3305 2525 3447 2581 banc
3498 2526 3602 2596 ipsi

350 2608 659 2676 καρτερῶν,
695 2607 791 2660 καὶ
824 2606 915 2659 τοῦ
939 2611 1224 2658 νεανίσκου
1254 2605 1431 2675 ψυχὴν
1458 2605 1722 2667 ποικίλοις
1750 2606 1921 2674 λόγων

2021 2606 2322 2672 porrigere,
2360 2622 2523 2674 quam
2577 2617 2654 2662 tot
2704 2611 3009 2666 sceleribus
3053 2629 3116 2669 ac
3158 2616 3463 2672 latrociniis
3497 2619 3601 2674 fa:-

349 2701 684 2771 ὲπᾲσμασιν,
730 2695 822 2754 οἷά
854 2716 965 2752 τισι
1006 2701 1342 2768 φαρμάκοις,
1377 2698 1832 2766 καταμαλάττων,
1861 2699 1923 2751 οὐ

351 2794 618 2861 πρότερον
642 2791 990 2861 ἀπεδήμήσε.
1018 2793 1148 2860 πρὶν
1172 2792 1260 2843 ὅτε
1291 2789 1356 2860 δὴ
1382 2791 1558 2859 τούτῳ
1579 2792 1677 2861 τὴν
1700 2791 1923 2863 πρώτην

350 2883 564 2950 ὑγίειαν
611 2884 933 2954 ἐχαρίσατο,
970 2884 1111 2953 μέγα
1159 2901 1213 2936 τι
1244 2883 1320 2953 τῷ
1348 2883 1449 2954 βίῳ
1494 2884 1797 2954 ὑπόδειγμα
1828 2901 1926 2936 κα-

348 2974 592 3027 ταλιπὼν
618 2976 694 3036 εἰς
724 2976 1038 3045 μετάνοιαν.

2022 2697 2272 2752 (laverat.
2313 2698 2479 2752 Porro
2513 2700 2626 2759 ille,
2656 2702 2826 2755 veluti
2858 2714 3033 2771 pater,
3070 2707 3382 2764 vehementi
3411 2725 3602 2767 amore

2024 2789 2333 2842 visceribus
2382 2788 2680 2855 sauciatus,
2727 2796 2960 2861 spondet
3006 2800 3245 2861 veniam,
3293 2801 3603 2856 misericor-

2024 2882 2148 2935 dem
2201 2882 2493 2949 pollicetur
2545 2885 2831 2953 judicent,
2884 2896 2939 2941 et
2984 2892 3325 2958 apprehensa
3376 2895 3597 2948 dextera

2019 2974 2392 3037 deosculatur,
2441 2986 2497 3028 et
2542 2976 2625 3045 ad,
2658 2978 2946 3032 ecclesiam
3007 2982 3221 3036 reducit
3279 2983 3598 3039 adolescen-

350 3079 483 3124 tem.
517 3068 725 3123 Deinde
759 3066 1061 3122 abundanti
1103 3075 1264 3121 utens
1293 3067 1539 3122 oratione
1610 3075 1948 3137 perseverat,
1984 3064 2212 3135 jejuniis
2261 3070 2519 3119 aruiLIens
2553 3082 2568 3118 :
2634 3077 2691 3121 et
2735 3068 3101 3127 adolescentis
3147 3074 3387 3129 animam
3431 3078 3599 3132 variis

347 3179 664 3221 sermonum
714 3162 1003 3219 cantilenis
1047 3162 1199 3215 velut
1243 3161 1538 3231 unguentis
1618 3161 1948 3230 quibusdam
1989 3160 2280 3223 delinicns,
2352 3174 2459 3213 non
2511 3163 2661 3228 prius
2707 3164 2969 3218 abscessit
3019 3181 3184 3235 quam
3235 3170 3379 3226 hunc
3424 3173 3597 3241 priori

347 3257 584 3311 sanitate
629 3256 904 3317 donaret,
950 3269 1204 3324 magnum
1255 3256 1530 3324 quoddam
1576 3256 1700 3308 vitae
1746 3256 2063 3323 relinquens
2086 3254 2398 3321 exetnplnm
2429 3254 2493 3307 ad
2528 3256 2931 3323 paenitentiam.

418 3348 511 3417 ς’.
538 3350 648 3403 Καὶ
668 3348 827 3402 τοῦτο
846 3348 946 3418 μὲν
963 3349 1198 3415 τοιοῦτο,
1221 3351 1317 3403 καὶ
1342 3348 1489 3402 οὕτω
1511 3348 1604 3402 τοῦ
1631 3351 1704 3418 μὴ
1730 3349 1917 3402 λαθεῖν
1945 3354 1986 3408 C

346 3442 516 3507 ἄξιον.
556 3442 765 3495 Ἐκεῖνο
793 3441 873 3503 δὲ,
908 3442 1005 3495 καί
1028 3442 1147 3495 λίαν
1180 3443 1368 3509 μεῖζον
1399 3439 1582 3511 πολλῷ
1609 3441 1705 3493 καὶ
1736 3457 1918 3510 παρα-

345 3527 648 3604 δοξότερον,
702 3516 798 3586 καὶ.
846 3533 1077 3587 αὐτόθεν
1134 3535 1231 3603 τῆς
1294 3533 1683 3603 φιλανθρώπου
1739 3532 1916 3601 ψυχῆς

347 3628 560 3696 ἐκείνης
589 3628 690 3697 τὴν
720 3627 1069 3696 συμπάθειαν
1134 3629 1228 3678 καὶ
1253 3631 1353 3696 τὴν
1384 3627 1537 3694 ἰσχὺν
1568 3623 1917 3691 ἐνδεικνύμε-

347 3735 465 3772 νον.
482 3719 715 3784 Λέγεται
739 3719 986 3788 γάρ’τινα
1005 3716 1122 3770 κατ’
1145 3719 1319 3768 ἐκεῖνο
1344 3715 1536 3785 καιροῦ
1559 3716 1666 3767 τῶν
1686 3715 1914 3776 πιστῶν,

346 3808 659 3878 ἀρκούντως
688 3810 955 3877 πρότερον
987 3807 1084 3861 τοῦ
1122 3808 1258 3877 βίου,
1291 3809 1384 3859 καὶ
1413 3808 1514 3859 οὐκ
1547 3806 1740 3868 ἐνδεῶς
1758 3805 1914 3875 ἕχον-

344 3917 433 3961 τα,
473 3902 551 3962 είς
615 3900 843 3968 ἔσχατον
906 3898 1046 3968 μετὰ
1084 3899 1259 3951 ταῦτα
1314 3899 1507 3961 πενίας
1549 3899 1911 3959 καταπεσεῖν,

345 3993 419 4055 ὡς
448 3995 543 4046 καὶ
567 3993 763 4060 πλήθει
791 3990 1289 4061 περιεστοιχείσθαι
1324 3990 1523 4059 χρεῶν,
1559 3991 1653 4043 καὶ
1687 3989 1913 4059 μυρίους

346 4085 628 4147 δανειστὰς
655 4083 1084 4144 ύποϐλέπεσθαι,
1105 4085 1200 4135 καὶ
1222 4082 1413 4151 ῶσπερ
1440 4100 1492 4134 τι
1517 4083 1739 4153 θήραμα
1764 4083 1916 4152 ῥινη-

346 4178 629 4231 λατεῐσθαι
655 4178 816 4229 πάλιν
844 4173 936 4228 ὑπ’
973 4174 1199 4227 ἐκείνων
1248 4180 1339 4225 κα.
1376 4172 1785 4241 ἅνιινεύεσθαι,
1817 4174 1912 4227 καὶ

346 4271 525 4325 αὐτῶν
561 4272 618 4322 ἐν
647 4269 854 4339 ἀπορίᾳ
893 4266 1165 4335 περιιέναι
1218 4265 1330 4317 τῶν
1379 4266 1720 4333 ἀναγκαίων.
1751 4265 1913 4318 Ἀλλὰ

344 4364 452 4431 γὰρ
486 4360 629 4429 μετὰ
656 4359 757 4427 τῆς
781 4359 1064 4428 αἰσχύνης,
1088 4357 1153 4428 ἣν
1183 4359 1275 4410 ἐπὶ
1296 4358 1418 4418 ταῖς
1430 4357 1537 4409 τῶν
1560 4357 1785 4410 δανείων
1808 4360 1921 4409 εἰσ-

346 4452 610 4523 πράξεσιν
637 4449 839 4513 ἀθλίως
857 4450 1139 4519 ὑφίστατο,
1155 4448 1238 4501 ἔτι
1264 4447 1358 4501 καὶ
1381 4446 1556 4517 τὴνικ
1583 4447 1683 4516 τῆς
1708 4446 1915 4509 ἐνδείας

343 4547 589 4614 ἀνάγκην
637 4542 700 4595 ού
760 4544 946 4612 φέρων
973 4542 1001 4592 ὁ
1054 4540 1364 4611 ἄνθρωπος,
1415 4540 1512 4591 ἐπὶ
1544 4540 1637 4592 τὸν
1683 4538 1913 4591 θάνατυν

343 4639 483 4706 ἔγνω
539 4638 900 4704 καταφυγεῖν.
961 4635 1072 4687 Καὶ
1100 4633 1289 4687 τοῦτον
1316 4631 1496 4700 ἑαυτῷ
1538 4631 1708 4699 ταχὺν
1740 4630 1913 4683 ἐλθεῖν

343 4731 624 4802 ἐπειρᾶτο,
676 4729 729 4781 ει
758 4743 875 4789 πως
906 4727 1011 4780 κᾶν
1038 4725 1137 4795 τὴν
1179 4725 1371 4779 πενίαν
1405 4723 1660 4777 δντεῦθεν
1688 4722 1781 4775 καλ⁸
1814 4723 1913 4790 τὴν

342 4822 452 4874 τῶν
485 4820 663 4891 χρεῶν
688 4818 901 4888 πληθὺν
940 4815 1264 4870 διαλύσειεν.
1311 4816 1465 4867 Ἐπεὶ
1493 4813 1549 4866 δὲ
1576 4807 1730 4874 οὗτος
1755 4811 1913 4862 αὑτό-

346 4928 515 4981 ματος
566 4910 627 4964 οὗ
695 4910 907 4981 παρῆν,
960 4908 1221 4977 ἐπίτομόν
1251 4923 1371 4958 τινα
1421 4904 1539 4958 ὁδὸν
1569 4905 1664 4956 ἐπὶ
1727 4902 1914 4955 τοῦτον

343 5004 552 5073 ἐξεῦρε,
588 5005 682 5055 καὶ
729 5003 792 5055 δν
824 5002 1059 5071 μάλιστα
1082 5000 1199 5071 ⁴ᾔδει
1225 4999 1529 5051 δεινότατον
1553 4997 1656 5059 τὰς
1690 5010 1912 5064 φαρμα-

343 5096 496 5159 κείας
520 5095 825 5167 τηνικαῦτα.
845 5096 941 5148 καὶ
969 5094 1164 5161 γόητα,
1194 5093 1292 5160 τὴν
1321 5088 1908 5159 θρησκείανἘϐραῖον,

343 5188 497 5260 παρὰ
536 5188 727 5240 τοῦτον
779 5186 974 5249 nam,
1008 5183 1382 5238 ἁνακαλύπτει
1427 5196 1485 5233 τε
1519 5179 1670 5248 αύτῷ
1698 5183 1768 5230 τα
1810 5178 1906 5245 τῆς

341 5283 591 5352 γνώμης.
623 5282 720 5335 καὶ
748 5280 947 5346 δεῖται,
994 5279 1074 5340 ὼς
1106 5275 1349 5340 δυνατὸν,
1374 5273 1734 5327 συλλαϐέσθαι
1762 5273 1909 5340 αύτῴ

341 5377 437 5443 τῆς
463 5372 782 5441 ἐπιϐουλῆς,
815 5374 909 5424 καὶ
942 5370 1198 5423 κοινωνὸν
1224 5366 1479 5436 γενέσθαι
1510 5363 1603 5417 τοῦ
1638 5364 1907 5432 σφετέρου

343 5464 594 5519 θανάτου.
617 5466 724 5519 Καὶ
740 5465 799 5526 ὃς
814 5464 1093 5533 ὑπηρέτης
1105 5461 1265 5522 εὐθὺς
1279 5459 1591 5528 εὑρίσκεται
1607 5457 1905 5526 πρόθυμος,

341 5557 437 5609 καὶ
462 5559 752 5626 φάρμακον
786 5558 935 5625 αὐτῷ
970 5555 1175 5613 δίδωσι,
1205 5553 1299 5604 καὶ
1325 5550 1426 5619 τὴν
1451 5549 1545 5601 τοῦ
1585 5547 1701 5618 βίου
1735 5563 1905 5598 κατα-

342 5650 578 5717 στροφὴ)
612 5648 950 5718 ὑποτίθησιν.
987 5648 1046 5698 ὐ
1074 5646 1150 5700 δὲ,
1177 5642 1377 5709 λαϐὼν,
1414 5641 1595 5702 ἄθλιος
1639 5640 1903 5708 ἐπανήκει

344 5739 477 5805 πρὸς
516 5737 613 5809 τὴν
637 5742 840 5793 οἰκίαν.
869 5736 1095 5797 ιιολλσῐς
1139 5735 1193 5786 δὲ
1238 5732 1483 5785 παλαίων
1523 5729 1774 5791 ἐννοίαις,
1807 5730 1898 5779 καὶ

2102 3345 2183 3401 Vl.
2212 3348 2279 3401 Et
2311 3348 2413 3401 hoc
2442 3350 2663 3417 quidem
2692 3350 2796 3403 tale
2824 3362 2925 3411 εει,
2955 3361 3010 3406 et
3036 3352 3173 3408 adeo
3198 3354 3422 3423 dignum
3446 3358 3593 3427 quod

2019 3454 2128 3491 non
2173 3439 2502 3492 occultetur.
2542 3440 2712 3493 Porro
2750 3442 2883 3496 illud
2925 3443 3082 3523 hmge
3125 3447 3300 3516 tnajns
3335 3458 3439 3507 est,
3477 3449 3598 3502 Iun-

2018 3544 2192 3598 geque
2238 3531 2410 3599 magis
2452 3531 2861 3597 admirandum,
2919 3543 2975 3587 et
3018 3550 3083 3588 ex
3124 3537 3312 3589 eadem
3364 3539 3594 3609 benigna

2018 3622 2108 3675 illa
2134 3621 2312 3675 anima
2340 3624 2773 3691 compassionetn
2807 3626 2967 3679 simul
2998 3641 3053 3680 et
3083 3630 3380 3695 potentiam
3409 3642 3595 3685 osten-

2018 3715 2173 3767 dens.
2224 3714 2433 3768 Dicitur
2483 3714 2628 3767 enim
2679 3716 2903 3784 quidam
2964 3718 3140 3771 fidelis
3188 3735 3256 3772 eu
3312 3729 3589 3788 tempore,

2016 3806 2107 3873 qui
2162 3804 2316 3872 prius
2367 3805 2492 3856 Viue
2545 3806 2851 3857 necessaria
2899 3805 3235 3860 sufﬁcit-nter
3290 3808 3591 3872 habuerat,

2018 3912 2118 3950 nec
2147 3896 2328 3964 aliqua
2356 3909 2580 3963 pressus
2610 3896 2788 3948 fuerat
2832 3897 3153 3966 indigentia,
3188 3900 3254 3951 ad
3287 3911 3589 3955 extremam

2016 3988 2254 4057 inopiatn
2305 3987 2654 4057 postmodum
2709 3988 3005 4050 recidisse,
3061 3999 3117 4043 ιιι
3168 4000 3223 4044 et
3275 3993 3589 4048 debitorum

2016 4081 2369 4135 multitudine
2415 4081 2949 4145 circumvallaretur,
2982 4092 3037 4136 et
3078 4084 3383 4139 innumeris
3418 4086 3590 4140 fome-

2016 4173 2294 4226 ratoribns
2341 4180 2632 4241 suspectus
2675 4181 2843 4236 esset,
2894 4188 2959 4226 ac
2992 4175 3141 4228 velut
3186 4176 3301 4228 fera
3337 4178 3585 4245 quaedam

2012 4279 2043 4316 a
2076 4271 2230 4333 tergo
2274 4264 2542 4332 sagaciter
2579 4262 3005 4332 investigaretur
3046 4264 3113 4317 ab
3161 4265 3266 4319 illis
3305 4276 3362 4322 et
3406 4268 3589 4336 inqui-

2016 4368 2249 4421 reretur,
2279 4372 2343 4411 ac
2374 4357 2430 4411 in
2462 4358 2705 4427 ipsarum
2756 4372 2940 4411 rerum
2976 4360 3412 4413 necessariarum
3463 4362 3587 4414 ino-

2014 4454 2102 4522 pia
2159 4460 2470 4521 vagaretur.
2540 4452 2607 4505 At
2673 4450 2823 4505 enim
2871 4466 2996 4505 cum
3042 4454 3252 4519 pudore
3301 4468 3465 4522 quem
3514 4454 3590 4509 ob

2013 4547 2405 4599 faeneratorum
2468 4544 2784 4598 exactiones
2843 4545 3040 4599 misere
3114 4546 3440 4608 sustinebat,
3476 4549 3584 4614 jam

2014 4634 2180 4689 etiam
2212 4634 2594 4688 necessitatem
2617 4650 2684 4689 ex
2713 4636 3013 4705 indigentia
3045 4650 3153 4689 non
3185 4635 3366 4689 ferens
3397 4637 3585 4701 homo,

2015 4725 2082 4778 ad
2126 4734 2355 4777 mortem
2407 4726 2652 4780 decrevit
2699 4726 3017 4796 confugere,
3071 4728 3234 4796 idque
3287 4730 3588 4781 conabatur

2012 4827 2071 4871 ut
2102 4819 2217 4871 hzec
2259 4819 2589 4886 quantocius
2616 4820 2681 4872 ad
2735 4834 2795 4874 se
2845 4820 3080 4880 veniret,
3117 4820 3161 4873 si
3195 4821 3336 4873 forte
3375 4821 3502 4873 hinc
3536 4830 3589 4873 et

2008 4917 2307 4978 egestatem
2348 4920 2403 4962 et
2444 4909 2759 4964 debitorum
2793 4910 3207 4964 multitudinem
3238 4910 3585 4964 dissolveret.

2014 5003 2210 5054 Verum
2266 5001 2525 5069 quoniam
2580 5002 2694 5055 haec
2748 5002 2893 5055 ultro
2942 5018 3051 5055 non
3104 5001 3381 5064 veniebat,
3434 5017 3588 5055 cout-

2012 5090 2331 5160 pendiosam
2368 5093 2508 5144 viam
2554 5091 2620 5144 ad
2662 5091 2803 5145 hanc
2852 5092 3061 5145 invenit
3100 5102 3200 5144 :et
3240 5107 3403 5160 quem
3456 5099 3587 5144 tunc

2018 5182 2423 5249 pcritissimum‘
2444 5194 2564 5234 esse
2609 5180 2819 5234 sciebat
2861 5180 3220 5234 conﬁciendis
3265 5179 3488 5232 venenis
3524 5193 3586 5233 ac

2017 5273 2492 5342 prtestigiatorem,
2540 5272 2689 5325 cultu
2744 5273 3054 5334 Ilebneum,
3105 5271 3251 5324 hunc
3332 5270 3584 5331 accessit,

2016 5365 2177 5432 eique
2210 5366 2414 5418 revelat
2440 5364 2573 5434 quid
2608 5365 2660 5417 iu
2694 5365 2878 5418 animo
2909 5365 3158 5427 haberet,
3189 5378 3252 5418 ac
3281 5371 3403 5417 orat
3432 5377 3585 5428 eum,

2018 5464 2077 5507 ut
2116 5454 2208 5522 qui
2260 5456 2574 5524 posset-sibi
2618 5457 2823 5509 auxilio
2853 5471 2975 5509 esse
3009 5457 3062 5510 in
3112 5472 3179 5508 eo
3216 5455 3360 5526 qttod
3404 5448 3615 5509 mente

2010 5555 2360 5613 conceperat,
2408 5555 2465 5600 et
2501 5562 2613 5601 suae
2657 5549 2852 5602 mortis
2903 5548 3019 5601 fieri
3065 5549 3359 5617 particeps.
3405 5548 3585 5616 Atque

1978 5637 2101 5690 ~ltie
2153 5637 2440 5690 confestim
2500 5648 2791 5708 promptus
2852 5641 3133 5695 invenitur
3190 5639 3459 5701 minister,
3517 5654 3583 5695 ac

2012 5743 2279 5782 venenum
2332 5728 2406 5781 illi
2458 5731 2654 5791 tradit,
2706 5734 2937 5801 vitioque
2987 5733 3398 5786 subvusionem
3448 5748 3546 5785 ιιιῖι
