  <div class='ocr_page' id='page_1' title='image "/cluster/home/n/w/nwhite01/storage/ocr_20150623/116/hvd.32044073502221/355.png"; bbox 0 0 4120 6378; ppageno 0'>
   <div class='ocr_carea' id='block_1_1' title="bbox 461 306 570 370">
    <p class='ocr_par' dir='ltr' id='par_1_1' title="bbox 461 306 570 370">
     <span class='ocr_line' id='line_1_1' title="bbox 461 306 570 370; baseline -0.037 -1"><span class='ocrx_word' id='word_1_1' title='bbox 461 306 570 370; x_wconf 84' lang='grc'><strong>699</strong></span> 
     </span>
    </p>
   </div>
   <div class='ocr_carea' id='block_1_2' title="bbox 1682 294 2440 360">
    <p class='ocr_par' dir='ltr' id='par_1_2' title="bbox 1682 294 2440 360">
     <span class='ocr_line' id='line_1_2' title="bbox 1682 294 2440 360; baseline -0.007 -1"><span class='ocrx_word' id='word_1_2' title='bbox 1682 299 1970 360; x_wconf 72' lang='lat' dir='ltr'><strong>MENSIS</strong></span> <span class='ocrx_word' id='word_1_3' title='bbox 2011 294 2440 356; x_wconf 79' lang='lat' dir='ltr'><strong>DECEMBER.</strong></span> 
     </span>
    </p>
   </div>
   <div class='ocr_carea' id='block_1_3' title="bbox 3610 285 3714 348">
    <p class='ocr_par' dir='ltr' id='par_1_3' title="bbox 3610 285 3714 348">
     <span class='ocr_line' id='line_1_3' title="bbox 3610 285 3714 348; baseline 0.019 -2"><span class='ocrx_word' id='word_1_4' title='bbox 3610 285 3714 348; x_wconf 83' lang='lat'><strong>700</strong></span> 
     </span>
    </p>
   </div>
   <div class='ocr_carea' id='block_1_4' title="bbox 459 401 2049 485">
    <p class='ocr_par' dir='ltr' id='par_1_4' title="bbox 459 415 2041 485">
     <span class='ocr_line' id='line_1_4' title="bbox 459 415 2041 485; baseline -0.009 -5"><span class='ocrx_word' id='word_1_5' title='bbox 459 426 616 480; x_wconf 90' lang='lat' dir='ltr'><strong>sulit.</strong></span> <span class='ocrx_word' id='word_1_6' title='bbox 671 424 842 477; x_wconf 84' lang='lat' dir='ltr'><strong>Porro</strong></span> <span class='ocrx_word' id='word_1_7' title='bbox 895 421 1062 474; x_wconf 84' lang='lat' dir='ltr'><strong>miser</strong></span> <span class='ocrx_word' id='word_1_8' title='bbox 1124 419 1214 474; x_wconf 89' lang='lat' dir='ltr'><strong>ille</strong></span> <span class='ocrx_word' id='word_1_9' title='bbox 1269 425 1496 485; x_wconf 84' lang='lat' dir='ltr'><strong>accepto</strong></span> <span class='ocrx_word' id='word_1_10' title='bbox 1552 431 1764 471; x_wconf 84' lang='lat' dir='ltr'><strong>veneno</strong></span> <span class='ocrx_word' id='word_1_11' title='bbox 1816 415 2041 469; x_wconf 87' lang='lat' dir='ltr'><strong>domum</strong></span> 
     </span>
    </p>
   </div>
   <div class='ocr_carea' id='block_1_5' title="bbox 2154 401 3713 485">
    <p class='ocr_par' dir='ltr' id='par_1_5' title="bbox 2154 401 3713 479">
     <span class='ocr_line' id='line_1_5' title="bbox 2154 401 3713 479; baseline -0.006 -17"><span class='ocrx_word' id='word_1_12' title='bbox 2154 407 2394 479; x_wconf 68' lang='lat' dir='ltr'><strong>:ppoveict</strong></span> <span class='ocrx_word' id='word_1_13' title='bbox 2419 406 2628 468; x_wconf 69' lang='grc' dir='ltr'>διπλαῖς</span> <span class='ocrx_word' id='word_1_14' title='bbox 2661 404 3042 474; x_wconf 80' lang='grc' dir='ltr'><strong>μεριζόμενος,</strong></span> <span class='ocrx_word' id='word_1_15' title='bbox 3070 401 3163 454; x_wconf 76' lang='grc' dir='ltr'>καὶ</span> <span class='ocrx_word' id='word_1_16' title='bbox 3193 402 3290 455; x_wconf 83' lang='grc' dir='ltr'>νῦν</span> <span class='ocrx_word' id='word_1_17' title='bbox 3322 402 3418 469; x_wconf 75' lang='grc' dir='ltr'>μὲν</span> <span class='ocrx_word' id='word_1_18' title='bbox 3445 404 3553 459; x_wconf 76' lang='grc' dir='ltr'>τοῖς</span> <span class='ocrx_word' id='word_1_19' title='bbox 3587 403 3713 469; x_wconf 66' lang='grc' dir='ltr'>τῇδε</span> 
     </span>
    </p>
   </div>
   <div class='ocr_carea' id='block_1_6' title="bbox 463 504 2033 582">
    <p class='ocr_par' dir='ltr' id='par_1_6' title="bbox 463 504 2033 582">
     <span class='ocr_line' id='line_1_6' title="bbox 463 504 2033 582; baseline -0.008 -14"><span class='ocrx_word' id='word_1_20' title='bbox 463 514 624 570; x_wconf 90' lang='lat' dir='ltr'><strong>redit.</strong></span> <span class='ocrx_word' id='word_1_21' title='bbox 681 514 817 565; x_wconf 70' lang='lat' dir='ltr'><strong>(tum</strong></span> <span class='ocrx_word' id='word_1_22' title='bbox 869 509 1037 582; x_wconf 71' lang='lat' dir='ltr'><strong>variis</strong></span> <span class='ocrx_word' id='word_1_23' title='bbox 1082 517 1265 562; x_wconf 90' lang='lat' dir='ltr'><strong>autem</strong></span> <span class='ocrx_word' id='word_1_24' title='bbox 1317 507 1532 560; x_wconf 88' lang='lat' dir='ltr'><strong>luctans</strong></span> <span class='ocrx_word' id='word_1_25' title='bbox 1585 504 2033 575; x_wconf 73' lang='lat' dir='ltr'><strong>cogitationibus,</strong></span> 
     </span>
    </p>
   </div>
   <div class='ocr_carea' id='block_1_7' title="bbox 461 593 2040 671">
    <p class='ocr_par' dir='ltr' id='par_1_7' title="bbox 461 593 2040 671">
     <span class='ocr_line' id='line_1_7' title="bbox 461 593 2040 671; baseline -0.008 -13"><span class='ocrx_word' id='word_1_26' title='bbox 461 604 718 671; x_wconf 83' lang='lat' dir='ltr'><strong>eurisque</strong></span> <span class='ocrx_word' id='word_1_27' title='bbox 749 599 1068 668; x_wconf 84' lang='lat' dir='ltr'><strong>duplicibus</strong></span> <span class='ocrx_word' id='word_1_28' title='bbox 1106 597 1301 650; x_wconf 80' lang='lat' dir='ltr'><strong>anxius</strong></span> <span class='ocrx_word' id='word_1_29' title='bbox 1334 614 1347 649; x_wconf 88' lang='lat'><strong>:</strong></span> <span class='ocrx_word' id='word_1_30' title='bbox 1381 607 1438 650; x_wconf 91' lang='lat' dir='ltr'><strong>et</strong></span> <span class='ocrx_word' id='word_1_31' title='bbox 1465 609 1611 649; x_wconf 88' lang='lat' dir='ltr'><strong>nunc</strong></span> <span class='ocrx_word' id='word_1_32' title='bbox 1646 593 1867 663; x_wconf 81' lang='lat' dir='ltr'><strong>quidem</strong></span> <span class='ocrx_word' id='word_1_33' title='bbox 1902 608 2040 662; x_wconf 62' lang='lat' dir='ltr'><strong>prm-</strong></span> 
     </span>
    </p>
   </div>
   <div class='ocr_carea' id='block_1_8' title="bbox 462 684 2040 758">
    <p class='ocr_par' dir='ltr' id='par_1_8' title="bbox 462 684 2040 758">
     <span class='ocr_line' id='line_1_8' title="bbox 462 684 2040 758; baseline -0.009 -8"><span class='ocrx_word' id='word_1_34' title='bbox 462 694 712 750; x_wconf 72' lang='lat' dir='ltr'><strong>sentibus</strong></span> <span class='ocrx_word' id='word_1_35' title='bbox 756 689 1216 745; x_wconf 75' lang='lat' dir='ltr'><strong>delectationibus</strong></span> <span class='ocrx_word' id='word_1_36' title='bbox 1273 688 1549 758; x_wconf 72' lang='lat' dir='ltr'><strong>huiusque</strong></span> <span class='ocrx_word' id='word_1_37' title='bbox 1596 685 1722 740; x_wconf 71' lang='lat' dir='ltr'><strong>vitae</strong></span> <span class='ocrx_word' id='word_1_38' title='bbox 1770 684 2040 753; x_wconf 89' lang='lat' dir='ltr'><strong>concupi-</strong></span> 
     </span>
    </p>
   </div>
   <div class='ocr_carea' id='block_1_9' title="bbox 464 775 2044 846">
    <p class='ocr_par' dir='ltr' id='par_1_9' title="bbox 464 775 2044 846">
     <span class='ocr_line' id='line_1_9' title="bbox 464 775 2044 846; baseline -0.008 -4"><span class='ocrx_word' id='word_1_39' title='bbox 464 789 669 842; x_wconf 85' lang='lat' dir='ltr'><strong>scentia</strong></span> <span class='ocrx_word' id='word_1_40' title='bbox 715 786 965 846; x_wconf 89' lang='lat' dir='ltr'><strong>allectus,</strong></span> <span class='ocrx_word' id='word_1_41' title='bbox 1007 796 1152 836; x_wconf 91' lang='lat' dir='ltr'><strong>nunc</strong></span> <span class='ocrx_word' id='word_1_42' title='bbox 1187 795 1316 835; x_wconf 90' lang='lat' dir='ltr'><strong>vero</strong></span> <span class='ocrx_word' id='word_1_43' title='bbox 1361 779 1751 834; x_wconf 71' lang='lat' dir='ltr'><strong>fmneratorum</strong></span> <span class='ocrx_word' id='word_1_44' title='bbox 1797 775 2044 830; x_wconf 89' lang='lat' dir='ltr'><strong>multitu-</strong></span> 
     </span>
    </p>
   </div>
   <div class='ocr_carea' id='block_1_10' title="bbox 464 871 2043 947">
    <p class='ocr_par' dir='ltr' id='par_1_10' title="bbox 464 871 2043 947">
     <span class='ocr_line' id='line_1_10' title="bbox 464 871 2043 947; baseline -0.006 -13"><span class='ocrx_word' id='word_1_45' title='bbox 464 882 671 936; x_wconf 87' lang='lat' dir='ltr'><strong>dinem.</strong></span> <span class='ocrx_word' id='word_1_46' title='bbox 697 879 943 947; x_wconf 87' lang='lat' dir='ltr'><strong>aliasque</strong></span> <span class='ocrx_word' id='word_1_47' title='bbox 965 893 1028 931; x_wconf 79' lang='lat' dir='ltr'><strong>ex</strong></span> <span class='ocrx_word' id='word_1_48' title='bbox 1054 875 1354 947; x_wconf 79' lang='lat' dir='ltr'><strong>indigentia</strong></span> <span class='ocrx_word' id='word_1_49' title='bbox 1382 873 1740 944; x_wconf 85' lang='lat' dir='ltr'><strong>procedentes</strong></span> <span class='ocrx_word' id='word_1_50' title='bbox 1763 871 2043 926; x_wconf 79' lang='lat' dir='ltr'><strong>molestias</strong></span> 
     </span>
    </p>
   </div>
   <div class='ocr_carea' id='block_1_11' title="bbox 467 964 2043 1031">
    <p class='ocr_par' dir='ltr' id='par_1_11' title="bbox 467 964 2043 1031">
     <span class='ocr_line' id='line_1_11' title="bbox 467 964 2043 1031; baseline -0.01 -5"><span class='ocrx_word' id='word_1_51' title='bbox 467 969 848 1031; x_wconf 78' lang='lat' dir='ltr'><strong>considerans,</strong></span> <span class='ocrx_word' id='word_1_52' title='bbox 891 967 1109 1021; x_wconf 90' lang='lat' dir='ltr'><strong>medius</strong></span> <span class='ocrx_word' id='word_1_53' title='bbox 1147 965 1327 1019; x_wconf 88' lang='lat' dir='ltr'><strong>stabat</strong></span> <span class='ocrx_word' id='word_1_54' title='bbox 1369 964 1513 1016; x_wconf 87' lang='lat' dir='ltr'><strong>inter</strong></span> <span class='ocrx_word' id='word_1_55' title='bbox 1559 972 1862 1017; x_wconf 73' lang='lat' dir='ltr'><strong>extremam</strong></span> <span class='ocrx_word' id='word_1_56' title='bbox 1909 974 2043 1014; x_wconf 89' lang='lat' dir='ltr'><strong>con-</strong></span> 
     </span>
    </p>
   </div>
   <div class='ocr_carea' id='block_1_12' title="bbox 467 1049 2046 1132">
    <p class='ocr_par' dir='ltr' id='par_1_12' title="bbox 467 1049 2046 1132">
     <span class='ocr_line' id='line_1_12' title="bbox 467 1049 2046 1132; baseline -0.009 -14"><span class='ocrx_word' id='word_1_57' title='bbox 467 1063 576 1119; x_wconf 91' lang='lat' dir='ltr'><strong>silii</strong></span> <span class='ocrx_word' id='word_1_58' title='bbox 631 1061 895 1132; x_wconf 83' lang='lat' dir='ltr'><strong>inepiam.</strong></span> <span class='ocrx_word' id='word_1_59' title='bbox 951 1056 1238 1126; x_wconf 88' lang='lat' dir='ltr'><strong>Siquidem</strong></span> <span class='ocrx_word' id='word_1_60' title='bbox 1305 1070 1432 1109; x_wconf 92' lang='lat' dir='ltr'><strong>eum</strong></span> <span class='ocrx_word' id='word_1_61' title='bbox 1499 1053 1567 1107; x_wconf 88' lang='lat' dir='ltr'><strong>ad</strong></span> <span class='ocrx_word' id='word_1_62' title='bbox 1631 1052 1847 1106; x_wconf 87' lang='lat' dir='ltr'><strong>dulcem</strong></span> <span class='ocrx_word' id='word_1_63' title='bbox 1903 1049 2046 1104; x_wconf 91' lang='lat' dir='ltr'><strong>hanc</strong></span> 
     </span>
    </p>
   </div>
   <div class='ocr_carea' id='block_1_13' title="bbox 466 1139 2046 1221">
    <p class='ocr_par' dir='ltr' id='par_1_13' title="bbox 466 1139 2046 1221">
     <span class='ocr_line' id='line_1_13' title="bbox 466 1139 2046 1221; baseline -0.011 -11"><span class='ocrx_word' id='word_1_64' title='bbox 466 1157 645 1210; x_wconf 89' lang='lat' dir='ltr'><strong>lucem</strong></span> <span class='ocrx_word' id='word_1_65' title='bbox 698 1150 1052 1221; x_wconf 87' lang='lat' dir='ltr'><strong>respiciebat,</strong></span> <span class='ocrx_word' id='word_1_66' title='bbox 1099 1162 1372 1202; x_wconf 86' lang='lat' dir='ltr'><strong>venenum</strong></span> <span class='ocrx_word' id='word_1_67' title='bbox 1451 1143 1780 1214; x_wconf 82' lang='lat' dir='ltr'><strong>respuebat;</strong></span> <span class='ocrx_word' id='word_1_68' title='bbox 1825 1139 2046 1211; x_wconf 87' lang='lat' dir='ltr'><strong>quando</strong></span> 
     </span>
    </p>
   </div>
   <div class='ocr_carea' id='block_1_14' title="bbox 467 1231 2044 1307">
    <p class='ocr_par' dir='ltr' id='par_1_14' title="bbox 467 1231 2044 1307">
     <span class='ocr_line' id='line_1_14' title="bbox 467 1231 2044 1307; baseline -0.01 -8"><span class='ocrx_word' id='word_1_69' title='bbox 467 1261 602 1301; x_wconf 88' lang='lat' dir='ltr'><strong>vero</strong></span> <span class='ocrx_word' id='word_1_70' title='bbox 647 1244 715 1298; x_wconf 89' lang='lat' dir='ltr'><strong>ad</strong></span> <span class='ocrx_word' id='word_1_71' title='bbox 765 1244 1213 1298; x_wconf 86' lang='lat' dir='ltr'><strong>eircumstantem</strong></span> <span class='ocrx_word' id='word_1_72' title='bbox 1259 1237 1502 1307; x_wconf 89' lang='lat' dir='ltr'><strong>undique</strong></span> <span class='ocrx_word' id='word_1_73' title='bbox 1549 1243 1869 1306; x_wconf 87' lang='lat' dir='ltr'><strong>egestatem,</strong></span> <span class='ocrx_word' id='word_1_74' title='bbox 1921 1231 2044 1286; x_wconf 88' lang='lat' dir='ltr'><strong>ani-</strong></span> 
     </span>
    </p>
   </div>
   <div class='ocr_carea' id='block_1_15' title="bbox 471 1324 2048 1408">
    <p class='ocr_par' dir='ltr' id='par_1_15' title="bbox 471 1324 2048 1408">
     <span class='ocr_line' id='line_1_15' title="bbox 471 1324 2048 1408; baseline -0.009 -17"><span class='ocrx_word' id='word_1_75' title='bbox 471 1353 670 1408; x_wconf 89' lang='lat' dir='ltr'><strong>moque</strong></span> <span class='ocrx_word' id='word_1_76' title='bbox 722 1334 1054 1390; x_wconf 87' lang='lat' dir='ltr'><strong>insidentem</strong></span> <span class='ocrx_word' id='word_1_77' title='bbox 1121 1330 1490 1394; x_wconf 82' lang='lat' dir='ltr'><strong>anxietatem,</strong></span> <span class='ocrx_word' id='word_1_78' title='bbox 1542 1343 1736 1382; x_wconf 88' lang='lat' dir='ltr'><strong>ausum</strong></span> <span class='ocrx_word' id='word_1_79' title='bbox 1793 1324 2048 1380; x_wconf 86' lang='lat' dir='ltr'><strong>sumebat</strong></span> 
     </span>
    </p>
   </div>
   <div class='ocr_carea' id='block_1_16' title="bbox 467 1417 2045 1484">
    <p class='ocr_par' dir='ltr' id='par_1_16' title="bbox 467 1417 2045 1484">
     <span class='ocr_line' id='line_1_16' title="bbox 467 1417 2045 1484; baseline -0.008 0"><span class='ocrx_word' id='word_1_80' title='bbox 467 1429 730 1484; x_wconf 89' lang='lat' dir='ltr'><strong>adversus</strong></span> <span class='ocrx_word' id='word_1_81' title='bbox 769 1434 1025 1481; x_wconf 90' lang='lat' dir='ltr'><strong>mortem.</strong></span> <span class='ocrx_word' id='word_1_82' title='bbox 1054 1423 1248 1480; x_wconf 80' lang='lat' dir='ltr'><strong>Victus</strong></span> <span class='ocrx_word' id='word_1_83' title='bbox 1284 1431 1469 1478; x_wconf 85' lang='lat' dir='ltr'><strong>tamen</strong></span> <span class='ocrx_word' id='word_1_84' title='bbox 1503 1428 1591 1474; x_wconf 85' lang='lat' dir='ltr'><strong>est</strong></span> <span class='ocrx_word' id='word_1_85' title='bbox 1621 1434 1651 1473; x_wconf 89' lang='lat' dir='ltr'><strong>a</strong></span> <span class='ocrx_word' id='word_1_86' title='bbox 1683 1417 2045 1483; x_wconf 82' lang='lat' dir='ltr'><strong>necessitate;</strong></span> 
     </span>
    </p>
   </div>
   <div class='ocr_carea' id='block_1_17' title="bbox 468 1507 2049 1581">
    <p class='ocr_par' dir='ltr' id='par_1_17' title="bbox 468 1507 2049 1581">
     <span class='ocr_line' id='line_1_17' title="bbox 468 1507 2049 1581; baseline -0.008 -6"><span class='ocrx_word' id='word_1_87' title='bbox 468 1529 526 1575; x_wconf 89' lang='lat' dir='ltr'><strong>et</strong></span> <span class='ocrx_word' id='word_1_88' title='bbox 573 1529 632 1572; x_wconf 93' lang='lat' dir='ltr'><strong>ut</strong></span> <span class='ocrx_word' id='word_1_89' title='bbox 673 1517 805 1573; x_wconf 90' lang='lat' dir='ltr'><strong>hinc</strong></span> <span class='ocrx_word' id='word_1_90' title='bbox 852 1516 1183 1570; x_wconf 89' lang='lat' dir='ltr'><strong>liberaretur</strong></span> <span class='ocrx_word' id='word_1_91' title='bbox 1217 1529 1246 1568; x_wconf 91' lang='lat' dir='ltr'><strong>a</strong></span> <span class='ocrx_word' id='word_1_92' title='bbox 1278 1510 1566 1576; x_wconf 84' lang='lat' dir='ltr'><strong>molestiis,</strong></span> <span class='ocrx_word' id='word_1_93' title='bbox 1613 1508 1780 1581; x_wconf 77' lang='lat' dir='ltr'><strong>elegit</strong></span> <span class='ocrx_word' id='word_1_94' title='bbox 1819 1509 1888 1563; x_wconf 90' lang='lat' dir='ltr'><strong>ab</strong></span> <span class='ocrx_word' id='word_1_95' title='bbox 1931 1507 2049 1578; x_wconf 87' lang='lat' dir='ltr'><strong>ipsa</strong></span> 
     </span>
    </p>
   </div>
   <div class='ocr_carea' id='block_1_18' title="bbox 468 1601 2050 1674">
    <p class='ocr_par' dir='ltr' id='par_1_18' title="bbox 468 1601 2050 1674">
     <span class='ocr_line' id='line_1_18' title="bbox 468 1601 2050 1674; baseline -0.008 -10"><span class='ocrx_word' id='word_1_96' title='bbox 468 1609 578 1664; x_wconf 90' lang='lat' dir='ltr'><strong>vita</strong></span> <span class='ocrx_word' id='word_1_97' title='bbox 630 1606 872 1662; x_wconf 88' lang='lat' dir='ltr'><strong>liberari.</strong></span> <span class='ocrx_word' id='word_1_98' title='bbox 930 1605 1177 1674; x_wconf 90' lang='lat' dir='ltr'><strong>Denique</strong></span> <span class='ocrx_word' id='word_1_99' title='bbox 1226 1601 1409 1656; x_wconf 85' lang='lat' dir='ltr'><strong>infuso</strong></span> <span class='ocrx_word' id='word_1_100' title='bbox 1443 1613 1675 1665; x_wconf 89' lang='lat' dir='ltr'><strong>veneno,</strong></span> <span class='ocrx_word' id='word_1_101' title='bbox 1721 1607 2050 1667; x_wconf 86' lang='lat' dir='ltr'><strong>sumptoque</strong></span> 
     </span>
    </p>
   </div>
   <div class='ocr_carea' id='block_1_19' title="bbox 469 1689 2051 1768">
    <p class='ocr_par' dir='ltr' id='par_1_19' title="bbox 469 1689 2051 1768">
     <span class='ocr_line' id='line_1_19' title="bbox 469 1689 2051 1768; baseline -0.009 -12"><span class='ocrx_word' id='word_1_102' title='bbox 469 1699 731 1757; x_wconf 77' lang='lat' dir='ltr'><strong>extremis</strong></span> <span class='ocrx_word' id='word_1_103' title='bbox 783 1697 970 1768; x_wconf 78' lang='lat' dir='ltr'><strong>digitis</strong></span> <span class='ocrx_word' id='word_1_104' title='bbox 1025 1704 1274 1760; x_wconf 80' lang='lat' dir='ltr'><strong>cratere,</strong></span> <span class='ocrx_word' id='word_1_105' title='bbox 1335 1691 1776 1764; x_wconf 89' lang='lat' dir='ltr'><strong>quandoquidem</strong></span> <span class='ocrx_word' id='word_1_106' title='bbox 1833 1689 2051 1743; x_wconf 87' lang='lat' dir='ltr'><strong>animus</strong></span> 
     </span>
    </p>
   </div>
   <div class='ocr_carea' id='block_1_20' title="bbox 469 1779 2045 1851">
    <p class='ocr_par' dir='ltr' id='par_1_20' title="bbox 469 1779 2045 1851">
     <span class='ocr_line' id='line_1_20' title="bbox 469 1779 2045 1851; baseline -0.008 -5"><span class='ocrx_word' id='word_1_107' title='bbox 469 1791 536 1846; x_wconf 91' lang='lat' dir='ltr'><strong>ad</strong></span> <span class='ocrx_word' id='word_1_108' title='bbox 592 1791 646 1844; x_wconf 90' lang='lat' dir='ltr'><strong>id</strong></span> <span class='ocrx_word' id='word_1_109' title='bbox 707 1805 815 1844; x_wconf 88' lang='lat' dir='ltr'><strong>non</strong></span> <span class='ocrx_word' id='word_1_110' title='bbox 867 1785 1203 1851; x_wconf 89' lang='lat' dir='ltr'><strong>accedebat,</strong></span> <span class='ocrx_word' id='word_1_111' title='bbox 1253 1782 1348 1838; x_wconf 90' lang='lat' dir='ltr'><strong>sed</strong></span> <span class='ocrx_word' id='word_1_112' title='bbox 1403 1782 1593 1836; x_wconf 91' lang='lat' dir='ltr'><strong>timide</strong></span> <span class='ocrx_word' id='word_1_113' title='bbox 1645 1779 1937 1835; x_wconf 86' lang='lat' dir='ltr'><strong>admodum</strong></span> <span class='ocrx_word' id='word_1_114' title='bbox 1987 1793 2045 1834; x_wconf 90' lang='lat' dir='ltr'><strong>e</strong></span> 
     </span>
    </p>
   </div>
   <div class='ocr_carea' id='block_1_21' title="bbox 470 1869 2042 1945">
    <p class='ocr_par' dir='ltr' id='par_1_21' title="bbox 470 1869 2042 1945">
     <span class='ocr_line' id='line_1_21' title="bbox 470 1869 2042 1945; baseline -0.007 -11"><span class='ocrx_word' id='word_1_115' title='bbox 470 1879 727 1945; x_wconf 89' lang='lat' dir='ltr'><strong>habebat,</strong></span> <span class='ocrx_word' id='word_1_116' title='bbox 787 1878 1047 1944; x_wconf 90' lang='lat' dir='ltr'><strong>intusque</strong></span> <span class='ocrx_word' id='word_1_117' title='bbox 1101 1873 1205 1928; x_wconf 87' lang='lat' dir='ltr'><strong>sibi</strong></span> <span class='ocrx_word' id='word_1_118' title='bbox 1252 1887 1348 1926; x_wconf 91' lang='lat' dir='ltr'><strong>cor</strong></span> <span class='ocrx_word' id='word_1_119' title='bbox 1379 1871 1640 1926; x_wconf 88' lang='lat' dir='ltr'><strong>continue</strong></span> <span class='ocrx_word' id='word_1_120' title='bbox 1690 1869 2042 1940; x_wconf 84' lang='lat' dir='ltr'><strong>palpitabat:</strong></span> 
     </span>
    </p>
   </div>
   <div class='ocr_carea' id='block_1_22' title="bbox 475 1960 2046 2035">
    <p class='ocr_par' dir='ltr' id='par_1_22' title="bbox 475 1960 2046 2035">
     <span class='ocr_line' id='line_1_22' title="bbox 475 1960 2046 2035; baseline -0.008 -11"><span class='ocrx_word' id='word_1_121' title='bbox 475 1969 695 2024; x_wconf 85' lang='lat' dir='ltr'><strong>tandem</strong></span> <span class='ocrx_word' id='word_1_122' title='bbox 738 1967 920 2022; x_wconf 89' lang='lat' dir='ltr'><strong>crucis</strong></span> <span class='ocrx_word' id='word_1_123' title='bbox 956 1962 1240 2035; x_wconf 83' lang='lat' dir='ltr'><strong>signaculo</strong></span> <span class='ocrx_word' id='word_1_124' title='bbox 1287 1960 1616 2016; x_wconf 88' lang='lat' dir='ltr'><strong>Christianis</strong></span> <span class='ocrx_word' id='word_1_125' title='bbox 1658 1968 1923 2013; x_wconf 88' lang='lat' dir='ltr'><strong>consueto</strong></span> <span class='ocrx_word' id='word_1_126' title='bbox 1955 1972 2046 2011; x_wconf 89' lang='lat' dir='ltr'><strong>ve-</strong></span> 
     </span>
    </p>
   </div>
   <div class='ocr_carea' id='block_1_23' title="bbox 468 2049 2049 2127">
    <p class='ocr_par' dir='ltr' id='par_1_23' title="bbox 468 2049 2049 2127">
     <span class='ocr_line' id='line_1_23' title="bbox 468 2049 2049 2127; baseline -0.008 -11"><span class='ocrx_word' id='word_1_127' title='bbox 468 2076 672 2116; x_wconf 93' lang='lat' dir='ltr'><strong>nenum</strong></span> <span class='ocrx_word' id='word_1_128' title='bbox 737 2057 1060 2127; x_wconf 83' lang='lat' dir='ltr'><strong>consignat,</strong></span> <span class='ocrx_word' id='word_1_129' title='bbox 1115 2055 1410 2123; x_wconf 85' lang='lat' dir='ltr'><strong>statimque</strong></span> <span class='ocrx_word' id='word_1_130' title='bbox 1466 2051 1560 2105; x_wconf 87' lang='lat' dir='ltr'><strong>ubi</strong></span> <span class='ocrx_word' id='word_1_131' title='bbox 1619 2049 1823 2104; x_wconf 86' lang='lat' dir='ltr'><strong>clausis</strong></span> <span class='ocrx_word' id='word_1_132' title='bbox 1873 2049 2049 2104; x_wconf 89' lang='lat' dir='ltr'><strong>oculis</strong></span> 
     </span>
    </p>
   </div>
   <div class='ocr_carea' id='block_1_24' title="bbox 468 2139 2045 2218">
    <p class='ocr_par' dir='ltr' id='par_1_24' title="bbox 468 2139 2045 2218">
     <span class='ocr_line' id='line_1_24' title="bbox 468 2139 2045 2218; baseline -0.009 -14"><span class='ocrx_word' id='word_1_133' title='bbox 468 2150 715 2211; x_wconf 87' lang='lat' dir='ltr'><strong>bibisset,</strong></span> <span class='ocrx_word' id='word_1_134' title='bbox 769 2148 843 2218; x_wconf 90' lang='lat'><strong>(0</strong></span> <span class='ocrx_word' id='word_1_135' title='bbox 900 2159 1150 2214; x_wconf 85' lang='lat' dir='ltr'><strong>magnam</strong></span> <span class='ocrx_word' id='word_1_136' title='bbox 1212 2157 1276 2197; x_wconf 88' lang='lat' dir='ltr'><strong>ac</strong></span> <span class='ocrx_word' id='word_1_137' title='bbox 1332 2141 1736 2204; x_wconf 85' lang='lat' dir='ltr'><strong>admirandam,</strong></span> <span class='ocrx_word' id='word_1_138' title='bbox 1788 2139 2045 2202; x_wconf 86' lang='lat' dir='ltr'><strong>Christe,</strong></span> 
     </span>
    </p>
   </div>
   <div class='ocr_carea' id='block_1_25' title="bbox 471 2233 2048 2310">
    <p class='ocr_par' dir='ltr' id='par_1_25' title="bbox 471 2233 2048 2310">
     <span class='ocr_line' id='line_1_25' title="bbox 471 2233 2048 2310; baseline -0.01 -13"><span class='ocrx_word' id='word_1_139' title='bbox 471 2251 615 2298; x_wconf 84' lang='lat' dir='ltr'><strong>tuam</strong></span> <span class='ocrx_word' id='word_1_140' title='bbox 669 2235 1049 2310; x_wconf 84' lang='lat' dir='ltr'><strong>potentiam!)</strong></span> <span class='ocrx_word' id='word_1_141' title='bbox 1099 2234 1302 2288; x_wconf 67' lang='lat' dir='ltr'><strong>illaesus</strong></span> <span class='ocrx_word' id='word_1_142' title='bbox 1350 2233 1693 2302; x_wconf 84' lang='lat' dir='ltr'><strong>permansit,</strong></span> <span class='ocrx_word' id='word_1_143' title='bbox 1745 2243 1908 2284; x_wconf 89' lang='lat' dir='ltr'><strong>cruce</strong></span> <span class='ocrx_word' id='word_1_144' title='bbox 1953 2244 2048 2282; x_wconf 89' lang='lat' dir='ltr'><strong>ve-</strong></span> 
     </span>
    </p>
   </div>
   <div class='ocr_carea' id='block_1_26' title="bbox 470 2319 2047 2386">
    <p class='ocr_par' dir='ltr' id='par_1_26' title="bbox 470 2319 2047 2386">
     <span class='ocr_line' id='line_1_26' title="bbox 470 2319 2047 2386; baseline -0.01 0"><span class='ocrx_word' id='word_1_145' title='bbox 470 2347 616 2386; x_wconf 90' lang='lat' dir='ltr'><strong>neno</strong></span> <span class='ocrx_word' id='word_1_146' title='bbox 663 2344 818 2383; x_wconf 88' lang='lat' dir='ltr'><strong>suam</strong></span> <span class='ocrx_word' id='word_1_147' title='bbox 863 2325 1086 2380; x_wconf 80' lang='lat' dir='ltr'><strong>tollente</strong></span> <span class='ocrx_word' id='word_1_148' title='bbox 1133 2324 1265 2376; x_wconf 88' lang='lat' dir='ltr'><strong>vim.</strong></span> <span class='ocrx_word' id='word_1_149' title='bbox 1307 2321 1442 2377; x_wconf 91' lang='lat' dir='ltr'><strong>Cum</strong></span> <span class='ocrx_word' id='word_1_150' title='bbox 1486 2329 1670 2374; x_wconf 88' lang='lat' dir='ltr'><strong>autem</strong></span> <span class='ocrx_word' id='word_1_151' title='bbox 1716 2319 1880 2373; x_wconf 87' lang='lat' dir='ltr'><strong>simili</strong></span> <span class='ocrx_word' id='word_1_152' title='bbox 1928 2333 2047 2370; x_wconf 89' lang='lat' dir='ltr'><strong>rur-</strong></span> 
     </span>
    </p>
   </div>
   <div class='ocr_carea' id='block_1_27' title="bbox 471 2409 2043 2484">
    <p class='ocr_par' dir='ltr' id='par_1_27' title="bbox 471 2409 2043 2484">
     <span class='ocr_line' id='line_1_27' title="bbox 471 2409 2043 2484; baseline -0.01 -7"><span class='ocrx_word' id='word_1_153' title='bbox 471 2437 594 2477; x_wconf 90' lang='lat' dir='ltr'><strong>sum</strong></span> <span class='ocrx_word' id='word_1_154' title='bbox 644 2421 971 2474; x_wconf 88' lang='lat' dir='ltr'><strong>necessitate</strong></span> <span class='ocrx_word' id='word_1_155' title='bbox 1007 2416 1433 2484; x_wconf 87' lang='lat' dir='ltr'><strong>opprimeretur,</strong></span> <span class='ocrx_word' id='word_1_156' title='bbox 1479 2421 1536 2466; x_wconf 92' lang='lat' dir='ltr'><strong>et</strong></span> <span class='ocrx_word' id='word_1_157' title='bbox 1581 2411 1650 2464; x_wconf 89' lang='lat' dir='ltr'><strong>ab</strong></span> <span class='ocrx_word' id='word_1_158' title='bbox 1694 2410 1829 2479; x_wconf 85' lang='lat' dir='ltr'><strong>ipsis</strong></span> <span class='ocrx_word' id='word_1_159' title='bbox 1870 2409 2043 2462; x_wconf 88' lang='lat' dir='ltr'><strong>credi-</strong></span> 
     </span>
    </p>
   </div>
   <div class='ocr_carea' id='block_1_28' title="bbox 472 2502 2047 2573">
    <p class='ocr_par' dir='ltr' id='par_1_28' title="bbox 472 2502 2047 2573">
     <span class='ocr_line' id='line_1_28' title="bbox 472 2502 2047 2573; baseline -0.01 -5"><span class='ocrx_word' id='word_1_160' title='bbox 472 2515 684 2568; x_wconf 84' lang='lat' dir='ltr'><strong>toribus</strong></span> <span class='ocrx_word' id='word_1_161' title='bbox 737 2510 1108 2570; x_wconf 85' lang='lat' dir='ltr'><strong>obsideretur,</strong></span> <span class='ocrx_word' id='word_1_162' title='bbox 1169 2505 1518 2573; x_wconf 86' lang='lat' dir='ltr'><strong>animamque</strong></span> <span class='ocrx_word' id='word_1_163' title='bbox 1579 2502 1806 2556; x_wconf 88' lang='lat' dir='ltr'><strong>haberet</strong></span> <span class='ocrx_word' id='word_1_164' title='bbox 1875 2502 2047 2569; x_wconf 77' lang='lat' dir='ltr'><strong>priori</strong></span> 
     </span>
    </p>
   </div>
   <div class='ocr_carea' id='block_1_29' title="bbox 478 2593 2049 2675">
    <p class='ocr_par' dir='ltr' id='par_1_29' title="bbox 478 2593 2049 2675">
     <span class='ocr_line' id='line_1_29' title="bbox 478 2593 2049 2675; baseline -0.008 -17"><span class='ocrx_word' id='word_1_165' title='bbox 478 2618 804 2675; x_wconf 86' lang='lat' dir='ltr'><strong>oppressam</strong></span> <span class='ocrx_word' id='word_1_166' title='bbox 851 2599 1128 2667; x_wconf 85' lang='lat' dir='ltr'><strong>inOpia,et</strong></span> <span class='ocrx_word' id='word_1_167' title='bbox 1154 2612 1274 2666; x_wconf 65' lang='lat' dir='ltr'><strong>quae</strong></span> <span class='ocrx_word' id='word_1_168' title='bbox 1316 2596 1462 2648; x_wconf 90' lang='lat' dir='ltr'><strong>omni</strong></span> <span class='ocrx_word' id='word_1_169' title='bbox 1504 2593 1665 2647; x_wconf 92' lang='lat' dir='ltr'><strong>modo</strong></span> <span class='ocrx_word' id='word_1_170' title='bbox 1707 2603 1982 2662; x_wconf 63' lang='lat' dir='ltr'><strong>quaereret</strong></span> <span class='ocrx_word' id='word_1_171' title='bbox 2018 2607 2049 2645; x_wconf 88' lang='lat' dir='ltr'><strong>e</strong></span> 
     </span>
    </p>
   </div>
   <div class='ocr_carea' id='block_1_30' title="bbox 472 2683 2048 2766">
    <p class='ocr_par' dir='ltr' id='par_1_30' title="bbox 472 2683 2048 2766">
     <span class='ocr_line' id='line_1_30' title="bbox 472 2683 2048 2766; baseline -0.006 -18"><span class='ocrx_word' id='word_1_172' title='bbox 472 2693 836 2766; x_wconf 64' lang='lat' dir='ltr'><strong>praesentibus</strong></span> <span class='ocrx_word' id='word_1_173' title='bbox 861 2691 1280 2752; x_wconf 89' lang='lat' dir='ltr'><strong>liberationem,</strong></span> <span class='ocrx_word' id='word_1_174' title='bbox 1310 2685 1742 2741; x_wconf 77' lang='lat' dir='ltr'><strong>labefactabatur</strong></span> <span class='ocrx_word' id='word_1_175' title='bbox 1772 2694 1951 2739; x_wconf 91' lang='lat' dir='ltr'><strong>tamen</strong></span> <span class='ocrx_word' id='word_1_176' title='bbox 1980 2683 2048 2738; x_wconf 89' lang='lat' dir='ltr'><strong>ad</strong></span> 
     </span>
    </p>
   </div>
   <div class='ocr_carea' id='block_1_31' title="bbox 472 2778 2049 2844">
    <p class='ocr_par' dir='ltr' id='par_1_31' title="bbox 472 2778 2049 2844">
     <span class='ocr_line' id='line_1_31' title="bbox 472 2778 2049 2844; baseline -0.008 -2"><span class='ocrx_word' id='word_1_177' title='bbox 472 2785 804 2843; x_wconf 82' lang='lat' dir='ltr'><strong>sumendum</strong></span> <span class='ocrx_word' id='word_1_178' title='bbox 851 2784 1086 2838; x_wconf 89' lang='lat' dir='ltr'><strong>alterum</strong></span> <span class='ocrx_word' id='word_1_179' title='bbox 1128 2794 1423 2844; x_wconf 88' lang='lat' dir='ltr'><strong>venenum,</strong></span> <span class='ocrx_word' id='word_1_180' title='bbox 1465 2787 1522 2834; x_wconf 91' lang='lat' dir='ltr'><strong>et</strong></span> <span class='ocrx_word' id='word_1_181' title='bbox 1563 2778 1632 2832; x_wconf 89' lang='lat' dir='ltr'><strong>ad</strong></span> <span class='ocrx_word' id='word_1_182' title='bbox 1679 2788 1912 2831; x_wconf 74' lang='lat' dir='ltr'><strong>mortem</strong></span> <span class='ocrx_word' id='word_1_183' title='bbox 1955 2791 2049 2830; x_wconf 85' lang='lat' dir='ltr'><strong>ac-</strong></span> 
     </span>
    </p>
   </div>
   <div class='ocr_carea' id='block_1_32' title="bbox 472 2868 2047 2938">
    <p class='ocr_par' dir='ltr' id='par_1_32' title="bbox 472 2868 2047 2938">
     <span class='ocr_line' id='line_1_32' title="bbox 472 2868 2047 2938; baseline -0.009 -5"><span class='ocrx_word' id='word_1_184' title='bbox 472 2877 668 2933; x_wconf 89' lang='lat' dir='ltr'><strong>cedere</strong></span> <span class='ocrx_word' id='word_1_185' title='bbox 702 2876 1010 2930; x_wconf 83' lang='lat' dir='ltr'><strong>recusabat.</strong></span> <span class='ocrx_word' id='word_1_186' title='bbox 1042 2873 1245 2929; x_wconf 84' lang='lat' dir='ltr'><strong>Verum</strong></span> <span class='ocrx_word' id='word_1_187' title='bbox 1293 2885 1416 2924; x_wconf 91' lang='lat' dir='ltr'><strong>cum</strong></span> <span class='ocrx_word' id='word_1_188' title='bbox 1459 2884 1491 2924; x_wconf 93' lang='lat' dir='ltr'><strong>e</strong></span> <span class='ocrx_word' id='word_1_189' title='bbox 1536 2868 1901 2938; x_wconf 62' lang='lat' dir='ltr'><strong>prasentibus</strong></span> <span class='ocrx_word' id='word_1_190' title='bbox 1942 2883 2047 2920; x_wconf 87' lang='lat' dir='ltr'><strong>non</strong></span> 
     </span>
    </p>
   </div>
   <div class='ocr_carea' id='block_1_33' title="bbox 471 2959 2048 3032">
    <p class='ocr_par' dir='ltr' id='par_1_33' title="bbox 471 2959 2048 3032">
     <span class='ocr_line' id='line_1_33' title="bbox 471 2959 2048 3032; baseline -0.008 -10"><span class='ocrx_word' id='word_1_191' title='bbox 471 2967 800 3022; x_wconf 84' lang='lat' dir='ltr'><strong>liberaretur</strong></span> <span class='ocrx_word' id='word_1_192' title='bbox 858 2965 1318 3026; x_wconf 82' lang='lat' dir='ltr'><strong>dillicultatibus,</strong></span> <span class='ocrx_word' id='word_1_193' title='bbox 1383 2960 1603 3032; x_wconf 77' lang='lat' dir='ltr'><strong>gravius</strong></span> <span class='ocrx_word' id='word_1_194' title='bbox 1663 2974 1787 3015; x_wconf 85' lang='lat' dir='ltr'><strong>esse</strong></span> <span class='ocrx_word' id='word_1_195' title='bbox 1846 2959 2048 3012; x_wconf 89' lang='lat' dir='ltr'><strong>malum</strong></span> 
     </span>
    </p>
   </div>
   <div class='ocr_carea' id='block_1_34' title="bbox 2140 491 3716 569">
    <p class='ocr_par' dir='ltr' id='par_1_34' title="bbox 2140 491 3716 569">
     <span class='ocr_line' id='line_1_34' title="bbox 2140 491 3716 569; baseline -0.005 -17"><span class='ocrx_word' id='word_1_196' title='bbox 2140 501 2389 569; x_wconf 74' lang='grc' dir='ltr'><strong>τερπνοῖς</strong></span> <span class='ocrx_word' id='word_1_197' title='bbox 2421 537 2435 559; x_wconf 88' lang='grc'><strong>,</strong></span> <span class='ocrx_word' id='word_1_198' title='bbox 2487 501 2581 551; x_wconf 73' lang='grc' dir='ltr'>καὶ</span> <span class='ocrx_word' id='word_1_199' title='bbox 2627 500 2694 568; x_wconf 82' lang='grc' dir='ltr'>τῇ</span> <span class='ocrx_word' id='word_1_200' title='bbox 2751 497 2851 564; x_wconf 77' lang='grc' dir='ltr'><strong>τῆς</strong></span> <span class='ocrx_word' id='word_1_201' title='bbox 2908 494 3189 563; x_wconf 81' lang='grc' dir='ltr'><strong>παρούσης</strong></span> <span class='ocrx_word' id='word_1_202' title='bbox 3244 493 3390 562; x_wconf 79' lang='grc' dir='ltr'><strong>ζωῆς</strong></span> <span class='ocrx_word' id='word_1_203' title='bbox 3449 491 3716 560; x_wconf 55' lang='grc' dir='ltr'>ἐπιθυμία</span> 
     </span>
    </p>
   </div>
   <div class='ocr_carea' id='block_1_35' title="bbox 2143 582 3718 658">
    <p class='ocr_par' dir='ltr' id='par_1_35' title="bbox 2143 582 3718 658">
     <span class='ocr_line' id='line_1_35' title="bbox 2143 582 3718 658; baseline -0.006 -15"><span class='ocrx_word' id='word_1_204' title='bbox 2143 589 2489 658; x_wconf 75' lang='grc' dir='ltr'>θελγόμενος,</span> <span class='ocrx_word' id='word_1_205' title='bbox 2555 588 2652 641; x_wconf 79' lang='grc' dir='ltr'>νῦν</span> <span class='ocrx_word' id='word_1_206' title='bbox 2716 587 2773 640; x_wconf 76' lang='grc' dir='ltr'>δὲ</span> <span class='ocrx_word' id='word_1_207' title='bbox 2826 586 2886 638; x_wconf 81' lang='grc' dir='ltr'>τὸ</span> <span class='ocrx_word' id='word_1_208' title='bbox 2926 584 3034 639; x_wconf 88' lang='grc' dir='ltr'><strong>τῶν</strong></span> <span class='ocrx_word' id='word_1_209' title='bbox 3086 583 3314 638; x_wconf 83' lang='grc' dir='ltr'>δανείων</span> <span class='ocrx_word' id='word_1_210' title='bbox 3361 582 3563 653; x_wconf 76' lang='grc' dir='ltr'>πλῆθος</span> <span class='ocrx_word' id='word_1_211' title='bbox 3623 584 3718 635; x_wconf 72' lang='grc' dir='ltr'>καὶ</span> 
     </span>
    </p>
   </div>
   <div class='ocr_carea' id='block_1_36' title="bbox 2142 675 3719 750">
    <p class='ocr_par' dir='ltr' id='par_1_36' title="bbox 2142 675 3719 750">
     <span class='ocr_line' id='line_1_36' title="bbox 2142 675 3719 750; baseline -0.007 -14"><span class='ocrx_word' id='word_1_212' title='bbox 2142 682 2309 738; x_wconf 67' lang='grc' dir='ltr'>τᾶλλα</span> <span class='ocrx_word' id='word_1_213' title='bbox 2327 682 2396 734; x_wconf 72' lang='grc' dir='ltr'>τὰ</span> <span class='ocrx_word' id='word_1_214' title='bbox 2417 681 2480 733; x_wconf 75' lang='grc' dir='ltr'>ἐκ</span> <span class='ocrx_word' id='word_1_215' title='bbox 2525 679 2622 750; x_wconf 85' lang='grc' dir='ltr'><strong>τῆς</strong></span> <span class='ocrx_word' id='word_1_216' title='bbox 2653 679 2860 740; x_wconf 75' lang='grc' dir='ltr'>ἐνδείας</span> <span class='ocrx_word' id='word_1_217' title='bbox 2885 678 3120 747; x_wconf 84' lang='grc' dir='ltr'>δυσχερῆ</span> <span class='ocrx_word' id='word_1_218' title='bbox 3149 675 3545 744; x_wconf 59' lang='grc' dir='ltr'>σκοπούμειος,</span> <span class='ocrx_word' id='word_1_219' title='bbox 3575 677 3719 741; x_wconf 81' lang='grc' dir='ltr'>ἀμη-</span> 
     </span>
    </p>
   </div>
   <div class='ocr_carea' id='block_1_37' title="bbox 2144 767 3716 843">
    <p class='ocr_par' dir='ltr' id='par_1_37' title="bbox 2144 767 3716 843">
     <span class='ocr_line' id='line_1_37' title="bbox 2144 767 3716 843; baseline -0.004 -18"><span class='ocrx_word' id='word_1_220' title='bbox 2144 772 2343 843; x_wconf 80' lang='grc' dir='ltr'>χανίας</span> <span class='ocrx_word' id='word_1_221' title='bbox 2379 773 2544 842; x_wconf 80' lang='grc' dir='ltr'><strong>μέσος</strong></span> <span class='ocrx_word' id='word_1_222' title='bbox 2573 773 2810 840; x_wconf 77' lang='grc' dir='ltr'><strong>ἐσχάτης</strong></span> <span class='ocrx_word' id='word_1_223' title='bbox 2838 769 3044 822; x_wconf 84' lang='grc' dir='ltr'>ἵστατο.</span> <span class='ocrx_word' id='word_1_224' title='bbox 3078 768 3210 822; x_wconf 81' lang='grc' dir='ltr'><strong>Ὅτε</strong></span> <span class='ocrx_word' id='word_1_225' title='bbox 3235 769 3333 835; x_wconf 79' lang='grc' dir='ltr'>μὲν</span> <span class='ocrx_word' id='word_1_226' title='bbox 3353 769 3463 837; x_wconf 85' lang='grc' dir='ltr'><strong>γάρ</strong></span> <span class='ocrx_word' id='word_1_227' title='bbox 3495 767 3631 838; x_wconf 79' lang='grc' dir='ltr'>πρὸς</span> <span class='ocrx_word' id='word_1_228' title='bbox 3652 767 3716 819; x_wconf 60' lang='lat' dir='ltr'><strong>te</strong></span> 
     </span>
    </p>
   </div>
   <div class='ocr_carea' id='block_1_38' title="bbox 2145 859 3714 934">
    <p class='ocr_par' dir='ltr' id='par_1_38' title="bbox 2145 859 3714 934">
     <span class='ocr_line' id='line_1_38' title="bbox 2145 859 3714 934; baseline -0.003 -19"><span class='ocrx_word' id='word_1_229' title='bbox 2145 865 2318 934; x_wconf 81' lang='grc' dir='ltr'>γλυκὺ</span> <span class='ocrx_word' id='word_1_230' title='bbox 2349 865 2509 916; x_wconf 85' lang='grc' dir='ltr'>τοῦτο</span> <span class='ocrx_word' id='word_1_231' title='bbox 2539 863 2655 932; x_wconf 77' lang='grc' dir='ltr'>φῶς</span> <span class='ocrx_word' id='word_1_232' title='bbox 2693 861 2935 924; x_wconf 81' lang='grc' dir='ltr'>ἀπεῖδεν,</span> <span class='ocrx_word' id='word_1_233' title='bbox 2969 862 3316 926; x_wconf 80' lang='grc' dir='ltr'>ἀπεγίνωσκε</span> <span class='ocrx_word' id='word_1_234' title='bbox 3348 859 3443 912; x_wconf 84' lang='grc' dir='ltr'><strong>τοῦ</strong></span> <span class='ocrx_word' id='word_1_235' title='bbox 3488 859 3714 928; x_wconf 82' lang='grc' dir='ltr'>φαρμά-</span> 
     </span>
    </p>
   </div>
   <div class='ocr_carea' id='block_1_39' title="bbox 2145 952 3717 1026">
    <p class='ocr_par' dir='ltr' id='par_1_39' title="bbox 2145 952 3717 1026">
     <span class='ocr_line' id='line_1_39' title="bbox 2145 952 3717 1026; baseline -0.004 -17"><span class='ocrx_word' id='word_1_236' title='bbox 2145 973 2246 1009; x_wconf 88' lang='grc' dir='ltr'>κου</span> <span class='ocrx_word' id='word_1_237' title='bbox 2269 971 2285 986; x_wconf 88' lang='grc'><strong>·</strong></span> <span class='ocrx_word' id='word_1_238' title='bbox 2320 957 2409 1009; x_wconf 82' lang='grc' dir='ltr'>ὅτε</span> <span class='ocrx_word' id='word_1_239' title='bbox 2441 956 2497 1009; x_wconf 83' lang='grc' dir='ltr'>δὲ</span> <span class='ocrx_word' id='word_1_240' title='bbox 2551 955 2687 1026; x_wconf 76' lang='grc' dir='ltr'>πρὸς</span> <span class='ocrx_word' id='word_1_241' title='bbox 2719 953 2815 1024; x_wconf 77' lang='grc' dir='ltr'>τὴν</span> <span class='ocrx_word' id='word_1_242' title='bbox 2842 953 3219 1023; x_wconf 82' lang='grc' dir='ltr'><strong>περιεστῶσαν</strong></span> <span class='ocrx_word' id='word_1_243' title='bbox 3263 952 3530 1006; x_wconf 77' lang='grc' dir='ltr'><strong>πάντοθεν</strong></span> <span class='ocrx_word' id='word_1_244' title='bbox 3580 954 3717 1005; x_wconf 77' lang='grc' dir='ltr'>ἀπο-</span> 
     </span>
    </p>
   </div>
   <div class='ocr_carea' id='block_1_40' title="bbox 2149 1044 3715 1119">
    <p class='ocr_par' dir='ltr' id='par_1_40' title="bbox 2149 1044 3715 1119">
     <span class='ocr_line' id='line_1_40' title="bbox 2149 1044 3715 1119; baseline -0.006 -17"><span class='ocrx_word' id='word_1_245' title='bbox 2149 1049 2295 1119; x_wconf 87' lang='grc' dir='ltr'>ρίαν,</span> <span class='ocrx_word' id='word_1_246' title='bbox 2359 1048 2461 1100; x_wconf 74' lang='grc' dir='ltr'>καὶ</span> <span class='ocrx_word' id='word_1_247' title='bbox 2511 1046 2611 1116; x_wconf 75' lang='grc' dir='ltr'>τὴν</span> <span class='ocrx_word' id='word_1_248' title='bbox 2658 1045 3042 1115; x_wconf 82' lang='grc' dir='ltr'>ὲγκαθημένην</span> <span class='ocrx_word' id='word_1_249' title='bbox 3096 1047 3161 1114; x_wconf 80' lang='grc' dir='ltr'><strong>τῇ</strong></span> <span class='ocrx_word' id='word_1_250' title='bbox 3212 1045 3357 1114; x_wconf 73' lang='grc' dir='ltr'>ψυχῇ</span> <span class='ocrx_word' id='word_1_251' title='bbox 3423 1044 3715 1112; x_wconf 74' lang='grc' dir='ltr'>μέριμναν,</span> 
     </span>
    </p>
   </div>
   <div class='ocr_carea' id='block_1_41' title="bbox 2148 1131 3715 1210">
    <p class='ocr_par' dir='ltr' id='par_1_41' title="bbox 2148 1131 3715 1210">
     <span class='ocr_line' id='line_1_41' title="bbox 2148 1131 3715 1210; baseline -0.013 -18"><span class='ocrx_word' id='word_1_252' title='bbox 2148 1140 2458 1210; x_wconf 79' lang='grc' dir='ltr'>κατετόλμα</span> <span class='ocrx_word' id='word_1_253' title='bbox 2486 1141 2586 1210; x_wconf 85' lang='grc' dir='ltr'><strong>τῆς</strong></span> <span class='ocrx_word' id='word_1_254' title='bbox 2619 1139 2901 1207; x_wconf 81' lang='grc' dir='ltr'><strong>τελευτῆς.</strong></span> <span class='ocrx_word' id='word_1_255' title='bbox 2940 1136 3131 1205; x_wconf 82' lang='grc' dir='ltr'><strong>Ὅμως</strong></span> <span class='ocrx_word' id='word_1_256' title='bbox 3160 1135 3367 1204; x_wconf 78' lang='grc' dir='ltr'>ἡττήθη</span> <span class='ocrx_word' id='word_1_257' title='bbox 3418 1136 3519 1202; x_wconf 79' lang='grc' dir='ltr'><strong>τῆς</strong></span> <span class='ocrx_word' id='word_1_258' title='bbox 3545 1131 3715 1200; x_wconf 72' lang='grc' dir='ltr'><strong>ἀνάγ-</strong></span> 
     </span>
    </p>
   </div>
   <div class='ocr_carea' id='block_1_42' title="bbox 2149 1225 3718 1301">
    <p class='ocr_par' dir='ltr' id='par_1_42' title="bbox 2149 1225 3718 1301">
     <span class='ocr_line' id='line_1_42' title="bbox 2149 1225 3718 1301; baseline -0.011 -12"><span class='ocrx_word' id='word_1_259' title='bbox 2149 1250 2273 1301; x_wconf 87' lang='grc' dir='ltr'>κης,</span> <span class='ocrx_word' id='word_1_260' title='bbox 2307 1232 2400 1288; x_wconf 81' lang='grc' dir='ltr'>καὶ</span> <span class='ocrx_word' id='word_1_261' title='bbox 2443 1232 2591 1294; x_wconf 79' lang='grc' dir='ltr'><strong>ὅπως</strong></span> <span class='ocrx_word' id='word_1_262' title='bbox 2615 1229 2727 1282; x_wconf 81' lang='grc' dir='ltr'><strong>τῶν</strong></span> <span class='ocrx_word' id='word_1_263' title='bbox 2757 1227 3012 1281; x_wconf 69' lang='grc' dir='ltr'>ἐντεῦθεν</span> <span class='ocrx_word' id='word_1_264' title='bbox 3063 1226 3408 1295; x_wconf 79' lang='grc' dir='ltr'>ἀπαλλαγείη</span> <span class='ocrx_word' id='word_1_265' title='bbox 3455 1225 3718 1291; x_wconf 76' lang='grc' dir='ltr'>ἀνιαρῶν,</span> 
     </span>
    </p>
   </div>
   <div class='ocr_carea' id='block_1_43' title="bbox 2151 1319 3719 1395">
    <p class='ocr_par' dir='ltr' id='par_1_43' title="bbox 2151 1319 3719 1395">
     <span class='ocr_line' id='line_1_43' title="bbox 2151 1319 3719 1395; baseline -0.008 -13"><span class='ocrx_word' id='word_1_266' title='bbox 2151 1329 2247 1382; x_wconf 80' lang='grc' dir='ltr'>καὶ</span> <span class='ocrx_word' id='word_1_267' title='bbox 2285 1325 2461 1395; x_wconf 84' lang='grc' dir='ltr'>αὐτῆς</span> <span class='ocrx_word' id='word_1_268' title='bbox 2516 1323 2898 1392; x_wconf 80' lang='grc' dir='ltr'>ἀπαλλαγῆναι</span> <span class='ocrx_word' id='word_1_269' title='bbox 2941 1322 3043 1392; x_wconf 84' lang='grc' dir='ltr'><strong>τῆς</strong></span> <span class='ocrx_word' id='word_1_270' title='bbox 3089 1321 3236 1390; x_wconf 76' lang='grc' dir='ltr'><strong>ζωῆς</strong></span> <span class='ocrx_word' id='word_1_271' title='bbox 3263 1321 3460 1376; x_wconf 75' lang='grc' dir='ltr'>εἵλετο.</span> <span class='ocrx_word' id='word_1_272' title='bbox 3499 1319 3719 1389; x_wconf 60' lang='grc' dir='ltr'>Ἀμέλει</span> 
     </span>
    </p>
   </div>
   <div class='ocr_carea' id='block_1_44' title="bbox 2152 1410 3720 1486">
    <p class='ocr_par' dir='ltr' id='par_1_44' title="bbox 2152 1410 3720 1486">
     <span class='ocr_line' id='line_1_44' title="bbox 2152 1410 3720 1486; baseline -0.006 -15"><span class='ocrx_word' id='word_1_273' title='bbox 2152 1420 2247 1472; x_wconf 72' lang='grc' dir='ltr'>καὶ</span> <span class='ocrx_word' id='word_1_274' title='bbox 2297 1416 2360 1470; x_wconf 87' lang='grc' dir='ltr'><strong>τδ</strong></span> <span class='ocrx_word' id='word_1_275' title='bbox 2388 1417 2678 1486; x_wconf 52' lang='grc' dir='ltr'>φάρμακον</span> <span class='ocrx_word' id='word_1_276' title='bbox 2730 1414 2952 1484; x_wconf 82' lang='grc' dir='ltr'><strong>ἐγχέας,</strong></span> <span class='ocrx_word' id='word_1_277' title='bbox 3013 1411 3108 1466; x_wconf 82' lang='grc' dir='ltr'>καὶ</span> <span class='ocrx_word' id='word_1_278' title='bbox 3137 1411 3331 1482; x_wconf 75' lang='grc' dir='ltr'>ἄκροις</span> <span class='ocrx_word' id='word_1_279' title='bbox 3380 1411 3480 1480; x_wconf 78' lang='grc' dir='ltr'>τὴν</span> <span class='ocrx_word' id='word_1_280' title='bbox 3522 1410 3720 1462; x_wconf 73' lang='grc' dir='ltr'>κύλικα</span> 
     </span>
    </p>
   </div>
   <div class='ocr_carea' id='block_1_45' title="bbox 2151 1505 3720 1578">
    <p class='ocr_par' dir='ltr' id='par_1_45' title="bbox 2151 1505 3720 1578">
     <span class='ocr_line' id='line_1_45' title="bbox 2151 1505 3720 1578; baseline -0.006 -13"><span class='ocrx_word' id='word_1_281' title='bbox 2151 1509 2436 1573; x_wconf 77' lang='grc' dir='ltr'><strong>δακτύλοις</strong></span> <span class='ocrx_word' id='word_1_282' title='bbox 2494 1507 2699 1574; x_wconf 81' lang='grc' dir='ltr'>λαϐὼν,</span> <span class='ocrx_word' id='word_1_283' title='bbox 2763 1507 2994 1576; x_wconf 73' lang='grc' dir='ltr'>ἐπείπερ</span> <span class='ocrx_word' id='word_1_284' title='bbox 3023 1508 3056 1577; x_wconf 83' lang='grc' dir='ltr'><strong>ή</strong></span> <span class='ocrx_word' id='word_1_285' title='bbox 3091 1507 3239 1578; x_wconf 77' lang='grc' dir='ltr'>ψυχὴ</span> <span class='ocrx_word' id='word_1_286' title='bbox 3267 1505 3417 1577; x_wconf 81' lang='grc' dir='ltr'>αὐτῷ</span> <span class='ocrx_word' id='word_1_287' title='bbox 3461 1506 3522 1562; x_wconf 85' lang='grc' dir='ltr'><strong>οὑ</strong></span> <span class='ocrx_word' id='word_1_288' title='bbox 3547 1520 3720 1574; x_wconf 79' lang='grc' dir='ltr'>προσ·</span> 
     </span>
    </p>
   </div>
   <div class='ocr_carea' id='block_1_46' title="bbox 2155 1596 3723 1672">
    <p class='ocr_par' dir='ltr' id='par_1_46' title="bbox 2155 1596 3723 1672">
     <span class='ocr_line' id='line_1_46' title="bbox 2155 1596 3723 1672; baseline -0.006 -15"><span class='ocrx_word' id='word_1_289' title='bbox 2155 1603 2264 1657; x_wconf 86' lang='grc' dir='ltr'>ίετο</span> <span class='ocrx_word' id='word_1_290' title='bbox 2294 1643 2310 1669; x_wconf 90' lang='grc'><strong>,</strong></span> <span class='ocrx_word' id='word_1_291' title='bbox 2371 1601 2509 1657; x_wconf 89' lang='grc' dir='ltr'><strong>ἀλλά</strong></span> <span class='ocrx_word' id='word_1_292' title='bbox 2543 1601 2639 1656; x_wconf 80' lang='grc' dir='ltr'>καὶ</span> <span class='ocrx_word' id='word_1_293' title='bbox 2675 1600 2880 1672; x_wconf 82' lang='grc' dir='ltr'>σφόδρα</span> <span class='ocrx_word' id='word_1_294' title='bbox 2910 1597 3022 1670; x_wconf 76' lang='grc' dir='ltr'>εἶχε</span> <span class='ocrx_word' id='word_1_295' title='bbox 3054 1599 3342 1670; x_wconf 82' lang='grc' dir='ltr'>περιδεῶς,</span> <span class='ocrx_word' id='word_1_296' title='bbox 3380 1599 3475 1653; x_wconf 79' lang='grc' dir='ltr'>καὶ</span> <span class='ocrx_word' id='word_1_297' title='bbox 3502 1596 3723 1666; x_wconf 74' lang='grc' dir='ltr'>συνεχὲς</span> 
     </span>
    </p>
   </div>
   <div class='ocr_carea' id='block_1_47' title="bbox 2153 1690 3725 1765">
    <p class='ocr_par' dir='ltr' id='par_1_47' title="bbox 2153 1690 3725 1765">
     <span class='ocr_line' id='line_1_47' title="bbox 2153 1690 3725 1765; baseline -0.004 -17"><span class='ocrx_word' id='word_1_298' title='bbox 2153 1696 2300 1750; x_wconf 75' lang='grc' dir='ltr'>ἔνδον</span> <span class='ocrx_word' id='word_1_299' title='bbox 2329 1695 2364 1765; x_wconf 78' lang='grc' dir='ltr'><strong>ἡ</strong></span> <span class='ocrx_word' id='word_1_300' title='bbox 2418 1694 2624 1764; x_wconf 78' lang='grc' dir='ltr'>καρδία</span> <span class='ocrx_word' id='word_1_301' title='bbox 2675 1694 2976 1758; x_wconf 76' lang='grc' dir='ltr'>ἑπάτασσε,</span> <span class='ocrx_word' id='word_1_302' title='bbox 3009 1692 3163 1756; x_wconf 85' lang='grc' dir='ltr'><strong>τέλος</strong></span> <span class='ocrx_word' id='word_1_303' title='bbox 3213 1691 3312 1762; x_wconf 76' lang='grc' dir='ltr'><strong>τὴν</strong></span> <span class='ocrx_word' id='word_1_304' title='bbox 3353 1690 3558 1762; x_wconf 77' lang='grc' dir='ltr'>συνήθη</span> <span class='ocrx_word' id='word_1_305' title='bbox 3587 1691 3725 1760; x_wconf 86' lang='grc' dir='ltr'>Χρι-</span> 
     </span>
    </p>
   </div>
   <div class='ocr_carea' id='block_1_48' title="bbox 2155 1782 3718 1856">
    <p class='ocr_par' dir='ltr' id='par_1_48' title="bbox 2155 1782 3718 1856">
     <span class='ocr_line' id='line_1_48' title="bbox 2155 1782 3718 1856; baseline -0.004 -17"><span class='ocrx_word' id='word_1_306' title='bbox 2155 1789 2392 1850; x_wconf 77' lang='grc' dir='ltr'>στιανοῖς</span> <span class='ocrx_word' id='word_1_307' title='bbox 2423 1786 2520 1840; x_wconf 82' lang='grc' dir='ltr'>τοῦ</span> <span class='ocrx_word' id='word_1_308' title='bbox 2547 1784 2784 1856; x_wconf 83' lang='grc' dir='ltr'>σταυροῦ</span> <span class='ocrx_word' id='word_1_309' title='bbox 2817 1785 3091 1855; x_wconf 83' lang='grc' dir='ltr'>σφραγῖδα</span> <span class='ocrx_word' id='word_1_310' title='bbox 3121 1783 3198 1855; x_wconf 84' lang='grc' dir='ltr'>τῷ</span> <span class='ocrx_word' id='word_1_311' title='bbox 3231 1783 3510 1852; x_wconf 79' lang='grc' dir='ltr'><strong>φαρμάκῳ</strong></span> <span class='ocrx_word' id='word_1_312' title='bbox 3531 1782 3718 1834; x_wconf 81' lang='grc' dir='ltr'>διατυο</span> 
     </span>
    </p>
   </div>
   <div class='ocr_carea' id='block_1_49' title="bbox 2152 1871 3726 1947">
    <p class='ocr_par' dir='ltr' id='par_1_49' title="bbox 2152 1871 3726 1947">
     <span class='ocr_line' id='line_1_49' title="bbox 2152 1871 3726 1947; baseline -0.005 -15"><span class='ocrx_word' id='word_1_313' title='bbox 2152 1879 2364 1944; x_wconf 78' lang='grc' dir='ltr'>πιῦσας,</span> <span class='ocrx_word' id='word_1_314' title='bbox 2391 1879 2487 1933; x_wconf 82' lang='grc' dir='ltr'>καὶ</span> <span class='ocrx_word' id='word_1_315' title='bbox 2524 1876 2852 1947; x_wconf 83' lang='grc' dir='ltr'>καταμύσας</span> <span class='ocrx_word' id='word_1_316' title='bbox 2887 1875 3074 1942; x_wconf 80' lang='grc' dir='ltr'>εὐθὺς,</span> <span class='ocrx_word' id='word_1_317' title='bbox 3103 1875 3202 1928; x_wconf 58' lang='grc' dir='ltr'><strong>καλ</strong></span> <span class='ocrx_word' id='word_1_318' title='bbox 3221 1876 3385 1939; x_wconf 84' lang='grc' dir='ltr'>πιὼν,</span> <span class='ocrx_word' id='word_1_319' title='bbox 3412 1871 3476 1945; x_wconf 86' lang='grc' dir='ltr'>(ῶ</span> <span class='ocrx_word' id='word_1_320' title='bbox 3501 1874 3598 1940; x_wconf 74' lang='grc' dir='ltr'><strong>τῆς</strong></span> <span class='ocrx_word' id='word_1_321' title='bbox 3629 1889 3726 1942; x_wconf 82' lang='grc' dir='ltr'>με-</span> 
     </span>
    </p>
   </div>
   <div class='ocr_carea' id='block_1_50' title="bbox 2155 1969 3726 2044">
    <p class='ocr_par' dir='ltr' id='par_1_50' title="bbox 2155 1969 3726 2044">
     <span class='ocr_line' id='line_1_50' title="bbox 2155 1969 3726 2044; baseline -0.006 -17"><span class='ocrx_word' id='word_1_322' title='bbox 2155 1973 2327 2044; x_wconf 83' lang='grc' dir='ltr'>γάλης</span> <span class='ocrx_word' id='word_1_323' title='bbox 2350 1975 2448 2027; x_wconf 75' lang='grc' dir='ltr'>καὶ</span> <span class='ocrx_word' id='word_1_324' title='bbox 2472 1973 2794 2043; x_wconf 85' lang='grc' dir='ltr'>θαυμαστῆς</span> <span class='ocrx_word' id='word_1_325' title='bbox 2821 1987 2936 2036; x_wconf 88' lang='grc' dir='ltr'>σου,</span> <span class='ocrx_word' id='word_1_326' title='bbox 2957 1969 3183 2040; x_wconf 74' lang='grc' dir='ltr'>Χριστὲ,</span> <span class='ocrx_word' id='word_1_327' title='bbox 3211 1969 3491 2036; x_wconf 83' lang='grc' dir='ltr'>δυνὰωςμε</span> <span class='ocrx_word' id='word_1_328' title='bbox 3511 1969 3549 2034; x_wconf 75' lang='grc' dir='ltr'><strong>ε)</strong></span> <span class='ocrx_word' id='word_1_329' title='bbox 3582 1969 3726 2019; x_wconf 65' lang='grc' dir='ltr'>ἀπα-</span> 
     </span>
    </p>
   </div>
   <div class='ocr_carea' id='block_1_51' title="bbox 2154 2062 3724 2138">
    <p class='ocr_par' dir='ltr' id='par_1_51' title="bbox 2154 2062 3724 2138">
     <span class='ocr_line' id='line_1_51' title="bbox 2154 2062 3724 2138; baseline -0.006 -16"><span class='ocrx_word' id='word_1_330' title='bbox 2154 2068 2255 2138; x_wconf 81' lang='grc' dir='ltr'><strong>θὴς</strong></span> <span class='ocrx_word' id='word_1_331' title='bbox 2288 2067 2471 2136; x_wconf 78' lang='grc' dir='ltr'>ἔμενε,</span> <span class='ocrx_word' id='word_1_332' title='bbox 2503 2065 2596 2118; x_wconf 81' lang='grc' dir='ltr'>τοῦ</span> <span class='ocrx_word' id='word_1_333' title='bbox 2635 2062 2872 2134; x_wconf 79' lang='grc' dir='ltr'>σταυροῦ</span> <span class='ocrx_word' id='word_1_334' title='bbox 2901 2062 3002 2133; x_wconf 76' lang='grc' dir='ltr'>τὴν</span> <span class='ocrx_word' id='word_1_335' title='bbox 3035 2062 3132 2116; x_wconf 80' lang='grc' dir='ltr'>τοῦ</span> <span class='ocrx_word' id='word_1_336' title='bbox 3163 2064 3462 2132; x_wconf 75' lang='grc' dir='ltr'><strong>φαρμάκου</strong></span> <span class='ocrx_word' id='word_1_337' title='bbox 3495 2062 3555 2113; x_wconf 84' lang='grc' dir='ltr'>δύ</span> <span class='ocrx_word' id='word_1_338' title='bbox 3569 2079 3724 2128; x_wconf 59' lang='lat' dir='ltr'><strong>capt»</strong></span> 
     </span>
    </p>
   </div>
   <div class='ocr_carea' id='block_1_52' title="bbox 2154 2155 3726 2228">
    <p class='ocr_par' dir='ltr' id='par_1_52' title="bbox 2154 2155 3726 2228">
     <span class='ocr_line' id='line_1_52' title="bbox 2154 2155 3726 2228; baseline -0.006 -12"><span class='ocrx_word' id='word_1_339' title='bbox 2154 2160 2460 2223; x_wconf 79' lang='grc' dir='ltr'>ἀνελόντος.</span> <span class='ocrx_word' id='word_1_340' title='bbox 2505 2158 2594 2222; x_wconf 80' lang='grc' dir='ltr'><strong>’ος</strong></span> <span class='ocrx_word' id='word_1_341' title='bbox 2627 2157 2685 2211; x_wconf 76' lang='grc' dir='ltr'>δὲ</span> <span class='ocrx_word' id='word_1_342' title='bbox 2715 2160 2781 2228; x_wconf 78' lang='grc' dir='ltr'>τῇ</span> <span class='ocrx_word' id='word_1_343' title='bbox 2807 2157 2969 2228; x_wconf 73' lang='grc' dir='ltr'>ὁμοίᾳ</span> <span class='ocrx_word' id='word_1_344' title='bbox 3000 2158 3094 2210; x_wconf 72' lang='grc' dir='ltr'>καὶ</span> <span class='ocrx_word' id='word_1_345' title='bbox 3126 2155 3283 2219; x_wconf 75' lang='grc' dir='ltr'>αὖθις</span> <span class='ocrx_word' id='word_1_346' title='bbox 3311 2156 3521 2226; x_wconf 76' lang='grc' dir='ltr'>ἀνάγκη</span> <span class='ocrx_word' id='word_1_347' title='bbox 3547 2156 3726 2208; x_wconf 69' lang='grc' dir='ltr'>συνεί-</span> 
     </span>
    </p>
   </div>
   <div class='ocr_carea' id='block_1_53' title="bbox 2153 2247 3724 2324">
    <p class='ocr_par' dir='ltr' id='par_1_53' title="bbox 2153 2247 3724 2324">
     <span class='ocr_line' id='line_1_53' title="bbox 2153 2247 3724 2324; baseline -0.004 -18"><span class='ocrx_word' id='word_1_348' title='bbox 2153 2270 2300 2324; x_wconf 84' lang='grc' dir='ltr'>χετο,</span> <span class='ocrx_word' id='word_1_349' title='bbox 2319 2254 2412 2305; x_wconf 69' lang='grc' dir='ltr'>καὶ</span> <span class='ocrx_word' id='word_1_350' title='bbox 2427 2253 2539 2313; x_wconf 81' lang='grc' dir='ltr'>τοῖς</span> <span class='ocrx_word' id='word_1_351' title='bbox 2555 2251 2738 2310; x_wconf 84' lang='grc' dir='ltr'>αὐτοῖς</span> <span class='ocrx_word' id='word_1_352' title='bbox 2766 2250 3072 2310; x_wconf 75' lang='grc' dir='ltr'>δανεισταῖς</span> <span class='ocrx_word' id='word_1_353' title='bbox 3091 2247 3211 2300; x_wconf 67' lang='lat' dir='ltr'><strong>sm)</strong></span> <span class='ocrx_word' id='word_1_354' title='bbox 3225 2266 3258 2300; x_wconf 74' lang='grc' dir='ltr'>ι’</span> <span class='ocrx_word' id='word_1_355' title='bbox 3274 2267 3314 2318; x_wconf 82' lang='grc' dir='ltr'><strong>ρ</strong></span> <span class='ocrx_word' id='word_1_356' title='bbox 3347 2250 3480 2312; x_wconf 86' lang='grc' dir='ltr'>εῖτο,</span> <span class='ocrx_word' id='word_1_357' title='bbox 3506 2248 3599 2300; x_wconf 74' lang='grc' dir='ltr'>καὶ</span> <span class='ocrx_word' id='word_1_358' title='bbox 3624 2250 3724 2314; x_wconf 66' lang='grc' dir='ltr'>τὴν</span> 
     </span>
    </p>
   </div>
   <div class='ocr_carea' id='block_1_54' title="bbox 2153 2338 3722 2415">
    <p class='ocr_par' dir='ltr' id='par_1_54' title="bbox 2153 2338 3722 2415">
     <span class='ocr_line' id='line_1_54' title="bbox 2153 2338 3722 2415; baseline -0.004 -18"><span class='ocrx_word' id='word_1_359' title='bbox 2153 2345 2329 2415; x_wconf 80' lang='grc' dir='ltr'>ψυχὴν</span> <span class='ocrx_word' id='word_1_360' title='bbox 2348 2343 2498 2396; x_wconf 72' lang='grc' dir='ltr'>οὐδὲν</span> <span class='ocrx_word' id='word_1_361' title='bbox 2514 2339 2679 2413; x_wconf 84' lang='grc' dir='ltr'>ἦττον</span> <span class='ocrx_word' id='word_1_362' title='bbox 2701 2338 2815 2410; x_wconf 70' lang='grc' dir='ltr'>εἶχε</span> <span class='ocrx_word' id='word_1_363' title='bbox 2830 2343 2897 2411; x_wconf 75' lang='grc' dir='ltr'>τῇ</span> <span class='ocrx_word' id='word_1_364' title='bbox 2917 2341 3160 2413; x_wconf 76' lang='grc' dir='ltr'>προτέρᾳ</span> <span class='ocrx_word' id='word_1_365' title='bbox 3177 2341 3507 2410; x_wconf 78' lang='grc' dir='ltr'>πιεζομένην</span> <span class='ocrx_word' id='word_1_366' title='bbox 3525 2338 3722 2410; x_wconf 72' lang='grc' dir='ltr'>ἐνδείᾳ.</span> 
     </span>
    </p>
   </div>
   <div class='ocr_carea' id='block_1_55' title="bbox 2157 2434 3724 2505">
    <p class='ocr_par' dir='ltr' id='par_1_55' title="bbox 2157 2434 3724 2505">
     <span class='ocr_line' id='line_1_55' title="bbox 2157 2434 3724 2505; baseline -0.005 -15"><span class='ocrx_word' id='word_1_367' title='bbox 2157 2437 2246 2490; x_wconf 72' lang='grc' dir='ltr'>καὶ</span> <span class='ocrx_word' id='word_1_368' title='bbox 2275 2434 2601 2504; x_wconf 81' lang='grc' dir='ltr'>ἀπαλλαγὴν</span> <span class='ocrx_word' id='word_1_369' title='bbox 2644 2435 2742 2504; x_wconf 84' lang='grc' dir='ltr'>μὲν</span> <span class='ocrx_word' id='word_1_370' title='bbox 2768 2437 2833 2488; x_wconf 79' lang='grc' dir='ltr'>ὲκ</span> <span class='ocrx_word' id='word_1_371' title='bbox 2856 2435 3057 2497; x_wconf 84' lang='grc' dir='ltr'>παντὸς</span> <span class='ocrx_word' id='word_1_372' title='bbox 3079 2435 3282 2505; x_wconf 79' lang='grc' dir='ltr'>τρόπου</span> <span class='ocrx_word' id='word_1_373' title='bbox 3300 2434 3407 2487; x_wconf 82' lang='grc' dir='ltr'><strong>τῶν</strong></span> <span class='ocrx_word' id='word_1_374' title='bbox 3443 2440 3724 2503; x_wconf 71' lang='grc' dir='ltr'>παρέντων</span> 
     </span>
    </p>
   </div>
   <div class='ocr_carea' id='block_1_56' title="bbox 2155 2524 3724 2596">
    <p class='ocr_par' dir='ltr' id='par_1_56' title="bbox 2155 2524 3724 2596">
     <span class='ocr_line' id='line_1_56' title="bbox 2155 2524 3724 2596; baseline -0.003 -18"><span class='ocrx_word' id='word_1_375' title='bbox 2155 2525 2547 2596; x_wconf 79' lang='grc' dir='ltr'>ἐπιζητοῦσαν,</span> <span class='ocrx_word' id='word_1_376' title='bbox 2581 2525 2924 2587; x_wconf 74' lang='grc' dir='ltr'><strong>ὀκλάζουσαν</strong></span> <span class='ocrx_word' id='word_1_377' title='bbox 2959 2524 3016 2577; x_wconf 78' lang='grc' dir='ltr'>δὲ</span> <span class='ocrx_word' id='word_1_378' title='bbox 3054 2525 3188 2594; x_wconf 80' lang='grc' dir='ltr'>πρὸς</span> <span class='ocrx_word' id='word_1_379' title='bbox 3219 2524 3473 2593; x_wconf 83' lang='grc' dir='ltr'>δεύτερον</span> <span class='ocrx_word' id='word_1_380' title='bbox 3501 2525 3724 2591; x_wconf 54' lang='grc' dir='ltr'>φέρ-,λα-</span> 
     </span>
    </p>
   </div>
   <div class='ocr_carea' id='block_1_57' title="bbox 2156 2616 3721 2690">
    <p class='ocr_par' dir='ltr' id='par_1_57' title="bbox 2156 2616 3721 2690">
     <span class='ocr_line' id='line_1_57' title="bbox 2156 2616 3721 2690; baseline -0.003 -16"><span class='ocrx_word' id='word_1_381' title='bbox 2156 2637 2250 2674; x_wconf 90' lang='grc' dir='ltr'><strong>κον</strong></span> <span class='ocrx_word' id='word_1_382' title='bbox 2273 2621 2369 2673; x_wconf 71' lang='grc' dir='ltr'>καὶ</span> <span class='ocrx_word' id='word_1_383' title='bbox 2402 2618 2540 2690; x_wconf 86' lang='grc' dir='ltr'>πρὸς</span> <span class='ocrx_word' id='word_1_384' title='bbox 2577 2619 2670 2671; x_wconf 72' lang='grc' dir='ltr'><strong>τὸν</strong></span> <span class='ocrx_word' id='word_1_385' title='bbox 2703 2619 2934 2672; x_wconf 82' lang='grc' dir='ltr'>θάνατον</span> <span class='ocrx_word' id='word_1_386' title='bbox 2962 2617 3355 2689; x_wconf 69' lang='grc' dir='ltr'>ἀναδυομένην,</span> <span class='ocrx_word' id='word_1_387' title='bbox 3391 2616 3529 2670; x_wconf 78' lang='grc' dir='ltr'>ἀλλὰ</span> <span class='ocrx_word' id='word_1_388' title='bbox 3555 2617 3615 2669; x_wconf 71' lang='grc' dir='ltr'>τὸ</span> <span class='ocrx_word' id='word_1_389' title='bbox 3648 2617 3721 2686; x_wconf 63' lang='grc' dir='ltr'><strong>μὴ</strong></span> 
     </span>
    </p>
   </div>
   <div class='ocr_carea' id='block_1_58' title="bbox 2154 2707 3725 2782">
    <p class='ocr_par' dir='ltr' id='par_1_58' title="bbox 2154 2707 3725 2782">
     <span class='ocr_line' id='line_1_58' title="bbox 2154 2707 3725 2782; baseline -0.004 -18"><span class='ocrx_word' id='word_1_390' title='bbox 2154 2713 2265 2765; x_wconf 91' lang='grc' dir='ltr'><strong>τῶν</strong></span> <span class='ocrx_word' id='word_1_391' title='bbox 2312 2714 2369 2764; x_wconf 79' lang='grc' dir='ltr'>ἐν</span> <span class='ocrx_word' id='word_1_392' title='bbox 2417 2711 2577 2781; x_wconf 73' lang='grc' dir='ltr'>χερσὶ</span> <span class='ocrx_word' id='word_1_393' title='bbox 2622 2710 2902 2782; x_wconf 83' lang='grc' dir='ltr'>δυσχερῶν</span> <span class='ocrx_word' id='word_1_394' title='bbox 2963 2709 3394 2781; x_wconf 85' lang='grc' dir='ltr'>ὲλευθερωθῆναι</span> <span class='ocrx_word' id='word_1_395' title='bbox 3427 2707 3725 2780; x_wconf 81' lang='grc' dir='ltr'>βαρύτερον</span> 
     </span>
    </p>
   </div>
   <div class='ocr_carea' id='block_1_59' title="bbox 2155 2797 3723 2871">
    <p class='ocr_par' dir='ltr' id='par_1_59' title="bbox 2155 2797 3723 2871">
     <span class='ocr_line' id='line_1_59' title="bbox 2155 2797 3723 2871; baseline -0.002 -15"><span class='ocrx_word' id='word_1_396' title='bbox 2155 2797 2295 2856; x_wconf 79' lang='grc' dir='ltr'>εῖναι</span> <span class='ocrx_word' id='word_1_397' title='bbox 2330 2802 2500 2854; x_wconf 75' lang='grc' dir='ltr'>κακὸν</span> <span class='ocrx_word' id='word_1_398' title='bbox 2525 2802 2619 2854; x_wconf 77' lang='grc' dir='ltr'>καὶ</span> <span class='ocrx_word' id='word_1_399' title='bbox 2653 2802 2823 2855; x_wconf 81' lang='grc' dir='ltr'>αὑτοῦ</span> <span class='ocrx_word' id='word_1_400' title='bbox 2852 2802 3014 2855; x_wconf 77' lang='grc' dir='ltr'>πάλιν</span> <span class='ocrx_word' id='word_1_401' title='bbox 3047 2802 3277 2856; x_wconf 82' lang='grc' dir='ltr'>θανάτου</span> <span class='ocrx_word' id='word_1_402' title='bbox 3315 2803 3526 2871; x_wconf 79' lang='grc' dir='ltr'>κρίνας,</span> <span class='ocrx_word' id='word_1_403' title='bbox 3550 2803 3723 2871; x_wconf 61' lang='grc' dir='ltr'>πρίσ-</span> 
     </span>
    </p>
   </div>
   <div class='ocr_carea' id='block_1_60' title="bbox 2157 2889 3724 2966">
    <p class='ocr_par' dir='ltr' id='par_1_60' title="bbox 2157 2889 3724 2966">
     <span class='ocr_line' id='line_1_60' title="bbox 2157 2889 3724 2966; baseline -0.001 -18"><span class='ocrx_word' id='word_1_404' title='bbox 2157 2913 2260 2949; x_wconf 88' lang='grc' dir='ltr'>εισι</span> <span class='ocrx_word' id='word_1_405' title='bbox 2329 2894 2410 2966; x_wconf 84' lang='grc' dir='ltr'>τῷ</span> <span class='ocrx_word' id='word_1_406' title='bbox 2462 2895 2640 2964; x_wconf 80' lang='grc' dir='ltr'>γόητι.</span> <span class='ocrx_word' id='word_1_407' title='bbox 2676 2893 2789 2948; x_wconf 78' lang='grc' dir='ltr'><strong>Καὶ</strong></span> <span class='ocrx_word' id='word_1_408' title='bbox 2820 2889 2982 2958; x_wconf 78' lang='grc' dir='ltr'>αὖθις</span> <span class='ocrx_word' id='word_1_409' title='bbox 3035 2895 3227 2966; x_wconf 63' lang='grc' dir='ltr'>ἑκείπιῳ</span> <span class='ocrx_word' id='word_1_410' title='bbox 3257 2895 3354 2949; x_wconf 76' lang='grc' dir='ltr'>καὶ</span> <span class='ocrx_word' id='word_1_411' title='bbox 3397 2893 3528 2949; x_wconf 77' lang='grc' dir='ltr'>ἄλλο</span> <span class='ocrx_word' id='word_1_412' title='bbox 3560 2893 3724 2947; x_wconf 81' lang='grc' dir='ltr'>πάλιν</span> 
     </span>
    </p>
   </div>
   <div class='ocr_carea' id='block_1_61' title="bbox 2155 2977 3724 3054">
    <p class='ocr_par' dir='ltr' id='par_1_61' title="bbox 2155 2977 3724 3054">
     <span class='ocr_line' id='line_1_61' title="bbox 2155 2977 3724 3054; baseline 0.001 -20"><span class='ocrx_word' id='word_1_413' title='bbox 2155 2985 2297 3037; x_wconf 76' lang='grc' dir='ltr'>αἰτεῖ</span> <span class='ocrx_word' id='word_1_414' title='bbox 2327 2985 2642 3053; x_wconf 78' lang='grc' dir='ltr'>φάρμακον,</span> <span class='ocrx_word' id='word_1_415' title='bbox 2681 2983 2836 3052; x_wconf 80' lang='grc' dir='ltr'>κακῷ</span> <span class='ocrx_word' id='word_1_416' title='bbox 2870 2984 2932 3037; x_wconf 84' lang='grc' dir='ltr'>τὸ</span> <span class='ocrx_word' id='word_1_417' title='bbox 2976 2983 3148 3037; x_wconf 78' lang='grc' dir='ltr'>κικδν</span> <span class='ocrx_word' id='word_1_418' title='bbox 3187 2984 3442 3054; x_wconf 82' lang='grc' dir='ltr'>ίὼμενος,</span> <span class='ocrx_word' id='word_1_419' title='bbox 3482 2977 3571 3036; x_wconf 77' lang='grc' dir='ltr'>οἷα</span> <span class='ocrx_word' id='word_1_420' title='bbox 3626 2983 3724 3036; x_wconf 70' lang='grc' dir='ltr'>τοῦ</span> 
     </span>
    </p>
   </div>
   <div class='ocr_carea' id='block_1_62' title="bbox 473 3047 2049 3156">
    <p class='ocr_par' dir='ltr' id='par_1_62' title="bbox 473 3047 2047 3127">
     <span class='ocr_line' id='line_1_62' title="bbox 473 3047 2047 3127; baseline -0.008 -15"><span class='ocrx_word' id='word_1_421' title='bbox 473 3058 726 3127; x_wconf 67' lang='lat' dir='ltr'><strong>iudicans</strong></span> <span class='ocrx_word' id='word_1_422' title='bbox 754 3057 950 3110; x_wconf 88' lang='lat' dir='ltr'><strong>iterata</strong></span> <span class='ocrx_word' id='word_1_423' title='bbox 976 3057 1140 3110; x_wconf 90' lang='lat' dir='ltr'><strong>etiam</strong></span> <span class='ocrx_word' id='word_1_424' title='bbox 1171 3061 1366 3114; x_wconf 85' lang='lat' dir='ltr'><strong>morte,</strong></span> <span class='ocrx_word' id='word_1_425' title='bbox 1391 3050 1602 3104; x_wconf 88' lang='lat' dir='ltr'><strong>accedit</strong></span> <span class='ocrx_word' id='word_1_426' title='bbox 1627 3049 1694 3103; x_wconf 92' lang='lat' dir='ltr'><strong>ad</strong></span> <span class='ocrx_word' id='word_1_427' title='bbox 1719 3047 2047 3107; x_wconf 72' lang='lat' dir='ltr'><strong>veneficum,</strong></span> 
     </span>
    </p>
   </div>
   <div class='ocr_carea' id='block_1_63' title="bbox 2154 3047 3724 3156">
    <p class='ocr_par' dir='ltr' id='par_1_63' title="bbox 2157 3047 3724 3146">
     <span class='ocr_line' id='line_1_63' title="bbox 2157 3047 3724 3146; baseline 0 -20"><span class='ocrx_word' id='word_1_428' title='bbox 2157 3047 2524 3144; x_wconf 77' lang='grc' dir='ltr'>προλαδόντος</span> <span class='ocrx_word' id='word_1_429' title='bbox 2554 3075 2706 3128; x_wconf 78' lang='grc' dir='ltr'>οὐδὲν</span> <span class='ocrx_word' id='word_1_430' title='bbox 2750 3047 2887 3146; x_wconf 65' lang='grc' dir='ltr'>πρὸς</span> <span class='ocrx_word' id='word_1_431' title='bbox 2915 3074 3015 3145; x_wconf 78' lang='grc' dir='ltr'>τὴν</span> <span class='ocrx_word' id='word_1_432' title='bbox 3047 3075 3240 3146; x_wconf 86' lang='grc' dir='ltr'>χρείαν</span> <span class='ocrx_word' id='word_1_433' title='bbox 3257 3047 3587 3145; x_wconf 38' lang='grc' dir='ltr'>’ὀνήσαντοῆ</span> <span class='ocrx_word' id='word_1_434' title='bbox 3625 3075 3724 3129; x_wconf 77' lang='grc' dir='ltr'><strong>ἅτε</strong></span> 
     </span>
    </p>
   </div>
   <div class='ocr_carea' id='block_1_64' title="bbox 472 3139 2052 3218">
    <p class='ocr_par' dir='ltr' id='par_1_64' title="bbox 472 3139 2052 3218">
     <span class='ocr_line' id='line_1_64' title="bbox 472 3139 2052 3218; baseline -0.006 -14"><span class='ocrx_word' id='word_1_435' title='bbox 472 3163 810 3218; x_wconf 86' lang='lat' dir='ltr'><strong>rursumque</strong></span> <span class='ocrx_word' id='word_1_436' title='bbox 859 3149 928 3200; x_wconf 91' lang='lat' dir='ltr'><strong>ab</strong></span> <span class='ocrx_word' id='word_1_437' title='bbox 977 3147 1072 3201; x_wconf 90' lang='lat' dir='ltr'><strong>illo</strong></span> <span class='ocrx_word' id='word_1_438' title='bbox 1129 3146 1307 3215; x_wconf 88' lang='lat' dir='ltr'><strong>poscit</strong></span> <span class='ocrx_word' id='word_1_439' title='bbox 1353 3141 1504 3196; x_wconf 88' lang='lat' dir='ltr'><strong>aliud</strong></span> <span class='ocrx_word' id='word_1_440' title='bbox 1559 3139 1952 3211; x_wconf 87' lang='lat' dir='ltr'><strong>pharmacum,</strong></span> <span class='ocrx_word' id='word_1_441' title='bbox 1992 3148 2052 3194; x_wconf 87' lang='lat' dir='ltr'><strong>ut</strong></span> 
     </span>
    </p>
   </div>
   <div class='ocr_carea' id='block_1_65' title="bbox 478 3231 2052 3302">
    <p class='ocr_par' dir='ltr' id='par_1_65' title="bbox 478 3231 2052 3302">
     <span class='ocr_line' id='line_1_65' title="bbox 478 3231 2052 3302; baseline -0.006 -9"><span class='ocrx_word' id='word_1_442' title='bbox 478 3242 682 3294; x_wconf 89' lang='lat' dir='ltr'><strong>malum</strong></span> <span class='ocrx_word' id='word_1_443' title='bbox 713 3239 854 3292; x_wconf 90' lang='lat' dir='ltr'><strong>malo</strong></span> <span class='ocrx_word' id='word_1_444' title='bbox 881 3238 1219 3300; x_wconf 85' lang='lat' dir='ltr'><strong>mederetur,</strong></span> <span class='ocrx_word' id='word_1_445' title='bbox 1246 3249 1366 3288; x_wconf 80' lang='lat' dir='ltr'><strong>eum</strong></span> <span class='ocrx_word' id='word_1_446' title='bbox 1395 3233 1445 3288; x_wconf 95' lang='lat' dir='ltr'><strong>id</strong></span> <span class='ocrx_word' id='word_1_447' title='bbox 1470 3231 1616 3302; x_wconf 86' lang='lat' dir='ltr'><strong>quod</strong></span> <span class='ocrx_word' id='word_1_448' title='bbox 1647 3232 1801 3301; x_wconf 88' lang='lat' dir='ltr'><strong>prius</strong></span> <span class='ocrx_word' id='word_1_449' title='bbox 1827 3244 2052 3299; x_wconf 85' lang='lat' dir='ltr'><strong>accepe-</strong></span> 
     </span>
    </p>
   </div>
   <div class='ocr_carea' id='block_1_66' title="bbox 475 3321 2049 3397">
    <p class='ocr_par' dir='ltr' id='par_1_66' title="bbox 475 3321 2049 3397">
     <span class='ocr_line' id='line_1_66' title="bbox 475 3321 2049 3397; baseline -0.006 -13"><span class='ocrx_word' id='word_1_450' title='bbox 475 3344 580 3394; x_wconf 86' lang='lat' dir='ltr'><strong>rat,</strong></span> <span class='ocrx_word' id='word_1_451' title='bbox 619 3329 754 3382; x_wconf 92' lang='lat' dir='ltr'><strong>nihil</strong></span> <span class='ocrx_word' id='word_1_452' title='bbox 787 3327 854 3382; x_wconf 91' lang='lat' dir='ltr'><strong>ad</strong></span> <span class='ocrx_word' id='word_1_453' title='bbox 896 3327 951 3381; x_wconf 91' lang='lat' dir='ltr'><strong>id</strong></span> <span class='ocrx_word' id='word_1_454' title='bbox 991 3325 1138 3397; x_wconf 89' lang='lat' dir='ltr'><strong>quod</strong></span> <span class='ocrx_word' id='word_1_455' title='bbox 1174 3338 1397 3378; x_wconf 89' lang='lat' dir='ltr'><strong>necesse</strong></span> <span class='ocrx_word' id='word_1_456' title='bbox 1436 3331 1556 3377; x_wconf 87' lang='lat' dir='ltr'><strong>erat</strong></span> <span class='ocrx_word' id='word_1_457' title='bbox 1591 3323 1807 3376; x_wconf 86' lang='lat' dir='ltr'><strong>tulisset</strong></span> <span class='ocrx_word' id='word_1_458' title='bbox 1835 3321 2049 3383; x_wconf 78' lang='lat' dir='ltr'><strong>auxilii,</strong></span> 
     </span>
    </p>
   </div>
   <div class='ocr_carea' id='block_1_67' title="bbox 475 3412 2054 3489">
    <p class='ocr_par' dir='ltr' id='par_1_67' title="bbox 475 3412 2054 3489">
     <span class='ocr_line' id='line_1_67' title="bbox 475 3412 2054 3489; baseline -0.005 -16"><span class='ocrx_word' id='word_1_459' title='bbox 475 3429 666 3489; x_wconf 88' lang='lat' dir='ltr'><strong>utpote</strong></span> <span class='ocrx_word' id='word_1_460' title='bbox 692 3434 791 3472; x_wconf 90' lang='lat' dir='ltr'><strong>sua</strong></span> <span class='ocrx_word' id='word_1_461' title='bbox 821 3427 1012 3472; x_wconf 89' lang='lat' dir='ltr'><strong>natura</strong></span> <span class='ocrx_word' id='word_1_462' title='bbox 1064 3415 1200 3471; x_wconf 90' lang='lat' dir='ltr'><strong>illud</strong></span> <span class='ocrx_word' id='word_1_463' title='bbox 1236 3415 1526 3468; x_wconf 90' lang='lat' dir='ltr'><strong>vincente:</strong></span> <span class='ocrx_word' id='word_1_464' title='bbox 1557 3428 1681 3467; x_wconf 91' lang='lat' dir='ltr'><strong>nam</strong></span> <span class='ocrx_word' id='word_1_465' title='bbox 1708 3412 1765 3466; x_wconf 89' lang='lat' dir='ltr'><strong>id</strong></span> <span class='ocrx_word' id='word_1_466' title='bbox 1812 3413 2054 3482; x_wconf 89' lang='lat' dir='ltr'><strong>impedi-</strong></span> 
     </span>
    </p>
   </div>
   <div class='ocr_carea' id='block_1_68' title="bbox 475 3505 2050 3572">
    <p class='ocr_par' dir='ltr' id='par_1_68' title="bbox 475 3505 2050 3572">
     <span class='ocr_line' id='line_1_68' title="bbox 475 3505 2050 3572; baseline -0.003 -8"><span class='ocrx_word' id='word_1_467' title='bbox 475 3522 662 3566; x_wconf 87' lang='lat' dir='ltr'><strong>mento</strong></span> <span class='ocrx_word' id='word_1_468' title='bbox 695 3511 864 3565; x_wconf 80' lang='lat' dir='ltr'><strong>fuisse</strong></span> <span class='ocrx_word' id='word_1_469' title='bbox 891 3510 1089 3564; x_wconf 84' lang='lat' dir='ltr'><strong>veneni</strong></span> <span class='ocrx_word' id='word_1_470' title='bbox 1119 3507 1379 3562; x_wconf 69' lang='lat' dir='ltr'><strong>eﬂicaciae</strong></span> <span class='ocrx_word' id='word_1_471' title='bbox 1406 3506 1637 3562; x_wconf 90' lang='lat' dir='ltr'><strong>demens</strong></span> <span class='ocrx_word' id='word_1_472' title='bbox 1673 3505 1912 3572; x_wconf 88' lang='lat' dir='ltr'><strong>dicebat,</strong></span> <span class='ocrx_word' id='word_1_473' title='bbox 1942 3522 2050 3560; x_wconf 92' lang='lat' dir='ltr'><strong>non</strong></span> 
     </span>
    </p>
   </div>
   <div class='ocr_carea' id='block_1_69' title="bbox 477 3598 2048 3672">
    <p class='ocr_par' dir='ltr' id='par_1_69' title="bbox 477 3598 2048 3672">
     <span class='ocr_line' id='line_1_69' title="bbox 477 3598 2048 3672; baseline -0.005 -14"><span class='ocrx_word' id='word_1_474' title='bbox 477 3602 791 3672; x_wconf 77' lang='lat' dir='ltr'><strong>intelligens</strong></span> <span class='ocrx_word' id='word_1_475' title='bbox 830 3615 1052 3656; x_wconf 87' lang='lat' dir='ltr'><strong>erucem</strong></span> <span class='ocrx_word' id='word_1_476' title='bbox 1083 3600 1254 3655; x_wconf 84' lang='lat' dir='ltr'><strong>fuisse</strong></span> <span class='ocrx_word' id='word_1_477' title='bbox 1280 3614 1404 3669; x_wconf 69' lang='lat' dir='ltr'><strong>quae</strong></span> <span class='ocrx_word' id='word_1_478' title='bbox 1438 3598 1529 3652; x_wconf 90' lang='lat' dir='ltr'><strong>hic</strong></span> <span class='ocrx_word' id='word_1_479' title='bbox 1564 3612 1796 3652; x_wconf 68' lang='lat' dir='ltr'><strong>mor-sem</strong></span> <span class='ocrx_word' id='word_1_480' title='bbox 1842 3599 2004 3652; x_wconf 88' lang='lat' dir='ltr'><strong>abstu</strong></span> <span class='ocrx_word' id='word_1_481' title='bbox 2025 3628 2048 3638; x_wconf 88' lang='lat'><strong>-</strong></span> 
     </span>
    </p>
   </div>
   <div class='ocr_carea' id='block_1_70' title="bbox 477 3687 2054 3760">
    <p class='ocr_par' dir='ltr' id='par_1_70' title="bbox 477 3687 2054 3760">
     <span class='ocr_line' id='line_1_70' title="bbox 477 3687 2054 3760; baseline -0.001 -16"><span class='ocrx_word' id='word_1_482' title='bbox 477 3693 650 3756; x_wconf 73' lang='lat' dir='ltr'><strong>lisset,</strong></span> <span class='ocrx_word' id='word_1_483' title='bbox 703 3707 824 3760; x_wconf 69' lang='lat' dir='ltr'><strong>qua:</strong></span> <span class='ocrx_word' id='word_1_484' title='bbox 863 3691 1031 3746; x_wconf 89' lang='lat' dir='ltr'><strong>etiam</strong></span> <span class='ocrx_word' id='word_1_485' title='bbox 1079 3699 1244 3744; x_wconf 88' lang='lat' dir='ltr'><strong>antea</strong></span> <span class='ocrx_word' id='word_1_486' title='bbox 1289 3698 1601 3758; x_wconf 87' lang='lat' dir='ltr'><strong>serpentem</strong></span> <span class='ocrx_word' id='word_1_487' title='bbox 1632 3689 1792 3758; x_wconf 88' lang='lat' dir='ltr'><strong>longe</strong></span> <span class='ocrx_word' id='word_1_488' title='bbox 1824 3687 1930 3743; x_wconf 89' lang='lat' dir='ltr'><strong>hoc</strong></span> <span class='ocrx_word' id='word_1_489' title='bbox 1961 3704 2054 3742; x_wconf 89' lang='lat' dir='ltr'><strong>vc-</strong></span> 
     </span>
    </p>
   </div>
   <div class='ocr_carea' id='block_1_71' title="bbox 479 3779 2055 3851">
    <p class='ocr_par' dir='ltr' id='par_1_71' title="bbox 479 3779 2055 3851">
     <span class='ocr_line' id='line_1_71' title="bbox 479 3779 2055 3851; baseline -0.001 -15"><span class='ocrx_word' id='word_1_490' title='bbox 479 3798 624 3836; x_wconf 89' lang='lat' dir='ltr'><strong>neno</strong></span> <span class='ocrx_word' id='word_1_491' title='bbox 666 3782 1037 3850; x_wconf 80' lang='lat' dir='ltr'><strong>potentiorem</strong></span> <span class='ocrx_word' id='word_1_492' title='bbox 1083 3780 1401 3837; x_wconf 85' lang='lat' dir='ltr'><strong>sustulerat.</strong></span> <span class='ocrx_word' id='word_1_493' title='bbox 1448 3779 1638 3849; x_wconf 82' lang='lat' dir='ltr'><strong>Itaque</strong></span> <span class='ocrx_word' id='word_1_494' title='bbox 1685 3780 2055 3851; x_wconf 62' lang='lat' dir='ltr'><strong>prmstigiator</strong></span> 
     </span>
    </p>
   </div>
   <div class='ocr_carea' id='block_1_72' title="bbox 477 3872 2052 3942">
    <p class='ocr_par' dir='ltr' id='par_1_72' title="bbox 477 3872 2052 3942">
     <span class='ocr_line' id='line_1_72' title="bbox 477 3872 2052 3942; baseline -0.001 -15"><span class='ocrx_word' id='word_1_495' title='bbox 477 3875 570 3928; x_wconf 90' lang='lat' dir='ltr'><strong>ille</strong></span> <span class='ocrx_word' id='word_1_496' title='bbox 630 3889 695 3928; x_wconf 87' lang='lat' dir='ltr'><strong>ac</strong></span> <span class='ocrx_word' id='word_1_497' title='bbox 753 3873 1058 3938; x_wconf 82' lang='lat' dir='ltr'><strong>veneﬁcus,</strong></span> <span class='ocrx_word' id='word_1_498' title='bbox 1120 3884 1176 3928; x_wconf 93' lang='lat' dir='ltr'><strong>et</strong></span> <span class='ocrx_word' id='word_1_499' title='bbox 1233 3874 1348 3942; x_wconf 89' lang='lat' dir='ltr'><strong>ipse</strong></span> <span class='ocrx_word' id='word_1_500' title='bbox 1380 3872 1661 3942; x_wconf 85' lang='lat' dir='ltr'><strong>pbarmaci</strong></span> <span class='ocrx_word' id='word_1_501' title='bbox 1713 3875 2052 3928; x_wconf 83' lang='lat' dir='ltr'><strong>debilitatem</strong></span> 
     </span>
    </p>
   </div>
   <div class='ocr_carea' id='block_1_73' title="bbox 477 3965 2053 4035">
    <p class='ocr_par' dir='ltr' id='par_1_73' title="bbox 477 3965 2053 4035">
     <span class='ocr_line' id='line_1_73' title="bbox 477 3965 2053 4035; baseline 0.001 -17"><span class='ocrx_word' id='word_1_502' title='bbox 477 3965 765 4028; x_wconf 86' lang='lat' dir='ltr'><strong>damnans,</strong></span> <span class='ocrx_word' id='word_1_503' title='bbox 814 3965 965 4019; x_wconf 88' lang='lat' dir='ltr'><strong>aliud</strong></span> <span class='ocrx_word' id='word_1_504' title='bbox 1006 3965 1110 4034; x_wconf 87' lang='lat' dir='ltr'><strong>ipsi</strong></span> <span class='ocrx_word' id='word_1_505' title='bbox 1157 3965 1393 4035; x_wconf 82' lang='lat' dir='ltr'><strong>porrigit</strong></span> <span class='ocrx_word' id='word_1_506' title='bbox 1435 3967 1582 4034; x_wconf 91' lang='lat' dir='ltr'><strong>quod</strong></span> <span class='ocrx_word' id='word_1_507' title='bbox 1638 3967 1823 4034; x_wconf 86' lang='lat' dir='ltr'><strong>priore</strong></span> <span class='ocrx_word' id='word_1_508' title='bbox 1879 3967 2053 4020; x_wconf 86' lang='lat' dir='ltr'><strong>multo</strong></span> 
     </span>
    </p>
   </div>
   <div class='ocr_carea' id='block_1_74' title="bbox 477 4053 2056 4124">
    <p class='ocr_par' dir='ltr' id='par_1_74' title="bbox 477 4053 2056 4124">
     <span class='ocr_line' id='line_1_74' title="bbox 477 4053 2056 4124; baseline -0.001 -15"><span class='ocrx_word' id='word_1_509' title='bbox 477 4055 753 4110; x_wconf 85' lang='lat' dir='ltr'><strong>ellicacius</strong></span> <span class='ocrx_word' id='word_1_510' title='bbox 792 4062 930 4109; x_wconf 88' lang='lat' dir='ltr'><strong>erat.</strong></span> <span class='ocrx_word' id='word_1_511' title='bbox 959 4053 1212 4124; x_wconf 85' lang='lat' dir='ltr'><strong>Cumque</strong></span> <span class='ocrx_word' id='word_1_512' title='bbox 1263 4069 1482 4108; x_wconf 88' lang='lat' dir='ltr'><strong>rursum</strong></span> <span class='ocrx_word' id='word_1_513' title='bbox 1517 4053 1744 4108; x_wconf 89' lang='lat' dir='ltr'><strong>domum</strong></span> <span class='ocrx_word' id='word_1_514' title='bbox 1792 4054 2056 4119; x_wconf 73' lang='lat' dir='ltr'><strong>veniSSet,</strong></span> 
     </span>
    </p>
   </div>
   <div class='ocr_carea' id='block_1_75' title="bbox 477 4145 2056 4216">
    <p class='ocr_par' dir='ltr' id='par_1_75' title="bbox 477 4145 2056 4216">
     <span class='ocr_line' id='line_1_75' title="bbox 477 4145 2056 4216; baseline -0.001 -16"><span class='ocrx_word' id='word_1_515' title='bbox 477 4161 540 4200; x_wconf 92' lang='lat' dir='ltr'><strong>ac</strong></span> <span class='ocrx_word' id='word_1_516' title='bbox 574 4147 707 4200; x_wconf 91' lang='lat' dir='ltr'><strong>illud</strong></span> <span class='ocrx_word' id='word_1_517' title='bbox 742 4147 1023 4201; x_wconf 90' lang='lat' dir='ltr'><strong>bibi-turus</strong></span> <span class='ocrx_word' id='word_1_518' title='bbox 1051 4156 1220 4213; x_wconf 87' lang='lat' dir='ltr'><strong>esset,</strong></span> <span class='ocrx_word' id='word_1_519' title='bbox 1252 4161 1380 4201; x_wconf 91' lang='lat' dir='ltr'><strong>eum</strong></span> <span class='ocrx_word' id='word_1_520' title='bbox 1411 4146 1582 4216; x_wconf 90' lang='lat' dir='ltr'><strong>priori</strong></span> <span class='ocrx_word' id='word_1_521' title='bbox 1617 4145 1814 4200; x_wconf 89' lang='lat' dir='ltr'><strong>timore</strong></span> <span class='ocrx_word' id='word_1_522' title='bbox 1841 4154 1895 4200; x_wconf 91' lang='lat' dir='ltr'><strong>et</strong></span> <span class='ocrx_word' id='word_1_523' title='bbox 1927 4161 2056 4216; x_wconf 86' lang='lat' dir='ltr'><strong>ago-</strong></span> 
     </span>
    </p>
   </div>
   <div class='ocr_carea' id='block_1_76' title="bbox 2150 3162 3723 3236">
    <p class='ocr_par' dir='ltr' id='par_1_76' title="bbox 2150 3162 3723 3236">
     <span class='ocr_line' id='line_1_76' title="bbox 2150 3162 3723 3236; baseline -0.001 -19"><span class='ocrx_word' id='word_1_524' title='bbox 2150 3163 2254 3233; x_wconf 83' lang='grc' dir='ltr'><strong>τῆς</strong></span> <span class='ocrx_word' id='word_1_525' title='bbox 2307 3162 2528 3232; x_wconf 81' lang='grc' dir='ltr'>φύσεως</span> <span class='ocrx_word' id='word_1_526' title='bbox 2599 3162 2768 3217; x_wconf 85' lang='grc' dir='ltr'><strong>αὐτοῦ</strong></span> <span class='ocrx_word' id='word_1_527' title='bbox 2839 3164 3294 3236; x_wconf 71' lang='grc' dir='ltr'>περιγενομένης.</span> <span class='ocrx_word' id='word_1_528' title='bbox 3351 3163 3568 3235; x_wconf 81' lang='grc' dir='ltr'>Ταύτην</span> <span class='ocrx_word' id='word_1_529' title='bbox 3614 3162 3723 3233; x_wconf 80' lang='grc' dir='ltr'><strong>γὰρ</strong></span> 
     </span>
    </p>
   </div>
   <div class='ocr_carea' id='block_1_77' title="bbox 2154 3253 3724 3327">
    <p class='ocr_par' dir='ltr' id='par_1_77' title="bbox 2154 3253 3724 3327">
     <span class='ocr_line' id='line_1_77' title="bbox 2154 3253 3724 3327; baseline 0.001 -20"><span class='ocrx_word' id='word_1_530' title='bbox 2154 3253 2410 3324; x_wconf 68' lang='grc' dir='ltr'>ἐμποδὼν</span> <span class='ocrx_word' id='word_1_531' title='bbox 2468 3253 2726 3322; x_wconf 81' lang='grc' dir='ltr'>γενέσθαι</span> <span class='ocrx_word' id='word_1_532' title='bbox 2783 3257 2850 3324; x_wconf 79' lang='grc' dir='ltr'><strong>τῇ</strong></span> <span class='ocrx_word' id='word_1_533' title='bbox 2907 3254 3002 3308; x_wconf 80' lang='grc' dir='ltr'><strong>τοῦ</strong></span> <span class='ocrx_word' id='word_1_534' title='bbox 3039 3254 3338 3326; x_wconf 78' lang='grc' dir='ltr'>φαρμάκου</span> <span class='ocrx_word' id='word_1_535' title='bbox 3391 3253 3647 3327; x_wconf 72' lang='grc' dir='ltr'>ἐνεργείᾳ</span> <span class='ocrx_word' id='word_1_536' title='bbox 3694 3259 3724 3308; x_wconf 81' lang='grc' dir='ltr'>ὁ</span> 
     </span>
    </p>
   </div>
   <div class='ocr_carea' id='block_1_78' title="bbox 2159 3339 3724 3415">
    <p class='ocr_par' dir='ltr' id='par_1_78' title="bbox 2159 3339 3724 3415">
     <span class='ocr_line' id='line_1_78' title="bbox 2159 3339 3724 3415; baseline -0.001 -16"><span class='ocrx_word' id='word_1_537' title='bbox 2159 3346 2388 3415; x_wconf 82' lang='grc' dir='ltr'>μάταιος</span> <span class='ocrx_word' id='word_1_538' title='bbox 2419 3343 2595 3412; x_wconf 72' lang='grc' dir='ltr'>ἔλεγε,</span> <span class='ocrx_word' id='word_1_539' title='bbox 2633 3343 2707 3413; x_wconf 84' lang='grc' dir='ltr'>μὴ</span> <span class='ocrx_word' id='word_1_540' title='bbox 2739 3345 2964 3408; x_wconf 73' lang='grc' dir='ltr'>συνιεὶς,</span> <span class='ocrx_word' id='word_1_541' title='bbox 2993 3345 3076 3398; x_wconf 83' lang='grc' dir='ltr'>ὅτι</span> <span class='ocrx_word' id='word_1_542' title='bbox 3101 3344 3333 3415; x_wconf 73' lang='grc' dir='ltr'>σταυρὸς</span> <span class='ocrx_word' id='word_1_543' title='bbox 3356 3339 3425 3413; x_wconf 75' lang='grc' dir='ltr'>ἦν</span> <span class='ocrx_word' id='word_1_544' title='bbox 3447 3344 3724 3398; x_wconf 65' lang='grc' dir='ltr'>κάνταῦθα</span> 
     </span>
    </p>
   </div>
   <div class='ocr_carea' id='block_1_79' title="bbox 2154 3435 3727 3506">
    <p class='ocr_par' dir='ltr' id='par_1_79' title="bbox 2154 3435 3727 3506">
     <span class='ocr_line' id='line_1_79' title="bbox 2154 3435 3727 3506; baseline 0.001 -18"><span class='ocrx_word' id='word_1_545' title='bbox 2154 3439 2248 3488; x_wconf 73' lang='grc' dir='ltr'><strong>τὸν</strong></span> <span class='ocrx_word' id='word_1_546' title='bbox 2279 3437 2512 3489; x_wconf 80' lang='grc' dir='ltr'>θάνατον</span> <span class='ocrx_word' id='word_1_547' title='bbox 2535 3435 2801 3506; x_wconf 82' lang='grc' dir='ltr'>ἀναιρῶν,</span> <span class='ocrx_word' id='word_1_548' title='bbox 2835 3438 2863 3488; x_wconf 84' lang='grc' dir='ltr'><strong>δ</strong></span> <span class='ocrx_word' id='word_1_549' title='bbox 2889 3437 2984 3488; x_wconf 73' lang='grc' dir='ltr'>καὶ</span> <span class='ocrx_word' id='word_1_550' title='bbox 3009 3436 3101 3488; x_wconf 76' lang='grc' dir='ltr'>τὸν</span> <span class='ocrx_word' id='word_1_551' title='bbox 3136 3435 3316 3505; x_wconf 86' lang='grc' dir='ltr'>πολλῷ</span> <span class='ocrx_word' id='word_1_552' title='bbox 3345 3435 3538 3488; x_wconf 71' lang='grc' dir='ltr'>τούτου</span> <span class='ocrx_word' id='word_1_553' title='bbox 3567 3435 3727 3490; x_wconf 83' lang='grc' dir='ltr'>δυνα-</span> 
     </span>
    </p>
   </div>
   <div class='ocr_carea' id='block_1_80' title="bbox 2154 3527 3723 3599">
    <p class='ocr_par' dir='ltr' id='par_1_80' title="bbox 2154 3527 3723 3599">
     <span class='ocr_line' id='line_1_80' title="bbox 2154 3527 3723 3599; baseline 0.001 -19"><span class='ocrx_word' id='word_1_554' title='bbox 2154 3529 2387 3594; x_wconf 85' lang='grc' dir='ltr'>τώτερον</span> <span class='ocrx_word' id='word_1_555' title='bbox 2439 3528 2566 3596; x_wconf 85' lang='grc' dir='ltr'>δφιν</span> <span class='ocrx_word' id='word_1_556' title='bbox 2619 3527 2868 3582; x_wconf 85' lang='grc' dir='ltr'>καθελὼν</span> <span class='ocrx_word' id='word_1_557' title='bbox 2918 3528 3206 3599; x_wconf 80' lang='grc' dir='ltr'>πρότερον.</span> <span class='ocrx_word' id='word_1_558' title='bbox 3249 3529 3309 3583; x_wconf 88' lang='grc'><strong>’0</strong></span> <span class='ocrx_word' id='word_1_559' title='bbox 3358 3529 3491 3597; x_wconf 82' lang='grc' dir='ltr'>γόης</span> <span class='ocrx_word' id='word_1_560' title='bbox 3542 3530 3723 3583; x_wconf 80' lang='grc' dir='ltr'>τοίνυν</span> 
     </span>
    </p>
   </div>
   <div class='ocr_carea' id='block_1_81' title="bbox 2156 3616 3725 3690">
    <p class='ocr_par' dir='ltr' id='par_1_81' title="bbox 2156 3616 3725 3690">
     <span class='ocr_line' id='line_1_81' title="bbox 2156 3616 3725 3690; baseline 0.003 -22"><span class='ocrx_word' id='word_1_561' title='bbox 2156 3619 2365 3679; x_wconf 84' lang='grc' dir='ltr'>ἐκεῖνος</span> <span class='ocrx_word' id='word_1_562' title='bbox 2385 3616 2480 3670; x_wconf 71' lang='grc' dir='ltr'>καὶ</span> <span class='ocrx_word' id='word_1_563' title='bbox 2508 3620 2801 3687; x_wconf 63' lang='grc' dir='ltr'>φαρμακδς</span> <span class='ocrx_word' id='word_1_564' title='bbox 2831 3618 3142 3689; x_wconf 82' lang='grc' dir='ltr'>ἄνθρωπος,</span> <span class='ocrx_word' id='word_1_565' title='bbox 3173 3619 3266 3672; x_wconf 80' lang='grc' dir='ltr'>τοῦ</span> <span class='ocrx_word' id='word_1_566' title='bbox 3293 3620 3587 3690; x_wconf 80' lang='grc' dir='ltr'>φαρμάκου</span> <span class='ocrx_word' id='word_1_567' title='bbox 3630 3626 3725 3673; x_wconf 79' lang='grc' dir='ltr'>καὶ</span> 
     </span>
    </p>
   </div>
   <div class='ocr_carea' id='block_1_82' title="bbox 2156 3704 3723 3780">
    <p class='ocr_par' dir='ltr' id='par_1_82' title="bbox 2156 3704 3723 3780">
     <span class='ocr_line' id='line_1_82' title="bbox 2156 3704 3723 3780; baseline 0.005 -25"><span class='ocrx_word' id='word_1_568' title='bbox 2156 3704 2317 3766; x_wconf 76' lang='grc' dir='ltr'>αὐτὸς</span> <span class='ocrx_word' id='word_1_569' title='bbox 2351 3705 2640 3760; x_wconf 81' lang='grc' dir='ltr'>ἀσθένειαν</span> <span class='ocrx_word' id='word_1_570' title='bbox 2667 3711 2994 3774; x_wconf 75' lang='grc' dir='ltr'>καταγνοὺς,</span> <span class='ocrx_word' id='word_1_571' title='bbox 3027 3709 3283 3779; x_wconf 79' lang='grc' dir='ltr'>δεύτερον</span> <span class='ocrx_word' id='word_1_572' title='bbox 3315 3710 3504 3780; x_wconf 78' lang='grc' dir='ltr'>ὀρέγει</span> <span class='ocrx_word' id='word_1_573' title='bbox 3525 3709 3723 3780; x_wconf 82' lang='grc' dir='ltr'>τούτῳ,</span> 
     </span>
    </p>
   </div>
   <div class='ocr_carea' id='block_1_83' title="bbox 2156 3798 3726 3872">
    <p class='ocr_par' dir='ltr' id='par_1_83' title="bbox 2156 3798 3726 3872">
     <span class='ocr_line' id='line_1_83' title="bbox 2156 3798 3726 3872; baseline 0.004 -22"><span class='ocrx_word' id='word_1_574' title='bbox 2156 3799 2256 3851; x_wconf 84' lang='grc' dir='ltr'>τοῦ</span> <span class='ocrx_word' id='word_1_575' title='bbox 2293 3798 2562 3870; x_wconf 70' lang='grc' dir='ltr'>προτέρου</span> <span class='ocrx_word' id='word_1_576' title='bbox 2599 3798 2782 3871; x_wconf 67' lang='grc' dir='ltr'>πολλῷ</span> <span class='ocrx_word' id='word_1_577' title='bbox 2817 3800 3271 3872; x_wconf 85' lang='grc' dir='ltr'>δραστικώτερον.</span> <span class='ocrx_word' id='word_1_578' title='bbox 3315 3802 3405 3865; x_wconf 78' lang='grc' dir='ltr'><strong>Ὠς</strong></span> <span class='ocrx_word' id='word_1_579' title='bbox 3430 3803 3486 3856; x_wconf 83' lang='grc' dir='ltr'>δὲ</span> <span class='ocrx_word' id='word_1_580' title='bbox 3511 3805 3604 3856; x_wconf 82' lang='grc' dir='ltr'>καὶ</span> <span class='ocrx_word' id='word_1_581' title='bbox 3625 3805 3726 3858; x_wconf 74' lang='grc' dir='ltr'><strong>πά-</strong></span> 
     </span>
    </p>
   </div>
   <div class='ocr_carea' id='block_1_84' title="bbox 2155 3891 3724 3964">
    <p class='ocr_par' dir='ltr' id='par_1_84' title="bbox 2155 3891 3724 3964">
     <span class='ocr_line' id='line_1_84' title="bbox 2155 3891 3724 3964; baseline 0.003 -22"><span class='ocrx_word' id='word_1_582' title='bbox 2155 3891 2236 3942; x_wconf 89' lang='grc' dir='ltr'>λιν</span> <span class='ocrx_word' id='word_1_583' title='bbox 2267 3891 2408 3944; x_wconf 84' lang='grc' dir='ltr'>οίκοι</span> <span class='ocrx_word' id='word_1_584' title='bbox 2467 3892 2784 3961; x_wconf 82' lang='grc' dir='ltr'>γενόμενος,</span> <span class='ocrx_word' id='word_1_585' title='bbox 2818 3897 2914 3946; x_wconf 81' lang='grc' dir='ltr'><strong>καὶ</strong></span> <span class='ocrx_word' id='word_1_586' title='bbox 2971 3892 3148 3946; x_wconf 79' lang='grc' dir='ltr'>πίνειν</span> <span class='ocrx_word' id='word_1_587' title='bbox 3179 3893 3311 3948; x_wconf 63' lang='grc' dir='ltr'>αὐτὸ</span> <span class='ocrx_word' id='word_1_588' title='bbox 3353 3894 3593 3959; x_wconf 79' lang='grc' dir='ltr'><strong>μέλλων,</strong></span> <span class='ocrx_word' id='word_1_589' title='bbox 3639 3895 3724 3964; x_wconf 81' lang='grc' dir='ltr'>τῷ</span> 
     </span>
    </p>
   </div>
   <div class='ocr_carea' id='block_1_85' title="bbox 2155 3978 3714 4050">
    <p class='ocr_par' dir='ltr' id='par_1_85' title="bbox 2155 3978 3714 4050">
     <span class='ocr_line' id='line_1_85' title="bbox 2155 3978 3714 4050; baseline 0 -20"><span class='ocrx_word' id='word_1_590' title='bbox 2155 3979 2404 4048; x_wconf 82' lang='grc' dir='ltr'>προτέρῳ</span> <span class='ocrx_word' id='word_1_591' title='bbox 2432 3978 2540 4031; x_wconf 87' lang='grc' dir='ltr'>δέει</span> <span class='ocrx_word' id='word_1_592' title='bbox 2566 3979 2662 4031; x_wconf 72' lang='grc' dir='ltr'>καὶ</span> <span class='ocrx_word' id='word_1_593' title='bbox 2691 3983 2754 4050; x_wconf 82' lang='grc' dir='ltr'><strong>τῇ</strong></span> <span class='ocrx_word' id='word_1_594' title='bbox 2792 3980 3001 4050; x_wconf 71' lang='grc' dir='ltr'>ἀγωνίᾳ</span> <span class='ocrx_word' id='word_1_595' title='bbox 3047 3982 3140 4034; x_wconf 72' lang='grc' dir='ltr'>καὶ</span> <span class='ocrx_word' id='word_1_596' title='bbox 3169 3985 3289 4042; x_wconf 84' lang='grc' dir='ltr'>ταῖς</span> <span class='ocrx_word' id='word_1_597' title='bbox 3319 3983 3539 4046; x_wconf 75' lang='grc' dir='ltr'>διπλαῖς</span> <span class='ocrx_word' id='word_1_598' title='bbox 3567 3986 3714 4035; x_wconf 75' lang='grc' dir='ltr'><strong>ἐκεὲ-</strong></span> 
     </span>
    </p>
   </div>
   <div class='ocr_carea' id='block_1_86' title="bbox 2156 4070 3725 4145">
    <p class='ocr_par' dir='ltr' id='par_1_86' title="bbox 2156 4070 3725 4145">
     <span class='ocr_line' id='line_1_86' title="bbox 2156 4070 3725 4145; baseline 0.003 -23"><span class='ocrx_word' id='word_1_599' title='bbox 2156 4087 2272 4131; x_wconf 84' lang='grc' dir='ltr'>ναις</span> <span class='ocrx_word' id='word_1_600' title='bbox 2304 4070 2585 4137; x_wconf 85' lang='grc' dir='ltr'>φροντίσιν</span> <span class='ocrx_word' id='word_1_601' title='bbox 2617 4071 2869 4135; x_wconf 82' lang='grc' dir='ltr'>ὲπάλαιε,</span> <span class='ocrx_word' id='word_1_602' title='bbox 2903 4073 2998 4124; x_wconf 79' lang='grc' dir='ltr'>καὶ</span> <span class='ocrx_word' id='word_1_603' title='bbox 3031 4073 3217 4143; x_wconf 79' lang='grc' dir='ltr'>ἱδρῶτι</span> <span class='ocrx_word' id='word_1_604' title='bbox 3256 4075 3592 4145; x_wconf 77' lang='grc' dir='ltr'>πανταχόθεν</span> <span class='ocrx_word' id='word_1_605' title='bbox 3633 4092 3725 4126; x_wconf 81' lang='grc' dir='ltr'>πε-</span> 
     </span>
    </p>
   </div>
   <div class='ocr_carea' id='block_1_87' title="bbox 2161 4159 3722 4236">
    <p class='ocr_par' dir='ltr' id='par_1_87' title="bbox 2161 4159 3722 4236">
     <span class='ocr_line' id='line_1_87' title="bbox 2161 4159 3722 4236; baseline -0.008 -7"><span class='ocrx_word' id='word_1_606' title='bbox 2161 4164 2455 4232; x_wconf 62' lang='grc' dir='ltr'><strong>ρίερἔεῖτο,</strong></span> <span class='ocrx_word' id='word_1_607' title='bbox 2484 4163 2578 4214; x_wconf 78' lang='grc' dir='ltr'>καί</span> <span class='ocrx_word' id='word_1_608' title='bbox 2601 4161 2912 4232; x_wconf 76' lang='grc' dir='ltr'>ὑπότρομος</span> <span class='ocrx_word' id='word_1_609' title='bbox 2940 4159 3028 4230; x_wconf 85' lang='grc' dir='ltr'>ἦν,</span> <span class='ocrx_word' id='word_1_610' title='bbox 3054 4161 3176 4216; x_wconf 79' lang='grc' dir='ltr'>εἶτα</span> <span class='ocrx_word' id='word_1_611' title='bbox 3202 4165 3296 4218; x_wconf 71' lang='grc' dir='ltr'>καὶ</span> <span class='ocrx_word' id='word_1_612' title='bbox 3329 4168 3396 4236; x_wconf 73' lang='grc' dir='ltr'>τῇ</span> <span class='ocrx_word' id='word_1_613' title='bbox 3430 4166 3524 4218; x_wconf 81' lang='grc' dir='ltr'>τοῦ</span> <span class='ocrx_word' id='word_1_614' title='bbox 3558 4183 3722 4218; x_wconf 79' lang='grc' dir='ltr'>σταυ-</span> 
     </span>
    </p>
   </div>
   <div class='ocr_carea' id='block_1_88' title="bbox 480 4239 2049 4328">
    <p class='ocr_par' dir='ltr' id='par_1_88' title="bbox 480 4239 2049 4308">
     <span class='ocr_line' id='line_1_88' title="bbox 480 4239 2049 4308; baseline 0.002 -18"><span class='ocrx_word' id='word_1_615' title='bbox 480 4244 590 4300; x_wconf 83' lang='lat' dir='ltr'><strong>nia,</strong></span> <span class='ocrx_word' id='word_1_616' title='bbox 620 4239 1045 4308; x_wconf 87' lang='lat' dir='ltr'><strong>duplicibusque</strong></span> <span class='ocrx_word' id='word_1_617' title='bbox 1081 4239 1192 4294; x_wconf 88' lang='lat' dir='ltr'><strong>illis</strong></span> <span class='ocrx_word' id='word_1_618' title='bbox 1218 4239 1597 4294; x_wconf 80' lang='lat' dir='ltr'><strong>anxietatibus</strong></span> <span class='ocrx_word' id='word_1_619' title='bbox 1627 4239 1970 4305; x_wconf 80' lang='lat' dir='ltr'><strong>luctabatur,</strong></span> <span class='ocrx_word' id='word_1_620' title='bbox 1999 4247 2049 4294; x_wconf 87' lang='lat' dir='ltr'><strong>et</strong></span> 
     </span>
    </p>
   </div>
   <div class='ocr_carea' id='block_1_89' title="bbox 2154 4239 3727 4328">
    <p class='ocr_par' dir='ltr' id='par_1_89' title="bbox 2158 4252 3727 4328">
     <span class='ocr_line' id='line_1_89' title="bbox 2158 4252 3727 4328; baseline 0.005 -25"><span class='ocrx_word' id='word_1_621' title='bbox 2158 4252 2254 4322; x_wconf 85' lang='grc' dir='ltr'>ροῦ</span> <span class='ocrx_word' id='word_1_622' title='bbox 2288 4254 2549 4321; x_wconf 76' lang='grc' dir='ltr'>σφραγῖδι</span> <span class='ocrx_word' id='word_1_623' title='bbox 2603 4253 2846 4323; x_wconf 75' lang='grc' dir='ltr'><strong>συνήθως</strong></span> <span class='ocrx_word' id='word_1_624' title='bbox 2896 4255 3310 4326; x_wconf 79' lang='grc' dir='ltr'>ὲπισφραγίσας</span> <span class='ocrx_word' id='word_1_625' title='bbox 3345 4258 3447 4328; x_wconf 80' lang='grc' dir='ltr'>τὴν</span> <span class='ocrx_word' id='word_1_626' title='bbox 3504 4257 3727 4318; x_wconf 81' lang='grc' dir='ltr'>κύλικα,</span> 
     </span>
    </p>
   </div>
   <div class='ocr_carea' id='block_1_90' title="bbox 479 4329 2049 4418">
    <p class='ocr_par' dir='ltr' id='par_1_90' title="bbox 479 4329 2049 4399">
     <span class='ocr_line' id='line_1_90' title="bbox 479 4329 2049 4399; baseline 0.002 -17"><span class='ocrx_word' id='word_1_627' title='bbox 479 4329 682 4383; x_wconf 87' lang='lat' dir='ltr'><strong>sudore</strong></span> <span class='ocrx_word' id='word_1_628' title='bbox 713 4331 959 4399; x_wconf 88' lang='lat' dir='ltr'><strong>undique</strong></span> <span class='ocrx_word' id='word_1_629' title='bbox 986 4330 1412 4386; x_wconf 83' lang='lat' dir='ltr'><strong>circumﬂuebat</strong></span> <span class='ocrx_word' id='word_1_630' title='bbox 1441 4345 1504 4384; x_wconf 91' lang='lat' dir='ltr'><strong>ac</strong></span> <span class='ocrx_word' id='word_1_631' title='bbox 1535 4331 1822 4386; x_wconf 89' lang='lat' dir='ltr'><strong>tremebat.</strong></span> <span class='ocrx_word' id='word_1_632' title='bbox 1848 4329 2049 4385; x_wconf 88' lang='lat' dir='ltr'><strong>Deinde</strong></span> 
     </span>
    </p>
   </div>
   <div class='ocr_carea' id='block_1_91' title="bbox 2154 4329 3730 4418">
    <p class='ocr_par' dir='ltr' id='par_1_91' title="bbox 2155 4340 3730 4418">
     <span class='ocr_line' id='line_1_91' title="bbox 2155 4340 3730 4418; baseline 0.003 -23"><span class='ocrx_word' id='word_1_633' title='bbox 2155 4343 2252 4396; x_wconf 80' lang='grc' dir='ltr'>καὶ</span> <span class='ocrx_word' id='word_1_634' title='bbox 2281 4342 2445 4409; x_wconf 86' lang='grc' dir='ltr'>πιὼν,</span> <span class='ocrx_word' id='word_1_635' title='bbox 2479 4341 2652 4396; x_wconf 85' lang='grc' dir='ltr'>κακοῦ</span> <span class='ocrx_word' id='word_1_636' title='bbox 2704 4343 2921 4414; x_wconf 85' lang='grc' dir='ltr'>ἀπαθὴς</span> <span class='ocrx_word' id='word_1_637' title='bbox 2975 4340 3044 4414; x_wconf 83' lang='grc' dir='ltr'>ἦν</span> <span class='ocrx_word' id='word_1_638' title='bbox 3079 4345 3186 4407; x_wconf 71' lang='grc' dir='ltr'>ἔτι,</span> <span class='ocrx_word' id='word_1_639' title='bbox 3232 4345 3595 4416; x_wconf 76' lang='grc' dir='ltr'>ἐξεπλήττετο</span> <span class='ocrx_word' id='word_1_640' title='bbox 3629 4348 3730 4418; x_wconf 82' lang='grc' dir='ltr'>μὲν</span> 
     </span>
    </p>
   </div>
   <div class='ocr_carea' id='block_1_92' title="bbox 480 4419 2049 4507">
    <p class='ocr_par' dir='ltr' id='par_1_92' title="bbox 480 4419 2049 4491">
     <span class='ocr_line' id='line_1_92' title="bbox 480 4419 2049 4491; baseline 0.003 -20"><span class='ocrx_word' id='word_1_641' title='bbox 480 4419 573 4472; x_wconf 92' lang='lat' dir='ltr'><strong>ubi</strong></span> <span class='ocrx_word' id='word_1_642' title='bbox 600 4434 819 4473; x_wconf 87' lang='lat' dir='ltr'><strong>rursum</strong></span> <span class='ocrx_word' id='word_1_643' title='bbox 855 4429 1123 4474; x_wconf 87' lang='lat' dir='ltr'><strong>consueto</strong></span> <span class='ocrx_word' id='word_1_644' title='bbox 1153 4421 1338 4476; x_wconf 87' lang='lat' dir='ltr'><strong>crucis</strong></span> <span class='ocrx_word' id='word_1_645' title='bbox 1361 4421 1646 4491; x_wconf 85' lang='lat' dir='ltr'><strong>signaculo</strong></span> <span class='ocrx_word' id='word_1_646' title='bbox 1670 4421 1898 4477; x_wconf 90' lang='lat' dir='ltr'><strong>calicem</strong></span> <span class='ocrx_word' id='word_1_647' title='bbox 1921 4436 2049 4476; x_wconf 91' lang='lat' dir='ltr'><strong>con-</strong></span> 
     </span>
    </p>
   </div>
   <div class='ocr_carea' id='block_1_93' title="bbox 2154 4419 3729 4507">
    <p class='ocr_par' dir='ltr' id='par_1_93' title="bbox 2160 4435 3729 4507">
     <span class='ocr_line' id='line_1_93' title="bbox 2160 4435 3729 4507; baseline 0.004 -21"><span class='ocrx_word' id='word_1_648' title='bbox 2160 4435 2252 4487; x_wconf 78' lang='grc' dir='ltr'><strong>καὶ</strong></span> <span class='ocrx_word' id='word_1_649' title='bbox 2283 4436 2466 4500; x_wconf 79' lang='grc' dir='ltr'>αὐτὸς,</span> <span class='ocrx_word' id='word_1_650' title='bbox 2503 4436 2806 4506; x_wconf 75' lang='grc' dir='ltr'>συμϐαλεῖν</span> <span class='ocrx_word' id='word_1_651' title='bbox 2858 4437 2956 4504; x_wconf 79' lang='grc' dir='ltr'>τὴν</span> <span class='ocrx_word' id='word_1_652' title='bbox 3016 4437 3200 4490; x_wconf 71' lang='grc' dir='ltr'>αἰτίαν</span> <span class='ocrx_word' id='word_1_653' title='bbox 3237 4438 3362 4491; x_wconf 80' lang='grc' dir='ltr'>οὐδε</span> <span class='ocrx_word' id='word_1_654' title='bbox 3418 4438 3595 4507; x_wconf 67' lang='grc' dir='ltr'>ἔχων·</span> <span class='ocrx_word' id='word_1_655' title='bbox 3635 4441 3729 4493; x_wconf 73' lang='grc' dir='ltr'>καὶ</span> 
     </span>
    </p>
   </div>
   <div class='ocr_carea' id='block_1_94' title="bbox 479 4511 2049 4609">
    <p class='ocr_par' dir='ltr' id='par_1_94' title="bbox 479 4511 2049 4584">
     <span class='ocr_line' id='line_1_94' title="bbox 479 4511 2049 4584; baseline 0.002 -20"><span class='ocrx_word' id='word_1_656' title='bbox 479 4511 750 4580; x_wconf 81' lang='lat' dir='ltr'><strong>signasset</strong></span> <span class='ocrx_word' id='word_1_657' title='bbox 787 4527 850 4565; x_wconf 90' lang='lat' dir='ltr'><strong>ac</strong></span> <span class='ocrx_word' id='word_1_658' title='bbox 885 4511 1144 4575; x_wconf 88' lang='lat' dir='ltr'><strong>bibisset,</strong></span> <span class='ocrx_word' id='word_1_659' title='bbox 1196 4513 1399 4568; x_wconf 89' lang='lat' dir='ltr'><strong>iterum</strong></span> <span class='ocrx_word' id='word_1_660' title='bbox 1461 4513 1665 4569; x_wconf 70' lang='lat' dir='ltr'><strong>illaasus</strong></span> <span class='ocrx_word' id='word_1_661' title='bbox 1713 4517 2049 4584; x_wconf 86' lang='lat' dir='ltr'><strong>permansit;</strong></span> 
     </span>
    </p>
   </div>
   <div class='ocr_carea' id='block_1_95' title="bbox 2154 4511 3732 4609">
    <p class='ocr_par' dir='ltr' id='par_1_95' title="bbox 2154 4525 3732 4596">
     <span class='ocr_line' id='line_1_95' title="bbox 2154 4525 3732 4596; baseline 0.004 -20"><span class='ocrx_word' id='word_1_662' title='bbox 2154 4525 2342 4588; x_wconf 83' lang='grc' dir='ltr'>δεινῶς</span> <span class='ocrx_word' id='word_1_663' title='bbox 2373 4529 2483 4588; x_wconf 88' lang='grc' dir='ltr'>τοῖς</span> <span class='ocrx_word' id='word_1_664' title='bbox 2513 4526 2612 4594; x_wconf 86' lang='grc' dir='ltr'><strong>τῆς</strong></span> <span class='ocrx_word' id='word_1_665' title='bbox 2644 4525 2958 4595; x_wconf 84' lang='grc' dir='ltr'>ἀμηχανίας</span> <span class='ocrx_word' id='word_1_666' title='bbox 2980 4525 3230 4596; x_wconf 86' lang='grc' dir='ltr'>κέντροις</span> <span class='ocrx_word' id='word_1_667' title='bbox 3267 4526 3544 4580; x_wconf 78' lang='grc' dir='ltr'>ὲσάλλετο.</span> <span class='ocrx_word' id='word_1_668' title='bbox 3565 4526 3732 4582; x_wconf 63' lang='lat'><strong>0662&#39;-</strong></span> 
     </span>
    </p>
   </div>
   <div class='ocr_carea' id='block_1_96' title="bbox 481 4599 2049 4690">
    <p class='ocr_par' dir='ltr' id='par_1_96' title="bbox 481 4599 2049 4675">
     <span class='ocr_line' id='line_1_96' title="bbox 481 4599 2049 4675; baseline 0.003 -23"><span class='ocrx_word' id='word_1_669' title='bbox 481 4599 709 4668; x_wconf 88' lang='lat' dir='ltr'><strong>ipseque</strong></span> <span class='ocrx_word' id='word_1_670' title='bbox 731 4599 1020 4675; x_wconf 88' lang='lat' dir='ltr'><strong>obstupuit</strong></span> <span class='ocrx_word' id='word_1_671' title='bbox 1044 4615 1176 4656; x_wconf 87' lang='lat' dir='ltr'><strong>sane</strong></span> <span class='ocrx_word' id='word_1_672' title='bbox 1203 4617 1328 4656; x_wconf 93' lang='lat' dir='ltr'><strong>eum</strong></span> <span class='ocrx_word' id='word_1_673' title='bbox 1353 4617 1577 4658; x_wconf 88' lang='lat' dir='ltr'><strong>causam</strong></span> <span class='ocrx_word' id='word_1_674' title='bbox 1603 4604 1917 4674; x_wconf 84' lang='lat' dir='ltr'><strong>conjectare</strong></span> <span class='ocrx_word' id='word_1_675' title='bbox 1941 4619 2049 4657; x_wconf 85' lang='lat' dir='ltr'><strong>non</strong></span> 
     </span>
    </p>
   </div>
   <div class='ocr_carea' id='block_1_97' title="bbox 2154 4599 3728 4690">
    <p class='ocr_par' dir='ltr' id='par_1_97' title="bbox 2157 4611 3728 4690">
     <span class='ocr_line' id='line_1_97' title="bbox 2157 4611 3728 4690; baseline 0.004 -22"><span class='ocrx_word' id='word_1_676' title='bbox 2157 4633 2245 4669; x_wconf 90' lang='grc' dir='ltr'>πω</span> <span class='ocrx_word' id='word_1_677' title='bbox 2274 4617 2381 4685; x_wconf 84' lang='grc' dir='ltr'>γὰρ</span> <span class='ocrx_word' id='word_1_678' title='bbox 2437 4617 2671 4669; x_wconf 81' lang='grc' dir='ltr'>συνιδεῖν</span> <span class='ocrx_word' id='word_1_679' title='bbox 2699 4611 2846 4688; x_wconf 75' lang='grc' dir='ltr'>εῖχεν</span> <span class='ocrx_word' id='word_1_680' title='bbox 2879 4617 2955 4680; x_wconf 83' lang='grc' dir='ltr'><strong>ὡς</strong></span> <span class='ocrx_word' id='word_1_681' title='bbox 3000 4618 3036 4688; x_wconf 78' lang='grc' dir='ltr'><strong>ἡ</strong></span> <span class='ocrx_word' id='word_1_682' title='bbox 3067 4617 3162 4670; x_wconf 85' lang='grc' dir='ltr'>τοῦ</span> <span class='ocrx_word' id='word_1_683' title='bbox 3203 4617 3442 4686; x_wconf 78' lang='grc' dir='ltr'>σταυροῦ</span> <span class='ocrx_word' id='word_1_684' title='bbox 3477 4620 3728 4690; x_wconf 72' lang='grc' dir='ltr'>ἐνέργεια</span> 
     </span>
    </p>
   </div>
   <div class='ocr_carea' id='block_1_98' title="bbox 480 4691 2055 4764">
    <p class='ocr_par' dir='ltr' id='par_1_98' title="bbox 480 4691 2055 4764">
     <span class='ocr_line' id='line_1_98' title="bbox 480 4691 2055 4764; baseline 0.003 -20"><span class='ocrx_word' id='word_1_685' title='bbox 480 4700 706 4759; x_wconf 79' lang='lat' dir='ltr'><strong>posset;</strong></span> <span class='ocrx_word' id='word_1_686' title='bbox 745 4705 810 4746; x_wconf 90' lang='lat' dir='ltr'><strong>ac</strong></span> <span class='ocrx_word' id='word_1_687' title='bbox 845 4692 1045 4746; x_wconf 87' lang='lat' dir='ltr'><strong>mirum</strong></span> <span class='ocrx_word' id='word_1_688' title='bbox 1083 4691 1138 4747; x_wconf 91' lang='lat' dir='ltr'><strong>in</strong></span> <span class='ocrx_word' id='word_1_689' title='bbox 1173 4693 1397 4748; x_wconf 90' lang='lat' dir='ltr'><strong>modum</strong></span> <span class='ocrx_word' id='word_1_690' title='bbox 1431 4694 1832 4764; x_wconf 87' lang='lat' dir='ltr'><strong>desperationis</strong></span> <span class='ocrx_word' id='word_1_691' title='bbox 1861 4694 2055 4748; x_wconf 82' lang='lat' dir='ltr'><strong>stimu-</strong></span> 
     </span>
    </p>
   </div>
   <div class='ocr_carea' id='block_1_99' title="bbox 479 4779 2052 4854">
    <p class='ocr_par' dir='ltr' id='par_1_99' title="bbox 479 4779 2052 4854">
     <span class='ocr_line' id='line_1_99' title="bbox 479 4779 2052 4854; baseline 0.004 -23"><span class='ocrx_word' id='word_1_692' title='bbox 479 4779 550 4832; x_wconf 87' lang='lat' dir='ltr'><strong>lis</strong></span> <span class='ocrx_word' id='word_1_693' title='bbox 593 4779 944 4848; x_wconf 73' lang='lat' dir='ltr'><strong>iactabatur:</strong></span> <span class='ocrx_word' id='word_1_694' title='bbox 997 4781 1245 4836; x_wconf 89' lang='lat' dir='ltr'><strong>nondum</strong></span> <span class='ocrx_word' id='word_1_695' title='bbox 1285 4785 1432 4838; x_wconf 90' lang='lat' dir='ltr'><strong>enim</strong></span> <span class='ocrx_word' id='word_1_696' title='bbox 1481 4783 1789 4854; x_wconf 79' lang='lat' dir='ltr'><strong>intelligere</strong></span> <span class='ocrx_word' id='word_1_697' title='bbox 1836 4792 2052 4853; x_wconf 90' lang='lat' dir='ltr'><strong>poterat</strong></span> 
     </span>
    </p>
   </div>
   <div class='ocr_carea' id='block_1_100' title="bbox 479 4869 2053 4945">
    <p class='ocr_par' dir='ltr' id='par_1_100' title="bbox 479 4869 2053 4945">
     <span class='ocr_line' id='line_1_100' title="bbox 479 4869 2053 4945; baseline 0.004 -23"><span class='ocrx_word' id='word_1_698' title='bbox 479 4869 626 4939; x_wconf 87' lang='lat' dir='ltr'><strong>quod</strong></span> <span class='ocrx_word' id='word_1_699' title='bbox 659 4873 840 4927; x_wconf 89' lang='lat' dir='ltr'><strong>crucis</strong></span> <span class='ocrx_word' id='word_1_700' title='bbox 863 4871 1106 4928; x_wconf 80' lang='lat' dir='ltr'><strong>eﬂieacia</strong></span> <span class='ocrx_word' id='word_1_701' title='bbox 1133 4883 1279 4931; x_wconf 88' lang='lat' dir='ltr'><strong>esset</strong></span> <span class='ocrx_word' id='word_1_702' title='bbox 1305 4891 1427 4945; x_wconf 67' lang='lat' dir='ltr'><strong>qua</strong></span> <span class='ocrx_word' id='word_1_703' title='bbox 1453 4877 1646 4930; x_wconf 81' lang='lat' dir='ltr'><strong>veneni</strong></span> <span class='ocrx_word' id='word_1_704' title='bbox 1671 4876 1817 4931; x_wconf 87' lang='lat' dir='ltr'><strong>vires</strong></span> <span class='ocrx_word' id='word_1_705' title='bbox 1845 4877 2053 4932; x_wconf 80' lang='lat' dir='ltr'><strong>exstin-</strong></span> 
     </span>
    </p>
   </div>
   <div class='ocr_carea' id='block_1_101' title="bbox 479 4962 2052 5038">
    <p class='ocr_par' dir='ltr' id='par_1_101' title="bbox 479 4962 2052 5038">
     <span class='ocr_line' id='line_1_101' title="bbox 479 4962 2052 5038; baseline 0.005 -24"><span class='ocrx_word' id='word_1_706' title='bbox 479 4971 695 5030; x_wconf 88' lang='lat' dir='ltr'><strong>gueret.</strong></span> <span class='ocrx_word' id='word_1_707' title='bbox 727 4962 980 5035; x_wconf 89' lang='lat' dir='ltr'><strong>Cumque</strong></span> <span class='ocrx_word' id='word_1_708' title='bbox 1010 4967 1176 5021; x_wconf 91' lang='lat' dir='ltr'><strong>homo</strong></span> <span class='ocrx_word' id='word_1_709' title='bbox 1216 4966 1386 5020; x_wconf 91' lang='lat' dir='ltr'><strong>animi</strong></span> <span class='ocrx_word' id='word_1_710' title='bbox 1415 4967 1682 5038; x_wconf 78' lang='lat' dir='ltr'><strong>angustia:</strong></span> <span class='ocrx_word' id='word_1_711' title='bbox 1714 4983 1783 5024; x_wconf 88' lang='lat' dir='ltr'><strong>ac</strong></span> <span class='ocrx_word' id='word_1_712' title='bbox 1824 4969 2052 5022; x_wconf 85' lang='lat' dir='ltr'><strong>calami-</strong></span> 
     </span>
    </p>
   </div>
   <div class='ocr_carea' id='block_1_102' title="bbox 484 5057 2055 5127">
    <p class='ocr_par' dir='ltr' id='par_1_102' title="bbox 484 5057 2055 5127">
     <span class='ocr_line' id='line_1_102' title="bbox 484 5057 2055 5127; baseline 0.005 -20"><span class='ocrx_word' id='word_1_713' title='bbox 484 5064 656 5108; x_wconf 89' lang='lat' dir='ltr'><strong>tatum</strong></span> <span class='ocrx_word' id='word_1_714' title='bbox 696 5057 889 5127; x_wconf 85' lang='lat' dir='ltr'><strong>pelago</strong></span> <span class='ocrx_word' id='word_1_715' title='bbox 935 5057 1256 5124; x_wconf 90' lang='lat' dir='ltr'><strong>immersus,</strong></span> <span class='ocrx_word' id='word_1_716' title='bbox 1283 5073 1388 5113; x_wconf 91' lang='lat' dir='ltr'><strong>nec</strong></span> <span class='ocrx_word' id='word_1_717' title='bbox 1411 5059 1497 5113; x_wconf 90' lang='lat' dir='ltr'><strong>vel</strong></span> <span class='ocrx_word' id='word_1_718' title='bbox 1550 5059 1833 5125; x_wconf 88' lang='lat' dir='ltr'><strong>paululum</strong></span> <span class='ocrx_word' id='word_1_719' title='bbox 1863 5061 1930 5114; x_wconf 93' lang='lat' dir='ltr'><strong>ad</strong></span> <span class='ocrx_word' id='word_1_720' title='bbox 1964 5077 2055 5115; x_wconf 85' lang='lat' dir='ltr'><strong>sa-</strong></span> 
     </span>
    </p>
   </div>
   <div class='ocr_carea' id='block_1_103' title="bbox 482 5145 2054 5219">
    <p class='ocr_par' dir='ltr' id='par_1_103' title="bbox 482 5145 2054 5219">
     <span class='ocr_line' id='line_1_103' title="bbox 482 5145 2054 5219; baseline 0.006 -22"><span class='ocrx_word' id='word_1_721' title='bbox 482 5145 692 5199; x_wconf 86' lang='lat' dir='ltr'><strong>niorem</strong></span> <span class='ocrx_word' id='word_1_722' title='bbox 723 5157 962 5202; x_wconf 89' lang='lat' dir='ltr'><strong>mentem</strong></span> <span class='ocrx_word' id='word_1_723' title='bbox 993 5148 1197 5211; x_wconf 84' lang='lat' dir='ltr'><strong>redire,</strong></span> <span class='ocrx_word' id='word_1_724' title='bbox 1232 5163 1333 5204; x_wconf 85' lang='lat' dir='ltr'><strong>nec</strong></span> <span class='ocrx_word' id='word_1_725' title='bbox 1363 5165 1423 5203; x_wconf 90' lang='lat' dir='ltr'><strong>ea</strong></span> <span class='ocrx_word' id='word_1_726' title='bbox 1453 5166 1598 5219; x_wconf 62' lang='lat' dir='ltr'><strong>quas,</strong></span> <span class='ocrx_word' id='word_1_727' title='bbox 1627 5159 1687 5205; x_wconf 89' lang='lat' dir='ltr'><strong>ut</strong></span> <span class='ocrx_word' id='word_1_728' title='bbox 1713 5153 1894 5214; x_wconf 86' lang='lat' dir='ltr'><strong>aiunt,</strong></span> <span class='ocrx_word' id='word_1_729' title='bbox 1925 5165 2054 5207; x_wconf 90' lang='lat' dir='ltr'><strong>ante</strong></span> 
     </span>
    </p>
   </div>
   <div class='ocr_carea' id='block_1_104' title="bbox 483 5238 2057 5311">
    <p class='ocr_par' dir='ltr' id='par_1_104' title="bbox 483 5238 2057 5311">
     <span class='ocr_line' id='line_1_104' title="bbox 483 5238 2057 5311; baseline 0.004 -20"><span class='ocrx_word' id='word_1_730' title='bbox 483 5238 651 5307; x_wconf 90' lang='lat' dir='ltr'><strong>pedes</strong></span> <span class='ocrx_word' id='word_1_731' title='bbox 683 5249 842 5294; x_wconf 86' lang='lat' dir='ltr'><strong>erant</strong></span> <span class='ocrx_word' id='word_1_732' title='bbox 872 5255 1209 5311; x_wconf 88' lang='lat' dir='ltr'><strong>cognoscere</strong></span> <span class='ocrx_word' id='word_1_733' title='bbox 1246 5251 1472 5311; x_wconf 88' lang='lat' dir='ltr'><strong>posset:</strong></span> <span class='ocrx_word' id='word_1_734' title='bbox 1527 5243 1658 5298; x_wconf 89' lang='lat' dir='ltr'><strong>hinc</strong></span> <span class='ocrx_word' id='word_1_735' title='bbox 1699 5243 1896 5298; x_wconf 91' lang='lat' dir='ltr'><strong>iterato</strong></span> <span class='ocrx_word' id='word_1_736' title='bbox 1942 5245 2057 5298; x_wconf 90' lang='lat' dir='ltr'><strong>abit</strong></span> 
     </span>
    </p>
   </div>
   <div class='ocr_carea' id='block_1_105' title="bbox 483 5329 2055 5406">
    <p class='ocr_par' dir='ltr' id='par_1_105' title="bbox 483 5329 2055 5406">
     <span class='ocr_line' id='line_1_105' title="bbox 483 5329 2055 5406; baseline 0.004 -24"><span class='ocrx_word' id='word_1_737' title='bbox 483 5329 550 5384; x_wconf 91' lang='lat' dir='ltr'><strong>ad</strong></span> <span class='ocrx_word' id='word_1_738' title='bbox 590 5329 900 5397; x_wconf 72' lang='lat' dir='ltr'><strong>llebrteum,</strong></span> <span class='ocrx_word' id='word_1_739' title='bbox 951 5341 1009 5388; x_wconf 89' lang='lat' dir='ltr'><strong>et</strong></span> <span class='ocrx_word' id='word_1_740' title='bbox 1046 5333 1238 5388; x_wconf 86' lang='lat' dir='ltr'><strong>eadem</strong></span> <span class='ocrx_word' id='word_1_741' title='bbox 1270 5349 1394 5402; x_wconf 73' lang='lat' dir='ltr'><strong>qua:</strong></span> <span class='ocrx_word' id='word_1_742' title='bbox 1439 5337 1591 5406; x_wconf 89' lang='lat' dir='ltr'><strong>prius</strong></span> <span class='ocrx_word' id='word_1_743' title='bbox 1635 5337 1879 5406; x_wconf 78' lang='lat' dir='ltr'><strong>exponit.</strong></span> <span class='ocrx_word' id='word_1_744' title='bbox 1918 5337 2055 5392; x_wconf 88' lang='lat' dir='ltr'><strong>Cum</strong></span> 
     </span>
    </p>
   </div>
   <div class='ocr_carea' id='block_1_106' title="bbox 485 5425 2057 5499">
    <p class='ocr_par' dir='ltr' id='par_1_106' title="bbox 485 5425 2057 5499">
     <span class='ocr_line' id='line_1_106' title="bbox 485 5425 2057 5499; baseline 0.004 -24"><span class='ocrx_word' id='word_1_745' title='bbox 485 5431 668 5476; x_wconf 88' lang='lat' dir='ltr'><strong>autem</strong></span> <span class='ocrx_word' id='word_1_746' title='bbox 706 5433 759 5477; x_wconf 91' lang='lat' dir='ltr'><strong>et</strong></span> <span class='ocrx_word' id='word_1_747' title='bbox 800 5425 891 5478; x_wconf 92' lang='lat' dir='ltr'><strong>ille</strong></span> <span class='ocrx_word' id='word_1_748' title='bbox 948 5435 1336 5481; x_wconf 89' lang='lat' dir='ltr'><strong>consternatus</strong></span> <span class='ocrx_word' id='word_1_749' title='bbox 1376 5436 1545 5494; x_wconf 89' lang='lat' dir='ltr'><strong>esset,</strong></span> <span class='ocrx_word' id='word_1_750' title='bbox 1590 5428 1866 5499; x_wconf 86' lang='lat' dir='ltr'><strong>longoque</strong></span> <span class='ocrx_word' id='word_1_751' title='bbox 1920 5438 2057 5484; x_wconf 84' lang='lat' dir='ltr'><strong>tem-</strong></span> 
     </span>
    </p>
   </div>
   <div class='ocr_carea' id='block_1_107' title="bbox 492 5517 2058 5585">
    <p class='ocr_par' dir='ltr' id='par_1_107' title="bbox 492 5517 2058 5585">
     <span class='ocr_line' id='line_1_107' title="bbox 492 5517 2058 5585; baseline 0.01 -25"><span class='ocrx_word' id='word_1_752' title='bbox 492 5526 622 5578; x_wconf 88' lang='lat' dir='ltr'><strong>pore</strong></span> <span class='ocrx_word' id='word_1_753' title='bbox 675 5527 842 5582; x_wconf 84' lang='lat' dir='ltr'><strong>super</strong></span> <span class='ocrx_word' id='word_1_754' title='bbox 872 5528 936 5568; x_wconf 86' lang='lat' dir='ltr'><strong>ea</strong></span> <span class='ocrx_word' id='word_1_755' title='bbox 992 5531 1051 5569; x_wconf 91' lang='lat' dir='ltr'><strong>re</strong></span> <span class='ocrx_word' id='word_1_756' title='bbox 1099 5517 1333 5571; x_wconf 85' lang='lat' dir='ltr'><strong>consilio</strong></span> <span class='ocrx_word' id='word_1_757' title='bbox 1379 5519 1814 5585; x_wconf 84' lang='lat' dir='ltr'><strong>destitueretur,</strong></span> <span class='ocrx_word' id='word_1_758' title='bbox 1860 5519 2058 5576; x_wconf 87' lang='lat' dir='ltr'><strong>deinde</strong></span> 
     </span>
    </p>
   </div>
   <div class='ocr_carea' id='block_1_108' title="bbox 487 5603 2056 5683">
    <p class='ocr_par' dir='ltr' id='par_1_108' title="bbox 487 5603 2056 5683">
     <span class='ocr_line' id='line_1_108' title="bbox 487 5603 2056 5683; baseline 0.008 -28"><span class='ocrx_word' id='word_1_759' title='bbox 487 5603 652 5656; x_wconf 89' lang='lat' dir='ltr'><strong>etiam</strong></span> <span class='ocrx_word' id='word_1_760' title='bbox 684 5620 902 5659; x_wconf 81' lang='lat' dir='ltr'><strong>causam</strong></span> <span class='ocrx_word' id='word_1_761' title='bbox 933 5607 1170 5677; x_wconf 87' lang='lat' dir='ltr'><strong>aliquam</strong></span> <span class='ocrx_word' id='word_1_762' title='bbox 1223 5608 1638 5679; x_wconf 86' lang='lat' dir='ltr'><strong>deprehendere</strong></span> <span class='ocrx_word' id='word_1_763' title='bbox 1670 5621 1898 5682; x_wconf 86' lang='lat' dir='ltr'><strong>cuperet</strong></span> <span class='ocrx_word' id='word_1_764' title='bbox 1927 5629 2056 5683; x_wconf 89' lang='lat' dir='ltr'><strong>pro-</strong></span> 
     </span>
    </p>
   </div>
   <div class='ocr_carea' id='block_1_109' title="bbox 488 5697 2048 5772">
    <p class='ocr_par' dir='ltr' id='par_1_109' title="bbox 488 5697 2048 5772">
     <span class='ocr_line' id='line_1_109' title="bbox 488 5697 2048 5772; baseline 0.012 -30"><span class='ocrx_word' id='word_1_765' title='bbox 488 5703 608 5762; x_wconf 79' lang='lat' dir='ltr'><strong>pter</strong></span> <span class='ocrx_word' id='word_1_766' title='bbox 635 5711 796 5763; x_wconf 84' lang='lat' dir='ltr'><strong>quant</strong></span> <span class='ocrx_word' id='word_1_767' title='bbox 827 5697 879 5750; x_wconf 93' lang='lat' dir='ltr'><strong>in</strong></span> <span class='ocrx_word' id='word_1_768' title='bbox 913 5713 1122 5753; x_wconf 85' lang='lat' dir='ltr'><strong>veneno</strong></span> <span class='ocrx_word' id='word_1_769' title='bbox 1155 5700 1322 5755; x_wconf 79' lang='lat' dir='ltr'><strong>falsus</strong></span> <span class='ocrx_word' id='word_1_770' title='bbox 1363 5713 1507 5757; x_wconf 78' lang='lat' dir='ltr'><strong>esset</strong></span> <span class='ocrx_word' id='word_1_771' title='bbox 1541 5705 1678 5772; x_wconf 88' lang='lat' dir='ltr'><strong>(ipse</strong></span> <span class='ocrx_word' id='word_1_772' title='bbox 1713 5706 1859 5760; x_wconf 82' lang='lat' dir='ltr'><strong>enim</strong></span> <span class='ocrx_word' id='word_1_773' title='bbox 1888 5721 2048 5762; x_wconf 87' lang='lat' dir='ltr'><strong>vene-</strong></span> 
     </span>
    </p>
   </div>
   <div class='ocr_carea' id='block_1_110' title="bbox 2154 4703 3728 4780">
    <p class='ocr_par' dir='ltr' id='par_1_110' title="bbox 2154 4703 3728 4780">
     <span class='ocr_line' id='line_1_110' title="bbox 2154 4703 3728 4780; baseline 0.002 -21"><span class='ocrx_word' id='word_1_774' title='bbox 2154 4703 2221 4778; x_wconf 76' lang='grc' dir='ltr'>ἧν</span> <span class='ocrx_word' id='word_1_775' title='bbox 2245 4708 2277 4777; x_wconf 78' lang='grc' dir='ltr'>ἡ</span> <span class='ocrx_word' id='word_1_776' title='bbox 2303 4707 2687 4762; x_wconf 80' lang='grc' dir='ltr'>ἀποσσεννῦσα</span> <span class='ocrx_word' id='word_1_777' title='bbox 2719 4707 2813 4760; x_wconf 86' lang='grc' dir='ltr'><strong>τοῦ</strong></span> <span class='ocrx_word' id='word_1_778' title='bbox 2840 4709 3136 4779; x_wconf 77' lang='grc' dir='ltr'>φαρμάκου</span> <span class='ocrx_word' id='word_1_779' title='bbox 3158 4708 3262 4780; x_wconf 83' lang='grc' dir='ltr'>τὴν</span> <span class='ocrx_word' id='word_1_780' title='bbox 3303 4708 3534 4779; x_wconf 83' lang='grc' dir='ltr'>δύναμιν</span> <span class='ocrx_word' id='word_1_781' title='bbox 3559 4751 3576 4777; x_wconf 92' lang='grc'><strong>,</strong></span> <span class='ocrx_word' id='word_1_782' title='bbox 3633 4711 3728 4766; x_wconf 74' lang='grc' dir='ltr'><strong>ἄν·</strong></span> 
     </span>
    </p>
   </div>
   <div class='ocr_carea' id='block_1_111' title="bbox 2157 4796 3730 4872">
    <p class='ocr_par' dir='ltr' id='par_1_111' title="bbox 2157 4796 3730 4872">
     <span class='ocr_line' id='line_1_111' title="bbox 2157 4796 3730 4872; baseline 0.004 -24"><span class='ocrx_word' id='word_1_783' title='bbox 2157 4797 2373 4867; x_wconf 85' lang='grc' dir='ltr'>θρωπος</span> <span class='ocrx_word' id='word_1_784' title='bbox 2401 4796 2478 4864; x_wconf 83' lang='grc' dir='ltr'>τῷ</span> <span class='ocrx_word' id='word_1_785' title='bbox 2499 4798 2594 4866; x_wconf 84' lang='grc' dir='ltr'><strong>τῆς</strong></span> <span class='ocrx_word' id='word_1_786' title='bbox 2617 4797 2857 4866; x_wconf 82' lang='grc' dir='ltr'>ἀθυμίας</span> <span class='ocrx_word' id='word_1_787' title='bbox 2891 4797 3122 4866; x_wconf 82' lang='grc' dir='ltr'>πελάγει</span> <span class='ocrx_word' id='word_1_788' title='bbox 3155 4800 3248 4852; x_wconf 71' lang='grc' dir='ltr'>καὶ</span> <span class='ocrx_word' id='word_1_789' title='bbox 3273 4799 3352 4870; x_wconf 84' lang='grc' dir='ltr'><strong>τῷ</strong></span> <span class='ocrx_word' id='word_1_790' title='bbox 3381 4799 3489 4854; x_wconf 81' lang='grc' dir='ltr'><strong>τῶν</strong></span> <span class='ocrx_word' id='word_1_791' title='bbox 3519 4818 3730 4872; x_wconf 79' lang='grc' dir='ltr'>συμφο-</span> 
     </span>
    </p>
   </div>
   <div class='ocr_carea' id='block_1_112' title="bbox 2163 4887 3730 4964">
    <p class='ocr_par' dir='ltr' id='par_1_112' title="bbox 2163 4887 3730 4964">
     <span class='ocr_line' id='line_1_112' title="bbox 2163 4887 3730 4964; baseline 0.004 -21"><span class='ocrx_word' id='word_1_792' title='bbox 2163 4890 2269 4959; x_wconf 86' lang='grc' dir='ltr'><strong>ρῶν</strong></span> <span class='ocrx_word' id='word_1_793' title='bbox 2294 4887 2718 4958; x_wconf 80' lang='grc' dir='ltr'>βαπτιζόμενος,</span> <span class='ocrx_word' id='word_1_794' title='bbox 2743 4889 2839 4942; x_wconf 79' lang='grc' dir='ltr'>καὶ</span> <span class='ocrx_word' id='word_1_795' title='bbox 2870 4889 3006 4960; x_wconf 72' lang='grc' dir='ltr'>μηδὲ</span> <span class='ocrx_word' id='word_1_796' title='bbox 3031 4890 3305 4961; x_wconf 76' lang='grc' dir='ltr'>ἀνανῆψαι</span> <span class='ocrx_word' id='word_1_797' title='bbox 3337 4891 3556 4963; x_wconf 73' lang='grc' dir='ltr'>μικρὸν,</span> <span class='ocrx_word' id='word_1_798' title='bbox 3589 4895 3730 4964; x_wconf 74' lang='grc' dir='ltr'>μηδὲ</span> 
     </span>
    </p>
   </div>
   <div class='ocr_carea' id='block_1_113' title="bbox 2157 4979 3730 5050">
    <p class='ocr_par' dir='ltr' id='par_1_113' title="bbox 2157 4979 3730 5050">
     <span class='ocr_line' id='line_1_113' title="bbox 2157 4979 3730 5050; baseline 0.003 -17"><span class='ocrx_word' id='word_1_799' title='bbox 2157 4979 2266 5034; x_wconf 86' lang='grc' dir='ltr'><strong>τῶν</strong></span> <span class='ocrx_word' id='word_1_800' title='bbox 2296 4981 2357 5032; x_wconf 79' lang='grc' dir='ltr'>ὲν</span> <span class='ocrx_word' id='word_1_801' title='bbox 2387 4982 2544 5031; x_wconf 82' lang='grc' dir='ltr'>ποσὶν</span> <span class='ocrx_word' id='word_1_802' title='bbox 2593 4979 2878 5032; x_wconf 72' lang='grc' dir='ltr'>αἰσθέσθαι</span> <span class='ocrx_word' id='word_1_803' title='bbox 2929 4981 3226 5050; x_wconf 83' lang='grc' dir='ltr'>δυνάμενος</span> <span class='ocrx_word' id='word_1_804' title='bbox 3250 4998 3264 5013; x_wconf 86' lang='grc'>⁶</span> <span class='ocrx_word' id='word_1_805' title='bbox 3308 4982 3462 5038; x_wconf 79' lang='grc' dir='ltr'>ἐνθεν</span> <span class='ocrx_word' id='word_1_806' title='bbox 3513 5001 3597 5040; x_wconf 85' lang='grc' dir='ltr'><strong>τοι</strong></span> <span class='ocrx_word' id='word_1_807' title='bbox 3635 4988 3730 5041; x_wconf 72' lang='grc' dir='ltr'>καὶ</span> 
     </span>
    </p>
   </div>
   <div class='ocr_carea' id='block_1_114' title="bbox 2161 5070 3730 5140">
    <p class='ocr_par' dir='ltr' id='par_1_114' title="bbox 2161 5070 3730 5140">
     <span class='ocr_line' id='line_1_114' title="bbox 2161 5070 3730 5140; baseline 0.005 -16"><span class='ocrx_word' id='word_1_808' title='bbox 2161 5070 2313 5139; x_wconf 83' lang='grc' dir='ltr'><strong>παρά</strong></span> <span class='ocrx_word' id='word_1_809' title='bbox 2345 5071 2434 5123; x_wconf 78' lang='grc' dir='ltr'>τὸν</span> <span class='ocrx_word' id='word_1_810' title='bbox 2477 5070 2729 5140; x_wconf 82' lang='grc' dir='ltr'>Ἐϐραῖον</span> <span class='ocrx_word' id='word_1_811' title='bbox 2759 5073 2947 5124; x_wconf 86' lang='grc' dir='ltr'>ἄπεισι</span> <span class='ocrx_word' id='word_1_812' title='bbox 3001 5073 3094 5126; x_wconf 75' lang='grc' dir='ltr'>καὶ</span> <span class='ocrx_word' id='word_1_813' title='bbox 3122 5073 3306 5139; x_wconf 78' lang='grc' dir='ltr'>αὖθις,</span> <span class='ocrx_word' id='word_1_814' title='bbox 3344 5078 3437 5128; x_wconf 77' lang='grc' dir='ltr'>καὶ</span> <span class='ocrx_word' id='word_1_815' title='bbox 3465 5076 3535 5128; x_wconf 71' lang='grc' dir='ltr'>τὰ</span> <span class='ocrx_word' id='word_1_816' title='bbox 3587 5078 3730 5132; x_wconf 73' lang='grc' dir='ltr'>αὐτὰ</span> 
     </span>
    </p>
   </div>
   <div class='ocr_carea' id='block_1_115' title="bbox 2159 5163 3731 5232">
    <p class='ocr_par' dir='ltr' id='par_1_115' title="bbox 2159 5163 3731 5232">
     <span class='ocr_line' id='line_1_115' title="bbox 2159 5163 3731 5232; baseline 0.006 -20"><span class='ocrx_word' id='word_1_817' title='bbox 2159 5165 2271 5224; x_wconf 85' lang='grc' dir='ltr'>τ.ῖς</span> <span class='ocrx_word' id='word_1_818' title='bbox 2307 5164 2573 5232; x_wconf 70' lang='grc' dir='ltr'>πρότερον</span> <span class='ocrx_word' id='word_1_819' title='bbox 2602 5164 2960 5230; x_wconf 76' lang='grc' dir='ltr'>ἀπαγγέλλει.</span> <span class='ocrx_word' id='word_1_820' title='bbox 2989 5163 3095 5216; x_wconf 77' lang='grc' dir='ltr'><strong>Τοῦ</strong></span> <span class='ocrx_word' id='word_1_821' title='bbox 3125 5163 3204 5226; x_wconf 76' lang='grc' dir='ltr'>δὲ,</span> <span class='ocrx_word' id='word_1_822' title='bbox 3239 5166 3336 5219; x_wconf 85' lang='grc' dir='ltr'>καὶ</span> <span class='ocrx_word' id='word_1_823' title='bbox 3364 5165 3532 5218; x_wconf 81' lang='grc' dir='ltr'>αὑτοῦ</span> <span class='ocrx_word' id='word_1_824' title='bbox 3560 5185 3731 5223; x_wconf 70' lang='grc' dir='ltr'>κατα-</span> 
     </span>
    </p>
   </div>
   <div class='ocr_carea' id='block_1_116' title="bbox 2159 5253 3730 5330">
    <p class='ocr_par' dir='ltr' id='par_1_116' title="bbox 2159 5253 3730 5330">
     <span class='ocr_line' id='line_1_116' title="bbox 2159 5253 3730 5330; baseline 0.004 -26"><span class='ocrx_word' id='word_1_825' title='bbox 2159 5253 2458 5319; x_wconf 85' lang='grc' dir='ltr'>πλαγέντος</span> <span class='ocrx_word' id='word_1_826' title='bbox 2485 5294 2499 5317; x_wconf 90' lang='grc'><strong>,</strong></span> <span class='ocrx_word' id='word_1_827' title='bbox 2557 5257 2648 5307; x_wconf 75' lang='grc' dir='ltr'>καὶ</span> <span class='ocrx_word' id='word_1_828' title='bbox 2697 5255 2867 5307; x_wconf 80' lang='grc' dir='ltr'>πολὺν</span> <span class='ocrx_word' id='word_1_829' title='bbox 2914 5256 3107 5325; x_wconf 66' lang='grc' dir='ltr'>χρόνον</span> <span class='ocrx_word' id='word_1_830' title='bbox 3159 5257 3254 5310; x_wconf 72' lang='grc' dir='ltr'><strong>ἐπὶ</strong></span> <span class='ocrx_word' id='word_1_831' title='bbox 3307 5259 3384 5328; x_wconf 83' lang='grc' dir='ltr'><strong>τῷ</strong></span> <span class='ocrx_word' id='word_1_832' title='bbox 3440 5263 3730 5330; x_wconf 80' lang='grc' dir='ltr'>πράγματι</span> 
     </span>
    </p>
   </div>
   <div class='ocr_carea' id='block_1_117' title="bbox 2163 5346 3732 5422">
    <p class='ocr_par' dir='ltr' id='par_1_117' title="bbox 2163 5346 3732 5422">
     <span class='ocr_line' id='line_1_117' title="bbox 2163 5346 3732 5422; baseline 0.006 -24"><span class='ocrx_word' id='word_1_833' title='bbox 2163 5346 2630 5417; x_wconf 80' lang='grc' dir='ltr'>διαπορουμένου,</span> <span class='ocrx_word' id='word_1_834' title='bbox 2673 5347 2792 5399; x_wconf 86' lang='grc' dir='ltr'>εἶτα</span> <span class='ocrx_word' id='word_1_835' title='bbox 2835 5351 2929 5400; x_wconf 82' lang='grc' dir='ltr'><strong>καί</strong></span> <span class='ocrx_word' id='word_1_836' title='bbox 2972 5365 3097 5402; x_wconf 91' lang='grc' dir='ltr'>τινα</span> <span class='ocrx_word' id='word_1_837' title='bbox 3140 5351 3397 5420; x_wconf 80' lang='grc' dir='ltr'>φωρᾶσαι</span> <span class='ocrx_word' id='word_1_838' title='bbox 3439 5351 3732 5422; x_wconf 80' lang='grc' dir='ltr'>ζητοῦντος</span> 
     </span>
    </p>
   </div>
   <div class='ocr_carea' id='block_1_118' title="bbox 2161 5436 3729 5513">
    <p class='ocr_par' dir='ltr' id='par_1_118' title="bbox 2161 5436 3729 5513">
     <span class='ocr_line' id='line_1_118' title="bbox 2161 5436 3729 5513; baseline 0.006 -23"><span class='ocrx_word' id='word_1_839' title='bbox 2161 5439 2364 5504; x_wconf 85' lang='grc' dir='ltr'>αἰτίαν,</span> <span class='ocrx_word' id='word_1_840' title='bbox 2398 5438 2470 5490; x_wconf 74' lang='grc' dir='ltr'>δι’</span> <span class='ocrx_word' id='word_1_841' title='bbox 2523 5438 2593 5508; x_wconf 72' lang='grc' dir='ltr'>ἣν</span> <span class='ocrx_word' id='word_1_842' title='bbox 2623 5436 2799 5502; x_wconf 75' lang='grc' dir='ltr'>οὕτως</span> <span class='ocrx_word' id='word_1_843' title='bbox 2843 5440 3102 5510; x_wconf 84' lang='grc' dir='ltr'>ἀστοχοίη</span> <span class='ocrx_word' id='word_1_844' title='bbox 3134 5443 3194 5493; x_wconf 79' lang='grc' dir='ltr'>τὸ</span> <span class='ocrx_word' id='word_1_845' title='bbox 3244 5444 3536 5512; x_wconf 78' lang='grc' dir='ltr'>φάρμακον</span> <span class='ocrx_word' id='word_1_846' title='bbox 3575 5445 3729 5513; x_wconf 82' lang='grc' dir='ltr'>(γόης</span> 
     </span>
    </p>
   </div>
   <div class='ocr_carea' id='block_1_119' title="bbox 2162 5530 3732 5604">
    <p class='ocr_par' dir='ltr' id='par_1_119' title="bbox 2162 5530 3732 5604">
     <span class='ocr_line' id='line_1_119' title="bbox 2162 5530 3732 5604; baseline 0.004 -24"><span class='ocrx_word' id='word_1_847' title='bbox 2162 5531 2273 5598; x_wconf 86' lang='grc' dir='ltr'>γὰρ</span> <span class='ocrx_word' id='word_1_848' title='bbox 2302 5531 2511 5592; x_wconf 77' lang='grc' dir='ltr'>ἐκεῖνος</span> <span class='ocrx_word' id='word_1_849' title='bbox 2537 5535 2633 5584; x_wconf 67' lang='grc' dir='ltr'>καὶ</span> <span class='ocrx_word' id='word_1_850' title='bbox 2658 5530 2726 5584; x_wconf 84' lang='grc' dir='ltr'>τὰ</span> <span class='ocrx_word' id='word_1_851' title='bbox 2755 5530 2982 5585; x_wconf 84' lang='grc' dir='ltr'>τοιαῦτα</span> <span class='ocrx_word' id='word_1_852' title='bbox 3020 5535 3317 5604; x_wconf 78' lang='grc' dir='ltr'>τεχνίτης),</span> <span class='ocrx_word' id='word_1_853' title='bbox 3354 5537 3501 5597; x_wconf 77' lang='grc' dir='ltr'><strong>ὅπως</strong></span> <span class='ocrx_word' id='word_1_854' title='bbox 3546 5553 3605 5588; x_wconf 89' lang='grc' dir='ltr'><strong>τε</strong></span> <span class='ocrx_word' id='word_1_855' title='bbox 3637 5537 3732 5586; x_wconf 71' lang='grc' dir='ltr'>καὶ</span> 
     </span>
    </p>
   </div>
   <div class='ocr_carea' id='block_1_120' title="bbox 2161 5621 3730 5696">
    <p class='ocr_par' dir='ltr' id='par_1_120' title="bbox 2161 5621 3730 5696">
     <span class='ocr_line' id='line_1_120' title="bbox 2161 5621 3730 5696; baseline 0.005 -25"><span class='ocrx_word' id='word_1_856' title='bbox 2161 5621 2282 5672; x_wconf 88' lang='grc' dir='ltr'>τίνα</span> <span class='ocrx_word' id='word_1_857' title='bbox 2311 5621 2514 5690; x_wconf 83' lang='grc' dir='ltr'>τρόπον</span> <span class='ocrx_word' id='word_1_858' title='bbox 2556 5621 2637 5683; x_wconf 75' lang='grc' dir='ltr'><strong>εἰς</strong></span> <span class='ocrx_word' id='word_1_859' title='bbox 2667 5621 2767 5692; x_wconf 79' lang='grc' dir='ltr'>τὴν</span> <span class='ocrx_word' id='word_1_860' title='bbox 2791 5623 2974 5675; x_wconf 87' lang='grc' dir='ltr'>οίκίαν</span> <span class='ocrx_word' id='word_1_861' title='bbox 3000 5623 3094 5676; x_wconf 83' lang='grc' dir='ltr'>τοῦ</span> <span class='ocrx_word' id='word_1_862' title='bbox 3123 5627 3412 5693; x_wconf 50' lang='grc' dir='ltr'>ςαρμὰκου</span> <span class='ocrx_word' id='word_1_863' title='bbox 3447 5628 3730 5696; x_wconf 77' lang='grc' dir='ltr'>μεταλαμ-</span> 
     </span>
    </p>
   </div>
   <div class='ocr_carea' id='block_1_121' title="bbox 2166 5709 3731 5782">
    <p class='ocr_par' dir='ltr' id='par_1_121' title="bbox 2166 5709 3731 5782">
     <span class='ocr_line' id='line_1_121' title="bbox 2166 5709 3731 5782; baseline 0.006 -23"><span class='ocrx_word' id='word_1_864' title='bbox 2166 5709 2317 5764; x_wconf 77' lang='grc' dir='ltr'>ϐάνοι</span> <span class='ocrx_word' id='word_1_865' title='bbox 2349 5710 2490 5763; x_wconf 74' lang='grc' dir='ltr'><strong>κατά</strong></span> <span class='ocrx_word' id='word_1_866' title='bbox 2535 5711 2700 5780; x_wconf 82' lang='grc' dir='ltr'>μέρος</span> <span class='ocrx_word' id='word_1_867' title='bbox 2729 5711 2936 5767; x_wconf 74' lang='grc' dir='ltr'>ἕκαστα</span> <span class='ocrx_word' id='word_1_868' title='bbox 2965 5713 3372 5769; x_wconf 68' lang='grc' dir='ltr'>διεπυνθάνετο.</span> <span class='ocrx_word' id='word_1_869' title='bbox 3409 5715 3493 5778; x_wconf 78' lang='grc' dir='ltr'><strong>Ὠς</strong></span> <span class='ocrx_word' id='word_1_870' title='bbox 3514 5716 3593 5782; x_wconf 80' lang='grc' dir='ltr'>δὲ,</span> <span class='ocrx_word' id='word_1_871' title='bbox 3628 5716 3731 5770; x_wconf 83' lang='grc' dir='ltr'><strong>Οὐ-</strong></span> 
     </span>
    </p>
   </div>
  </div>
