4120 6378
391 319 494 382 701

1516 318 1694 378 VITA
1737 322 1798 380 ὃ.
1843 317 2166 380 JOANNIS
2204 318 2482 381 EVANG.

3537 321 3645 384 702

390 439 480 492 δὲν
504 435 690 500 πλέον,
726 425 906 500 οῦτοέ,
939 435 1015 497 εἰς
1048 431 1146 504 τὴν
1169 434 1348 487 οἰκίαν
1379 435 1772 506 ἀφικνούμενος
1795 433 1964 504 πράτ-

2075 431 2208 486 {icus
2239 442 2359 488 erat
2406 441 2461 486 ct
2487 432 2799 504 ιιιιῇυνιιιυςιξ
2836 449 3015 486 rerum
3066 433 3306 499 artifex),
3339 451 3449 504 quo
3479 449 3640 507 pacto

391 545 564 598 τοιμι,
591 526 721 596 ἔφη,
751 525 892 596 πλὴν
917 527 1000 578 ὃτι
1021 525 1085 596 δὴ
1116 529 1182 596 τῇ
1221 527 1408 580 κύλικι
1436 527 1630 597 ἐγχέας
1654 528 1714 579 τὸ
1741 529 1964 596 φάρμα-

391 637 510 684 κον,
563 613 685 670 εἶτα
739 616 836 670 καὶ
903 616 1078 686 μικρὰ
1137 615 1402 681 ὀκλάσας,
1449 619 1544 669 καὶ
1597 619 1811 688 ἀγωνία
1864 619 1966 684 τὴν

392 710 623 781 καρδίαν
671 707 1028 771 διασεισθεὶς,
1069 705 1150 778 τῷ
1183 709 1280 762 τοῦ
1308 708 1552 780 σταυροῦ
1608 709 1845 778 σημείῳ,
1878 705 1966 762 οἷα

391 804 457 874 δὴ
488 801 734 872 συνήθως
759 801 1113 871 Χριστιανοίς
1143 802 1289 871 φιλεῖ
1315 802 1588 871 γίνεσθαι,
1615 803 1705 856 διὰ
1733 803 1832 873 τὴν
1857 803 1968 855 δει-

391 898 508 952 λίαν
543 896 642 966 τὴν
683 894 890 949 κύλικα
932 893 1401 965 σφραγισάμενος.
1463 895 1558 950 καὶ
1614 895 1792 966 μύσας
1843 894 1970 954 τοὺς

388 987 706 1058 ὀφθαλμοὺς
735 985 894 1040 τοῦτο
927 987 1167 1057 πίνοιμιο
1204 986 1280 1050 ὡς
1315 987 1475 1056 μόνον
1507 985 1747 1057 σταυροῦ
1774 986 1968 1056 κλῆσιν

393 1082 630 1134 ἐνταῦθα
658 1083 686 1135 ό
730 1079 985 1149 Ἑϐραῖος
1014 1079 1293 1146 ἀκούσειε,
1325 1085 1564 1149 συνῆκεν
1614 1079 1778 1141 εὐθὺς
1828 1079 1970 1148 ὅπερ

391 1169 482 1243 ἦν,
519 1173 610 1225 τὸν
646 1171 881 1242 σταυρὸν
911 1166 1054 1224 εἶναι
1089 1171 1179 1223 τὸν
1215 1171 1544 1240 ἀναιροῦντα
1597 1168 1693 1222 τοῦ
1746 1167 1971 1238 φαρμάο

393 1283 492 1318 κου
527 1263 627 1334 τὴν
653 1262 908 1332 δύναμιν.
942 1263 1062 1315 Ἵνα
1090 1263 1148 1316 δὲ
1184 1262 1259 1334 μὴ
1302 1262 1434 1333 ψιλὴ
1456 1262 1517 1316 τὸ
1544 1265 1777 1336 πρᾶγμα
1810 1265 1970 1332 μόνον

393 1355 664 1425 ὑπόληψις
781 1356 873 1407 καὶ
912 1353 1150 1418 πίστεως
1171 1355 1344 1409 δεῖταί
1382 1372 1549 1418 τινος.
1586 1355 1694 1408 Καί
1723 1372 1830 1408 τινι
1860 1354 1971 1409 τῶν

391 1446 570 1500 κυνῶν
594 1445 808 1498 ἐκείνου
842 1443 1112 1513 μεταδοὺς
1146 1442 1242 1497 τοῦ
1281 1443 1606 1514 φαρμάκου,
1635 1441 1828 1496 τοῦτον
1873 1442 1972 1511 μὲν

393 1537 614 1606 ἀναιρεῖ
659 1535 902 1589 αὐτίκαο
977 1535 1006 1588 ό
1061 1535 1312 1606 Ἐϐραῖος
1358 1535 1415 1587 δὲ
1468 1536 1666 1604 μηκέτι
1710 1533 1972 1587 πλειόνων

387 1625 608 1694 δεηθεὶς
639 1626 994 1690 ἀποδείξεων,
1047 1627 1147 1696 τὴν
1189 1627 1424 1696 πάτριον
1453 1625 1856 1696 ἐξομοσάμενος
1885 1625 1972 1679 αῖ-

395 1734 568 1788 ρεσιν,
599 1719 668 1786 τῇ
706 1715 940 1787 ἀληθείᾳ
973 1717 1353 1788 προστίθεται.
1396 1717 1507 1770 Καὶ
1531 1716 1691 1770 τοῦτο
1747 1716 1968 1785 πρῶτον

392 1811 614 1878 ἀναιρεῖ
670 1808 771 1878 τὴν
803 1808 1022 1877 ἀπάτην
1055 1847 1072 1874 ,
1123 1807 1221 1860 καὶ
1279 1807 1578 1878 φάρμακον
1619 1807 1695 1871 ὡς
1749 1806 1965 1876 ἀληθῶς

390 1901 604 1969 γίνεται
631 1901 710 1972 τῷ
739 1903 1068 1970 κεχρημένῳ
1097 1901 1304 1970 τρόπον
1329 1900 1541 1970 ἕτερον,
1568 1901 1667 1969 τῆς
1692 1901 1970 1971 προτέρας

387 1995 605 2048 ἐκείνου
645 1994 903 2064 γοητείας
936 1993 1106 2061 φανὲν
1135 1993 1490 2064 δηλητήριον,
1531 1996 1837 2064 τεκμήριον
1871 1996 1970 2063 τῆς

393 2086 700 2156 μεταϐολῆς
721 2086 926 2140 ἱκανόν.
959 2085 1220 2155 Πρόσεισι
1243 2084 1320 2154 τῷ
1338 2084 1432 2137 τοῦ
1458 2085 1696 2154 Χριστοῦ
1724 2083 1968 2156 μαθητῇ,

386 2179 466 2250 τῷ
495 2179 605 2232 τῶν
647 2179 1022 2249 πλανωμένων
1079 2176 1282 2247 ὁδηγῷ.
1326 2178 1406 2248 Τῇ
1453 2176 1820 2246 πολυφθόγγῳ
1872 2175 1968 2228 τοῦ

389 2273 711 2342 Πνεύματος
773 2273 1038 2339 σάλπιγγι
1093 2269 1446 2338 καταμηνύει
1494 2269 1594 2338 τὴν
1649 2268 1964 2337 ἐπιϐουλὴν,

387 2360 603 2430 ἐλέγχει
638 2361 739 2430 τὴν
783 2360 994 2424 ἄνοιαν,
1028 2358 1350 2430 δημοσιεύει
1388 2362 1448 2412 τὸ
1501 2360 1740 2429 πονηρὸν
1790 2360 1968 2411 έκεῖνο

390 2451 716 2522 μυστήριον,
764 2449 1096 2521 θριαμϐεύει
1147 2450 1247 2520 τὴν
1296 2451 1394 2520 τῆς
1444 2450 1718 2520 προτέρας
1750 2451 1968 2520 ἀπάτης

386 2539 696 2595 ἀσθένειαν.
766 2541 826 2593 '0
857 2539 914 2592 δὲ
949 2543 1046 2593 καὶ
1079 2540 1296 2610 δέχεται
1346 2540 1662 2608 προσιόντα,
1720 2541 1814 2591 καὶ
1870 2541 1967 2608 τὴν

391 2631 687 2700 μετάνοιαν
741 2632 979 2696 ἐπαινεῖ,
1043 2632 1138 2684 καὶ
1193 2631 1588 2700 παραινέσεσιν
1649 2629 1815 2683 αὐτὸν
1867 2632 1966 2682 καὶ

388 2723 721 2793 συμϐουλαῖς
746 2722 1130 2793 ἀσφαλίζεται.
1171 2719 1306 2776 Εἶτα
1326 2724 1421 2776 καὶ
1445 2724 1722 2794 ἀναγεννᾷ
1751 2723 1840 2776 διὰ
1867 2722 1964 2777 τοῦ

388 2820 786 2890 βαπτίσματος,
815 2818 911 2872 καὶ
935 2817 1015 2889 τῷ
1045 2819 1152 2871 τῶν
1181 2819 1320 2872 ὅλων
1354 2816 1653 2871 οἰκειοῦται
1694 2819 1961 2889 Δεσπότῃ.

387 2911 553 2966 Ἀλλά
583 2913 692 2983 μὴν
729 2911 852 2965 οὐδὲ
879 2911 976 2966 τὸν
999 2911 1080 2980 τῷ
1119 2911 1357 2984 Ἑϐραίῳ
1390 2913 1486 2982 τῆς
1538 2910 1845 2982 μεταϐολῆς
1874 2911 1964 2964 αἰ-

389 3023 505 3058 τιον
538 3007 566 3058 ό
589 3005 686 3075 τῆς
720 3005 910 3076 κοινῆς
963 3004 1250 3075 οἰκονόμος
1291 3006 1570 3075 σωτηρίας
1598 3003 1741 3058 οὕτω
1774 3005 1962 3069 κακῶς

2069 531 2125 576 et
2155 523 2206 577 in
2241 539 2404 592 quem
2435 524 2654 578 modum
2689 526 2777 577 tibi
2819 525 3044 578 domum
3075 525 3331 582 rediisset
3360 543 3639 585 venenum

2069 615 2367 683 acciperet,
2422 617 2674 670 minutiin
2733 633 2830 686 per
2860 617 3074 686 singula
3107 617 3504 690 interrogabat.
3541 620 3640 678 llic

2069 714 2255 758 autem
2289 704 2500 769 :Nihil,
2558 707 2758 775 inquit,
2789 707 2936 761 aliud
2978 723 3080 778 ago
3125 709 3348 764 domum
3392 713 3642 779 veniens,

2069 813 2232 867 quattt
2262 797 2408 866 quod
2444 799 2623 853 infuso
2648 800 2847 854 crateri
2871 815 3102 865 veneno,
3131 801 3330 857 deinde
3353 805 3637 872 paululum

2070 888 2241 942 etiam
2297 890 2680 956 labefactatus,
2735 901 2791 946 et
2835 893 3111 948 anxietate
3170 895 3224 948 in
3281 896 3448 951 corde
3503 914 3639 951 con-

2071 994 2290 1045 cussus,
2324 981 2505 1035 erucis
2531 981 2708 1051 signo,
2744 989 2801 1035 ut
2831 984 2975 1052 quod
3001 999 3030 1037 a
3054 984 3384 1041 Christianis
3415 1003 3479 1043 ex
3511 1004 3644 1044 con-

2070 1073 2363 1128 suetudine
2397 1073 2515 1128 ﬁeri
2548 1075 2707 1136 solet,
2745 1087 2968 1145 propter
3005 1079 3256 1134 timorem
3291 1081 3462 1135 calice
3497 1083 3644 1137 obsi-

2071 1175 2256 1236 gnato,
2289 1167 2465 1222 oculis
2500 1169 2703 1222 clausis
2728 1167 2860 1222 illud
2895 1169 3044 1224 bibo.
3072 1170 3174 1226 Ubi
3197 1174 3434 1240 primum
3464 1175 3646 1229 crucis

2072 1272 2274 1312 nomen
2304 1259 2396 1313 hic
2415 1261 2659 1314 audisset
2691 1259 2968 1326 Hebraeus,
2999 1262 3268 1319 intellexit
3291 1266 3471 1320 statim
3498 1268 3643 1336 quod

2070 1359 2210 1415 erat,
2244 1366 2440 1421 nempe
2469 1365 2686 1406 crucem
2714 1367 2834 1407 esse
2870 1368 2991 1423 quae
3035 1354 3142 1408 vim
3181 1357 3396 1412 tolleret
3422 1360 3642 1414 veneni.

2073 1439 2245 1494 Porro
2303 1457 2368 1495 ne
2416 1457 2504 1497 res
2565 1442 2720 1497 nudae
2781 1445 2958 1498 solum
3023 1443 3258 1501 bicreret
3315 1449 3643 1518 suspicioni,

2072 1531 2363 1600 quamdam
2394 1534 2560 1588 etiam
2593 1535 2829 1604 requirit
2856 1535 3019 1590 iidem
3045 1553 3059 1588 :
3097 1536 3313 1592 cuidam
3347 1538 3496 1595 illius
3521 1541 3642 1596 cani

2075 1621 2275 1675 tradito
2305 1637 2538 1687 veneno,
2574 1623 2724 1679 hunc
2761 1627 3022 1694 protinus
3054 1627 3345 1683 interimit.
3380 1626 3644 1686 Hebraeus

2078 1725 2262 1768 autem
2296 1713 2476 1770 nullas
2506 1715 2743 1785 amplius
2789 1717 3079 1786 requirens
3117 1718 3643 1784 demonstrationes,

2075 1807 2323 1876 abjurata
2354 1808 2529 1877 patria
2561 1817 2711 1864 secta
2751 1809 2818 1863 ad
2867 1808 3157 1864 veritatem
3187 1811 3422 1865 accedit.
3477 1812 3643 1882 quue

2072 1897 2308 1965 primum
2356 1897 2498 1952 tollit
2543 1913 2814 1964 errorem,
2858 1909 2913 1954 et
2960 1915 3233 1955 venenum
3293 1902 3344 1956 ei
3392 1903 3488 1972 qui
3534 1903 3644 1957 alio

2074 1987 2236 2042 modo
2269 2003 2401 2043 usus
2447 1989 2648 2054 fuerat,
2699 2005 2829 2045 vere
2863 1990 3208 2045 mortiferum
3241 2001 3525 2048 ostensum
3559 2003 3647 2048 est

2071 2081 2276 2150 prioris
2316 2081 2568 2137 veneﬁcii
2628 2082 2823 2153 ipsius,
2880 2084 3094 2153 signum
3145 2087 3470 2141 mutationis
3523 2087 3642 2142 idoo

2072 2189 2258 2227 neum.
2290 2174 2514 2230 Accedit
2563 2175 2630 2230 ad
2682 2175 2884 2231 Christi
2934 2177 3292 2246 discipulum,
3325 2179 3523 2234 ducem
3556 2196 3645 2234 er-

2070 2265 2332 2319 rantium.
2357 2266 2529 2322 Tuba)
2553 2269 2829 2322 variarum
2849 2268 3079 2338 spiritus
3104 2270 3410 2340 linguarum
3445 2275 3645 2328 mentis

2069 2370 2394 2430 conceptum
2443 2361 2670 2428 indicat,
2719 2364 2904 2433 arguit
2947 2364 3342 2433 insipientiam.
3395 2365 3645 2420 Publicat

2070 2467 2294 2520 pravum
2329 2452 2461 2507 illud
2488 2455 2839 2523 mysterium,
2867 2457 3182 2512 manifestat
3207 2457 3409 2526 prioris
3439 2459 3646 2514 erroris

2070 2543 2575 2600 insensibilitatem.
2609 2548 2778 2602 l’orro
2818 2549 2908 2603 ille
2935 2557 2991 2604 et
3024 2551 3378 2604 accedentem
3410 2552 3644 2620 suscipit

2066 2647 2122 2691 et
2144 2637 2331 2691 laudat
2356 2639 2820 2708 resipiscentiam,
2845 2641 3137 2712 ipsumque
3159 2643 3642 2699 adhortationibus

2067 2728 2245 2782 munit
2274 2744 2338 2783 ac
2371 2731 2642 2786 consiliis.
2683 2732 2890 2788 Deinde
2936 2742 2994 2789 et
3032 2735 3361 2804 baptismate
3411 2750 3642 2805 regene-

2065 2830 2172 2888 rat,
2207 2832 2258 2876 et
2285 2823 2666 2880 universorum
2707 2825 2942 2880 Domino
2977 2825 3256 2882 conciliat.
3305 2828 3508 2882 Verum
3542 2842 3643 2882 tte-

2065 2928 2171 2982 que
2197 2917 2507 2969 communis
2532 2916 2726 2971 salutis
2756 2917 3104 2987 dispensator
3133 2936 3257 2976 eum
3285 2921 3376 2991 qui
3416 2919 3643 2976 Hebraeo

2069 3003 2248 3060 fuerat
2276 3005 2492 3060 occasio
2521 3007 2865 3072 mutationis,
2923 3009 2994 3064 ita
3027 3011 3167 3068 male
3218 3011 3509 3068 habentem
3545 3028 3646 3069 ne-

387 3098 587 3167 ιχοντα
614 3095 912 3166 περιεῖδεν*
979 3096 1116 3151 ἀλλά
1149 3097 1250 3170 τὴν
1280 3097 1463 3151 αἰτίαν
1495 3095 1683 3166 μαθὼν
1711 3097 1831 3168 ἥτις
1864 3099 1963 3152 αὺ-

2068 3097 2231 3170 glexit
2259 3116 2274 3153 :
2305 3099 2400 3153 sed
2435 3115 2598 3154 causa
2625 3103 2838 3170 cognita
2864 3118 2985 3172 quae
3013 3102 3191 3172 ipsum
3223 3105 3290 3159 ad
3325 3103 3377 3158 id
3410 3105 3640 3175 periculi

385 3189 482 3242 τὸν
517 3192 596 3253 εἰς
627 3188 790 3242 τοῦτο
837 3188 1086 3242 κινδύνου
1117 3188 1318 3261 ἤγαγε,
1350 3191 1445 3242 καὶ
1475 3190 1542 3242 δι’
1573 3190 1642 3259 ἢν
1687 3187 1832 3242 ἑκὼν
1866 3191 1964 3242 καὶ

390 3282 564 3352 αὐτῆς
595 3281 795 3345 ἀθλίως
819 3282 1264 3355 ἀποστερηθῆναι
1285 3282 1386 3352 τῆς
1423 3283 1567 3350 ζωῆς
1601 3281 1820 3350 ἔμελλε,
1851 3298 1959 3334 rra-

339 3375 351 3389 '
388 3379 608 3447 τρικαῖς
631 3393 690 3429 τε
713 3376 875 3429 αὐτὸν
903 3375 1144 3446 ὁμιλίαις
1191 3376 1591 3445 ἀναλαμϐάνει,
1642 3377 1740 3429 καὶ
1791 3392 1960 3428 κατα-

392 3467 669 3523 πεσοῦσαν
697 3468 801 3539 ήδη
831 3467 928 3537 τὴν
963 3467 1174 3520 ἐκείνου
1216 3468 1394 3538 ψυχὴν
1430 3467 1673 3536 ἀνορθοῖ,
1732 3470 1822 3520 καὶ
1865 3467 1964 3537 τὴν

391 3561 635 3630 ἀθυμίαν
655 3557 906 3612 ἐκϐάλλει
948 3561 1043 3612 καὶ
1075 3560 1174 3628 τὴν
1199 3559 1534 3626 ἀπόγνωσιν.
1575 3553 1712 3610 Εἶτα
1742 3557 1838 3610 καὶ
1865 3557 1963 3626 τὴν

388 3656 480 3708 διὰ
513 3654 624 3706 τῶν
650 3653 828 3723 ἔργων
849 3653 1049 3719 ἐπάγει
1079 3650 1452 3720 παράκλησιν,
1490 3649 1832 3719 ἐργάσασθαι
1870 3653 1963 3702 καὶ

394 3745 554 3798 τοῦτο
609 3745 836 3806 δυνατὸς
867 3743 965 3797 ὥν.
998 3743 1218 3811 Ἐπειδὴ
1253 3743 1358 3813 γὰρ
1403 3743 1470 3811 τῇ
1503 3757 1563 3792 τε
1614 3741 1724 3793 τῶν
1786 3741 1964 3810 χρεῶν

391 3841 711 3909 ἀπαιτήσει,
745 3838 838 3890 καὶ
864 3839 929 3907 τῇ
954 3835 1064 3888 τῶν
1089 3837 1406 3902 ἀναγκαίων
1437 3833 1614 3905 ἐνδείᾳ
1637 3832 1962 3904 πιεζόμενον

400 3933 570 3986 αὑτὸν
603 3927 736 3992 εἶδε,
767 3929 864 3984 καὶ
891 3929 980 3984 διὰ
1016 3926 1182 3981 τοῦτο
1209 3928 1304 3980 καὶ
1356 3927 1528 3996 αὐτὴν
1557 3925 1758 3988 ἀθλίως
1791 3945 1961 3980 καταο

400 4027 730 4096 προϊέμενον
755 4024 855 4093 τὴν
887 4021 1054 4092 ζωὴν,
1092 4021 1144 4074 τί
1180 4022 1361 4079 ποιεῖς
1396 4019 1504 4072 Καὶ
1567 4019 1821 4071 σκοπείτέ
1875 4036 1964 4088 μοι

389 4119 626 4172 ἐνταῦθα
663 4117 866 4170 ὁποίων
915 4116 1125 4176 ἐκεῖνος
1175 4114 1286 4167 τῶν
1337 4114 1700 4184 χαρισμάτων
1729 4113 1956 4182 ἠξίωτο.

307 4202 322 4208 ’
392 4213 573 4282 Ὅπερ
599 4211 712 4280 γὰρ
748 4209 865 4279 μετ’
909 4206 1076 4260 αὐτοῦ
1109 4205 1376 4277 πρότερον
1401 4209 1429 4260 ὁ
1458 4207 1664 4276 Πέτρος
1697 4206 1758 4258 τὸ
1812 4207 1960 4276 ἱερὸν

391 4301 577 4356 εἰσιὼν
610 4301 753 4355 κατά
777 4299 876 4370 τὴν
919 4298 1072 4370 ὥραν
1100 4299 1198 4366 τῆς
1231 4298 1546 4369 προσευχῆς
1582 4298 1682 4367 τὴν
1709 4299 1958 4368 ὲννάτην,

391 4389 425 4468 ᾗ
459 4393 676 4464 φησινό
709 4393 948 4454 Λουκᾶς,
983 4389 1079 4442 ἐπὶ
1130 4388 1222 4442 τοῦ
1252 4389 1564 4458 καθημένου
1594 4389 1746 4458 παρά
1773 4392 1838 4460 τῇ
1882 4389 1958 4443 ὼ-

2067 3189 2316 3255 duxerat,
2366 3201 2422 3246 et
2467 3202 2692 3262 propter
2742 3209 2904 3263 quant
2963 3196 3104 3249 ultro
3160 3197 3385 3265 propria
3422 3213 3642 3268 quoque

2067 3283 2176 3336 vita
2209 3285 2406 3338 misere
2435 3283 2732 3353 privandus
2753 3295 2893 3350 erat,
2925 3295 2981 3341 et
3007 3289 3248 3356 paternis
3284 3289 3460 3357 ipsum
3493 3289 3642 3344 refo-

2067 3382 2158 3428 vet
2189 3374 2498 3443 colloquiis,
2529 3385 2586 3429 et
2613 3374 2759 3429 illius
2783 3375 3044 3440 animam,
3076 3392 3199 3447 quae
3235 3377 3345 3448 jam
3379 3379 3639 3433 concide—

2067 3475 2172 3526 rat,
2204 3465 2384 3536 erigit,
2420 3480 2484 3520 ac
2515 3466 2793 3523 tristitiam
2845 3476 2902 3522 et
2927 3469 3367 3537 desperationem
3422 3472 3634 3542 abjicit.

2068 3554 2272 3610 Deinde
2304 3570 2470 3625 opere
2501 3557 2667 3612 etiam
2708 3557 2866 3612 affert
2899 3558 3352 3624 consolationem,
3390 3562 3640 3632 quando-

2066 3647 2290 3714 quidem
2340 3658 2393 3700 et
2429 3647 2533 3701 huc
2585 3659 2805 3717 poterat
2837 3650 3070 3705 edicere.
3109 3651 3378 3717 Quoniam
3411 3653 3557 3707 enim
3585 3663 3642 3708 et

2066 3739 2376 3793 debitorum
2406 3741 2733 3808 repetitione
2754 3751 2809 3796 et
2843 3753 3026 3796 rerum
3056 3746 3488 3799 necessariarum
3516 3746 3639 3800 ino-

2018 3839 2023 3844 ‘
2066 3832 2153 3898 pia
2203 3847 2526 3901 oppressum
2571 3833 2722 3887 illum
2763 3834 2920 3897 vidit,
2951 3843 3007 3890 et
3032 3835 3102 3889 ob
3152 3837 3204 3890 id
3259 3837 3430 3906 ipsam
3468 3838 3636 3892 vitam

2068 3923 2267 3979 misere
2303 3923 2676 3994 abjicientem,
2733 3927 2864 3994 qttid
2899 3926 3068 3981 facit?
3113 3928 3291 3996 Atque
3330 3929 3454 3982 hinc
3503 3929 3636 3982 mihi

2067 4014 2413 4070 considerate
2445 4015 2647 4085 quibus
2691 4015 2853 4071 donis
2883 4017 2972 4071 ille
2999 4017 3222 4072 dotatus
3250 4017 3452 4072 fuerat.
3479 4019 3636 4084 Quod

2069 4109 2216 4162 enim
2246 4115 2408 4162 antea
2437 4106 2636 4162 Petrus
2669 4122 2794 4161 cum
2832 4108 2951 4175 ipso
2986 4108 3248 4176 templum
3287 4109 3639 4178 ingressurus

2067 4196 2138 4252 ad
2169 4197 2359 4252 horam
2407 4196 2745 4267 precationis
2776 4212 3000 4260 nonam,
3042 4211 3176 4266 qua,
3214 4205 3273 4250 ut
3306 4197 3486 4267 inquit
3528 4199 3639 4253 Lu-

2067 4307 2184 4356 cas,
2223 4305 2358 4345 usus
2387 4298 2473 4346 est
2516 4289 2572 4344 in
2618 4290 2815 4344 claudo
2846 4290 2938 4358 qui
2971 4288 3038 4344 ad
3087 4288 3400 4360 Speciosam
3449 4291 3638 4361 templi

2069 4389 2282 4451 portam
2316 4379 2546 4436 sedebat
2579 4395 2645 4434 ac
2689 4381 3094 4450 eleemosynam
3129 4381 3371 4451 petebat,
3403 4383 3592 4439 dicens
3623 4400 3639 4439 :

396 4463 535 4558 pato.
557 4485 702 4552 πύλῃ
729 4481 930 4553 χωλοῦ,
966 4481 1058 4535 καὶ
1099 4479 1475 4550 ἐλεημοσύνην
1512 4479 1812 4544 αἰτοῦντος,
1846 4482 1956 4552 εἰρ-

2067 4475 2354 4544 Argentum
2389 4482 2437 4526 et
2467 4491 2660 4527 aurum
2688 4490 2792 4528 non
2823 4482 2897 4526 est
2930 4475 3075 4537 milii,
3102 4476 3240 4543 quod
3271 4485 3446 4529 autem
3477 4477 3640 4530 habeo

390 4579 635 4647 γάσατο,
678 4571 1048 4645 Ἀργύριονῆ
1082 4571 1364 4642 χρυσίον,
1397 4571 1588 4637 εἰπὼν,
1619 4575 1733 4640 οὐχ
1775 4572 1964 4640 ὐπὰρ.

392 4688 485 4741 χει
501 4687 625 4739 μοι,
653 4669 683 4722 ὃ
714 4670 770 4722 δὲ
799 4665 936 4736 εἶχε,
963 4665 1120 4720 τοῦτο
1147 4666 1290 4728 δοὺς,
1321 4665 1413 4718 καὶ
1456 4665 1579 4728 δοὺς
1611 4665 1776 4728 πόδας
1813 4665 1962 4734 αύτῷ

390 4762 655 4831 ὑγιὼσας,
686 4759 846 4813 τοῦτο
876 4759 1014 4827 δῆτα
1042 4759 1183 4810 ποιεῖ
1207 4759 1304 4810 καὶ
1326 4751 1481 4820 οὗτος
1513 4756 1767 4809 ἐνταῦθα.
1795 4756 1962 4820 Εἰδὼς

392 4858 526 4928 γὰρ,
561 4855 636 4918 ὡς
669 4853 825 4907 οῦδὲν
877 4851 991 4916 οὔτ’
1027 4851 1294 4922 ἀργυρίου
1348 4847 1520 4918 αὐτῷ,
1571 4847 1694 4900 οὔτε
1739 4849 1962 4918 χρυσίου

393 4948 698 5018 περίεστιν,
760 4943 829 4998 ἵν’
861 4941 1111 4996 ἐντεῦθεν
1173 4942 1272 5013 τὴν
1327 4940 1535 4993 ἐκείνου
1585 4942 1685 5010 τῆς
1731 4939 1963 5012 ἀπορίας

394 5037 642 5104 ἀνάγκην
670 5032 1150 5104 παραμυθήσαιτο.
1169 5029 1262 5083 τοῦ
1293 5031 1704 5100 παρακειμένου
1739 5031 1964 5100 πλησίον

395 5128 612 5198 χόρτου,
649 5127 772 5180 ὅσον
795 5124 1135 5194 ἀμφοτέραις
1170 5122 1490 5193 περιλαϐεῖν
1521 5122 1766 5186 δυνατὸν,
1797 5137 1967 5174 κατα-

397 5221 549 5290 σχεῖν
595 5217 817 5272 έκέλευε
859 5215 936 5285 τῷ
972 5213 1268 5284 ἀνθρώπῳ.
1295 5211 1404 5264 Τοῦ
1441 5213 1519 5279 δὲ,
1560 5212 1660 5283 τὴν
1690 5211 1873 5266 αἰτίαν
1908 5228 1965 5265 τε

393 5321 518 5390 ἣτις
559 5321 669 5392 εἰη,
726 5317 824 5373 καὶ
879 5319 907 5371 ὃ
933 5333 987 5370 τι
1037 5313 1170 5368 ποτὲ
1215 5309 1294 5380 τῷ
1319 5308 1602 5376 ἀποστόλῳ
1629 5305 1690 5358 τὸ
1732 5305 1964 5375 πρᾶγμα

394 5409 646 5480 βούλεται
674 5407 1016 5478 ἀγνοοῦντος,
1042 5405 1137 5457 καὶ
1159 5403 1352 5474 χόρτον
1375 5403 1502 5454 ὅσον
1525 5397 1676 5460 ὅλαις
1699 5395 1964 5460 ἐξικνεῖτο

391 5504 674 5572 παλάμαις
694 5497 1101 5572 περιλαϐόντος,
1120 5497 1250 5565 εὐχῇ
1277 5495 1439 5564 μόνον
1459 5493 1661 5549 ἐκεί-ιο,
1691 5489 1784 5540 καὶ
1805 5487 1961 5556 τύπῳ

393 5595 629 5668 σταυροῦ
652 5595 892 5666 ἀμείϐει,
935 5594 1029 5646 καὶ
1057 5590 1259 5662 χρυσον
1287 5585 1489 5640 αὐτίκα
1506 5582 1598 5636 τὸν
1627 5581 1956 5651 συλληφθέν-

468 5783 504 5813 ¹¹
543 5783 660 5836 Act.
690 5797 764 5848 ιιι,
804 5781 823 5834 Ι
864 5794 1012 5848 seqq.

2060 4567 2156 4620 hoc
2171 4565 2265 4619 tibi
2285 4564 2598 4628 do",simul
2631 4572 2684 4619 et
2714 4565 2882 4634 pedes
2904 4565 3004 4634 ipsi
3036 4580 3200 4618 sanos
3237 4565 3510 4620 reddens:
3539 4569 3641 4622 hoc

2062 4673 2194 4713 sane
2237 4667 2294 4712 et
2349 4659 2452 4713 iste
2497 4657 2587 4712 hic
2636 4657 2786 4712 facit.
2834 4656 3024 4712 Sciens
3054 4659 3199 4713 enim
3234 4658 3372 4712 nihil
3409 4659 3514 4714 sibi
3547 4677 3638 4713 ar-

2063 4749 2211 4819 genti
2235 4763 2357 4804 esse
2385 4749 2469 4804 vel
2502 4749 2644 4813 auri,
2682 4758 2742 4803 ut
2777 4749 2904 4802 ltinc
2933 4750 3078 4803 illius
3108 4749 3421 4818 indigentia:
3448 4764 3640 4803 neces-

2065 4842 2282 4896 sitatem
2317 4840 2591 4896 consolari
2631 4848 2838 4908 posset,
2895 4839 3079 4893 herba:
3123 4855 3244 4908 qua:
3291 4840 3344 4892 in
3388 4839 3637 4906 proximo

2067 4943 2188 4988 erat
2237 4943 2504 5001 quantum
2551 4931 2820 4984 ambabus
2868 4929 3121 4984 manibus
3169 4928 3638 4997 comprehendere

2063 5036 2249 5092 posset
2276 5026 2440 5096 jussit
2468 5023 2677 5079 homini
2721 5022 2993 5091 accipere.
3033 5021 3123 5075 Ille
3155 5035 3287 5075 vero
3317 5035 3442 5074 cum
3473 5018 3629 5088 igno-

2064 5124 2212 5169 raret
2247 5131 2490 5185 quaenam
2523 5122 2672 5169 esset
2705 5128 2892 5176 causa,
2924 5121 2982 5166 et
3009 5111 3270 5181 quidnam
3307 5111 3408 5166 hac
3441 5126 3499 5164 re
3523 5111 3630 5164 sibi

2065 5209 2229 5262 vellet
2258 5206 2560 5276 apostolus,
2595 5220 2658 5260 ac
2681 5205 2904 5259 herbam
2935 5213 3198 5274 quantum
3232 5201 3361 5258 totis
3383 5202 3635 5256 manibus

2063 5299 2464 5369 assequebatur
2495 5295 3028 5366 comprehendisset,
3053 5296 3167 5366 ipse
3195 5295 3334 5348 facta
3365 5295 3632 5348 duntaxat

2062 5393 2309 5447 oratione
2341 5408 2403 5446 ac
2434 5392 2592 5460 signo
2622 5392 2826 5453 crucis,
2859 5389 3032 5458 ipsam
3083 5387 3342 5454 restituit,
3377 5396 3434 5441 et
3460 5387 3637 5456 proti-

2064 5502 2169 5539 nus
2202 5493 2512 5553 correptam
2571 5482 2800 5536 herbam
2833 5496 3029 5534 aurum
3079 5496 3202 5533 esse
3237 5478 3499 5540 ostendit,
3534 5493 3635 5530 au-

2066 5593 2294 5646 rumque
2328 5574 2681 5645 purissimum
2711 5590 2725 5626 :
2755 5582 2918 5640 atque
2951 5573 3096 5625 hunc
3130 5570 3416 5626 confestim
3442 5569 3636 5623 tollere
