4120 6378
442 307 551 371 703

1707 302 1994 362 MENSIS
2035 298 2466 360 DECEMBEll.

3611 291 3715 353 704

439 422 627 493 jussit,
668 421 944 489 simulque
968 428 1025 474 et
1053 419 1271 474 consilii
1310 420 1549 489 inopiam
1585 434 1649 474 ac
1682 418 2024 488 desperatio-

2131 432 2192 467 τα
2235 412 2428 484 χόρτον
2484 409 2746 474 δεικνύει,
2790 407 2883 460 καὶ
2925 407 3126 477 χρυσδν
3158 405 3577 477 καθαρώτατον,
3613 411 3712 461 καὶ

444 528 572 568 nem
607 528 670 567 ex
707 512 964 582 praesenti
1016 519 1259 581 egestate
1314 521 1657 567 contractam
1694 511 2024 576 dissolvere,

441 612 499 658 et
545 601 729 656 debita
771 600 1025 664 reddere,
1077 615 1142 655 ac
1194 601 1429 655 residuae
1473 602 1599 657 vitae
1642 601 2029 657 occasionibus

443 694 756 763 providere,
816 695 1038 762 Deoque
1092 695 1396 764 gratiarum
1452 698 1706 749 actiones
1772 694 2024 748 reddere.

443 785 583 852 Quid
619 786 787 855 igitur
818 786 935 840 fieri
972 795 1159 855 posset
1181 787 1327 857 quod
1360 787 1488 840 huic
1516 797 1829 857 aequaretur
1862 788 2028 840 mira-

441 878 601 932 culo?
631 878 915 948 Siquidem
958 879 1011 933 in
1065 882 1253 949 templi
1303 881 1533 934 introitu
1589 879 1775 933 forsan
1823 888 1879 934 et
1932 878 2026 933 hic

442 971 851 1039 quodammodo
900 971 1085 1026 fuerat
1115 973 1278 1027 Petro
1307 973 1534 1038 auxilio,
1565 982 1623 1026 et
1652 970 2027 1026 abundantio-

443 1079 559 1118 rem
600 1063 765 1118 ambo
787 1063 1030 1133 Spiritus
1057 1066 1287 1135 gratiam
1318 1065 1752 1134 postulaverant.
1792 1063 1889 1118 llic
1921 1079 2023 1118 au-

445 1165 553 1211 tem
588 1156 758 1212 solam
784 1157 1015 1213 Joannis
1042 1160 1151 1211 vim
1177 1173 1242 1212 ac
1271 1158 1655 1216 fortitudinem
1686 1168 1768 1211 est
1794 1157 2020 1222 intueri,

442 1257 757 1318 quantaque
781 1265 909 1319 erga
940 1250 1111 1305 Deum
1141 1249 1372 1304 soiritus
1405 1250 1779 1305 familiaritate
1816 1249 2022 1304 ditatus

340 1354 347 1361 ·
443 1338 534 1392 sit.

515 1515 628 1569 VII.
673 1514 779 1569 Sed
822 1516 936 1571 lucc
982 1516 1207 1585 quidem
1239 1515 1535 1571 exhibebat
1587 1516 1717 1571 dum
1750 1518 1933 1574 adhuc
1968 1519 2023 1575 in

444 1617 589 1660 terra
642 1617 1089 1670 conversaretur,
1141 1622 1363 1663 errores
1415 1608 1666 1679 abigens,
1702 1618 1758 1663 et
1804 1611 2026 1680 pietatis

446 1698 890 1766 praedicationem
918 1699 1307 1764 disseminatus,
1331 1716 1396 1755 ac
1415 1715 1684 1756 revocans
1710 1703 2020 1757 veritatem.

2131 506 2322 558 τοῦτον
2350 501 2636 557 ἀνελέσθαι
2658 516 2718 553 τε
2747 496 2952 558 εὐθέως
2980 497 3258 557 ἐκέλευσε,
3288 497 3383 547 καὶ
3413 495 3549 563 ὁμοῦ
3612 495 3711 563 μὲν

2132 596 2231 667 τὴν
2263 597 2327 648 ὲκ
2357 593 2455 662 τῆς
2503 590 2792 661 παρούσης
2824 588 3039 651 ἐνδείας
3081 586 3397 657 ἀμηχανίαν
3425 585 3705 649 διαλῦσαι,

2128 687 2264 754 ὁμοῦ
2300 686 2361 738 δὲ
2414 685 2484 738 τὰ
2535 684 2672 754 χρέα
2726 683 2964 745 ὶκτῖσαι,
3004 682 3100 734 καὶ
3146 679 3405 749 ἀφορμάς
3453 678 3705 730 ἐντεῦθεν

2128 779 2222 831 τοῦ
2254 778 2448 830 λοιποῦ
2476 776 2594 845 βίου
2637 777 2988 842 συναγαγεῖν,
3027 773 3122 825 καὶ
3152 768 3448 825 ἀποδοῦναι
3490 771 3613 838 Θεῷ
3642 775 3709 824 τά

2130 872 2551 942 εὐχαριστήρια.
2591 868 2656 921 Τί
2688 868 2866 920 τοίνυν
2897 864 3099 933 γένοιτ’
3145 863 3213 916 ἂν
3235 863 3425 917 τούτου
3453 861 3548 915 τοῦ
3573 861 3710 915 θαύ-

2132 983 2302 1037 ματος
2329 966 2444 1017 ἴσον
2472 978 2486 1027 ;
2520 964 2578 1014 ὲν
2618 962 2715 1031 μὲν
2737 960 2848 1028 γὰρ
2880 962 2946 1028 τῇ
2987 955 3080 1009 τοῦ
3126 957 3274 1025 ἱεροῦ
3320 954 3535 1024 εἰσόδῳ,
3568 955 3711 1024 τάχα

2125 1075 2179 1110 τι
2211 1056 2309 1110 καὶ
2341 1050 2494 1117 οὗτος
2524 1051 2602 1120 τῷ
2639 1052 2829 1119 Πέτρῳ
2858 1046 3139 1109 συνέλαϐε,
3196 1043 3293 1099 καὶ
3319 1044 3714 1112 δαψιλεστέραν

2127 1148 2433 1218 ἀμφότεροι
2467 1144 2561 1196 τοῦ
2598 1141 2917 1209 Πνεύματος
2962 1137 3232 1190 ἐκάλεσαν
3264 1135 3364 1204 τὴν
3392 1133 3702 1203 ὶνέργειανο

2125 1240 2355 1294 ἐνταῦθα
2399 1237 2454 1291 δὲ
2508 1236 2678 1305 μόνην
2743 1233 2894 1286 ἐστιν
2924 1230 3055 1283 ίδεῑν
3085 1228 3181 1299 τὴν
3224 1227 3483 1282 Ἰωάννου
3534 1227 3712 1296 ἰσχὺν,

2126 1333 2221 1386 καὶ
2272 1332 2409 1399 ὅσην
2458 1330 2597 1399 πρὸς
2650 1325 2787 1379 Θεὸν
2832 1317 2987 1385 οὗτος
3036 1319 3293 1374 ἐπλούτει
3344 1319 3444 1391 τὴν
3494 1318 3714 1372 οἰκείω-

2131 1440 2239 1476 σιν.

2201 1515 2277 1570 Z'.
2312 1514 2475 1568 Ἀλλὰ
2493 1512 2669 1568 ταῦτα
2692 1513 2789 1582 μὲν
2812 1512 2894 1565 ἔτι
2913 1511 3045 1581 περὶ
3066 1510 3168 1581 γῆν
3191 1509 3556 1578 στρεφόμενος
3580 1508 3713 1561 ἐπε-

2125 1610 2400 1671 δείκνυτο,
2439 1606 2540 1677 τὴν
2575 1605 2796 1669 ἀπάτην
2823 1601 3166 1666 ἀπελαύνων,
3193 1601 3289 1655 καὶ
3318 1601 3378 1654 τὸ
3418 1601 3517 1670 τῆς
3547 1601 3706 1653 εὐσε-

2126 1702 2279 1761 ϐείας
2324 1700 2593 1767 κήρυγμα
2642 1695 3057 1765 κατασπείρων,
3110 1693 3206 1747 καὶ
3270 1691 3714 1759 ἀνακαλούμενος

446 1790 738 1859 Postquam
778 1801 961 1845 autem
997 1806 1213 1853 omnes,
1265 1792 1413 1860 quod
1467 1808 1696 1847 suarum
1746 1806 1866 1848 erat
1898 1810 2022 1864 par-

2131 1792 2228 1862 τὴν
2256 1762 2540 1861 ἀλήθειαν..
2585 1786 2806 1856 Ἐπειδὴ
2836 1786 2893 1839 δὲ
2924 1762 3154 1847 *πάντας
3180 1786 3241 1837 τό
3259 1801 3322 1852 γε
3345 1782 3511 1838 αὑτοῦ
3547 1784 3714 1850 μέρος

446 1882 605 1940 tium.
654 1882 766 1936 Deo
809 1883 1150 1945 adduxerat.
1211 1885 1413 1939 coelum
1491 1886 1715 1955 quidem
1778 1885 2023 1943 eﬂiciens

444 1976 812 2041 pro~cenium,
847 1986 1006 2031 terrae
1037 1986 1223 2031 autem
1255 1978 1445 2032 orbem
1498 1979 1795 2039 theatrum.
1829 1994 1891 2032 ac
1921 1996 2020 2032 an-

442 2067 593 2135 gelos
621 2076 979 2135 spectatores,
1016 2068 1109 2139 qui
1145 2070 1437 2138 stupefacti
1471 2080 1631 2125 erant
1660 2072 1725 2124 ad
1765 2072 2020 2127 decorem

442 2158 666 2211 virtutis
695 2159 844 2211 illius
869 2174 929 2212 ac
954 2159 1305 2227 prudentiam
1340 2158 1751 2228 (Desiderabilia
1786 2176 2023 2228 namque

441 2266 599 2316 super
628 2267 818 2303 aurum
863 2260 911 2303 et
943 2250 1175 2317 lapidem
1208 2252 1496 2318 pretiosum
1534 2253 1782 2315 multum,
1816 2269 1878 2305 ac
1903 2246 2022 2302 dul-

444 2345 587 2396 ciora
615 2359 775 2411 super
807 2342 909 2396 mel
958 2352 1005 2396 et
1039 2344 1218 2411 favum
1246 2346 1289 2374 “
1322 2354 1483 2397 erant
1533 2345 1802 2399 doctrina»
1851 2345 2026 2414 ipsius

443 2434 628 2488 divina
683 2434 949 2503 eloquia),
986 2435 1211 2489 civitate
1262 2451 1518 2505 egressus
1571 2445 1677 2497 est,
1733 2436 2024 2505 discipulis

443 2524 771 2594 prazcipiens
801 2535 859 2579 ut
888 2526 1125 2595 ligonem
1159 2542 1224 2580 ac
1255 2527 1536 2581 sarculum
1584 2542 1769 2581 secum
1805 2528 2026 2581 confer-

447 2624 590 2678 rent,
637 2631 701 2669 ac
733 2616 985 2685 protinus
1013 2618 1064 2670 in
1098 2628 1339 2671 montem
1368 2619 1662 2687 quemdam
1694 2621 2021 2686 ascendens,

445 2710 540 2763 ubi
580 2725 727 2764 nunc
774 2709 940 2778 hujus
978 2714 1240 2778 templum
1294 2720 1637 2765 exstructum
1682 2721 1767 2764 est
1809 2711 2027 2765 eximite

444 2818 569 2855 cum
635 2801 1068 2870 pulchritudinis
1125 2810 1238 2856 tum
1287 2803 1710 2873 magnitudinis,
1762 2815 2028 2872 stansque

448 2894 504 2951 in
542 2896 658 2964 ipso
688 2914 699 2948 :
727 2894 846 2960 llic,
886 2896 1089 2965 inquit,
1128 2896 1244 2957 filii,
1284 2896 1417 2948 mihi
1453 2888 1645 2950 fodito.
1682 2896 1887 2950 Deinde
1933 2896 2025 2949 ubi

446 3004 506 3042 se
558 2996 733 3042 totum
781 2990 1180 3058 consignasset,
1232 3004 1296 3042 ac
1327 2989 1550 3043 dixissvt
1594 3006 1607 3039 :
1672 2988 1751 3041 Tn
1811 3003 2026 3041 mecum

447 3089 589 3142 esto,
648 3078 877 3133 Domine
931 3079 1060 3133 Jesu
1119 3079 1358 3139 Christe,
1422 3081 1841 3148 astantibusque
1898 3080 2028 3134 sub-

443 3173 755 3243 junxisset:
808 3175 918 3228 Pax
965 3174 1142 3239 vobis,
1191 3174 1410 3239 fratres,
1462 3174 1515 3228 in
1566 3169 2030 3228 loveamdcmisit

449 3266 697 3335 pallium,
729 3275 785 3321 et
815 3266 928 3334 ipse
965 3281 1187 3333 quoque
1220 3266 1277 3320 in
1308 3284 1427 3320 eam
1464 3268 1788 3321 descendit:
1821 3281 1886 3320 ac
1908 3283 2033 3320 cor-

447 3373 582 3426 pore
616 3357 849 3412 mediam
883 3358 1125 3411 obtinuit
1157 3358 1364 3422 Asiam,
1396 3358 1489 3411 ubi
1520 3360 1650 3413 olim
1691 3360 1785 3428 qui
1818 3375 1848 3413 e
1879 3357 2032 3413 Grae-

448 3447 642 3499 canico
675 3457 820 3501 coetu
857 3455 1019 3500 erant
1050 3448 1608 3517 philosophabantur.
1657 3450 1828 3504 Porro
1861 3450 2030 3503 (115νί-

447 3539 563 3609 puli
593 3554 780 3594 comas
810 3541 1144 3603 evellebant,
1181 3557 1460 3610 genasque
1508 3542 1918 3611 percutiebant,
1964 3558 2029 3598 ac

448 3631 795 3686 orbationem
836 3633 1236 3687 miserabiliter
1286 3634 1691 3703 deplorabant:
1729 3646 2028 3704 pastorem,

447 3726 900 3792 gubernatorem,
934 3735 1295 3786 servatorem,
1351 3727 1591 3795 denique
1616 3742 1741 3780 eum
1783 3728 1875 3796 qui
1910 3743 2030 3782 om-

449 3817 612 3870 nibus
643 3817 826 3870 omnia
857 3827 979 3872 erat
1008 3817 1405 3871 inclamabant.
1446 3818 1656 3872 Deinde
1692 3820 1861 3873 etiam
1891 3819 2030 3873 civi-

451 3920 617 3965 tatem
649 3909 1004 3975 accedentes,
1042 3909 1127 3965 his
1166 3911 1261 3981 qui
1300 3911 1355 3965 in
1406 3911 1628 3965 civitate
1658 3919 1819 3966 erant
1853 3912 2030 3965 mani-

451 4004 651 4058 festant
684 4004 735 4058 id
772 4002 920 4073 quod
950 4003 1155 4058 factum
1180 4013 1321 4058 erat.
1359 4004 1585 4057 interim
1618 4014 1806 4059 autem
1841 4004 1931 4059 die
1968 4005 2033 4057 il-

450 4095 767 4148 lucescente
811 4105 1153 4149 concurrunt
1200 4095 1266 4148 ad
1318 4106 1762 4159 monumentum,
1817 4096 2032 4151 discere

451 4188 742 4256 cupientes
774 4202 904 4239 num
943 4196 1247 4256 praeceptor
1295 4182 1478 4241 adhuc
1523 4188 1942 4256 superriveret;
1975 4197 2032 4242 et

452 4282 600 4334 mile
653 4289 1031 4343 accesserunt,
1070 4295 1235 4346 porro
1267 4291 1452 4349 pastor
1488 4295 1768 4350 nusquam
1800 4295 2030 4350 compa-

2132 1886 2254 1953 Θεῷ
2291 1884 2704 1954 παρεστήσατο,
2765 1879 3106 1949 προσκήνιον
3164 1877 3265 1946 μὲν
3312 1876 3404 1929 τὸν
3459 1875 3711 1944 οὐρανὸν,

2130 1978 2362 2047 θέατρον
2402 1975 2461 2028 δὲ
2522 1975 2622 2044 τὴν
2680 1971 3051 2039 οἰκουμένην,
3102 1971 3200 2022 καὶ⁸
3253 1970 3382 2031 τοὺς
3446 1965 3714 2034 ἀγγέλους

2129 2071 2327 2132 θεατὰς
2362 2069 2756 2139 ποιησάμενος,
2795 2064 2894 2135 τὴν
2923 2062 3140 2116 ἐκείνου
3188 2061 3287 2129 τῆς
3324 2059 3525 2129 ἀρετῆς
3565 2057 3714 2127 ὤραν

2129 2162 2606 2231 ἐπιπληττομένους
2634 2164 2729 2212 καὶ
2752 2158 2973 2210 σύνεσιν
3002 2155 3407 2223 (Ἐπιθυμητὰ
3438 2148 3712 2220 γάρύπέρ

2126 2254 2385 2325 χρυσίον
2414 2252 2512 2306 καὶ
2566 2253 2743 2305 λίθον
2775 2250 2971 2317 τίμιον
2997 2247 3221 2306 πολὺν,
3256 2245 3353 2297 καὶ
3375 2243 3715 2314 γλυκύτερα

2127 2344 2281 2412 ὑπὲρ
2308 2343 2448 2410 μέλι
2480 2341 2580 2394 καὶ
2611 2340 2824 2406 κηρίον
2852 2339 2921 2389 τὰ
2962 2338 3083 2390 θεῖα
3118 2336 3215 2403 τῆς
3239 2332 3589 2392 διδασκαλίας
3611 2335 3713 2386 αὺο

2127 2437 2220 2491 τοῦ
2253 2436 2452 2504 λόγια),
2485 2434 2675 2504 ἐξῆλθε
2700 2434 2793 2486 τοῦ
2822 2434 3034 2496 ἄστεοῖ,
3063 2430 3316 2482 δίκελλαν
3340 2427 3712 2495 ἐπιφέρεσθαι

2128 2532 2220 2584 καὶ
2254 2530 2514 2597 σκαφεῖον
2549 2529 2665 2587 τοῖς
2704 2526 2973 2595 μαθηταῖς
3004 2523 3410 2591 ἐντειλάμενος,
3462 2522 3557 2573 καὶ
3582 2521 3716 2590 πρός

2126 2638 2179 2674 τι
2208 2620 2334 2688 ὅρος
2361 2619 2525 2680 εὐθὺς
2549 2616 2821 2680 ἀνελθὼν,
2849 2616 2981 2668 ἔνθα
3010 2614 3105 2667 νῦν
3130 2613 3158 2666 ό
3187 2613 3379 2665 τούτου
3412 2612 3541 2673 ναὸς
3571 2611 3719 2680 ῖδρυο

2127 2730 2241 2778 ται,
2280 2712 2416 2782 πρός
2450 2728 2509 2764 τε
2536 2709 2734 2773 κάλλος
2768 2711 2863 2762 καὶ
2899 2707 3130 2777 μέγεθος
3166 2703 3224 2758 εὖ
3273 2704 3441 2774 ἔχων,
3467 2704 3560 2756 καὶ
3587 2703 3719 2765 στὰς

2131 2806 2188 2858 ἑν
2219 2804 2391 2874 αὐτῷ,
2432 2802 2701 2856 Ἐνταῦθά
2757 2819 2869 2871 μοι,
2905 2801 3030 2869 ἔφη,
3065 2799 3274 2861 παῖδες,
3308 2796 3559 2867 ἐρύξατε.
3586 2791 3719 2847 Εἶτα

2131 2897 2251 2950 ὅλον
2281 2896 2473 2950 ἑαυτὸν
2498 2895 2966 2965 σφραγισάμενος,
2997 2894 3111 2954 καὶ,
3145 2891 3219 2942 Σὺ
3247 2890 3365 2960 μετ’
3397 2888 3533 2957 ὲ,μοῦ
3567 2888 3713 2955 εἴης,

2135 2991 2312 3060 Κύριε
2344 2989 2524 3057 Ἰησοῦ
2576 2987 2807 3058 Χριστὲ,
2843 2985 3104 3056 εἰρηκὼς,
3141 2983 3238 3036 καὶ
3286 2983 3398 3042 τοῖς
3437 2978 3722 3050 παρεστῶ-

2054 3091 2101 3151 c
2133 3099 2237 3146 σιν,
2267 3081 2474 3152 Εἰρήνη
2524 3081 2676 3149 ὑμῖν,
2718 3078 2962 3147 ἀδελφοὶ,
2986 3073 3252 3135 ἐπειπὼν,
3294 3072 3371 3143 τῷ
3407 3072 3585 3143 βόθρῳ
3620 3089 3720 3126 κα·

2135 3174 2272 3246 θῆκε
2300 3174 2386 3228 τὸν
2414 3170 2661 3242 τρίϐωνα
2688 3189 2703 3203 ·
2733 3171 2814 3240 τῷ
2842 3171 2900 3224 δὲ
2957 3169 3055 3225 καὶ
3084 3170 3245 3228 αὐτὸς
3273 3163 3669 3232 ἐπικατεκλίθη
3697 3179 3712 3195 ο

2134 3268 2230 3320 καὶ
2266 3266 2442 3335 μέσην
2474 3265 2711 3333 κατέσχε
2745 3264 2845 3332 τὴν
2883 3263 3071 3314 Ἀσίαν
3096 3260 3175 3328 τῷ
3210 3257 3449 3328 σώματι,
3496 3255 3627 3308 ἔνθα
3661 3255 3714 3306 οἱ

2132 3357 2234 3425 τῆς
2273 3353 2592 3424 Ἑλληνικῆς
2628 3352 2989 3420 ἐφιλοσόφουν
3040 3347 3361 3419 συμμορίας
3396 3347 3460 3400 τὸ
3520 3345 3717 3415 πρότε-
3752 3348 3757 3355 ’

2137 3466 2248 3518 ρον.
2288 3448 2352 3500 Οἱ
2404 3447 2462 3500 δὲ
2491 3446 2733 3516 μαθηταὶ
2788 3446 2886 3508 τὰς
2930 3444 3104 3511 κόμας
3149 3439 3588 3511 ὲσπαράσσοντο,
3619 3438 3716 3498 τὰς

2142 3540 2375 3610 παρειὰς
2401 3538 2718 3599 ικόπτοντο,
2750 3539 2852 3606 τὴν
2881 3536 3157 3606 ὀρφανίαν
3208 3533 3462 3594 ἐλεεινῶς
3495 3529 3717 3582 ἀπωδύ-

2136 3649 2312 3704 ροντο,
2345 3633 2437 3685 τὸν
2465 3633 2727 3700 ποιμένα,
2753 3633 2846 3683 τὸν
2880 3628 3180 3700 κηδεμόνα,
3213 3627 3308 3678 τὸν
3350 3627 3595 3693 σωτῆρα,
3626 3620 3718 3674 τὸν

2132 3726 2205 3779 τὰ
2241 3727 2420 3779 πάντα
2476 3726 2645 3777 πᾶσιν
2688 3722 3076 3789 ἐπιϐοώμενοι.
3128 3715 3257 3771 Εἶτα
3293 3718 3562 3770 καὶκατὰ
3612 3712 3714 3782 τὴν

2134 3817 2292 3871 πόλιν
2329 3816 2640 3884 γενόμενοι,
2692 3814 2757 3866 τὸ
2790 3813 3039 3882 πραχθὲν
3070 3813 3181 3873 τοῖς
3210 3812 3268 3862 ἐν
3294 3813 3359 3878 τῇ
3410 3809 3564 3860 πόλει
3592 3806 3711 3858 διαο

2138 3909 2429 3980 σαφοῡσιν.
2458 3909 2621 3979 Ἀρτι
2679 3907 2737 3959 δὲ
2780 3908 2994 3976 ἡμέρας
3027 3902 3458 3971 ὑποφαινούσης.
3493 3902 3718 3966 συντρέ-

2133 4022 2301 4077 χουσι-
2350 4005 2489 4076 πρὸς
2525 4005 2619 4056 τὸν
2673 4003 2867 4069 τάφον,
2900 4004 2949 4053 εί
2977 4004 3006 4053 ὀ
3058 4000 3385 4060 διδάσκαλος
3420 3997 3502 4048 ἑτι
3532 3992 3712 4061 διαζῇ,

2138 4097 2331 4167 μαθεῖν
2359 4096 2611 4158 θέλοντες
2642 4110 2656 4126 ’
2699 4095 2793 4147 καὶ
2828 4094 2889 4146 τὸ
2929 4093 3032 4162 μὲν
3065 4093 3320 4162 ποίμνιον
3353 4089 3714 4159 παρεστήκαο

2136 4192 2296 4256 σιν,ό
2343 4189 2401 4243 δὲ
2446 4191 2653 4258 ποιμὴν
2708 4186 2949 4255 οὐδαμοῦ
2975 4202 2990 4218 ·
3044 4187 3106 4239 αι
3140 4182 3409 4255 κρηπίδες
3464 4181 3716 4248 κείμεναι

2139 4284 2300 4354 μόναι
2322 4323 2336 4348 ,
2370 4282 2468 4335 καὶ
2495 4284 2522 4335 ό
2549 4280 2753 4345 ταύτας
2804 4279 3096 4332 άποδαλὼν
3145 4280 3384 4345 ἀφανής.
3453 4272 3719 4326 Φοιτώσιν

455 4372 650 4426 n-bat:
702 4372 830 4426 solae
877 4371 1137 4440 iacebant
1181 4372 1441 4440 crepidas,
1490 4372 1537 4427 is
1571 4381 1755 4426 autem
1808 4379 1900 4442 qui
1933 4374 2029 4427 has

2134 4372 2235 4429 ὦδε
2292 4376 2387 4429 καὶ
2420 4369 2523 4429 ὧδε
2568 4376 2711 4429 κατά
2755 4375 2886 4435 τοὺς
2922 4375 3049 4442 περὶ
3089 4371 3180 4423 τὸν
3227 4369 3557 4428 Ἐλισσαῖον,
3612 4358 3721 4418 διεὲ

456 4465 761 4535 ιιιῄυοεται,
809 4464 1185 4543 disparuerat.
1246 4464 1575 4520 Discurrunt
1612 4466 1720 4518 huc
1768 4475 1825 4519 et
1877 4465 2029 4527 illuc,

2139 4469 2431 4542 ρευνῶσιν,
2471 4466 2764 4536 ίχνεύουσι,
2810 4466 2907 4518 καὶ
2942 4467 3186 4534 ἀνήνυτα
3216 4463 3285 4515 τά
3330 4459 3425 4514 τοῦ
3463 4459 3715 4527 καμάτου

456 4556 920 4625 quemadmodum
955 4554 1011 4608 hi
1047 4556 1141 4625 qui
1164 4571 1289 4610 cum
1324 4556 1549 4611 Elissaeo
1572 4566 1750 4621 erant,
1780 4565 2029 4612 scrutan-

2135 4565 2340 4627 αὐτοῖς.
2375 4557 2510 4616 Εἶτα
2536 4560 2634 4615 τοῦ
2659 4603 2671 4623 ,
2705 4564 2776 4614 El
2805 4560 3109 4628 ,βούλομαι
3137 4555 3357 4610 τοῦτον
3375 4553 3583 4624 μένειν
3605 4551 3716 4613 ἕως

460 4659 549 4703 tur
574 4649 639 4712 ’³,
677 4648 1049 4720 investigent:
1098 4664 1289 4703 verum
1327 4649 1582 4703 incassus
1638 4650 1873 4703 efﬁcitur
1904 4650 2037 4718 ipsis

458 4742 634 4796 labor.
686 4743 891 4797 Deinde
925 4745 1017 4796 vix
1071 4744 1292 4796 tandem
1344 4744 1489 4796 illlus
1539 4742 1686 4796 vocis
1714 4742 2033 4798 recordati:

460 4835 520 4889 Si
548 4851 668 4888 eum
700 4834 816 4888 volo
856 4851 1072 4889 manere
1101 4836 1266 4887 donec
1298 4837 1529 4898 acilium,
1563 4837 1688 4904 quid
1711 4836 1844 4886 adle
1872 4835 1938 4888 “‘2
1969 4835 2035 4889 ad

462 4938 700 4983 mentem
733 4929 1058 4982 alacriorem
1092 4926 1443 4982 redeunt.‘Et
1471 4926 1562 4980 ille
1592 4927 1813 4996 quidmn
1850 4929 2033 4982 Enoch

459 5031 514 5074 et
550 5021 681 5075 Elite
710 5020 991 5076 Thesbita:
1018 5022 1394 5090 conjungitur,
1427 5021 1481 5073 hi
1509 5031 1690 5082 autem
1722 5037 1749 5074 a
1785 5022 2042 5075 lamentis

462 5113 833 5175 discedentes,
898 5115 1069 5167 Deum
1131 5112 1519 5166 universorum
1582 5113 1880 5167 laudabant
1943 5114 2038 5184 qui

463 5219 624 5258 Situm
657 5204 921 5258 dilectum
975 5203 1113 5256 adeo
1158 5204 1627 5272 magnilicaverat.
1698 5203 1809 5258 l‘loc
1855 5204 2039 5274 itaque

457 5295 554 5350 die
584 5311 694 5364 quo
719 5296 834 5349 hzec
865 5295 1219 5365 contigerunt
1254 5295 1578 5363 splendidus
1609 5297 1737 5349 huic
1761 5298 2039 5368 Theologo

459 5388 776 5443 celebratur
810 5388 1012 5457 Ephesi
1064 5398 1373 5443 conventus
1407 5404 1473 5442 ex
1528 5390 1675 5443 omni
1732 5405 1929 5459 genere
1978 5406 2040 5446 ac

463 5482 721 5536 universa
751 5491 930 5546 aetate,
961 5481 1053 5551 qui
1087 5490 1359 5535 astrorum
1387 5485 1738 5552 splendorem
1772 5486 2039 5538 imitetur.

461 5571 735 5628 Praeterea
769 5573 821 5626 in
862 5574 964 5628 hoc
992 5589 1149 5627 sacro
1181 5573 1324 5634 loco,
1358 5576 1424 5627 ad
1461 5591 1624 5644 quem
1655 5577 1742 5629 hic
1769 5591 1892 5628 cum
1928 5578 2042 5645 pal-

537 5761 579 5791 ²³
621 5760 762 5815 l'sal.
791 5775 945 5827 xvm,
977 5763 1061 5816 ll.
1144 5766 1184 5796 ⁸³
1224 5762 1294 5818 IV
1334 5767 1465 5833 Reg.
1498 5780 1536 5831 ι,
1580 5766 1593 5818 l
1628 5784 1780 5836 seqq.

2136 4657 2385 4725 ἔρχομαι
2411 4657 2466 4708 τι
2493 4657 2643 4721 πρὸς
2675 4652 2791 4716 σέ;
2826 4653 2979 4720 μόλις
3013 4647 3468 4719 ἐπιμνησθέντες,
3500 4644 3639 4713 πρὸς
3661 4642 3720 4693 τὸ

2138 4750 2506 4818 εὐθυμότερον
2549 4745 2972 4816 μεταϐάλλουσι,
3032 4743 3139 4795 Καὶ
3199 4742 3229 4792 ὁ
3272 4739 3371 4809 μὲν
3411 4736 3491 4807 τῷ
3544 4733 3718 4802 Ἑνὼχ

2137 4841 2233 4891 καὶ
2265 4838 2362 4891 τοῦ
2407 4837 2587 4891 Ἡλιοῦ
2618 4836 2697 4906 τῷ
2753 4834 2992 4906 Θεσόίτῃ
3041 4831 3473 4899 συναγελάζεται
3504 4844 3518 4858 ·
3551 4828 3604 4879 οί
3635 4824 3715 4889 δὲ,

2137 4932 2245 4984 τῶν
2276 4930 2492 5001 θρήνων
2524 4929 2815 4997 ἀφέμενοι,
2835 4930 2929 4981 τὸν
2956 4928 3050 4979 ἐπὶ
3085 4926 3315 4978 πάντων
3332 4920 3536 4991 ὕμνουν
3559 4919 3718 4980 Θεὸν,

2141 5025 2287 5077 οὕτω
2317 5024 2413 5075 τὸν
2441 5020 2608 5074 αὐτοῦ
2635 5022 2926 5090 ἀγαπητδν
2953 5015 3363 5087 μεγαλύναντα.
3405 5013 3562 5066 Κατὰ
3588 5008 3722 5077 γοῦν

2141 5117 2239 5185 τὴν
2270 5116 2488 5185 ἡμέραν
2514 5111 2734 5179 ἐκείνην
2767 5113 2827 5162 ἐν
2922 5109 3094 5162 ταῦτα
3126 5111 3370 5177 ἐγένετο,
3411 5104 3724 5173 πανήγυρις

2144 5210 2208 5261 ὲκ
2249 5206 2449 5269 παντὸς
2486 5206 2677 5272 γένους
2707 5207 2800 5255 καὶ
2836 5202 3056 5272 ἡλικίας
3086 5203 3306 5270 ἀπάσης
3338 5197 3419 5268 τῷ
3466 5194 3723 5263 θεολόγῳ

2147 5302 2290 5353 κατὰ
2330 5300 2427 5369 τὴν
2459 5299 2694 5366 Ἔφεσον
2723 5298 2958 5349 τελεῖται
2988 5294 3244 5363 λαμπρὰ,
3289 5292 3390 5362 τὴν
3420 5290 3529 5342 τῶν
3558 5287 3723 5341 ἀστέ-

2150 5408 2260 5461 ρων
2314 5393 2633 5461 μιμουμένη
2689 5389 3045 5459 φαιδρότητα.
3105 5388 3211 5440 Καί
3250 5401 3335 5446 τις
3365 5382 3427 5435 ὲν
3481 5380 3559 5450 τῷ
3593 5377 3723 5448 ἱερῷ

2143 5483 2320 5555 τούτῳ
2356 5486 2506 5554 τόπῳ
2538 5482 2624 5552 ἐφ’
2653 5483 2714 5536 ὃν
2751 5476 2904 5543 οὗτος
2943 5482 3079 5549 μετά
3113 5480 3207 5532 τοῦ
3250 5476 3519 5548 τρίϐωνος
3555 5487 3726 5525 κατεο

2146 5578 2331 5648 κλίθη,
2364 5576 2600 5646 πηγάζει
2642 5576 2814 5646 λεπτὴ
2869 5576 3018 5638 κόνις
3058 5576 3151 5627 καὶ
3197 5570 3527 5632 ἀναδίδοται,
3558 5565 3728 5637 θερα-

1864 5767 1904 5797 “
1944 5768 2099 5823 Joatt.
2128 5781 2237 5831 xxi,
2273 5769 2360 5821 ἐξ.
