4122 6380
471 356 575 419 7u'1

1709 349 1994 409 MENSIS
2036 348 2465 409 DECEMBER.

3628 346 3727 410 ’708

470 485 708 534 amores,
739 478 793 524 et
827 484 964 540 quas
993 469 1136 524 inter
1165 483 1224 524 se
1252 467 1528 538 agitarunt
1555 464 1880 528 seditiones,
1936 479 2035 534 pu-

2154 464 2276 529 τῶν,
2329 466 2424 516 καὶ
2469 460 2940 532 διαπληκτισμούς
2982 463 3077 516 καὶ
3128 460 3331 533 ἔριδας,
3376 463 3498 517 οὐδὲ
3559 465 3728 536 βραχύ

469 577 710 635 gnasque
736 569 791 617 et
833 562 981 626 lites,
1031 561 1257 615 minime
1284 559 1633 616 dubitarunt.
1690 556 1814 612 Haec
1857 567 2042 612 autem

470 653 729 724 quidnam
758 651 1050 708 conferunt
1078 650 1146 705 ad
1195 665 1408 705 morum
1451 650 1793 704 honestatem
1831 661 1896 701 ac
1929 660 2046 699 mo—

469 745 812 799 deratiooem
875 751 932 797 et
986 741 1182 798 anima:
1226 742 1520 796 utilitatem
1555 758 1569 795 :
1602 749 1660 795 et
1715 753 1823 792 non
1860 735 2046 807 potius

469 836 862 892 detrimentum
896 835 1159 898 afferunt,
1188 843 1244 890 et
1295 833 1560 888 vitiorum
1604 831 1776 886 malas
1810 830 2045 900 impres-

470 931 653 984 siones
687 929 1003 998 insculpunt
1050 928 1106 981 in
1150 927 1349 981 animis
1395 939 1589 980 eorum
1617 922 1713 993 qui
1749 931 2045 976 versantur

473 1022 530 1077 in
564 1021 631 1076 iis
676 1021 967 1095 legendis?
995 1019 1124 1074 Mihi
1173 1018 1320 1073 enim
1369 1017 1506 1071 nihil
1541 1014 1838 1086 persuadet
1869 1011 2048 1066 inanis

472 1115 632 1168 labor
663 1129 856 1168 eorum
909 1114 1003 1182 qui
1041 1113 1156 1167 haec
1189 1113 1382 1165 volunt
1415 1108 1658 1164 absurda
1691 1107 1966 1176 mitigare,
1993 1112 2047 1158 et

471 1222 535 1262 ea
563 1205 836 1260 reducunt
863 1205 929 1259 ad
953 1205 1212 1259 alimenta
1240 1213 1296 1258 et
1324 1211 1508 1274 partes
1539 1202 1757 1256 animae.
1776 1199 2046 1253 Autenitn

473 1313 596 1352 cum
639 1315 746 1351 non
781 1299 1006 1360 fuerint,
1051 1297 1255 1352 frustra
1313 1303 1365 1349 et
1407 1293 1543 1348 falso
1595 1291 1900 1356 dicuntur;
1951 1296 2047 1342 aut

471 1389 637 1444 etiam
692 1387 734 1441 si
786 1386 1010 1451 fuerint,
1069 1402 1167 1456 par
1196 1394 1280 1440 est
1311 1399 1375 1438 ea
1407 1383 1589 1452 potius
1621 1380 1804 1433 ridere
1833 1388 1890 1432 et
1920 1377 2047 1432 odio

474 1480 702 1544 habere,
733 1494 894 1548 quam
945 1480 1185 1532 laudare.
1216 1475 1488 1534 Existimo
1539 1485 1721 1527 autem
1777 1471 1908 1525 boni
1946 1469 2046 1524 viri

475 1573 666 1630 vitam,
724 1570 818 1638 qui
863 1569 964 1638 legi
1021 1569 1113 1622 Dei
1168 1568 1304 1622 vixit
1350 1567 1768 1628 convenienter,
1825 1564 2044 1634 dignam

473 1675 594 1713 esse
627 1675 748 1728 qua:
779 1657 1117 1724 elaboretur,
1153 1667 1210 1712 et
1237 1659 1433 1713 litteris
1463 1657 1791 1720 mandetur;
1843 1672 1906 1710 ex
1942 1671 2046 1726 qua

472 1749 590 1819 ipse
643 1750 736 1818 qui
794 1750 1098 1818 componit,
1159 1757 1268 1804 tam
1313 1749 1413 1803 sibi
1461 1762 1626 1818 quam
1679 1747 1803 1802 aliis
1865 1757 2048 1817 potest

2148 553 2428 625 ὤκνησαν.
2472 553 2659 607 Ταῦτα
2693 553 2752 606 δὲ
2777 553 2827 608 τί
2858 571 2988 608 ποτε
3012 555 3121 625 ἄρα
3165 553 3301 625 πρὸς
3327 555 3492 624 ῆθους
3525 558 3726 626 κόσμον

2148 645 2242 697 καὶ
2264 643 2444 714 ψυχῆς
2467 642 2737 713 ὠφέλειαν
2765 643 3032 708 συντελεῖ,
3063 645 3158 697 καὶ
3190 645 3312 714 οὐχὶ
3352 644 3558 715 βλάϐην
3597 648 3733 717 μᾶλ-

2146 736 2236 789 λον
2267 736 2361 790 καὶ
2389 735 2593 798 τύπους
2621 735 2814 790 παθῶν
2845 738 2965 800 ταῖς
2991 737 3102 790 τῶν
3134 738 3434 806 μετιόντων
3463 740 3734 808 ἐγχαράτ-

2145 844 2230 880 τει
2259 829 2498 897 ψυχαῖς
2558 827 2688 896 Ἐμὲ
2731 827 2840 899 γάρ
2895 829 3070 883 πείθει
3119 829 3271 882 οὐδὲν
3310 830 3499 892 καινὸς
3533 831 3734 902 μόχθος

2145 919 2253 973 τῶν
2284 919 2733 989 παραμυθεῖσθαι
2756 920 2823 974 τά
2851 921 3029 975 ἄτοπα
3055 922 3213 975 ταυτὶ
3245 921 3613 992 βουλομένων,
3641 925 3736 978 καὶ

2155 1013 2292 1082 πρὸς
2324 1011 2394 1064 τὰ
2427 1014 2670 1083 στοιχεῖα
2737 1014 2833 1067 καὶ
2867 1013 3009 1084 μέρη
3054 1015 3153 1083 τῆς
3186 1011 3364 1084 ψυχῆς
3396 1014 3733 1082 ἀναγόντων.

2148 1105 2218 1156 Ἢ
2249 1105 2356 1172 γὰρ
2409 1105 2484 1174 μὴ
2517 1103 2780 1174 γεγονότα
2809 1105 2985 1174 μάτην
3033 1106 3127 1158 καὶ⁵
3165 1103 3377 1174 ψευδῶς
3407 1105 3650 1173 λέγεται,
3701 1105 3735 1175 ἢ

2148 1198 2243 1249 καὶ
2272 1197 2559 1263 γεγονότα,
2590 1197 2860 1264 γελᾶσθαι
2893 1199 2988 1250 καὶ
3021 1197 3300 1267 μισεῖσθαι
3335 1199 3559 1268 μᾶλλον,
3619 1198 3739 1251 ἀλλ’

2147 1285 2248 1337 οὐκ
2281 1286 2624 1340 ἐπαινεῖσθαι
2670 1288 2789 1342 δέον
2836 1288 2958 1342 οὐδὲ
3007 1289 3416 1358 θαυμάζεσθαι.
3461 1291 3739 1362 Ἠγοῦμαι

2149 1377 2314 1430 πόνου
2351 1379 2447 1431 καὶ
2476 1379 2800 1449 συγγραφῆς
2839 1379 2988 1444 ἀξιον
3034 1381 3227 1452 ἀνδρὸς
3281 1383 3596 1454 φιλαρέτου,
3641 1386 3740 1436 καὶ

2147 1471 2292 1523 κατά
2338 1469 2471 1522 Θεὸν
2510 1470 2773 1541 ζήσαντας
2807 1470 2943 1541 βίον,
2979 1470 3038 1536 ἐξ
3057 1468 3232 1544 οὗπερ
3258 1473 3423 1538 αὐτός
3444 1491 3504 1527 τε
3550 1478 3577 1527 ό
3609 1491 3736 1528 συν.

2149 1559 2320 1624 τιθεὶς
2370 1560 2637 1628 ὠφέλειαν
2691 1563 2873 1633 ἐαυτῷ
2930 1563 3024 1616 καὶ
3068 1567 3182 1628 τοῖς
3233 1565 3478 1634 μετιοῦσι
3536 1567 3737 1634 πολλὴν

2148 1654 2282 1723 ὅσην
2311 1653 2534 1708 δύναται
2590 1655 2892 1726 προξενεῖν.
2929 1653 3055 1720 Οἷος
3089 1658 3153 1730 δὴ
3192 1661 3286 1713 καὶ
3325 1661 3354 1712 ὁ
3402 1658 3498 1713 τοῦ
3526 1659 3738 1728 θαυμα-

2154 1746 2283 1800 στοῦ
2307 1747 2632 1819 Μαρκέλλου
2663 1750 2852 1820 σαφῶς
2885 1749 3164 1804 δείκνυται
3187 1769 3201 1782 ’
3226 1751 3284 1815 ὃς
3306 1752 3368 1804 ὲκ
3399 1753 3607 1816 πόλεως
3640 1755 3740 1823 μὲν

472 1857 722 1911 magnam
753 1842 1050 1896 conciliare
1078 1841 1394 1896 utilitatem.
1427 1841 1617 1906 Qualis
1647 1850 1729 1895 est
1759 1839 1869 1894 vita
1908 1839 2048 1893 Maro

2154 1839 2376 1910 ὡρμᾶτο
2404 1842 2700 1912 Ἀπαμέων
2719 1861 2734 1874 ο
2765 1843 2876 1914 ἑῴα
2921 1844 2978 1898 δὲ
3013 1845 3168 1908 πόλις
3214 1845 3378 1916 αὕτη,
3405 1845 3616 1908 πολλοῖς
3641 1821 3737 1898 κο·

472 1934 597 1988 cclli
627 1933 988 1997 admirabilis,
1024 1934 1119 2003 qui
1165 1943 1321 1988 ortos
1352 1931 1575 2002 quidem
1609 1943 1694 1987 est
1727 1947 1794 1987 ex
1827 1931 2048 1986 civitate

471 2025 750 2093 Apamea;
791 2040 854 2078 ea
879 2034 964 2078 est
1000 2033 1184 2078 autem
1225 2024 1421 2078 civitas
1453 2021 1774 2087 Orientalis,
1803 2039 1923 2092 quae
1955 2021 2051 2076 bo-

475 2117 562 2169 nis
593 2114 840 2170 abundat
889 2115 1163 2184 plurimis.
1201 2115 1379 2170 Nobili
1410 2132 1538 2169 vero
1573 2115 1692 2169 loco
1739 2123 1916 2176 natus,
1954 2129 2050 2183 per

472 2222 530 2260 se
555 2205 788 2260 reddidit
809 2208 1136 2261 nobiliorem
1158 2207 1356 2260 seriem
1380 2206 1464 2259 sui
1492 2206 1730 2276 generis.
1758 2205 1892 2259 Nam
1919 2221 2046 2259 cum

467 2301 580 2371 jam
615 2301 672 2353 in
703 2299 820 2368 ipso
851 2300 988 2354 ﬂore
1013 2300 1320 2370 juventutis
1353 2299 1626 2354 amisisset
1659 2307 1934 2368 parentes,
1995 2306 2050 2352 et

473 2403 691 2450 aetatem
737 2402 926 2463 ageret
941 2391 1417 2462 iucundissimam,
1439 2405 1547 2444 non
1567 2391 1939 2460 sicutjuvenis
1954 2389 2051 2442 de-

475 2487 707 2543 clinavit
729 2487 796 2541 ad
824 2487 1153 2556 voluptates.
1181 2501 1358 2556 neque
1382 2484 1760 2540 delectabatur
1782 2486 2048 2554 juvenum

473 2581 899 2648 consuetudine,
943 2578 1171 2649 aequalis
1221 2577 1416 2647 aequali
1453 2577 1644 2631 volens
1695 2575 1935 2646 placere,
1991 2583 2051 2628 ut

473 2673 696 2735 dicitur,
721 2673 816 2726 sed
844 2670 1142 2742 injuvenili
1175 2684 1434 2737 corpore,
1467 2667 1797 2722 imitabatur
1823 2665 2048 2721 canitiei

475 2763 826 2834 prudentiam
874 2771 930 2816 et
977 2761 1104 2815 vitae
1150 2759 1574 2814 institutionem.
1623 2756 1944 2828 Quanquam
1999 2758 2048 2812 ei

475 2859 706 2914 aderant
756 2855 984 2919 divitiae,
1031 2868 1154 2924 qua:
1201 2860 1332 2907 sunt
1386 2850 1615 2905 materia
1647 2850 1714 2904 ad
1749 2848 2050 2920 explendas

473 2951 788 3018 voluptates
834 2947 942 3016 igni
977 2944 1383 2999 adolescentim.
1418 2942 1524 2998 Sed
1567 2942 1702 2996 nihil
1740 2942 1939 2996 borum
1987 2941 2051 2996 il-

473 3041 590 3096 lum
637 3039 815 3109 coegit
863 3037 1135 3107 negligere
1184 3035 1629 3104 temperantiam,
1680 3049 1801 3104 quae
1847 3043 1966 3088 erat
1999 3033 2047 3087 ei

473 3132 641 3188 chara
669 3146 698 3183 a
731 3130 990 3200 pueritia.
1026 3127 1128 3180 Sed
1161 3134 1216 3180 et
1243 3126 1469 3191 orbitas,
1501 3135 1557 3180 et
1604 3136 1756 3185 telas,
1805 3136 1861 3180 et
1910 3125 2048 3178 divi-

475 3229 581 3285 tize.
617 3225 733 3279 haec
758 3222 940 3276 omnia
965 3219 1126 3276 simul
1153 3236 1182 3273 a
1211 3218 1479 3288 profunda
1529 3219 1892 3274 vincebantur
1919 3235 2050 3288 pru-

473 3317 682 3372 dentia.
727 3316 961 3382 Propter
1005 3321 1285 3366 externam
1339 3325 1468 3364 vero
1542 3309 1934 3375 eruditionem,
1992 3311 2046 3365 in

477 3423 726 3477 magnam
793 3403 943 3458 venit
997 3400 1369 3456 Antiochiam.
1433 3399 1678 3455 Ventitat
1741 3410 1926 3455 autem
1979 3403 2048 3456 ad

477 3501 791 3569 quemdam,
813 3497 868 3550 in
896 3493 1109 3548 dicendi
1135 3493 1394 3546 facultate
1413 3491 1639 3561 pulchre
1663 3493 2046 3548 exercitatum.

2153 1928 2311 1996 μῶσα
2357 1932 2468 1992 τοϊς
2501 1931 2751 1999 ἀγαθοῖς.
2795 1933 2886 1997 Ἐξ
2935 1935 3279 2004 εὐπατριδῶν
3329 1935 3386 1989 δὲ
3417 1937 3731 2005 γενόμενος,

2148 2021 2216 2074 δι’
2251 2022 2446 2076 ἑαυτοῦ
2467 2024 2667 2093 μᾶλλον
2695 2024 3093 2096 εὐγενεστέραν
3123 2027 3334 2080 ἐδείκνυ
3364 2029 3462 2098 τήν
3497 2027 3590 2079 τοῦ
3642 2029 3733 2096 γὲ-

2151 2131 2276 2178 νους
2307 2116 2518 2185 σειράν.
2557 2118 2718 2186 Ἄρτι
2748 2118 2855 2187 γάρ
2891 2119 2948 2170 ὲν
2977 2119 3132 2172 ἄνθει
3159 2123 3431 2191 νεότητος,
3477 2123 3614 2182 τοὺς
3643 2137 3739 2188 γε·

2149 2209 2482 2277 γεννηκότας
2524 2209 2834 2273 ἀποῦαλὼν,
2864 2212 2960 2264 καὶ
2997 2212 3126 2265 αὐτὸ
3167 2213 3267 2283 τῆς
3317 2213 3536 2284 ἡλικίας
3589 2216 3739 2280 ἄγων

2150 2298 2209 2352 τὸ
2257 2299 2639 2370 χαριέστατον,
2694 2303 2792 2371 οὐχ
2847 2301 3035 2373 ῶσπερ
3101 2307 3219 2366 νέος
3259 2305 3570 2375 είςοήδονάς
3594 2305 3739 2358 ἐκλι-

2151 2407 2242 2442 νεν
2262 2405 2277 2421 ·
2311 2390 2432 2444 οὐδὲ
2456 2391 2564 2462 μὴν
2589 2392 2725 2446 νέων
2749 2394 3123 2466 ἀναστροφαῖς
3145 2395 3387 2468 ἔχαιρεν,
3427 2397 3548 2468 ἥλιξ
3575 2397 3739 2469 ἦλικα

2149 2483 2375 2551 τέρπειν
2400 2483 2475 2546 ὡς
2512 2487 2540 2537 ό
2569 2484 2726 2554 λόγος
2771 2485 3119 2558 βουλόμενος,
3173 2489 3287 2543 ἀλλ’
3323 2491 3383 2543 ἐν
3415 2491 3596 2561 νεαρῷ
3637 2491 3744 2542 σώ-

2155 2591 2285 2644 ματι
2320 2575 2522 2628 πολιῶν
2556 2575 2750 2646 ἐζήλου
2791 2579 3047 2649 φρόνημά
3076 2596 3135 2632 τε
3160 2582 3254 2632 καὶ
3280 2581 3524 2652 ἀγωγήν,
3563 2581 3741 2636 καίτοι

2151 2668 2246 2722 καὶ
2281 2667 2507 2732 πλοῦτος
2540 2667 2693 2739 αὐτῷ
2740 2671 2944 2740 παρῆν,
2981 2669 3082 2742 ὕλη
3111 2671 3249 2742 πρὸς
3278 2674 3468 2742 ήδονάς
3499 2674 3577 2744 τῷ
3608 2674 3742 2742 πυρὶ

2151 2763 2249 2833 τῆς
2269 2762 2543 2833 νεότητος.
2588 2763 2730 2817 Ἀλλ’
2765 2764 2918 2817 οὐδὲν
2955 2764 3158 2818 τούτων
3195 2767 3403 2819 ἐκεῖνον
3429 2766 3741 2836 ἠνάγκασεν

2151 2853 2429 2923 ἀμελῆσαι
2467 2854 2565 2923 τῆς
2611 2856 2674 2906 ἐκ
2719 2855 2927 2910 παίδων
2969 2856 3130 2925 φίλης
3161 2856 3313 2926 αὐτῷ
3358 2857 3740 2926 σωφροσύνης.

2164 2945 2324 2999 Ἀλλά
2351 2948 2446 2999 καὶ
2470 2947 2703 3017 ὀρφανία
2730 2949 2823 3000 καὶ
2853 2949 3035 3019 ἡλικία
3061 2952 3154 3002 καὶ
3179 2947 3407 3012 πλοῦτος
3441 2950 3534 3003 καὶ
3559 2951 3740 3003 πάντα

2154 3037 2294 3108 ὁμοῦ
2339 3039 2435 3109 τῆς
2473 3040 2639 3092 αὐτοῦ
2672 3039 2898 3110 βαθείας
2928 3042 3124 3112 φρενὸς
3155 3043 3408 3114 ἥττηντο.
3449 3043 3655 3112 Ἔρωτι
3686 3042 3743 3094 δὲ

2156 3132 2399 3191 παιδείας
2424 3133 2521 3201 τῆς
2549 3131 2750 3199 ἔξωθεν
2779 3133 2862 3195 είς
2900 3135 3146 3204 μεγάλην
3181 3135 3522 3204 Ἀντιόχειαν
3558 3151 3739 3204 παρα-

2155 3225 2384 3291 γίνεται,
2413 3226 2505 3277 καί
2527 3243 2634 3278 τινι
2663 3225 2804 3278 καλά
2830 3227 3130 3297 ἠσκημένῳ
3165 3229 3442 3299 ἐπιφοιτᾷ.
3489 3226 3656 3288 Φύσις
3687 3225 3745 3280 δὲ

2155 3315 2348 3382 ταχεῖα
2385 3319 2648 3384 συνεργόν
2680 3315 3078 3386 παραλαϐοῦσα
3124 3317 3218 3369 καὶ
3253 3315 3352 3388 τὴν
3393 3315 3650 3385 σπουδήν,
3687 3317 3744 3367 ὲν

2156 3406 2334 3473 χρόνῳ
2367 3405 2562 3474 βραχεί
2599 3404 2668 3456 τὰ
2701 3405 2911 3474 μεγάλα
2957 3405 3051 3474 τῆς
3089 3403 3278 3472 σοφίας
3319 3402 3467 3474 αὐτῷ
3498 3402 3746 3472 χαρίζον-

2156 3515 2247 3549 ται
2281 3495 2454 3566 δῶρα.

477 3585 686 3657 Ingenii
739 3603 869 3641 vero
923 3585 1200 3651 celeritas,
1257 3600 1286 3639 a
1331 3585 1641 3640 vehementi
1688 3587 1807 3656 ejus
1857 3588 2042 3642 studio
2081 3591 2284 3661 adjuta,
2313 3591 2362 3643 ei
2405 3589 2558 3644 brevi
2590 3589 2819 3659 largitur
2858 3605 3050 3658 magna
3077 3589 3220 3644 dona
3253 3588 3563 3658 sapientiae.

551 3685 620 3739 11.
658 3682 954 3752 Postquam
986 3696 1167 3736 autem
1196 3693 1436 3736 externa:
1468 3679 1751 3750 sapientia:
1780 3687 1931 3738 visus
1975 3695 2060 3738 est

473 3777 580 3834 sibi
644 3776 848 3830 habere
893 3774 1039 3844 quod
1086 3772 1406 3828 sufﬁceret:
1455 3786 1636 3842 neque
1665 3771 1812 3826 enim
1845 3789 1907 3826 ea
1936 3784 2056 3828 erat

474 3874 594 3942 ejus
626 3868 931 3940 principale
965 3865 1233 3932 studium,
1269 3866 1374 3922 nisi
1407 3865 1472 3920 ad
1514 3865 1642 3929 hoc,
1697 3875 1758 3918 ut
1807 3867 2055 3921 externis

475 3965 585 4018 illis
648 3965 909 4026 imbutus,
949 3957 1149 4014 deinde
1198 3956 1509 4012 initiaretur
1563 3957 1619 4011 in
1669 3957 1736 4011 iis
1773 3973 1897 4026 quae
1939 3958 2054 4013 sola

474 4063 604 4112 sunt
631 4069 783 4111 saera
815 4051 1076 4123 mysteria
1101 4067 1113 4103 :
1141 4065 1340 4120 nempe
1370 4063 1522 4114 vera,
1553 4059 1610 4104 et
1641 4064 1764 4119 quas
1784 4049 1852 4104 ad
1882 4049 2054 4104 Deum

474 4147 733 4209 deducit,
790 4143 1102 4215 sapientia;
1152 4143 1317 4207 vitae,
1371 4142 1618 4212 inquam,
1677 4142 2050 4206 institutione,

474 4255 597 4310 qua:
625 4248 875 4293 versatur
910 4236 963 4289 itt
991 4235 1393 4290 exercitatione
1419 4242 1476 4288 et
1502 4248 1633 4288 vera
1666 4233 2044 4304 philosophia,

474 4346 613 4399 opus
659 4341 841 4382 autem
891 4326 943 4382 ei
987 4341 1205 4396 quoque
1234 4335 1355 4382 erat
1393 4325 1580 4396 aliquo
1623 4327 1691 4380 ad
1735 4341 1854 4380 eam
1883 4324 2046 4380 duce.

473 4422 610 4476 Cum
641 4435 770 4474 vero
800 4434 926 4474 eum
957 4435 1068 4473 non
1096 4417 1391 4488 praeberet,
1448 4427 1510 4471 ut
1534 4417 1585 4471 ei
1620 4416 1889 4487 placebat,
1940 4417 2050 4471 An-

2239 3685 2313 3740 B'.
2348 3687 2504 3739 Ἐπεὶ
2532 3686 2588 3738 δὲ
2645 3683 2961 3755 ἀρκούντως
3005 3685 3180 3738 ἐδόκει
3209 3685 3308 3755 τῆς
3339 3685 3568 3756 θυραίας
3601 3685 3746 3756 ἔχειν

2163 3776 2388 3844 σοφίας’
2419 3775 2542 3826 οὐδὲ
2573 3776 2680 3843 γὰρ
2733 3770 2798 3844 ἦν
2833 3774 2982 3841 αὐτῷ
3015 3774 3171 3828 τοῦτο
3204 3775 3634 3846 προηγουμένως
3685 3776 3745 3828 τὸ

2159 3867 2620 3936 σπουδαζόμενον,
2661 3865 2777 3918 ἀλλ’
2806 3866 2931 3918 ὅσον
2957 3869 3073 3931 τοῖς
3105 3867 3210 3931 ἔξω
3235 3869 3448 3930 τούτοις
3487 3867 3745 3938 προτελε-

2160 3959 2375 4029 σθῆναι,
2404 3953 2520 4011 εἶτα
2553 3957 2830 4028 μυηθῆναι
2870 3958 2966 4010 καὶ
2997 3959 3064 4011 τά
3091 3961 3300 4028 μεγάλα
3331 3959 3432 4030 τὴν
3465 3961 3635 4030 μόνην
3671 3961 3745 4012 le-

2160 4052 2258 4122 ράν
2309 4050 2533 4121 τελετὴν
2565 4049 2659 4102 καὶ
2689 4049 2864 4120 ἀληθῆ
2890 4050 3102 4117 σοφίαν,
3139 4052 3231 4105 καὶ
3264 4049 3402 4119 πρὸς
3445 4051 3578 4104 Θεὸν
3607 4053 3744 4103 ἀνα-

2158 4146 2434 4216 φέρουσαν
2468 4161 2483 4177 ·
2541 4145 2640 4215 τὴν
2724 4144 3035 4214 ἀσκητικὴν
3103 4145 3244 4212 λέγω
3319 4144 3415 4197 καὶ
3458 4145 3746 4212 φιλόσοφον

2159 4235 2408 4304 ἀγωγήν.
2453 4234 2653 4288 Ἑδεῖτο
2685 4234 2743 4287 δὲ
2789 4234 2884 4288 καί
2915 4251 3059 4296 τινος
3105 4235 3198 4287 τοῦ
3231 4233 3366 4302 πρὸς
3415 4236 3587 4304 αὐτὴν
3611 4236 3739 4304 ὁδη-

2155 4328 2438 4398 γήσοντος.
2469 4328 2634 4379 Ἐπεὶ
2687 4327 2762 4398 μὴ
2810 4329 3072 4397 παρεῖχεν
3121 4325 3196 4389 ὡς
3236 4325 3385 4396 αὑτῷ
3417 4326 3651 4394 ἀρέσκον
3710 4328 3742 4396 ή

2170 4421 2492 4488 Ἀντιόχεια,
2547 4421 2625 4483 εἰς
2649 4419 2747 4490 τὴν
2775 4419 3010 4489 Ἔφεσον
3047 4418 3290 4490 οἴχεσθαι
3329 4420 3611 4482 διενοεῖτο,
3648 4422 3745 4472 ἀν-

475 4511 702 4574 tiochia,
729 4512 991 4580 cogitavit
1020 4510 1100 4564 ire
1124 4509 1424 4578 Ephesum,
1457 4524 1581 4563 cum
1615 4508 1861 4565 audisset
1892 4508 1947 4562 in
1986 4524 2049 4564 ea

2157 4513 2300 4584 δρῶν
2339 4513 2592 4581 εὐπορεῖν
2626 4513 2842 4582 ἐκείνην
2875 4511 3084 4582 μαθὼν,
3121 4512 3301 4564 αὐτῶν
3328 4513 3384 4565 δὲ
3415 4513 3554 4583 πρὸς
3578 4514 3741 4582 ἀκρί-

477 4616 599 4656 esse
661 4614 909 4669 magnam
976 4598 1218 4653 virorum
1266 4599 1504 4667 copiam,
1540 4598 1637 4666 qui
1673 4598 1741 4652 ad
1774 4612 2046 4652 summam

475 4694 735 4747 virtutem
799 4699 1184 4760 pervenerant.
1242 4688 1436 4745 Statim
1497 4704 1629 4758 ergo
1700 4693 2047 4762 contemptui

474 4785 698 4857 quidem
742 4795 826 4838 est
867 4783 1050 4837 habita
1085 4782 1314 4852 pulchra
1354 4780 1646 4836 Antiochia
1680 4803 1694 4837 :
1727 4782 2046 4852 despectmn

473 4889 657 4931 autem
694 4875 796 4929 fuit
823 4876 1127 4946 jucundum
1160 4875 1336 4928 solum
1369 4873 1584 4944 patriae,
1613 4874 1874 4944 neglectae
1917 4890 2048 4928 vero
2095 4889 2104 4898 ί

473 4968 770 5023 verborum
801 4967 1206 5026 contentiones.
1237 4976 1294 5020 et
1329 4969 1492 5019 inane
1538 4966 1736 5030 otium,
1807 4975 1861 5020 et
1935 4976 2048 5020 tota

473 5070 699 5112 externa
741 5058 830 5112 illa
869 5073 1053 5111 scena.
1098 5057 1294 5110 Divisa:
1323 5065 1508 5110 autem
1555 5065 1683 5110 sunt
1712 5056 2048 5125 pauperibus

473 5160 608 5214 opes
636 5145 999 5213 illaeingentes
1015 5143 1402 5214 etmagnificae,
1431 5145 2051 5215 eteumexcepitEphe-

475 5254 570 5294 sus
588 5240 793 5294 nudum
817 5239 940 5293 aliis
954 5239 1231 5293 omnibus.
1249 5237 1385 5293 Cum
1405 5238 1484 5292 sic
1499 5239 1864 5298 adventasset,
1893 5237 2046 5292 inve-

476 5332 558 5386 nit
601 5331 705 5386 sibi
741 5331 1076 5385 conveniens
1128 5329 1450 5399 hospitium.
1505 5329 1640 5384 Nam
1688 5329 1772 5382 vir
1822 5329 2044 5398 quidam

475 5436 600 5475 cutn
645 5435 815 5474 uxore
859 5435 985 5474 eum
1037 5419 1249 5490 accepit
1298 5420 1558 5488 hospitio,
1600 5421 1692 5488 qui
1724 5434 1833 5473 non
1877 5420 2050 5489 magis

472 5514 780 5569 communis
836 5528 1038 5567 mensa:
1082 5521 1139 5566 et
1187 5512 1318 5567 salis
1361 5513 1412 5566 ei
1465 5519 1626 5566 erant
1671 5511 1831 5576 socii,
1883 5529 2046 5582 qualn

475 5622 689 5660 morum
715 5618 767 5661 et
800 5606 1040 5671 virtutis,
1081 5614 1138 5660 et
1170 5605 1225 5658 in
1259 5604 1412 5658 omni
1448 5621 1506 5659 re
1527 5585 1944 5662 moderationis.

542 5695 630 5750 111.
661 5696 797 5751 lluic
823 5707 1006 5751 autem
1036 5695 1280 5766 pulchrae
1315 5695 1451 5765 biga:
1479 5705 1600 5749 erat
1636 5705 1802 5750 etzam
1830 5714 2043 5764 servus,

469 5789 563 5857 qui
596 5791 818 5844 virtutis
861 5789 1076 5843 ratione
1110 5795 1229 5842 erat
1261 5785 1428 5842 etiam
1474 5785 1718 5842 dominis
1749 5788 2045 5844 multo-ve-

2161 4603 2314 4656 σειαν
2352 4604 2552 4672 ἀρετῆς
2606 4601 2984 4673 πεφθακότων,
3038 4605 3130 4657 καὶ
3189 4603 3382 4668 ἄλλους
3408 4605 3478 4657 τά
3524 4607 3736 4675 μεγάλα

2159 4695 2388 4764 ὠφελεῖν
2437 4695 2768 4764 δυναμένων.
2824 4695 3030 4752 Αὐτίκα
3066 4695 3196 4763 γοῦν
3250 4697 3504 4766 ἠμελεῖτο
3560 4699 3658 4766 μὲν
3703 4701 3736 4768 ή

2160 4787 2298 4858 καλὴ
2327 4788 2664 4856 ’Λντιόχειαο
2697 4790 3025 4860 παρεωρᾶτο
3054 4788 3111 4842 δὲ
3141 4790 3202 4841 τὸ
3236 4790 3333 4860 ἡδὺ
3360 4794 3453 4859 τῆς
3483 4793 3740 4861 πατρίδες

2159 4879 2375 4946 ἔδαφος,
2409 4879 2636 4947 ἅμιλλαι
2667 4879 2727 4933 δὲ
2772 4880 2968 4950 λόγων,
3004 4883 3099 4936 καὶ
3128 4883 3160 4952 ἡ
3197 4883 3400 4952 ματαία
3429 4885 3615 4954 σχολὴ,
3645 4887 3736 4936 καὶ

2159 4974 2227 5024 τά
2250 4973 2347 5040 τῆς
2384 4971 2592 5041 σκηνῆς
2619 4973 2800 5026 πάντα
2837 4977 3244 5046 κατεφρονεῖτο.
3296 4977 3648 5046 Διεμερίζετο
3679 4978 3738 5031 δὲ

2157 5061 2272 5121 τοῖς
2311 5060 2506 5130 πένησι
2543 5063 2638 5114 καὶ
2674 5064 2701 5114 ό
2725 5062 2891 5127 πολὺς
2922 5065 3019 5117 καὶ
3066 5064 3345 5136 φιλότιμος
3369 5065 3620 5132 πλοῦτος,
3641 5084 3736 5120 και

2159 5151 2192 5220 ή
2229 5151 2462 5218 Ἔφεσος
2487 5153 2593 5206 τῶν
2622 5151 2800 5207 ἄλλων
2829 5156 3048 5210 πάντων
3086 5160 3298 5228 γυμνὸν
3322 5161 3531 5212 ἐκεῖνον
3559 5159 3741 5228 ἐδέχε-

2159 5259 2236 5297 το.
2283 5242 2468 5306 Οὕτως
2515 5247 2876 5318 ὲπιφοιτήσας
2905 5290 2920 5312 ,
2988 5252 3376 5322 προσήκουσαν
3423 5253 3574 5321 αὐτῷ
3644 5256 3737 5306 καὶ

2158 5333 2256 5405 τὴν
2312 5335 2492 5400 ξενίαν
2526 5339 2793 5410 εὑρίσκει.
2830 5340 2995 5413 ’Δνὴρ
3022 5345 3130 5414 γάρ
3165 5362 3248 5408 τις
3269 5344 3432 5399 αὐτὸν
3469 5346 3608 5415 μετά
3644 5364 3738 5412 γυ·-

2157 5427 2340 5489 ναικὸ;
2371 5427 2606 5494 ἐξένιζεν
2639 5431 2699 5482 οὐ
2729 5432 2930 5501 μᾶλλον
2954 5435 3134 5502 κοινῆς
3159 5437 3438 5504 τραπέζης
3472 5440 3566 5489 καὶ
3594 5436 3738 5490 ἀλῶν

2158 5520 2306 5590 αὐτῴ
2345 5523 2726 5585 κοινωνοῦντες
2782 5524 2812 5593 ἢ
2866 5525 3090 5596 τρόπων
3131 5529 3225 5580 καὶ
3253 5529 3469 5599 ἀρετῶν
3508 5527 3738 5598 καὶτῆς

2156 5609 2226 5663 δι’
2253 5613 2512 5665 ἁπάντων
2542 5614 2864 5675 ἐπιεικείας.

2229 5701 2304 5758 1".
2335 5698 2442 5756 Ἦν
2476 5703 2532 5758 δὲ
2566 5708 2632 5776 τῇ
2666 5707 2803 5776 καλῇ
2839 5706 3087 5780 ξυνωρίδι
3115 5710 3288 5784 ταύτῃ
3320 5713 3411 5765 καὶ
3449 5712 3635 5775 δοῦλος
3669 5715 3729 5765 ἐν

2156 5792 2358 5864 ἀρετῆς
2423 5795 2564 5866 λόγῳ
2617 5795 2796 5866 πολλῷ
2851 5799 2959 5853 τῶν
2998 5801 3273 5858 δεσποτῶν
3328 5803 3653 5877 τιμιώτερος
3691 5797 3736 5872 ᾧ
