4120 6378
352 355 457 418 709

1241 359 1419 419 VITA
1464 359 1523 420 S.
1569 355 1962 418 MARCELLI
2005 357 2708 426 ARCHIMANDRITE.

3512 367 3619 429 710

347 472 587 540 τοσαύτη
642 473 838 546 περιῆν
875 475 972 545 τῆς
1025 472 1206 545 ψυχῆς
1245 474 1532 546 ἐλευθερία
1561 492 1621 529 τε
1657 476 1755 529 καὶ
1784 476 1946 545 εύγέ-

2050 481 2506 538 nerabiliorzcui
2563 495 2710 540 tanta
2758 483 2938 539 inerat
2987 484 3153 539 animi
3209 485 3518 556 ingenuitas
3561 496 3620 540 ct

348 583 492 627 νεια.
529 566 604 626 ὡς
636 565 732 620 καὶ
761 566 966 637 ταύτης
995 567 1172 638 δήπου
1201 568 1301 636 τῆς
1349 568 1457 622 τῶν
1485 568 1765 622 δεσποτῶν
1808 570 1938 638 ἀρε-

347 655 448 728 τῆς
473 658 685 710 έκεῖνον
710 659 969 725 γενέσθαι
998 659 1162 727 φασιν
1192 661 1388 724 αῐτιον,
1421 662 1515 716 καὶ
1545 661 1735 716 δοῦλον
1769 660 1938 731 ὀφθῆ-

346 769 437 807 νιι
460 752 752 817 δεσπόταις
813 752 1072 807 τοιούτων
1122 755 1348 824 ἀγαθῶν
1399 756 1683 827 πρόξενον.
1717 750 1793 812 Οὗ
1834 759 1933 812 καὶ

349 844 488 899 ἄλλα
516 844 768 913 ὑμνεῖται
803 844 995 910 πολλὰ,
1051 848 1187 917 πρὸς
1222 847 1279 900 δὲ
1337 850 1431 902 καὶ
1460 848 1542 902 ὅτι
1576 848 1839 912 πολλάκις
1880 851 1939 902 ὲν

346 938 462 999 τοῖς
499 935 630 1007 περὶ
666 937 767 1007 τὴν
787 936 945 993 πόλιν
974 938 1328 1010 άσκητηρίοις
1371 941 1482 994 τῶν
1519 940 1709 995 πυλῶν
1745 942 1937 1006 αὐταῖς

349 1027 559 1082 κλεισὶν
594 1023 657 1082 εὖ
686 1029 1055 1100 ἡρμοσμένων
1081 1070 1097 1096 ,
1137 1026 1297 1097 οὗτος
1326 1030 1485 1106 ’ἀωρὶ
1520 1035 1632 1089 τῶν
1693 1036 1931 1101 νυκτῶν,

352 1120 582 1189 nam;
627 1119 781 1191 αὐτῷ
831 1121 1195 1191 διανοίγοντος
1221 1161 1239 1187 ,
1297 1125 1463 1195 μέσος
1499 1126 1768 1197 έφίστατο
1821 1132 1936 1192 τοῖς

347 1210 620 1282 ἀσκηταῖς
640 1211 849 1284 ᾅδουσι.
886 1215 997 1269 Καὶ
1039 1215 1198 1271 τοῦτο
1222 1217 1322 1288 οὐχ
1359 1218 1528 1285 ἅπαξ,
1559 1219 1700 1275 ἀλλὰ
1737 1220 1936 1275 πολλάο

349 1319 439 1365 κις
466 1303 780 1373 γινόμενον,
813 1309 1049 1378 φανερόν
1090 1325 1153 1363 τε
1184 1308 1499 1376 καθίστατο,
1531 1313 1625 1367 καὶ
1659 1313 1755 1367 τοῦ
1806 1314 1937 1386 περὶ

349 1392 516 1449 αὐτοῦ
542 1395 705 1463 λόγου
734 1397 829 1468 τὴν
850 1397 1007 1452 πόλιν
1034 1399 1300 1471 ἐπλήρου.
1344 1403 1557 1471 Ὀνομα
1586 1402 1642 1456 δὲ
1664 1402 1744 1473 τῷ
1777 1404 1938 1473 εὐγε-

348 1487 432 1540 νεῖ
456 1486 651 1557 τούτῳ,
694 1488 899 1557 μᾶλλον
934 1488 993 1545 δι
1041 1491 1123 1563 τῷ
1176 1493 1372 1565 ἀληθεῖ
1401 1493 1500 1548 τοῦ
1552 1495 1686 1548 Θεοῦ
1740 1495 1932 1568 δούλῳ,

353 1579 659 1648 Πρόμοτος.
691 1575 859 1647 Οὗτος
882 1577 953 1654 ἦν
974 1585 1002 1637 6
1022 1585 1307 1656 Πρόμοτος
1329 1587 1429 1641 οὐκ
1458 1586 1648 1655 ὀλίγας
1667 1589 1762 1642 καὶ
1783 1590 1939 1662 Μαρ-

353 1669 529 1741 κέλλῳ
551 1670 727 1736 διδοὺς
756 1674 893 1744 πρὸς
919 1674 1124 1746 ἀρετὴν
1144 1677 1422 1751 ἀφορμάς.
1445 1679 1616 1733 Τοῦτο
1642 1682 1750 1753 γάρ
1772 1680 1935 1753 ἔργον

357 1761 508 1833 αὐτῷ
543 1761 880 1833 πανταχόθεν
908 1764 978 1818 τὰ
1001 1764 1143 1820 καλὰ
1178 1767 1477 1837 συλλέγειν,
1521 1770 1615 1824 καὶ
1643 1769 1835 1842 ὥσπερ
1871 1775 1934 1826 ἐκ

2051 574 2338 637 nobilitas,
2391 584 2452 629 ut
2502 574 2668 646 hujus
2727 575 3078 631 dominorum
3132 575 3356 630 virtutis
3401 575 3514 641 ille,
3561 584 3622 629 nt

2043 663 2220 728 aiunt,
2250 679 2374 719 esse
2403 674 2617 731 auctor,
2667 675 2723 721 et
2751 666 2906 722 visus
2951 666 3025 721 sit
3054 681 3248 723 servus
3295 677 3403 721 tam
3449 667 3621 721 multa

2040 752 2282 809 dominis
2318 753 2462 808 bona
2513 755 2862 810 conciliasse.
2916 753 3089 827 Cujus
3134 765 3192 810 et
3235 755 3344 811 alia
3397 754 3619 825 quidem

2040 843 2215 899 multa
2239 843 2559 909 laudantur,
2589 855 2646 902 et
2670 846 2776 901 boc
2804 847 2955 902 inter
2985 855 3205 914 caetera,
3233 846 3381 916 quod
3418 847 3471 901 in
3503 861 3626 901 mo-

2040 936 2319 1004 nasteriis,
2363 951 2487 1007 quae
2528 947 2690 995 erant
2744 939 2800 993 in
2849 939 3094 1007 civitate,
3144 938 3319 1009 portis
3374 938 3625 994 clavibus

2039 1037 2189 1083 recte
2218 1029 2448 1093 clausis,
2484 1030 2532 1085 is
2560 1031 2893 1101 intempesta
2922 1040 3106 1090 nocte.
3138 1033 3360 1085 nemine
3400 1030 3450 1085 ei
3493 1045 3623 1098 ape.

2043 1120 2242 1182 riente,
2278 1122 2497 1176 astabat
2528 1122 2583 1177 in
2624 1123 2806 1177 medio
2841 1122 3238 1178 monachorum
3282 1124 3622 1176 canentium.

2042 1210 2212 1282 quue
2245 1227 2370 1267 cum
2405 1229 2514 1268 non
2567 1213 2763 1278 semel,
2796 1214 2890 1269 sed
2919 1227 3064 1282 sazpe
3092 1213 3268 1275 ﬁeret,
3300 1211 3475 1267 evasit
3510 1226 3626 1265 ma-

2038 1301 2332 1363 nifestum,
2378 1302 2529 1358 etde
2562 1303 2665 1359 bac
2698 1319 2758 1358 re
2786 1318 2969 1359 sermo
3006 1312 3177 1357 totam
3220 1301 3470 1373 implevit
3497 1301 3629 1382 rivi:

2042 1399 2232 1447 tatem.
2280 1390 2421 1447 lluic
2470 1402 2654 1447 autem
2700 1395 2962 1464 ingenuo,
3010 1394 3096 1448 vel
3126 1408 3260 1448 vero
3311 1392 3495 1462 potius
3529 1385 3625 1445 De‘

2038 1497 2222 1545 servo.
2251 1499 2452 1539 nomen
2509 1496 2627 1540 erat
2660 1486 2974 1542 Promotus.
3026 1484 3125 1540 Hic
3150 1500 3281 1554 ergo
3308 1484 3623 1546 Promotus,

2038 1573 2300 1630 Marcello
2327 1590 2550 1646 quoque
2576 1592 2686 1631 non
2720 1593 2894 1647 pauca
2925 1577 2990 1631 ad
3036 1576 3296 1631 virtutem
3331 1574 3485 1631 dedit
3541 1575 3628 1626 in-

2040 1665 2363 1720 citatnenta.
2415 1666 2473 1721 lu
2508 1667 2612 1721 hoc
2645 1667 2796 1721 enim
2851 1667 2921 1722 ab
2958 1682 3026 1722 eo
3065 1666 3380 1736 ponebatur
3432 1678 3625 1733 Opera,

2038 1766 2100 1811 ut
2128 1772 2251 1827 quae
2281 1757 2512 1813 honesta
2554 1768 2700 1828 sunt;
2747 1758 2991 1829 undique
3035 1759 3341 1829 Colligeret,
3412 1766 3470 1811 et
3507 1765 3629 1810 tan-

353 1830 563 1905 πολλῶν
591 1830 801 1907 ἀνθέων
830 1854 1058 1909 πλέκειν
1094 1856 1279 1928 ἑαυτῷ
1320 1830 1413 1912 τον
1451 1830 1550 1929 τῆς
1578 1860 1783 1932 ἀρετῆς
1804 1830 1923 1916 ’στέι

2050 1866 2207 1921 quam
2238 1867 2306 1906 ex
2338 1851 2527 1906 multis
2562 1850 2792 1907 tioribus
2819 1851 2925 1906 sibi
2947 1850 3168 1905 virtutis
3191 1862 3452 1903 coronam
3491 1862 3627 1902 eon-

352 1960 542 2010 φανον.
566 1943 723 1999 Μετὰ
750 1946 807 1999 δὲ
846 1946 957 1999 τῶν
995 1947 1173 2002 ἄλλων
1210 1949 1393 2003 καλῶν
1423 1943 1499 2005 ὧν
1529 1951 1645 2022 ἔχει
1673 1952 1936 2022 Μάρκελ-

352 2036 440 2098 λος
469 2036 718 2106 ὑπῆρχεν
740 2035 886 2107 αύτῷ
918 2041 1013 2090 καὶ
1040 2037 1100 2090 τὸ
1124 2038 1359 2109 γράφειν
1382 2042 1463 2103 είς
1491 2041 1708 2103 κάλλος.
1728 2042 1941 2113 Ἔγρα-

354 2142 455 2196 φεν
482 2125 577 2180 οὖν
602 2131 722 2191 ταῖς
756 2130 915 2199 χερσὶ
947 2129 1043 2182 καὶ
1074 2130 1282 2197 ἐπόνει,
1321 2134 1415 2185 καὶ
1453 2132 1550 2187 τοῦ
1595 2134 1810 2187 ἐκεῖθεν
1840 2133 1938 2186 αύο

352 2221 434 2283 τῷ
462 2219 825 2290 ποριζομένου
875 2220 1071 2291 μισθοῦ
1104 2222 1272 2293 μέρος
1317 2240 1371 2276 τι
1404 2225 1539 2295 πρὸς
1580 2224 1680 2288 τὰς
1701 2225 1796 2279 τοῦ
1836 2226 1940 2278 σώ-

359 2325 531 2380 ματος
567 2309 878 2365 ἀναλίσκων
938 2312 1151 2383 χρείας,
1210 2317 1271 2367 τὸ
1324 2315 1510 2369 λοιπὸν
1545 2318 1779 2385 παρεῖχε
1826 2319 1939 2382 τοῖς

354 2401 652 2470 δεομένοις.
686 2402 912 2458 Ἦνύετο
948 2403 1007 2458 δὲ
1049 2405 1199 2475 αύτῷ
1231 2406 1328 2459 σὺν
1361 2407 1439 2475 τῷ
1466 2407 1603 2479 ἐλέῳ
1637 2409 1733 2462 καὶ
1761 2410 1941 2464 δικαι-

356 2492 557 2561 οσύνης
615 2492 979 2566 κατόρθωμα.
1035 2496 1098 2550 Et
1135 2495 1247 2567 γάρ
1276 2497 1465 2552 πλεῖον
1492 2499 1645 2569 αὐτῷ
1676 2500 1772 2554 τοῦ
1802 2516 1941 2571 γρα-

359 2584 553 2653 φέντος
578 2585 607 2638 6
637 2584 834 2654 μισθὸς
870 2584 1206 2658 ητεόλήθη,
1239 2589 1268 2640 6
1306 2587 1362 2641 δὲ
1392 2589 1494 2642 οὐκ
1524 2588 1791 2659 ἠνείχετο,
1821 2589 1939 2644 ἀλλ’

359 2677 414 2730 εῖ
438 2693 495 2729 τι
517 2677 840 2747 περιττεῦον
874 2672 966 2749 ἦν,
993 2678 1331 2751 ἀντέστρεφε
1357 2681 1496 2751 πρὸς
1519 2681 1612 2735 τὸν
1643 2682 1935 2738 δεδωκότα.

362 2769 473 2825 Καὶ
497 2766 644 2823 οὕτω
698 2767 953 2839 διέμενεν
980 2769 1191 2840 ἡμέρας
1242 2772 1343 2841 μὲν
1371 2774 1437 2842 τῇ
1474 2776 1663 2845 γραφῇ
1698 2790 1943 2845 προστα-

2045 1952 2277 1998 texeret.
2341 1942 2478 1998 Cum
2526 1943 2648 1997 aliis
2705 1957 2887 1998 autem
2958 1942 3144 2009 bonis,
3195 1956 3318 2010 quae
3387 1939 3628 1993 habebat

2042 2035 2351 2099 Marcellus,
2403 2036 2506 2091 hoc
2567 2051 2788 2106 quoque
2832 2036 2884 2090 ei
2923 2036 3123 2096 inerat,
3158 2033 3302 2103 quod
3350 2031 3627 2087 scribebat

2042 2126 2436 2196 pulcherrime.
2477 2127 2768 2183 Scribebat
2802 2142 2958 2197 ergo,
3011 2135 3066 2180 et
3117 2124 3407 2180 laborabat
3451 2125 3628 2177 mani-

2044 2217 2195 2272 bus:
2234 2229 2291 2272 et
2343 2218 2643 2282 mercedis,
2686 2233 2808 2287 qua:
2857 2218 3008 2272 illinc
3054 2222 3105 2272 ei
3149 2214 3623 2287 suppeditabatur,

2043 2317 2255 2378 partem
2303 2307 2545 2379 aliquam
2600 2308 2959 2363 consumebat
3020 2307 3088 2362 ad
3143 2323 3274 2362 usus
3326 2304 3577 2375 corporis
3607 2342 3623 2365 .

2043 2400 2312 2470 reliquam
2340 2415 2471 2456 vero
2503 2400 2785 2471 praebebat
2808 2400 3113 2471 egentibus.
3150 2399 3267 2455 Una
3290 2407 3472 2453 autem
3500 2411 3625 2451 cum

2043 2491 2446 2556 misericordia,
2484 2506 2546 2547 se
2578 2501 2727 2547 recte
2784 2507 3006 2562 quoque
3043 2490 3273 2562 gerebat
3306 2490 3361 2544 in
3387 2487 3624 2560 justitia.

2042 2582 2178 2639 Nam
2216 2584 2262 2639 si
2309 2585 2482 2654 major
2521 2584 2572 2639 ei
2623 2584 2801 2639 soluta
2832 2591 2982 2640 esset
3032 2598 3271 2645 merces.
3312 2595 3478 2651 quam
3526 2595 3628 2650 pro

2048 2677 2341 2746 scriptura:
2367 2691 2562 2746 opera.
2599 2675 2693 2729 ille
2741 2690 2852 2730 non
2885 2674 3196 2729 sustinebat
3227 2690 3243 2727 :
3278 2672 3375 2727 sed
3406 2673 3451 2726 si
3491 2671 3625 2741 quid

2042 2776 2164 2824 erat
2197 2766 2454 2837 amplius,
2496 2766 2767 2821 reddebat
2793 2766 2846 2820 ei
2885 2765 2981 2834 qui
3016 2764 3268 2819 dederat.
3321 2761 3389 2816 Et
3423 2761 3502 2814 sic
3537 2759 3623 2812 in-

361 2861 679 2931 λαιπωρῶν,
720 2861 817 2915 καὶ
842 2860 919 2926 ὡς
954 2864 1026 2915 τὰ
1050 2861 1169 2915 θεῖά
1197 2880 1329 2931 φασι
1347 2863 1529 2931 λόγια,
1558 2866 1619 2918 τὸ
1645 2864 1808 2935 ἔργον
1833 2866 1941 2920 τῶν

2050 2859 2225 2915 terdiu
2258 2859 2481 2929 quidem
2514 2857 2903 2929 perseverabat
2934 2856 3183 2911 laborare
3213 2855 3267 2909 in
3306 2851 3623 2916 scribendo,

361 2955 562 3025 χειρῶν
592 2955 759 3009 αὑτοῦ
815 2956 953 3026 πρὸς
1017 2956 1150 3011 Θεὸν
1188 2957 1576 3012 κατευθύνων
1623 2958 1831 3024 νύκτας
1881 2961 1940 3015 δὲ

2050 2960 2101 3007 et
2123 2951 2268 3007 sicut
2301 2950 2456 3005 aiunt
2489 2949 2674 3004 divina
2714 2949 2970 3018 Eloquia,
3016 2961 3157 3017 opus
3202 2960 3463 3001 manuum
3501 2958 3625 2998 sua-

366 3048 555 3117 axedw
591 3049 773 3112 πάσας
801 3050 881 3113 είς
931 3050 1098 3120 εὐχὴν
1134 3050 1462 3115 ἀναλίσκων,
1494 3053 1590 3104 καὶ
1623 3052 1710 3108 διὰ
1740 3053 1941 3124 ταύτης

2050 3060 2173 3099 rum
2226 3042 2510 3114 dirigens:
2550 3051 2715 3096 totam
2772 3052 2953 3096 autem
3002 3040 3118 3096 fere
3166 3049 3385 3095 noctem
3423 3051 3629 3092 consu-

363 3140 536 3210 ἡδέως
571 3141 777 3211 ὁμιλῶν
793 3141 913 3211 Θεῷ
943 3148 1036 3194 καὶ
1060 3141 1375 3212 ένούμενος.
1410 3145 1472 3196 Ei
1501 3144 1559 3197 δέ
1596 3162 1700 3198 που
1725 3145 1821 3198 καὶ
1854 3162 1944 3216 μι-

2052 3135 2235 3189 mebat
2284 3134 2339 3187 in
2372 3133 2643 3193 oratione.
2689 3140 2745 3187 et
2778 3148 2874 3203 per
2907 3148 3028 3187 eam
3058 3147 3184 3186 eum
3217 3131 3330 3186 Deo
3383 3127 3629 3201 jucunde

367 3233 497 3301 κρόν
521 3249 573 3286 τι
602 3231 683 3303 τῷ
732 3230 887 3304 ὕπνῳ
932 3235 1200 3304 ἀπένειμε
1232 3235 1300 3289 δι’
1345 3236 1515 3306 αὐτὴν
1556 3237 1808 3308 ἀνάγκην
1851 3237 1947 3291 τοῦ

369 3324 643 3393 σώματος,
686 3324 804 3378 ἀλλ’
835 3325 957 3379 οὐδὲ
1004 3326 1156 3397 αὐτῷ
1190 3326 1383 3381 ἄνετον
1408 3324 1496 3400 ἦν,
1539 3328 1657 3381 ἀλλ’
1685 3330 1951 3383 ἐπίπονον

368 3415 466 3469 καὶ
504 3416 936 3487 κεκολασμένον.
966 3416 1124 3471 υῦτω
1150 3421 1260 3482 πᾶς
1297 3421 1325 3472 ὁ
1358 3419 1551 3490 χρόνος
1588 3421 1738 3489 αύτῷ
1772 3422 1952 3476 πόνων

368 3522 428 3559 τε
476 3508 572 3560 καὶ
602 3506 788 3563 κόπων
810 3510 906 3563 καὶ
933 3508 1162 3578 ἀγώνων
1196 3512 1391 3581 μεστδς
1423 3507 1512 3584 ἦν.

439 3668 517 3721 Δ’.
540 3664 809 3730 Ἀκούσας
838 3666 895 3722 δέ
928 3685 1049 3722 τινα
1074 3668 1431 3740 Ἀλέξανδρον
1458 3672 1597 3742 πρὸς
1629 3673 1725 3745 τὴν
1750 3674 1951 3745 ἀρετὴν

368 3758 772 3831 ἁπαράμιλλον,
812 3758 993 3829 πλήρη
1036 3759 1136 3831 μὲν
1165 3760 1380 3829 σοφίας,
1412 3762 1593 3833 πλήρη
1629 3762 1686 3816 δὲ
1721 3780 1953 3834 ποιμαν-

369 3853 527 3923 τικῆς
571 3850 858 3921 ἀκριϐείας
889 3852 985 3903 καὶ
1013 3850 1204 3922 ψυχῶν
1239 3855 1598 3924 προστασίας,
1624 3856 1715 3907 ἐπὶ
1741 3855 1952 3909 πολλῶν

370 3942 492 3996 τότε
517 3940 763 4014 σωτηρίᾳ
779 3943 845 4014 τῇ
870 3939 1140 4007 Βύζαντος
1159 3943 1615 4014 ἐπιχωριάζοντα,
1639 3945 1822 4000 οὐκέτι
1842 3949 1954 4009 τοῖς

374 4032 613 4106 παροῦσι
646 4035 832 4105 μένειν
866 4035 1084 4105 ⁴Ιγγάπα,
1140 4037 1278 4091 ἀλλὰ
1309 4037 1620 4108 κρείττονος
1666 4028 1954 4108 ἐφιέμενος

373 4125 623 4197 ἀγωγῆς,
653 4128 680 4181 ὅ
716 4144 772 4181 τι
799 4127 1033 4199 τάχιστα
1067 4128 1203 4200 πρὸς
1231 4128 1395 4183 αὐτὸν
1433 4128 1645 4198 ἐφοίτα.
1693 4129 1804 4184 Καὶ
1830 4130 1955 4185 τότε

378 4219 478 4290 μὲν
498 4220 693 4284 όθεῖος
722 4218 1081 4291 Ἀλέξανδρος
1118 4222 1254 4293 πρὸς
1286 4222 1365 4294 τῷ
1396 4222 1531 4294 ίερῷ
1556 4223 1691 4293 οῖκῳ
1725 4221 1822 4276 τοῦ
1862 4240 1957 4295 με-

376 4312 544 4382 γάλου
569 4314 626 4365 ἐν
650 4312 897 4385 μάρτυσι
925 4315 1026 4385 τὴν
1054 4314 1293 4387 ἄσκησιν
1318 4314 1668 4369 ἐπεδείκνυτο
1687 4329 1702 4345 ⁸
1727 4313 1854 4368 ﬁcte
1864 4331 1955 4385 ρον

375 4405 431 4460 δὲ
484 4406 624 4475 πρὸς
689 4405 839 4477 αύτῷ
879 4406 960 4478 τῷ
1019 4405 1115 4460 τοῦ
1177 4409 1381 4462 Πόντου
1446 4406 1677 4478 στόματι
1753 4406 1955 4478 σεμνὸν

377 4496 619 4569 ἱδρύεται
674 4499 1114 4569 φροντιστήριον.
1167 4498 1341 4563 Οὗτος
1397 4498 1493 4554 καὶ
1533 4499 1700 4570 νόμον
1739 4499 1954 4568 εἰσάγει
1985 4496 2030 4552 D

377 4590 567 4643 καινὸν
604 4589 726 4662 μὲν,
753 4590 893 4645 ἀλλὰ
924 4590 1032 4644 τῶν
1055 4591 1370 4662 ἁπανταχοῦ
1426 4592 1716 4648 κάλλιστον
1736 4609 1751 4625 ’
1787 4592 1952 4664 μηδὲ,

376 4697 511 4735 ποτε
538 4683 647 4734 τῶν
670 4682 747 4744 είς
770 4680 903 4734 Θεδν
931 4679 1122 4750 ὓμνων
1159 4684 1222 4736 τὸ
1278 4682 1502 4753 συνεχὲς
1539 4681 1953 4748 διακόπτεσθαι,

379 4772 520 4826 ἀλλὰ
552 4775 619 4844 τῇ
674 4773 816 4827 κατὰ
839 4772 1088 4845 διαδοχὴν
1136 4773 1248 4828 τῶν
1286 4773 1747 4846 λειτουργούντων
1789 4773 1957 4827 ὑπαλ-

381 4861 525 4933 λαγῇ
581 4861 682 4934 τὴν
715 4862 980 4934 ἀσίγητον
1022 4864 1231 4935 ταύτην
1265 4864 1362 4919 καὶ
1407 4863 1687 4917 ἄπαυστον
1733 4863 1812 4933 τῷ
1863 4863 1960 4914 Δε-

382 4956 559 5027 σπότῃ
605 4956 1009 5029 περιποιεῖσθαι
1060 4956 1395 5026 δοξολογίαν.
1453 4957 1547 5029 Τῷ
1594 4955 1726 5025 θείῳ
1774 4954 1958 5010 τοίνυν

395 5046 735 5119 Ἀλεξάνδρῳ
772 5047 866 5101 τὸν
921 5048 1244 5119 Μάρκελλον
1278 5050 1458 5102 ἐκεῖσε
1506 5046 1958 5119 παραγενόμενον

382 5139 412 5192 6
444 5141 681 5210 χρηστὸς
718 5142 944 5194 συνίστα
971 5139 1256 5206 Ἰάκωϐος,
1307 5140 1365 5204 ὃς
1398 5141 1641 5211 συνήθης
1681 5138 1782 5210 μὲν
1824 5137 1960 5207 πρό-

382 5246 540 5301 τερον
565 5231 801 5302 ἐγενήθη
848 5232 1190 5304 Μαρκέλλῳ,
1231 5231 1572 5304 Ἀλεξάνδρῳ
1606 5233 1663 5286 δὲ
1692 5231 1958 5302 φοιτήσας

386 5322 602 5390 πρῶτος
655 5324 805 5395 αύτῷ
852 5326 910 5379 ὲν
973 5324 1243 5397 μαθηταῖς
1279 5321 1368 5399 ἦν.
1427 5320 1599 5390 Οὗτος
1637 5326 1825 5397 ἔχαιρε
1857 5326 1958 5397 μὲν

396 5414 733 5486 Ἀλεξάνδρῳ
782 5416 1228 5489 μαθητευόμενος
1253 5458 1269 5486 ,
1315 5418 1438 5488 ἠνία
1481 5418 1537 5473 δὲ
1574 5418 1737 5472 αὑτὸν
1764 5419 1846 5473 ὅτι
1880 5421 1957 5491 μὴ

387 5505 481 5557 καὶ
513 5506 837 5578 Μάρκελλον
865 5504 979 5580 εἶχε
1018 5510 1422 5582 συμφοιτητήν.

458 5688 533 5745 E'.
560 5690 717 5744 Ἐπεὶ
736 5690 831 5745 οὖν
864 5694 959 5748 καὶ
987 5693 1191 5765 ἥκοντα
1228 5689 1390 5758 εῐδεν,
1425 5693 1659 5766 ἄσμενος
1689 5694 1958 5764 προσάγει

388 5779 466 5854 τῷ
483 5781 811 5857 διδασκάλῳ,
833 5784 953 5841 καὶ.
987 5777 1159 5853 Οὗτός
1180 5787 1321 5857 ἐστι,
1343 5786 1515 5859 λέγει,
1540 5787 1738 5862 πάτερ,
1763 5787 1822 5853 ὃς
1854 5787 1962 5861 ἄρα

2053 3225 2407 3296 loquebatur,
2442 3233 2498 3279 et
2528 3225 2577 3278 ei
2622 3223 2940 3279 uniebatur.
2987 3223 3045 3279 Si
3088 3238 3221 3278 vero
3252 3237 3448 3294 parum
3489 3220 3627 3291 quid

2052 3333 2248 3373 somno
2277 3332 2499 3387 quoque
2544 3315 2813 3371 tribueret
2842 3330 3065 3386 propter
3098 3314 3480 3370 necessitatem
3502 3327 3627 3367 cor~

2055 3409 2227 3481 poris,
2263 3425 2333 3464 ue
2365 3409 2471 3463 hoc
2498 3408 2722 3478 quidem
2752 3418 2873 3464 erat
2907 3409 3226 3471 remissum,
3261 3408 3359 3462 sed
3393 3404 3629 3460 laborio—

2054 3518 2177 3558 sum
2211 3512 2270 3557 et
2303 3502 2653 3572 castigatum.
2692 3502 2785 3557 Sic
2812 3501 2864 3557 ei
2898 3501 3218 3556 universum
3256 3508 3471 3568 tempus
3510 3504 3631 3552 erat

2055 3593 2341 3649 laboribus
2372 3594 2594 3662 plenum
2629 3603 2686 3649 et
2712 3593 3129 3648 certaminibus.

2123 3683 2211 3739 IV.
2270 3684 2406 3738 Cum
2436 3693 2618 3738 autem
2665 3682 2931 3738 audiisset
2992 3681 3385 3745 Alexandrum,
3446 3681 3627 3735 virum

2055 3776 2346 3846 quemdam
2376 3776 2579 3829 virtute
2609 3774 3121 3844 incomparabilem,
3152 3774 3374 3843 plenum
3405 3772 3626 3841 quidem

2055 3867 2346 3940 sapientia,
2380 3868 2604 3937 plenum
2645 3876 2698 3922 et
2732 3868 2996 3937 pastorali
3028 3866 3400 3921 sollicitudine
3425 3875 3481 3918 et
3507 3863 3631 3917 dili-

2054 3959 2237 4031 gentia
2269 3972 2511 4027 curaque
2538 3956 2868 4022 animarum,
2902 3958 2967 4011 ad
2998 3957 3297 4011 multorum
3329 3964 3459 4010 tunc
3484 3954 3632 4007 salu-

2059 4063 2167 4108 ten:
2200 4050 2400 4122 degere
2444 4048 2717 4121 Byzantii.
2770 4066 2878 4103 non
2922 4048 3078 4104 duxit
3108 4062 3230 4104 esse
3259 4047 3364 4102 sibi
3404 4061 3632 4100 manen-

2055 4141 2185 4197 dum
2238 4141 2294 4195 in
2362 4139 2727 4211 praesentibus
2761 4157 2775 4194 :
2809 4139 2905 4194 sed
2956 4139 3284 4194 desiderans
3341 4136 3628 4191 meliorem

2055 4233 2182 4289 vitae
2219 4232 2653 4296 institutionem,
2681 4229 2747 4284 ad
2779 4244 2907 4283 eum
2940 4227 3094 4284 venit
3122 4243 3283 4299 quam
3319 4225 3626 4282 celerrime.

2056 4325 2125 4381 Et
2179 4334 2320 4392 tunc,
2352 4322 2577 4394 quidem
2632 4321 2857 4377 divinus
2911 4320 3222 4377 Alexander
3289 4319 3344 4373 in
3426 4318 3630 4387 templo

2059 4416 2240 4485 magni
2271 4416 2527 4486 martyris
2556 4415 2725 4469 Mena:
2770 4411 3138 4469 exercebatur
3168 4429 3184 4479 ;
3227 4423 3419 4482 postea
3444 4419 3627 4463 autent

2061 4509 2115 4563 in
2167 4507 2288 4577 ipso
2317 4522 2538 4577 quoque
2591 4506 2732 4562 ostio
2785 4506 2945 4561 Ponti
2992 4505 3369 4560 venerandum
3435 4502 3632 4557 statuit

2059 4599 2479 4654 monasterium.
2526 4597 2585 4652 ιη
2626 4613 2738 4668 quo
2795 4611 2994 4653 novam
3042 4596 3291 4666 quidem,
3336 4593 3432 4650 sed
3470 4594 3628 4663 longe

2059 4692 2306 4748 omnium
2330 4690 2779 4762 pulcherrimam,
2805 4689 2980 4760 legem
3008 4689 3288 4759 imposuit,
3312 4696 3372 4741 ut
3400 4688 3632 4758 hymno-

2060 4799 2178 4838 rum
2212 4781 2281 4837 ad
2315 4782 2487 4838 Deum
2518 4797 2796 4851 nunquam
2823 4781 3322 4851 interrumperetur
3349 4777 3630 4847 perpetui-

2060 4883 2162 4939 tas,
2222 4872 2319 4927 sed
2343 4886 2442 4941 per
2466 4870 2611 4926 vices
2641 4870 2867 4926 mutatis
2897 4868 3181 4931 ministris,
3208 4868 3323 4922 haec
3348 4881 3630 4935 nunquam

2061 4964 2233 5020 silens
2266 4974 2323 5018 et
2358 4977 2637 5033 nunquam
2685 4961 3089 5031 conquiescens
3130 4957 3467 5013 tribueretur
3518 4957 3631 5010 Deo

2058 5053 2408 5128 gloriﬁcatio.
2426 5055 2623 5109 Divino
2647 5069 2779 5124 ergo
2806 5052 3117 5108 Alexandro
3139 5048 3474 5112 Marcellum,
3502 5062 3629 5102 cum

2063 5149 2194 5205 illuc
2230 5147 2574 5212 accessisset,
2623 5148 2803 5201 bonus
2839 5142 3188 5199 commendat
3216 5140 3454 5197 Jacobus
3485 5156 3498 5191 :
3535 5138 3630 5208 qui

2061 5242 2216 5312 prius
2243 5240 2467 5311 quidem
2502 5238 2756 5294 Marcello
2785 5237 2963 5291 fuerat
2989 5233 3268 5289 familiaris
3300 5249 3315 5285 :
3342 5246 3468 5285 cum
3499 5246 3631 5284 ven-

2063 5332 2279 5388 titasset
2312 5338 2495 5385 autem
2526 5328 2595 5382 ad
2626 5326 2995 5382 Alexandrum
3019 5363 3034 5389 ,
3065 5332 3184 5378 erat
3213 5324 3264 5377 ei
3297 5322 3508 5393 primus
3549 5320 3634 5374 in—

2066 5439 2148 5480 ter
2174 5423 2495 5492 discipulos.
2545 5419 2592 5475 Is
2636 5434 2769 5474 vero
2815 5417 3093 5488 gaudebat
3127 5414 3350 5482 quidem
3405 5429 3465 5471 se
3509 5427 3632 5471 esse

2063 5514 2356 5569 Alexandri
2385 5511 2749 5581 discipulum;
2789 5509 2933 5566 male
2981 5516 3165 5565 autem
3195 5524 3323 5564 eum
3374 5508 3634 5573 habebat,

2065 5604 2212 5675 quod
2248 5620 2356 5658 non
2384 5602 2451 5657 ad
2484 5602 2661 5671 ipsum
2698 5615 2918 5671 quoque
2968 5598 3267 5655 ventitaret
3316 5598 3629 5655 Marcellus.
3660 5598 3687 5613 "

2135 5693 2201 5748 V.
2232 5690 2524 5762 Postquam
2560 5705 2693 5761 ergo
2722 5702 2849 5745 eum
2878 5686 3017 5743 vidit
3040 5685 3377 5751 venientem,
3407 5700 3533 5742 eum
3562 5683 3629 5738 li-

2068 5784 2261 5844 benter
2292 5781 2516 5840 adducit
2545 5781 2613 5838 ad
2640 5781 2982 5854 magistrum,
3011 5790 3090 5849 et,
3149 5778 3250 5837 Hic
3273 5786 3387 5849 est,
3432 5775 3629 5849 inquit,
