4122 6380
481 278 583 342 711

1701 271 1981 332 MENSIS
2022 273 2450 333 DECEMBER.

3622 262 3728 326 712

475 410 508 449 ο
543 395 700 447 Pater
724 428 740 453 ,
772 391 862 459 qtti
896 404 997 444 nos
1037 405 1145 444 non
1196 398 1591 458 persequentes
1636 388 1896 457 fugiebat,
1931 387 2026 441 sed

2150 392 2282 456 ἡμᾶς
2316 391 2376 441 οὐ
2424 385 2725 446 διώκοντας
2783 384 3037 450 ἔφευγεν,
3070 379 3211 436 ἀλλὰ
3247 380 3464 434 διώκων
3526 383 3728 451 μᾶλλο)

474 484 654 554 potius
696 482 892 535 latebat
936 495 1287 551 persequens.
1338 479 1430 534 Sic
1474 480 1694 533 divinus
1745 479 2031 532 Marcellus

473 576 576 627 fuit
601 572 910 627 Alexandro
932 572 1366 632 commendatus,
1397 582 1446 624 et
1490 570 1637 623 illius
1668 571 1921 622 manibus
1950 585 2035 622 sa-

470 681 621 718 crum
671 664 917 717 induitur
963 663 1248 726 habitum,
1284 671 1526 730 tempore
1562 661 1784 728 quidem
1830 660 2033 715 Jacobo

471 755 764 817 secundus,
797 755 1042 807 moribus
1067 764 1247 806 autem
1284 753 1443 822 longe
1476 752 1644 821 prior.
1665 752 2032 816 Quamobrem

476 847 579 900 tale
615 847 744 914 quid
774 846 946 899 fertur
990 847 1155 900 etiam
1202 846 1403 899 dixisse
1453 855 1778 913 praeceptor.
1837 859 2035 913 nempe

406 977 416 988 .
473 938 618 1006 quod
648 937 859 991 etiamsi
882 936 1125 991 Andreas
1164 938 1315 1005 prior
1344 946 1569 991 secutus
1594 937 1663 990 sit
1685 938 2026 1004 magistrum,

471 1023 711 1077 Joannes
770 1033 946 1076 tatneu
996 1040 1121 1078 eum
1173 1040 1391 1093 quoque
1447 1034 1530 1079 est
1585 1037 2037 1093 assecutus:per

473 1114 590 1168 haec
624 1114 852 1168 alterum
875 1117 1092 1183 quidem
1122 1132 1321 1170 vocans
1351 1116 1638 1178 Jacobttm,
1674 1133 1771 1186 per
1798 1118 2034 1171 alterum

473 1215 656 1259 autem
677 1207 985 1261 Marcellum
1014 1208 1416 1264 admirabilem.
1447 1225 1571 1263 cum
1597 1211 1786 1263 ambus
1810 1210 2034 1278 quidem

475 1297 636 1351 sciret
683 1312 802 1351 esse
852 1298 1047 1353 fratres
1080 1310 1305 1367 proitter
1335 1300 1617 1363 virtutem,
1646 1308 1699 1354 et
1728 1301 1920 1354 eodem
1961 1310 2037 1353 te-

476 1401 612 1440 nore
646 1388 806 1440 simul
842 1404 1061 1442 currere
1096 1407 1109 1442 :
1142 1388 1458 1443 Marcellum
1499 1400 1682 1444 autem
1711 1391 2039 1444 assimilaret

471 1477 691 1535 Joanni.
727 1487 785 1529 ut
829 1481 920 1546 qui
973 1488 1121 1533 esset
1156 1480 1273 1548 ipse
1325 1496 1545 1549 quoque
1590 1481 1765 1550 virgo,
1797 1489 1854 1534 et
1910 1495 2034 1534 cum

474 1569 721 1622 doctrini
780 1585 1025 1636 magnam
1071 1572 1300 1625 haberet
1346 1573 1811 1641 coniunctionem.
1858 1572 2035 1641 Atque

474 1660 617 1712 inter
638 1658 770 1712 alios
798 1661 1015 1727 quidem
1086 1663 1291 1731 primas
1319 1673 1504 1731 partes
1521 1664 1757 1718 obtinuit
1777 1664 2034 1725 Jacobus,

476 1752 653 1819 ipsum
686 1766 815 1803 vero
855 1768 1043 1805 rursus
1074 1753 1352 1822 superavit
1382 1754 1687 1809 Marci-llus.
1729 1757 1900 1810 Erant
1938 1773 2036 1811 au-
2072 1729 2111 1785 Β

480 1850 586 1894 tem
632 1839 793 1893 ambo
846 1856 941 1907 par
986 1858 1140 1911 mque
1177 1844 1401 1907 bonum,
1433 1855 1488 1899 et
1531 1846 1933 1913 quodammodo
1976 1847 2035 1901 in

477 1944 587 1982 Utto
613 1939 666 1982 et
696 1930 887 1983 eodem
917 1948 1152 2000 corpore
1181 1934 1545 1988 fraternitatis
1576 1935 1755 1988 locum
1788 1944 2038 1988 tenentes

476 2021 780 2075 oculorum.
821 2021 1087 2086 Quoniam
1124 2042 1254 2079 vero
1288 2040 1383 2079 eos
1422 2027 1502 2079 sic
1544 2035 1727 2080 mente
1757 2039 2034 2094 purgatos,

477 2129 585 2168 non
628 2115 914 2182 oportebat
961 2134 1066 2171 non
1126 2120 1290 2172 etiam
1346 2118 1592 2171 futurum
1656 2117 1856 2172 intueri
1898 2121 2040 2173 sicut

479 2221 714 2275 prtesens
741 2244 756 2266 ,
790 2221 898 2258 non
941 2208 1100 2262 latuit
1134 2210 1445 2263 Marcellum
1480 2224 1629 2262 mors
1670 2200 2036 2277 praeceptoris,

476 2297 571 2352 sed
591 2311 715 2351 cum
749 2296 852 2351 hoc
874 2299 1095 2365 quidem
1127 2302 1494 2369 «ognox'isset,
1521 2315 1627 2354 non
1656 2300 1838 2354 mintts
1855 2298 2037 2353 autem

477 2388 613 2442 illud
646 2402 867 2456 quoque
901 2390 1286 2457 pra‘scivisset,
1323 2392 1469 2460 quod
1517 2391 1762 2445 futurum
1793 2402 1944 2455 erat,
1979 2401 2041 2447 ut

477 2484 535 2536 in
565 2496 693 2537 eum
711 2480 934 2535 raderet
959 2483 1300 2553 suffragium,
1324 2491 1527 2539 etcum
1557 2483 1670 2553 ipse
1696 2493 2036 2552 pasceretur,

475 2581 857 2628 accerseretur
888 2572 955 2626 ad
984 2574 1290 2642 pascendos
1315 2576 1454 2629 alios
1485 2587 1500 2627 :
1539 2573 1640 2628 hoc
1680 2576 1869 2642 utique
1894 2575 2041 2628 veri-

474 2673 582 2730 tus,
620 2680 690 2718 ne
722 2664 837 2715 seni
860 2666 1078 2731 juvenis
1105 2665 1402 2734 imperaret
1427 2683 1438 2719 :
1474 2674 1528 2719 et
1555 2665 1712 2719 simul
1741 2680 1868 2719 cum
1893 2676 2041 2721 esset

469 2758 683 2813 amicus
726 2754 1004 2811 IttUtleSlitl‘
1039 2766 1097 2812 et
1156 2757 1433 2812 laetaretur
1475 2757 1850 2828 subjectione,
1888 2758 2041 2811 nullo

2138 481 2453 534 ἐλάνθανεν.
2486 472 2656 538 Οὗτος
2679 478 2707 529 6
2749 477 2891 537 θεῖος
2918 471 3245 542 Μάρκελλος
3269 472 3345 539 τῷ
3380 471 3725 543 Ἀλεξάνόρῳ

2138 573 2369 640 συνέστη
2426 570 2518 622 καὶ
2568 570 2687 627 ταῖς
2736 567 2950 619 ἐκείνου
2996 566 3158 635 χερσὶ
3202 564 3259 617 τὸ
3289 565 3439 633 ίερδν
3484 564 3727 621 ἐνδύεται

2137 663 2345 732 σχῆμα,
2378 659 2455 728 τῷ
2482 658 2660 731 χρόνῳ
2691 655 3069 727 μὲνίακὼὅου
3104 654 3381 724 δεύτερος,
3418 654 3496 723 τῷ
3518 655 3576 707 δὲ
3602 659 3722 725 τρά.

2137 773 2224 823 mp
2257 752 2454 822 μακρῷ
2487 753 2772 821 πρότερος·
2796 750 2882 817 ἐφ’
2905 741 3059 816 ᾧκαὶ
3081 746 3175 800 τὸν
3207 747 3537 817 καθηγητὴν
3557 750 3731 801 τοιοῦ-

2134 847 2224 899 τόν
2253 863 2303 898 τι
2349 845 2476 914 περὶ
2520 843 2683 895 αὑτὸν
2746 841 3113 910 φθέγξασθαι,
3145 839 3222 901 ὡς
3268 840 3315 892 εί
3367 842 3463 892 καὶ
3514 842 3728 909 φθάσας

2148 937 2400 1005 Ἀνδρέας
2432 934 2720 997 ἠκολούθει
2750 933 2828 1003 τῷ
2863 933 3193 1002 διδασκάλῳ,
3232 931 3373 986 ἀλλὰ
3407 934 3503 985 καὶ
3528 932 3725 985 Ἰωάν-

2135 1044 2233 1095 νης
2262 1023 2694 1095 ἐπηκολούθησε,
2740 1023 2956 1086 τούτοις
3004 1023 3070 1091 δὴ
3116 1022 3324 1084 καλῶν,
3376 1021 3455 1090 τῷ
3496 1022 3599 1091 μὲν
3630 1024 3729 1074 τὶν

2147 1117 2427 1181 Ἰάκωϐον,
2478 1115 2556 1183 τῷ
2613 1115 2670 1167 δὲ
2714 1116 2804 1167 τὸν
2861 1113 3176 1182 θαυμαστὸν
3218 1111 3544 1182 Μάρκελλον
3575 1153 3592 1177 ,
3633 1113 3732 1165 καὶ

2136 1211 2303 1278 ἄμφω
2337 1209 2435 1275 μὲν
2463 1207 2623 1271 εἰδὼς
2647 1206 2736 1260 διὰ
2759 1206 2858 1277 τὴν
2890 1207 3093 1276 ἀρετὴν
3125 1205 3414 1273 ἀδελφοὺς.
3465 1206 3563 1257 καὶ
3601 1204 3731 1256 σύν-

2137 1319 2294 1355 τονον
2342 1302 2478 1370 ὁμοῦ
2518 1301 2848 1371 τρέχονταςο
2885 1297 3215 1368 Μάρκελλον
3253 1299 3312 1351 δὲ
3362 1297 3442 1366 τῷ
3492 1295 3721 1366 Ίωὰννῃ

2137 1395 2478 1465 παρομοιῶν,
2516 1394 2612 1447 ἅτε
2636 1394 2731 1446 καὶ
2779 1392 2947 1445 αὐτὸν
3000 1389 3274 1461 παρθένον
3319 1388 3471 1450 ὄντα,
3520 1390 3617 1441 καὶ
3645 1392 3727 1441 οἱ·

2139 1487 2303 1547 κείως
2331 1486 2461 1553 περὶ
2488 1486 2616 1546 τοὺς
2646 1485 2838 1552 λόγους
2868 1483 3084 1554 ἔχοντα.
3123 1480 3247 1533 Τῶν
3274 1483 3374 1548 μιν
3415 1479 3509 1533 οὖν
3543 1480 3721 1533 ἄλλων

2152 1574 2406 1634 Ἰάκωϐος
2430 1573 2493 1625 τὸ
2517 1578 2784 1640 πρωτεῖον
2813 1568 2992 1641 εἶχεν,
3030 1568 3197 1623 αὐτοῦ
3228 1569 3288 1622 δὲ
3323 1569 3488 1622 πάλιν
3508 1572 3536 1621 ό
3566 1568 3727 1637 Μάρ-

2141 1663 2329 1726 κελλος
2371 1663 2683 1732 ὑπερεῖχεν.
2721 1663 2924 1729 Ἀμφω
2973 1661 3032 1713 δὲ
3061 1660 3264 1729 ὁμοίως
3294 1660 3502 1727 ἀγαθὸν
3534 1658 3730 1725 ζεῦγος

2145 1758 2337 1827 ἤστην,
2372 1758 2463 1807 καὶ
2506 1754 2697 1824 ὥσπερ
2724 1757 2781 1805 ὲν
2813 1754 2894 1805 ὲνὶ
2924 1754 3017 1806 καὶ
3064 1752 3142 1821 τῷ
3170 1751 3321 1820 αὐτῷ
3346 1750 3449 1819 τῆς
3497 1748 3725 1815 ἁδελφό-

2146 1865 2311 1916 τητος
2342 1844 2556 1915 σώματι
2596 1846 2782 1915 χώραν
2819 1845 3109 1913 ἐπέχοντες
3138 1842 3458 1911 ὀφθαλμῶν.
3492 1839 3646 1892 Ἐπεὶ
3671 1839 3728 1891 δὲ

2146 1937 2292 1989 οὓτω
2321 1936 2737 2005 καθαραμέωυς
2774 1935 2865 1986 τὸν
2900 1933 3026 1985 νοῦν
3055 1933 3156 1985 οὐκ
3197 1932 3308 1985 ἔδει
3340 1930 3416 2000 μὴ
3440 1932 3536 1982 καὶ
3565 1929 3726 1997 Μᾶρ-

2148 2029 2338 2081 κεὶλον
2398 2027 2472 2089 ὡς
2524 2028 2700 2094 παρὶν
2737 2026 2797 2078 τὸ
2824 2024 3020 2094 μέλλον
3056 2024 3157 2094 ἤδη
3203 2023 3360 2093 ὸρᾷν,
3412 2022 3535 2076 οὐδὲ
3579 2022 3730 2089 Μάθ-

2148 2119 2338 2173 κελλον
2369 2119 2400 2187 ὴ
2431 2117 2660 2187 τελευτὴ
2703 2115 2796 2169 τοῦ
2844 2113 3166 2183 καθηγητοῦ
3219 2112 3538 2171 ἐλάνθανεν.
3595 2111 3728 2162 ἀλλὰ

2148 2209 2306 2261 τοῦτο
2341 2209 2437 2276 μὲν
2476 2208 2658 2273 γνοὺς,
2687 2206 2787 2257 οὐκ
2822 2205 3045 2257 ἔλαττον
3099 2203 3156 2255 δὲ
3185 2204 3415 2255 κάκεῖνο
3452 2216 3730 2268 προεγνω-

2150 2298 2282 2360 κὼς,
2308 2300 2368 2351 τὸ
2408 2298 2624 2366 μέλλειν
2669 2296 2753 2349 ἐπ’
2783 2296 2949 2348 αὐτὸν
2995 2295 3220 2346 πίπτειν
3249 2292 3350 2362 τὴν
3392 2291 3596 2360 ψῆφον,
3636 2292 3733 2342 καὶ

2150 2392 2231 2453 είς
2260 2391 2318 2442 τὸ
2352 2389 2657 2458 ποιμαίνειν
2693 2386 2882 2448 ἄλλους
2924 2386 3034 2439 ἀπὸ
3061 2384 3156 2436 τοῦ
3190 2381 3579 2453 ποιμαίνεσθαι
3602 2398 3733 2450 προ-

2147 2481 2461 2534 καλείσθαιο
2499 2482 2654 2532 τοζτο
2681 2480 2744 2548 δὴ
2775 2477 3031 2540 δεδοικὼς
3069 2476 3143 2547 μὴ
3168 2477 3263 2528 καὶ
3291 2476 3409 2539 νέος
3459 2474 3733 2543 γερόντων

2147 2573 2309 2644 ἄρξη,
2337 2575 2432 2625 καὶ⁵
2467 2573 2582 2642 ἆμα
2615 2570 3087 2642 μετριοιρροσύνης
3134 2569 3287 2638 φίλος
3315 2567 3414 2631 ὢν,
3456 2570 3555 2620 καὶ
3597 2567 3732 2618 ὑπο-

2146 2670 2285 2735 ταγῇ
2326 2667 2551 2735 χαίρων,
2612 2666 2709 2734 τῆς
2757 2665 2922 2733 μονῆς
2977 2662 3192 2723 οὐδενὸς
3242 2662 3396 2731 αὖτῷ
3425 2660 3733 2722 συνειδότος

2148 2759 2359 2829 ἀρετῶν
2393 2757 2650 2826 ηὔξανεν.

468 2854 696 2913 conscio
748 2856 956 2908 recedit
1003 2870 1034 2910 e
1083 2856 1434 2918 monasterio.
1478 2854 1617 2924 apis,
1668 2862 1729 2908 ut
1757 2854 1937 2917 aiunt,
1970 2854 2038 2908 ad
2082 2857 2270 2909 ﬂores.
2335 2855 2394 2909 In
2428 2856 2620 2909 orbem
2655 2855 2845 2922 itaque
2877 2853 3070 2909 obibat
3131 2862 3376 2919 sanctus,
3405 2861 3461 2906 et
3489 2853 3543 2906 in
3573 2849 3732 2905 colli-

465 2950 665 3023 gendis
706 2964 772 3003 ex
820 2964 1152 3022 unoquoque
1204 2951 1400 3013 bouis,
1446 2951 1681 3021 augebat
1708 2949 1812 3005 sibi
1862 2964 2044 3003 ceram
2092 2952 2382 3005 virtutum.

539 3047 626 3102 Vl.
679 3044 903 3100 Interim
943 3062 1073 3100 vero
1126 3047 1254 3100 dum
1300 3047 1346 3099 is
1379 3046 1528 3100 viros
1573 3047 1765 3099 obibat
1817 3047 2108 3108 virtutisc

467 3138 769 3198 studiosos,
824 3150 854 3190 e
886 3137 995 3190 vita
1031 3137 1231 3206 migrat
1262 3147 1651 3190 sacrosanctus
1707 3135 2037 3191 Alexander.

467 3231 605 3287 Cum
640 3231 687 3285 is
713 3239 898 3283 autem
934 3230 1283 3290 excessisset,
1318 3229 1610 3283 Marcellus
1641 3231 1895 3297 protinus
1925 3236 2046 3284 erat

469 3326 526 3378 in
561 3338 658 3378 ore
694 3321 968 3383 omnium,
997 3332 1054 3377 et
1082 3323 1343 3391 quoniam
1380 3337 1490 3375 mn
1521 3323 1735 3386 aderat,
1768 3322 2043 3391 duplicem

473 3414 742 3470 afferebat
768 3413 1110 3477 molestiam:
1141 3424 1197 3466 et
1225 3412 1371 3481 quod
1397 3412 1489 3465 illo
1513 3420 1759 3481 tempore
1809 3412 2044 3474 abesset,

470 3508 701 3578 etquod
737 3507 1006 3561 moriente
1061 3505 1372 3561 Alexandro
1410 3520 1517 3559 non
1572 3514 1692 3559 erat
1738 3505 2043 3565 Marcellus,

472 3600 562 3655 cui
598 3610 720 3668 post
753 3599 906 3652 illum
927 3598 1260 3652 credebatur
1283 3599 1627 3667 pra-fectum.
1667 3597 1885 3651 Electus
1913 3598 2046 3663 ergo

474 3691 578 3746 fuit
602 3692 842 3747 Joannes
897 3700 956 3745 ut
986 3699 1264 3759 praeesset,
1332 3687 1415 3741 vir
1465 3697 1522 3763 et
1551 3687 1704 3742 canis
1734 3686 1966 3755 capillis,
1991 3695 2047 3740 et

471 3783 801 3856 prudentia;
833 3783 921 3836 cui
963 3782 1129 3836 etiam
1181 3780 1490 3835 celebratus
1524 3780 1613 3833 ille
1652 3778 1888 3834 Jacobus
1922 3793 2048 3848 pro—

476 3885 598 3944 pter
646 3886 860 3929 a-tatem
885 3874 1064 3929 libens
1092 3874 1276 3928 cessit.
1299 3872 1434 3928 Cum
1465 3871 1581 3926 haec
1606 3880 1788 3927 autem
1822 3872 1900 3926 sic
1926 3887 2048 3942 pro-

471 3961 787 4032 cessissent,
822 3965 1155 4021 Marcelllum
1194 3977 1541 4034 nequaquam
1581 3963 1754 4019 latere
1793 3972 2044 4033 potuere.

473 4058 581 4114 Sed
609 4070 897 4130 postquam
956 4058 1119 4112 tinem
1177 4058 1532 4126 acceperunt,
1579 4062 1637 4109 et
1686 4054 1804 4123 ipse
1853 4064 1935 4108 est
1959 4069 2049 4108 re-

472 4166 685 4213 versus,
720 4160 777 4204 et
806 4150 1003 4205 Joanni
1042 4150 1144 4203 fuit
1188 4149 1535 4218 coniunctus,
1571 4145 1802 4200 effectus
1845 4144 1895 4199 ei
1935 4159 2050 4196 ma-

473 4258 579 4296 nus
599 4242 849 4302 dextera,
898 4251 956 4296 et
979 4224 1181 4310 optime
1217 4240 1382 4293 simul
1429 4237 1614 4292 ferens
1637 4251 1779 4290 onus
1808 4235 2048 4289 admini-

476 4332 763 4387 strationis
793 4350 806 4386 :
840 4348 964 4385 eum
1021 4332 1113 4386 ille
1142 4331 1366 4401 quidem
1411 4339 1639 4401 propter
1665 4329 2046 4398 praefecturam

2214 3050 2305 3112 εἷ’.
2338 3046 2427 3098 Ἐν
2457 3039 2500 3112 ᾧ
2523 3046 2580 3099 δὲ
2605 3040 2765 3107 οὗτος
2805 3044 3021 3116 περιῄει
3052 3045 3180 3106 τοὺς
3229 3044 3554 3113 φιλαρέτους
3582 3044 3673 3094 καί
3703 3042 3733 3093 ό

2148 3139 2291 3207 ἱερὸς
2335 3132 2721 3207 Ἀλέξανδρο;’
2752 3138 3043 3190 ἀπολείπει
3100 3139 3192 3188 τὸν
3230 3137 3369 3204 βξον.
3425 3134 3628 3187 Τούτου
3667 3133 3732 3202 δὴ

2151 3232 2541 3302 μεταστάντος,
2590 3231 2915 3300 Μάρκελλος
2971 3228 3138 3292 εὐθὺς
3180 3232 3239 3282 ὲν
3296 3231 3412 3289 τοῖς
3471 3226 3733 3279 ἁπάντων

2151 3323 2415 3391 στόμασιν
2445 3316 2537 3391 ἦν,
2568 3325 2663 3374 καὶ
2713 3323 2796 3374 ὅτι
2833 3320 2907 3391 μὴ
2944 3320 3120 3390 παρῆν
3145 3320 3336 3372 ἐλύπει
3363 3320 3549 3388 δςπὶῇ,
3581 3315 3733 3384 αὑτῷ

2148 3431 2207 3466 τε
2254 3414 2332 3482 τῷ
2370 3415 2489 3466 κατ’
2517 3415 2728 3466 ἐκεῖνον
2776 3415 2868 3465 τὸν
2926 3414 3119 3483 καιρὸν
3178 3410 3600 3470 ἀπολείπεσθαι,
3636 3408 3732 3459 καὶ

2148 3509 2230 3561 ὅτι
2291 3509 2385 3579 μὴ,
2419 3506 2770 3576 Ἀλεξάνδρου
2811 3506 3130 3576 θνήσαντος,
3193 3504 3518 3573 Μάρκελλος
3563 3497 3654 3571 ἦν,
3702 3500 3731 3550 6

2155 3598 2271 3668 μετ’
2301 3601 2506 3652 ἐκεῖνον
2546 3598 2939 3666 πιστευόμενος
2968 3599 3069 3668 τὴν
3117 3600 3315 3666 ἀρχὴν.
3347 3593 3606 3662 Ἰωάννης
3637 3590 3731 3645 οὖν

2151 3691 2340 3761 ἄρχειν
2387 3691 2578 3761 ἐκρίθη
2606 3691 2743 3760 ἀνὴρ
2784 3691 2880 3743 καὶ
2914 3690 3013 3758 τὴν
3061 3689 3223 3758 τρίχα
3282 3687 3464 3748 πολιὸς
3498 3686 3594 3737 καὶ
3632 3684 3731 3752 τὴν

2155 3787 2393 3853 σύνεσιν,
2443 3781 2486 3856 ᾧ
2533 3789 2619 3840 καλ
2657 3790 2683 3841 6
2720 3788 2889 3848 πολὺς
2941 3786 3200 3846 Ἰάκωϐος
3238 3784 3327 3836 διὰ
3378 3784 3477 3853 τὴν
3513 3779 3730 3851 ἠλικίαν

2153 3880 2294 3932 ἑκὼν
2318 3879 2418 3947 τῆς
2446 3879 2621 3946 ἀρχῆς
2650 3878 3003 3943 ὑπεξίστατο.
3061 3876 3250 3928 Ταῦτα
3281 3872 3340 3926 δὲ
3394 3873 3538 3926 οὓτω
3594 3889 3728 3941 προ-

2154 3971 2321 4022 ϐάντα
2352 3968 2670 4036 Μάρκελλον
2698 3968 2797 4019 οὐκ
2821 3962 2934 4036 εἶχε
2967 3966 3168 4018 λαθεῖν.
3214 3963 3358 4016 Ἀλλ’
3389 3964 3509 4014 ἐπεὶ
3557 3960 3729 4029 πέρας

2158 4062 2208 4114 ἐ)
2224 4064 2457 4131 ἁμίὶανε,
2492 4062 2582 4113 καὶ
2609 4060 2768 4122 αὐτὸς
2803 4057 3049 4129 ἐπανῄει,
3103 4058 3198 4111 καὶ
3240 4056 3320 4127 τῷ
3350 4055 3575 4125 Ἰωάννῃ
3609 4069 3732 4104 συνο

2156 4156 2371 4223 ἐμισγε,
2416 4158 2537 4224 χεὶρ
2573 4152 2721 4222 αὐτῷ
2748 4154 2898 4217 δεξιὰ
2941 4154 3255 4220 γινόμενος,
3293 4150 3388 4201 καὶ
3444 4144 3730 4214 συνδιαφέο

2160 4265 2267 4317 ρων
2304 4249 2499 4316 ἄριστα
2532 4248 2632 4317 τὴν
2676 4246 2879 4314 ἀρχήν·
2911 4246 2984 4307 ὡς
3008 4244 3100 4297 τοῦ
3133 4243 3231 4312 μὲν
3255 4242 3620 4311 ὑπεροπτικὸν
3644 4239 3735 4289 οὐ·

2157 4343 2243 4394 ὁὲν
2282 4341 2504 4409 vino-:71;
2554 4339 2729 4408 ἀρχῆς
2777 4335 3247 4406 ἐπιδεικνυμένου,
3290 4334 3386 4388 τοῦ
3425 4333 3480 4385 δὲ
3532 4333 3731 4401 φθόνον

474 4423 614 4478 nihil
642 4434 789 4478 esset
816 4425 993 4476 factus
1021 4400 1344 4478 insolentior
1381 4400 1515 4477 :hic
1542 4437 1672 4477 vero
1704 4430 1850 4475 esset
1876 4435 2044 4492 purus

2162 4434 2361 4496 παντὸς
2398 4400 2814 4504 καθτρεόοντος,
2846 4434 2940 4484 καὶ
2965 4400 3157 4500 ἀληθεῖ
3180 4429 3330 4497 πόθῳ
3349 4428 3488 4497 πρὸς
3520 4400 3732 4479 ἐκεῖνον

474 4518 544 4573 ab
567 4517 713 4572 omni
752 4516 955 4570 invidia
985 4526 1043 4571 et
1089 4516 1139 4570 ei
1176 4530 1307 4569 vero
1358 4529 1547 4569 amore
1607 4515 1916 4583 colligatus.
1962 4513 2053 4566 Sic

475 4626 607 4681 ergo
637 4610 828 4663 ambos
859 4608 1099 4663 habebat
1128 4607 1420 4663 Alexandri
1458 4608 1873 4662 monasterium.

546 4702 656 4759 VII.
686 4703 815 4758 Post
834 4701 1055 4772 aliquod
1090 4709 1273 4755 autem
1304 4707 1524 4770 tempus
1549 4715 1579 4755 a
1614 4699 1906 4754 Philotheo
1932 4716 2055 4769 per-

476 4812 670 4853 suasus
697 4795 956 4852 Joannes.
991 4794 1199 4849 recedit
1219 4793 1441 4862 quidem
1471 4791 1540 4845 ab
1581 4792 1686 4845 hoc
1712 4791 1856 4844 loco.
1894 4791 2056 4844 Venit

475 4898 657 4944 autem
690 4887 756 4942 ad
782 4885 1072 4957 quemdam
1100 4884 1815 4954 locum.exaaquoliberum
1836 4899 1866 4937 a
1895 4883 2054 4937 turba

475 4980 703 5043 civium,
741 4989 797 5033 et
828 4994 857 5032 a
886 4978 1206 5032 dillicultate
1237 4977 1571 5032 solitudinis.
1609 4976 1785 5030 Locus
1811 4991 1942 5029 Vt't‘o
1965 4985 2052 5029 est

478 5073 838 5144 Bithynorum
899 5073 1121 5142 quidem
1157 5072 1416 5140 regionis,
1476 5071 1614 5124 situs
1646 5080 1730 5124 est
1757 5074 1939 5123 autem
1995 5069 2047 5121 in

477 5162 730 5218 faucibus
792 5164 997 5227 maris,
1043 5163 1132 5216 cui
1185 5178 1252 5216 ex
1301 5161 1531 5215 adverso
1579 5161 1745 5214 situm
1782 5163 2048 5218 Cernitur,

475 5253 623 5324 quod
675 5265 902 5307 vocatur
951 5253 1326 5308 Sosthenium.
1392 5253 1504 5308 Hoc
1556 5254 1671 5307 sive
1738 5261 2046 5322 propterea,

479 5345 624 5416 quoi
656 5347 727 5399 sit
756 5356 1025 5400 remotum
1062 5362 1091 5400 a
1127 5348 1385 5415 strepitu,
1422 5347 1537 5400 sive
1589 5353 1814 5415 propter
1838 5344 2045 5414 aliquid

478 5437 647 5498 aliud.
682 5448 818 5493 tunc
848 5439 1070 5507 quidem
1130 5439 1519 5494 nutninabatur
1576 5439 1861 5493 lremeum.
1915 5438 2049 5494 Cum

458 5522 713 5584 “Joannes
731 5540 912 5585 autent
945 5547 1059 5585 rem
1088 5533 1257 5601 ipsam
1283 5548 1478 5586 nomen
1502 5534 1620 5586 loco
1639 5533 1899 5598 dedisset,
1924 5549 2053 5603 pro-

479 5629 601 5687 pter
618 5632 879 5690 perpetua
896 5638 1015 5691 quae
1039 5622 1103 5676 ad
1134 5622 1301 5676 Deum
1323 5623 1458 5676 fiunt
1486 5626 1718 5687 cantica,
1747 5626 1798 5677 in
1828 5625 2052 5677 hodier-

483 5724 612 5764 nutn
646 5726 817 5780 usque
849 5712 993 5766 diem
1030 5714 1343 5766 netninatur
1379 5715 1769 5770 monasterium
1790 5713 2055 5785 ’Λκοιμὴα-

2165 4525 2576 4590 συνδεδεμένον.
2615 4522 2773 4575 Οὕτω
2804 4524 2903 4593 μὲν
2926 4521 3018 4575 οὖν
3043 4521 3390 4593 ἀμφοτέρους
3419 4521 3453 4590 ἠ
3482 4516 3734 4581 Ἀλεξάν-

2161 4617 2288 4688 δρου
2316 4613 2428 4684 εἶχε
2459 4618 2613 4686 μονή.

2232 4709 2304 4762 Ζ’.
2339 4710 2493 4762 Μετὰ
2520 4708 2576 4760 δὲ.
2592 4706 2781 4779 χρόνον
2800 4707 2923 4760 τινὰ
2953 4703 3058 4761 ὑπὸ
3086 4703 3178 4759 τοῦ
3206 4704 3458 4758 Φιλοθέου
3485 4704 3732 4769 πεισθεὶς

2175 4801 2445 4870 Ἰωάννης,
2501 4802 2795 4867 ἀφίσταται
2833 4798 2986 4851 τοῦδε
3016 4796 3112 4852 τοῦ
3154 4798 3344 4853 τόπου.
3375 4797 3630 4868 Ἔρχεται
3672 4798 3731 4851 δὲ

2165 4890 2300 4959 πρός
2336 4905 2390 4940 τι
2447 4887 2650 4958 χωρίον
2704 4888 2926 4959 ἁπάσης
2972 4888 3398 4959 ἀπηλλαγμένον
3453 4887 3730 4957 ὀχλήσεως

2159 4998 2217 5034 τε
2249 4983 2501 5049 ἀστικῆς,
2540 4981 2634 5035 καὶ
2667 4981 2984 5051 δυσχερείας
3011 4979 3492 5052 είρηνικῆς.Τὺ,δὲ
3527 4981 3729 5053 χωρίον

2158 5075 2253 5144 τῆς
2289 5076 2387 5143 μὲν
2432 5075 2673 5129 Βιθυνῶν
2722 5076 2840 5128 ἐστι
2874 5074 3087 5144 χώραςο
3142 5077 3262 5127 κατ’
3287 5074 3421 5128 αὐτὸ
3451 5075 3505 5127 δὲ
3550 5076 3611 5129 τὸ
3631 5074 3731 5144 μέ-

2160 5181 2249 5216 σον
2284 5167 2456 5217 κεῖται
2489 5163 2583 5218 τοῦ
2617 5167 2716 5228 τῆς
2757 5166 3034 5233 θαλάσσης
3075 5166 3302 5234 αὐχένος
3324 5181 3336 5193 ⁸
3391 5166 3727 5234 καταντικρὺ

2158 5254 2219 5306 τὸ
2234 5255 2568 5325 καλούμενον
2598 5258 2792 5325 ὁρᾶται
2823 5255 3140 5307 Σωσθένιον.
3195 5254 3365 5307 Τοῦτο
3390 5255 3500 5307 εἴτε
3547 5252 3637 5307 διὰ
3668 5255 3729 5306 τὸ

2159 5347 2403 5417 θορύϐων
2449 5348 2606 5411 ἐκτὸς
2649 5344 2813 5408 εἶναι,
2853 5348 2963 5399 εἴτε
3001 5346 3068 5398 δι’
3101 5346 3233 5399 ἄλλο
3258 5364 3331 5409 τι,
3364 5346 3485 5399 τότε
3507 5344 3731 5415 ὠ.ομὰ-

2162 5440 2286 5501 ζετο
2321 5440 2630 5510 Εἰρηναῑον.
2684 5440 2932 5492 Ἰωάνιου
2969 5439 3024 5492 δὲ
3075 5440 3136 5491 τὸ
3173 5441 3409 5507 πρᾶγμα
3446 5440 3620 5508 ὄνομα
3651 5439 3730 5508 τῷ

2157 5532 2308 5603 τόπῳ
2359 5534 2541 5593 δόντος
2593 5535 2656 5585 ὲκ
2703 5535 2801 5600 τῆς
2844 5532 3129 5601 διηνεκοῦς
3202 5533 3338 5604 πρὸς
3389 5531 3524 5585 Θεὸν
3561 5531 3726 5602 ᾠδῆς.

2159 5623 2270 5676 τῶν
2308 5625 2655 5693 Ἀκοιμήτων
2689 5625 2815 5695 ἄχρι
2869 5626 2968 5691 τῆς
2995 5624 3155 5694 δεῦρο
3208 5624 3268 5675 τὺ
3312 5625 3727 5693 φροντιστήριον

2159 5716 2504 5785 ὀνομάζεται.
2570 5716 2671 5769 Τὸν
2711 5719 2817 5787 γὰρ
2851 5716 3009 5769 αὐτὸν
3052 5712 3387 5784 Ἀλεξάνδρῳ
3422 5712 3592 5766 τύπον
3637 5716 3728 5775 καὶ
