4122 6380
292 312 401 379 ’117

1201 317 1380 380 νιτΑ
1422 317 1485 380 S.
1529 319 1924 383 MARCELLI
1965 324 2658 391 ΑΗΕΗΙΜΛΝΒΒΙΤΑΞ.

3453 333 3558 398 718

289 426 589 497 λωμάτων,
644 429 741 481 καὶ
778 427 1018 497 μάλιστα
1075 429 1210 499 πρὸς
1243 430 1497 485 τοσοῦτον
1535 431 1742 500 πλῆθος
1786 434 1873 486 ἀν⁴

1985 436 2036 491 ei
2065 453 2204 509 opus
2236 440 2489 511 pluribus
2512 440 2846 512 sumptibus,
2885 448 2942 496 et
2988 440 3225 497 maxime
3258 443 3325 497 ad
3361 451 3563 498 tamam

281 519 450 589 δρῶν.
487 518 720 589 Ἔμελλε
754 519 811 573 δὲ
860 520 968 590 ἀρα
1001 520 1078 592 τῷ
1134 520 1254 592 Θεῷ
1309 520 1504 587 ταῦτα,
1542 524 1638 578 καὶ
1681 523 1873 594 ὥσπερ

281 609 482 666 εἴωθεν
515 611 597 675 είς
648 610 915 679 ἀφθονίαν
949 612 1010 664 τὸ
1064 613 1299 685 πρᾶγμα
1357 615 1708 687 καθίστησιν.
1763 612 1873 672 ἿΙν

282 703 398 773 γάρ
448 720 532 766 τις
597 704 901 773 Φαρέτριος
969 704 1192 774 ἀριστος
1227 706 1287 771 ἐξ
1334 707 1575 776 ἀρίστων
1631 708 1724 762 καὶ
1774 707 1876 779 βα-

284 794 374 847 lis!
414 796 633 865 πλούτῳ
685 796 899 865 κομῶν.
943 789 1116 859 Οὗτος
1153 797 1247 851 οὖν
1288 798 1491 869 δριμύν
1537 818 1662 856 τινα
1694 800 1874 871 ἔρωτα

277 885 388 955 τῆς
414 885 558 939 κατᾶ
590 885 724 938 Θεὸν
759 887 1032 959 ὠδινήσας
1079 889 1422 960 φιλοσοφίας,
1474 893 1569 945 καὶ
1611 892 1705 947 τὸν
1771 911 1871 947 πο-

278 976 383 1029 λὺν
424 979 636 1030 ἐκεῖνον
689 977 946 1045 πλοῦτον,
1000 980 1101 1033 καὶ
1165 982 1295 1044 τοὺς
1348 982 1545 1045 παῖδας
1589 983 1671 1038 ἔτι
1713 985 1873 1050 νέους

277 1065 446 1129 ὄντας
498 1065 618 1136 μεθ’
674 1069 873 1123 ἑαυτοῦ
912 1071 1396 1142 συμπαραλαϐὼν,
1454 1073 1679 1145 ἔρχεται
1735 1077 1873 1147 πρὸς

278 1156 636 1227 Μάρκελλον,
669 1159 765 1211 καὶ
795 1159 978 1214 πάντα
1023 1161 1162 1231 ὁμοῦ
1203 1165 1298 1217 καὶ
1340 1162 1411 1218 τά
1444 1167 1728 1235 χρήματα,
1776 1168 1874 1221 καὶ

279 1248 354 1303 τά
380 1250 550 1304 τέκνα
583 1251 679 1305 καὶ
727 1253 924 1307 ἑαυτὸν
950 1254 1201 1327 καθιεροῖ
1226 1256 1307 1330 τῷ
1354 1255 1475 1329 Θεῷ
1495 1273 1513 1291 ο
1544 1259 1739 1315 ἑαυτὸν
1772 1260 1873 1331 μὲν

277 1341 381 1394 καὶ
422 1342 552 1405 τοὺς
585 1343 737 1408 υίοὸς
767 1344 868 1417 τὴν
909 1346 1062 1418 ίεράν
1098 1346 1330 1415 ὲνδύσας
1367 1352 1479 1405 τῶν
1520 1352 1871 1421 μοναζόντων

279 1428 502 1500 στολὴν,
538 1429 685 1501 ῥέειν
703 1431 762 1486 δὲ
789 1432 996 1504 τρέψας
1027 1434 1121 1487 τὸν
1158 1434 1393 1491 πλοῦτον
1424 1439 1507 1502 εἰς
1558 1441 1629 1493 τά
1662 1440 1741 1511 τῷ
1768 1460 1872 1513 μο-

277 1519 563 1611 ναστηρίῳ
589 1523 860 1611 χρῆσιμα.
918 1525 1029 1580 Καὶ
1060 1527 1255 1598 πρῶτα
1308 1528 1411 1600 μὲν
1456 1530 1549 1585 τὸν
1602 1533 1748 1605 ἱερὸν
1770 1537 1871 1603 τῆς

277 1609 603 1683 προσευχῆς
631 1609 784 1669 οἷκον
815 1616 1109 1689 εὐρύτερόν
1137 1636 1198 1672 τε
1232 1622 1417 1687 αὐτοῖς
1449 1624 1543 1678 καὶ
1599 1628 1870 1697 μετεωρό-

274 1718 463 1773 τερον,
496 1707 591 1760 καὶ
614 1706 693 1771 ὡς
722 1707 818 1762 νῦν
854 1710 986 1780 ἔχει,
1011 1714 1477 1783 κατεσκευάσατο,
1505 1719 1593 1788 ἐφ’
1624 1713 1667 1788 ᾦ
1690 1720 1871 1792 πλήθη

273 1807 341 1845 τε
375 1792 547 1847 πολλά
569 1792 947 1865 συλλέγεσθαι,
999 1800 1096 1852 καὶ
1140 1801 1262 1872 δίχα
1293 1805 1659 1876 στενοχωρίας
1688 1807 1751 1861 τὸ
1775 1807 1871 1862 τοῦ

274 1882 422 1938 Θεοῦ
452 1884 615 1956 ἔργον
642 1888 832 1942 ἀνύειν
856 1903 871 1918 ·
900 1889 1093 1945 ἔπειτα
1108 1892 1176 1947 τά
1206 1893 1369 1950 λοιπά
1396 1899 1595 1965 πάντα,
1628 1899 1726 1963 τὰς
1761 1902 1871 1956 τῶν

278 1975 538 2046 ἀδελφῶν
562 1978 766 2043 οίκίας,
804 1982 934 2045 τοὺς
963 1981 1269 2053 ἀνδρῶνας,
1319 1986 1435 2041 ὅσοι
1485 2005 1546 2041 τε
1596 1990 1692 2043 καὶ
1744 1991 1872 2058 τοὺς

278 2068 495 2135 ξένους,
546 2070 663 2125 ὅσοι
714 2074 844 2136 τοὺς
891 2074 1188 2139 νοσοῦντας
1239 2076 1521 2148 ὲδέχοντοο
1555 2082 1650 2134 καὶ
1678 2083 1871 2150 ἀπλῶς

281 2162 392 2232 μιν
424 2161 537 2215 τῶν
569 2163 739 2225 οίκων
790 2164 1175 2236 πεπονηκότας
1222 2168 1588 2236 ἀνενεώσατο,
1631 2178 1760 2238 τοὺς
1810 2175 1871 2229 δὲ

277 2254 382 2309 καὶ
419 2254 581 2320 αὐτὸς
605 2255 912 2327 φιλοτίμως
940 2258 1225 2329 ἀνήγειρε,
1272 2260 1503 2315 καὶτῶν
1526 2263 1705 2319 ἀλλων
1735 2266 1872 2321 πάν-

277 2363 399 2401 των
428 2349 531 2403 ὅσα
559 2366 626 2419 γε
654 2349 964 2422 τηλικούτῳ
991 2349 1092 2423 βίῳ
1118 2351 1227 2406 ἔδει
1251 2352 1514 2421 ἀφθονίαν
1542 2357 1868 2428 παρέσχετο.

354 2441 461 2495 Il".
479 2438 608 2515 Εἶχε
630 2442 733 2513 μὲν
762 2441 909 2498 οὕτω
928 2442 1125 2499 ταῦτα’
1146 2445 1392 2501 ἐπεδίδου
1414 2446 1474 2500 δὲ
1504 2448 1601 2504 καὶ
1625 2451 1704 2521 τῷ
1721 2452 1874 2525 Μαρ-

278 2532 464 2605 κέλλῳ
518 2534 646 2589 καθ’
676 2536 919 2607 ἑκάστην
954 2536 990 2609 ἠ
1022 2537 1226 2610 ποίμνη
1245 2576 1260 2600 ,
1293 2538 1390 2593 καὶ
1413 2538 1671 2613 ηὒξανεν.
1704 2537 1870 2598 Εἷλκε

280 2627 401 2700 γάρ
448 2628 687 2698 πάνταη
715 2628 928 2685 ἐκείνου
978 2636 1172 2702 σειρὴν
1198 2647 1214 2664 ο
1245 2630 1407 2702 λόγος
1464 2633 1598 2705 ἡδὺς
1654 2652 1871 2709 συνημ-

284 2718 456 2790 μένος
487 2718 591 2791 δίῳ
617 2719 1014 2793 καθαρωτάτῳ.
1045 2721 1157 2777 Καὶ
1200 2721 1385 2792 μέντοι
1440 2726 1535 2778 καὶ
1563 2724 1699 2791 ἃλας
1728 2725 1872 2781 θεῖον

271 2812 347 2866 τὸ
376 2811 474 2867 ὑπ’
525 2813 691 2869 αὑτὸν
740 2813 1000 2885 ποίμνιον
1046 2813 1379 2886 γεγενῆσθαι
1417 2816 1740 2884 πιστεύσας,
1775 2820 1871 2875 καὶ

274 2908 400 2971 τοῖς
432 2906 616 2971 ἀλλοις
647 2907 994 2978 μεταδιδόναι
1018 2909 1117 2978 τῆς
1149 2905 1305 2970 θείας
1336 2907 1521 2981 ἀλμης
1551 2910 1646 2964 καὶ
1672 2911 1874 2981 ἡδονῆς

274 2998 485 3062 αὐτοὺς
523 2997 759 3070 ἔπεμψε.
816 2999 930 3053 Καὶ
957 2998 1019 3052 δν
1050 3014 1185 3069 φασι
1214 2998 1418 3071 τρόπον
1466 3000 1531 3055 ὲκ
1560 3000 1664 3072 τῆς
1697 3004 1873 3072 μεγά-

1975 529 2220 585 virorum
2275 532 2707 589 multitudinem.
2775 532 3023 589 Fuerunt
3071 544 3256 590 autem
3306 535 3423 591 bzrc
3450 536 3563 591 Deo

1975 634 2143 685 curae,
2184 632 2239 677 et
2271 638 2409 689 rem,
2443 632 2503 677 ut
2544 622 2702 687 solet,
2742 623 2981 678 traducit
3028 624 3096 679 ad
3142 623 3559 679 abundantiam.

1974 711 2107 767 Erat
2136 714 2283 768 enim
2317 714 2540 784 quidam
2584 715 2926 780 Pharetrius,
2954 716 3196 786 Optimus
3216 732 3284 771 ex
3313 716 3560 786 Optimis,

1972 813 2029 858 et
2055 803 2217 875 longe
2243 804 2571 862 ditissimus.
2611 808 2661 862 ls
2719 822 2844 862 cum
2878 822 3060 862 acrem
3090 807 3385 877 quemdam
3428 823 3564 862 eon~

1972 897 2212 966 cepisset
2266 913 2511 955 amorem
2555 900 2695 971 ejus,
2735 916 2858 971 quae
2890 910 2972 955 est
3022 915 3091 955 ex
3137 901 3273 964 Deo,
3304 900 3558 970 philoso-

1974 989 2138 1060 phiae.
2169 1006 2356 1046 secum
2392 992 2637 1063 acceptis
2686 992 2796 1047 illis
2827 993 2944 1048 suis
2980 992 3308 1063 ingentibus
3356 992 3565 1049 divitiis

1972 1089 2028 1136 et
2065 1081 2190 1136 [iliis
2222 1082 2404 1139 adhuc
2432 1085 2656 1148 teneris,
2684 1084 2837 1140 venit
2865 1084 2933 1138 ad
2951 1084 3270 1140 Marcellum
3301 1102 3315 1136 :
3350 1092 3407 1139 et
3441 1100 3563 1139 om-

1972 1172 2066 1228 nia
2099 1174 2285 1237 simul,
2316 1189 2512 1243 nempe
2538 1186 2593 1231 et
2619 1176 2906 1246 pecunias.
2942 1185 2999 1231 et
3037 1176 3201 1239 lilios,
3231 1186 3288 1232 et
3315 1176 3562 1247 seipsum

1973 1262 2086 1317 Deo
2113 1273 2403 1319 consecrat
2432 1282 2448 1319 :
2481 1266 2725 1336 seipsum
2755 1266 2981 1338 quidem
3009 1277 3066 1321 et
3095 1268 3238 1323 lilios
3275 1282 3435 1323 sacra
3462 1283 3559 1323 ve-

1972 1364 2055 1411 ste
2079 1354 2317 1412 induens
2365 1358 2693 1423 monastica,
2720 1374 2856 1429 opes
2886 1369 3073 1415 autem
3114 1369 3457 1417 convertens
3482 1360 3553 1415 ad

1975 1460 2136 1501 usum
2167 1448 2508 1506 monasterii.
2561 1449 2630 1506 Et
2683 1451 2921 1521 primum
2944 1452 3169 1525 quidem
3210 1468 3425 1510 sacram
3459 1458 3559 1508 do~

1974 1552 2126 1592 mum
2155 1539 2422 1594 orationis
2450 1540 2532 1595 eis
2557 1550 2614 1597 et
2660 1541 2936 1608 latiorem,
2969 1552 3029 1600 et
3070 1545 3462 1607 excelsiorem,
3501 1555 3561 1608 et

1974 1626 2050 1684 ita
2085 1638 2145 1683 ut
2177 1644 2327 1684 nunc
2355 1645 2414 1685 se
2447 1631 2635 1694 habet.
2672 1633 3023 1690 construxit:
3063 1643 3125 1690 ut
3146 1643 3204 1690 et
3256 1634 3556 1690 multitudo

1972 1718 2346 1789 colligeretur,
2388 1722 2529 1776 etin
2572 1723 2756 1778 nullas
2812 1723 3032 1780 redacta
3063 1724 3367 1796 angustias,
3413 1740 3560 1795 Opus

1904 1775 1946 1832 Β
1974 1809 2069 1865 Dei
2088 1821 2395 1881 perageret.
2417 1810 2623 1868 Deinde
2643 1814 2852 1885 reliqua
2871 1816 3077 1881 omnia,
3091 1775 3324 1871 fratrum
3340 1775 3557 1879 domos.

1971 1900 2265 1966 andrones,
2307 1910 2415 1957 tam
2452 1902 2545 1973 qui
2577 1905 2921 1976 peregrinos,
2955 1921 3121 1974 quam
3172 1908 3267 1975 qui
3323 1916 3558 1977 azgrotos

1972 1990 2321 2061 excipiebant
2353 2010 2368 2049 :
2401 2003 2457 2048 et
2480 1993 2549 2048 ad
2576 2009 2873 2063 summam,
2913 1995 3128 2061 domos,
3159 1996 3296 2053 alias
3332 1997 3557 2068 quidem

1974 2098 2099 2153 qua:
2127 2083 2454 2139 laborabant
2480 2094 2535 2140 et
2564 2087 2782 2142 ruinam
2814 2088 3189 2152 minabantur,
3217 2089 3555 2153 'renovavit;

1970 2175 2107 2231 alias
2153 2184 2336 2230 autem
2391 2176 2677 2247 magniﬁce
2728 2178 2982 2234 excitavit
3013 2196 3030 2245 ;
3064 2187 3122 2234 et
3162 2178 3397 2234 aliorum
3440 2193 3561 2234 om-

1971 2268 2150 2332 nium,
2189 2282 2314 2338 quae
2360 2267 2679 2340 huiusmodi
2731 2269 2861 2325 vita
2897 2270 3177 2326 communi
3203 2285 3347 2342 Opus
3373 2280 3557 2336 erant.

1972 2357 2207 2431 praebuit
2229 2357 2645 2415 abundantiam.

2041 2448 2175 2504 Xlll.
2208 2447 2334 2504 Haec
2361 2449 2585 2521 quidem
2620 2450 2693 2505 ita
2726 2466 2786 2508 se
2824 2451 3108 2510 habebant
3143 2470 3161 2522 ;
3213 2469 3412 2526 magno
3459 2471 3561 2512 auo

1972 2550 2083 2598 tem
2115 2541 2375 2597 Marcello
2404 2558 2539 2614 grex
2571 2543 2629 2598 in
2652 2542 2771 2600 dies
2792 2544 3103 2611 crescebat,
3125 2554 3558 2619 etaugmeutum

1972 2633 2298 2706 accipiebat.
2347 2633 2552 2692 Omnes
2616 2635 2766 2692 enim
2811 2638 3126 2695 attrahebat
3182 2639 3331 2696 illius
3381 2622 3555 2709 siren,

1972 2742 2171 2796 nempe
2188 2727 2375 2783 suavis
2398 2726 2603 2794 oratio,
2627 2730 2923 2800 conjuncta
2950 2745 3077 2786 cum
3102 2730 3210 2787 vita
3238 2732 3554 2803 purissima.

1976 2818 2153 2876 Porro
2183 2827 2370 2876 autem
2402 2836 2529 2876 cum
2546 2819 2713 2876 etiam
2744 2822 3072 2880 credidisset
3098 2822 3271 2880 salem
3303 2824 3554 2880 divinum

1972 2926 2094 2969 esse
2124 2912 2326 2968 factum
2353 2927 2506 2979 eum,
2543 2913 2640 2984 qui
2665 2912 2718 2970 ei
2745 2913 2996 2983 parebat,
3030 2929 3275 2986 gregem,
3304 2930 3402 2971 eos
3421 2918 3555 2971 mit-

1976 3007 2148 3071 tebat,
2183 3012 2242 3059 ut
2290 3004 2430 3060 alios
2484 3019 2707 3075 quoque
2751 3004 2940 3060 divino
2992 3006 3105 3061 sale
3154 3006 3454 3076 implerent
3496 3017 3553 3061 et

273 3091 387 3161 λης
431 3090 596 3161 Ἐδὲμ
621 3092 751 3155 τοὺς
786 3091 1058 3161 τέσσαρας
1107 3091 1515 3162 ἐκπορεύεσθαι
1557 3096 1873 3167 ποταμοὺς1

1982 3097 2284 3169 voluptate.
2327 3096 2395 3152 Et
2420 3095 2701 3167 quomodo
2754 3111 2822 3151 ex
2870 3112 3064 3168 magna
3105 3097 3260 3153 Eden
3316 3108 3553 3169 quatuor

272 3183 428 3238 οὕτω
447 3184 512 3254 δὴ
545 3183 638 3237 καὶ
685 3184 751 3237 ἐκ
785 3184 885 3254 τῆς
924 3182 1250 3254 Μαρκέλλου
1300 3186 1509 3256 σκηνῆς
1538 3184 1743 3257 ἤρξατο
1785 3188 1873 3244 διὰ

276 3277 469 3349 πάσης
502 3277 695 3349 σχεδὸν
725 3279 825 3350 τῆς
866 3278 1202 3350 οίκουμένης
1242 3277 1571 3350 προχεῖσθαι
1630 3274 1874 3349 καθαρὸν

274 3370 383 3425 καὶ
430 3369 647 3442 ἣδιστον
680 3368 778 3423 καὶ
833 3370 1107 3441 σωτήριον
1155 3370 1327 3440 νᾶμα,
1385 3371 1420 3442 ἡ
1472 3371 1872 3442 ἀκριὸεστάτη,

275 3465 453 3535 φημὶ,
503 3464 604 3535 τῆς
641 3462 852 3518 ἐκείνου
911 3462 1190 3526 πολιτείας
1249 3463 1509 3535 μίμησις.
1548 3463 1672 3519 Ἔτι
1704 3463 1761 3517 δὲ
1790 3460 1872 3531 οἷς

276 3558 384 3610 καὶ
429 3553 531 3626 τῆς
563 3557 866 3628 ἀκοιμήτου
898 3555 1010 3609 τῶν
1043 3554 1159 3608 ἀνω
1186 3552 1475 3626 δυνάμεων
1528 3553 1873 3627 λειτουργίας

277 3646 312 3702 ὁ
350 3645 530 3720 ζῆλος,
588 3644 842 3700 ἐντεῦθεν
894 3647 992 3718 τὴν
1042 3646 1222 3718 ἀρχὴν
1269 3644 1453 3709 λαϐὼν
1487 3646 1585 3701 καὶ
1641 3648 1736 3701 ἐπὶ
1771 3648 1872 3716 τὴν

277 3736 516 3811 πρώτην
545 3732 651 3813 ἧκε
686 3740 781 3792 καὶ
812 3737 1254 3809 βασιλικωτάτην
1277 3739 1507 3795 πόλεων.
1520 3739 1756 3795 Ἔπειτα
1779 3741 1872 3793 καὶ

280 3834 370 3896 είς
401 3831 622 3901 ἑτέρους
672 3829 943 3884 διέϐαινεν
978 3830 1012 3900 ἡ
1067 3828 1307 3900 μίμησις
1352 3828 1572 3894 τόπους.
1604 3829 1718 3883 Καὶ
1756 3831 1869 3882 είτε

281 3938 375 3985 τις
412 3919 551 3984 νεὼς
580 3919 777 3974 ἀνίστα
813 3919 850 3990 ἢ
897 3919 1313 3991 φροντιστήρια,
1371 3918 1482 3972 εἴτε
1519 3936 1572 3971 τι
1621 3918 1718 3973 καὶ
1746 3918 1872 3974 ἄλλο

282 4011 398 4069 τῶν
428 4010 593 4084 ἱερῶν
614 4011 876 4083 ἔπραττε,
924 4010 1079 4081 παρά
1107 4009 1433 4081 Μαρκέλλου
1467 4009 1563 4064 καὶ
1595 4011 1723 4073 τοὺς
1748 4011 1873 4062 ἑπι-

290 4104 539 4175 μελητάς
565 4101 663 4157 καὶ
681 4104 807 4166 τοὺς
831 4104 1109 4173 ἡγεμόνας
1144 4100 1475 4173 ἐλάμϐανεν.
1508 4098 1695 4165 Οὕτως
1733 4102 1876 4154 ὲκεί-

284 4213 382 4261 νος
420 4193 738 4266 ἅπανταχοῦ
786 4196 881 4248 καὶ
913 4193 1345 4265 φροντιστηρίων
1382 4194 1477 4245 καὶ
1502 4191 1666 4264 ἱερῶν
1697 4190 1875 4254 κοινὸς

286 4287 540 4355 οἰκιστὴς
561 4286 651 4339 διὰ
697 4285 808 4338 τῶν
847 4283 1044 4338 ἑαυτοῦ
1080 4283 1362 4354 μαθητῶν,
1417 4284 1512 4336 καὶ
1548 4282 1729 4346 κοινὸς
1755 4283 1876 4336 ἑπι-

291 4379 536 4452 μελητὴς
559 4379 787 4447 ὲγίνετο.
827 4376 1136 4432 Ἐπείθοντο
1160 4376 1268 4448 γὰρ
1295 4379 1343 4431 oi
1381 4375 1553 4430 ταῦτα
1577 4375 1707 4446 παρ’
1734 4376 1878 4429 ὲκεί-

1976 3188 2169 3245 dicunt
2204 3202 2427 3243 manare
2469 3187 2687 3254 ﬂuvios,
2735 3188 2810 3242 ita
2843 3189 3009 3243 etiam
3062 3204 3133 3244 ex
3176 3189 3413 3244 Marcelli
3469 3198 3555 3243 ta-

1976 3277 2279 3334 bernaculo
2310 3276 2477 3347 coepit
2507 3291 2607 3348 per
2631 3276 2949 3332 universum
2996 3275 3118 3332 fere
3163 3277 3354 3333 orbem
3393 3287 3554 3332 teme

1975 3369 2238 3444 profundi
2303 3385 2505 3440 purum
2571 3378 2629 3424 et
2667 3368 3134 3442 jucundissimum
3191 3378 3249 3425 et
3313 3370 3554 3425 salutare

1975 3461 2264 3528 ﬂuentum,
2296 3461 2409 3526 illa,
2436 3461 2681 3532 inquam,
2711 3460 3125 3516 accuratissima
3149 3461 3295 3525 vitae,
3334 3476 3457 3531 qua:
3478 3463 3548 3515 ah

1973 3570 2043 3610 eo
2066 3554 2353 3625 agebatur,
2381 3552 2638 3609 imitatio.
2661 3551 2932 3609 Praeterea
2965 3563 3150 3609 autem
3180 3568 3549 3623 supernarum

1974 3652 2307 3715 potestatum
2339 3643 2653 3708 ministerii,
2682 3643 2830 3714 quod
2849 3643 3002 3699 nullo
3024 3658 3221 3699 somno
3251 3645 3553 3701 interrum-

1976 3733 2148 3805 pitur,
2179 3733 2350 3797 zelus,
2382 3746 2509 3787 cum
2559 3732 2691 3787 hinc
2716 3732 2974 3802 cepisset
3019 3731 3264 3795 initium,
3306 3731 3456 3787 venit
3484 3730 3551 3784 ad

1974 3825 2209 3894 primam
2241 3832 2294 3878 et
2324 3822 2543 3877 urbium
2572 3822 2835 3894 reginam.
2874 3821 3081 3881 Deinde
3111 3822 3179 3876 ad
3207 3822 3311 3877 alia
3333 3838 3555 3894 quoque

1975 3915 2093 3970 loca
2126 3914 2343 3968 transiit
2378 3912 2632 3968 imitatio.
2665 3913 2734 3968 Et
2760 3912 2877 3968 sive
2894 3913 3020 3984 quis
3048 3913 3253 3984 templa
3296 3925 3552 3969 exstrue-

1975 4007 2091 4071 bat,
2129 4016 2223 4061 aut
2250 4006 2607 4068 monasteria.
2645 4004 2761 4059 sive
2784 4003 2994 4075 aliquid
3019 4003 3169 4058 aliud
3211 4018 3429 4058 sacrum
3474 4003 3552 4057 fa-

1974 4100 2176 4161 ciebat,
2204 4113 2233 4151 a
2265 4096 2518 4151 Marcello
2533 4097 2697 4152 etiam
2725 4094 3031 4166 accipiebat
3051 4104 3337 4149 curatores
3362 4104 3418 4150 et
3449 4094 3552 4148 du-

1975 4206 2088 4247 ces.
2110 4190 2201 4246 Sic
2232 4188 2695 4244 monasteriorum
2748 4195 2804 4242 et
2847 4187 3200 4255 templorum.
3241 4202 3363 4257 qua:
3393 4196 3552 4241 erant

1976 4282 2206 4352 ubique,
2235 4296 2335 4349 per
2378 4295 2509 4334 suos
2536 4278 2837 4350 discipulos
2878 4276 3187 4333 communis
3242 4284 3552 4332 exstructor

1978 4373 2098 4438 fuit,
2123 4380 2180 4426 et
2203 4371 2512 4428 communis
2533 4380 2773 4426 curator.
2803 4370 3131 4425 Persuasum
3172 4369 3322 4424 enim
3368 4368 3542 4424 babe-

286 4491 386 4525 νου
423 4470 718 4543 ζητοῦντες
768 4471 830 4526 οὔ
871 4468 1038 4541 μόνον
1057 4470 1156 4541 τῆς
1185 4467 1398 4523 ἐκείνου
1427 4466 1678 4530 παιδείας
1711 4483 1873 4536 μετα-

1973 4463 2129 4525 bant,
2165 4463 2261 4533 qui
2318 4462 2435 4517 haec
2482 4461 2670 4517 abillo
2718 4459 3059 4531 quarebant,
3108 4475 3221 4515 non
3282 4459 3461 4516 solum
3488 4475 3547 4514 sa

289 4562 501 4630 λαϐεῖν,
530 4563 671 4619 ἀλλά
704 4563 796 4617 καί
824 4580 947 4617 τινα
978 4562 1142 4632 χάριν
1176 4561 1273 4615 καὶ
1318 4559 1594 4629 ἀγιασμὸν
1628 4557 1697 4611 δι’
1734 4555 1876 4610 ὲκεί-

291 4676 389 4710 νου
440 4657 535 4711 καὶ
587 4656 728 4727 πρὸς
776 4656 976 4719 αὐτοὺς
1033 4649 1376 4713 ἐλεύσεσθαι,
1432 4649 1624 4720 ὥσπερ
1680 4649 1730 4702 oi.
1769 4646 1876 4701 τῶν

293 4748 462 4819 ιερῶν
505 4748 715 4802 ὗδάτιον
760 4744 1297 4818 μεταλαμϐάνοντες.
1350 4742 1412 4794 '0
1460 4740 1516 4794 δὲ
1549 4740 1644 4793 καὶ
1700 4738 1877 4792 ταῦτα

296 4842 576 4912 πράττων,
609 4840 759 4912 λύπη
791 4839 883 4893 καὶ
908 4838 1069 4910 ἡδονῇ
1098 4837 1199 4906 τὴν
1225 4833 1403 4905 ψυχὴν
1432 4830 1743 4903 ἐμερίζετο.
1773 4823 1877 4883 Οἷα

298 4934 401 5003 μὲν
428 4932 537 5003 γὰρ
571 4932 829 5003 φιλόπαις
860 4929 1047 5000 πατὴρ
1074 4928 1183 4981 τῶν
1210 4928 1421 4980 τέκνων
1453 4921 1876 4994 ἀφαιρουμένων

296 5023 447 5095 αὑτῷ
463 5023 724 5096 λυπηρῶς
754 5016 922 5093 εῖχεν,
950 5014 1040 5075 οἷα
1060 5020 1117 5073 δὲ
1149 5020 1364 5073 πολλῶν
1395 5015 1579 5087 σωτὴρ
1604 5016 1759 5077 αὖθις
1783 5016 1880 5068 καὶ

297 5120 480 5172 κοινὸν
527 5118 718 5185 ὄφελος
744 5115 813 5168 δι’
857 5116 1085 5168 ἐκείνων
1138 5113 1467 5183 γενόμενος,
1501 5111 1711 5181 χαίρων
1763 5107 1879 5173 ἐξέ-

298 5225 511 5279 πεμπε’
548 5207 725 5263 ταῦτά
751 5224 808 5259 τε
852 5208 948 5260 καὶ
968 5208 1049 5260 ὅτι
1091 5207 1142 5258 οἱ
1201 5205 1299 5276 μὲν
1330 5202 1541 5255 ἐκείνου
1583 5201 1723 5254 κατὰ
1744 5198 1877 5253 Θεὸν

296 5301 492 5364 παῖδες
522 5300 700 5355 ἀλλων
731 5301 988 5368 πατέρες,
1030 5298 1097 5351 τά
1146 5296 1201 5350 δὲ
1230 5295 1363 5349 nae’
1407 5282 1556 5365 αὐτῷ
1583 5292 1878 5364 θρέμματα

298 5392 563 5463 ποιμένες
595 5392 773 5446 ἄλλων
797 5391 1106 5461 γεγόνασιν.

369 5561 470 5617 ω’.
499 5563 574 5616 θῦ
606 5563 712 5633 μὴν
747 5559 923 5623 οὕτως
950 5560 1139 5622 ἀπλῶς
1173 5574 1302 5619 τους
1325 5557 1584 5628 φοιτητὰς
1608 5556 1876 5627 επεμπεν,

295 5657 436 5711 ἀλλά
469 5656 736 5725 πρότερον
775 5654 988 5715 πολλοῖς
1027 5654 1210 5716 αὐτοῖς
1260 5648 1759 5719 διασφαλισάμενος
1792 5647 1879 5698 λό-

297 5763 443 5818 γοις,
474 5747 726 5818 μάρτυρά
750 5763 813 5799 τε
842 5748 933 5801 τὸν
966 5746 1101 5798 Θεὸν
1155 5745 1242 5796 ἔπ’
1274 5742 1459 5806 αὐτοῖς
1491 5740 1727 5805 καλέσας
1767 5758 1876 5810 μη·

1980 4553 2098 4609 t'ore
2158 4553 2310 4608 illius
2349 4552 2617 4607 doctrinae
2655 4551 2973 4622 participes.
3030 4549 3126 4605 sed
3167 4549 3334 4605 etiam
3355 4565 3550 4621 quam-

1979 4645 2103 4699 dam
2139 4644 2375 4715 gratiam
2414 4651 2471 4697 et
2502 4642 3001 4699 sanetiﬂcationem
3035 4641 3106 4695 ab
3153 4640 3253 4695 illo
3287 4641 3454 4696 etiam
3479 4640 3548 4695 ad

1977 4750 2075 4791 eos
2124 4751 2245 4791 esse
2275 4745 2587 4797 venturam,
2634 4733 2911 4803 quomodo
2944 4733 3039 4805 qui
3095 4740 3227 4787 sunt
3267 4746 3551 4786 sacrarum

1978 4842 2244 4897 aquarum
2276 4826 2589 4897 participes.
2618 4824 2682 4880 Ei
2723 4840 2876 4889 vero,
2907 4840 3032 4879 cum
3057 4823 3176 4879 haec
3206 4832 3414 4894 ageret,
3449 4823 3550 4878 do-

1978 4915 2094 4969 lore
2125 4924 2181 4970 et
2203 4915 2480 4985 voluptate
2508 4913 2913 4969 distrahebatur
2935 4915 3171 4967 animus.
3208 4911 3341 4964 Nam
3366 4922 3425 4964 ut
3452 4926 3547 4980 pa-

1983 5014 2064 5062 ter
2092 5021 2280 5061 amans
2307 5005 2563 5071 ﬁliorum,
2597 5019 2722 5060 cum
2755 5003 2806 5059 ei
2836 5003 3190 5058 auferrentur
3215 4999 3333 5067 lilii,
3359 4999 3549 5054 dolore

1978 5098 2333 5155 afﬁciebatur.
2370 5098 2441 5156 Ut
2479 5099 2574 5170 qui
2607 5108 2792 5153 autem
2844 5106 3095 5152 servator
3147 5095 3468 5154 multorum,
3494 5102 3550 5145 et

1978 5207 2077 5263 per
2102 5191 2227 5247 illos
2264 5190 2454 5246 multis
2481 5199 2629 5246 esset
2657 5188 2831 5252 utilis,
2887 5188 3044 5245 laetus
3080 5202 3180 5243 eos
3206 5186 3497 5242 emittebat
3531 5209 3544 5239 ι

1980 5294 2095 5339 ιιιιιι
2122 5282 2472 5352 etiam,quod
2488 5282 2634 5338 illius
2651 5280 2880 5352 quidem
2902 5279 3205 5337 secundum
3230 5278 3397 5331 Deum
3426 5277 3546 5338 ﬁlii.

1979 5376 2212 5428 aliorum
2284 5384 2472 5445 patres
2512 5387 2746 5428 :eorum
2774 5382 2955 5428 autem
2990 5385 3141 5436 oves,
3175 5370 3399 5424 fuerunt
3457 5383 3552 5438 ραι

1980 5474 2156 5521 stores
2184 5466 2443 5521 aliorum.

2054 5555 2189 5611 XIV.
2223 5555 2415 5623 Neque
2446 5560 2629 5610 tamen
2668 5565 2874 5609 temere
2913 5568 2978 5609 ac
3026 5545 3225 5609 leviter
3262 5548 3552 5607 emittebat

1981 5648 2300 5717 discipulos,
2330 5648 2425 5701 sed
2455 5663 2580 5702 cum
2611 5664 2706 5704 eos
2726 5684 2735 5697 .
2754 5649 2907 5717 prius
2947 5648 3137 5703 multis
3168 5647 3551 5705 conﬁrmasset

1981 5740 2354 5807 sermonibus,
2406 5751 2461 5794 et
2492 5740 2663 5796 Deum
2711 5750 2907 5797 testem
2967 5744 3019 5796 in
3080 5758 3178 5807 eos
3226 5744 3549 5821 invocasset.
