4120 6378
270 371 374 437 ’121

1162 376 1344 439 vm
1382 377 1445 455 s.
1492 377 1897 467 assessu
1927 348 2624 439 A'nemnasnmra.

2999 295 3013 302 ο
3040 296 3147 308 μνη.

3420 369 3547 432 ’722³

265 509 379 549 των
401 491 649 561 ίαμάτων
685 493 818 563 ἡμῖν
853 493 1030 549 πίνειν
1080 495 1287 566 πηγῆς.
1327 495 1452 549 Τῶν
1482 495 1734 567 μοναχῶν
1764 512 1847 559 τις

1969 511 2075 551 nus
2101 495 2269 551 etiam
2291 495 2358 551 de
2386 495 2533 551 fonte
2563 494 2929 550 curationum.
2960 490 3189 560 Quidam
3222 505 3285 545 ex
3337 505 3528 544 mona-

263 582 507 653 τοῦνομα
528 584 629 654 μὲν
660 582 949 650 Ἐλπίδιος,
972 586 1184 650 ἐλπίδος
1205 587 1265 641 δὲ
1291 589 1472 656 πάσης
1495 590 1637 659 νόσῳ
1665 591 1848 658 κρείτ-

220 724 229 727 -
268 692 385 731 τονι
422 676 706 745 συσχεθείς
728 694 742 709 ·
777 676 840 728 τὸ
865 676 967 747 μὲν
1001 678 1111 749 γάρ
1134 679 1255 732 ὅλον
1278 678 1443 732 αὑτοῦ
1480 680 1658 748 στόμα
1692 679 1851 742 ⁸ἑλκος

271 769 511 841 χαλεπδν
541 768 817 836 διεγένετο
835 782 854 800 ⁹
890 770 1109 825 ἆπανδδ
1133 771 1238 825 ὑπὸ
1269 771 1369 840 τὴν
1387 770 1642 839 γλῶσσαν
1683 772 1851 841 ὺπέρ-

266 876 435 929 ογκον
469 855 582 930 εἶχε
607 862 713 931 τὴν
743 860 1053 931 σάρκωσινο
1086 862 1114 915 ὃ
1146 865 1237 916 καὶ
1262 863 1541 932 ἄφθογγον
1576 862 1723 934 αὐτῷ
1756 865 1854 918 καὶ

271 953 434 1006 κενὸν
455 954 515 1006 τὸ
542 952 777 1021 ὄργανον
803 952 1053 1019 διετέλει,
1089 955 1184 1007 καὶ
1230 950 1299 1026 ἦν
1324 955 1516 1009 τούτου
1547 959 1669 1021 ταῖς
1719 958 1856 1025 ἀφο-

275 1045 466 1115 ρήτοις
489 1044 729 1107 ὶκείναις
756 1044 972 1105 ὀδύναις
1002 1046 1312 1118 προσθήκη,
1345 1047 1409 1100 τὸ
1435 1047 1571 1118 μηδὲ
1599 1048 1699 1111 τὰς
1726 1047 1853 1101 ὀδύ..

274 1151 375 1199 νας
403 1135 571 1188 αὐτοῦ
607 1134 952 1205 ἐξαγγέλλειν
997 1136 1283 1192 δύνασθαι.
1315 1139 1518 1209 ’Ἄμφω
1558 1138 1617 1193 δὲ
1656 1138 1853 1204 ταῦτα,

274 1227 337 1282 τὸ
367 1227 527 1292 ἕλκος
558 1244 618 1282 τε
678 1229 772 1282 καὶ
826 1229 1014 1297 δγκος,
1074 1229 1454 1302 προσλαϐόντα
1492 1232 1588 1286 καὶ
1641 1232 1703 1286 τὸ
1757 1232 1858 1301 τῆς

277 1319 540 1390 αἰσχύνης
560 1319 787 1384 ὄνειδος,
834 1322 1219 1378 εὐκταιότατον
1256 1324 1434 1378 ἐποίει
1476 1324 1555 1396 τῷ
1578 1324 1735 1397 ἀνδρὶ
1764 1325 1858 1379 τὸν

277 1413 528 1467 θάνατον.
555 1406 727 1476 Οῦτος
781 1412 876 1468 οῦν
911 1416 1156 1484 περιόντι
1181 1415 1260 1487 τῷ
1292 1416 1434 1487 ἀγίῳ
1463 1416 1616 1479 ποτὲ,
1650 1416 1856 1488 ἐγκάρ-

275 1503 389 1558 διον
420 1504 683 1568 στενάξας
703 1506 799 1559 καὶ
820 1506 975 1575 μόλις
999 1506 1398 1578 φθεγξάμενος,
1416 1508 1671 1562 τοσοῦτον
1686 1508 1858 1579 ἔφησε

281 1594 482 1665 μόνον·
513 1596 675 1666 υίμοι
702 1598 716 1651 l
741 1597 824 1651 ὅτι
848 1599 1084 1670 περιορᾷ
1123 1616 1192 1670 με
1237 1600 1335 1655 νῦν
1361 1602 1391 1654 ό
1412 1599 1752 1664 διδάσκαλος.
1798 1600 1857 1653 ’0

1953 587 2114 652 citisr
2137 588 2356 642 nomine
2387 587 2608 656 quidem
2649 584 2895 653 Elpitlius
2918 623 2933 650 ,
2985 582 3176 637 morbo
3205 590 3387 636 autem
3408 591 3529 635 crat

1958 680 2292 748 implicatus,
2316 680 2410 747 qui
2440 692 2656 732 omnem
2683 693 2834 746 spem
2893 674 3189 745 superabat
3225 689 3241 739 ;
3283 689 3407 727 nam
3440 682 3524 727 to-

1958 781 2072 824 tum
2096 770 2316 839 quidem
2357 784 2418 823 os
2456 769 2576 837 ejus
2609 783 2770 838 grave
2805 766 2961 822 ulcus
2991 766 3364 836 depascebat;
3417 771 3526 819 tota

1957 877 2087 916 vero
2110 877 2175 916 ea
2200 877 2341 931 pars,
2358 877 2479 931 qua:
2507 862 2702 930 liugum
2725 859 2933 923 subest,
2960 858 3197 913 habebat
3225 858 3554 928 ingentem,.

1957 954 2052 1022 qui
2101 962 2456 1017 excreverat,
2505 953 2688 1007 carnis
2739 963 3009 1005 tumorem
3067 968 3080 1004 :
3121 949 3268 1020 quod
3309 947 3530 1018 quidem

1956 1045 2008 1100 ei
2050 1043 2312 1099 reddebat
2360 1054 2575 1098 mutum
2598 1054 2652 1098 et
2676 1043 2836 1097 inane
2858 1044 3307 1107 instrumentum,
3344 1043 3532 1095 ethoc

1958 1135 2259 1192 accedebat
2284 1134 2725 1190 intolerabilibus
2750 1134 2897 1188 illius
2924 1133 3226 1196 doloribus,
3257 1131 3403 1201 quod
3432 1148 3534 1186 nec

1958 1228 2109 1296 ipsos
2141 1224 2381 1301 ‘quidem
2412 1225 2630 1281 dolores
2673 1234 2854 1296 posset
2884 1224 3196 1280 enuntiare.
3231 1224 3408 1279 Ambo
3437 1241 3536 1279 au-

1963 1327 2073 1373 tem
2132 1317 2269 1382 haec,
2310 1318 2489 1383 ulcus,
2554 1321 2799 1388 inquam,
2829 1329 2887 1373 et
2911 1327 3092 1371 tumor
3116 1332 3240 1371 cum
3272 1317 3538 1388 probrum

1961 1409 2126 1465 etiam
2155 1420 2212 1467 et
2251 1409 2492 1467 dedecus
2530 1409 2898 1481 accepissent,
2949 1408 3258 1464 etlieiebant
3300 1418 3358 1463 ut
3389 1425 3539 1465 mors

1963 1511 2108 1555 esset
2133 1501 2182 1556 ei
2213 1501 2472 1571 optanda.
2498 1501 2597 1556 Hic
2620 1516 2751 1571 ergo
2770 1515 2895 1555 cum
2918 1498 3214 1555 accedente
3244 1499 3538 1569 aliquando

1963 1600 2172 1657 sancto,
2216 1600 2331 1647 toto
2359 1601 2579 1663 pectore
2601 1591 2978 1663 ingemuisset,
3004 1600 3059 1647 et
3086 1591 3175 1646 vix
3206 1600 3353 1646 esset
3385 1590 3542 1646 locu~

275 1686 336 1741 δι
358 1686 616 1741 τοσοῦτον
665 1688 876 1761 ἀπέσχε
900 1689 1001 1744 τοῦ
1029 1691 1318 1761 περιιδεῖν,
1360 1692 1502 1746 ὥστε
1541 1694 1861 1765 παραυτίκα

1969 1692 2075 1747 tus,
2143 1692 2357 1738 tantum
2413 1684 2547 1740 dixit
2588 1702 2601 1740 :
2638 1684 2734 1739 llei
2782 1684 2958 1739 mihi!
3011 1700 3097 1740 me
3133 1700 3279 1740 nunc
3307 1683 3541 1754 despicit

278 1779 376 1831 καὶ
403 1778 486 1840 είς
512 1778 678 1849 εὐχὴν
708 1779 1022 1848 κινηθῆναι,
1047 1780 1144 1834 καὶ
1172 1780 1589 1851 φιλανθρωπίας
1621 1781 1861 1851 δάκρυον

1969 1775 2240 1845 magister.
2299 1775 2395 1830 llle
2442 1786 2625 1831 autem
2669 1785 2880 1831 tantum
2920 1776 3112 1833 aberat
3163 1786 3223 1832 ut
3289 1777 3543 1847 despice-

278 1868 390 1922 τῶν
421 1868 689 1939 ὀμμάτων
739 1858 1113 1938 κατενεγκεῖν.
1176 1864 1311 1923 Εἶτα
1349 1868 1444 1923 τοῦ
1477 1869 1644 1936 ὄγκου
1672 1887 1732 1922 τε
1766 1873 1859 1923 καὶ

1969 1877 2067 1928 ret,
2129 1875 2187 1920 ut
2217 1865 2402 1921 statim
2426 1875 2733 1922 commotus
2760 1868 2831 1923 sit
2858 1868 2923 1923 ad
2962 1875 3155 1936 preees
3218 1877 3274 1924 et
3304 1871 3542 1924 clemen-

278 1959 376 2014 τοῦ
406 1960 598 2025 ῑλκους
639 1959 941 2033 ἁψάμενος,
988 1961 1051 2015 τὸ
1103 1962 1202 2031 μὲν
1248 1961 1421 2029 ὑγιὲς,
1450 1961 1545 2014 τὸν
1589 1961 1646 2014 δὲ
1679 1959 1859 2029 ἀφανῆ

1969 1957 2055 2011 tia:
2135 1958 2402 2028 lacrymas
2444 1975 2512 2013 ex
2575 1960 2752 2013 oculis
2809 1961 3075 2016 emiserit.
3141 1961 3349 2019 Deinde
3416 1979 3542 2019 cum

282 2055 458 2107 ποιεῖ’
509 2053 607 2107 καὶ
650 2055 713 2107 το
738 2055 916 2125 στόμα
946 2053 1024 2124 τῷ
1075 2052 1233 2120 ἀνδρὶ
1268 2052 1514 2122 καθαρὸν
1539 2052 1860 2117 ἀποδίδωσι,

1969 2054 2232 2099 tumorem
2288 2057 2346 2101 et
2396 2048 2553 2102 ulcus
2591 2047 2880 2118 tetigisset,
2916 2048 3021 2104 ltoc
3081 2050 3304 2120 quidem
3360 2060 3538 2116 sanat,

281 2145 452 2200 τᾶλλα
472 2145 531 2199 δι
549 2144 850 2209 ἀκωλύτως
872 2144 1235 2214 φθέγγεσθαι,
1258 2143 1354 2197 καὶ
1382 2140 1682 2196 ιῦνοτιστον
1710 2141 1860 2210 αὐτῷ

1969 2136 2115 2190 illum
2153 2152 2283 2193 vero
2313 2138 2443 2193 facit
2483 2153 2812 2195 evanescere
2846 2158 2860 2193 :
2892 2151 2948 2197 et
2981 2156 3043 2197 os
3088 2142 3139 2197 ei
3188 2158 3385 2213 purum
3421 2143 3546 2198 red-

278 2235 425 2293 είναι
452 2238 589 2311 πρὸς
617 2239 972 2311 εὐχαριστίαν
1002 2237 1256 2308 ὄργανον.

358 2507 457 2561 ΙΖ’.
495 2505 729 2575 Ἐτερός
752 2523 836 2569 τις
865 2505 972 2559 τῶν
1007 2503 1260 2575 μοναχῶν
1294 2502 1533 2575 τοῦνομα
1569 2501 1863 2573 Στέφανος,

284 2597 385 2667 τὴν
420 2596 522 2668 μὲν
551 2597 694 2651 κατά
720 2598 886 2667 φύσιν
920 2597 1131 2667 τροξρὴν
1172 2593 1558 2666 προσιέμενος,
1586 2593 1646 2646 τὸ
1676 2593 1733 2646 δὲ
1777 2591 1867 2645 διὰ

284 2692 385 2761 τῆς
407 2689 641 2761 φυσικῆς
666 2691 828 2744 αὐτὸν
855 2688 1036 2754 ἐξόδου
1062 2689 1375 2760 προχωρεῖν
1402 2687 1561 2741 τοῦτο
1597 2684 1866 2755 μηδαμῶς

287 2781 448 2854 ῑχων,
495 2784 553 2836 ιν
604 2783 864 2852 ἐσχάταις
914 2780 1130 2844 ὀδύναις
1178 2776 1270 2851 ἦν.
1316 2778 1545 2848 Ἰατρῶν
1575 2774 1668 2829 οὖν
1701 2776 1864 2846 τέχνη

288 2876 460 2932 πολλὰ
482 2877 612 2945 περὶ
643 2876 780 2931 αὐτὸ
804 2874 1376 2945 πραγματευσαμενη,
1408 2872 1509 2934 τάς
1544 2869 1648 2939 μὲν
1670 2868 1865 2932 ὀδύνας

287 2972 354 3040 τῇ
384 2970 493 3024 τῶν
524 2970 835 3041 φαρμάκων
858 2963 993 3036 ηύξε
1027 2964 1264 3035 πικρίᾳ·
1304 2966 1373 3016 τά
1398 2962 1454 3015 δὲ
1487 2964 1626 3030 προς
1665 2959 1863 3021 αὐτοὺς

289 3062 453 3133 ελατή
463 3079 580 3133 ρια,
598 3060 804 3129 σπουδὴ
830 3058 1036 3128 ματαία
1062 3061 1153 3109 καί
1173 3056 1207 3125 ἡ
1224 3056 1331 3126 ἐμὴ
1350 3054 1511 3124 τριϐὴ
1536 3052 1866 3122 διελέγχετο.

1963 2228 2044 2285 dit
2075 2238 2132 2284 ct
2155 2230 2441 2294 mundum,
2468 2240 2524 2286 et
2550 2239 2736 2301 aptum
2758 2243 2816 2286 ut
2838 2233 3042 2303 alioqui
3068 2234 3387 2305 loqueretur
3420 2236 3546 2292 abs-

1963 2337 2072 2391 que
2124 2321 2234 2375 ullo
2288 2321 2703 2392 impedimento,
2733 2332 2789 2378 et
2809 2333 2952 2379 esset
2977 2326 3027 2379 ei
3059 2326 3187 2381 utile
3208 2326 3547 2383 instrumen-

1966 2422 2082 2467 tum
2113 2413 2181 2468 ad
2210 2413 2448 2485 agendas
2482 2416 2706 2487 gratias.

2038 2503 2201 2559 XVII.
2240 2505 2471 2571 Quidam
2534 2506 2677 2561 alius
2700 2509 3018 2569 monachus.
3044 2509 3265 2563 nomine
3310 2507 3544 2579 Stepba«

1967 2614 2091 2664 nus,
2157 2598 2251 2668 qui
2294 2599 2598 2654 secundum
2645 2610 2900 2654 naturam
2946 2599 3169 2671 quidem
3222 2601 3550 2658 admittebat

1966 2689 2309 2752 alimentum,
2343 2698 2404 2744 ut
2438 2690 2489 2743 id
2515 2700 2695 2747 autem
2718 2707 2816 2760 per
2842 2691 3145 2747 naturalem
3185 2694 3395 2749 exitum
3422 2710 3551 2765 pro.

1968 2781 2210 2845 celeret,
2253 2782 2357 2836 hoc
2383 2783 2610 2838 minime
2635 2783 2895 2848 habebat,
2916 2785 3178 2840 extremis
3197 2786 3550 2842 cruciabatur

1969 2871 2271 2928 doloribus.
2310 2873 2448 2929 Cum
2489 2890 2580 2931 ars
2633 2886 2814 2930 autem
2865 2877 3118 2932 medendi
3151 2893 3215 2933 ea
3260 2881 3316 2933 in
3352 2896 3409 2935 re
3453 2874 3550 2936 diu

1968 2974 2116 3019 esset
2148 2975 2383 3033 versata,
2414 2967 2633 3022 dolores
2698 2968 2920 3038 quidem
2971 2972 3203 3041 augebat
3257 2973 3550 3028 vulnerum

1972 3056 2268 3112 acerbitate
2311 3074 2325 3109 :
2367 3074 2489 3128 quae
2518 3074 2646 3113 vero
2698 3067 2827 3114 sunt
2870 3061 3016 3130 apud
3070 3076 3167 3116 eos
3221 3063 3449 3120 elateria
3496 3076 3555 3121 et

299 3152 389 3217 Ὠς
417 3153 515 3207 οὖν
539 3152 755 3222 ἄμαχον
785 3149 850 3204 τὸ
894 3148 1070 3202 δεινὸν
1113 3147 1344 3216 ἑωρᾶτο,
1381 3147 1475 3197 καὶ
1506 3146 1534 3196 ό
1583 3142 1863 3237 ἅνθρωπος

1979 3151 2351 3223 purgationes,
2385 3152 2648 3223 probabat
2671 3169 2792 3210 esse
2830 3156 3032 3221 inania,
3088 3156 3445 3228 studiumque
3497 3168 3555 3214 et

288 3246 382 3300 τοῦ
419 3243 785 3314 διαρραγῆναι
803 3242 866 3292 οὔ
899 3239 1119 3309 μακράν
1148 3238 1317 3305 ἀπῆν,
1352 3234 1761 3302 ἀπαγγέλλουσι
1788 3230 1863 3303 τῷ

1974 3257 2196 3312 operam
2232 3243 2434 3299 frustra
2456 3244 2511 3299 in
2538 3247 2617 3300 eis
2642 3247 2913 3301 consumi.
2940 3247 3077 3302 Cum
3110 3263 3240 3320 ergo
3270 3250 3555 3306 videretur

287 3337 617 3409 Μαρκέλλῳ.
648 3334 708 3387 ’0
732 3334 791 3387 δὲ
810 3331 1015 3403 ηὔξατο
1034 3329 1134 3401 μὲν
1156 3330 1407 3399 καθάπερ
1435 3326 1639 3381 εἰώθειο
1694 3323 1863 3380 ἐλθὼν

1973 3336 2178 3389 malum
2243 3336 2682 3408 inexpugnabile,
2753 3348 2809 3394 et
2862 3354 2970 3395 non
3026 3341 3259 3395 multum
3312 3343 3552 3410 abesset,

287 3430 344 3485 δι
370 3430 512 3499 πρὸς
548 3428 644 3481 τὸν
675 3427 978 3496 κάμνοντα,
1028 3420 1148 3478 εἶτα
1196 3420 1559 3490 ἐπαφώμενος
1612 3422 1679 3489 τῇ
1714 3417 1861 3488 χειρὶ

288 3522 387 3592 τήν
413 3520 680 3590 γαστέρα,
712 3517 873 3571 τοῦτο
924 3516 982 3569 δὲ
1016 3515 1085 3568 τά
1121 3515 1250 3584 περὶ
1293 3516 1385 3566 τὸν
1431 3512 1602 3565 νῶτον
1656 3511 1860 3565 ὡσανεὶ

290 3613 559 3685 προωθῶν
586 3615 683 3666 mit
706 3612 801 3664 ἐπὶ
827 3609 896 3663 τά
922 3609 1076 3662 κάτω
1102 3607 1200 3676 τὴν
1227 3605 1363 3675 ὕλην
1399 3604 1661 3668 ἐλαύνων,
1679 3603 1867 3676 ἐκείνῃ

294 3707 396 3778 μὲν
428 3707 530 3778 τὴν
561 3705 706 3759 κατά
734 3702 897 3773 φύσιν
927 3702 1174 3772 πρόοδον,
1200 3700 1279 3770 τῷ
1324 3700 1381 3753 δὲ
1411 3700 1567 3769 ἀνδρὶ
1597 3695 1868 3766 τοσαύτης

292 3798 680 3868 ἀπαλλαγῆναι
695 3796 793 3849 καὶ
813 3793 1037 3855 ἀλύπως
1062 3793 1163 3863 ζῇν
1186 3790 1501 3862 ἐχαρίσατο.

1969 3431 2102 3499 quin
2147 3428 2195 3483 is
2225 3427 2681 3499 dismmperetur,
2714 3429 2765 3484 id
2803 3432 3118 3486 renuntiant
3157 3432 3431 3490 Marcello.
3459 3435 3556 3491 llle

1976 3526 2159 3573 autem
2208 3529 2463 3589 precatus
2526 3521 2747 3591 quidem
2807 3534 2910 3587 est,
2973 3524 3117 3580 sicut
3170 3539 3550 3586 consueverat.

1974 3611 2110 3667 Cum
2142 3628 2271 3667 vero
2303 3613 2543 3670 venisset
2569 3615 2638 3669 ab
2671 3617 3033 3685 laborantem,
3083 3621 3391 3692 partimque
3426 3625 3553 3693 qui-

1978 3701 2104 3757 dem
2134 3712 2381 3759 ventrem
2404 3721 2568 3759 manu
2604 3715 2852 3777 tangens,
2879 3710 3076 3778 partim
3097 3720 3279 3767 autem
3300 3713 3549 3780 dorsum,

1983 3804 2242 3866 tanquam
2273 3797 2608 3868 propellens,
2642 3806 2699 3853 et
2729 3798 2799 3853 ad
2857 3799 3149 3858 inferiores
3174 3814 3359 3873 partes
3387 3820 3554 3877 agens

294 3889 603 3952 materiam,
637 3886 713 3940 illi
761 3884 982 3954 quidem
1025 3882 1299 3940 concessit
1356 3893 1742 3951 progressum,
1787 3879 1883 3950 qui
1920 3890 2006 3939 est
2035 3888 2339 3943 secundum
2405 3900 2654 3946 naturam
2684 3927 2702 3956 ,
2775 3890 2892 3947 viro
2930 3901 3134 3961 autem,
3171 3904 3228 3951 ut
3264 3912 3330 3955 ea
3354 3899 3555 3956 libera.-

295 3991 468 4047 retur,
502 3989 560 4038 et
589 3980 755 4035 vitam
778 3986 968 4050 ageret
990 3977 1110 4033 sine
1149 3975 1421 4031 molestia.

362 4076 473 4131 ιη’.
505 4075 615 4129 Καὶ
645 4076 676 4128 ό
699 4072 808 4145 πρὸ
831 4070 1033 4144 μικροῦ
1067 4072 1123 4125 δὲ
1151 4070 1338 4140 ῥηθεὶς
1374 4066 1687 4134 Ἰουλιανὸς,
1718 4068 1746 4121 ό
1772 4069 1863 4123 καὶ

2040 4068 2231 4126 XVIII.
2263 4071 2433 4126 Porro
2464 4080 2650 4127 autem
2688 4070 2735 4128 is
2764 4087 2986 4143 quoque
3003 4072 3099 4144 qui
3132 4076 3294 4144 paulo
3313 4086 3441 4132 ante
3462 4078 3551 4132 dio

298 4171 374 4245 μὴ
405 4169 586 4232 καλῶς
615 4168 928 4238 οίκονομείν
955 4164 1260 4237 ἐλεγχθεὶς,
1297 4163 1489 4231 ῶσπερ
1517 4162 1611 4216 τοῦ
1630 4162 1863 4234 διορατι-

1975 4169 2098 4217 ctus
2127 4158 2501 4227 estJulianus,
2545 4162 2640 4231 qui
2671 4161 2958 4218 convictus
2977 4161 3082 4218 fuit
3114 4178 3224 4218 non
3256 4171 3403 4220 recte
3440 4164 3556 4221 dis-

297 4264 394 4319 κοῦ
416 4263 752 4335 χαρίσματος
781 4261 1072 4330 πρότερον,
1087 4255 1232 4311 οὕτω
1259 4256 1323 4325 δὴ
1360 4256 1456 4310 καὶ
1483 4254 1593 4310 τῶν
1622 4254 1863 4325 ἰαμάτων

1978 4266 2227 4322 pensare,
2278 4252 2423 4307 sicut
2469 4250 2621 4321 prius
2694 4252 2902 4308 donum
2964 4254 3425 4325 perSpieacitatis,
3475 4257 3552 4313 ita

295 4354 625 4428 Μαρκέλλου.
672 4354 753 4416 είς
787 4354 982 4420 πεῖραν
1014 4349 1258 4421 ἔρχεται.
1310 4348 1470 4419 Νόσῳ
1508 4347 1607 4417 μὲν
1636 4348 1745 4419 γάρ
1775 4348 1863 4401 καὶ

1978 4344 2141 4400 etiam
2183 4341 2423 4400 Marcelli
2479 4345 2826 4401 curationum
2884 4345 3091 4401 donum
3133 4347 3237 4402 fuit
3266 4357 3550 4421 expertus.

297 4446 452 4508 οὗτος
484 4444 716 4513 ἔκαμνε,
767 4441 909 4513 νόσῳ
938 4440 1034 4495 καὶ
1065 4439 1318 4509 ίατρικῆς
1358 4438 1454 4492 καὶ
1479 4439 1663 4509 πάσης
1706 4436 1863 4507 εὐχῆς

1982 4437 2116 4492 Nam
2148 4437 2197 4492 is
2220 4451 2440 4508 quoque
2465 4436 2656 4493 morbo
2685 4436 2992 4503 laborabat,
3023 4439 3118 4511 qui
3169 4449 3226 4495 et
3257 4441 3552 4508 medicina.

295 4539 372 4601 ὡς
397 4538 605 4598 ἐκεῖνος
631 4535 807 4588 ἐδόκει
827 4532 1120 4605 κρείττονι,
1153 4531 1250 4586 καὶ
1287 4531 1683 4593 ἁνενδοιάστως
1721 4533 1863 4582 ἀπει-

1983 4538 2039 4583 et
2072 4528 2221 4582 omni
2244 4528 2559 4597 precatione
2580 4538 2725 4593 erat,
2757 4540 2817 4586 ut
2854 4531 2944 4586 ille
2977 4533 3225 4602 putabat,
3271 4536 3552 4607 superior,

296 4630 466 4704 λούσῃ
483 4628 576 4683 τδν
596 4628 846 4682 θάνατον.
872 4624 1385 4696 Μεταπεμψάμενος
1413 4623 1500 4692 δὴ,
1524 4621 1665 4687 ἀξιοῖ
1688 4639 1870 4691 παρα-

296 4723 555 4792 γενέσθαι
576 4723 668 4776 τὸν
684 4719 1022 4790 Μάρκελλον,
1052 4718 1151 4789 οὐχ
1175 4716 1316 4770 ὥστε
1339 4717 1438 4787 τὴν
1456 4715 1756 4786 θεραπείαν
1774 4717 1873 4771 λα-

294 4814 435 4877 ϐεῖν,
469 4814 589 4867 ἀλλ’
603 4812 745 4866 ὥστε
774 4810 924 4881 αὐτῷ
951 4809 1274 4864 τελευτῶντι
1301 4807 1508 4875 ἐφόδιον
1529 4807 1695 4879 εὐχὴν
1713 4810 1871 4879 χαρί-

297 4907 516 4960 σασθαι.
551 4906 609 4959 ’0
633 4905 716 4970 δὲ,
744 4902 1206 4974 παραγενόμενος,
1225 4899 1443 4970 πρῶτον
1478 4898 1576 4967 μὲν
1598 4900 1748 4970 αὑτῴ
1771 4899 1868 4970 τὴν

295 4998 475 5070 ψυχὴν
508 4999 676 5063 litat,
693 4996 786 5067 Μὴ
809 4995 897 5066 δὴ,
922 4994 1124 5065 φήσας,
1141 4985 1187 5046 ὧ
1204 4994 1394 5045 τέκνον
1424 4990 1568 5045 οὕτω
1595 4993 1870 5055 ταπεινῶς

298 5090 394 5143 καὶ
419 5087 775 5160 ἀνθρωπίνως
805 5086 992 5157 φρόνει
1015 5086 1144 5155 περὶ
1178 5083 1336 5147 Θεοῦ,
1373 5082 1507 5154 μηδὲ
1530 5086 1640 5147 τοῖς
1667 5086 1869 5154 ἡμετέ-

298 5201 415 5256 ροις
445 5181 793 5253 παραμετρει
814 5178 998 5233 καὶτὰ
1033 5177 1264 5231 ἐκείνου.
1299 5176 1366 5229 Ἠ
1378 5174 1496 5244 μῶν
1528 5177 1628 5248 μὲν
1649 5179 1758 5248 γάρ
1786 5196 1871 5243 τις

296 5276 376 5349 τῷ
416 5277 518 5348 μὲν
555 5276 683 5339 ἴσως
716 5275 925 5345 ἰσχυσε,
954 5270 1090 5342 πρὸς
1110 5270 1169 5325 δὲ
1199 5269 1260 5323 τὸ
1280 5270 1375 5322 καὶ
1398 5270 1699 5341 ἀπείρηκεν
1721 5287 1737 5301 θ
1765 5272 1793 5323 ό
1814 5271 1871 5325 δὲ

296 5369 432 5432 Θεὸς
461 5367 681 5420 πάντων
707 5362 905 5431 ιπίσης
941 5357 1157 5432 μικρῶν
1184 5375 1245 5413 τε
1288 5360 1384 5413 καὶ
1423 5360 1686 5428 μειζόνων
1718 5362 1870 5429 ξσχυο

302 5461 521 5531 ρότερος
548 5456 842 5511 δείκνυται.
885 5453 1100 5521 Ὥσπερ
1141 5452 1307 5522 ὀλίγῳ
1348 5452 1616 5523 πρότερον
1650 5455 1743 5505 ἐπὶ
1776 5452 1869 5507 τοῦ

298 5549 503 5622 χρυσοῦ
536 5551 695 5619 ἡμεῖς
724 5547 823 5619 μὲν
855 5546 915 5600 τὸ
967 5544 1324 5616 μικρόψυχον,
1348 5547 1377 5598 ό
1411 5545 1468 5599 δὲ
1504 5544 1634 5606 Θεὸς
1660 5544 1869 5599 ἐδείκνυ

296 5642 360 5695 τδ
394 5640 804 5713 μεγαλόδωρον·
839 5637 984 5691 οὕτω
1029 5635 1126 5689 καὶ
1169 5636 1264 5688 επὶ
1312 5635 1412 5703 τῆς
1482 5637 1635 5690 νόσου
1684 5639 1870 5706 νόμιζε

298 5734 623 5805 θεοπρεπῶς
651 5734 855 5785 ἐκεῖνον
877 5729 1055 5782 πάντα
1078 5729 1172 5781 καὶ
1193 5724 1653 5797 μεγαλοδυνάμως
1679 5731 1871 5783 ποιεῖν·

295 5829 351 5891 ὃς
383 5829 474 5882 καὶ
509 5824 606 5896 τῆς
626 5823 886 5887 ἀπιστίας
910 5819 1244 5891 συγγνώμην
1270 5820 1401 5888 ἡμῖν
1434 5823 1872 5891 παρασχόμενος,

1977 4627 2033 4673 et
2060 4620 2198 4674 citra
2250 4620 2414 4674 ullam
2444 4619 2845 4679 dubitationem
2905 4633 3135 4681 mortem
3174 4627 3553 4684 minitabatur.

1977 4709 2316 4766 Accersitum
2346 4722 2526 4767 autem
2564 4725 2715 4782 rogat
2748 4715 2942 4770 adesse
2972 4715 3310 4786 Marcellum,
3350 4735 3458 4775 non
3497 4732 3559 4774 ut

1974 4805 2250 4874 acciperet
2267 4805 2607 4860 curationem
2629 4809 2774 4877 (nam
2797 4807 2991 4865 hocne
3013 4811 3265 4879 Sperabat
3281 4812 3553 4885 quidem),

1976 4895 2072 4950 sed
2101 4906 2160 4950 ut
2190 4896 2241 4950 ei
2267 4896 2554 4952 decedenti
2586 4913 2777 4968 preces
2817 4898 3148 4955 concederet
3192 4902 3401 4958 viatici.
3459 4903 3556 4959 Ille

1977 5002 2109 5042 vero
2132 5003 2255 5043 cum
2292 4990 2629 5053 accessisset,
2673 4990 2909 5060 primum
2942 4990 3165 5061 quidem
3202 4992 3320 5063 ejus
3366 4996 3557 5049 mede-

1981 5093 2070 5136 tur
2136 5082 2334 5138 animte
2369 5098 2383 5136 :
2412 5084 2510 5146 Ne,
2577 5084 2780 5153 inquit,
2816 5099 2849 5139 ο
2883 5083 2979 5151 ﬁli,
3008 5094 3117 5140 tam
3189 5086 3470 5144 humiliter
3496 5100 3556 5144 et

1980 5174 2192 5245 abjecte
2221 5182 2275 5228 et
2307 5182 2413 5232 tam
2445 5174 2685 5230 humano
2705 5189 2861 5230 more
2886 5174 2954 5229 de
2982 5177 3094 5231 Deo
3119 5178 3347 5242 sentias,
3375 5195 3554 5250 neque

1978 5267 2149 5321 rebus
2180 5267 2383 5322 nostris
2408 5266 2655 5323 metiaris
2678 5282 2766 5322 res
2790 5266 2959 5322 illius.
2989 5267 3125 5322 Nam
3154 5279 3403 5324 nostrum
3433 5275 3559 5342 qui-

1977 5356 2103 5410 dem
2140 5356 2362 5427 aliquis,
2383 5358 2487 5411 boc
2508 5354 2731 5425 quidem
2761 5356 2994 5411 fortasse
3023 5367 3228 5427 potest,
3266 5359 3396 5413 illud
3425 5378 3557 5419 vero

1981 5450 2243 5505 minime:
2278 5450 2421 5504 Deus
2450 5458 2634 5503 autem
2658 5451 2916 5510 omnibus
2940 5462 2996 5509 et
3029 5457 3237 5524 magnis
3284 5468 3339 5514 et
3375 5464 3559 5530 parvis

1981 5558 2045 5598 ex
2073 5557 2229 5611 aequo
2254 5550 2339 5596 est
2375 5542 2669 5612 potentior.
2703 5542 2991 5610 Quomodo
3020 5564 3153 5619 ergo
3183 5567 3283 5606 nos
3329 5553 3555 5623 quidem

1980 5634 2139 5704 paulo
2189 5643 2314 5689 ante
2350 5635 2609 5704 pusillum
2648 5644 2705 5692 et
2749 5636 3029 5695 sordidum
3083 5644 3348 5706 animum.
3417 5648 3563 5703 Deus

1982 5741 2112 5780 vero
2169 5743 2320 5780 suam
2368 5729 2608 5782 ostendit
2674 5729 3101 5787 munificentiam
3136 5756 3149 5789 :
3181 5738 3255 5791 ita
3313 5741 3561 5794 etiamin

1986 5822 2179 5872 morbo
2224 5822 2492 5883 existima,
2526 5824 2677 5878 illum
2707 5828 2980 5893 prmeiarc,
3040 5840 3097 5882 ut
3157 5830 3326 5885 Deum
3378 5833 3559 5896 decet,
