4128 6384
583 405 690 468 793

1813 396 2099 457 MENSIS
2139 395 2573 456 DECEMBER.

3721 371 3837 437 πει

589 518 771 570 omnia
812 526 866 570 et
898 531 1086 585 magna
1136 513 1337 567 virtute
1360 511 1541 566 facere
1576 527 1589 564 :
1621 509 1753 580 quin
1793 510 1961 564 etiam
1999 509 2159 565 nobis

2271 511 2358 581 τὴν
2392 508 2586 575 ὑγείαν
2619 505 2932 577 χαρίσεται.
2966 499 3158 563 Οὕτως
3176 497 3425 559 είπόντος
3448 496 3515 565 τῇ
3539 493 3637 585 τῆς
3654 492 3840 585 ψυχῆς

590 608 715 662 data
743 607 901 660 venia
951 603 1378 667 incredulitatis,
1423 602 1688 672 largietur
1729 602 1981 656 salutem.
2015 602 2152 656 Cum

592 698 673 752 sic
727 696 977 762 dixisset,
1010 695 1207 750 animae
1237 693 1582 749 curationem
1627 694 1878 763 corporis
1935 708 2153 763 quoque

589 788 793 843 sanitas
830 797 913 842 est
940 796 1255 852 consecuta,
1282 784 1418 840 adeo
1452 795 1507 839 ut
1536 794 1721 854 postea
1758 800 1884 840 cum
1911 801 2018 839 non
2044 794 2153 839 tam

590 891 796 934 temere
849 881 1092 944 vixisset,
1128 878 1222 933 sed
1280 885 1491 932 utequ
1541 876 1719 940 decet,
1784 877 1879 946 qui
1930 884 2012 931 est
2058 877 2155 931 Dei

591 971 819 1032 amicus,
842 970 1008 1025 fuerit
1054 968 1329 1032 sacerdos,
1370 968 1567 1038 dignus
1620 967 1860 1022 Marcelli
1911 966 2159 1021 doctrina

589 1068 647 1113 et
675 1059 1004 1113 sacerdotio.
1036 1058 1143 1113 Sed
1178 1057 1338 1128 quale
1365 1066 1450 1113 est
1500 1057 1625 1117 hoc.
1674 1058 1821 1128 quod
1858 1057 2107 1126 sequitur
2139 1059 2162 1110 ?

2263 599 2533 673 θεραπείᾳ
2589 595 2877 668 ἠκολούθει
2933 594 3027 647 καὶ
3063 593 3099 662 ἡ
3136 587 3230 644 τοῦ
3287 587 3573 657 σώματος·
3604 583 3751 637 ῶστε
3777 581 3841 635 τὸ

2264 694 2408 766 μετὰ
2428 692 2602 746 ταῦτα
2630 688 2706 760 μὴ
2732 686 2904 749 οὕτως
2931 683 3143 745 ἁπλῶς,
3168 680 3305 735 ἀλλὰ
3324 680 3423 733 καὶ
3445 679 3522 738 ὡς
3537 675 3654 744 Θεῷ
3680 674 3839 743 φελον

2263 782 2530 852 ζήσαντα,
2560 779 2713 850 ἱερέα
2745 776 3024 847 γενέσθαι,
3059 773 3159 842 τῆς
3209 788 3268 824 τε
3315 767 3639 852 Μαρκέλλου
3689 766 3841 821 διδα-

2266 872 2497 935 σκαλίας
2527 872 2618 922 καὶ
2640 869 2740 938 τῆς
2765 865 3067 935 ἱερωσύνης
3091 863 3266 929 ἄξιον.
3303 859 3444 913 Ἀλλ’
3477 851 3590 911 οἷον
3613 856 3673 909 τὸ
3699 856 3840 925 μετὰ

2264 963 2460 1028 ταῦτα,
2492 963 2568 1026 ὡς
2590 960 2711 1013 λίαν
2764 958 2865 1028 μὲν
2905 956 3138 1027 φοϐερὸν
3168 954 3284 1017 τοῖς
3304 951 3578 1014 ἀπίστοις,
3631 947 3755 1001 λίαν
3782 947 3839 1001 δὲ

2267 1057 2383 1116 τοῖς
2417 1053 2633 1113 πιστοῖς
2666 1045 3114 1119 θαυμαζόμενονι

592 1150 765 1216 Quam
819 1161 905 1206 cst
951 1125 1248 1206 incredulis
1308 1152 1528 1219 quidem
1561 1125 1717 1205 valde
1752 1125 2018 1215 terribile,
2059 1149 2201 1220 apud
2242 1147 2432 1203 ﬁdeles
2497 1153 2681 1200 autem
2747 1143 2803 1197 in
2872 1154 3067 1212 magna
3130 1138 3369 1194 habetur
3428 1125 3835 1191 admirationel

2337 1335 2444 1392 18'.
2486 1334 2658 1404 Ἀνήρ
2692 1348 2778 1395 τις
2828 1330 2896 1384 τὰ
2942 1322 3300 1397 Σαμαρειτῶν
3354 1320 3548 1384 νοσῶν,
3581 1319 3646 1374 τὸ
3673 1317 3841 1390 σῶμα

594 1412 1086 1501 Samaritanorum,
1114 1412 1405 1491 laborabat
1426 1436 1671 1507 corporis
1694 1435 1888 1491 morbo
1915 1434 2164 1490 immedi-

2271 1428 2503 1489 ἀνιάτως
2533 1425 2709 1479 ἐνόσει
2725 1439 2740 1453 ο
2757 1420 2977 1491 τραῦμα
3005 1417 3119 1487 γάρ
3138 1415 3288 1485 αὐτῷ
3309 1413 3508 1485 μᾶλλον
3533 1412 3568 1482 ἢ
3594 1412 3761 1507 σῶμα

594 1525 778 1581 rabili.
810 1525 871 1581 In
909 1527 1026 1597 ejus
1050 1527 1193 1583 enim
1237 1542 1468 1598 corpore
1498 1538 1721 1583 enatum
1782 1534 1905 1582 erat
1928 1527 2151 1582 vulnus.

2271 1524 2425 1586 ἕλκος
2454 1518 2691 1573 ὲδείκνυ.
2726 1513 3058 1584 Χαρίσματα
3084 1510 3143 1563 δὲ.
3178 1508 3275 1561 καὶ
3309 1507 3582 1598 φάρμακα
3605 1503 3734 1598 ’καὶ
3770 1501 3841 1557 τά

597 1617 884 1686 Unguenta
909 1594 1092 1671 autem
1129 1628 1186 1673 et
1205 1594 1626 1684 medicamenta,
1648 1626 1705 1674 et
1736 1632 2072 1689 quascunque
2093 1617 2161 1672 ab

2271 1614 2376 1669 ἀπὸ
2398 1612 2500 1681 τῆς
2534 1610 2731 1679 τέχνης
2765 1606 2966 1669 πάντα,
2997 1602 3059 1656 τὸ
3091 1599 3258 1671 μηδὲν
3291 1596 3498 1689 ἰσχύειν
3518 1594 3842 1689 ηλέῄγχοντ)Γ

596 1682 715 1766 arte
746 1709 1173 1777 adhibebantur,
1201 1682 1674 1766 convincebantur
1700 1682 1838 1765 nihil
1868 1682 2047 1781 posse.
2078 1707 2158 1763 Ad

2271 1707 2360 1769 Είς
2381 1701 2621 1773 ἐσχάτην
2647 1695 2742 1753 οὖν
2772 1695 2963 1750 ἐλπίδα
2992 1693 3086 1747 τὸν
3128 1688 3448 1781 Μάρκελλον
3476 1684 3711 1781 ἔϐλεψε.-
3741 1682 3841 1737 καὶ

665 1342 808 1397 XIX.
850 1342 941 1396 Vir
988 1342 1233 1413 quidam.
1292 1345 1383 1413 qui
1417 1344 1695 1400 laborabat
1751 1345 1945 1399 morbo
2001 1347 2164 1397 sectae

595 1814 898 1857 extremam
945 1803 1130 1874 itaque
1163 1818 1313 1873 spem
1344 1803 1556 1873 aspexit
1586 1802 1923 1865 Marcellum,
1954 1811 2011 1856 et
2037 1817 2161 1857 cum

596 1894 664 1947 ad
698 1910 823 1949 eum
846 1895 1109 1962 venisset,
1131 1895 1315 1949 statim
1345 1911 1467 1951 cum
1495 1909 1562 1950 eo
1609 1894 1722 1966 egit
1766 1892 2040 1965 precibus.
2069 1893 2171 1949 llle‘

593 1995 803 2049 autent,
830 1995 887 2040 et
916 1986 1165 2055 quisnam
1189 1996 1352 2050 esset,
1387 1986 1617 2056 rogavit,
1651 1996 1708 2042 et
1740 1986 1908 2051 unde,
1941 1993 1999 2040 et
2019 2001 2165 2055 quae-

597 2090 723 2128 nam
751 2074 802 2130 ei
828 2085 971 2131 esset
996 2075 1209 2147 religio.
1240 2076 1477 2131 Omnino
1497 2091 1627 2131 vero
1654 2076 1767 2131 haec
1784 2093 1891 2130 non
1924 2075 2162 2142 fecisset,

595 2164 703 2221 nisi
723 2164 790 2220 ad
819 2167 938 2236 ejus
964 2167 1266 2235 aspexisset
1295 2167 1554 2221 animam.
1585 2166 1721 2222 Cum
1748 2167 1836 2222 ille
1869 2176 2048 2220 autem
2076 2165 2165 2220 di-

596 2260 787 2324 xisset,
834 2273 894 2312 se
924 2257 1144 2326 quidem
1178 2272 1299 2312 esse
1341 2258 1742 2315 Samaritanum
1768 2277 1784 2327 ;
1814 2261 2165 2330 polliceretur

595 2365 730 2403 vero
777 2351 923 2418 quod
962 2351 1008 2404 si
1054 2349 1247 2404 morbo
1267 2348 1618 2415 liberaretur,
1642 2362 1699 2406 et
1723 2352 1977 2420 protinus
2008 2367 2160 2407 suam

596 2448 841 2495 mutaret
867 2439 1203 2509 opinionem,
1234 2449 1291 2494 et
1313 2441 1376 2494 ad
1400 2438 1836 2497 Christianorum
1866 2442 2044 2497 libens
2077 2459 2165 2498 ac-

599 2530 826 2585 cederet
895 2530 1244 2597 sententiani,
1313 2541 1570 2601 precatur
1624 2548 1814 2594 senex.
1866 2544 1922 2590 et
1977 2550 2166 2604 preces

599 2618 958 2693 consequitur
1006 2625 1234 2679 sanitas.
1295 2625 1432 2681 Cum
1490 2642 1620 2698 ergo
1670 2628 1850 2681 statim
1903 2627 2166 2683 edidisset

599 2710 1044 2777 confessionem,
1099 2722 1156 2768 et
1240 2713 1380 2769 viam
1463 2725 1662 2771 rectam
1727 2725 1873 2772 esset
1952 2716 2163 2787 ingres-

596 2820 720 2868 sus,
775 2806 1017 2861 nondum
1059 2818 1298 2877 quatuor
1363 2809 1561 2868 diebus
1606 2811 1937 2883 prateritis,
1979 2812 2163 2867 statim

598 2896 667 2950 ad
713 2897 955 2969 priorem
1018 2902 1313 2957 revertitur
1357 2902 1546 2959 falsam
1596 2905 1941 2977 religionem.
1976 2902 2164 2969 Canis,

599 2986 779 3053 aiunt,
831 2987 899 3045 ad
938 2989 1226 3046 vomitum.
1257 2991 1543 3058 Quomodo
1593 3003 1774 3050 autem
1821 2993 1948 3049 fidei
1996 2997 2165 3049 recti-

600 3078 793 3135 tudine
835 3082 1046 3137 curatio
1105 3082 1373 3153 corporis,
1420 3083 1493 3139 ita
1538 3084 1732 3142 vitiosa
1777 3086 1885 3142 fide
1943 3086 2169 3143 morbus

588 3179 690 3251 est
716 3186 1001 3229 accensus.
1033 3173 1159 3229 Haec
1182 3189 1314 3230 vero
1356 3191 1699 3247 nequaquam
1737 3177 1983 3234 latebant
2032 3177 2173 3232 Mar-

603 3260 829 3328 cellum,
860 3261 958 3318 sed
983 3278 1107 3318 cum
1132 3280 1326 3322 rursus
1342 3267 1410 3321 ad
1438 3268 1616 3337 ipsum
1647 3268 1902 3324 rediisset
1931 3268 2169 3326 Samari~

608 3363 789 3420 tenus,
846 3355 898 3410 ei
924 3355 1146 3426 quidem
1195 3358 1491 3428 exprobrat
1543 3361 1941 3417 mutationem:
1977 3377 2170 3419 rursus

604 3452 790 3500 autem
819 3444 1126 3516 ignescens,
1180 3448 1376 3504 morbo
1401 3450 1673 3506 medetur.
1732 3451 1868 3508 Cum
1900 3468 2030 3508 vero
2053 3453 2166 3523 jam

601 3533 690 3588 bis
720 3542 777 3589 et
807 3542 892 3590 ter
920 3533 1138 3605 saepius,
1178 3537 1429 3608 corporis
1453 3539 1674 3609 quidem
1714 3542 1939 3597 morbus
1961 3556 2169 3598 cessas-

601 3633 705 3691 sct,
730 3641 986 3682 reversus
1011 3637 1191 3682 autem
1224 3638 1368 3684 esset
1414 3631 1638 3686 morbus
1660 3634 1879 3699 animae,
1930 3640 1988 3687 et
2013 3632 2167 3688 illum

606 3734 801 3774 rursus
828 3728 1158 3784 revocasset,
1195 3719 1450 3778 Christus
1476 3733 1584 3789 est,
1609 3724 1806 3795 inquit,
1863 3725 1957 3794 qui
1994 3735 2047 3781 te
2073 3740 2169 3780 eu-

605 3821 712 3875 rat,
750 3827 858 3866 non
882 3828 1004 3883 ego.
1038 3811 1153 3868 Tua
1181 3828 1316 3871 vero
1336 3815 1404 3870 de
1421 3816 1678 3886 Opinione
1694 3822 1851 3882 pacta
1877 3825 2168 3884 conventa,

582 3908 716 3958 'non
744 3918 982 3969 mecum,
1031 3905 1129 3961 sed
1187 3924 1312 3963 cum
1354 3908 1448 3964 illo
1510 3908 1627 3963 fieri
1684 3909 1960 3976 existima,
2006 3925 2170 3980 quem

603 4011 767 4050 nemo
820 3996 990 4051 latere
1029 4006 1232 4067 potest,
1286 4015 1466 4070 neque
1515 4000 1791 4071 decipere.
1823 4001 1984 4058 Omni
2038 4016 2173 4074 ergo

612 4086 863 4155 deposita
896 4085 1085 4142 fraude
1109 4097 1167 4143 et
1197 4089 1522 4159 impostura,
1582 4105 1774 4159 puram
1801 4090 1879 4145 illi
1907 4089 2172 4145 conﬁtere

577 4172 960 4248 ’religionem,
995 4189 1051 4233 et
1079 4189 1233 4234 certo
1266 4180 1407 4236 scias
1430 4181 1570 4247 fore,
1619 4191 1679 4236 ut
1711 4198 1845 4252 pure
1875 4184 2058 4238 carnis
2085 4198 2174 4238 se-

602 4280 806 4336 quatur
850 4270 1082 4325 curatio.
1139 4268 1275 4327 Cum
1304 4283 1486 4328 autem
1545 4273 1637 4330 illc
1670 4274 1858 4330 infelix
1886 4284 1943 4331 et
1985 4290 2174 4331 amens

2268 1796 2408 1867 πρὸς
2438 1793 2601 1848 αὑτὸν
2632 1788 2986 1859 ἀφικόμενος,
3018 1783 3202 1845 εὐθὺς,
3230 1780 3306 1843 ὡς
3331 1775 3470 1850 εἶχε,
3503 1776 3601 1839 τὰς
3624 1775 3843 1867 δεήσεις

2266 1864 2569 1954 προσῆγεν.
2620 1879 2682 1934 ’0
2731 1877 2790 1931 δὲ
2841 1877 2927 1937 τίς
2959 1891 3017 1927 τε
3048 1873 3135 1942 εῑη
3184 1868 3395 1942 ἠρώτα.
3434 1868 3528 1923 καὶ
3571 1867 3719 1926 ὃθεν,
3746 1864 3844 1918 καὶ

2266 1975 2455 2028 ὁποῖον
2495 1969 2648 2040 αὐτῷ
2676 1968 2739 2022 τὸ
2789 1966 2976 2028 σέϐας.
3023 1965 3210 2018 Πάντα
3252 1960 3314 2015 δὲ
3338 1960 3442 2014 οὐκ
3484 1958 3549 2011 ἂν
3571 1955 3770 2019 ταῦτα,
3792 1956 3845 2007 εί

2273 2067 2350 2138 μή
2381 2064 2437 2117 τί
2463 2080 2523 2115 τε
2549 2063 2629 2124 είς
2657 2061 2758 2130 τὴν
2784 2059 2996 2111 ἐκείνου
3017 2054 3206 2108 άπεῖδε
3224 2053 3428 2123 ψυχήν.
3449 2049 3557 2103 Τοῦ
3576 2049 3635 2103 δὲ
3655 2048 3848 2117 Σαμα-

2271 2157 2457 2226 ρείτης
2494 2153 2597 2225 μὲν
2645 2149 2788 2207 εἷναι
2842 2149 3124 2212 είπόντος,
3157 2142 3629 2213 ἐπαγγειλαμένου
3654 2140 3714 2193 δὲ
3743 2138 3843 2201 ὡς,

2269 2254 2320 2305 εί
2371 2249 2467 2303 τοῦ
2516 2246 2730 2308 πάθους
2758 2241 3122 2309 ἀπαλλαγείη,
3153 2238 3252 2292 καὶ
3307 2235 3410 2307 τὴν
3452 2233 3615 2298 δόξαν
3640 2230 3844 2286 αὐτίκα

2271 2339 2596 2414 μεταϐαλεῖ,
2648 2336 2746 2391 καὶ
2794 2334 2867 2387 τά
2911 2329 3256 2402 Χριστιανῶν
3293 2326 3506 2396 ἕληται,
3552 2322 3781 2414 εὔχεται
3814 2320 3844 2371 6

2270 2413 2611 2505 πρεσϐύτης,
2647 2429 2745 2483 καὶ
2785 2426 2884 2495 τὴν
2929 2424 3096 2493 εὐχὴν
3145 2422 3180 2492 ἡ
3232 2420 3379 2481 ἴασις
3433 2413 3848 2505 κατελάμϐανε.

2272 2503 2628 2594 ΙΙ-αραχρῆμα
2655 2517 2749 2572 οὖν
2774 2515 2874 2588 τὴν
2903 2511 3199 2586 ὁμολογίαν
3230 2508 3519 2580 σχεδιάσας
3568 2503 3667 2557 καὶ
3703 2517 3849 2594 στοι-

2265 2590 2553 2685 χήσαςωτῇ
2584 2607 2834 2678 ἀληθείᾳ,
2873 2602 3103 2676 ἡμερῶν
3125 2599 3279 2655 obitu
3324 2597 3608 2664 τεσσάρων
3640 2590 3852 2662 παρελ-

2270 2704 2503 2769 θουσῶν,
2560 2703 2699 2772 πρὸς
2726 2698 2828 2770 τὴν
2858 2697 3134 2766 προτέραν
3185 2686 3342 2751 αὖθις
3389 2687 3682 2756 ἀνατρέχει
3721 2685 3853 2754 θρηυ

2271 2796 2485 2851 σκείαν.
2532 2794 2593 2847 '0
2625 2793 2799 2856 κύων,
2850 2789 3005 2858 φασὶ,
3055 2787 3148 2840 τὸν
3199 2783 3418 2854 ἔμετον.
3452 2779 3666 2847 Ὠσπερ
3694 2775 3757 2830 ὁὶ
3784 2775 3850 2845 τῇ

2265 2889 2369 2959 τῆς
2413 2886 2650 2950 πίστεως
2711 2885 2881 2954 ὑγεία
2927 2881 3024 2935 καὶ
3070 2881 3104 2949 ἠ
3140 2874 3412 2947 θεραπεία
3437 2871 3534 2926 τοῦ
3569 2867 3848 2939 σώματος,

2269 2980 2418 3037 οὕτω
2441 2978 2537 3033 καὶ
2580 2979 2650 3048 τῇ
2699 2976 2842 3046 νόσῳ
2884 2976 2919 3045 ἡ
2952 2974 3111 3035 νόσος
3160 2971 3390 3041 ἥπτετο.
3449 2960 3742 3018 Ἐλὰνθανε
3792 2959 3849 3015 εδ

2192 3042 2239 3102 c'
2272 3073 2446 3129 ταῦτα
2482 3042 2740 3140 οὐδαμῶς
2768 3042 3116 3138 Μάρκελλον,
3169 3061 3288 3116 ἀλλ’
3315 3058 3507 3126 iambi;
3538 3056 3705 3111 πάλιν
3758 3054 3849 3110 επ*

2275 3167 2438 3222 αὑτὸν
2471 3164 2747 3232 ἐπανῆκεν
2795 3163 2825 3214 ὁ
2874 3154 3245 3229 Σαμαρείτης,
3287 3150 3544 3214 ὀνειδίζει
3568 3148 3673 3221 μιν
3695 3146 3851 3220 αὐτῷ

2270 3255 2374 3326 τῆς
2414 3253 2758 3326 μεταϐολῆς,
2818 3248 3089 3318 συγγνοὺς
3141 3245 3202 3299 δὲ
3258 3244 3356 3297 καὶ
3393 3238 3551 3304 αὖθις
3579 3241 3647 3296 τὸ
3673 3238 3853 3303 πάθος

2273 3348 2446 3403 ίᾶται.
2486 3347 2578 3410 Ὠς
2606 3344 2665 3399 δὲ
2703 3342 2802 3397 καὶ
2834 3341 2917 3405 δὶς
2945 3342 3041 3394 καὶ
3071 3338 3221 3410 τρὶς,
3243 3336 3344 3407 ἤδη
3366 3335 3424 3389 δὲ
3458 3332 3556 3387 καὶ
3584 3331 3854 3395 πολλάκις

2272 3438 2336 3493 τὸ
2364 3437 2465 3508 μὲν
2497 3436 2809 3505 σωματικδν
2840 3430 3079 3486 ἐπαύετο
3133 3429 3381 3499 νόσημα,
3420 3426 3483 3481 τὸ
3506 3426 3569 3480 δὲ
3617 3423 3853 3495 ψυχικὸν

2274 3530 2410 3585 αὐτό
2438 3547 2497 3582 τε
2527 3527 2899 3598 ἐπανήρχετο,
2933 3524 3161 3577 κάκεῖνο
3206 3520 3372 3573 πάλιν
3409 3516 3755 3579 ἀνεκαλεῖτο,
3793 3513 3855 3568 '0

2274 3622 2538 3688 Χριστὸς,
2577 3619 2707 3690 ἔφη,
2737 3623 2764 3672 ὁ
2804 3619 2866 3671 σὲ
2892 3614 3248 3686 θεραπεύωνρ
3282 3612 3400 3666 ἀλλ’
3427 3610 3530 3663 οὐκ
3565 3606 3711 3677 ιτώο
3752 3605 3856 3660 καὶ

2274 3716 2373 3779 τὰς
2406 3715 2506 3778 σὰς
2541 3714 2672 3784 περὶ
2702 3712 2802 3781 τῆς
2835 3709 2993 3779 δόξης
3029 3706 3306 3777 συνθήκας
3333 3704 3395 3758 οὐ
3417 3703 3554 3774 πρὸς
3574 3701 3694 3766 εμὲ.
3713 3696 3857 3753 ἀλλὰ

2273 3810 2412 3880 πρὸς
2460 3809 2664 3861 ἐκεῖνον
2708 3805 2898 3877 νόμιζε
2952 3801 3222 3872 γίνεσθαι,
3254 3799 3314 3853 ὃν
3359 3798 3484 3852 οὔτε
3513 3796 3697 3849 λαθεῖν
3722 3791 3841 3847 οὔτ’

2282 3897 2567 3969 ἀπατῆσαί
2595 3913 2701 3950 τινι
2732 3894 2980 3950 δυνατόν.
3011 3894 3198 3947 Πᾶσαν
3221 3888 3355 3957 γοῦν
3382 3888 3598 3957 ἀπάτην
3627 3884 3721 3939 καὶ
3751 3900 3854 3952 (ρει

2275 3991 2544 4061 νακισμὸν
2564 3988 2932 4059 ἀποθέμενος,
2955 3983 3199 4056 καθαρὸν
3221 3982 3355 4037 αὐτὸ
3376 3981 3437 4034 τὸ
3461 3979 3624 4040 σέὸας
3665 3976 3853 4046 διομοο

2276 4085 2452 4154 λόγει,
2485 4084 2583 4136 καὶ
2605 4081 2667 4135 εὖ
2693 4079 2827 4143 ῐσθι,
2860 4079 3116 4148 καθαρῶς
3140 4075 3324 4147 ἔχεται
3353 4071 3449 4126 καὶ
3475 4073 3508 4137 ἡ
3527 4069 3626 4139 τῆς
3649 4067 3855 4137 capitis;

2268 4178 2446 4240 ἴασις.
2488 4174 2578 4237 Ὠς
2599 4173 2656 4226 δὲ
2688 4172 2784 4226 καὶ
2809 4174 2838 4225 ὀ
2863 4169 3046 4233 ἄθλιος
3092 4170 3300 4229 ἐκεῖνος
3341 4165 3439 4217 καὶ
3485 4161 3645 4223 άνους
3670 4159 3852 4225 ἔξειπε

2279 4270 2356 4340 μὴ
2393 4268 2457 4322 ἄν
2479 4282 2611 4319 ποτε
2647 4264 2769 4335 μηδ’
2813 4264 2880 4316 ἂν
2921 4263 2974 4316 εί
2995 4278 3046 4314 τι
3093 4262 3191 4315 καὶ
3229 4259 3453 4329 γίνοιτο,
3498 4257 3600 4326 τὴν
3624 4256 3853 4323 πάτριον

582 4359 857 4426 uixisset,
920 4376 980 4415 se
1026 4362 1291 4432 quidquid
1349 4364 1641 4420 accidisset
1678 4379 1958 4435 nunquam
2011 4379 2168 4435 posse

2287 4359 2590 4429 θρησκείαν
2618 4354 2965 4438 καταλιπεῖν,
2998 4353 3028 4404 ὁ
3065 4350 3164 4422 μὲν
3195 4350 3362 4421 ἀπῄει
3414 4347 3581 4418 μηδὲν
3609 4343 3850 4415 φθεγξά-

612 4450 843 4515 ιόιτίσω
872 4452 1183 4520 relinquere
1237 4453 1578 4526 religionem,
1633 4455 1749 4527 ipse
1784 4455 2007 4527 quidem
2042 4457 2177 4513 abiit

586 4556 589 4565 ν
613 4539 756 4593 nihil
782 4541 1001 4595 locutus
1038 4560 1053 4597 :
1087 4545 1177 4599 ille
1205 4560 1339 4600 vero
1366 4545 1553 4601 infelix
1582 4561 1706 4602 cum
1734 4563 1925 4617 parum
1952 4562 2178 4618 proces-

577 4628 583 4638 ‘
611 4628 777 4685 sisset
804 4646 835 4683 a
858 4636 1211 4700 monasterio,
1242 4647 1297 4692 et
1326 4636 1621 4693 violentius
1637 4639 1863 4693 morbus
1887 4655 2013 4694 eum
2032 4648 2178 4695 esset

582 4732 921 4789 aggressus,
975 4721 1204 4793 duplici,
1260 4725 1395 4795 prob
1430 4724 1617 4782 dolor!
1682 4742 1856 4784 morte
1918 4729 2174 4791 moritur,

612 4823 809 4879 nempe
836 4811 1021 4866 carnis
1045 4821 1102 4868 et
1133 4814 1349 4869 animae.
1391 4814 1517 4873 Haec
1552 4832 1675 4872 cum
1697 4832 1925 4889 magnus
1965 4818 2056 4873 ille
2080 4834 2179 4873 au-

604 4899 854 4967 divisset,
884 4902 1226 4975 etlacrymas
1254 4909 1456 4974 emisit,
1489 4924 1602 4965 rem
1626 4924 1748 4965 esse
1776 4910 1925 4965 luctu
1957 4909 2175 4980 dignam

574 4992 933 5058 ‘arbitratus,
957 5004 1012 5050 et
1043 4997 1148 5054 hoc
1170 5001 1346 5055 solum
1367 5001 1506 5057 dixit
1542 5019 1555 5056 :
1601 5022 1619 5054 ι
1656 5004 1773 5059 Non
1810 5004 2048 5061 tentabis
2071 5005 2179 5060 Do-

609 5084 820 5139 minum
868 5086 1039 5142 Deum
1075 5099 1228 5146 tuum
1260 5094 1303 5160 ⁸,
1343 5108 1362 5145 ι
1433 5103 1689 5166 tanquam
1747 5108 1971 5169 propter
2024 5098 2176 5154 illum

576 5188 579 5189 '
608 5177 745 5232 dans
765 5189 1096 5251 praeceptum
1128 5185 1405 5243 omnibus.
1699 5178 1754 5245 Ἴ

680 5269 800 5325 XX.
835 5272 1003 5327 Nobis
1032 5285 1215 5332 autem
1241 5281 1612 5337 convertenda
1637 5292 1726 5339 est
1758 5282 1872 5338 haec
1903 5285 2081 5342 oratio
2110 5286 2177 5343 ad

607 5360 766 5414 aliam
801 5362 977 5419 fidelis
1017 5366 1256 5424 hominis
1305 5374 1669 5439 curationem,
1718 5390 1841 5445 qua:
1872 5376 2058 5431 utfuit
2089 5390 2180 5432 ce-

606 5453 854 5521 lerrima,
887 5457 961 5511 ita
1003 5461 1169 5516 etiam
1213 5463 1635 5533 iucundissima.
1697 5467 1929 5534 Quidam
1957 5470 2179 5525 nomine

605 5544 805 5614 Cyrus,
839 5549 993 5617 prius
1042 5553 1262 5622 quidem
1293 5569 1524 5626 corpore
1563 5558 1843 5624 robustus,
1896 5569 1950 5615 et
1980 5559 2046 5614 ad
2079 5574 2179 5630 pu-

606 5637 831 5701 gilatum
864 5640 1021 5695 valde
1056 5643 1254 5709 bonus,
1282 5658 1466 5716 rostea
1504 5658 1683 5706 autem
1717 5651 1860 5708 inter
1880 5652 2178 5709 monachos

678 5821 695 5853 ⁸
727 5820 887 5876 Deut.
922 5839 994 5890 γι,
1031 5824 1115 5881 l’}.

2282 4468 2446 4525 μενος
2467 4465 2486 4482 ·
2520 4452 2548 4504 ὁ
2577 4449 2634 4503 δὲ
2664 4448 2936 4520 δυστυχὴς
2962 4449 3166 4509 ἐκεῖνος
3211 4442 3407 4516 μικρὸν
3435 4440 3531 4493 τοῦ
3579 4452 3850 4509 μοναστη-

2284 4546 2406 4618 ρίου
2465 4542 2697 4616 προϐὰς,
2740 4542 2836 4595 καὶ
2875 4540 3180 4611 βιαιότερον
3231 4539 3298 4607 τῇ
3330 4534 3471 4603 νόσῳ
3495 4527 3852 4618 ungues};

2282 4616 2529 4706 θνήσκει,
2582 4632 2676 4684 τὸν
2729 4627 2955 4685 διπλοῦν
2994 4627 3174 4698 οίμοιι
3211 4623 3414 4696 σαρκός
3440 4638 3500 4675 τε
3535 4620 3630 4674 καὶ
3672 4616 3851 4688 ψυχῆς

2283 4726 2537 4780 θάνατον.
2560 4724 2746 4776 Ταῦτα
2773 4723 2801 4774 ὁ
2824 4720 2999 4789 μέγας
3023 4716 3269 4780 ἀκούσας
3288 4712 3505 4785 δάκρυά
3525 4728 3586 4765 τε
3616 4710 3849 4779 ἀφῆκεν,

2282 4820 2436 4883 ἄξιον
2468 4817 2612 4873 εἶναι
2672 4816 2905 4878 πένθους
2951 4813 3013 4867 τὸ
3065 4810 3292 4883 γεγονὸς
3330 4807 3719 4877 λογισάμενος,
3759 4805 3852 4856 καὶ

2284 4911 2544 4966 τοσοῦτον
2568 4905 2692 4963 εἶπε
2729 4907 2891 4975 μόνον
2909 4920 2923 4934 ·
2959 4922 2979 4956 ε
3011 4904 3126 4979 οὐκ
3153 4900 3504 4972 ἐκπειράσεις
3530 4895 3737 4968 Κύριον
3761 4894 3852 4946 τδν

2281 5002 2416 5057 Θεόν
2448 5017 2542 5054 σου
2565 5016 2580 5031 ο
2625 5018 2644 5051 ι
2676 4997 2931 5067 καθάπερ
2973 4994 3041 5048 δι’
3077 4992 3286 5049 ἐκείνου
3329 4989 3467 5062 πρὸς
3510 4989 3721 5051 πάντας
3752 4985 3850 5057 τὴν

2279 5091 2666 5167 παραγγελίαν
2701 5089 3047 5159 ποιούμενος.
3459 5074 3480 5101 ⁸

2360 5276 2408 5328 Κ
2430 5313 2448 5331 .
2484 5273 2649 5343 Ἡμῖν
2669 5270 2726 5325 δὲ
2747 5267 3019 5337 τὸνλόγον
3041 5264 3128 5334 ἐφ’
3150 5263 3344 5334 ἑτέραν
3370 5255 3632 5330 τρεπτέον
3657 5249 3846 5343 πιστοῦ

2284 5341 2610 5440 θεραπείαν,
2656 5364 2732 5427 ὼς
2761 5359 3143 5433 παροξυτάτην
3170 5354 3317 5411 οὕτω
3334 5353 3399 5422 δὴ
3431 5350 3527 5404 καὶ
3558 5341 3845 5440 χαριεστά-

2283 5434 2385 5530 την
2410 5461 2796 5530 ὑπάρχουσαν.
2834 5452 3038 5523 Κύριός
3064 5467 3145 5512 τις
3174 5446 3317 5501 οὕτω
3342 5441 3699 5513 καλούμενος,
3716 5434 3849 5530 πρά·

2284 5527 2444 5627 τερος
2472 5527 2577 5625 μὲν
2588 5527 2718 5604 λίαν
2748 5549 2810 5601 τὸ
2839 5547 2999 5617 σῶμα
3033 5540 3300 5613 καρτερὸς
3323 5538 3417 5593 καὶ
3441 5527 3846 5627 πυκτειξεινμοὺχ

2283 5621 2485 5719 ἣκιστα
2513 5644 2741 5715 ἀγαθὸς,
2778 5641 2903 5696 ὕστε
2915 5654 3007 5709 ρον
3025 5636 3082 5690 δὲ
3114 5633 3208 5690 καὶ
3230 5636 3289 5686 εν
3312 5631 3568 5700 μοναχοίς
3594 5623 3693 5695 τὴν
3718 5621 3844 5692 4'95-
