4128 6384
339 393 449 459 7ὶὸ

1243 396 1425 457 νιτΑ
1466 396 1528 458 S.
1569 395 1966 456 MARCELEI
2009 393 2710 457 ΛΗΕΗΙΜᾹΧΒΒΙἩΕ.

3512 391 3636 456 τιε.
3677 359 3682 366 ’

342 508 442 578 τὴν
470 503 827 578 θαυμαστός·
889 501 1047 570 οὗτος
1095 502 1192 560 οὖν
1245 509 1373 578 ἄρτι
1429 508 1499 562 τὰ
1537 508 1650 561 τῶν
1683 505 1919 578 μοναχῶι

2037 521 2257 576 quoque
2280 505 2620 562 admirabilis
2654 521 2669 557 :
2713 503 2804 558 hic
2831 518 2961 572 ergo
2990 512 3121 555 eum
3139 498 3301 570 paulo
3331 511 3457 556 ante
3486 503 3648 556 sub--

342 597 620 660 ﬁnalet‘ov,
669 599 764 652 καὶ
793 597 955 661 ἄλλος
1011 597 1130 652 Ἰὼϐ
1182 599 1333 654 ἕλκει
1375 599 1600 671 πονηρῷ
1651 600 1806 668 παρὰ.
1835 599 1932 652 τοῦ

341 691 589 761 πονηροῦ
623 691 900 761 βάλλεται.
935 691 1051 744 Πᾶν
1086 692 1196 762 γὰρ
1236 693 1404 746 αὑτοῦ
1463 693 1525 746 τὸ
1586 693 1931 762 μετάφρενον

342 784 621 854 τραύματι
655 783 807 836 παίει
841 783 1238 854 χαλεπωτάτῳ,
1275 785 1350 838 Τὸ
1371 785 1427 838 δὲ
1459 785 1670 840 ἄνωθεν
1695 785 1804 837 ἀπὸ
1833 785 1929 838 τοῦ

340 876 622 945 τραχήλου
672 876 1009 945 ἀρξάμενον,
1043 875 1145 943 τήν
1176 893 1234 928 τε
1283 875 1465 946 σάρκα
1501 876 1930 945 διαὸοσκόμενον

338 969 469 1037 ὃλην
523 967 916 1038 διελυμήνατο,
945 973 1039 1021 καὶ⁵
1074 970 1141 1021 τὰ
1194 969 1284 1021 ὑπ’
1319 969 1492 1038 αὐτὴν
1517 969 1654 1022 ὀστᾶ
1675 970 1931 1038 καθαρῶς

339 1058 722 1128 ἒξεγύμνωσε.
781 1062 1041 1130 Δριμεῖαι
1092 1061 1150 1114 δὲ
1196 1059 1383 1114 ὀδύναι
1419 1063 1516 1115 καὶ
1564 1064 1795 1132 ἄρρητοι
1836 1061 1929 1114 τὸν

338 1151 632 1222 ἄνθρωπον
650 1150 993 1217 διαδύνασαι,
1017 1151 1142 1204 οὔτε
1160 1153 1320 1220 ὀρθὸς
1342 1154 1586 1216 ἑστάναι,
1610 1151 1734 1206 οὔτε
1757 1169 1928 1204 κατα-

340 1243 622 1312 κλιθῆναι,
681 1241 809 1296 οῦτε
874 1242 981 1312 μὴν
1014 1243 1351 1313 καθεσθῆναι
1407 1245 1700 1314 ἀλγηδόνος
1756 1245 1928 1314 χωρὶς

337 1332 666 1402 ιπέτρεπον.
697 1327 867 1396 Οὗτος
895 1328 989 1386 οὖν
1024 1334 1166 1388 κατὰ
1206 1336 1300 1388 καὶ
1337 1336 1557 1405 ἰατροὺς
1608 1335 1700 1388 καὶ
1731 1336 1928 1404 τέχνας

337 1423 746 1494 παραδραμὼν,
778 1426 872 1477 ἐπὶ
908 1424 1228 1493 Μάρκελλον
1261 1425 1442 1494 μόνον,
1478 1426 1573 1478 καὶ
1617 1425 1686 1478 δι’
1712 1425 1924 1478 ἐκείνου

336 1517 478 1586 πρὸς
547 1515 678 1568 Θεὸν
727 1515 1089 1585 καταφεύγει,
1147 1517 1404 1570 κάκεῖθεν
1464 1518 1566 1587 τὴν
1627 1517 1925 1586 θεραπείαν

334 1609 502 1661 αἰτεῖ.
549 1607 610 1660 '0
632 1607 686 1660 δὲ
707 1607 898 1676 χεῖράς
926 1624 983 1660 τε
1009 1609 1105 1662 καὶ
1140 1611 1351 1680 φρένας
1378 1609 1542 1674 εὐθὺς
1580 1611 1661 1673 εἰς
1693 1610 1924 1679 οὐρανὸν

332 1697 501 1767 ἄρας,
533 1696 626 1750 καὶ
664 1695 854 1768 ὥσπερ
875 1698 1066 1751 εῖωθεν
1098 1699 1495 1768 ἐπευξάμενος,
1535 1694 1654 1752 εἷτα
1682 1701 1748 1770 τῇ
1775 1701 1923 1770 χειρὶ

332 1789 432 1841 τοῦ
464 1786 778 1856 τραύματος
828 1791 1168 1858 ἐπαφῶντος,
1213 1787 1283 1843 Ὦ
1315 1791 1583 1860 βέλτιστε,
1616 1791 1786 1861 λέγει,
1818 1794 1917 1845 ἀν-

330 1877 504 1946 δρῶν,
536 1877 596 1930 σὲ
625 1877 738 1957 ,μὲν
785 1878 846 1930 οὐ
874 1879 992 1930 δέον
1035 1879 1145 1933 τῶν
1175 1880 1432 1933 τοιούτων
1459 1881 1725 1951 ἡττᾶσθαι
1748 1900 1762 1912 '
1794 1882 1916 1935 οὐδὲ

334 1974 449 2038 γὰρ
486 1971 548 2020 τὸ
593 1973 729 2041 πρὸς
778 1969 1047 2040 ἁοράτους
1073 1973 1384 2042 μαχόμενον
1439 1975 1779 2045 ἐπιστροφὴν
1811 1975 1917 2045 χρὴ

334 2065 436 2127 τῆς
474 2063 678 2130 σαρκὸς
700 2062 1005 2116 ποιεῖσθαι·
1039 2064 1182 2134 πλὴν
1213 2063 1350 2118 ἀλλὰ
1378 2065 1572 2136 θάρρει
1596 2081 1611 2095 ο
1635 2066 1727 2118 τὸν
1757 2066 1919 2133 ’Υψι-

337 2167 469 2204 στον
500 2152 608 2222 γάρ
644 2170 727 2206 σοι
779 2155 992 2225 θεμένῳ
1052 2157 1378 2224 καταφυγὴν
1425 2158 1459 2224 ἡ
1519 2157 1721 2227 μάστιξ
1776 2157 1917 2226 αῦτη

334 2243 600 2310 φεύξεται
629 2245 723 2298 τοῦ
775 2247 1138 2317 σκηνώματός
1191 2264 1308 2302 σου.
1359 2248 1580 2318 Εἶρητο,
1617 2250 1714 2302 καὶ
1738 2249 1918 2303 πάντα

335 2339 502 2401 εὐθὺς
548 2340 776 2410 ἑωρᾶτο,
807 2341 944 2410 ὁμοῦ
980 2341 1050 2393 τὰ
1073 2343 1232 2409 ὀστᾶ,
1293 2345 1349 2396 αι
1383 2344 1603 2414 σάρκες,
1656 2345 1716 2398 τὸ
1743 2345 1918 2417 δέρμα

337 2431 632 2498 περιταθὲν
672 2433 764 2484 καὶ
792 2435 872 2501 ,αἱ
907 2433 1094 2487 ὀδύναι
1157 2435 1530 2504 παυσάμεναι,
1580 2437 1657 2499 ὡς
1716 2437 1914 2509 μικροῦ

339 2521 697 2592 πληρωθῆναι
725 2523 818 2577 καὶ
843 2525 963 2578 τότε
1009 2525 1071 2578 τὸ
1101 2526 1246 2596 ἱερὸν
1271 2526 1363 2579 τοῦ
1428 2528 1692 2598 ’Ῑεζεκιὴλ
1737 2529 1919 2596 λόγιον

337 2612 420 2675 τὸ,
454 2632 472 2663 ι
515 2612 688 2677 Εἶδον,
725 2615 822 2668 καὶ
882 2617 992 2670 ἰδοὺ
1037 2618 1126 2670 ἐπ’
1160 2619 1303 2673 αὐτὰ
1355 2619 1526 2690 νεῦρα
1573 2622 1668 2675 καὶ
1714 2623 1918 2692 σάρκες

335 2705 591 2771 ἐφύοντο,
620 2708 713 2760 καὶ
745 2709 1033 2763 ἀνέϐαινεν
1067 2710 1154 2764 ἐπ’
1195 2713 1336 2765 αὕτα
1358 2713 1537 2783 δέρμα
1567 2715 1777 2769 ἐπάνω.
1820 2733 1838 2765 ι

414 2879 544 2932 KA'.
583 2877 709 2934 Ὀτι
743 2879 796 2933 δὲ
823 2881 881 2933 οὐ
911 2881 1106 2952 παρὼν
1135 2883 1298 2952 μόνον
1332 2886 1359 2937 ὁ
1393 2885 1532 2948 θεῖος
1565 2879 1719 2951 οὗτος
1753 2888 1915 2958 ἀνὴρ,

341 2972 477 3022 ἀλλὰ
497 2972 594 3022 καὶ
623 2970 778 3024 ἀπὼν
806 2972 1005 3040 ὁμοίως
1027 2975 1487 3046 ὲθαυματούργει,
1511 2978 1570 3030 τὸ
1589 2981 1681 3031 ἐπὶ
1707 2979 1916 3043 τούτοις

337 3061 591 3131 δηλώσει.
637 3063 815 3134 Ἀνδρί
848 3080 957 3116 τινι
999 3065 1243 3136 Εὑγενξῳ
1272 3067 1376 3136 μὲν
1400 3069 1660 3138 τοῦνομα,
1682 3071 1916 3144 διακόνῳ

2037 597 2624 659 iissetmonachatum,
2653 607 2912 665 tanquam
2938 595 3082 647 alius
3111 592 3235 656 Job,
3261 593 3404 646 malo
3436 593 3618 649 ulcere

2040 687 2358 755 percutitur
2407 703 2435 739 a
2471 685 2730 754 maligno.
2795 684 2991 736 Totum
3042 681 3187 736 enim
3220 681 3339 750 ejus
3392 681 3615 736 dorsum

2037 777 2188 848 gravi
2224 776 2351 831 ferit
2390 777 2638 828 vulnere.
2677 774 2735 829 ld
2768 781 2952 827 autem
2991 771 3230 840 desuper
3257 788 3285 826 a
3318 772 3458 826 collo
3483 772 3622 825 inci-

2047 871 2226 939 piens.
2259 878 2321 922 et.
2367 881 2592 921 carnem
2626 877 2795 919 totam
2828 865 3130 933 drpascens
3183 862 3510 932 deperdidit,
3563 871 3620 916 et

2039 979 2161 1033 quae
2181 963 2286 1018 sub
2317 980 2380 1016 ea
2431 969 2612 1024 erant,
2644 976 2766 1014 ossa
2804 975 2939 1028 pure
2969 957 3220 1012 nudavit.
3271 957 3440 1012 Acres
3461 972 3614 1020 vero,

2022 1068 2084 1106 .-t
2119 1055 2212 1122 qui
2241 1055 2425 1108 verbis
2467 1051 2707 1122 exprimi
2748 1060 3056 1119 nequeunt,
3089 1050 3308 1104 dolores
3339 1049 3617 1103 hominem

2031 1155 2409 1214 penetrantes,
2439 1160 2617 1214 neque
2645 1152 2865 1216 rectum
2923 1154 3094 1205 stare,
3138 1157 3241 1196 nec
3265 1141 3616 1205 accumbere,

2032 1237 2132 1292 sed
2166 1251 2346 1306 neque
2385 1235 2577 1291 sedere
2607 1235 2864 1289 sinebant
2889 1234 3008 1289 sine
3027 1235 3300 1288 cruciatu.
3340 1232 3440 1288 llic
3461 1248 3618 1302 ergo,

2029 1329 2286 1385 omnibus
2316 1337 2372 1384 et
2399 1329 2632 1384 medicis
2657 1336 2715 1383 et
2751 1326 2967 1382 artibus
3004 1326 3324 1396 praeteritis,
3377 1325 3444 1380 ad
3477 1327 3616 1380 Mar-

2029 1423 2230 1478 cellum
2261 1422 2464 1484 solum,
2489 1430 2546 1477 et
2575 1436 2670 1490 per
2695 1419 2848 1474 illum
2869 1419 2935 1473 ad
2966 1419 3136 1473 Deum
3168 1417 3428 1487 confugit,
3469 1427 3524 1474 et
3550 1421 3618 1474 ab

2027 1529 2096 1570 eo
2144 1515 2284 1584 petit
2331 1513 2698 1568 curationem.
2770 1512 2862 1566 llle
2923 1521 3108 1565 autem
3148 1525 3273 1564 cum
3323 1525 3515 1564 manus
3562 1522 3619 1568 et

2027 1613 2268 1658 mentem
2303 1604 2491 1657 statim
2546 1602 2601 1655 in
2636 1602 2806 1656 altum
2851 1599 3189 1664 sustulisset,
3243 1607 3298 1656 et
3333 1610 3392 1654 ut
3418 1599 3616 1654 solitus

2024 1705 2164 1758 erat,
2197 1705 2430 1760 orasset,
2464 1693 2665 1748 deinde
2715 1709 2877 1746 manu
2917 1691 3075 1747 ulcus
3108 1701 3351 1746 tractans
3385 1707 3398 1744 :
3438 1691 3483 1746 0
3530 1693 3614 1746 vi:

2025 1789 2250 1859 optime,
2284 1789 2484 1857 inquit,
2520 1797 2572 1842 te
2597 1787 2820 1857 quidem
2848 1787 2917 1841 ab
2950 1786 3036 1841 bis
3070 1800 3178 1840 non
3203 1795 3422 1855 oportet
3450 1800 3617 1856 supe.

2025 1882 2158 1936 rari.
2193 1881 2383 1951 Neque
2413 1881 2560 1935 enim
2596 1895 2722 1934 eum
2757 1879 2850 1949 qui
2883 1886 3091 1949 pugnat
3126 1892 3250 1932 cum
3283 1877 3351 1932 iis
3378 1877 3473 1948 qui
3501 1893 3611 1932 non

2027 1983 2158 2030 sunt
2219 1973 2608 2042 aspectabiles,
2661 1981 2880 2039 Oportet
2913 1983 3104 2038 gerere
3168 1984 3358 2024 curam
3407 1971 3613 2024 tarnis.

2030 2063 2138 2118 Sed
2171 2063 2404 2118 confide.
2438 2062 2570 2116 Nam
2596 2061 2641 2115 si
2674 2061 2772 2116 tibi
2807 2061 3148 2115 Altissimum
3171 2060 3426 2129 posueris
3465 2058 3615 2114 refu-

2026 2159 2199 2229 gium,
2241 2157 2412 2226 fugiet
2443 2157 2560 2212 hate
2591 2158 2745 2226 plaga
2772 2171 2803 2210 a
2847 2164 2940 2208 tuo
2966 2155 3344 2209 tabernaculo.
3395 2154 3610 2209 Dictum

2033 2250 2234 2314 fuerat,
2261 2257 2316 2304 et
2345 2250 2525 2303 omnia
2551 2249 2717 2304 simul
2774 2248 3027 2318 protinus
3058 2247 3407 2310 videbantur,
3460 2261 3612 2312 ossa,

2027 2355 2244 2404 carnes,
2285 2339 2465 2408 pellis,
2502 2339 2594 2393 illa
2619 2337 2841 2407 quidem
2878 2345 3042 2401 tecta,
3071 2338 3154 2391 ba:
3180 2353 3311 2392 vero
3346 2338 3606 2408 repletae;

2026 2433 2190 2503 pellis
2223 2440 2406 2485 autem
2427 2440 2647 2486 extensa
2673 2447 2689 2485 :
2719 2428 3045 2498 doloresque
3067 2437 3436 2493 cessaverant,
3472 2429 3609 2485 adeo

2030 2529 2090 2573 ut
2129 2521 2185 2574 in
2241 2522 2323 2574 'eo
2377 2518 2778 2589 propemodum
2846 2517 3132 2588 impletum
3177 2517 3348 2574 fuerit
3393 2534 3610 2576 sacrum

2037 2610 2362 2680 praedictum
2405 2611 2710 2666 Ezechielis
2749 2627 2764 2664 :
2812 2629 2832 2662 ι
2861 2610 3080 2680 Aspexi,
3106 2619 3163 2666 et
3190 2625 3319 2666 ecce
3350 2627 3517 2681 super
3544 2629 3611 2668 ea

2026 2704 2180 2759 nervi
2213 2714 2265 2758 et
2332 2718 2526 2758 carnes
2550 2703 2937 2769 nascebantur,
3009 2713 3064 2757 et
3121 2703 3282 2772 pellis
3326 2718 3493 2774 super
3544 2721 3608 2757 ea

2026 2795 2360 2852 ascendebat
2384 2797 2426 2848 ⁸.
2463 2815 2482 2847 ι

2098 2884 2242 2939 XXI.
2264 2885 2418 2952 Quod
2447 2894 2631 2940 autem
2657 2900 2766 2939 non
2789 2886 2964 2940 solum
2987 2901 3231 2955 praesens
3257 2887 3347 2944 hic
3362 2889 3442 2942 vir
3471 2889 3608 2943 diui?

2026 2994 2152 3042 nus,
2179 2979 2275 3033 sed
2311 2980 2479 3033 etiam
2516 2980 2716 3034 absens
2755 2980 3014 3034 similiter
3040 2981 3276 3036 faciebat
3311 2984 3602 3045 miracula,

2029 3069 2343 3125 declarabit
2369 3070 2420 3122 id
2445 3069 2590 3138 quod
2617 3069 2886 3138 sequitur.
2919 3069 3148 3124 Cuidam
3183 3071 3322 3136 viro,
3359 3071 3604 3142 Eugenio

338 3155 395 3206 δὲ
412 3156 472 3205 τὸ
509 3154 654 3223 ἱερὸν
680 3156 914 3224 ἀξίωμα,
944 3158 1128 3223 ἐπίτεξ
1162 3155 1228 3227 ἧν
1260 3161 1292 3228 ἡ
1327 3163 1487 3232 γυνή.
1538 3162 1694 3216 Ἐπεὶ
1719 3163 1774 3216 δὲ
1801 3181 1919 3218 και-

2026 3160 2250 3230 quidem
2281 3161 2526 3224 nomine,
2589 3161 2822 3214 diacono
2849 3170 3035 3215 autem
3076 3176 3232 3216 saera
3255 3165 3602 3230 auctoritate,

344 3249 434 3314 ρος
465 3246 560 3300 τοῦ
590 3249 749 3300 τόκου
786 3251 989 3318 παρῆν,
1046 3251 1277 3320 πυρετὸς
1312 3253 1480 3323 αὐτὴν
1525 3258 1736 3324 συνεῖχε
1783 3274 1914 3325 σφο-

338 3340 435 3408 δρὸ
474 3379 488 3393 .
519 3340 587 3392 ΔΞ
609 3341 709 3408 μὲν
739 3335 835 3393 οὖν
869 3341 1050 3404 ὠδῖνες
1082 3343 1270 3408 ὀξεῖαι,
1300 3345 1327 3396 ὁ
1352 3344 1408 3397 δὲ
1435 3347 1670 3416 πυρετὸς
1694 3347 1912 3417 λάϐρος.

350 3430 528 3501 Ὑπῆν
550 3428 644 3485 οὖν
665 3432 761 3493 τὰς
786 3448 842 3485 τε
871 3435 1036 3501 μαίας
1069 3437 1307 3498 καὶτοὺς
1343 3435 1560 3502 ἰατροὺς
1586 3439 1914 3508 ἀπρακτεῖν,

339 3527 435 3578 καὶ
471 3525 573 3594 μία
605 3523 790 3578 λοιπὸν
823 3525 979 3588 ἐλπὶς
1026 3527 1054 3577 ὁ
1099 3527 1422 3593 Μάρκελλος
1458 3524 1550 3598 ἦν.
1617 3529 1674 3582 '0
1714 3531 1812 3601 μὲν
1851 3531 1913 3600 δη

337 3618 702 3690 προσηύχετο,
727 3620 754 3670 ὀ
773 3619 828 3670 δὲ
854 3621 959 3672 τῶν
985 3619 1162 3672 ποδῶν
1184 3621 1406 3690 ἥπτετο,
1439 3624 1536 3676 καὶ
1561 3622 1710 3691 λέγει
1738 3625 1916 3679 πάντα

336 3707 497 3778 ὁμοῦ,
530 3711 621 3762 τὸν
658 3709 900 3775 τοκετὸν,
953 3714 1043 3763 τὸν
1074 3712 1336 3780 φλογμὸν,
1395 3713 1456 3766 τὺ
1491 3715 1585 3766 ἐπὶ
1611 3715 1775 3784 ξυροῦ
1815 3717 1913 3786 τὴν

337 3805 581 3868 γυναῖκα
617 3802 886 3856 ἵπτασθαι.
917 3803 980 3856 Τί
1013 3799 1106 3856 οῦν
1139 3803 1200 3857 τὸ
1231 3805 1394 3874 ἐξῆςς
1459 3808 1660 3880 ’Ἄρτον
1690 3807 1917 3878 εύλογηι

341 3911 441 3958 σας
472 3898 501 3947 ό
551 3896 726 3964 μέγας
773 3896 922 3965 αὐτῷ
954 3895 1162 3963 δίδωσι,
1223 3899 1319 3950 καὶ
1366 3897 1446 3968 τῷ
1476 3899 1666 3970 στήθει
1698 3901 1913 3955 κελεύει

341 3988 518 4041 θεῖναι
557 3987 656 4057 τῆς
703 3987 984 4055 γυναικός.
1023 3989 1132 4040 Καὶ
1157 3987 1216 4052 ὃς
1250 3989 1428 4041 ἐποίει
1458 3991 1520 4042 τὺ
1547 3991 1914 4061 προσταχθὲν,

342 4080 440 4133 καὶ
468 4081 807 4150 παραχρῆμα
860 4081 957 4150 τῆς
993 4080 1228 4151 γαστρὸς
1269 4081 1521 4152 ἐκτρέχει
1549 4083 1609 4135 τὸ
1639 4081 1861 4151 βρέφος,
1889 4085 1917 4135 ὀ

339 4174 575 4244 πυρετὸς
596 4176 651 4227 δὲ
681 4174 777 4226 τοῦ
801 4175 1075 4244 σώματος.
1123 4175 1233 4227 Καὶ
1258 4172 1400 4244 αῦτη
1426 4172 1615 4244 ὥσπερ
1644 4176 1710 4226 ὲκ
1745 4175 1912 4244 βυθοῦ

337 4280 486 4328 τινος
533 4269 625 4318 καὶ
679 4265 806 4336 ᾅδου
838 4264 1230 4333 ἁνενεγκοῦσα,
1267 4265 1378 4319 Ποῦ
1424 4267 1592 4328 ἐστιν,
1651 4266 1857 4335 ἔλεγεν,
1886 4267 1915 4320 ὁ

341 4359 632 4430 παραστὰς
658 4361 778 4429 ἐμοὶ
805 4359 1040 4430 μοναχὺς
1061 4361 1090 4412 ὁ
1114 4362 1406 4430 ἰασάμενος
1423 4377 1442 4426 ς
1462 4358 1569 4412 ποῦ
1600 4362 1628 4414 ὁ
1654 4359 1751 4430 τὴν
1775 4359 1914 4430 ἐμὴν

340 4451 578 4514 ἑλκύσας
619 4453 675 4518 ἐξ
713 4452 841 4523 ᾂδου
889 4453 1107 4524 ψυχήνς
1170 4453 1533 4524 Ἐρωτωμένη
1585 4452 1643 4506 δὲ
1691 4453 1783 4506 καὶ
1829 4452 1914 4516 τίς

2026 3265 2164 3303 uxor
2197 3249 2558 3319 parturiebat.
2585 3249 2720 3303 Cum
2755 3265 2884 3304 vero
2916 3251 3368 3323 adessettempus
3386 3266 3600 3324 partus,

2024 3341 2325 3395 vehemens
2356 3358 2477 3394 eam
2511 3342 2712 3396 invasit
2746 3342 2936 3396 febris.
2972 3343 3151 3412 Atque
3182 3355 3342 3398 erant
3374 3346 3601 3415 quidem

2021 3447 2179 3487 acres
2213 3431 2455 3497 dolores,
2485 3433 2658 3488 febris
2691 3443 2874 3488 autem
2902 3435 3173 3493 violenta:
3205 3435 3396 3491 otiosis
3419 3437 3605 3508 itaque

2019 3538 2142 3579 esse
2163 3524 2557 3579 obstetricibus
2601 3525 2803 3579 licebat
2849 3534 2906 3580 ct
2949 3526 3202 3593 medicis,
3258 3539 3314 3583 et
3343 3545 3450 3584 una
3479 3546 3602 3600 spes

2021 3612 2284 3684 deinceps
2329 3623 2449 3669 erat
2479 3614 2787 3669 Marcellus.
2823 3614 2890 3668 Et
2939 3626 3163 3671 sanctus
3221 3617 3448 3687 quidem
3473 3634 3596 3672 ora-

2021 3705 2152 3769 bat;
2189 3705 2473 3776 Eugenius
2495 3713 2679 3758 autem
2710 3706 2830 3774 ejus
2875 3705 3042 3774 pedes
3077 3709 3395 3774 prensabat,
3427 3709 3522 3777 qui
3549 3711 3601 3764 ei

2022 3796 2208 3851 omnia
2242 3796 2405 3852 simul
2437 3796 2593 3860 dicit,
2622 3808 2862 3864 partum,
2899 3795 3408 3862 inflammationem,
3435 3787 3604 3869 super

2022 3889 2332 3954 novaculae,
2390 3897 2452 3941 ut
2500 3888 2675 3952 aiunt,
2711 3888 2886 3941 aciem
2937 3898 3082 3942 stare
3127 3890 3433 3944 mulierem.
3459 3892 3600 3956 Quid

2021 3980 2256 4035 deinde?
2291 3980 2427 4035 Cum
2463 3995 2663 4050 panem
2697 3979 3068 4034 benedixisset
3097 3994 3324 4050 magnus
3346 3981 3438 4035 ille
3458 3981 3601 4034 Mar-

2022 4071 2216 4134 cellus,
2231 4073 2282 4127 ei
2304 4071 2492 4135 donat,
2512 4079 2567 4124 et
2590 4086 2715 4124 eum
2737 4071 2897 4142 jubet
2925 4072 3052 4139 poni
3072 4086 3238 4140 supra
3257 4085 3449 4140 peetus
3473 4089 3594 4126 mu-

2022 4162 2193 4216 lieris.
2214 4159 2308 4216 Ille
2330 4178 2460 4216 vero
2475 4162 2601 4216 fecit
2616 4162 2763 4230 quod
2780 4161 3174 4230 eiimperatum
3195 4161 3455 4226 fuerat,et
3470 4163 3616 4232 pro!

2025 4255 2176 4310 tinus
2201 4255 2383 4309 infans
2398 4254 2681 4325 egreditur
2706 4269 2771 4308 ex
2804 4263 2982 4318 utero,
3009 4262 3066 4307 et
3095 4252 3263 4308 febris
3282 4269 3312 4308 e
3341 4269 3596 4325 corpore.

2022 4350 2118 4404 [lla
2143 4358 2328 4404 autem
2373 4357 2633 4416 tanquam
2681 4362 2748 4400 ex
2783 4345 2930 4400 fossa
2952 4345 3134 4414 aliqua
3183 4356 3279 4399 aut
3313 4361 3380 4400 ex
3407 4346 3600 4402 inferis

2020 4455 2166 4496 esset
2193 4455 2410 4496 reversa
2445 4456 2458 4494 :
2488 4439 2592 4495 Ubi
2618 4447 2724 4502 est,
2757 4436 2957 4506 inquit,
2986 4437 3080 4507 qui
3112 4437 3247 4492 mihi
3268 4437 3447 4494 adfuit
3481 4455 3599 4495 mo-

341 4539 501 4607 οὗτος
530 4545 624 4598 καὶ
655 4539 765 4608 οἶος
816 4547 952 4617 αὐτῇ
999 4547 1304 4616 παρίστατο
1337 4545 1436 4616 τὴν
1468 4547 1702 4615 μορφὴν,
1751 4545 1912 4609 εὐθὺς

2026 4533 2248 4599 Inachus,
2279 4541 2334 4587 et
2369 4547 2454 4586 me
2476 4530 2724 4586 curavit?
2758 4528 2858 4584 Ubi
2885 4537 2991 4591 est,
3032 4528 3234 4597 inquit,
3294 4531 3386 4599 qui
3420 4547 3604 4586 meam

343 4638 562 4691 ἅπαντα
613 4637 834 4709 διεξῄει,
885 4640 944 4692 τὸ
976 4639 1185 4709 σχῆμα,
1217 4639 1315 4710 τὴν
1345 4641 1528 4709 τρίχα,
1576 4641 1673 4710 τὴν
1704 4638 1918 4709 στολὴν,

342 4729 444 4800 τὴν
481 4732 695 4800 μορφὴν
731 4733 822 4784 καὶ
859 4731 937 4801 τῷ
991 4733 1134 4802 λόγῳ
1180 4734 1358 4786 πάντα
1409 4733 1749 4801 ύπέγραφεν,
1779 4732 1920 4785 ὥστε

345 4822 441 4874 καὶ
480 4821 606 4881 τοὺς
659 4822 720 4873 ού
753 4822 958 4892 σφόδρα
992 4823 1246 4886 συνετοὺς
1306 4821 1606 4890 συμϐαλεῖν
1655 4821 1736 4873 ὅτι
1767 4814 1922 4882 οὗτος

344 4911 552 4971 ἐκεῖνος
606 4905 675 4980 ἦν
707 4913 734 4962 ὁ
769 4910 1084 4979 θαυμαστὸς
1136 4912 1478 4981 Μάρκελλος.
1533 4911 1778 4980 Κάκείνη
1818 4911 1916 4979 μὲν

343 4997 598 5051 τοσοῦτον
650 5001 975 5070 Μαρκέλλου
1011 5001 1106 5053 καὶ
1143 5002 1376 5065 ἀπόντος
1433 5001 1712 5067 ἀπώνατο,
1775 4999 1914 5053 ὥστε

345 5090 414 5140 δι’
450 5089 612 5143 αὐτὸν
644 5094 736 5143 καὶ
767 5091 866 5161 ζῇν
903 5095 995 5146 καὶ
1030 5095 1228 5146 τεκεῖν.

418 5356 545 5410 KB’.
578 5356 642 5407 Τί
695 5355 750 5407 δὲ
795 5355 859 5426 δὴ
894 5358 988 5408 καὶ
1037 5358 1319 5424 Εύδὸξιοςς
1364 5359 1484 5412 οὐδὲ
1534 5359 1640 5430 γὰρ
1684 5376 1915 5430 σμικρις

342 5439 497 5505 οὗτος
539 5441 570 5512 ῆ
615 5443 864 5511 σμικρῶν
895 5445 988 5496 καὶ
1037 5445 1166 5498 οἴων
1217 5446 1648 5518 παραθεωρῆσαι
1681 5463 1910 5517 τετυχη-

342 5538 477 5604 χςςις,
517 5535 656 5588 Ἀλλ’
688 5536 826 5606 ἀνὴρ
862 5537 960 5606 μὲν
995 5538 1198 5600 ἐκεῖνος
1222 5539 1492 5609 ἀσκητὴς,
1537 5539 1660 5592 ὅλον
1695 5538 1752 5591 δὲ
1780 5555 1919 5607 περ·

345 5631 456 5679 εἷτο
490 5631 549 5680 τὸ
585 5630 742 5698 σῶμα
773 5632 860 5682 καῖ
900 5634 993 5693 τὰς
1050 5631 1311 5701 ἁρμονίας
1363 5631 1600 5696 ἐλέλυτο,
1638 5631 1823 5699 εὐχαῖς
1859 5629 1913 5681 δὲ

417 5811 440 5855 .'
473 5808 672 5864 Ezech.
707 5824 912 5874 xxxvii,
945 5810 996 5863 8.

2019 4624 2255 4678 animam
2287 4626 2526 4678 extraxit
2567 4621 2636 4675 ab
2672 4620 2906 4674 inferis?
2945 4618 3082 4674 Cum
3132 4630 3314 4674 autem
3351 4621 3597 4676 interro-

2019 4720 2261 4782 garetur,
2309 4710 2560 4780 quisnam
2611 4720 2667 4764 et
2721 4710 2868 4779 quali
2901 4708 3074 4762 forma
3113 4708 3159 4762 is
3189 4720 3358 4773 esset,
3411 4713 3596 4766 statim

2022 4802 2205 4855 omnia
2243 4801 2456 4863 retulit,
2488 4801 2741 4870 figuram,
2774 4798 3026 4868 capillos,
3062 4808 3289 4861 vestem,
3343 4800 3594 4875 formant,

2025 4905 2078 4949 et
2109 4893 2292 4947 omnia
2337 4892 2631 4961 descripsit
2671 4908 2684 4944 :
2722 4890 2883 4954 adeo,
2937 4898 2997 4943 ut
3044 4889 3127 4944 vel
3186 4890 3246 4956 ii,
3302 4890 3395 4960 qui
3440 4904 3598 4947 erant

2025 4983 2318 5039 admodum
2362 4985 2660 5054 sapientes,
2688 4982 3058 5052 intelligerent
3089 4981 3236 5034 il!um
3275 4981 3449 5051 ipsum
3475 4999 3595 5038 esse

2025 5075 2341 5130 Marcellum
2409 5075 2807 5129 admirabilem.
2860 5073 3038 5144 Atque
3100 5073 3189 5127 illa
3250 5073 3470 5144 quidem
3528 5093 3593 5130 ex

2029 5168 2278 5222 Marcello
2333 5168 2412 5222 vel
2447 5167 2670 5222 absente
2700 5176 2907 5221 tantum
2924 5166 3160 5220 fructum
3191 5173 3274 5219 est
3326 5181 3594 5222 consecu-

2029 5269 2100 5326 ta,
2132 5267 2191 5313 ut
2216 5275 2313 5330 per
2337 5259 2516 5330 ipsum
2552 5269 2607 5312 et
2637 5259 2832 5313 vixerit
2859 5268 2914 5313 et
2952 5259 3248 5328 pepererit.

2091 5350 2258 5406 XXll.
2286 5351 2425 5418 Quid
2455 5367 2581 5406 vero
2628 5351 2932 5414 Eudoxius,
2959 5351 3054 5420 qui
3089 5351 3205 5420 ipse
3238 5368 3457 5421 quoque
3483 5370 3592 5410 non

2023 5461 2244 5517 parvus,
2271 5455 2328 5498 et
2355 5460 2461 5498 non
2490 5459 2654 5513 parva
2683 5452 2766 5498 est
2794 5453 3145 5507 consecutus,
3179 5460 3280 5498 nec
3297 5447 3590 5516 ejusmodi,

2023 5547 2082 5593 ut
2108 5538 2216 5592 sint
2242 5536 2434 5591 leviter
2464 5535 2910 5592 consideranda?
2955 5533 3060 5590 Sed
3095 5535 3197 5590 fuit
3252 5538 3341 5593 ille
3367 5541 3591 5608 quidem

2022 5629 2125 5694 vir,
2176 5629 2268 5697 qui
2325 5643 2380 5682 se
2419 5628 2708 5684 exercebat
2779 5629 2910 5682 :scd
2969 5638 3083 5682 erat
3119 5629 3357 5684 eitotum
3381 5629 3616 5703 corpus.
