4120 6378
531 393 638 458 727

1753 382 2042 447 MENSIS
2080 381 2273 445 DECE
2281 381 2520 445 MBER.

3030 315 3083 325 cum.
3099 315 3170 323 ομ,-

3691 378 3803 445 128'

530 506 858 564 relaxatum,
909 508 967 554 et
992 500 1187 553 solutae
1215 505 1377 552 erant
1417 510 1611 553 omnes
1636 498 1758 568 ejus
1781 510 2073 566 compages
2100 512 2116 552 :

2226 495 2315 549 τοῦ
2343 493 2587 563 μεγάλου
2612 492 2708 547 καὶ
2737 490 3002 563 δάκρυσιν
3027 491 3064 562 ἦ
3094 507 3159 545 τε
3180 488 3337 554 λύσις
3370 488 3528 561 αὐτῷ
3553 488 3667 546 τῶν
3699 507 3801 560 μιν

529 596 788 667 precibus
832 600 1014 647 autem
1075 598 1133 646 et
1191 588 1451 661 lacrymis
1501 590 1683 662 magni
1743 588 2009 653 Marcelli,
2056 597 2114 642 et

527 688 751 743 astricta
778 685 880 740 fuit
906 682 1279 739 membrorum
1304 682 1532 749 solutio,
1594 692 1650 737 et
1675 681 1822 752 quod
1844 690 1928 735 est
1951 681 2113 749 longe

529 779 728 849 majus.
762 777 859 848 qui
883 775 1051 847 paulo
1083 786 1212 830 ante
1246 774 1469 845 iacebat
1505 776 1557 828 in
1586 774 1752 833 lecto.
1798 773 2003 827 missus
2029 778 2115 825 cst

530 878 593 924 ut
622 868 863 924 serviret
882 866 1029 922 aliis.
1080 865 1239 931 Quod
1272 880 1408 920 vero
1457 866 1641 936 angeli
1680 879 1903 934 quoque
1949 863 2114 917 simul

528 972 688 1017 erant
730 976 860 1016 cum
917 959 1195 1019 Marcello.
1261 966 1319 1012 et
1362 958 1598 1014 maxime
1652 971 1776 1011 cum
1821 956 1887 1010 ad
1921 970 2118 1026 preces

528 1056 843 1120 accederet,
866 1052 1227 1108 declarabunt
1245 1067 1365 1121 quae
1385 1066 1510 1105 mox
1529 1061 1855 1121 sequuntur.
1880 1049 2115 1116 Quidam

531 1143 782 1215 Sergius,
826 1142 920 1212 qui
953 1142 1070 1211 ipse
1100 1154 1324 1209 quoque
1362 1150 1599 1209 praeerat
1631 1142 1781 1210 gregi
1810 1141 1994 1209 capaci
2025 1154 2117 1191 ra-
2148 1128 2167 1158 ⁵

528 1238 723 1305 tionis,
772 1248 828 1293 ct
865 1235 933 1291 ad
968 1234 1173 1309 llumen
1211 1234 1499 1289 habitabat
1555 1234 1919 1303 Euphratem,
1984 1232 2120 1285 illuc

543 1341 770 1398 quoque
799 1325 944 1380 fama
973 1325 1232 1379 veniente
1265 1322 1335 1377 de
1356 1322 1634 1386 Marcello,
1657 1321 1892 1377 cilicitur
1920 1322 2121 1374 ardens

532 1427 754 1473 amator
777 1416 927 1471 illius
950 1415 1197 1469 virtutis.
1224 1414 1361 1469 Cum
1380 1421 1566 1468 autem
1603 1413 1746 1467 fama
1778 1413 1930 1467 illius
1948 1414 2122 1483 magis

529 1518 829 1575 cresceret,
865 1508 935 1564 ad
966 1508 1089 1579 ejus
1117 1522 1341 1577 quoque
1366 1515 1723 1575 conspectum
1767 1506 1958 1561 venire
1978 1504 2122 1560 desi-

528 1609 708 1659 derat.
738 1603 931 1672 ltaque
961 1611 1260 1671 p03lquam
1288 1600 1460 1663 venit,
1491 1608 1549 1653 et
1589 1614 1705 1654 rem
1735 1598 1910 1669 ipsam
1955 1612 2120 1667 expe-

527 1696 737 1750 rientia
790 1691 1006 1747 invenit
1054 1707 1176 1747 esse
1205 1692 1355 1746 fama
1389 1690 1655 1760 majorem
1684 1729 1699 1754 ,
1756 1697 2015 1758 precatus
2037 1696 2123 1743 est

528 1788 648 1859 ipse
690 1799 910 1856 quoque
944 1798 1070 1839 cum
1116 1782 1394 1846 Marcello,
1458 1788 1637 1837 stante
1690 1778 1759 1833 ad
1790 1779 2118 1833 orationem.

2212 587 2320 640 λῶν
2337 588 2651 653 ἐσφίγγετο,
2677 585 2771 638 καὶ
2796 584 2859 637 τδ
2883 582 3291 653 μεῖζον,ᾶ).λοις
3318 583 3614 654 ὑπηρετεῖν
3635 584 3667 637 6
3693 581 3802 651 πρὸ

2218 676 2416 747 μικροῦ
2473 676 2739 746 κλινήρης
2766 674 3068 745 ἐπέμπετο.
3147 674 3272 728 Ὅτι
3302 673 3376 728 οδὶ
3431 676 3528 728 καὶ
3577 674 3805 743 ἄγγελοι

2216 767 2525 839 Μαρκέλλῳ
2549 768 2818 836 συνῆσαν,
2840 768 2936 820 καὶ
2968 767 3210 837 μάλιστα
3237 766 3523 837 προσιόντι
3545 768 3615 836 τῇ
3640 781 3804 835 προσ⁸

2217 860 2377 927 ευχῆ,
2425 859 2493 912 τὰ
2545 860 2689 913 κατὰ
2719 858 2887 923 πόδας
2937 858 3194 928 δηλώσει.
3253 859 3481 927 Σέργιὸς
3539 874 3626 918 τις
3658 856 3809 928 ἀνὴρ

2218 952 2455 1020 ποίμνης
2486 952 2580 1004 καί⁵
2616 951 2780 1011 αὐτὸς
2808 951 3029 1019 λογικῆς
3062 947 3434 1020 ἐξηγούμενος
3464 949 3660 1020 καὶτῷ
3698 965 3801 1002 πο-
3842 948 3847 951 ’

2173 1121 2183 1127 ἢ
2219 1040 2381 1110 ταμῷ
2412 1040 2724 1110 προσοικῶν
2754 1042 3041 1112 Εὐφράτῃ,
3071 1043 3170 1110 τῆς
3200 1043 3389 1112 φήμης
3416 1042 3578 1094 κάκεῖ
3607 1039 3804 1110 φοιτώ-

2223 1149 2321 1202 σης
2356 1132 2458 1200 τῆς
2513 1135 2644 1202 περὶ
2692 1133 3035 1203 Μάρκελλον,
3088 1132 3304 1201 γίνεται
3347 1132 3447 1203 τῆς
3481 1133 3578 1187 τοῦ
3607 1133 3804 1203 ἀνδρὸς

2220 1225 2425 1294 ἀρετῆς
2469 1224 2708 1294 διακαὴς
2738 1226 3002 1295 ἐραστής.
3055 1226 3144 1289 Ὧς
3186 1227 3247 1280 δὲ
3280 1226 3376 1277 ἐπὶ
3406 1224 3596 1293 μεῖζον
3641 1225 3806 1296 ᾔρετο

2219 1318 2289 1370 τά
2308 1316 2406 1385 τῆς
2434 1318 2648 1387 φήμης,
2688 1318 2949 1388 ἐπιθυμεῖ
2978 1318 3072 1371 καὶ
3096 1320 3178 1381 είς
3214 1317 3337 1387 ὄψιν
3361 1318 3559 1373 ἐλθεῖν.
3602 1318 3693 1381 Ὧς
3711 1313 3807 1373 οὖν

2219 1405 2324 1478 ἧκε
2356 1411 2451 1461 καὶ
2476 1411 2576 1479 τὴν
2612 1411 2810 1477 πεῖραν
2861 1405 3021 1479 εὗρεν
3062 1409 3205 1480 ὑπὲρ
3236 1409 3335 1481 τὴν
3368 1411 3584 1480 φήμην,
3616 1409 3808 1464 στάντι

2222 1502 2302 1561 εἰς
2342 1500 2655 1570 προσευχὴν
2701 1500 2777 1572 τῷ
2808 1500 3120 1572 Μαρκέλλῳ
3152 1502 3247 1554 καὶ
3289 1501 3455 1564 αὐτὸς
3485 1503 3807 1570 συνηύχετο.

2235 1591 2390 1645 Ἑπεί
2417 1588 2512 1646 οὖν
2536 1594 2741 1655 ἐκεῖνος
2768 1594 2944 1646 κλίνοι
2976 1594 3076 1663 τὴν
3104 1593 3350 1663 κεφαλὴν
3382 1593 3477 1646 καὶ
3506 1593 3720 1663 κάμψαι
3746 1591 3809 1646 τὸ

2222 1685 2372 1753 γόνυ,
2404 1686 2433 1738 ὁ
2464 1685 2565 1755 μὲν
2602 1685 2809 1751 ἔκειτο,
2842 1688 2871 1740 ὁ
2914 1687 2972 1739 δὲ
3001 1687 3107 1758 ὁρᾷ
3143 1688 3325 1740 ἰκεῖνο
3363 1685 3427 1754 δὴ
3460 1685 3520 1738 τὸ
3550 1684 3809 1755 φρικτὸν,

2224 1779 2319 1832 δύο
2365 1780 2522 1842 τινὰς
2570 1779 2803 1843 λευκοὺς
2838 1780 2938 1852 τὴν
2991 1780 3206 1851 στολὴν,
3264 1780 3680 1849 ἀστράπτοντας
3711 1775 3812 1847 τὴν

524 1858 662 1936 Cum
690 1894 820 1950 ergo
847 1878 941 1932 ille
985 1875 1284 1931 inclinaret
1312 1881 1500 1943 caput.
1565 1881 1622 1925 et
1651 1887 1796 1942 genu
1846 1869 2116 1933 ﬂecteret,

2226 1868 2467 1937 μορφὴν,
2493 1869 2768 1938 ἀγγέλους
2818 1869 3048 1940 δηλαδὴ,
3085 1870 3432 1941 ἑκατέρωθεν
3462 1867 3628 1922 αὑτοῦ
3664 1883 3811 1934 παρ-

526 1974 620 2027 iile
655 1970 880 2041 quidem
923 1966 1147 2038 iacebat
1186 1983 1199 2020 :
1236 1965 1327 2019 hic
1362 1978 1493 2019 vero
1539 1963 1689 2016 videt
1720 1960 1857 2015 illud
1883 1960 2123 2015 admira-

526 2065 663 2128 bile,
718 2063 859 2117 duos
898 2059 1167 2129 quosdam
1229 2065 1385 2112 veste
1430 2053 1728 2114 candidos,
1762 2052 1941 2107 forma
1994 2065 2125 2105 vero

527 2164 907 2213 coruscantes.
950 2152 1178 2221 angelos
1236 2149 1470 2213 scilicet,
1507 2148 1770 2215 utrinque
1790 2154 2024 2205 stantes,
2067 2153 2127 2199 et

527 2264 657 2303 cum
686 2249 857 2302 humo
886 2244 1081 2299 tollere
1123 2252 1180 2298 ct
1209 2241 1524 2297 sublevare.
1561 2240 1742 2310 Atque
1781 2238 1970 2293 statim
1987 2237 2116 2306 qui-

528 2339 654 2395 dem
687 2338 874 2392 vultus
903 2335 1027 2405 ejus
1070 2334 1195 2388 luce
1228 2342 1489 2403 tanquam
1519 2332 1732 2403 fulgure
1754 2341 1841 2389 est
1866 2331 2114 2385 illustra-

526 2438 620 2483 tus
642 2444 658 2481 :
682 2427 1051 2482 admiratione
1076 2432 1262 2479 autem
1296 2426 1586 2493 perculsus
1609 2423 1849 2493 luitejus
1868 2422 2111 2483 animus,

527 2535 744 2590 voxque
773 2529 858 2574 est
889 2519 939 2573 ei
965 2519 1169 2580 ablata,
1191 2525 1249 2571 et
1271 2516 1531 2571 madebat
1574 2515 1799 2579 sudore,
1829 2521 1886 2569 et
1920 2528 2117 2583 prope-

530 2610 756 2667 modum
785 2610 1061 2666 deductus
1086 2618 1173 2665 est
1200 2610 1267 2664 ad
1298 2617 1534 2663 mortem
1573 2625 1588 2663 :
1623 2607 1763 2663 adeo
1795 2616 1855 2661 ut
1888 2609 1984 2677 qui
2017 2606 2117 2660 ad-

528 2712 712 2769 erant,
737 2702 876 2757 nihil
907 2701 1063 2757 exiis
1092 2717 1216 2772 qua:
1238 2702 1332 2756 ille
1356 2700 1603 2766 videbat,
1636 2699 1911 2762 videntes,
1951 2699 2118 2752 mira-

530 2805 728 2853 rentur
772 2804 829 2851 et
854 2795 1193 2860 dubitarent,
1249 2801 1307 2849 ct
1340 2791 1519 2847 virum
1552 2791 1963 2859 interrogarent
1991 2803 2118 2843 cum

2223 1959 2471 2024 εστῶτας
2513 1962 2751 2032 ἐγείρειν
2783 1978 2842 2014 τε
2872 1960 2966 2015 τοῦ
3022 1962 3255 2030 ἐδάφους
3296 1962 3390 2015 καὶ
3420 1960 3811 2028 ἀνακουφίζειν

2222 2052 2313 2105 τὸν
2343 2054 2544 2123 μέγαν.
2602 2054 2812 2107 Αὐτίκα
2841 2053 2975 2122 γοῦν
3021 2055 3369 2125 ἠστράπτετο
3408 2053 3487 2123 τῷ
3518 2055 3660 2121 φωτὶ
3712 2051 3811 2122 τὴν

2222 2145 2377 2211 δᾷιν,
2419 2145 2787 2217 ἐξεπλήττετο
2845 2146 2902 2199 δὲ
2933 2146 3013 2217 τῷ
3062 2146 3302 2215 θαύματι
3353 2146 3454 2215 τὴν
3477 2144 3677 2215 ψυχὴν,
3709 2144 3811 2215 τὴν

2224 2239 2411 2308 φωνήν
2431 2253 2493 2290 τε
2520 2240 2790 2308 ἀφῃρεῖτο
2825 2238 2920 2290 καὶ
2952 2238 3135 2291 θανεῖν
3164 2238 3347 2305 ὀλίγον
3367 2239 3493 2289 ὅσον
3520 2237 3808 2306 ἠπείγετο·

2220 2332 2294 2393 ὡς
2329 2331 2456 2394 τοὺς
2481 2331 2847 2400 παρεστῶτας
2880 2332 3036 2383 οὐδὲν
3064 2325 3141 2383 ὧν
3174 2334 3381 2393 ἐκεῖνος
3410 2331 3512 2382 ἴδοι
3538 2327 3813 2395 θεασαμέ·

2223 2440 2347 2486 νους
2379 2422 2687 2494 Θαυμάζειν
2740 2440 2800 2476 τε
2859 2423 2958 2476 καὶ
3008 2423 3319 2493 διαπορεῖν,
3378 2424 3473 2474 καὶ
3503 2421 3598 2473 τὸν
3639 2418 3813 2486 ἄνδρα

2220 2518 2509 2587 ἐπερωτᾷν
2568 2515 2691 2585 μετ’
2753 2514 3091 2585 ἐκπλήξεως,
3166 2515 3504 2576 ἀκούσαντας
3553 2512 3613 2565 δὲ
3660 2510 3814 2564 οὐδὲν

2222 2603 2387 2679 ἧττον
2411 2608 2720 2678 θαυμάζειν
2741 2607 3070 2678 Μάρκελλον
3092 2606 3192 2677 μὲν
3222 2604 3323 2675 τῆς
3354 2605 3491 2673 πρὸς
3511 2603 3647 2655 Θεὸν
3667 2602 3815 2671 παρο

2227 2700 2445 2772 ρησὶας,
2478 2705 2571 2753 τὸν
2619 2699 2677 2754 δὲ
2713 2700 2847 2770 πρὸς
2883 2698 3215 2770 ἀνθρώπους
3256 2698 3357 2767 τῆς
3409 2696 3620 2764 ἀφάτου
3661 2695 3815 2762 φιλο-

2229 2791 2510 2861 στοργίας.

530 2901 781 2962 stupore.
816 2889 954 2945 Cum
998 2898 1185 2945 autem
1260 2887 1631 2952 audivissent,
1659 2900 1780 2940 non
1853 2885 2042 2939 minus
2108 2886 2330 2956 quidem
2379 2888 2635 2943 admirati
2704 2898 2836 2944 sunt
2887 2889 3203 2944 Marcellum
3246 2898 3474 2960 propter
3540 2903 3699 2943 suam
3758 2887 3816 2942 in

530 2986 707 3038 Deum
761 2980 1048 3044 ﬁduciam,
1083 2979 1258 3033 Deum
1315 2992 1470 3043 vero,
1503 2986 1731 3047 propter
1775 2974 2115 3031 inellabilem
2152 2977 2485 3034 charitatem
2525 2981 2579 3035 in
2599 2982 2875 3037 homines.

606 3071 795 3127 XXlll.
855 3072 934 3127 Ex
961 3074 1048 3127 his
1077 3080 1134 3126 et
1170 3070 1451 3125 similibus
1474 3077 1671 3124 tantus
1720 3068 1829 3124 fuit
1861 3070 2115 3123 omnium

2297 3072 2427 3128 Kl".
2478 3076 2574 3127 Ἐκ
2599 3076 2808 3129 τούτων
2865 3076 2930 3148 δὴ
2980 3077 3074 3131 καὶ
3108 3076 3218 3129 τῶν
3260 3077 3464 3147 ὁμοίων
3498 3076 3760 3142 τοσοῦτος
3789 3079 3817 3131 ὁ

531 3180 687 3224 amor
723 3167 777 3219 in
814 3163 1137 3219 Marcellum
1169 3177 1295 3215 eum
1322 3160 1711 3225 admiratione,
1745 3169 1804 3212 ut
1830 3159 2004 3213 instar
2036 3160 2117 3213 rei

2226 3168 2358 3236 πρὸς
2398 3168 2723 3239 Μάρκελλον
2762 3169 2983 3224 πάντων
3046 3171 3187 3240 μετὰ
3239 3170 3523 3239 θαύματος
3554 3170 3695 3241 ἔρως
3726 3167 3815 3241 ἦν,

531 3260 764 3330 alicuius
822 3256 1027 3310 divina:
1059 3269 1157 3324 per
1190 3254 1312 3323 ejus
1350 3267 1551 3307 nomen
1573 3250 1963 3323 jusjurandum
1988 3263 2121 3305 εοῐι-

536 3354 811 3423 ciperem,
835 3364 949 3404 non
980 3348 1160 3402 solum
1208 3346 1326 3411 alii,
1401 3345 1498 3401 sed
1525 3346 1697 3401 etiam
1734 3344 1903 3414 primi
1950 3358 2019 3398 ex
2055 3343 2123 3397 iis

533 3443 631 3514 qui
670 3457 729 3496 se
752 3440 1124 3495 exercebant:
1163 3446 1220 3491 et
1257 3437 1341 3491 vel
1374 3436 1526 3491 illum
1559 3438 1737 3490 solum
1764 3436 1977 3494 videre,
2007 3449 2123 3488 ma-

535 3549 707 3606 gnum
729 3530 851 3587 esse
876 3531 1166 3593 ducerent,
1194 3537 1251 3587 et
1274 3528 1342 3582 de
1360 3543 1470 3596 quo
1495 3536 1642 3583 esset
1663 3526 1868 3582 acriter
1891 3534 2125 3580 conten-

534 3625 801 3682 dendum.
841 3622 981 3679 Cum
1006 3622 1076 3677 ab
1104 3621 1300 3677 Elisaao
1329 3620 1657 3690 aliquando,
1708 3621 1805 3689 qui
1843 3627 2123 3673 monaste-

534 3722 643 3784 rio,
668 3718 816 3783 quod
835 3726 956 3772 erat
987 3715 1043 3770 in
1076 3714 1305 3779 Edessa,
1341 3720 1605 3785 praeerat,
1654 3712 1960 3767 etvirtutis
2010 3727 2122 3765 ma-

535 3828 695 3885 gnam
725 3809 962 3865 ducebat
984 3808 1276 3871 rationem,
1307 3823 1374 3862 ex
1399 3806 1637 3861 Marcelli
1667 3805 1957 3875 discipulis
1980 3804 2123 3860 fuis-

535 3916 620 3960 set
674 3903 897 3975 quidam
963 3900 1202 3971 hospitio
1293 3909 1553 3969 acceptus
1608 3899 1751 3969 (erat
1819 3908 2007 3952 autem
2069 3897 2123 3953 ei

538 4014 740 4053 nomen
789 3999 1035 4065 Petrus),
1078 3994 1169 4050 hic
1202 4009 1334 4065 ergo
1366 4002 1659 4064 postquam
1714 3993 1990 4048 deductus
2019 3992 2126 4047 fuit

538 4093 607 4147 ad
633 4107 971 4157 sermonem,
1000 4098 1060 4145 et
1085 4087 1320 4143 multum
1360 4099 1612 4143 versatus
1640 4094 1726 4140 est
1763 4086 1818 4139 in
1849 4085 2125 4139 laudando

537 4185 802 4254 magistro
846 4197 948 4236 suo
986 4180 1131 4250 apud
1165 4177 1462 4233 Etisazum:
1506 4176 1987 4248 Supervacaneum
2017 4186 2123 4243 est,

539 4275 723 4345 inquit
783 4272 1030 4337 Elisacus,
1083 4270 1335 4335 ofrater,
1390 4269 1461 4324 de
1510 4268 1766 4323 Marcello
1824 4269 1969 4338 apud
2025 4284 2127 4324 nos

546 4371 862 4440 producere
886 4368 1218 4427 orationem.
1244 4367 1378 4423 Nam
1412 4382 1514 4438 ego
1546 4365 1747 4420 hormn
1779 4365 1877 4420 tibi
1914 4380 2014 4420 cro
2047 4374 2129 4420 ιε-

542 4446 644 4515 stis
675 4460 910 4515 idoneus
936 4460 1100 4513 etiam
1157 4457 1303 4529 apud
1334 4458 1473 4514 alios
1503 4474 1519 4514 :
1552 4458 1645 4529 qui
1687 4457 1756 4512 de
1782 4470 1851 4511 eo
1890 4457 2125 4510 multum

2224 3258 2365 3313 ὥστε
2395 3264 2492 3312 καὶ
2522 3259 2641 3314 ἀντ’
2699 3261 2867 3316 ἄλλου
2923 3262 3074 3325 τινὸς
3124 3262 3272 3315 θείου
3317 3262 3480 3333 ὅρκον
3508 3262 3569 3315 τὸ
3596 3262 3815 3317 ἐκείνου

2223 3352 2468 3406 τίθεσθαι
2500 3352 2673 3421 ὄνομα
2702 3354 2765 3406 ού
2812 3353 2978 3425 μόνον
3009 3356 3138 3417 τοὺς
3162 3353 3377 3417 ἄλλους,
3412 3355 3545 3407 ἀλλὰ
3579 3358 3677 3409 καὶ
3711 3357 3815 3409 αύ-

2222 3445 2349 3506 τοῗλς
2373 3443 2503 3506 τοὺς
2531 3444 2641 3497 τῶν
2670 3446 2929 3513 ἀσκητῶν
2974 3450 3249 3515 πρώτους.
3295 3449 3391 3499 καί
3419 3449 3483 3499 τὸ
3517 3450 3727 3500 ἐκεῖνον
3759 3448 3816 3501 δὲ

2230 3533 2358 3586 ίδεῖν
2382 3534 2525 3604 μέγα
2559 3551 2612 3587 τι
2641 3536 2923 3589 ποιεῖσθαι
2957 3538 3054 3589 καὶ
3086 3538 3485 3608 περιμάχητον.
3518 3537 3815 3611 Ἐλισσαίῳ

2225 3620 2321 3677 οὖν
2353 3640 2487 3676 ποτε
2512 3624 2591 3695 τῷ
2620 3627 2679 3678 ὲν
2716 3627 2941 3697 Ίιίδέσσῃ
2974 3629 3130 3698 ἀνδρὶ
3171 3634 3343 3699 μονοξς
3378 3632 3689 3699 προεστῶτι
3718 3634 3815 3685 καὶ

2226 3719 2427 3788 ἀρετῆς
2470 3719 2640 3773 πολὺν
2678 3722 2990 3792 ποιουμένῳ
3033 3722 3191 3791 λόγον
3229 3724 3339 3776 τῶν
3387 3726 3453 3776 ἐκ
3483 3725 3812 3793 Μαρκέλλου

2223 3826 2306 3875 τις
2342 3810 2604 3876 ξενισθείς
2636 3829 2652 3843 ⁸
2689 3815 2897 3884 Πέτρος
2951 3816 3092 3886 ἀνὴρ
3140 3816 3425 3869 ἐκαλεῖτοο
3485 3811 3642 3881 οὗτος
3690 3816 3811 3880 οὖν,

2226 3904 2414 3975 ἐπειδὴ
2448 3908 2586 3975 πρὸς
2607 3905 2801 3973 λόγους
2833 3906 3039 3977 ἐξήχθη
3076 3908 3172 3960 καὶ
3196 3908 3361 3971 πολὺς
3391 3903 3459 3977 ἦν
3486 3911 3616 3979 πρὸ,
3642 3909 3814 3962 Ἐλισο

2229 3997 2379 4048 σεῖον
2411 3997 2503 4050 τὸν
2538 3997 2860 4051 διδάσκαλον
2894 3999 3158 4063 ἐπαινῶν,
3215 4001 3456 4071 Περιττή
3487 4018 3593 4065 σοι,
3625 4002 3814 4071 ἔλεγεν

2228 4087 2455 4150 ἐκεῖνος,
2491 4082 2536 4141 ὦ
2565 4090 2785 4157 ἀδελφέ,
2827 4091 2859 4160 ἡ
2883 4092 3209 4162 Μαρκέλλου
3238 4095 3396 4160 χάριν
3426 4095 3506 4155 είς
3530 4096 3678 4164 ἡμᾶς
3704 4095 3812 4146 τῶν

2227 4179 2404 4247 λόγων
2444 4180 2630 4251 τριϐή.
2701 4181 2844 4250 Ἐγὼ
2896 4184 3005 4253 γάρ
3028 4200 3111 4236 σοι
3140 4184 3339 4251 μᾶλλον
3371 4186 3580 4254 μάρτυς
3632 4185 3814 4247 ἱκανὸς

2229 4268 2425 4340 ἔσομαι
2480 4274 2608 4342 περὶ
2665 4273 2877 4326 τούτων
2916 4274 3178 4344 καὶπρὸς
3227 4275 3475 4345 ἑτέρους,
3526 4276 3588 4337 ὃς
3641 4277 3815 4328 ποια,λά

2230 4364 2364 4432 περὶ
2408 4363 2504 4416 τοῦ
2553 4364 2747 4433 ἀνδρὸς
2780 4365 2947 4418 ἕνεκα
2997 4367 3154 4419 τοῦδε
3200 4367 3338 4419 Θεοῦ
3384 4368 3622 4437 δεηθεὶς,
3656 4371 3719 4420 τό
3752 4385 3813 4421 τε

2232 4455 2366 4526 ὕψος
2391 4457 2493 4526 τῆς
2524 4457 2730 4527 ἀρετῆς
2751 4456 2926 4526 ἔγνων
2955 4459 3167 4521 καὶτὰς
3198 4460 3298 4528 τῆς
3327 4460 3509 4529 ψυχῆς
3540 4460 3812 4530 κινήσεις,

542 4554 710 4612 Deum
744 4561 1022 4623 precatus,
1073 4554 1282 4622 eteius
1329 4550 1554 4606 virtutis
1582 4540 1721 4603 novi
1747 4548 2121 4610 altitudinem,

2232 4548 2368 4620 πρὸς
2393 4547 2453 4601 δὲ
2490 4549 2585 4601 καὶ
2608 4547 2780 4620 αὐτὴν
2808 4548 2904 4601 τοῦ
2945 4550 3198 4620 σώματος
3230 4553 3332 4621 τὴν
3378 4552 3617 4622 μορφήν.
3655 4550 3814 4604 Οὕτω
3858 4584 3867 4589 ~

541 4655 601 4701 et
624 4644 792 4699 animi
817 4643 1110 4709 motiones,
1145 4644 1280 4713 quin
1333 4642 1500 4698 etiam
1544 4641 1716 4712 ipsam
1742 4641 1975 4696 formam
2006 4640 2127 4717 ejus

543 4735 813 4806 corporis.
877 4734 1018 4790 Cum
1069 4734 1188 4791 haec
1247 4733 1501 4789 audisset
1557 4732 1755 4788 Petrus
1798 4740 1856 4784 et
1895 4730 2130 4783 miratus

544 4832 765 4887 tuisset.
835 4841 1095 4882 reversus
1150 4836 1256 4888 est,
1316 4834 1592 4881 ctsancto
1638 4821 1824 4879 omnia
1864 4823 2132 4885 narravit,

549 4937 665 4974 rem
711 4921 933 4991 quidem
958 4920 1165 4974 faciens
1217 4920 1591 4989 importunam
1640 4926 1696 4970 et
1732 4916 2024 4969 molestam
2050 4914 2125 4978 ei,

547 5016 645 5083 qui
680 5030 708 5069 a
742 5013 917 5086 gloria
951 5012 1222 5084 captanda
1251 5010 1393 5066 adeo
1415 5018 1538 5066 erat
1595 5010 1852 5065 alienus:
1884 5007 2133 5063 narras-it

551 5117 755 5160 tamen.
795 5104 1109 5161 Narrationi
1154 5114 1341 5158 autem
1394 5103 1662 5156 intererat
1707 5102 1872 5156 etiam
1906 5098 2130 5171 quidam

550 5196 816 5267 pontifex.
834 5196 929 5251 sed
963 5198 1122 5265 inops
1142 5205 1198 5249 et
1220 5209 1430 5265 egenus
1458 5209 1641 5247 rerum
1664 5194 2132 5248 necessariarum.

549 5300 728 5361 Atque
760 5305 992 5359 magnus
1030 5288 1256 5357 quidem
1308 5286 1621 5347 Marcellus.
1667 5286 1763 5355 qui
1794 5285 1989 5340 laudes
2018 5302 2128 5343 non

551 5382 733 5439 minus
789 5396 932 5451 aegre
1010 5380 1223 5434 ferebat
1290 5393 1453 5450 quam
1512 5383 1739 5448 probra,
1792 5377 1938 5431 sistit
1997 5379 2129 5447 qui-

552 5476 677 5527 dem
711 5488 937 5531 cursum
969 5473 1091 5543 ejus
1120 5473 1401 5529 orationis
1432 5490 1444 5527 :
1474 5473 1610 5542 petit
1633 5481 1841 5535 autem,
1882 5486 2006 5524 cum
2030 5471 2136 5526 sci-

554 5574 785 5618 reteum
811 5564 1037 5625 habere.
1084 5573 1143 5618 ut
1168 5566 1261 5620 det
1300 5565 1350 5618 ei
1388 5575 1583 5619 mutuo
1626 5564 1766 5618 duos
1796 5577 2015 5623 aureos,
2073 5572 2134 5616 ut

556 5670 727 5723 pauca
758 5655 1058 5725 elargiatur
1092 5656 1344 5727 pauperi.
1371 5656 1465 5713 llle
1488 5670 1620 5712 vero
1644 5669 1772 5709 cum
1803 5662 1951 5709 esset
1975 5654 2132 5708 valde

552 5761 777 5816 parcus,
808 5760 906 5801 eos
954 5748 1087 5801 dare
1113 5750 1405 5803 recusavit.
1449 5749 1537 5809 At.
1569 5747 1688 5802 Non
1720 5746 1882 5815 longo
1933 5746 2135 5800 abhinc

554 5847 822 5907 tempore,
866 5837 1044 5910 inquit
1088 5854 1339 5911 magnus,
1375 5856 1476 5896 nec
1545 5839 1723 5895 iusum
1788 5838 1885 5895 tibi
1935 5853 2135 5908 corpus

2228 4638 2436 4707 Πέτρος
2463 4638 2703 4701 ἀκούσας
2727 4641 2823 4693 καὶ
2849 4642 3147 4709 ἐκπλαγεὶς
3166 4642 3417 4715 ἐπανῄει,
3451 4646 3703 4715 καὶπρὸς
3722 4645 3815 4697 τὸν

2227 4730 2386 4800 ἅγιον
2419 4731 2641 4786 ἅπαντα
2662 4732 2929 4802 διηγεῖτο,
2959 4734 3221 4806 φορτικὸν
3249 4735 3352 4806 μὲν
3381 4736 3551 4789 ποιῶν
3571 4737 3649 4807 τῷ
3672 4737 3817 4790 οὕτω

2232 4823 2377 4895 πρὸς
2399 4823 2558 4891 δόξαν
2589 4826 2853 4897 ἀπεχθῶς
2892 4826 3096 4897 έχοντι,
3145 4828 3387 4896 διηγεῖτο
3434 4827 3480 4880 δ’
3504 4824 3599 4883 οὖν
3642 4830 3813 4898 ὅμως.

2239 4918 2431 4989 Παρῆν
2466 4919 2524 4972 δὲ
2572 4922 2640 4989 τῇ
2668 4920 2929 4989 διηγήσει
2962 4920 3056 4973 καί
3101 4937 3185 4983 τις
3218 4922 3326 4972 τῶν
3357 4922 3667 4991 ἀρχιερέων
3696 4922 3814 4992 μὲν,

2234 5008 2441 5079 ἄπορος
2472 5007 2529 5069 δὲ
2555 5010 2652 5062 καὶ
2700 5009 2812 5061 τῶν
2834 5012 3152 5075 ἀναγκαίων
3200 5011 3448 5081 ἐπιδεὴς.
3497 5015 3554 5065 '0
3593 5017 3695 5081 μὲν
3723 5012 3817 5067 οὖν

2240 5102 2416 5169 μέγας
2443 5094 2532 5153 οἶα
2551 5101 2618 5171 δὴ
2647 5101 2837 5170 ψόγοις
2862 5104 2973 5164 τοῖς
3001 5103 3249 5167 λπαίνοις
3287 5102 3590 5174 ἀχθόμενο;
3633 5104 3816 5175 ἵστησι

2240 5194 2340 5260 μὲν
2396 5192 2546 5261 αὐτῷ
2575 5192 2687 5246 τῶν
2738 5194 2914 5258 λόγων
2965 5194 3064 5264 τὴν
3101 5194 3307 5265 ῥύμην,
3362 5198 3510 5248 αἰτεῖ
3551 5195 3609 5248 δὲ
3660 5196 3816 5257 εἰδὼς

2238 5287 2432 5355 ἔχοντα
2468 5287 2564 5339 δύο
2593 5288 2814 5357 χρυσῶν
2846 5287 2997 5358 αύτῷ
3037 5288 3249 5341 δάνειον
3276 5288 3482 5352 δοῦναι,
3519 5290 3607 5342 ἵνα
3642 5290 3818 5359 μικρὰ

2238 5379 2370 5447 γοῦν
2425 5382 2722 5455 χαρίσηται
2752 5381 2852 5452 ,τῷ
2887 5381 3101 5454 ἀπόρῳ.
3175 5385 3233 5435 Ὀ
3283 5383 3342 5435 δὲ
3388 5385 3509 5436 λίαν
3560 5382 3818 5451 φειδωλὸς

2239 5474 2379 5540 ἔχων
2407 5473 2545 5543 πρὸς
2583 5477 2683 5543 τὴν
2723 5473 2871 5527 δόσιν
2896 5475 3206 5527 ἀνένευσεν.
3250 5474 3392 5527 Ἀλλ’
3415 5477 3515 5528 οῦκ
3544 5478 3623 5538 εἰς
3653 5466 3814 5536 πολὺ,

2239 5566 2268 5617 ό
2321 5565 2495 5632 μέγας
2560 5563 2692 5634 ἔφη,
2723 5563 2846 5617 οὕτε
2876 5564 3010 5619 αύτό
3063 5582 3145 5618 σοι
3190 5564 3251 5618 τὸ
3284 5565 3443 5634 σῶμα
3473 5570 3816 5637 παραμενεῖ·

2241 5654 2376 5709 ἀλλὰ
2399 5657 2561 5709 τοῦτο
2586 5658 2684 5727 μὲν
2711 5659 2923 5727 emo.
2947 5697 2961 5722 ,
2994 5658 3085 5711 τὸν
3115 5658 3174 5710 δὲ
3200 5661 3403 5729 χρυσὸν
3438 5660 3498 5714 τὸ
3523 5662 3702 5714 κοινὸν
3730 5658 3813 5711 ,ού

2241 5749 2660 5819 φροντιστηρίου
2689 5748 2927 5814 δέξεται.
2962 5749 3127 5804 Οὔπω
3150 5750 3245 5805 δύο
3267 5753 3546 5825 παρῆλθον
3585 5753 3715 5826 ήμέί
3737 5771 3809 5814 ιι,

2243 5839 2339 5894 καὶ
2368 5840 2395 5890 ὁ
2452 5840 2551 5912 μὲν
2603 5840 2694 5896 τὸν
2723 5840 2838 5913 βίον
2869 5844 3228 5917 κατέστρεψε,
3260 5844 3327 5902 τὰ
3377 5846 3635 5918 χρήματα
3665 5846 3720 5899 δε
3754 5844 3811 5897 τὸ
