4128 6384
328 397 435 462 ’ἶ29

1217 398 1399 456 ΠΤΑ
1443 397 1503 460 S.
1551 399 1946 460 MARCELLI
1988 402 2694 464 ARCHIMANDIU'I‘.E.

3495 410 3602 472 730

327 509 510 562 κοινὸν
541 505 838 578 ἐλάμϐανε.
873 506 1055 568 Πολλὰ
1083 507 1182 576 μὲν
1212 501 1306 562 οὗν
1338 507 1471 573 ἴσως
1505 510 1789 564 εἰκάσειαν
1813 511 1910 564 ἄν-

2025 514 2343 580 remanebit,
2382 516 2476 570 sed
2509 515 2563 569 id
2591 515 2818 584 quidem
2849 517 3185 584 sepulcrum,
3231 535 3426 574 aurum
3456 523 3606 575 acci-

327 600 560 671 θρωποι,
595 598 768 653 πολλὰ
800 599 857 652 δὲ
889 598 985 652 καὶ
1019 597 1300 667 σφαλεῖεν,
1353 601 1403 652 εἰ
1454 618 1517 668 γε
1550 602 1680 671 περὶ
1711 604 1906 654 τούτου

324 693 513 762 ζητεῖν
546 693 910 762 πειράσονται
962 693 1070 747 τίνι
1104 694 1205 763 μὲν
1267 695 1404 758 ἴσος,
1464 697 1609 760 τίνος
1643 697 1701 750 δὲ
1728 699 1908 766 ἥττων

323 785 424 836 καὶ
453 783 598 846 τίνος
618 782 824 852 μείζων
850 785 878 836 ὁ
906 783 1073 846 ὅσιος.
1117 782 1174 836 Ὀ
1208 783 1267 836 δὲ
1300 784 1434 846 Θεὸς
1455 786 1576 839 οὐδὲ
1597 785 1758 840 τοῦτο
1774 787 1906 855 ἅδη-

322 871 416 925 λον
440 873 832 938 καταλέλοιπε,
863 874 958 928 καὶ
990 874 1158 939 ὅπως,
1179 877 1206 928 ὁ
1226 874 1384 944 λόγος
1411 876 1514 948 ήδη
1543 881 1655 942 τοῖς
1687 877 1909 932 θέλουσι

323 967 569 1036 γνωριεῖ.

2018 608 2132 676 piet
2157 621 2449 660 commune
2483 606 2822 660 monasterii.
2861 607 3114 662 Nondum
3165 613 3272 663 duo
3322 610 3440 665 dies
3470 627 3605 680 pra»:-

2019 699 2303 761 tcrierant,
2331 707 2387 752 et
2423 697 2514 752 ille
2536 696 2760 766 quidem
2791 698 2956 752 vitam
2983 699 3145 763 ﬁniit;
3181 703 3441 770 pecunias
3475 719 3604 758 vero

2017 790 2231 858 accepit
2275 803 2589 844 commune.
2653 790 2833 858 Atque
2890 790 3058 844 multa
3099 791 3320 860 quidem
3374 796 3604 848 fortasse

2018 882 2359 951 conjecerint
2382 881 2730 944 homines,in
2758 884 2944 938 multis
2976 894 3160 939 autem
3183 886 3348 939 etiam
3380 893 3606 941 aberra-

2017 973 2220 1036 vcrint,
2263 974 2310 1027 si
2367 973 2471 1027 hoc
2515 983 2727 1028 tentent
2792 989 3061 1043 quarrere,
3113 975 3332 1029 cuinam
3376 977 3600 1044 quidem

323 1062 572 1128 aequalis,
625 1077 864 1130 quonam
913 1070 1096 1116 autem
1132 1063 1382 1128 inferior,
1431 1073 1485 1120 et
1525 1081 1763 1134 quonam
1811 1066 2064 1136 superior
2105 1065 2270 1120 inerit
2325 1076 2569 1121 sanctus.
2637 1067 2780 1120 Deus
2810 1081 2940 1120 vero
2972 1081 3038 1120 ne
3075 1067 3179 1122 hoc
3214 1069 3432 1138 quidem
3477 1069 3605 1124 reli-

326 1159 450 1227 quit
491 1157 810 1212 obscurum.
864 1156 1152 1224 Quomodo
1195 1172 1404 1227 autem,
1451 1162 1520 1218 iis
1557 1165 1652 1234 qui
1701 1165 1912 1229 volunt,
1950 1164 2060 1235 jam
2095 1162 2646 1230 signiﬁcabitoratio.

400 1251 524 1305 KA'.
557 1252 718 1314 Πόλις
774 1253 920 1305 ἐστὶν
972 1253 1259 1320 ἐπώνυμος
1289 1255 1581 1325 Πομπηίου
1638 1258 1793 1326 παρὰ
1826 1258 1918 1310 τὸν

329 1344 582 1410 Εὔξεινον
604 1344 903 1415 οἰκουμένη
942 1347 1165 1401 Πόντον.
1199 1346 1291 1399 Ἐν
1322 1347 1459 1417 αὐτῇ
1491 1350 1634 1419 ἁνήρ
1661 1368 1744 1413 τις
1778 1368 1918 1420 προ-

326 1439 576 1508 ειστήκει
615 1438 1061 1510 φροντιστηρίου,
1083 1437 1324 1508 τοῦνομα
1345 1441 1655 1506 Γαυδίολος,
1695 1442 1915 1512 πλήρης

327 1532 386 1584 δὲ
411 1530 732 1599 Πνεύματος
752 1529 901 1582 θείου
925 1531 1018 1583 καὶ
1041 1532 1407 1600 χαρισμάτων
1429 1532 1706 1602 ἔμπλεως.
1727 1534 1919 1604 Τούτῳ

329 1625 474 1678 κατά
506 1641 626 1676 τινα
659 1624 955 1694 συμϐαλὼν
1002 1626 1242 1695 χρείανό
1278 1625 1421 1689 θεῖος
1455 1626 1762 1689 Θαλάσσιος
1791 1620 1908 1698 (εἷς

327 1713 385 1766 δὲ
415 1712 513 1766 καί⁵
552 1709 707 1776 οὗτος
736 1713 843 1764 τῶν
873 1712 966 1765 τοῦ
999 1713 1240 1781 μεγάλου
1281 1713 1614 1784 φοιτητῶν),
1640 1708 1794 1776 οὗτος
1818 1711 1911 1768 οὖν

2086 1253 2280 1310 XXIV.
2317 1255 2412 1308 Est
2437 1255 2686 1320 quadam
2719 1255 2934 1318 civitas,
2961 1269 3082 1323 quae
3102 1270 3301 1310 nomen
3335 1256 3549 1326 accepit
3575 1273 3604 1310 a

2014 1346 2307 1414 Pompeio;
2360 1346 2618 1400 incolitur
2691 1356 2874 1402 autem
2903 1347 2974 1401 ad
3025 1347 3262 1401 Pontum
3307 1347 3602 1402 Euxinum.

2014 1435 2075 1490 ln
2095 1453 2158 1491 ea
2185 1437 2270 1490 vir
2299 1437 2526 1506 quidam
2561 1437 2779 1507 praefuit
2813 1439 3174 1498 monasterio,
3223 1439 3448 1494 nomine
3478 1441 3605 1509 qui-

2017 1529 2149 1583 dem
2185 1528 2512 1595 Gaudiolus,
2573 1531 2769 1600 plenus
2803 1540 2986 1586 autem
3043 1529 3232 1585 divino
3291 1530 3502 1600 Spiritu
3551 1542 3610 1585 et

2016 1623 2262 1692 repletus
2293 1623 2507 1692 gratiis.
2545 1622 2683 1678 Cum
2708 1639 2776 1678 eo
2826 1633 3050 1693 prepter
3080 1623 3300 1692 aliquod
3324 1625 3608 1693 negotium

2019 1729 2354 1782 congressus
2412 1714 2736 1770 Thalassius
2773 1716 2913 1785 (erat
2945 1729 3078 1770 vero
3098 1715 3188 1769 hic
3213 1731 3431 1784 quoque
3464 1731 3609 1770 unus

331 1808 456 1861 ίδὼν
489 1825 620 1860 ποτε
645 1810 736 1860 τὸν
761 1808 1051 1861 Γαυδίολον
1073 1809 1302 1871 ἐνδίκως
1339 1809 1461 1878 μὲν,
1486 1809 1917 1877 δυσχεραίνοντα

2033 1823 2099 1860 ex
2131 1809 2312 1877 magni
2361 1807 2602 1861 Marcelli
2638 1807 2972 1877 discipulis),
3031 1809 3123 1863 hic
3152 1823 3284 1876 ergo
3339 1823 3464 1862 cum
3501 1807 3607 1861 ali-

328 1903 375 1954 δ’
414 1897 508 1954 οὖν
555 1903 704 1970 ὅμως
738 1902 880 1970 πρός
917 1919 1074 1963 τινας
1129 1903 1228 1970 τῆς
1280 1901 1491 1963 οἰκείας
1525 1902 1784 1970 ποίμνης,
1821 1902 1916 1954 καὶ

331 1996 457 2048 ἐπεὶ
482 1995 752 2064 πρότερον
787 1995 1305 2063 ἁποσκιρτήσαντες
1351 1990 1514 2064 ἦσαν,
1549 1995 1712 2047 πάλιν
1746 2009 1918 2063 προσ-

332 2086 669 2154 ερχομένους
701 2084 902 2145 αὐτοὺς
941 2083 1016 2153 μὴ
1050 2083 1365 2151 δεχόμενον,
1397 2083 1569 2152 ᾔτησε
1599 2083 1694 2135 τοῦ
1721 2083 1917 2152 δεχθῆ-

331 2195 421 2230 ναι
457 2178 554 2230 καὶ
579 2177 639 2228 τὸ
668 2177 1024 2245 παράδειγμα
1055 2178 1269 2230 ἐκεῖθεν
1313 2176 1489 2228 ἐδίδου
1527 2176 1626 2243 τὴν
1653 2175 1914 2244 Μαρκέλο

332 2269 428 2322 λου
462 2269 767 2338 πραότητα.
798 2270 856 2323 '0
887 2269 945 2322 δὲ
976 2270 1112 2336 πρὸς
1127 2267 1285 2322 τοῦτο
1306 2267 1495 2330 εὐθύςο
1521 2264 1592 2320 Ὦ
1619 2268 1912 2335 θαυμάσιε,

329 2363 393 2414 ού
425 2363 626 2413 ταυτὸν
648 2360 934 2420 Γαυδίολός
966 2377 1025 2412 τε
1053 2361 1148 2412 καὶ
1175 2358 1518 2425 Μάρκελλος,
1549 2357 1664 2410 ἀλλ’
1693 2357 1820 2409 ὅσον
1854 2356 1914 2407 τὸ

335 2456 504 2523 μέσον
533 2453 786 2506 ἐντεῦθεν
815 2453 956 2522 εῖσῃ.
990 2453 1193 2506 Μωσέα
1225 2451 1336 2520 γὰρ
1376 2449 1490 2511 θεὶς
1518 2447 1786 2501 άντιτίθει
1819 2445 1915 2498 καὶ

331 2546 678 2615 Μάρκελλον.
711 2544 798 2607 Ὠς
823 2547 850 2596 ὁ
871 2544 1000 2605 Θεὸς
1024 2542 1146 2612 ἐμοὶ
1167 2542 1286 2595 λίαν
1310 2540 1511 2604 ἔδειξεν
1536 2540 1915 2607 ἐναργέστατα

329 2642 528 2708 ὅτιπερ
548 2641 649 2692 ὅσα
671 2637 746 2708 τῷ
775 2636 1065 2706 νομοθέτῃ,
1093 2635 1332 2688 τοσαῦτα
1371 2634 1436 2703 δὴ
1467 2634 1561 2686 καὶ
1598 2631 1914 2702 Μαρκέλλῳ

335 2735 576 2785 ὲνέπνει.

405 2913 535 2966 κε’.
579 2909 770 2980 Ἡμεῖς
799 2909 854 2961 δὲ
880 2909 972 2960 καὶ
1011 2907 1182 2960 τᾶλλα
1208 2905 1556 2977 προσθῶμεν,
1587 2903 1684 2971 ούχ
1709 2903 1795 2954 ἵνα
1825 2900 1915 2955 τὸν

336 3005 506 3074 ἄνδρα
537 3007 599 3055 ἐκ
622 3002 826 3053 τούτων
849 3001 1025 3062 καλῶς
1057 2999 1286 3067 ἴδοιμεν,
1322 2995 1438 3048 ἀλλ’
1469 2997 1556 3049 ἵνα
1588 2994 1660 3064 μὴ
1690 2995 1759 3045 τὰ
1785 2992 1918 3045 κάλ-

333 3100 492 3151 λιστα
544 3098 653 3148 τῶν
703 3095 1061 3162 διηγημάτων
1115 3089 1518 3161 ζημιωθῶμεν.
1584 3089 1744 3149 Τινὲς
1769 3083 1916 3154 αύτῷ

337 3207 470 3241 ποτε
525 3188 633 3240 τῶν
673 3185 940 3254 φοιτητῶν
991 3183 1280 3244 σταλέντες
1331 3183 1482 3251 παρά
1534 3179 1626 3230 τὸν
1665 3175 1914 3240 Εὔξεινον

2025 3185 2316 3254 aliquando
2405 3184 2557 3239 missi
2645 3185 2712 3238 ad
2812 3185 3122 3246 Euxinum,

334 3278 492 3337 αὖθις
537 3278 798 3329 ἀναπλεῖν
857 3278 1124 3336 ἔγνωσαν.
1191 3271 1346 3326 Ἐπεὶ
1396 3269 1490 3323 οὖν
1519 3269 1783 3332 λύσαντες
1841 3266 1911 3320 τὰ

334 3373 575 3437 ἀπόγεια
603 3370 798 3430 νυκτὸς
825 3370 951 3437 ὅλης
993 3369 1086 3420 τὸν
1119 3367 1284 3434 πόρον
1311 3364 1540 3431 ἔτεμνον
1567 3360 1644 3427 τῷ
1675 3361 1912 3432 καμάτῳ

335 3463 735 3531 πεπονηκότες,
791 3459 962 3529 πρινὴ
1006 3456 1330 3511 διαπλεῦσαι
1367 3454 1469 3523 τῆς
1505 3453 1782 3522 θαλάσσης
1814 3451 1913 3521 τὴν

336 3555 613 3623 εἰσϐολὴν,
641 3553 826 3622 χωρίῳ
857 3554 966 3604 τινί
1015 3548 1487 3620 προσορμίζονται
1513 3563 1526 3575 ·
1559 3545 1620 3597 τὸ
1654 3545 1710 3596 δὲ
1740 3542 1913 3612 τραχύ

335 3663 395 3698 τε
424 3642 492 3716 ἦν
523 3647 618 3697 καὶ
649 3643 770 3695 λίαν
793 3643 1074 3710 ἀλίμενον
1129 3643 1225 3693 καὶ
1257 3637 1352 3690 τοῦ
1388 3637 1594 3706 ἀνέμου
1629 3637 1918 3705 σᾳοδρότε-

341 3751 436 3802 ραν
466 3732 898 3793 ἐπιπνεύσαντος
934 3731 1216 3799 ἀμήχανον
1255 3725 1323 3797 ἦν
1345 3727 1607 3795 σωθῆναι.
1642 3727 1780 3788 Τοὺς
1819 3725 1918 3794 μὲν

337 3821 432 3878 οὖν
490 3824 657 3884 ὕπνος
697 3825 972 3891 ὲλάμὸανε
997 3839 1010 3852 ·
1039 3823 1067 3873 ὁ
1119 3820 1176 3873 δὲ
1227 3819 1311 3871 ἑνὶ
1343 3819 1553 3870 τούτων
1599 3816 1920 3870 καθεύδοντι

321 3901 716 3989 ’ἐπιφαίνεταμ
792 3914 1047 3970 Πείθεται
1103 3916 1170 3984 τῇ
1216 3912 1338 3980 ὄψει
1395 3907 1592 3971 οὗτοςο
1639 3909 1920 3962 πείθονται

341 4013 521 4081 τούτῳ
569 4012 665 4063 καὶ
697 4010 746 4061 οἱ
799 4006 1002 4060 λοιποί.
1037 4005 1244 4060 Λύουσι
1292 4004 1390 4074 τὴν
1437 4003 1592 4063 νάὖν,
1627 4003 1921 4068 ἀνάγονται

343 4107 689 4176 τοῦχωρίου,
725 4100 1037 4154 εἰσπλέουσι
1091 4099 1151 4151 τὸ
1204 4097 1380 4165 στόμα
1432 4094 1527 4148 τοῦ
1574 4094 1799 4155 Πόντου,
1829 4093 1922 4145 καὶ

343 4201 434 4254 ὅτε
467 4197 562 4250 τοῦ
615 4193 890 4264 ἀσφαλοῦς
933 4191 1064 4244 είσω
1100 4191 1380 4256 γεγόνασι,
1430 4187 1628 4255 γνόφος
1655 4185 1747 4236 τὸν
1781 4185 1920 4252 ἀέρα

345 4291 727 4357 διαλαμϐάνει,
781 4285 980 4339 θύελλά.
1037 4301 1094 4336 τε
1119 4283 1213 4334 τὸν
1256 4282 1452 4333 πόντον
1499 4277 1774 4349 ὲκμαίνει,
1826 4279 1923 4330 καὶ

345 4384 492 4438 οὕτω
526 4383 594 4435 τὰ
643 4381 868 4448 κύματα
906 4377 1128 4447 βράττει
1152 4377 1184 4443 ἡ
1219 4373 1466 4426 θάλασσά
1518 4390 1577 4425 τε
1613 4371 1925 4440 συνταράτ-

342 4493 522 4539 τεται,
547 4474 646 4526 καὶ
679 4471 749 4524 τά
772 4473 934 4524 πλοῖα
964 4469 1264 4538 βυθίζεται,
1297 4467 1373 4526 ὡς
1413 4464 1670 4534 οἰμωγῶν
1696 4465 1795 4532 μὲν
1832 4463 1924 4516 τὸν

2024 1895 2250 1964 quando
2282 1896 2514 1950 vidisset
2537 1895 2892 1961 Gaudiolum,
2922 1899 3070 1968 juste
3092 1897 3341 1968 quidem,
3373 1897 3608 1951 irascen-

2022 1998 2130 2042 tem
2162 1997 2343 2046 tamen
2379 1989 2432 2042 in
2468 1989 2682 2058 aliquos
2713 1989 2799 2044 sui
2821 1991 3022 2060 gregis,
3071 1999 3130 2045 et
3158 2006 3282 2045 cum
3313 1991 3466 2060 prius
3519 2006 3606 2044 re-

2019 2080 2306 2142 siliissent,
2337 2089 2682 2163 revertentes
2709 2081 2860 2151 ipsos
2895 2097 3006 2135 non
3046 2081 3453 2143 admittentem,
3509 2097 3607 2150 ροσε

2021 2172 2109 2225 tiit
2163 2180 2222 2225 nt
2267 2171 2694 2226 admitterentur
2736 2187 2834 2229 :et
2878 2175 3189 2244 exemplum
3231 2175 3404 2240 dedit,
3459 2176 3605 2244 quod

2017 2272 2134 2317 erat
2160 2265 2555 2333 propinquum,
2597 2265 2836 2320 Marcelli
2866 2267 3374 2322 mansuetudinem.
3430 2268 3480 2322 ls
3502 2283 3604 2323 au-v

2020 2365 2129 2409 tem
2164 2356 2216 2410 ei
2271 2356 2457 2410 statim
2489 2357 2630 2411 dixit
2662 2375 2675 2410 :
2717 2356 2762 2412 Ο
2790 2359 2875 2412 vir
2903 2359 3188 2428 praeclare,
3219 2375 3328 2412 non
3349 2369 3436 2414 est
3463 2359 3606 2413 idem

2019 2448 2346 2513 Gaudiolus,
2382 2450 2534 2520 quod
2570 2449 2882 2512 Marcellus,
2933 2450 3031 2505 sed
3077 2462 3343 2520 quantum
3371 2452 3610 2514 intersit,

2019 2545 2153 2599 hinc
2187 2545 2356 2598 scies.
2415 2544 2550 2598 Nam
2585 2559 2709 2598 cum
2767 2544 2974 2598 Mosem
3013 2545 3291 2611 posueris,
3335 2545 3387 2598 ei
3441 2543 3607 2598 etiam

2018 2652 2234 2705 oppone
2261 2634 2604 2690 Marcellum.
2631 2635 2778 2690 Deus
2797 2635 2942 2690 enim
2969 2637 3103 2691 mihi
3123 2637 3362 2692 ostendit
3386 2635 3612 2691 eviden-

2017 2728 2249 2790 tissime,
2283 2727 2432 2794 quod
2459 2741 2806 2796 quaecunque
2841 2726 3165 2797 legislatori,
3230 2743 3294 2782 ea
3324 2728 3490 2783 etiam
3522 2727 3608 2781 in-

2018 2819 2247 2888 Spiravit
2271 2818 2552 2872 Marcello.

2091 2907 2257 2962 XXV.
2301 2907 2414 2962 Nos
2442 2922 2573 2962 vero
2628 2907 2735 2970 alia
2769 2921 2990 2975 quoque
3019 2905 3368 2977 adjiciamus,
3400 2922 3506 2960 non
3550 2915 3610 2959 ut

2019 3000 2198 3053 virum
2227 3015 2292 3053 ex
2331 2999 2418 3053 his
2458 3008 2608 3053 recte
2635 2998 2946 3062 videamus,
2993 2998 3088 3052 sed
3125 3013 3193 3052 ne
3223 2997 3612 3067 pulchcrlimis

2025 3090 2766 3162 privemnrnarrationibus.
2817 3090 3050 3152 Quidam
3099 3089 3358 3160 discipuli
3417 3089 3487 3144 ab
3543 3106 3610 3142 eo

3221 3193 3373 3239 retro
3451 3185 3575 3237 navi
3595 3211 3607 3222 -

2018 3289 2149 3344 gare
2180 3281 2518 3328 statuerunt.
2550 3271 2688 3328 Cum
2720 3281 2930 3339 autem,
2985 3274 3076 3327 ubi
3113 3283 3256 3327 terra
3291 3273 3607 3336 solvissent,

2018 3373 2181 3419 nocte
2244 3372 2358 3418 tota
2409 3363 2613 3418 fretum
2671 3373 2974 3428 sccassent,
3025 3363 3224 3418 defessi
3290 3362 3605 3432 priusquam

2019 3473 2170 3511 mare
2200 3457 2662 3517 transmisissent,
2689 3456 2976 3526 appellunt
3013 3455 3068 3509 in
3103 3456 3396 3526 quemdam
3422 3454 3605 3508 locum

2021 3551 2181 3605 valde
2204 3567 2484 3620 asperum,
2525 3563 2581 3604 et
2603 3550 2656 3604 in
2691 3566 2800 3619 quo
2831 3550 3068 3604 navibus
3113 3548 3306 3602 nullus
3336 3554 3450 3602 erat
3478 3562 3608 3616 por-

2023 3653 2132 3708 tns,
2168 3659 2278 3698 nec
2310 3643 2414 3698 lida
2445 3643 2610 3698 statio
2637 3661 2650 3695 :
2679 3658 2916 3712 cumque
2972 3651 3172 3697 ventus
3218 3641 3482 3711 spirasset
3510 3655 3605 3693 ve-

2023 3735 2365 3802 hementius,
2421 3734 2538 3790 ﬁeri
2573 3750 2682 3788 non
2721 3743 2938 3804 poterat
2975 3743 3035 3788 ut
3086 3733 3455 3787 salviessent.
3508 3732 3608 3783 At-

2024 3844 2131 3898 que
2189 3829 2313 3882 illos
2369 3827 2593 3897 quidem
2629 3841 2865 3880 somnus
2909 3824 3208 3894 opprimit;
3276 3821 3366 3876 ille
3423 3827 3605 3874 autem

2022 3931 2249 3991 apparet
2278 3920 2370 3974 uni
2422 3934 2616 3975 eorum
2674 3917 3000 3972 dormienti.
3065 3916 3228 3969 Paret
3280 3914 3327 3968 is
3382 3909 3608 3976 visioni,

2027 4023 2221 4083 parent
2264 4014 2430 4067 etiam
2469 4009 2710 4080 reliqui:
2741 4009 2964 4064 solvunt
3017 4023 3234 4071 navem,
3278 4022 3308 4059 a
3348 4005 3468 4058 loco
3513 4005 3607 4057 illo

2027 4105 2311 4168 recedunt,
2331 4104 2384 4158 in
2413 4103 2614 4159 ostium
2643 4101 2805 4157 Ponti
2831 4101 3091 4169 navigant
3127 4118 3138 4152 :
3173 4107 3375 4152 etcum
3412 4097 3466 4150 in
3491 4104 3608 4150 tuto

2025 4206 2233 4264 essent,
2263 4197 2438 4265 caligo
2479 4201 2717 4263 occupat
2761 4207 2965 4255 aerem,
3018 4199 3072 4245 et
3101 4189 3336 4260 procella
3377 4197 3607 4257 pontum

2028 4291 2217 4362 furore
2250 4291 2444 4360 agitat,
2497 4297 2554 4342 et
2597 4287 2673 4340 ita
2723 4287 3017 4354 insurgunt
3062 4283 3280 4346 ﬂuctus,
3350 4291 3404 4336 et
3457 4297 3609 4335 mare

2023 4378 2408 4441 conturbatur,
2448 4384 2502 4430 et
2526 4389 2694 4429 naves
2749 4373 3087 4436 obruuntur,
3140 4379 3198 4424 ut
3242 4386 3336 4426 aer
3383 4369 3605 4440 quidem

2033 4469 2270 4528 ﬂetibus,
2294 4483 2440 4520 mare
2463 4476 2649 4520 autem
2672 4474 2819 4520 esset
2847 4462 3129 4532 impletum
3155 4461 3478 4532 naufragiis.
3499 4459 3609 4514 Alii

344 4569 510 4637 ἀέρα,
541 4564 820 4631 ναυαγίων
848 4563 904 4614 δὲ
943 4561 1042 4630 τὴν
1074 4561 1350 4613 θάλασσαν
1373 4557 1753 4628 πληρωθῆναι.
1789 4556 1920 4610 ’Λλ-

2031 4563 2166 4616 alias
2203 4560 2560 4614 mittebantur
2609 4559 2678 4611 ad
2726 4557 3022 4620 orientem,
3075 4564 3128 4610 et
3152 4553 3395 4608 Marcelli
3436 4552 3609 4624 adiuti

343 4660 469 4712 λοτε
495 4658 645 4712 ἄλλοι
666 4656 764 4726 τὴν
790 4655 925 4725 πρὸς
954 4654 1072 4706 Ἕω
1101 4653 1266 4706 πάλιν
1309 4651 1648 4714 ἐστέλλοντο,
1703 4651 1799 4703 καὶ
1827 4651 1928 4718 τῆς

347 4753 516 4822 εὐχῆς
540 4751 862 4820 Μαρκέλλου
891 4748 1144 4817 τυχόντες
1171 4746 1293 4798 τότε
1325 4745 1424 4814 μὲν
1447 4744 1744 4806 ἀπέπλεον,
1768 4743 1928 4808 δόξαν

345 4847 407 4900 δὲ
427 4845 615 4905 αὐτοῖς
642 4841 1010 4910 ύποστρέσειν
1037 4839 1135 4907 τῆς
1168 4839 1369 4909 χέρσου
1392 4837 1622 4908 εἴχοντο.
1654 4836 1764 4888 Καὶ
1803 4836 1930 4897 τοὺς

353 4936 458 5006 μὲν
510 4935 707 4995 ἄλλους
750 4931 1002 5000 Ἀγκύρα
1045 4930 1199 4992 πόλις
1230 4931 1402 4995 ὑγιεῖς
1433 4930 1668 4998 ἐδέχετο,
1715 4927 1931 4980 Παῦλον

349 5027 408 5080 δὲ
433 5025 642 5079 τούτων
668 5024 765 5077 ἕνα
806 5024 960 5084 νόσος
986 5022 1170 5084 ἐπίεζε
1199 5022 1436 5090 χαλεπή.
1473 5021 1598 5082 Τοῖς
1634 5019 1690 5072 δὲ
1726 5019 1934 5071 συνοδί-

351 5135 476 5178 ταις
502 5117 565 5170 τὸ
598 5116 699 5186 μὲν
740 5114 834 5167 τὸν
888 5113 1150 5166 νοσοῦντα
1191 5113 1368 5166 λιπεῖν
1416 5112 1634 5165 ἀνόσιον
1681 5107 1852 5183 ἦν,τὸ
1877 5111 1933 5163 δὲ

356 5212 478 5283 μεθ’
512 5210 724 5264 ἑαυτῶν
759 5208 916 5277 ἄγειν
944 5208 1231 5272 ἀδύνατον,
1262 5207 1323 5259 τὸ
1356 5205 1414 5258 δὲ
1450 5205 1740 5266 κάκείνους
1771 5205 1932 5257 πάλιν

354 5303 812 5374 συμπαραμένειν
868 5299 1072 5370 κομιδῆ
1108 5298 1389 5367 δυσχερές.
1460 5298 1518 5350 '0
1562 5298 1619 5351 δὲ
1679 5298 1822 5365 μέγα
1875 5316 1933 5350 τε

350 5397 599 5465 οἰμώξας
641 5396 736 5449 καὶ
777 5393 1124 5463 σχετλιάσας,
1169 5392 1281 5446 Ποῦ
1323 5407 1440 5456 σου,
1498 5389 1628 5459 ἔφη,
1679 5385 1723 5444 ὦ
1754 5392 1934 5462 Πάτερ

352 5490 642 5560 Μάρκελλε
674 5491 707 5559 ἠ
729 5488 862 5558 εὐχή
885 5505 901 5554 ;
927 5487 999 5540 Σὺ
1029 5487 1130 5555 μὲν
1154 5486 1262 5557 γὰρ
1291 5486 1392 5555 ἐμὲ
1416 5484 1493 5555 τῷ
1525 5485 1644 5554 Θεῴ
1667 5486 1934 5554 παρέθου,

352 5583 466 5650 ἐγὼ
495 5583 552 5636 δὲ
584 5582 686 5652 ἤδη
722 5580 1060 5661 ἀπόλλυμαι.
1097 5581 1206 5632 Καὶ
1262 5579 1324 5632 ού
1384 5577 1541 5631 τοῦτό
1597 5595 1689 5648 μοι
1733 5578 1931 5643 δεινὸν,

355 5675 474 5729 ἀλλ’
508 5676 592 5729 ὅτι
619 5675 721 5744 τῆς
747 5675 848 5741 σῆς
871 5672 1108 5742 ποίμνης
1139 5670 1296 5733 ἐκτὸς
1331 5672 1427 5724 καὶ
1449 5671 1636 5741 πόρρω
1658 5669 1767 5722 τῶν
1784 5670 1809 5722 ὲ
1819 5669 1934 5740 μῶν

355 5768 624 5836 ἀδελφῶν.
653 5767 837 5820 Ταῦτα
863 5769 892 5820 ὁ
921 5767 1018 5836 μὲν
1051 5760 1207 5818 εἶπεν
1231 5766 1288 5817 ὲν
1327 5762 1573 5834 Ἀγκύρῃ
1609 5765 1707 5816 σὺν
1736 5763 1930 5832 δάκρυ·

359 5879 466 5916 σιν.
508 5863 566 5916 Ὀ
592 5859 645 5914 δὲ
678 5861 752 5915 ὢν
778 5861 835 5916 ὲν
860 5862 926 5932 τῇ
963 5861 1100 5932 μονῇ
1123 5858 1350 5929 ἤκουσε,
1376 5859 1466 5911 καὶ
1501 5855 1695 5911 αὐτίκα
1721 5854 1935 5920 Παῦλος

2034 4655 2311 4724 precibus,
2337 4661 2469 4706 tunc
2498 4651 2723 4721 quidem
2765 4649 3134 4718 navigarunt;
3185 4663 3310 4701 cum
3361 4661 3495 4700 vero
3529 4645 3610 4698 vi-

2033 4761 2154 4800 sum
2193 4745 2276 4800 eis
2317 4752 2470 4798 esset
2528 4741 2751 4805 reverti,
2809 4740 2864 4794 in
2905 4750 3104 4793 terram
3162 4737 3508 4807 appulerunt.
3547 4735 3612 4788 Et

2033 4839 2171 4891 alios
2195 4837 2417 4906 quidem
2452 4850 2617 4888 sanos
2636 4833 2855 4901 accepit
2886 4831 3082 4885 civitas
3109 4832 3340 4899 Ancyra.
3379 4827 3609 4882 Paulum

2033 4939 2215 4984 autem
2247 4943 2416 4982 unum
2455 4942 2524 4980 ex
2556 4925 2642 4980 bis
2682 4924 2864 4994 gravis
2926 4922 3152 4976 morbus
3179 4920 3396 4974 invasit.
3421 4917 3609 4973 Comi-

2039 5021 2188 5074 tibua
2224 5025 2410 5072 autem
2443 5016 2596 5069 illum
2640 5013 2861 5083 quidem
2908 5020 3263 5082 aegrotantem
3300 5007 3610 5074 relinquere

2035 5121 2154 5165 erat
2190 5110 2454 5178 impium;
2494 5119 2552 5162 ut
2585 5123 2713 5162 eum
2747 5121 2877 5159 vero
2931 5120 3118 5159 secum
3166 5103 3450 5164 ducerent,
3493 5099 3608 5154 ﬁeri

2040 5220 2151 5257 non
2191 5211 2442 5272 poterat;
2511 5207 2570 5252 ut
2610 5199 2686 5252 illi
2724 5209 2905 5251 autem
2940 5211 3129 5250 rursus
3177 5209 3298 5248 cum
3332 5207 3400 5247 eo
3435 5206 3611 5246 rema-

2041 5305 2253 5361 nerent,
2289 5304 2407 5350 erat
2431 5293 2588 5346 valde
2628 5290 2868 5345 diﬁicilc.
2921 5290 3009 5343 llle
3045 5287 3199 5340 vaidc
3230 5287 3516 5354 su5pirans
3558 5293 3613 5339 et

2036 5389 2251 5457 cjulans
2289 5405 2302 5438 :
2342 5383 2450 5438 Ubi
2493 5391 2645 5448 sunt,
2694 5381 2892 5449 inquit,
2938 5395 2971 5433 ο
3000 5380 3160 5434 Pater
3198 5377 3474 5438 Marcelle,
3508 5386 3613 5430 tua:

2041 5479 2269 5550 preces?
2319 5477 2455 5532 Nam
2513 5485 2567 5528 tu
2616 5473 2838 5543 quidem
2888 5489 2972 5526 me
3037 5472 3148 5525 Deo
3189 5468 3611 5531 conuucndasti,

2037 5589 2138 5640 ego
2184 5579 2366 5623 autem
2413 5568 2522 5637 jam
2571 5581 2755 5636 pereo.
2815 5567 3003 5635 Neque
3057 5565 3161 5618 hoc
3206 5563 3428 5631 quidem
3478 5562 3612 5616 mihi

2038 5680 2225 5736 grave,
2255 5663 2348 5717 sed
2391 5661 2537 5731 quod
2567 5670 2720 5716 extra
2793 5669 2946 5714 tuum
2975 5675 3220 5729 gregem,
3277 5667 3330 5710 et
3366 5654 3553 5726 procul
3584 5672 3615 5708 ιι

2042 5759 2178 5813 meis
2204 5757 2488 5812 iratribns.
2537 5755 2663 5811 “an:
2695 5755 2786 5810 illc
2809 5753 3031 5826 quidem
3070 5751 3204 5806 dicit
3238 5750 3462 5822 Ancyrae
3491 5763 3616 5802 cum

2041 5852 2294 5924 lacrymis
2325 5868 2338 5919 ;
2371 5851 2460 5907 ille
2488 5867 2616 5906 vero
2644 5865 2766 5906 cum
2790 5859 2935 5905 esset
2985 5846 3038 5902 in
3072 5844 3424 5913 monasterio,
3459 5842 3616 5899 audi.
