4120 6378
466 395 565 458 731

1689 395 1973 456 MENSIS
2016 393 2452 458 DECEMBER.

3619 394 3732 460 732

465 519 567 579 vit.
592 525 650 572 et
675 517 857 570 statim
924 516 1127 570 Paulus
1168 515 1394 584 quidem
1455 513 1756 570 convaluit.
1819 512 2046 582 Magnus

2153 517 2255 588 μὲν
2287 519 2417 587 ῥᾷον
2439 517 2667 584 ἐγίνετο.
2717 514 2777 567 ’0
2808 514 2984 584 μέγας
3011 512 3068 566 δὲ
3093 511 3185 565 τὸν
3220 511 3546 581 ὖπογραφέα
3584 511 3727 564 Και-

469 619 650 662 autem
685 606 975 661 Marcellus
1011 608 1281 661 accersito
1332 605 1591 667 Caesarie,
1631 605 1795 675 jussit
1849 603 2043 656 horam

469 698 673 768 signari
707 714 720 750 :
755 698 928 760 Unus,
960 679 1170 758 dicens.
1197 715 1264 752 ex
1296 698 1586 759 fratribus,
1613 697 1706 765 qui
1739 703 1822 750 est
1853 695 2044 763 procul

467 805 496 841 a
532 788 712 850 nobis,
753 795 808 841 et
853 797 934 842 est
970 788 1121 856 gravi
1163 787 1357 841 morbo
1394 800 1712 856 oppressus,
1765 785 1962 838 asserit
1989 797 2045 837 se

471 880 607 933 nihil
641 879 920 947 accepisse
973 878 1230 932 utilitatis
1251 893 1316 931 ex
1341 891 1460 930 mea
1497 877 1562 928 ad
1588 875 1880 928 Dominum
1897 888 2048 927 com-

469 969 846 1022 mendatione.
899 967 1005 1021 Sed
1041 982 1208 1036 prope
1239 975 1326 1020 est
1356 966 1620 1017 Dominus
1640 963 1918 1027 omnibus,
1949 962 2042 1030 qui

469 1063 724 1114 invocant
777 1074 900 1112 eum
959 1060 1011 1112 in
1064 1061 1318 1124 veritate,
1371 1067 1428 1113 et
1475 1071 1667 1110 eorum
1728 1056 1824 1124 qui
1861 1056 2042 1124 ipsum

467 1152 688 1214 timent,
717 1151 882 1204 faciet
913 1151 1279 1214 voluntatem,
1335 1159 1390 1202 et
1419 1163 1611 1202 eorum
1649 1160 1839 1214 preces
1877 1159 2046 1198 exau-

471 1242 604 1301 diet.
631 1251 686 1296 et
713 1242 794 1296 eis
829 1240 984 1295 dabit
1009 1244 1261 1296 salutem.
1311 1238 1439 1293 Haec
1481 1239 1527 1292 is
1567 1237 1788 1307 quidem
1839 1236 2047 1291 descri—

471 1333 615 1404 psit;
640 1333 731 1388 ille
765 1348 894 1388 vero
927 1333 1227 1395 convaluit,
1269 1342 1325 1386 et
1365 1345 1624 1386 reversus
1663 1338 1771 1384 est.
1816 1330 2046 1383 Ostensa

471 1439 554 1483 est
583 1438 765 1483 autem
799 1433 1096 1498 scriptura,
1131 1438 1186 1482 et
1214 1429 1407 1482 eadem
1474 1428 1607 1481 hora
1647 1427 1932 1480 inventum
1963 1432 2048 1478 est

473 1522 701 1575 Paulum
727 1522 1068 1576 convaluisse
1095 1521 1343 1592 Ancyrae,
1373 1529 1430 1576 et
1459 1519 1758 1575 Casarium
1787 1519 2048 1587 scripsis-

474 1611 608 1664 sein
630 1614 986 1665 monasterio.

545 1703 736 1758 XXVI.
769 1706 911 1758 Deus
949 1703 1247 1772 aliquando
1273 1714 1474 1758 terram
1503 1704 1737 1757 vexabat
1771 1703 1936 1768 fame,
1963 1716 2050 1756 ea-

473 1812 579 1865 que
611 1796 770 1859 fame,
797 1812 902 1865 qua
925 1797 1109 1850 nescio
1132 1811 1198 1850 an
1228 1797 1341 1850 ulla
1392 1809 1632 1864 unquam
1684 1795 1852 1848 fuerit
1895 1794 2045 1848 dete-

474 1890 608 1944 rior.
638 1889 954 1943 Munasterii
984 1897 1165 1942 autem
1199 1889 1385 1942 horrei
1436 1887 1725 1958 praefectus
1783 1887 2048 1953 Malchus,

473 1983 566 2050 qui
594 1981 934 2034 frumentum
970 1981 1362 2051 suppeditabat
1397 1980 1720 2050 pistoribus,
1767 1989 2046 2048 postquam

476 2073 795 2126 universum
852 2073 966 2126 fere
1051 2081 1440 2141 consumptum
1492 2071 1668 2125 fuerat
1726 2068 2052 2138 (sufﬁciebat

471 2164 616 2218 enim
647 2179 718 2218 ne
741 2163 807 2216 ad
852 2170 995 2216 totos
1031 2163 1255 2232 quidem
1305 2162 1497 2216 decem
1537 2160 1676 2225 dies,
1725 2171 1781 2216 et
1821 2174 2049 2214 necesse

471 2264 590 2310 erat
626 2256 768 2309 fame
799 2257 981 2324 perire
1012 2255 1359 2323 monachos),
1387 2253 1604 2308 accedit
1625 2253 1692 2306 ad
1724 2253 2050 2322 praeclarum

471 2347 816 2410 Marcellum,
863 2357 914 2401 et
951 2348 1001 2401 ei
1027 2347 1307 2401 renuntiat
1357 2347 1702 2401 frumentum
1749 2361 1871 2399 esse
1915 2361 2048 2400 con-

473 2447 782 2508 sumptum.
809 2438 850 2490 A
877 2452 988 2507 quo
1018 2439 1252 2502 audivit,
1289 2449 1349 2492 ut
1376 2438 1581 2493 faceret
1608 2453 1727 2506 qua:
1757 2453 2054 2493 consueveo

472 2541 578 2596 rat,
620 2539 675 2586 et
709 2532 812 2586 hoc
827 2532 1065 2586 einulla'e
1092 2545 1214 2585 esse
1245 2545 1411 2586 curae.
1448 2529 1544 2584 Ille
1587 2529 1888 2585 arbitratus
1922 2546 2050 2584 eum

471 2637 696 2694 sperare
723 2623 980 2678 alicunde
1011 2622 1330 2678 solvendam
1363 2637 1485 2676 esse
1522 2622 1785 2691 inopiam,
1841 2624 2051 2692 absque

473 2714 584 2768 ulla
622 2713 996 2768 sollicitudine
1054 2712 1430 2782 suppeditavit
1462 2714 1605 2768 sicut
1667 2724 2051 2768 consueverat.

472 2803 732 2873 Quinque
755 2803 1026 2874 deinceps
1063 2804 1183 2860 dies
1213 2804 1604 2874 praeterierunt
1633 2821 1647 2857 :
1671 2815 1729 2859 et
1754 2820 1881 2858 cum
1909 2805 2052 2860 nihil

471 2898 748 2954 evenisset
777 2911 972 2953 eorum
996 2913 1118 2968 quae
1152 2898 1430 2966 sperabat,
1459 2912 1654 2952 rursus
1695 2897 1851 2963 dicit,
1909 2908 1964 2952 et
2001 2900 2052 2954 ei

471 3003 693 3043 causam
719 2997 943 3044 revocat
985 2988 1037 3042 in
1068 2989 1411 3043 memoriam.
1459 2988 1627 3042 Audit
1669 3003 1801 3043 vero
1834 2988 2049 3043 eadem.

470 3080 763 3150 Postquam
797 3087 978 3134 autem
1000 3078 1066 3132 ad
1100 3079 1238 3132 alios
1267 3092 1488 3147 quoque
1517 3077 1657 3132 duos
1684 3079 2048 3147 consumpsit,

2152 611 2344 678 σάριον
2388 607 2902 678 μετακαλεσάμενος
2952 601 3402 673 ἐπισημήνασθαι
3431 601 3530 668 τὴν
3573 599 3722 670 ὥραν

2148 703 2424 764 ἐκέλευεν,
2454 694 2568 760 Εἷς,
2607 697 2806 765 λέγων,
2835 697 2944 747 τῶν
2970 692 3218 760 ἀδελφῶν
3248 692 3409 762 ἡμῶν
3436 690 3723 761 πόρρωθεν

2147 793 2272 855 ἄρτι
2331 789 2503 842 τελῶν
2538 789 2631 840 καὶ
2666 787 2804 855 νόσῳ
2837 783 3034 854 βαρείᾳ.
3089 782 3423 849 κατάσχετος
3457 778 3719 848 γεγονὼς,

2147 883 2303 936 οὐδὲν
2338 884 2402 935 ἐκ
2426 882 2523 951 τῆς
2553 879 2712 949 ἡμῶν
2742 877 3016 945 ὡφελείας
3047 875 3185 943 πρὸς
3233 871 3444 943 Κύριον
3483 869 3724 941 παραθέ-

2149 993 2290 1037 σεως
2340 974 2709 1026 διατείνεται·
2767 969 2881 1023 ἀλλ’
2946 968 3112 1035 ἐγγὺς
3164 966 3366 1035 Κύριος
3417 966 3555 1017 πᾶσι
3608 966 3724 1027 τοῖς

2148 1065 2603 1133 ἐπικαλουμένοις
2654 1061 2814 1116 αὑτὸν
2844 1061 2902 1112 ἐν
2951 1057 3198 1128 ἀληθείᾳ,
3233 1059 3326 1109 καὶ
3377 1055 3591 1125 θέλημα
3613 1055 3723 1108 τῶν

2148 1159 2502 1229 φοϐουμένων
2535 1156 2700 1210 αὐτὸν
2727 1158 2964 1223 ποιήσει,
3005 1153 3101 1205 καὶ
3135 1152 3236 1220 τῆς
3263 1150 3504 1219 δεήσεως
3542 1147 3724 1200 αὐτῶν

2146 1251 2533 1305 είσακούσεται
2595 1251 2691 1302 καὶ
2747 1245 2917 1300 σώσει
2991 1243 3218 1306 αὐτούς,
3302 1241 3492 1294 Ταῦτα
3541 1242 3570 1291 6
3623 1239 3722 1308 μὲν

2147 1345 2526 1413 ἀπεγράφετο,
2547 1344 2574 1396 6
2595 1342 2651 1395 δέ
2673 1342 2902 1411 ἔρρωτο,
2928 1337 3026 1391 καὶ
3046 1336 3340 1405 ἐπανῆκεν.
3373 1333 3437 1386 Ἥ
3452 1333 3508 1386 δὲ
3536 1331 3724 1402 γραφὴ

2147 1439 2446 1504 ἐδείκνυτο,
2471 1438 2566 1490 καὶ
2591 1435 2714 1488 κατ’
2745 1433 2917 1502 αὐτὴν
2957 1428 3158 1501 εὑρέθη
3186 1427 3289 1498 τὴν
3323 1427 3474 1497 ὤραν
3514 1424 3725 1485 Παῦλος

2151 1533 2377 1599 ὑγιάνας
2413 1532 2471 1581 ἐν
2507 1528 2778 1597 Ἀγκύρᾳ,
2831 1526 2928 1579 καὶ
2964 1523 3264 1592 Καισᾶριος
3315 1519 3530 1590 γράψας
3561 1520 3620 1572 ἐν
3653 1520 3721 1586 τῇ

2149 1641 2310 1694 μονῇ.

2223 1712 2366 1781 KC’.
2415 1711 2650 1766 Ἐκάκου
2681 1713 2816 1764 ποτὲ
2846 1709 2946 1779 τὴν
2976 1698 3079 1779 γῆν
3122 1709 3150 1759 6
3176 1707 3309 1770 Θεὸς
3361 1704 3526 1775 λιμῷ,
3581 1699 3726 1770 λιμῷ

2151 1810 2253 1862 οὐκ
2281 1806 2399 1863 οἴδα
2427 1810 2479 1861 εί
2514 1824 2647 1860 ποτε
2673 1807 2868 1860 τούτου
2889 1806 3119 1876 χείρονι.
3160 1803 3221 1856 Ὀ
3242 1803 3298 1855 δέ
3328 1819 3392 1870 γε
3426 1801 3525 1869 τῆς
3559 1797 3725 1868 μονῆς

2153 1919 2219 1954 τα
2230 1899 2485 1970 μειοῦχος
2511 1897 2604 1951 τοῦ
2634 1897 2786 1948 σίτου
2811 1895 3034 1964 Μάλχος
3063 1893 3178 1955 τοῖς
3198 1890 3513 1961 ἀρτοποιοῖς
3541 1903 3598 1936 τε
3624 1885 3725 1936 αύ-

2151 1994 2260 2048 τῶν
2333 1988 2772 2059 καταχορηγῶν,
2830 1987 2954 2039 ἐπεὶ
3011 1985 3283 2046 ἀνάλωτος
3339 1980 3524 2052 σχεδὸν
3580 1977 3725 2037 ἅπας

2154 2087 2426 2155 (ἐπήρκει
2459 2085 2567 2151 γὰρ
2602 2081 2663 2134 ού
2695 2080 2828 2133 δέκα
2857 2080 2984 2140 ὅλας
3026 2075 3259 2146 ἡμέρας,
3297 2075 3388 2127 καὶ
3415 2068 3484 2143 ἦν
3510 2070 3724 2136 ἀνάγκη

2154 2180 2304 2230 πᾶσα
2333 2173 2623 2244 λιμώττειν
2642 2174 2772 2235 τοὺς
2800 2171 3069 2239 μοναχοὺς
3088 2169 3129 2238 ).
3156 2166 3385 2236 προσῄει
3415 2179 3473 2215 τε
3501 2161 3578 2228 τῷ
3602 2177 3724 2226 γεν-

2152 2270 2288 2337 ναίῳ
2338 2269 2436 2320 καὶ
2471 2266 2530 2318 τὸ
2564 2262 2882 2331 ἀνηλῶσθαι
2937 2259 3088 2328 αύτῷ
3119 2259 3212 2311 τὸν
3265 2259 3412 2308 σῖτον
3442 2251 3723 2321 ἀγγέλλει.

2157 2361 2361 2412 Ἥκουε
2377 2358 2432 2410 δὲ
2461 2356 2723 2426 πράττειν
2753 2353 2820 2405 τὰ
2848 2351 3077 2403 εἰωθότα
3105 2350 3198 2402 καὶ
3225 2347 3398 2418 μηδὲν
3420 2345 3570 2413 αύτῷ
3594 2341 3726 2409 περὶ

2151 2452 2342 2506 τούτου
2379 2449 2616 2520 μέλλειν.
2681 2445 2741 2498 ’0
2766 2445 2823 2498 δὲ
2865 2445 3096 2512 νομίσας
3125 2440 3352 2496 ἄλλοθεν
3382 2437 3532 2505 αὐτῷ
3557 2437 3724 2486 ποθεν

2153 2544 2397 2608 ἐλπίζειν
2431 2540 2529 2611 τὴν
2563 2538 2797 2609 ἀπορίαν
2825 2533 3179 2602 λυθήσεσθαι,
3215 2531 3499 2599 ἄφροντις,
3537 2526 3722 2596 ὥσπερ

2151 2635 2363 2698 εἴωθεν,
2397 2633 2671 2703 ἐχορήγει.
2709 2629 2877 2681 Πέντε
2904 2625 3033 2692 ἑξῆς
3063 2621 3347 2692 παρῆλθον
3377 2619 3603 2690 ἡμέραι,
3630 2618 3726 2670 καὶ

2156 2729 2324 2799 μηδὲν
2354 2720 2428 2780 ὧν
2459 2725 2689 2794 ἠλπισεν
2743 2719 3093 2786 ἀπαντῆσαν,
3151 2714 3352 2784 φράζει
3399 2711 3585 2772 πάλιν,
3629 2709 3728 2761 καὶ

2154 2823 2284 2890 περὶ
2309 2820 2408 2889 τῆς
2435 2817 2616 2878 αἰτίας
2661 2811 3094 2882 ἀναμιμνήσκει.
3129 2807 3342 2860 Ἀκούει
3371 2805 3424 2858 δὲ
3451 2803 3522 2856 τὰ
3561 2801 3720 2855 αὑτά.

2163 2916 2253 2976 Ὠς
2281 2914 2336 2967 δὲ
2363 2913 2457 2966 καὶ
2486 2911 2578 2963 ἐπὶ
2619 2907 2786 2968 ἄλλας
2823 2905 3038 2975 ἡμέρας
3066 2901 3160 2954 δύο
3206 2897 3513 2966 ἐξεδαπάνα
3542 2895 3635 2948 καὶ
3661 2893 3723 2946 τὸ

2158 3005 2321 3076 μηδὲν
2347 3003 2428 3056 ἐτι
2485 2999 2762 3069 ληφθῆναι
2790 2997 2852 3050 οὺ
2881 2995 3073 3066 πόρρω
3106 3009 3208 3045 που
3262 2985 3402 3044 εἶναι
3431 2988 3662 3057 ἑωρᾶτο,
3693 2984 3724 3036 6

2156 3099 2256 3170 μὲν
2287 3096 2449 3150 πάλιν
2478 3089 2888 3159 τεταραγμένος
2923 3085 3206 3156 πρόσεισιν
3228 3097 3242 3112 ⁶
3272 3083 3300 3135 6
3322 3081 3380 3134 δὲ
3404 3077 3631 3170 ἐπιστὰς
3653 3077 3721 3144 τῇ

467 3180 526 3226 et
558 3186 670 3224 non
712 3169 945 3224 multum
985 3169 1182 3223 abesse
1221 3168 1530 3230 videretur,
1559 3166 1696 3236 quin
1748 3177 1894 3222 esset
1926 3167 2047 3220 uni-

2154 3166 2437 3259 σιτοθήκῃ,
2499 3185 2706 3238 ὠδίνων
2739 3180 2910 3251 αὐτὴν
2955 3177 3156 3239 εὐθέως
3184 3174 3387 3244 πληροῖ
3433 3172 3528 3225 καὶ
3562 3168 3722 3262 τύκου

469 3278 694 3318 versum
742 3272 1155 3331 consumptum,
1202 3261 1294 3314 ille
1328 3260 1552 3330 quidem
1597 3275 1793 3315 rursus
1833 3261 2048 3316 accedit

473 3353 862 3410 conturbatus.
920 3352 1210 3408 Marcellus
1252 3366 1387 3407 vero
1434 3351 1617 3406 statim
1665 3352 1936 3407 accedens
1978 3353 2047 3406 ad

473 3449 762 3512 horreum,
794 3447 1109 3516 parturiens
1163 3444 1216 3498 id
1263 3445 1449 3499 statim
1507 3443 1717 3514 implet,
1754 3453 1812 3498 et
1855 3445 2050 3514 incipit

470 3554 668 3610 parere
711 3555 725 3590 :
749 3547 806 3592 et
843 3537 989 3606 quod
1016 3546 1102 3590 est
1117 3535 1466 3600 admirabile,
1491 3547 1548 3589 et
1575 3549 1796 3590 onmem
1825 3549 2050 3606 superat

472 3629 764 3689 rationem,
793 3627 1034 3696 quandiu
1065 3626 1252 3681 dictus
1269 3624 1494 3695 quidem
1520 3625 1764 3680 Malchus
1787 3627 2050 3680 metieba-

439 3733 563 3791 ntur
615 3720 948 3775 frumentum
985 3719 1274 3774 videbatur
1302 3717 1560 3785 diminui,
1593 3727 1647 3772 et
1678 3718 1872 3772 minari
1900 3718 2053 3773 Iutu-

473 3829 589 3869 ram
620 3829 745 3867 mox
773 3821 1094 3882 egestatem.
1127 3811 1266 3867 Cum
1321 3819 1504 3865 autem
1551 3810 1822 3880 postridie
1848 3813 2050 3883 ingre-

476 3908 722 3968 deretur,
750 3907 942 3960 eadem
979 3903 1302 3974 magnitudo
1355 3914 1477 3959 erat
1518 3913 1574 3959 et
1603 3903 1747 3959 idem
1773 3905 2049 3974 cumulus,

474 4008 529 4055 et
555 3999 848 4069 apparebat
874 3997 1125 4069 perinde,
1166 4013 1231 4052 ac
1284 3998 1331 4052 si
1362 4013 1433 4052 ne
1465 4012 1659 4068 parum
1720 3998 1854 4068 quid
1905 4010 2051 4056 esset

467 4094 717 4148 ablatum
743 4093 943 4164 pridie.
975 4092 1131 4159 Quod
1157 4107 1289 4146 vero
1321 4091 1438 4145 haec
1463 4107 1570 4145 non
1597 4093 2052 4163 essentdeceptio

475 4187 789 4246 oculorum,
827 4185 988 4239 fidem
1030 4183 1160 4238 facit
1195 4191 1432 4252 tempus.
1477 4182 1690 4238 Tandiu
1740 4186 1886 4239 enim
1939 4185 2054 4240 fru-

474 4278 646 4332 menti
678 4278 782 4331 fuit
805 4277 908 4330 hoc
935 4277 1262 4331 admirabile
1312 4285 1669 4345 augmentum
1701 4289 1758 4332 et
1781 4280 2050 4348 acceptio,

474 4369 722 4440 quandiu
758 4369 957 4423 mansit
981 4369 1164 4438 gravis
1189 4369 1277 4423 illa
1301 4379 1358 4425 et
1383 4370 1595 4425 infinita
1620 4369 1811 4426 fames.
1833 4370 1938 4426 Sed
1967 4371 2054 4427 his

473 4460 697 4532 quidem
729 4461 1062 4523 ostenditur,
1109 4473 1359 4518 sanctum
1401 4475 1457 4519 et
1485 4464 1748 4520 nutriisse
1777 4465 1959 4533 vivos,
1995 4477 2052 4523 et

2150 3283 2372 3350 ἦρχετο·
2405 3278 2501 3331 καὶ
2532 3275 2594 3328 τὸ
2625 3274 2682 3326 δὲ
2713 3270 3030 3342 θαυμαστὸν
3052 3269 3148 3322 καὶ
3169 3266 3331 3334 λόγου
3354 3261 3553 3324 παντὸς
3582 3259 3725 3329 ὑψη-

2150 3372 2392 3440 λότερον,
2427 3369 2531 3429 ἓως
2565 3365 2668 3436 μὲν
2689 3368 2716 3419 ὁ
2743 3362 3004 3432 δηλωθεὶς
3047 3360 3264 3429 Μάλχος
3289 3357 3539 3425 ἐμέτρει,
3569 3353 3727 3407 ἐλατ-

2149 3462 2412 3531 τούμενόν
2451 3475 2510 3512 τε
2554 3458 2648 3511 τὸν
2705 3459 2850 3510 σῖτον
2897 3453 3044 3524 ἐώρα
3099 3452 3197 3505 καὶ
3245 3446 3572 3503 ἀπειλοῦντα
3596 3444 3714 3497 ὅσοι

2150 3551 2305 3607 οὔπω
2336 3551 2436 3621 τὴν
2490 3549 2720 3612 ἔνδειαν,
2749 3545 2872 3599 ἐπεὶ
2910 3544 2968 3596 δὲ
3012 3543 3112 3612 τῆς
3139 3539 3430 3610 ὑστεραίας
3462 3535 3650 3595 εἰσίοι,
3692 3535 3723 3586 6

2152 3644 2314 3706 αὐτὸς
2345 3640 2411 3713 ἦν
2437 3640 2601 3709 δγκος
2628 3655 2687 3691 τε
2707 3637 2804 3691 καὶ
2839 3634 3014 3706 σωρὸς
3042 3634 3136 3688 καὶ
3166 3632 3356 3700 ὥσπερ
3380 3629 3502 3682 οὐδὲ
3529 3625 3724 3698 μικῴν

2152 3735 2279 3807 χθὲς
2309 3731 2694 3803 ὑφαιρεθέντος
2730 3727 3024 3782 ἐδείκνυτο.
3085 3721 3275 3777 Ταῦτα
3296 3721 3372 3784 ὡς
3405 3722 3504 3772 οὐκ
3525 3717 3725 3786 ὀφθαλ-

2157 3827 2274 3898 μῶν
2317 3821 2385 3896 ἦν
2439 3823 2614 3886 ἄλλως
2647 3822 2860 3891 ἀπάτη,
2900 3818 3083 3881 πίστις
3106 3817 3134 3870 6
3167 3815 3383 3887 χρόνος.
3409 3813 3586 3882 Μέχρι
3617 3809 3725 3877 γὰρ

2152 3919 2409 3974 τοσούτου
2461 3916 2540 3988 τῷ
2574 3916 2706 3985 σίτῳ
2738 3916 2770 3985 ἠ
2807 3913 3047 3984 ἀρρητος
3097 3909 3238 3979 αὕτη
3270 3905 3514 3969 ἐπίδοσίς
3542 3921 3602 3958 τε
3633 3903 3729 3957 καὶ

2154 4013 2383 4083 αῠξησις
2417 4009 2610 4080 μέχρις
2639 3999 2700 4062 οὗ
2743 4006 2838 4060 καὶ
2871 4007 2900 4058 6
2931 4003 3159 4072 ἄπειρος
3207 4003 3414 4062 ἐκεῖνος
3444 3998 3541 4052 καὶ
3572 3995 3733 4068 χαλε-

2155 4105 2254 4168 πὸς
2282 4103 2464 4171 ἐπεῖχε
2493 4098 2671 4166 λιμός.
2714 4095 2876 4149 Ἀλλὰ
2925 4093 3098 4147 ταῦτα
3160 4092 3257 4162 μὲν
3307 4090 3424 4143 ἔστι
3457 4085 3732 4142 δεικνύειν

2157 4192 2364 4256 ζῶντας
2388 4189 2481 4244 τὸν
2507 4188 2666 4256 ἆγιον
2701 4185 3014 4254 διατρέφειν
3043 4184 3139 4236 καὶ
3172 4179 3590 4240 κινδυνεύοντας
3610 4177 3732 4230 διαο

2160 4282 2359 4348 σώζειν
2379 4299 2394 4314 '
2431 4283 2584 4343 ποῖος
2608 4279 2664 4332 δὲ
2687 4279 2781 4331 καὶ
2812 4277 3043 4346 νεκροὺς
3077 4273 3316 4346 ἐγείρειν
3347 4273 3444 4325 καὶ
3471 4271 3734 4339 δαίμονας

2158 4375 2486 4445 ἀπελαύνειν
2516 4375 2544 4426 6
2580 4371 2752 4441 μέγας
2783 4363 2939 4428 οὗτος
2969 4366 3287 4437 ἐτύγχανεν,
3328 4364 3526 4420 αὐτίκα
3541 4363 3605 4433 δὴ
3637 4362 3733 4417 καὶ

2159 4467 2480 4540 ῥηθήσεται.

473 4570 833 4612 conservasse
865 4571 960 4610 eos
993 4555 1086 4625 qui
1115 4557 1351 4611 erantin
1375 4558 1644 4627 periculo.
1712 4557 2279 4624 Quemadmomodum
2336 4564 2518 4612 autem
2563 4567 2622 4607 se
2676 4550 2915 4621 gesserit
2948 4559 3173 4605 sanctus
3215 4548 3522 4605 excitandis
3579 4562 3730 4601 mor-

475 4651 586 4705 tuis
644 4655 700 4702 et
722 4647 978 4718 fugandis
1003 4649 1364 4717 daemonibus,
1402 4651 1586 4704 statim
1627 4649 1862 4706 dicetur.

543 4729 759 4797 XXVII.
797 4741 1121 4812 Egrotabat
1143 4743 1392 4811 quidam,
1417 4753 1473 4798 et
1495 4744 1550 4798 in
1573 4744 1717 4798 lecto
1749 4745 2049 4804 decumbe4

2229 4745 2356 4798 KZ'.
2387 4740 2578 4796 Νοσῶν
2601 4754 2684 4799 τις
2711 4731 2780 4807 ἦν
2811 4735 2908 4788 καὶ
2943 4732 3265 4804 κλινοπετὴς
3297 4750 3468 4802 ονομα
3496 4731 3728 4799 Παῦλος,

475 4838 591 4899 bat,
628 4835 852 4890 nomine
878 4837 1107 4898 Paulus,
1136 4837 1328 4890 habitu
1366 4836 1693 4891 monachus.
1728 4838 1778 4892 Is
1801 4853 1924 4894 cum
1956 4857 2055 4896 ex.

479 4940 718 4984 tremum
748 4927 859 4998 jam
880 4927 1108 4982 duceret
1141 4927 1422 4996 spiritum,
1465 4927 1638 4981 mittit
1673 4927 1742 4982 ad
1778 4940 2050 4996 sanctum,

475 5029 531 5074 et
572 5028 727 5086 rogat
758 5028 818 5072 ut
850 5018 1062 5072 veniat.
1092 5019 1392 5086 Postquam
1419 5027 1624 5083 autem,
1653 5019 1740 5073 via
1772 5020 2052 5085 confecta,

477 5108 572 5177 qui
599 5109 800 5163 missus
821 5109 1021 5172 fuerat,
1086 5107 1329 5162 venitad
1375 5109 1794 5175 monasterium,
1850 5121 1906 5166 et
1950 5112 2057 5166 fuit

477 5213 659 5252 coram
693 5214 894 5270 magno
927 5199 1209 5264 Marcello,
1233 5199 1492 5269 quoniam
1513 5200 1600 5256 ille
1634 5212 1767 5256 tunc
1797 5203 1863 5258 de
1889 5204 2055 5260 rebus

479 5290 791 5346 disserebat
819 5293 1106 5361 gravibus,
1145 5292 1294 5347 etde
1328 5294 1498 5348 sacris
1527 5293 1794 5349 tractabat
1827 5296 2052 5366 dogma-

481 5384 651 5451 tibus,
704 5387 1048 5441 contendens
1086 5403 1210 5440 cum
1261 5387 1506 5442 antistite
1563 5385 1957 5452 Chalcedonis,
1997 5404 2052 5444 et

479 5478 574 5546 qui
609 5479 807 5533 missus
837 5478 1037 5545 fuerat,
1062 5488 1148 5534 est
1191 5496 1468 5545 reversus,
1528 5488 1581 5534 et
1605 5480 1699 5551 qui
1731 5481 2053 5552 aegrotabat,

479 5576 599 5622 erat
630 5581 898 5625 mortuus.
935 5569 1071 5626 Cum
1102 5588 1233 5643 ergo
1263 5573 1376 5642 jam
1408 5581 1628 5642 peracta
1673 5582 1879 5635 essent,
1932 5589 2054 5643 qua:

482 5658 622 5711 fiunt
647 5669 884 5722 mortuo,
919 5675 973 5716 et
1004 5675 1227 5731 paratus
1266 5674 1412 5719 esset
1451 5664 1518 5718 ad
1546 5664 1886 5720 efferendum
1926 5665 2054 5734 (hoc

481 5759 664 5805 autem
691 5769 796 5807 non
823 5755 926 5808 alia
953 5755 1020 5810 de
1050 5772 1212 5810 causa
1237 5757 1521 5826 provisum
1551 5755 1730 5810 fuerat
1751 5773 1778 5808 a
1812 5756 2049 5826 superis,

481 5859 644 5914 quun
682 5856 739 5899 ut
765 5847 1022 5912 majorem
1057 5863 1267 5928 casum,
1296 5859 1346 5904 et
1383 5850 1555 5919 majus
1617 5849 1958 5916 miraculum:
1997 5861 2050 5906 et

2157 4837 2215 4890 τὸ
2245 4837 2432 4907 σχῆμα
2461 4830 2714 4903 μοναχός.
2740 4823 2911 4892 Οὗτος
2932 4828 3032 4900 ἤδη
3066 4828 3197 4897 περὶ
3226 4826 3322 4889 τὰς
3346 4825 3578 4896 ἐσχάτας
3600 4825 3738 4879 ἀνα-

2157 4930 2327 4990 πνοὰς
2354 4926 2450 4991 ὢν,
2482 4923 2707 4992 πέμψας
2729 4922 2962 4974 αἰτεῖται
2987 4920 3123 4989 πρὸς
3141 4918 3304 4972 αὐτὸν
3320 4916 3726 4986 ἀφικέσθαιτὸν

2157 5023 2329 5089 ἆγιον.
2374 5020 2463 5080 Ὠς
2491 5016 2550 5069 δὲ
2573 5014 2672 5084 τὴν
2695 5013 2815 5066 ὁδὸν
2848 5014 2875 5065 6
2905 5010 3180 5082 πεμφθεὶς
3212 5009 3419 5072 ἀνύσας
3454 5006 3734 5077 κατελάμ-

2156 5112 2287 5166 ϐανε
2326 5111 2424 5182 τὴν
2467 5110 2635 5180 μονὴν
2663 5107 2758 5161 καὶ
2787 5107 2866 5168 εις
2894 5105 3017 5176 ὄψιν
3045 5099 3177 5175 ἦλθε
3206 5102 3286 5174 τῷ
3315 5101 3559 5172 μεγάλῳ,
3580 5100 3735 5153 ἐπεί-

2157 5221 2264 5274 περ
2297 5202 2507 5264 ἐκεῖνος
2533 5201 2594 5253 τὸ
2623 5195 2932 5268 τηνικαῦτα
2988 5193 3294 5247 σπουδαίων
3344 5193 3522 5263 εῐχετο
3553 5190 3736 5244 διαλέ-

2160 5293 2294 5358 ξεων
2321 5292 2415 5346 καὶ
2442 5291 2557 5354 τοῖς
2591 5290 2757 5360 ἱεροῖς
2790 5287 3033 5340 ἐνέκειτο
3069 5285 3328 5355 δόγμασι,
3373 5283 3452 5353 τῷ
3480 5281 3733 5354 προέδρῳ

2157 5383 2498 5454 Χαλκηδόνος
2563 5378 2991 5452 διαμιλλώμενος
3017 5418 3032 5444 ,
3065 5379 3094 5432 ὃ
3121 5395 3182 5430 τε
3230 5377 3506 5447 πεμφθεὶς
3575 5371 3738 5438 αὖθις

2158 5477 2409 5549 ἐπανῄει,
2441 5476 2534 5530 καὶ
2561 5477 2588 5529 6
2612 5473 2789 5528 νοσῶν
2808 5472 2910 5543 ήδη
2935 5469 3213 5541 τεθνηκὼς
3239 5464 3330 5540 ἦν.
3345 5467 3500 5522 Ἐπεὶ
3522 5465 3616 5521 οὖν
3637 5469 3736 5521 καὶ

2162 5573 2229 5625 τὰ
2261 5570 2354 5623 ἐπὶ
2385 5568 2564 5639 νεκρῷ
2581 5568 2759 5622 πάντα
2773 5565 3108 5626 τετέλεσται,
3137 5563 3232 5616 καὶ
3252 5561 3474 5632 ἕτοιμος
3503 5556 3571 5632 ἦν
3597 5561 3734 5630 πρὸς

2161 5664 2525 5734 τὴνέκφοράν
2585 5659 2767 5726 (τοῦτο
2818 5659 2876 5712 δὲ
2919 5657 3019 5711 οὐκ
3075 5655 3254 5718 ἄλλως
3304 5653 3736 5725 προῳκονόμητο

2163 5754 2370 5808 ἀνωθεν
2397 5752 2512 5805 ἀλλ’
2533 5753 2619 5804 ινα
2647 5753 2704 5805 τῖι
2736 5751 2921 5820 μεῖζον
2949 5749 3120 5810 πάθος
3139 5749 3232 5800 καὶ
3254 5747 3314 5800 τὸ
3336 5743 3520 5814 θαῦμα
3545 5741 3737 5814 μεῖζον

2162 5845 2258 5902 καὶ
2290 5845 2617 5915 Μαρκέλλου
2645 5844 2741 5916 τὴν
2770 5844 2969 5914 ἀρετὴν
3017 5840 3238 5912 μείζονα
3273 5837 3478 5909 δείξῃ),
3526 5834 3600 5898 ὡς
3630 5834 3738 5907 ήδη
