4128 6384
392 406 502 472 733

1295 406 1481 470 VITA
1522 408 1585 467 S.
1619 406 2022 469 MARCELLI
2068 406 2768 472 ARCIIIMANDRITIE.

3545 397 3657 460 73$

394 518 571 588 πέρας
600 508 907 584 ἐλάμϐανεν
955 514 989 583 ἡ
1035 510 1293 580 διάλεξις,
1355 512 1546 568 ἄπεισι
1586 514 1740 587 παρά
1767 515 1857 568 τὸν
1897 532 1986 568 νο-

2099 515 2325 572 lIarcelli
2350 515 2610 572 virtutem
2645 515 2909 585 majorem
2954 511 3315 573 ostenderet),
3365 510 3453 564 ubi
3487 510 3665 567 factus

393 607 614 661 σοῦντα·
638 605 733 659 καὶ
765 605 962 674 νεκρὸν
991 604 1115 657 ἰδὼν
1146 606 1355 659 ἐκεῖνον
1381 608 1477 659 καὶ
1511 606 1651 675 πρὸς
1677 608 1780 676 τὴν
1809 608 1974 675 ἐκφο-

395 696 495 765 ράν
523 694 767 763 ἕτοιμον,
794 693 964 747 ἔπαθε
1000 695 1099 763 μὲν
1128 695 1229 764 τὴν
1257 694 1466 766 ψυχὴν,
1493 697 1588 749 καὶ
1620 696 1836 765 δάκρυα
1865 696 1975 750 τῶν

394 786 638 856 παρειῶν
661 786 938 856 κατέχεεν,
966 788 1027 839 οὐ
1056 786 1163 857 μὴν
1183 788 1359 859 ὑφῆκε
1385 789 1484 858 τῆς
1513 788 1649 858 πρὸς
1679 789 1812 841 Θεὸν
1839 791 1980 860 παῤ-

395 877 615 948 ρησίας,
654 878 787 931 ἀλλά
816 880 912 931 καὶ
941 880 1133 949 χεῖρας
1160 880 1277 950 ἃμα
1298 881 1395 936 καὶ
1428 880 1655 952 δμματα
1680 884 1775 935 καὶ
1800 880 1977 951 ψυχὴν

394 972 535 1041 πρδος
563 971 726 1024 αύτδν
754 972 1046 1035 ἀνατείνας
1076 972 1165 1043 ἐφ’
1213 974 1398 1028 ἱκανὸν
1430 972 1575 1028 οὕτω
1607 975 1978 1047 προσηύξατο.

396 1058 531 1114 Εἶτα
557 1061 658 1115 ούκ
683 1064 763 1124 είς
799 1063 939 1115 ἐπτᾶ
972 1063 1072 1131 μὲν
1096 1065 1338 1136 ὲμφυσᾷ,
1365 1064 1444 1129 ὡς
1476 1065 1649 1120 πάλαι
1680 1067 1708 1118 δ
1733 1064 1982 1137 ζηλωτὴς

406 1153 618 1217 Ἠλίας,
653 1154 835 1224 χειρὸς
864 1153 921 1207 δὲ
962 1155 1128 1223 μόνον
1154 1155 1439 1226 ἐπιτίθησι
1471 1159 1551 1228 τῷ
1583 1157 1785 1227 νεκρῷ,
1813 1161 1907 1212 καὶ
1932 1159 1981 1211 οἱ

396 1247 665 1319 παρόντες
692 1246 868 1309 ἄλλως
902 1247 1066 1299 αὐτὸν
1097 1249 1190 1300 καὶ
1221 1248 1319 1318 ούχ
1344 1247 1420 1311 ὡς
1447 1249 1647 1320 νεκροῦ
1673 1249 1767 1302 τοῦ
1789 1251 1982 1319 κειμέ-

397 1354 491 1392 νου
525 1338 891 1408 πειρασθῆναι
920 1339 1247 1409 νομίσαντες
1287 1339 1541 1408 λέγουσιν
1572 1341 1656 1394 δτι
1698 1339 1983 1411 τέθνηκεν.

400 1429 560 1497 Ἀμα
585 1428 642 1481 δὲ
690 1426 850 1481 τοῦτο
875 1424 1032 1481 εἷπον
1066 1431 1291 1493 ἐκεῖνοι,
1332 1429 1428 1484 καὶ
1449 1428 1643 1498 νεκρὸς
1687 1430 1851 1492 εὐθὺς
1902 1429 1988 1495 ἑξ-

398 1519 665 1573 ανίσῖατο
685 1520 781 1572 καὶ
810 1519 1182 1591 φθεγγόμενος
1214 1522 1310 1575 καὶ
1330 1520 1438 1574 τῶν
1472 1521 1680 1576 ἐκεῖθεν
1708 1523 1989 1592 ἐμέμνητο

399 1608 689 1680 θεαμάτων
707 1610 882 1664 εἰπεῖν
902 1627 961 1664 τε
985 1613 1082 1666 καὶ
1101 1612 1335 1667 ἀκοῦσαι
1363 1612 1781 1683 φοϐερωτάτων.
1802 1612 1989 1677 Οὕτως

399 1704 631 1767 ἐκεῖνος,
660 1704 746 1757 ῖνα
771 1719 824 1755 τι
854 1705 947 1756 καὶ
982 1704 1265 1775 τολμήσω,
1302 1706 1398 1759 καὶ
1437 1703 1592 1776 ἡλίου
1644 1706 1835 1774 φανεὶς
1880 1719 1990 1756 πα-

403 1796 706 1867 ραπλήσιος
731 1796 833 1849 ούκ
856 1795 1093 1865 ἠθέλησε
1125 1797 1186 1849 τὸ
1212 1798 1292 1861 είς
1326 1797 1491 1851 αὐτὸν
1519 1792 1656 1869 ἧκον
1685 1796 1847 1868 δῆλον
1873 1797 1987 1855 τοῖς

403 1887 623 1949 πολλοῖς
683 1888 744 1940 τὸ
796 1887 980 1957 θαῦμα
1013 1889 1270 1952 γενέσθαι
1293 1904 1308 1919 °
1341 1888 1480 1943 ἀλλά
1526 1889 1623 1944 καὶ
1641 1887 1793 1959 αύτῷ
1817 1905 1877 1941 τε
1907 1884 1986 1956 τῷ

402 1980 697 2032 ἀναστάντι
748 1980 841 2034 καὶ
880 1981 994 2043 τοῖς
1025 1980 1391 2050 θεασαμένοις
1423 1980 1614 2053 ὥσπερ
1648 1983 1676 2034 δ
1707 1982 1841 2050 ἐμὸς
1879 1978 1982 2051 Ἰη-

409 2071 538 2134 σοῦς
567 2074 665 2140 τὴν
703 2071 919 2135 σιωπὴν
954 2072 1352 2143 παραγγέλλει,
1394 2072 1672 2141 τοσαύτην
1715 2073 1991 2141 εἰσφέρων

410 2164 649 2235 σπουδὴν
687 2163 783 2217 τοῦ
819 2164 920 2235 τὴν
974 2166 1127 2233 παρά
1178 2164 1486 2236 ἀνθρώπων
1512 2164 1674 2230 δόξαν
1709 2166 1991 2232 διαφυγεῖν

406 2259 538 2326 δσης
577 2257 684 2326 ἄρα
711 2259 812 2325 τῆς
846 2256 998 2327 παρὰ
1019 2254 1156 2310 Θεοῦ
1192 2257 1488 2328 τυγχάνειν
1527 2257 1690 2321 αὐτὸς
1722 2256 1952 2326 ἔμελλεν
1972 2271 1988 2287 ο

406 2350 533 2402 ὅθεν
561 2349 681 2402 οὐδὲ
716 2348 900 2401 λαθεῖν
929 2348 1112 2417 ἀφῆκε
1147 2349 1208 2401 τὸ
1246 2349 1470 2417 γεγονὸς
1511 2351 1539 2402 ό
1569 2349 1699 2420 δόξῃ
1730 2347 1997 2418 τιεριόίίιλιι⁵

410 2442 519 2494 λων
552 2442 638 2493 ἀεὶ
664 2442 791 2504 τοὺς
825 2441 987 2495 αὑτὸν
1010 2440 1256 2506 δοξάζειν
1293 2442 1734 2514 προῃρημένους.
1788 2443 1851 2493 Οἱ
1883 2441 1993 2511 γὰρ

411 2533 709 2603 ὀφθαλμοῖς
728 2534 901 2586 ταῦτα
918 2532 1354 2603 παραλαϐόντες,
1379 2533 1536 2602 ὀλίγα
1559 2534 1669 2586 τῶν
1686 2534 1994 2602 ὲπιταγμάο

413 2640 523 2677 των
583 2624 992 2695 φροντίσαντες,
1032 2625 1157 2677 ἐπεὶ
1197 2624 1321 2677 οὐδὲ
1376 2623 1646 2695 κρύπτειν
1700 2623 1995 2694 ησούλοντο

415 2716 512 2771 καὶ
540 2718 654 2779 τοῖς
703 2714 884 2778 ἄλλοις
915 2713 1125 2782 ἀγαθοῦ
1175 2713 1424 2767 τοιούτου
1459 2714 1677 2782 φθονεῖν
1707 2712 1931 2776 πολλαῖς
1960 2708 1996 2764 ἃ

415 2803 555 2861 εἶδον
588 2806 1056 2879 παραπέμπουσιν
1084 2807 1299 2872 ἀκοαῖς,
1335 2805 1459 2876 μηδ’
1491 2805 1623 2858 αὐτὸ
1672 2804 1831 2857 τοῦτο
1858 2804 1997 2874 κρύ-

417 2902 641 2972 ψαντες,
669 2900 752 2953 ὅτι
774 2901 868 2952 καὶ
903 2899 1045 2969 μέγα
1076 2896 1221 2952 οὕτω
1250 2899 1475 2962 τελέσας
1502 2897 1844 2968 παρήγγειλε
1866 2914 1997 2950 σιωο

417 2991 549 3061 πᾷν.

2078 607 2186 663 fuit
2211 607 2526 663 disserendi
2560 607 2710 673 ﬁnis,
2734 606 2883 660 venit
2938 604 3004 658 ad
3032 613 3298 675 aegrotum
3329 620 3342 655 :
3370 611 3570 656 etcum
3602 602 3669 656 il-

2079 701 2193 756 lum
2227 700 2458 754 vidisset
2488 710 2792 760 mortuum.
2840 706 2896 752 et
2918 697 3027 766 jam
3064 704 3312 765 paratum
3340 693 3407 747 ad
3434 694 3670 748 ell'eren-

2079 792 2437 851 dum.motus
2467 792 2690 861 quidem
2713 799 2794 845 est
2854 790 3062 849 animo.
3123 797 3180 840 et
3228 802 3293 839 ex
3344 786 3464 856 eius
3515 787 3671 855 genis

2080 884 2327 938 ﬂuebant
2359 884 2612 953 lacryma:
2643 899 2656 937 :
2709 896 2888 951 neque
2917 872 3129 934 remisit
3175 886 3361 930 tamen
3418 892 3573 930 suam
3599 876 3666 929 ad

2082 977 2255 1033 Deum
2283 975 2566 1037 ﬁduciam,
2603 973 2698 1027 sed
2738 988 2862 1027 cum
2888 987 3085 1025 manus
3127 970 3289 1024 simul
3321 978 3373 1022 ct
3403 968 3593 1021 oculos
3616 976 3673 1020 et

2083 1068 2326 1123 animam
2359 1066 2427 1120 ad
2475 1081 2601 1120 eum
2629 1063 2965 1125 sustulisset,
3011 1071 3093 1116 est
3122 1060 3441 1130 aliquandiu
3479 1076 3671 1129 preca-

2086 1172 2197 1217 tus.
2226 1159 2431 1214 Deinde
2459 1173 2568 1212 non
2600 1157 2805 1227 septies
2830 1154 3055 1226 quidem
3100 1153 3351 1222 inspirat.
3379 1152 3520 1206 sicut
3542 1152 3674 1206 olim

2083 1253 2292 1307 zelatur
2315 1251 2483 1310 Elias.
2519 1251 2615 1303 sed
2644 1248 2822 1304 solum
2875 1262 3100 1300 manum
3157 1244 3397 1315 imponit
3427 1253 3675 1297 mortuo.

2084 1344 2187 1411 Qui
2220 1341 2403 1399 autem
2435 1341 2689 1401 aderant,
2760 1339 2867 1394 alia
2903 1354 3033 1394 eum
3090 1338 3229 1393 velle
3285 1344 3567 1407 putantes.
3620 1346 3679 1390 et

2087 1450 2196 1493 non
2236 1443 2298 1488 ut
2335 1441 2618 1488 mortuum
2651 1439 2887 1496 tentare,
2952 1429 3147 1484 dicunt
3191 1446 3205 1483 :
3268 1428 3366 1483 Est
3396 1436 3673 1481 mortuus.

2089 1524 2266 1582 Simul
2302 1535 2471 1594 atque
2512 1537 2645 1578 vero
2693 1521 2771 1577 illi
2807 1521 2914 1577 hoc
2940 1521 3217 1583 dixerunt.
3258 1519 3500 1575 surrexit
3534 1534 3678 1572 mor-

2089 1627 2221 1672 tuus
2249 1632 2264 1669 :
2288 1616 2597 1686 vidensque
2628 1622 2891 1669 ostensus
2918 1621 3005 1669 est
3029 1622 3086 1668 et
3112 1612 3364 1682 loquens.
3400 1621 3458 1668 et
3482 1626 3677 1667 eorum

2090 1726 2214 1782 quae
2242 1709 2357 1765 illic
2383 1718 2567 1771 erant.
2602 1706 2857 1763 meminit
2912 1704 3382 1774 spectaculorum.
3440 1704 3530 1761 Sic
3558 1705 3676 1771 ille,

2089 1804 2208 1873 qui,
2241 1803 2285 1858 si
2314 1800 2633 1857 audendum
2678 1801 2751 1857 sit
2776 1799 2986 1861 dicere.
3019 1799 3108 1853 vel
3139 1798 3254 1853 sole
3280 1798 3483 1853 clarior
3514 1813 3681 1867 appa-

2056 1888 2063 1957 Ϊ
2090 1904 2299 1957 ruerat,
2331 1893 2575 1955 nolebat.
2613 1891 2761 1962 quod
2795 1891 2865 1946 ad
2892 1906 2950 1946 se
2981 1890 3270 1952 attinebat,
3313 1888 3502 1943 multis
3533 1904 3685 1958 ενοι-ο

2091 2001 2206 2042 tum
2236 1987 2352 2041 Iieri
2378 1985 2709 2040 miraculum
2750 2000 2765 2039 :
2797 1983 2896 2039 sed
2927 1993 2984 2038 et
3019 1982 3068 2037 ei
3102 1984 3195 2053 qui
3232 1990 3569 2043 surrexerat.
3628 1988 3687 2035 et

2093 2078 2162 2134 iis
2202 2078 2296 2147 qui
2316 2086 2668 2148 aspexerant,
2707 2077 2853 2131 sicut
2892 2091 3052 2130 meus
3078 2074 3259 2141 .Iesus,
3314 2074 3566 2145 praecipit
3602 2074 3685 2129 si-

2090 2170 2327 2225 lentium
2361 2187 2375 2224 :
2406 2179 2617 2222 tantum
2651 2168 2892 2223 aﬂ'erens
2911 2166 3161 2221 studium
3189 2165 3683 2238 fugiendaeglorize,

2099 2277 2223 2333 qua:
2245 2271 2334 2316 est
2378 2260 2449 2315 ab
2486 2259 2834 2325 hominibus,
2893 2271 3159 2329 quantam
3193 2258 3309 2328 ipse
3345 2268 3464 2313 erat
3509 2272 3541 2312 a
3576 2257 3688 2311 Deo

2090 2362 2513 2408 consecuturus.
2549 2350 2820 2418 Quocirca
2870 2366 2975 2405 nec
3000 2349 3255 2420 permisit
3301 2357 3363 2404 ut
3397 2349 3594 2404 lateret
3630 2346 3686 2402 id

2092 2446 2242 2517 quod
2270 2443 2477 2500 factum
2505 2446 2709 2509 fuerat,
2758 2443 2804 2498 is
2824 2442 2920 2512 qui
2949 2442 3120 2515 gloria
3164 2456 3384 2512 semper
3437 2439 3684 2496 circum-

2092 2536 2187 2594 dat
2245 2552 2342 2594 eos
2381 2537 2478 2609 qui
2528 2538 2708 2608 ipsum
2770 2535 3076 2608 gloriﬁcare
3129 2534 3451 2589 voluerunt.
3544 2531 3681 2588 Nam

2090 2632 2185 2701 qui
2242 2648 2305 2684 ea
2341 2630 2515 2684 oculis
2568 2636 2924 2697 aspexerant,
2986 2627 3107 2698 eius
3153 2626 3306 2696 jussa
3374 2638 3568 2695 parum
3592 2638 3692 2677 eu-

2095 2730 2306 2786 rantes,
2347 2736 2472 2776 cum
2502 2734 2607 2775 nec
2634 2719 2839 2775 vellent
2873 2718 3077 2780 celare,
3125 2731 3231 2771 nec
3287 2715 3411 2771 aliis
3476 2723 3689 2769 tantum

2096 2813 2305 2869 bonum
2346 2812 2617 2872 invidere.
2647 2826 2711 2866 ea
2736 2826 2859 2880 quae
2888 2809 3143 2864 viderant
3166 2807 3231 2862 ad
3268 2807 3565 2861 multorum
3593 2820 3692 2859 au-

2098 2920 2192 2959 res
2222 2903 2607 2958 transmittunt
2638 2919 2654 2956 :
2683 2916 2787 2956 nec
2807 2900 2914 2956 hoc
2944 2899 3125 2971 ipsum
3160 2897 3385 2969 quidem
3416 2895 3685 2962 celantes,

2098 2996 2245 3068 quod
2280 3011 2406 3052 cum
2438 3009 2554 3050 rem
2580 3001 2689 3047 tam
2719 3006 2971 3064 magnam
3009 2990 3257 3057 fecisset,
3299 3003 3402 3044 eos
3445 2988 3691 3059 iusserat

2106 3089 2297 3146 silere.

492 3174 627 3229 κη’.
665 3172 812 3245 Πλὴν
867 3172 1007 3227 ἀλλά
1032 3171 1095 3226 τὸ
1128 3172 1226 3243 μὲν
1259 3172 1487 3242 νεκροὺς
1543 3172 1783 3242 ἐγείρειν
1823 3173 1999 3236 οὓτως

2172 3174 2410 3235 XXVIII.
2470 3174 2701 3246 Oportet
2760 3181 2948 3229 autem
3013 3172 3134 3244 ejus
3169 3184 3391 3242 quoque
3430 3167 3691 3224 virtutem

421 3264 534 3339 εἶχε
564 3267 762 3337 ῥαδίως
786 3266 887 3336 (I).
914 3267 1006 3319 Δεῖ
1033 3264 1091 3318 δὲ
1116 3266 1212 3319 καὶ
1240 3266 1340 3335 τὴν
1360 3264 1504 3318 κατά
1533 3263 1808 3333 δαιμόνων
1831 3264 1997 3319 αὐτοῦ

421 3359 654 3429 δύναμιν
684 3357 938 3426 ἐπίδηλον
968 3353 1138 3409 αὑτοῦ
1164 3356 1450 3427 καθιστᾷν.
1484 3355 1830 3426 Προσὲφερον
1852 3355 2001 3426 αύτῷ

422 3466 487 3503 τε
505 3448 873 3520 δαιμονῶντας
931 3448 1070 3518 δμοῦ
1128 3447 1428 3516 τέσσαρας,
1468 3445 1725 3517 χαλεποῖς
1781 3445 2000 3517 δαίμοσι

423 3544 519 3598 καὶ
548 3541 937 3612 πονηροτάτοις
981 3539 1479 3609 κατειλημμένους
1537 3537 1685 3593 καὶὸ
1742 3539 1845 3610 μὶν
1900 3537 2002 3608 τῆς

424 3632 767 3704 προσευχῆς,
794 3634 844 3685 οί
870 3631 927 3685 δὲ
962 3632 1063 3701 τῆς
1098 3630 1298 3701 μανίας
1330 3629 1496 3693 εὐθὺς
1521 3631 1777 3702 ἤρχοντο.
1803 3628 1879 3684 Τὸ
1903 3630 2003 3701 μὲν

423 3721 519 3779 οὖν
548 3722 768 3794 πρῶτον
801 3721 1104 3793 βλάσφημά
1132 3738 1193 3774 τε
1222 3722 1302 3785 είς
1331 3721 1499 3775 αὐτὴν
1529 3720 1867 3790 δφθέγγοντο
1906 3723 2003 3775 καὶ

422 3817 550 3880 τοὺς
582 3817 782 3888 ἄνδρας
822 3816 1059 3887 ἰσχυρῶς
1100 3814 1500 3886 ἑξετάραττοψ
1527 3815 1722 3872 ἔπειτα
1768 3816 1855 3869 διὰ
1901 3814 2003 3884 τῆς

425 3908 593 3980 εύχῆς
616 3910 985 3979 ἀκμαιότερον
1018 3905 1315 3977 ίσχυούσης
1346 3906 1599 3978 ἀοράτως
1625 3908 1826 3958 ἐκεῖνοι
1854 3906 2004 3974 δεχό-

429 4017 583 4071 μενοι
610 4001 711 4063 τὰς
739 3998 957 4069 πληγὰς
989 3997 1379 4069 δημοσιεύουσι
1401 3997 1502 4060 τάς
1531 3996 1722 4059 ὀδύνας
1752 3999 1848 4051 καὶ
1874 3998 2004 4069 βοᾷν

426 4093 707 4165 ἄρχονται*
751 4090 1029 4146 Κέλευςον
1071 4092 1204 4160 ἡμῖν
1250 4087 1513 4156 ἐξελθεῖν,
1546 4088 1736 4162 ιπειδὴ
1790 4093 1885 4143 καὶ
1905 4092 2005 4156 τὴν

427 4185 553 4242 καθ’
576 4184 737 4255 ἡμῶν
771 4183 1027 4248 ἐξουσίαν
1054 4181 1217 4243 αὐτὸς
1243 4180 1504 4250 εἴληφας·
1550 4178 1673 4234 λίαν
1706 4181 2007 4246 ἐπιϐούλως

424 4276 588 4332 τοῦτο
625 4276 720 4329 καὶ
745 4274 1092 4344 κακοτέχνως
1108 4274 1307 4327 ἐκεῖνοι
1326 4288 1342 4305 ’
1366 4272 1602 4342 δηλώσει
1632 4274 1742 4346 γὰρ
1764 4275 1831 4326 τὰ
1855 4273 2004 4344 ἑξῆς.

430 4372 623 4435 Συνεὶς
671 4368 771 4424 οὖν
800 4369 901 4440 τὴν
951 4367 1250 4437 ἐπιϐουλὴν
1277 4369 1305 4421 ό
1346 4365 1518 4435 μέγας
1541 4365 1655 4419 οὔτ’
1686 4369 2005 4439 ἐπεστράφη

431 4463 570 4534 πρὸς
606 4464 668 4516 τὸ
690 4462 876 4533 ῥηθὲν,
906 4458 1032 4514 οὔτε
1065 4460 1174 4528 μὴν
1203 4457 1559 4528 ιπετίμησεν,
1597 4458 1713 4511 ἀλλ’
1745 4461 1824 4520 είς
1846 4460 2011 4530 ούρα-

432 4556 523 4607 νδν
556 4554 720 4624 μόνον
744 4551 958 4623 βλέπων
975 4550 1077 4620 τῆς
1101 4549 1269 4619 εὐχῆς
1294 4548 1476 4619 είχετο
1502 4549 1599 4602 καὶ
1620 4550 1776 4601 οὐδὲν
1810 4549 1935 4603 ἄλλο
1955 4548 2009 4619 ἢ,

431 4645 615 4699 Σῶσον
675 4643 737 4696 τὺ
785 4642 880 4696 σὸν
926 4639 1179 4711 πλάσμα,
1208 4640 1437 4712 Χριστὲ,
1484 4641 1716 4694 ἐπιπολὺ
1761 4641 2014 4711 δεόμενος

431 4737 609 4804 ιλεγε.
639 4734 748 4787 Καὶ
781 4734 831 4786 οἱ
873 4732 974 4802 μὲν
1021 4726 1183 4794 αὖθις
1232 4730 1596 4800 κελευσθῆναι
1652 4732 1873 4800 ἠξίουν·
1898 4732 1930 4784 ό
1957 4730 2014 4784 δὲ

431 4827 536 4881 οὐκ
566 4825 836 4886 ἐπείθετο,
872 4823 1008 4877 ἀλλὰ
1039 4823 1159 4875 κατ’
1189 4822 1375 4874 αὐτῶν
1408 4822 1508 4891 τὴν
1536 4821 1689 4874 θείαν
1710 4823 1898 4877 ἐκάλει
1921 4822 2017 4875 δύ-

434 4935 623 4989 ναμιν,
654 4920 746 4972 καὶ
772 4918 947 4980 οὕτως
982 4914 1298 4985 ἠλαύνοντο,
1336 4914 1433 4968 καὶ
1460 4917 1509 4968 οἱ
1535 4914 1726 4985 ἀνδρες
1756 4916 1814 4968 ιν
1837 4913 2020 4983 ταυτῷ

435 5011 537 5080 τῆς
566 5011 832 5083 μάστιγος
866 5008 1293 5079 ἀπηλλάττοντο.
1330 5006 1487 5062 Ἐπεὶ
1508 5008 1566 5061 δι
1594 5009 1689 5062 καὶ
1713 5007 1810 5078 τὴν
1838 5007 2020 5061 αἰτίαν

438 5103 674 5174 ἠρώτων
702 5105 751 5157 οί
773 5101 898 5155 τότε
925 5101 1216 5171 παρόντες,
1245 5099 1299 5151 τί
1327 5099 1391 5169 δή
1416 5115 1550 5152 ποτε
1572 5099 1740 5170 μηδὲν
1767 5100 1879 5162 τοῖς
1904 5098 2021 5151 δαί-

444 5210 605 5265 μοσιν
666 5194 903 5264 ἑτοίμως
970 5193 1280 5261 ὑποχωρεῖν
1328 5190 1686 5262 ὁμολογοῦσιν
1734 5190 1795 5255 ἐξ
1842 5190 2019 5261 ἀρχῆς

440 5290 735 5341 ἐπέταττεν
756 5328 770 5351 ,
804 5288 1036 5350 ἐκεῖνος,
1068 5286 1192 5338 Ὅτι
1231 5300 1325 5355 με,
1371 5286 1527 5354 φησὶ,
1559 5285 1660 5354 τὴν
1689 5285 1811 5338 κατ’
1836 5285 2020 5338 αὐτῶν

442 5381 696 5446 ἰξουσίαν
741 5380 1024 5451 εἰληφέναι
1072 5378 1327 5445 λέγοντες
1380 5377 1532 5430 οὐδὲν
1573 5377 1703 5432 ἄλλο
1734 5378 1952 5429 ἐποίουν
1984 5375 2019 5445 ἢ

442 5473 752 5540 κενοδοξίας
793 5474 1011 5544 βρόχοις
1058 5488 1125 5538 με
1163 5470 1449 5524 συλλαϐεῖν
1490 5470 1771 5524 ἔσπευδον.
1805 5470 1913 5523 Καὶ
1953 5470 2022 5521 τὰ

449 5566 551 5632 μὲν
577 5566 687 5620 τῶν
715 5567 1000 5637 τεσσάρων
1030 5564 1257 5619 ἐκείνων
1289 5561 1497 5634 ἀνδρῶν
1521 5561 1715 5624 οὕτως.
1752 5563 1885 5616 Μετ’
1912 5560 2022 5613 ὀλί-

447 5672 543 5724 γον
584 5657 641 5710 δὲ
696 5659 791 5710 καὶ
826 5656 1078 5727 Λάζαρός
1127 5672 1211 5717 τις
1253 5653 1394 5723 ἀνὴρ
1423 5653 1701 5721 δαιμονίου
1734 5655 1825 5707 καὶ
1860 5653 2022 5715 αὐτὸς

526 5832 604 5893 ιι)
640 5835 815 5891 Verba
845 5833 992 5903 me,»
1027 5830 1164 5887 ama
1200 5872 1213 5889 .
1248 5872 1262 5887 .
1296 5872 1307 5884 .
1344 5873 1358 5888 .

2100 3271 2394 3329 ostendere
2427 3269 2699 3325 adversus
2741 3267 3046 3322 daemones.
3088 3263 3417 3320 Attuletunt
3463 3262 3529 3316 ad
3563 3276 3691 3315 eum

2100 3364 2396 3437 aliquando
2412 3372 2650 3436 quatuor
2677 3361 2842 3419 simul
2872 3358 3261 3423 daemoniacos,
3296 3372 3438 3427 quos
3457 3354 3695 3413 saevissi-

2101 3458 2178 3513 mi
2203 3466 2259 3513 ct
2288 3456 2513 3528 pessimi
2549 3455 2870 3510 invaserant
2897 3452 3200 3507 damones.
3252 3447 3323 3504 Et
3354 3446 3443 3501 ille
3468 3447 3692 3515 quidem

2101 3546 2341 3620 precari,
2396 3545 2473 3601 illi
2501 3553 2685 3600 autem
2715 3542 2902 3599 statim
2926 3548 3227 3613 ceperunt
3260 3537 3526 3594 insanire.
3591 3535 3692 3591 At-

2101 3655 2212 3711 que
2279 3639 2517 3710 primum
2550 3636 2778 3707 quidem
2834 3634 2891 3689 in
2931 3650 3059 3689 eum
3111 3630 3483 3703 loquebantur
3544 3627 3695 3683 blas-

2103 3734 2345 3805 phema,
2408 3740 2466 3788 et
2514 3729 2774 3785 homines
2820 3726 3183 3783 vehementer
3268 3719 3688 3778 conturbabant.

2107 3823 2316 3877 Deinde
2332 3837 2456 3876 cum
2478 3837 2673 3892 preces
2706 3818 2881 3888 magis
2911 3816 3162 3887 vigerent
3188 3824 3250 3870 et
3273 3813 3694 3876 invalescerent,

2108 3916 2187 3971 illi
2224 3913 2327 3969 etsi
2357 3928 2466 3966 non
2500 3912 2823 3965 viderentur
2853 3908 3039 3979 plagas
3082 3904 3440 3975 accipientes,
3474 3901 3697 3955 dolores

2110 4002 2163 4058 in
2196 4002 2476 4073 publicum
2502 3998 2812 4070 proferunt,
2850 4005 2905 4050 et
2929 3996 3169 4051 clamare
3189 3993 3464 4063 incipiunt
3497 4006 3510 4043 :
3544 3988 3689 4043 Iube

2109 4109 2212 4149 nos
2241 4093 2413 4155 exire,
2455 4089 2717 4161 quoniam
2751 4090 2804 4142 in
2842 4102 2943 4141 nos
2994 4083 3261 4153 accepisti
3316 4088 3640 4153 petestatem
3679 4096 3694 4132 :

2109 4185 2373 4241 insidiose
2397 4183 2620 4254 quidem
2650 4180 2727 4234 illi
2760 4179 2865 4232 hoc
2882 4187 2939 4232 et
2969 4176 3207 4246 maligne
3233 4189 3248 4226 :
3275 4172 3480 4228 etenim
3506 4178 3697 4224 osten—

2109 4277 2243 4334 dent
2264 4276 2400 4339 haec,
2442 4289 2563 4345 quae
2591 4273 2851 4343 deinceps
2877 4278 3207 4341 sequuntur.
3238 4266 3375 4323 Cum
3402 4266 3585 4335 itaque
3611 4262 3695 4318 in-

2112 4370 2412 4425 tellexisset
2443 4365 2679 4421 insidias
2710 4377 2940 4433 magnus
2976 4358 3287 4424 Marcellus,
3354 4372 3528 4427 neque
3560 4369 3697 4409 con-

2116 4475 2311 4515 versus
2354 4468 2440 4514 est
2498 4456 2565 4511 ad
2599 4455 2652 4509 id
2692 4456 2838 4524 quod
2877 4453 3087 4507 dictum
3139 4449 3338 4510 fuerat,
3390 4461 3570 4517 neque
3602 4458 3699 4500 eos

2047 4525 2090 4579 θ
2125 4550 2456 4621 increpavit,
2488 4547 2584 4603 sed
2615 4545 2682 4601 ad
2721 4544 2921 4601 cmlnm
2960 4543 3141 4598 solum
3165 4542 3410 4603 intuens,
3435 4550 3697 4609 perseve-

2119 4644 2279 4698 rabat
2299 4644 2354 4697 in
2388 4639 2663 4702 oratione,
2698 4647 2754 4693 et
2784 4635 2922 4691 nihil
2952 4633 3109 4689 aliud
3129 4646 3318 4704 quam,
3347 4629 3517 4686 Serva
3544 4637 3699 4682 tuum

2119 4739 2461 4811 ﬁgmentum,
2493 4752 2526 4791 ο
2558 4734 2803 4798 Christe,
2848 4734 2940 4787 diu
2967 4745 3169 4803 rogans
3221 4725 3460 4783 dicebat.
3512 4723 3581 4779 Et
3618 4721 3699 4777 illi

2118 4834 2343 4905 quidem
2373 4844 2567 4885 rursus
2616 4827 2885 4899 rogabant
2931 4834 2995 4880 ut
3041 4823 3294 4895 inberet;
3362 4817 3483 4905 ille
3515 4824 3700 4870 autem

2119 4904 2231 4979 non
2264 4918 2708 4991 obtemperabat.
2771 4915 2869 4972 sed
2902 4918 2957 4969 in
2999 4929 3099 4969 eos
3141 4910 3385 4968 divinam
3435 4904 3697 4960 virtutem

2116 5015 2412 5070 invocabat
2442 5029 2456 5065 :
2508 5011 2700 5080 sicque
2734 5006 2948 5078 expulsi
2972 5014 3120 5068 sunt,
3153 5010 3211 5057 et
3234 5000 3336 5055 viri
3373 4998 3536 5053 simul
3558 4994 3701 5050 Iibe-

2120 5109 2224 5162 rati
2246 5114 2377 5161 sunt
2414 5121 2443 5158 a
2464 5105 2639 5175 plaga.
2667 5101 2805 5157 Cum
2834 5108 3015 5155 autem
3042 5108 3264 5151 causam
3292 5096 3573 5161 rogarent,
3603 5085 3696 5175 qui

2129 5205 2261 5250 tunc
2308 5172 2577 5252 aderant,
2606 5204 2707 5245 cur
2757 5185 3100 5242 daemonibus
3155 5197 3214 5237 se
3247 5190 3500 5235 cessuros
3530 5172 3703 5229 conli-

2124 5285 2369 5343 tentibus
2389 5284 2458 5338 ab
2505 5282 2664 5337 initio
2700 5280 2838 5334 nihil
2894 5275 3173 5348 praecepit,
3236 5271 3327 5325 ille
3367 5263 3697 5337 respondit:

2125 5377 2397 5446 Quoniam
2438 5374 2687 5429 dicentes
2713 5387 2799 5426 me
2823 5373 2878 5424 in
2896 5384 2993 5424 eos
3042 5363 3321 5434 accepisse
3353 5366 3700 5431 potestatem,

2129 5486 2242 5525 non
2270 5467 2417 5524 aliud
2446 5466 2704 5536 agebant,
2737 5477 2902 5533 quam
2930 5459 3078 5530 quod
3107 5472 3258 5511 vanae
3285 5454 3468 5527 gloriae
3491 5450 3702 5520 laqueis

2131 5576 2219 5616 me
2249 5566 2591 5615 conarentur
2620 5555 2923 5626 implicare.
2958 5551 3026 5607 Et
3060 5549 3278 5604 illorum
3307 5543 3535 5617 quidem
3566 5556 3703 5611 qua-

2132 5661 2258 5708 ιιιυι·
2284 5648 2533 5703 virorum
2563 5660 2651 5701 res
2683 5645 2760 5700 ita
2796 5657 2854 5699 se
2879 5642 3209 5697 habuerunt.
3253 5636 3422 5691 Paulo
3452 5640 3572 5705 post
3600 5645 3700 5685 au~

1422 5833 1623 5905 ῥᾳδίως
1654 5848 1763 5888 non
1798 5831 2031 5904 legebat
2071 5832 2347 5900 interpres
2371 5826 2515 5900 apud
2542 5826 2789 5884 Surium.
