4128 6384
434 356 543 420 735

1656 364 1817 424 ΜΕΝ
1827 362 1944 424 818
1984 364 2427 427 DECEMBER.

3584 357 3691 418 736

433 476 543 521 tem
600 466 839 522 Lazarus
893 481 1115 538 quoque
1163 469 1413 538 quidam,
1470 472 1566 541 qui
1607 473 2017 543 corripiebatur

2133 476 2288 548 ιανίᾳ
2352 474 2580 542 κάτοχος
2640 471 2715 526 ὣν
2746 470 2843 524 καὶ
2881 470 2981 542 τὴν
3012 469 3261 537 γλῶτταν
3317 468 3551 524 ὶπιπολὺ
3595 486 3689 521 του

432 559 618 613 lurore
658 559 1013 623 dremoniaco,
1056 567 1113 614 et
1148 559 1389 632 linguam
1443 562 1537 617 diu
1574 579 1671 619 ore
1722 572 2000 652 exsertam

432 658 488 702 et
511 649 842 718 pendentem
895 649 1156 715 habebat,
1216 655 1360 708 sicut
1405 669 1589 718 canes.
1640 665 1697 711 et
1734 649 2002 728 spumam

433 738 637 794 deinde
667 739 996 809 exspuubat,
1028 742 1276 797 eamdem
1302 760 1520 816 quoque
1537 760 1869 805 consecutus
1900 752 2005 806 l'uit

434 831 807 885 curationem.
837 833 971 888 Nam
999 850 1124 888 cum
1156 836 1397 905 primum
1426 853 1552 892 eum
1589 852 1816 896 sanctus
1846 841 2007 895 beni-

433 922 556 990 gnis
587 923 724 976 vidit
745 924 943 987 oculis,
973 935 1027 980 et
1053 939 1309 995 precatus
1338 938 1423 983 est
1448 929 1499 984 ei
1524 946 1635 985 sum
1658 932 1827 1001 plaga:
1847 949 2009 988 cura-

433 1013 661 1074 tionem,
694 1016 878 1070 statim
925 1029 1255 1091 conspectus
1284 1029 1368 1073 est
1407 1036 1601 1082 sanus,
1656 1031 1711 1076 et
1743 1022 2009 1079 liberatus

432 1112 518 1157 est
555 1119 585 1157 a
614 1103 884 1168 daemone,
914 1108 1009 1175 qui
1038 1124 1164 1161 eum
1211 1099 1553 1178 occupabat.»
1586 1112 1654 1167 Et
1704 1113 1836 1182 quid
1869 1128 2010 1184 opus

432 1207 518 1248 est
551 1195 697 1250 illius
728 1213 928 1253 cuncta
969 1198 1450 1264 dicerc?Facilius
1484 1207 1634 1260 enim
1694 1215 1781 1260 est
1828 1208 2014 1263 stellas

437 1301 752 1350 numerare,
811 1299 906 1343 aut
944 1292 1110 1346 maris
1146 1292 1345 1349 ﬂuetus
1397 1294 1602 1360 metiri,
1654 1306 1750 1350 aut
1803 1297 2015 1367 aliquid

437 1378 589 1433 aliud
625 1383 873 1452 aggredi,
905 1385 1049 1452 quod
1093 1385 1211 1439 ﬁeri
1254 1401 1363 1441 non
1394 1396 1595 1456 potest,
1651 1404 1815 1458 quam
1870 1390 2019 1444 illius

438 1484 528 1525 res
558 1486 752 1527 omnes
781 1473 1051 1530 invenire.
1091 1476 1581 1534 Vernmenimvero
1622 1497 1790 1548 pauca
1868 1498 2019 1552 qua-

438 1561 565 1615 dam
617 1564 685 1617 t'e
718 1562 865 1618 illius
921 1570 1085 1620 etiam
1138 1567 1385 1622 moribus
1416 1569 1737 1627 adducenda
1791 1582 1920 1628 sunt
1964 1571 2021 1627 in

447 1651 715 1718 medium,
752 1665 812 1708 ut
836 1654 1098 1723 sciamus,
1127 1658 1272 1728 quod
1306 1675 1334 1711 a
1362 1674 1471 1730 quo
1508 1660 1623 1716 ba'c
1663 1662 2019 1732 gerebantur.

441 1742 536 1798 illa
564 1762 786 1817 quoque
810 1746 860 1802 ei
894 1748 1120 1804 omnino
1191 1750 1538 1808 debebantur
1575 1771 1588 1808 :

445 1837 715 1894 tictatem.

2114 568 2380 636 στόματος
2430 567 2523 620 ι’σα
2553 567 2648 619 καὶ
2697 567 2810 628 τοῖς
2846 564 3009 647 κυσὶν
3042 562 3336 633 ἐκκρεμῶν
3385 563 3480 616 καὶ
3517 561 3690 627 ἀφρὸν

2112 658 2304 712 ἔπειτα
2333 657 2696 729 παραπτὺων,
2746 657 2847 725 τῆς
2877 655 3048 724 αὐτῆς
3087 656 3181 707 καὶ
3210 650 3369 718 οὗτος
3419 653 3691 708 ἀπέλαυσε

2113 749 2432 819 θεραπείας.
2492 750 2644 815 ’Ἅμα
2674 748 2781 815 γὰρ
2814 746 3117 815 ὀφθαλμοῖς
3142 746 3307 798 αὑτὸν
3356 744 3464 796 εἶδε
3498 746 3692 813 φιλανθ

2113 842 2353 912 θρώποις
2378 844 2405 895 ὁ
2438 842 2614 909 ἅγιος.
2651 842 2746 896 καὶ
2778 842 2925 894 ἴασιν
2975 838 3255 909 ἐπηύξατο
3303 839 3408 907 τῆς
3445 837 3687 908 πληγῆς,

2113 932 2274 1001 ὑγιὴς
2308 932 2485 995 εὐθὺς
2515 933 2749 1002 ἑωρᾶτο,
2780 932 2876 986 καὶ
2924 928 3020 983 τοῦ
3078 930 3398 1000 συνέχοντος
3441 929 3694 997 δαίμονος

2116 1025 2510 1093 ἀπηλλάττετο.
2541 1025 2651 1078 Καὶ
2680 1024 2732 1075 τί
2762 1025 2843 1077 δεῖ
2882 1023 3063 1091 λέγειν
3119 1024 3189 1076 τὰ
3244 1023 3456 1076 ἐκείνου
3490 1024 3689 1087 πάντας

2119 1117 2248 1187 ῥᾷον
2280 1115 2388 1186 γὰρ
2415 1116 2653 1186 ἀστέρας
2687 1114 2945 1186 ἀριθμεῖν
2978 1114 3011 1185 ἦ
3038 1114 3258 1183 κύματα
3283 1114 3562 1183 θαλάσσης
3597 1130 3687 1182 με-

2119 1209 2266 1276 τρεῖν
2317 1206 2351 1277 ἥ
2401 1205 2548 1275 ἄλλῳ
2577 1208 2686 1259 τινὶ
2742 1205 2850 1259 τῶν
2894 1206 3179 1261 ἀδυνάτων
3233 1208 3537 1277 ἐπιχειρεῖν
3567 1204 3600 1276 ἢ
3629 1203 3698 1258 τὰ

2122 1296 2334 1350 ἐκείνου
2358 1298 2539 1351 πάντα
2563 1297 2861 1366 πειρᾶσθαι
2880 1297 3179 1371 διὰξτέλους
3198 1298 3364 1367 ἐρεῖν.
3392 1296 3539 1364 Πλὴν
3561 1293 3698 1349 ἀλλὰ

2123 1389 2219 1443 καὶ
2253 1389 2426 1459 μικρά
2472 1406 2596 1443 τινα
2648 1389 2813 1443 πάλιν
2861 1388 3094 1443 καὶτῶν
3137 1388 3350 1443 ἐκείνου
3376 1388 3593 1457 τρόπων
3620 1386 3695 1449 εί,

2131 1481 2296 1551 μέσον
2355 1480 2560 1541 θετέον.
2597 1479 2666 1532 ἵν’
2698 1479 2908 1550 ἴδωμεν
2945 1481 3028 1533 ὅτι
3081 1472 3125 1548 ᾧ
3173 1479 3346 1534 ταῦτα
3376 1479 3691 1547 ἐπράττετο.

2127 1572 2358 1627 κάκεῖνα
2391 1572 2610 1636 πάντως
2646 1571 2930 1641 ὠφείλετο,
2958 1572 3054 1628 καὶ
3094 1574 3212 1643 ἅμα
3245 1572 3453 1643 προῖὼν
3491 1572 3573 1634 είς
3597 1568 3701 1641 μῆ-

2128 1681 2223 1726 κος
2249 1666 2276 1716 ὁ
2297 1664 2452 1733 λόγος
2477 1665 2558 1734 τῷ
2592 1665 2818 1737 ποικίλῳ
2838 1666 3186 1733 διαφεύγοιτο
3219 1664 3545 1735 προσκορές.

1665 1763 1723 1808 et
1788 1754 1950 1810 simul
1989 1768 2111 1824 quae
2148 1755 2205 1809 in
2241 1754 2461 1826 longum
2486 1756 2813 1827 producitur
2835 1760 3035 1825 oratio,
3091 1758 3358 1814 varietate
3383 1757 3578 1813 vitabit
3611 1767 3701 1810 sa-

513 1931 704 1986 XXIX.
744 1932 842 1989 llic
893 1950 1123 2006 magnus
1165 1937 1456 1994 Marcellus
1503 1954 1627 1993 cum
1675 1941 1799 2017 aliis
1854 1941 2015 1997 bonis

2191 1939 2322 1994 ΚΘ.
2357 1932 2526 2002 Οὗτος
2610 1939 2784 2009 μέγας
2800 1939 3123 2011 Μάρκελλος
3142 1938 3282 2009 μετᾶ
3297 1938 3408 1993 τῶν
3431 1940 3608 1997 ἄλλων
3629 1932 3704 1997 ὧν

439 2040 562 2093 que
588 2025 841 2087 habebat.
873 2039 1191 2082 sanctorum
1223 2036 1441 2101 qquue
1471 2032 1828 2102 reliquiarum
1857 2043 2012 2087 tene-

439 2109 604 2163 batur
643 2129 835 2182 magno
863 2122 917 2169 et
942 2117 1252 2171 vehementi
1301 2135 1510 2185 amore,
1562 2137 1656 2176 eas
1690 2122 2016 2179 existimans

440 2218 562 2257 esse
595 2203 736 2257 dona
773 2206 1037 2270 coelestia,
1067 2217 1123 2261 et
1164 2225 1355 2265 revera
1387 2211 1610 2282 plurimi
1638 2213 1889 2268 facienda
1917 2233 1931 2268 :
1961 2224 2017 2269 et

442 2294 535 2359 qui
589 2295 798 2362 alquid
851 2297 957 2349 tale
1005 2298 1071 2351 ad
1106 2315 1234 2353 eum
1288 2300 1591 2366 deferebat,
1641 2304 2020 2374 appellabatur

444 2393 693 2436 servator
732 2395 785 2437 et
827 2384 1167 2449 benefactor.
1213 2399 1269 2442 et
1309 2390 1601 2446 videbatur
1652 2408 1775 2447 esse
1816 2393 2019 2449 missus

447 2487 513 2523 ex
548 2472 682 2540 ipsis
716 2476 889 2530 caelis.
924 2477 1068 2532 Deus
1101 2478 1286 2548 itaque
1326 2483 1420 2551 qui
1459 2483 1514 2536 in
1548 2483 1652 2538 hoc
1683 2494 1937 2553 prompto
1967 2495 2024 2540 et

448 2563 616 2617 alacri
677 2566 845 2619 animi
898 2570 1081 2625 studio
1115 2571 1165 2626 ei
1221 2588 1380 2640 opem
1430 2573 1663 2638 ferebat,
1706 2576 1908 2630 multos
1956 2591 2022 2631 ex

448 2654 634 2709 multis
656 2656 791 2713 locis
818 2660 1147 2727 adducebat,
1178 2665 1272 2734 qui
1304 2666 1449 2721 hunc
1475 2667 1595 2736 ejus
1622 2683 1867 2723 amorem
1895 2683 2027 2722 con-

448 2748 781 2814 solarentur,
815 2761 870 2806 ct
900 2752 1043 2808 dona
1074 2773 1194 2826 quae
1253 2767 1413 2812 erant
1454 2760 1691 2814 maxime
1743 2759 1980 2831 optanda
2009 2801 2025 2826 ,

449 2837 761 2897 oll‘erebant
809 2845 858 2896 ei
897 2852 1156 2915 tanquam
1189 2852 1366 2904 amico
1404 2864 1419 2903 :
1456 2850 1653 2919 partim
1701 2851 1929 2921 quidem
1958 2866 2025 2906 ex

450 2928 651 2997 Persis,
679 2938 876 3002 partim
904 2948 1084 2993 autem
1111 2956 1177 2995 ex
1203 2942 1442 3012 lllyrieo,
1473 2944 1670 3013 partim
1721 2960 1786 2998 ex
1817 2944 1883 3000 iis
1909 2960 2031 3014 quae

449 3036 611 3078 erant
649 3027 856 3097 ubique
883 3032 1219 3100 regionibus.
1249 3034 1343 3088 llle
1389 3051 1515 3090 vero
1567 3036 2029 3106 quemadmodum

451 3130 577 3171 cum
644 3135 835 3190 magna
913 3138 1010 3177 sua
1059 3126 1542 3193 delectatione,ita
1626 3144 1752 3184 cum
1816 3146 2032 3184 summo

457 3208 669 3267 honore
699 3222 753 3268 et
785 3216 1092 3271 reverentia
1119 3233 1179 3271 ea
1207 3220 1516 3288 excipiebat
1556 3236 1568 3272 :
1609 3220 1776 3274 simul
1810 3222 2030 3291 quidem

454 3299 589 3356 hinc
619 3306 915 3360 ostendens
940 3323 1100 3362 suum
1155 3325 1398 3364 amorem
1435 3311 1490 3365 in
1535 3327 1883 3369 communem
1925 3314 2032 3369 Do-
2058 3297 2105 3358 δ

458 3389 693 3458 mittunt,
721 3410 1025 3462 eorumque
1051 3406 1279 3453 mortem
1306 3399 1537 3455 laudans
1566 3411 1620 3456 et
1645 3401 1860 3456 beatam
1893 3418 2032 3473 pra:-

456 3480 668 3546 dicans,
707 3485 1043 3551 etsimilem,
1072 3489 1116 3543 si
1157 3490 1273 3544 lteri
1308 3491 1595 3559 potuisset,
1635 3492 1866 3562 cupiens
1892 3509 2031 3550 con-

456 3577 903 3633 summationem.
943 3579 1120 3646 Quale
1152 3591 1337 3637 autem
1367 3597 1510 3638 esset
1546 3585 1667 3656 ejus
1695 3585 2034 3641 desiderium

458 3667 642 3723 sciens
669 3669 830 3732 Deus,
858 3681 913 3725 et
942 3671 1135 3727 volens
1162 3674 1212 3727 ei
1242 3675 1537 3743 gratiﬁcari
1561 3717 1574 3741 ,
1621 3677 1670 3730 ei
1709 3693 1850 3746 saepe
1885 3679 2037 3748 prius

456 3760 720 3824 ostendit,
745 3769 798 3815 et
827 3763 979 3832 prius
1009 3764 1364 3833 signiﬁcavit,
1402 3767 1507 3822 hoc
1537 3776 1632 3821 aut
1659 3769 1752 3823 illo
1784 3770 1873 3825 die
1900 3785 2030 3825 ven-

460 3859 642 3905 turum
680 3852 940 3924 aliquem,
965 3856 1060 3924 qui
1089 3856 1139 3910 ei
1169 3857 1241 3911 sit
1273 3846 1543 3912 allaturos
1570 3874 1633 3913 ea
1664 3856 1783 3928 qna:
1807 3860 2025 3915 deside-

459 3951 566 3999 rat.
604 3944 699 4000 llle
737 3962 869 4001 vero
904 3956 960 4002 et
998 3950 1114 4019 ipse
1146 3966 1204 4004 se
1235 3951 1598 4021 prteparabat,
1628 3962 1684 4007 et
1708 3953 1940 4010 curabat
1979 3963 2040 4011 ut

464 4046 613 4091 esset
639 4046 786 4093 totus
807 4041 926 4110 ejus
952 4056 1086 4111 grex
1113 4054 1361 4113 paratus,
1388 4052 1444 4098 et
1473 4044 1548 4099 ita
1595 4043 1907 4101 vehementi
1945 4063 2038 4101 ar—

467 4128 730 4200 dentique
771 4144 923 4187 motu
953 4134 1163 4197 cordis,
1205 4142 1263 4190 et
1287 4136 1524 4206 supinis,
1556 4147 1616 4190 ut
1645 4137 1822 4198 aiunt.
1855 4132 2036 4194 mani-

459 4223 567 4279 bus
610 4226 875 4295 pretiosas
913 4229 1247 4298 suscipiebat
1297 4228 1580 4299 reliquias.
1656 4229 2043 4285 Verumenim-

464 4333 599 4373 vero
633 4335 702 4375 ne
735 4320 839 4374 hoc
869 4321 1089 4390 quidem
1112 4337 1331 4391 aequum
1360 4332 1442 4378 est
1467 4324 1914 4393 praetermittere.
1956 4325 2040 4380 Ad

464 4422 591 4461 eum
624 4409 776 4463 venit
804 4410 1107 4480 aliquando
1130 4413 1426 4483 quispiam,
1453 4423 1509 4470 et
1554 4416 1820 4485 quasdam
1861 4419 1911 4473 ei
1956 4434 2044 4473 sa-

464 4520 588 4560 cras
622 4504 853 4560 tradidit
904 4508 1186 4577 reliquias,
1219 4508 1413 4564 dicens
1459 4525 1557 4565 eas
1607 4526 1728 4566 esse
1780 4515 2041 4584 martyris

2122 2027 2234 2101 εἶχε
2259 2032 2440 2084 καλῶν
2461 2031 2554 2084 καὶ
2574 2033 2702 2102 περὶ
2715 2032 2787 2086 τὰ
2800 2032 2907 2087 τῶν
2926 2031 3094 2101 ἁγίων
3114 2032 3342 2103 λείψανα
3358 2034 3525 2089 πολὺν
3548 2035 3706 2089 ὥδινε

2122 2123 2213 2177 τὸν
2242 2123 2422 2193 ἔρωτα
2458 2125 2554 2177 καὶ
2589 2124 2814 2195 θερμὸν,
2840 2124 2989 2195 δῶρα
3015 2124 3187 2178 ταῦτα
3217 2125 3454 2194 νομίζων
3480 2126 3708 2196 οὐράνια

2126 2214 2219 2268 καὶ
2238 2214 2480 2285 ἀτεχνῶς
2514 2213 2638 2279 ἄξια
2670 2214 2766 2268 τοῦ
2795 2215 3021 2281 παντὸς,
3077 2214 3171 2268 καὶ⁸
3196 2216 3223 2269 ὅ
3251 2220 3319 2284 τέ
3364 2233 3421 2270 τι
3468 2217 3709 2274 τοιοῦτον

2126 2305 2274 2376 αὐτῷ
2302 2307 2544 2376 κομίζων
2576 2309 2759 2381 σωτὴρ
2792 2308 3039 2363 ἐκαλεῖτο
3074 2311 3169 2363 καὶ
3198 2309 3514 2379 εὗεργὲτης.
3536 2313 3635 2365 καὶ
3653 2309 3711 2377 ἐξ

2128 2398 2307 2450 αὐτῶν
2328 2398 2501 2450 ἐδόκει
2526 2399 2844 2470 πεμφθῆναι
2866 2400 2976 2453 τῶν
3002 2401 3269 2472 οὐρανῶν.
3296 2401 3590 2473 Τοιγάρτοι
3617 2404 3712 2457 καὶ

2129 2489 2260 2551 Θεὸς
2288 2491 2437 2561 αὐτῷ
2457 2491 2557 2559 τῆς
2585 2492 2900 2562 προθυμίας
2954 2493 3433 2564 συνεφαπτόμενος
3483 2495 3712 2559 πολλοὺς

2131 2580 2458 2653 πολλαχόθεν
2484 2579 2588 2654 ἦγε
2619 2584 2709 2637 τὸν
2736 2584 2916 2654 ἔρωτα
2941 2585 3469 2657 παραμυθουμένους
3487 2588 3713 2648 καὶτοῖς

2132 2673 2535 2737 ποθεινοτᾶτοις
2571 2676 2734 2731 αὐτὸν
2767 2678 2844 2741 ὡς
2883 2679 3038 2746 φίλον
3082 2679 3279 2750 δώροις
3308 2678 3712 2750 δεξιουμένους,

2132 2766 2291 2820 τοῦτο
2323 2768 2503 2838 μὲνέκ
2529 2768 2941 2839 Περσιῗ›ν,τοῦτο
2968 2771 3028 2825 δὲ
3060 2771 3119 2836 ἐξ
3155 2771 3454 2843 Ἰλλυριῶν,
3476 2773 3636 2826 τοῦτο
3656 2772 3714 2826 δὲ

2135 2859 2229 2911 καὶ
2254 2862 2319 2912 ὲκ
2339 2860 2445 2912 τῶν
2470 2861 2814 2931 ἁπανταχοῦ.
2866 2860 2926 2915 '0
2955 2863 3012 2916 δὲ
3042 2865 3119 2926 ὼς
3167 2862 3233 2918 ἂν
3265 2865 3440 2927 εἴποις
3464 2868 3558 2917 καὶ
3591 2864 3714 2931 μεθ’

2135 2951 2268 3020 ὅσης
2295 2953 2433 3005 αὐτὰ
2464 2954 2564 3023 τῆς
2623 2955 2837 3024 ἡδονῆς,
2874 2956 2998 3025 μεθ’
3043 2957 3175 3023 ὅσης
3210 2957 3265 3009 δὲ
3294 2956 3396 3026 τῆς
3416 2957 3582 3026 τιμῆς
3620 2958 3717 3012 καὶ

2136 3044 2236 3114 τῆς
2254 3043 2438 3109 αἰδοῦς
2465 3045 2781 3116 ὑπεδεχετο,
2812 3047 2949 3118 ὁμοῦ
2981 3048 3078 3119 μὲν
3101 3049 3351 3103 ἐντεῦθεν
3378 3049 3441 3103 τδ
3462 3052 3600 3121 πρὸς
3623 3049 3716 3104 τὸν

2139 3138 2317 3190 κοινὸν
2350 3137 2626 3208 Δεσπότην
2663 3138 2884 3209 φίλτρον
2929 3139 3306 3205 ἐπιδεικνύων,
3354 3141 3490 3210 όμοῦ
3518 3142 3575 3196 δὲ
3621 3142 3716 3197 καὶ

2142 3225 2318 3297 ζηλῶν
2351 3227 2549 3291 αὐτοὺς
2585 3228 2679 3282 τοῦ
2712 3229 2946 3283 θανάτου
2984 3231 3078 3283 καὶ
3110 3232 3209 3299 τῆς
3232 3233 3427 3301 ὁμοίας
3456 3234 3509 3286 εῖ
3536 3249 3598 3302 τε
3626 3234 3717 3286 δυο

2137 3321 2592 3391 νατδνὲπιθυμῶν
2617 3322 2975 3387 τελειώσεως.
3008 3324 3215 3379 Τοῦτον
3235 3326 3407 3381 αὐτοῦ
3433 3329 3526 3381 τὸν
3550 3327 3714 3382 πόθον

2136 3412 2294 3477 εἰδὼς
2324 3410 2435 3478 οἷος
2461 3410 2530 3487 ἦν
2560 3418 2587 3469 ὁ
2608 3415 2740 3478 Θεὸς
2759 3417 2855 3471 καὶ
2876 3417 3200 3489 χαρίζεσθαι
3234 3419 3564 3490 βουλόμενος
3586 3420 3714 3476 πολ-

2136 3505 2293 3570 λάκις
2327 3507 2477 3576 αὐτῷ
2508 3509 2601 3561 καὶ
2647 3508 2967 3579 προεδείκνυ
3015 3513 3108 3565 καὶ
3149 3514 3558 3583 προεσήμαινεν
3580 3555 3595 3577 ,
3630 3516 3713 3571 ὅτι

2136 3599 2298 3669 τῆσδε
2329 3599 2429 3670 τῆς
2469 3601 2684 3672 ἡμέρας
2737 3602 2830 3657 καὶ
2857 3602 3111 3672 ἀφίξεταί
3150 3622 3240 3669 τις
3293 3606 3536 3673 κομίζων
3562 3607 3717 3679 αὐτῷ

2137 3696 2206 3748 τὰ
2237 3695 2569 3767 ποθούμενα.
2638 3698 2696 3751 '0
2748 3698 2806 3751 δὲ
2856 3699 3019 3762 αὑτός
3050 3718 3111 3754 τε
3155 3702 3603 3771 παρεσκευάζετο
3622 3703 3717 3757 καὶ

2139 3789 2287 3844 ἅπαν
2307 3788 2367 3841 τὸ
2391 3789 2483 3842 ὑπ’
2504 3789 2655 3859 αὐτῷ
2683 3790 2935 3859 ποίμνιον
2957 3789 3232 3862 θεώμενος
3253 3794 3552 3860 εὐπρεπὲς,
3574 3794 3718 3849 οὕτω

2140 3877 2331 3949 θερμῷ
2365 3879 2632 3949 κινήματι
2659 3878 2759 3949 τῆς
2781 3879 3011 3949 καρδίας
3038 3883 3132 3934 καὶ
3159 3881 3401 3945 ὑπτίαις,
3422 3882 3454 3936 ὃ
3477 3882 3714 3950 λέγεται.

2140 3971 2262 4034 ταῖς
2292 3974 2453 4042 χερσὶ
2480 3969 2551 4024 τὰ
2568 3970 2727 4041 τίμια
2751 3970 3064 4042 ὑπεδέχετο.
3090 3973 3237 4043 Πλὴν
3266 3972 3383 4028 ἀλλ’
3415 3973 3538 4028 οὐδὲ
3560 3975 3718 4027 τοῦτο

2141 4061 2476 4132 παραλιπεῖν
2530 4060 2703 4127 ἄξιον.
2747 4054 2892 4117 Ἧκέ
2943 4080 3030 4128 τις
3062 4064 3201 4135 πρὸς
3251 4066 3413 4120 αὐτόν
3444 4083 3595 4131 ποτε,
3623 4064 3719 4120 καὶ

2142 4156 2310 4223 ίεροῖς
2343 4170 2456 4208 τισι
2506 4154 2697 4209 τοῦτον
2753 4154 3025 4218 ἐδεξιοῦτο
3071 4155 3382 4226 λειψάνοις’
3437 4158 3611 4212 ταῦτα
3637 4159 3716 4223 εδ.

2143 4243 2341 4313 λέγων,
2375 4243 2470 4297 τοῦ
2517 4243 2665 4297 θείου
2701 4242 2984 4315 μάρτυρος
3041 4244 3129 4315 είη
3159 4246 3509 4316 Οὑρσικίνον.
3574 4245 3635 4300 ⁸0
3662 4244 3721 4299 δι

2141 4336 2354 4409 ἐδέχετο
2385 4336 2487 4404 μὲν
2518 4335 2978 4406 μεγαλοπρεπῶς,
3009 4338 3106 4391 καὶ
3125 4338 3224 4407 τὴν
3248 4337 3506 4393 εἰωθυῖαν
3535 4339 3720 4402 αὐτοῖς

2143 4429 2420 4501 ἑώρταζεν
2477 4429 2693 4500 ἑορτήν.
2750 4429 2886 4499 Περὶ
2910 4428 2967 4483 δὲ
3013 4429 3114 4494 τὰς
3153 4430 3480 4501 νυκτερινὰς
3508 4431 3721 4485 ἑστῶτα

2145 4518 2309 4590 εὐχὰς
2334 4518 2576 4585 τοιοῦτος
2618 4519 2783 4574 αὑτὸν
2813 4520 3125 4592 ὑπέκρουσε
3148 4522 3433 4593 λογισμὸς,
3471 4523 3548 4595 μὴ
3580 4525 3609 4578 ὁ
3659 4523 3722 4576 τὸ

465 4596 729 4654 Ursicini.
762 4598 855 4655 Ille
883 4610 1065 4657 autem
1094 4600 1383 4673 magniﬁce
1409 4602 1633 4672 quidem
1666 4620 1760 4660 eas
1797 4607 2029 4677 excepit1

2146 4613 2318 4683 δώρου
2352 4611 2515 4669 τοῦτο
2563 4612 2951 4686 προσενεγκὼν
2979 4614 3149 4669 αὐτοῦ
3197 4617 3588 4687 κατεψεύσατο,
3627 4618 3721 4674 καὶ

463 4700 522 4747 et
549 4701 871 4747 consuetum
902 4694 983 4746 eis
1010 4692 1207 4747 festum
1240 4694 1561 4752 celebravit.
1587 4694 1724 4750 Cum
1762 4713 1895 4750 vero
1926 4708 2042 4752 sta-

467 4794 553 4840 ret
587 4784 654 4839 ad
679 4801 870 4855 preces
901 4798 1224 4851 nocturnas,
1243 4786 1364 4840 talis
1387 4802 1511 4841 eum
1545 4787 1717 4841 subiit
1748 4789 2038 4859 cogitatio,

467 4891 538 4930 nc
570 4876 664 4946 qui
693 4878 796 4933 hoc
819 4878 1023 4933 donum
1068 4879 1117 4934 ei
1164 4878 1445 4945 attulerat,
1477 4878 1543 4934 de
1569 4893 1636 4933 eo
1661 4889 1810 4935 esset
1844 4881 2042 4936 menti-

468 4976 578 5025 tus.
607 4975 789 5022 etnon
815 4979 1002 5024 essent
1030 4969 1277 5040 reliquiae
1299 4971 1558 5042 martyris
1578 4970 1837 5027 Ursicini.
1863 4971 2041 5028 Simul

468 5067 633 5128 atque
665 5060 781 5115 haec
806 5061 1087 5131 cogitavit,
1112 5063 1336 5132 quidam
1368 5079 1441 5119 ex
1471 5063 1538 5118 iis
1558 5064 1651 5134 qui
1686 5079 1791 5118 una
1821 5079 1947 5119 cum
1973 5079 2040 5120 eo

469 5151 837 5217 fungebantur
863 5152 1065 5216 ollicio,
1093 5163 1352 5223 tanquam
1397 5169 1427 5207 a
1460 5153 1571 5209 Deo
1608 5153 1820 5209 amatus
1851 5168 2045 5208 accur-

470 5257 599 5296 rens
625 5263 639 5298 :
663 5244 746 5299 Ne
779 5258 1003 5310 temere,
1036 5245 1234 5315 inquit,
1277 5259 1310 5300 ο
1347 5246 1529 5309 Pater,
1578 5245 1824 5300 dubites.
1864 5245 2043 5314 Magni

469 5332 615 5388 enim
639 5334 871 5391 Ursicini
918 5336 1002 5392 hae
1039 5346 1168 5392 sunt
1213 5352 1359 5393 verae
1404 5337 1669 5409 reliquiae.
1725 5337 1808 5392 lta
1857 5337 2045 5393 divina

471 5426 716 5495 providit
740 5429 936 5497 gratia,
975 5440 1035 5485 ut
1060 5440 1353 5487 curaretur
1389 5431 1538 5501 quod
1571 5431 1617 5487 is
1658 5431 1848 5485 animo
1878 5430 2046 5485 dubi-

475 5517 648 5583 tabat,
669 5535 738 5575 ne
758 5521 1101 5578 dubitatione
1122 5525 1239 5595 ejus
1270 5525 1437 5579 ardor
1484 5526 1825 5595 frigesceret.
1864 5524 2043 5593 Atque

477 5607 596 5664 ba'c
627 5621 747 5667 erat
780 5613 998 5683 quidem
1028 5616 1146 5685 ejus
1181 5616 1466 5687 diligentia
1516 5616 1570 5670 in
1623 5616 1882 5687 parandis
1918 5615 2045 5670 reli-

480 5702 646 5769 quiis.

554 5794 720 5853 ΧΧΧ.
740 5796 963 5854 Divitias
994 5808 1177 5855 autem
1210 5809 1264 5855 ct
1292 5799 1553 5868 pecunias
1581 5799 1655 5854 ita
1681 5798 2047 5868 despiciebat,

2147 4705 2210 4759 οὐ
2242 4704 2338 4758 τοῦ
2371 4706 2652 4778 μάρτυρος
2699 4708 2786 4779 εἴη
2814 4708 3140 4778 Οὺρσικίνου
3183 4709 3253 4763 τὰ
3276 4709 3528 4781 λείψανα.
3568 4712 3721 4783 ’Δμα

2147 4798 2322 4851 ταῦτα
2373 4798 2728 4866 διελογίσατο,
2790 4798 2884 4852 καί
2932 4815 3019 4862 τις
3053 4799 3202 4869 αὐτῷ
3227 4801 3337 4854 τῶν
3376 4800 3723 4872 συλλειτουρ-

2147 4889 2389 4958 γούντων
2417 4891 2609 4961 ὥσπερ
2636 4889 2823 4954 ἔνθους
2855 4890 3142 4959 γινόμενος
3202 4891 3592 4963 προσδραμὼν,
3626 4894 3719 4965 Μὴ

2151 4983 2350 5050 μάτην,
2389 4985 2515 5052 ἔφη,
2581 4982 2797 5050 Πάτερ,
2851 4981 3200 5053 ἀμφίϐαλλε’
3257 4982 3585 5052 Οὑρσικίνου
3611 4983 3722 5054 γὰρ

2148 5071 2363 5141 ἀληθῶς
2384 5073 2542 5127 ratust
2568 5070 2640 5124 τὰ
2668 5070 2915 5142 λείψανα.
2963 5069 3154 5134 Οὕτως
3197 5072 3224 5141 ἡ
3259 5070 3420 5142 χάρις
3448 5071 3723 5143 οίκονομεῖ

2149 5164 2554 5236 θεραπευθῆναι
2609 5165 2761 5236 αὑτῷ
2811 5162 2883 5218 τὰ
2916 5162 3061 5219 κατὰ
3099 5162 3225 5218 νοῦν
3280 5163 3721 5235 ὲπιδοιαζόμενον

2153 5254 2239 5309 ῖνα
2273 5254 2430 5326 μὴτὸ
2451 5254 2582 5326 περὶ
2610 5255 2678 5308 τὰ
2722 5255 2864 5307 καλὰ
2896 5252 3098 5324 θερμὸν
3139 5251 3302 5307 αὐτοῦ
3330 5253 3426 5308 καὶ
3456 5253 3723 5324 διάπυρον

2152 5345 2485 5416 ἀμφιϐολίας
2503 5346 2730 5418 τρόποις
2756 5344 3090 5416 ψυχρότερον
3113 5347 3379 5416 καταστῇ.
3411 5344 3575 5400 1Δλλὰ
3597 5346 3725 5415 περὶ

2154 5438 2256 5508 μὲν
2286 5437 2386 5508 τὴν
2421 5438 2528 5492 τῶν
2572 5437 2733 5492 θείων
2773 5435 3041 5506 λειψάνων
3101 5436 3295 5505 κτῆσιν
3353 5435 3528 5502 οὕτως
3573 5433 3721 5508 εἶχεν

2151 5525 2446 5599 ἐπιμελῶς.

2230 5793 2311 5847 A'.
2338 5794 2576 5849 Πλούτου
2611 5794 2666 5858 δὲ
2692 5795 2944 5851 τοσοῦτον
2981 5813 3076 5852 και
3099 5810 3400 5868 χρηματων
3436 5794 3735 5866 ὑπεριὼρι.
