4128 6384
997 280 1055 295 ὠ

436 343 542 414 Ἰ3τ

1326 348 1510 411 νιτΑ
1545 348 1606 407 S.
1656 340 2046 406 MARCELLI
2091 341 2786 403 ARCHIMANDRITJE.

3500 394 3509 401 .
3593 344 3699 409 738

435 460 511 533 ὥς
541 467 637 522 καὶ
669 464 956 537 προλαϐὼν
1001 468 1030 520 ὀ
1056 464 1213 533 λόγος
1244 463 1339 518 καὶ
1367 463 1463 518 νῦν
1492 462 1549 516 δὲ
1597 461 1677 515 ἔτι
1709 459 2006 529 σαφέστατα

2129 464 2188 508 ιιι
2224 462 2280 510 et
2304 470 2427 526 qua:
2467 455 2768 524 puccessit,
2800 463 2853 510 et
2880 469 3002 525 qua:
3038 469 3184 508 nunc
3243 454 3517 525 sequitur,
3548 469 3705 524 aper-

435 561 682 633 γνωριεῖ.
735 556 1063 631 Μαρκέλλου
1111 556 1223 628 γάρ
1273 558 1336 610 ὲκ
1370 553 1674 626 προοιμίων
1722 552 1899 606 πάντα
1929 551 2021 603 τὶν
2050 594 2067 603 -

432 648 552 720 βίον
586 645 975 711 ἀπολιπόντος,
1012 643 1110 697 καὶ
1149 644 1318 714 αὐτῆς
1363 642 1421 696 δὲ
1444 642 1543 711 τῆς
1585 640 1763 703 οἰκίας
1814 639 2026 692 ἀπανα-

436 741 683 801 στάντος,
743 737 772 790 ὁ
821 735 1053 806 ἁδελφὸς
1082 733 1233 806 αὐτῷ
1291 735 1434 787 κατὰ
1463 732 1643 802 σάρκα
1673 731 1765 784 τδν
1806 729 2020 783 ἐκείνου

433 820 640 900 κλῆρον
671 825 1006 899 παραλαϐὼν
1053 828 1147 879 καὶ
1174 824 1395 878 πάντων
1431 820 1721 900 ὀμοῦ,-τῶν
1750 817 2021 889 πατρῴων

429 920 714 984 καταστὰς
773 919 987 992 κύριος,
1024 912 1147 972 εἶτα
1199 918 1296 971 καλ⁸
1347 915 1437 969 διὰ
1463 892 1646 981 πάσης
1702 909 2019 972 ἀπολαύσας

430 1016 612 1071 αὐτῶν
633 1015 729 1084 τῆς
754 1013 923 1083 ζωῆς,
954 1010 1142 1081 ἐπειδὴ
1166 1011 1414 1081 θνήσκει,
1444 1006 1637 1077 ἔμελλε
1660 1005 1754 1058 τοῦ
1783 1003 2015 1056 πλούτου

429 1106 635 1171 παντὸς
665 1105 1005 1175 κληρονόμον
1057 1101 1494 1170 καταλιμπάνειν
1540 1099 1633 1151 τὸν
1668 1095 2012 1168 Μάρκελλον.

441 1198 502 1254 Ὀ
534 1200 592 1253 δὲ
629 1198 690 1251 οὐ
738 1197 898 1265 μόνον
947 1196 1054 1249 ἴδια
1085 1196 1188 1248 οὐκ
1246 1193 1400 1247 ἔθετο
1442 1192 1514 1245 τὰ
1555 1188 2013 1257 καταλειφθέντα,

426 1290 542 1345 ἀλλ’
583 1290 705 1344 οὐδὲ
734 1289 868 1359 πρὸς
918 1288 988 1341 τὰ
1014 1288 1170 1341 κοινά
1221 1286 1321 1356 τῆς
1372 1284 1540 1356 μονῆς
1576 1282 1795 1352 ἔκρινεν
1829 1278 2014 1343 αὐτοῖς

426 1382 758 1453 χρήσασθαι.
792 1379 987 1432 Ἔνθεν
1048 1395 1134 1432 τοι
1185 1378 1280 1460 καὶ
1327 1376 1498 1447 ἀγρὸν
1531 1373 1852 1443 ὠνήσασθαι
1899 1373 2014 1435 τοῖς

430 1472 687 1542 μοναχοῐς
714 1469 1057 1540 αἰτουμένοις
1080 1466 1271 1521 οὐδένα
1304 1466 1506 1537 μᾶλλον
1535 1466 1744 1526 ἐκεῖνος
1783 1461 1891 1530 ἔφη
1912 1460 2014 1531 τῆς

425 1565 505 1627 είς
529 1562 766 1633 Χριστὸν
821 1561 1038 1625 ἐλπίδος
1083 1559 1256 1633 ἀγρὸν
1293 1557 1496 1612 εἰδέναι
1529 1556 2009 1626 πολυφορώτερον.

425 1654 492 1710 Τί
530 1653 624 1709 οὖν
645 1655 786 1721 ἔγνω
812 1655 940 1724 περ)⁴
969 1652 1065 1707 τοῦ
1090 1651 1348 1723 πατρῴου
1381 1650 1639 1716 πλούτου,
1671 1652 1768 1703 καὶ
1802 1649 1915 1711 πῶς
1944 1646 2013 1701 τά

423 1748 546 1802 κατ’
570 1750 778 1802 ἐκεῖνον
818 1748 1130 1816 οἰκονομεῖ;
1183 1744 1433 1815 Ἑτέροις
1491 1741 1674 1813 φέρων
1722 1740 2010 1795 ἀναλίσκει

422 1835 865 1907 φροντιστηρίοις
895 1834 1089 1898 ἐνδεῶς
1111 1833 1296 1902 ἔχουσι
1332 1833 1428 1885 καὶ
1460 1830 1884 1900 ἀπορουμένοις,
1904 1830 2006 1883 ὅσα

420 1943 482 1980 τε
513 1928 573 1979 ἄν
599 1927 828 1997 ἀνδράσι
853 1928 947 1980 καὶ
985 1924 1232 1994 γυναιξὶν
1267 1918 1354 1996 ἦν.
1386 1922 1500 1977 Καὶ
1525 1923 1699 1993 ταύτῃ
1733 1920 1835 1993 μὲν
1860 1921 2006 1974 ὲκεί-

423 2037 532 2084 νοις
556 2021 761 2074 διαλύει
784 2020 884 2090 τὴν
916 2020 1174 2093 ἀπορίαν.

492 2202 622 2257 AA'.
654 2200 736 2254 Τὰ
763 2200 820 2253 δὲ
857 2216 923 2253 πε
934 2200 987 2271 pi
1016 2198 1116 2271 τὴν
1154 2198 1399 2271 μεγάλην
1428 2198 1725 2270 θεομηνίαν
1758 2199 1815 2252 ὲν
1904 2199 2000 2253 πό-

418 2292 504 2348 λιν
534 2292 684 2364 ὃλην,
719 2291 817 2363 τὴν
840 2291 1254 2346 Κωνσταντίνου
1304 2292 1473 2359 λέγω,
1503 2290 1752 2358 διέσωσε,
1780 2290 1861 2356 τίς
1902 2292 2003 2361 μὲν

417 2386 709 2458 ἀνάσχοιτο
740 2388 918 2458 σιωπῇ
957 2388 1284 2456 παρελθεῖν;
1342 2385 1428 2450 τίς
1455 2386 1513 2440 δὲ
1552 2384 1731 2450 οὕτως
1766 2385 2001 2457 ὀκνηρὸς

415 2476 476 2543 δς
509 2479 609 2532 οὐκ
641 2478 875 2532 ἀκοῦσαι
907 2478 1330 2550 προθυμηθείη;
1360 2478 1592 2541 Λέοντος
1621 2478 1716 2532 τοῦ
1754 2478 1996 2549 μεγάλου

415 2572 487 2626 τά
535 2571 635 2641 τῆς
694 2571 974 2644 βασιλείας
1014 2571 1272 2642 σκῆπτρα
1330 2570 1616 2633 διέποντος
1652 2569 1998 2641 ’ἐμπρησμὸς

416 2666 629 2733 γίνεται
662 2664 807 2718 κατὰ
836 2663 995 2736 τήνδε
1039 2662 1142 2734 τὴν
1177 2662 1359 2730 πόλιν,
1388 2662 1484 2717 καὶ
1514 2661 1846 2733 ἐμπρησμὸς
1884 2662 1996 2715 τῶν

417 2761 640 2812 πώποτε
676 2754 1167 2828 μνημονευομένων
1186 2754 1215 2807 ὁ
1246 2753 1508 2825 μέγιστός
1531 2769 1590 2806 τε
1617 2752 1712 2806 καὶ
1745 2751 1998 2822 χαλεπώ-

416 2868 600 2916 τατος.
642 2850 782 2922 Ἤδη
803 2847 862 2902 δὲ
903 2849 1082 2920 ἀρχὴν
1111 2846 1345 2918 ἐχούσης
1372 2846 1474 2917 τῆς
1508 2846 1800 2917 συμφορᾶς
1831 2845 2000 2898 ἀκου-

418 2943 549 3013 στὴς
573 2944 603 2995 δ
637 2943 809 3012 μέγας
842 2942 1013 3009 αὐτῆς
1057 2940 1270 3010 γίνεται
1302 2940 1395 2993 καὶ
1421 2940 1502 3002 είς
1536 2938 1805 3008 οὐρανοὺς
1832 2936 1998 3001 εὐθὺς

415 3036 729 3105 ἀναϐλέψας
756 3033 853 3088 καὶ
879 3031 1158 3103 δακρύσας
1189 3031 1323 3086 πολὺ
1348 3029 1568 3101 μερίζει
1584 3029 1683 3100 τὴν
1701 3028 1996 3099 τιμωρίαν,

417 3127 621 3199 μᾶλλον
649 3126 706 3179 δὲ
737 3124 799 3179 τὸ
836 3124 1094 3178 πλεῖστον
1126 3122 1299 3194 αὐτῆς
1349 3121 1622 3190 κουφίζει.
1656 3119 1730 3172 Τὸ
1762 3119 1863 3188 μὲν
1890 3119 1994 3191 γὰρ
2027 3142 2067 3192 (ζ

413 3219 509 3276 τοῦ
542 3220 717 3290 πυρὸς
766 3218 834 3271 τά
883 3216 1097 3270 ἐκείνου
1130 3214 1416 3268 σὸέννουσι
1455 3213 1688 3283 δάκρυα,
1738 3213 1799 3265 τὺ
1826 3211 1882 3265 δὲ
1917 3212 1997 3276 είς

414 3313 665 3367 παιδείαν
693 3309 998 3379 ὑπελείφθη
1033 3310 1146 3372 τοῖς
1177 3306 1524 3373 Βυζαντίας-
1548 3305 1677 3376 ὃλην
1704 3305 1813 3375 γάρ
1836 3303 1998 3357 ὑπεί-

412 3408 593 3478 ληπτο
622 3402 1019 3475 διανεμηθῆναι
1042 3400 1139 3471 τὴν
1174 3399 1350 3454 πόλιν.
1384 3399 1442 3450 ⁸0
1465 3397 1523 3452 δὲ
1546 3397 1607 3451 τὸ
1642 3398 1743 3469 μὲν
1768 3400 1996 3466 στήσας,

413 3505 477 3556 τὸ
509 3502 568 3555 δὲ
626 3500 918 3571 προγνοὺς,
951 3494 1089 3550 Φεῦι
1127 3494 1231 3567 ἔφη
1264 3493 1584 3564 περιωδύνῳ
1625 3494 1777 3564 φωνῇ
1804 3509 1816 3521 ·
1843 3492 1997 3563 ἤλγει

412 3592 523 3665 γὰρ
554 3591 632 3663 μὴ
654 3590 715 3644 τὸ
748 3589 856 3644 πᾶν
886 3589 1089 3641 ἔπαυεν
1118 3585 1193 3650 ὡς
1224 3584 1359 3639 πολὺ
1385 3585 1446 3638 τὸ
1469 3583 1675 3655 πλῆθος
1714 3584 1823 3637 τῶν
1855 3586 1996 3654 ἡμε-

411 3688 589 3756 τέρων
619 3682 929 3755 ἁμαρτιῶν,
966 3681 1059 3736 καὶ
1091 3681 1239 3735 δοκεῖ
1289 3679 1368 3749 τῷ
1419 3676 1542 3747 θεῴ
1584 3678 1693 3731 ἀπὸ
1723 3677 1998 3748 θαλάττης

414 3775 654 3848 ὲρπῦσαι
681 3777 742 3829 τδ
766 3775 900 3847 πῦρ,
936 3774 1032 3829 καὶ
1059 3771 1251 3844 ὥσπερ
1276 3769 1429 3841 βέλος
1461 3772 1522 3824 τὸ
1558 3772 1657 3842 μὲν
1687 3771 1854 3840 μέσον
1882 3770 1997 3824 δια-

414 3873 624 3942 τεμεῖν,
647 3869 756 3922 τῶν
790 3869 856 3922 ὲκ
883 3866 1116 3937 πλαγίου
1150 3865 1209 3919 δὲ
1264 3864 1582 3937 φείσασθαι,
1626 3863 1655 3917 ὃ
1682 3863 1747 3934 δὴ
1776 3863 1872 3917 καὶ
1901 3860 1997 3933 γέ-

414 3980 562 4033 γονε,
592 3962 685 4016 καὶ¹
714 3962 775 4015 τὸ
811 3959 925 4032 πῦρ
969 3962 1033 4014 ὲκ
1064 3958 1159 4013 τοῦ
1195 3958 1533 4030 καλουμένου
1579 3956 1828 4027 Νεωρίου
1857 3957 1995 4027 (sic)

412 4055 515 4129 τὴν
540 4054 717 4127 ἀρχὴν
745 4053 985 4124 εἰληφὼς
1010 4053 1169 4122 δίκηιΙ
1200 4052 1379 4122 ζώνης
1408 4050 1509 4122 τὴν
1546 4049 1703 4103 πόλιν
1754 4048 1885 4120 ὃλην
1917 4049 1999 4103 δι-

415 4147 642 4215 έζωσεν,
675 4148 756 4210 είς
812 4145 870 4199 δὲ
912 4143 1010 4216 τὴν
1064 4144 1297 4213 ἀντικρὺ
1345 4142 1660 4195 κατέπαυσε
1716 4138 1997 4195 θάλασσαν

413 4240 607 4311 ὥσπερ
644 4237 1064 4311 παραδεικνύων
1103 4237 1186 4289 ὅτι
1213 4236 1344 4289 αὐτὸ
1378 4234 1476 4304 μὲν
1500 4233 1623 4288 καθ’
1646 4233 1774 4304 ὅλης
1798 4232 1997 4304 ἐχώρει

413 4335 513 4406 τῆς
537 4334 768 4400 πόλεως,
817 4332 897 4396 είς
928 4330 986 4385 δὲ
1018 4329 1276 4384 τοσοῦτον
1310 4327 1399 4382 διὰ
1451 4326 1777 4399 Μάρκελλον
1834 4342 1998 4398 περι-

415 4428 571 4497 tm.

2126 547 2233 601 tius
2258 546 2605 602 declaratura
2631 556 2715 601 cst
2743 548 2940 600 oratio.
2973 544 3105 600 Nam
3137 560 3262 601 cum
3300 545 3594 602 Marcellus
3626 547 3699 602 ab

2124 635 2284 690 initio
2309 651 2504 691 omnes
2530 637 2850 707 reliquisset
2881 636 3187 701 facultates,
3218 645 3384 707 atque
3438 638 3579 692 adeo
3624 638 3695 692 ab

2127 727 2247 796 ipsa
2278 726 2446 782 etiam
2478 727 2645 781 domo
2672 728 3042 792 discessisset,
3070 737 3125 783 et
3156 729 3254 798 qui
3287 740 3406 784 erat
3447 730 3497 785 ei
3532 729 3701 784 frater

2126 820 2438 874 secundum
2466 836 2712 883 carnem.
2746 822 3051 891 accepisset
3086 822 3235 875 illius
3274 822 3652 877 luereditatem
3680 864 3700 891 ,

2117 919 2173 967 et
2201 921 2561 980 paternorum
2595 914 2845 967 omnium
2879 914 3149 968 bonorum
3179 913 3408 969 eil‘ectus
3428 922 3577 970 esset
3603 914 3703 969 do-

2119 1004 2327 1069 minus,
2355 1012 2410 1059 et
2445 1014 2557 1059 tota
2582 1020 2681 1060 sua
2714 1005 2827 1058 vita
2851 1006 2934 1059 eis
2963 1015 3108 1059 esset
3139 1021 3296 1067 usus,
3319 1005 3366 1060 is
3397 1023 3520 1062 cum
3547 1017 3697 1063 esset

2119 1096 2450 1160 moriturus,
2488 1097 2753 1167 relinquit
2786 1097 3097 1152 Marcellum
3131 1098 3403 1152 haeredcm
3452 1099 3700 1153 omnium

2117 1204 2341 1243 suarum
2369 1188 2724 1244 divitiarum.
2753 1189 2847 1244 Ille
2877 1201 3058 1244 autem
3085 1205 3173 1256 ea,
3209 1206 3330 1261 quae
3358 1191 3462 1245 sibi
3498 1192 3694 1248 relicta

2116 1279 2358 1346 fuerant,
2386 1297 2494 1335 non
2516 1282 2693 1335 solum
2720 1295 2817 1336 sua
2853 1297 2960 1336 non
2992 1297 3117 1336 esse
3151 1285 3337 1344 duxit.
3367 1282 3463 1337 sed
3492 1298 3591 1349 nec
3615 1284 3685 1339 iis

2116 1373 2385 1427 utendum
2446 1372 2552 1428 sibi
2619 1376 2839 1429 censuit
2881 1375 2948 1429 ad
2999 1390 3292 1430 commune
3344 1376 3690 1432 monasterii.

2114 1466 2257 1523 Hinc
2281 1483 2405 1522 cum
2432 1468 2690 1523 monachi
2726 1478 3002 1540 peterent,
3035 1480 3093 1524 ut
3118 1486 3310 1542 agrum
3340 1482 3570 1536 emeret,
3606 1473 3700 1529 ille

2116 1558 2198 1612 eis
2234 1558 2375 1611 dixit
2402 1573 2465 1612 se
2497 1558 2711 1614 nullum
2746 1575 2910 1614 nosse
2938 1577 3129 1631 agrum
3159 1562 3466 1618 uberiorem
3497 1573 3554 1619 et
3584 1564 3700 1621 fer-

2116 1649 2379 1713 tiliorem,
2413 1666 2576 1720 quam
2609 1665 2763 1721 spem
2803 1651 2858 1705 in
2889 1650 3193 1709 Christum.
3240 1654 3316 1709 De
3366 1655 3527 1712 bonis
3566 1674 3701 1731 ergo

2115 1743 2358 1813 paternis
2387 1743 2520 1813 quid
2548 1745 2761 1807 statuit,
2794 1745 2944 1800 etde
2978 1745 3045 1800 iis
3077 1762 3197 1815 qua:
3228 1748 3295 1800 ad
3332 1748 3486 1803 illum
3520 1754 3693 1821 perti-

2110 1834 2335 1900 nebant,
2363 1851 2604 1907 quonam
2636 1836 2797 1891 modo
2827 1837 3124 1907 providet?
3179 1839 3253 1894 Ea
3281 1845 3587 1911 consumit,
3608 1845 3697 1900 of.

2107 1926 2300 1984 ferens
2346 1927 2470 1983 aliis
2506 1930 2857 1985 monasteriis
2881 1970 2896 1995 ,
2946 1947 3069 2002 qua:
3110 1932 3433 1990 laborabant
3469 1937 3650 2007 inopia
3678 1978 3696 2004 ,

2110 2029 2220 2076 tam
2245 2021 2494 2076 virorum
2537 2038 2702 2093 quam
2740 2022 3058 2080 mulierum.
3090 2025 3159 2080 Et
3187 2024 3306 2080 haec
3332 2026 3556 2096 quidem
3588 2028 3697 2085 illis

2109 2112 2361 2167 adimunt
2391 2104 2706 2184 egestatem.

2175 2203 2368 2260 XXXI.
2390 2207 2521 2273 Quae
2542 2223 2671 2261 vero
2693 2207 2822 2262 lecit
2852 2208 2905 2262 in
2933 2223 3127 2279 magna
3157 2207 3252 2265 Dei
3273 2209 3376 2277 ira,
3410 2211 3464 2266 in
3483 2227 3590 2283 qua
3613 2222 3697 2268 to-

2116 2303 2222 2350 tam
2254 2297 2558 2363 civitatem,
2608 2296 3141 2368 CouSIantinpolim
3181 2300 3431 2370 inquam,
3464 2318 3694 2357 Conser-

2104 2389 2271 2450 vavit,
2321 2390 2445 2458 quis
2500 2389 2828 2445 sustinuerit
2893 2391 3117 2460 quidem
3192 2391 3412 2448 silentio
3464 2402 3691 2464 prater-

2106 2480 2365 2534 mittere?
2391 2479 2528 2547 Quis
2560 2491 2642 2536 est
2670 2491 2854 2536 autem
2887 2482 3025 2536 adeo
3057 2482 3245 2538 tardus
3277 2494 3332 2539 et
3359 2484 3549 2551 hebes,
3590 2484 3688 2556 qui

2103 2586 2213 2626 non
2243 2573 2428 2642 cupiat
2477 2573 2707 2629 audire?
2741 2573 2934 2644 Magno
2978 2575 3074 2630 illo
3102 2574 3287 2631 Leone
3313 2576 3530 2647 imperii
3564 2592 3689 2633 sce-

2102 2677 2226 2736 ptra
2272 2667 2723 2731 administrante,
2755 2668 2812 2723 in
2849 2670 2954 2724 hac
2992 2670 3217 2727 civitate
3266 2672 3449 2726 oritur
3493 2673 3691 2728 incen-

2103 2754 2253 2812 dium
2282 2757 2381 2828 (9),
2416 2767 2473 2813 et
2512 2759 2828 2815 incendium
2864 2777 3055 2817 eorum
3077 2801 3096 2830 ,
3130 2762 3201 2818 de
3243 2764 3446 2834 quibus
3485 2765 3592 2820 ulla
3625 2763 3689 2820 iit

2101 2849 2333 2915 mentio,
2365 2852 2666 2907 maximum
2691 2861 2745 2908 et
2771 2855 3157 2910 saevissimum.
3188 2854 3325 2911 Cum
3358 2867 3543 2912 autem
3572 2860 3688 2927 jam

2103 2941 2396 3012 incepisset
2418 2944 2720 3007 calamitas.
2764 2945 2833 3000 de
2868 2962 2931 3002 ea
2958 2947 3299 3002 auditionem
3330 2950 3530 3019 accipit
3570 2966 3689 3006 ma—

2101 3049 2241 3104 gnus
2269 3033 2559 3092 Marcellus
2585 3053 2599 3090 :
2629 3048 2684 3092 et
2716 3053 2843 3094 cum
2874 3040 3059 3093 Statim
3086 3040 3288 3095 malum
3317 3044 3687 3112 suspexisset,

2103 3136 2159 3183 et
2197 3128 2433 3183 multum
2483 3129 2861 3202 lacrymassct,
2920 3130 3121 3186 dividit
3156 3133 3489 3204 supplicium
3524 3151 3538 3188 :
3574 3134 3688 3190 imo

2105 3234 2239 3275 vero
2272 3220 2565 3276 maximam
2596 3222 2717 3291 ejus
2763 3228 2984 3291 partem
3018 3222 3235 3278 allevat.
3285 3222 3423 3277 Nam
3473 3235 3687 3293 partem

2105 3312 2330 3384 quidem
2380 3313 2524 3384 ignis
2566 3314 2689 3385 ejus
2733 3315 3092 3385 exstinguunt
3149 3314 3442 3387 lacrymac;
3504 3316 3682 3371 altera

2104 3420 2237 3460 vero
2268 3421 2395 3476 pars
2423 3406 2612 3461 relicta
2660 3415 2745 3463 est
2792 3406 3108 3477 Byzantinis
3150 3409 3219 3463 ad
3277 3408 3633 3479 disciplinam
3662 3424 3681 3461 :

2103 3497 2481 3553 existimatum
2521 3499 2669 3554 enim
2693 3498 2874 3554 fuerat
2908 3498 3049 3566 fore,
3076 3509 3136 3555 ut
3162 3509 3328 3555 totam
3363 3501 3686 3571 depasceret

2104 3590 2407 3645 civitatem.
2431 3590 2527 3645 llle
2557 3605 2689 3645 vero
2718 3606 2843 3645 cum
2866 3602 3079 3662 partem
3111 3593 3340 3663 quidem
3383 3593 3685 3663 repressis-

2103 3693 2208 3745 set.
2234 3694 2446 3754 partem
2475 3694 2658 3740 autem
2678 3685 3066 3755 praescivissct,
3093 3685 3191 3741 Hei
3216 3687 3351 3742 mihi
3385 3687 3399 3740 ι
3427 3687 3563 3744 dicit
3588 3687 3688 3742 tri-

2104 3775 2173 3832 sti
2201 3790 2353 3832 voce.
2385 3776 2619 3833 Dolebat
2657 3776 2808 3833 enim
2833 3817 2848 3843 ,
2889 3779 3040 3849 quod
3092 3795 3202 3835 non
3256 3788 3431 3835 totum
3467 3795 3684 3838 cessare

2103 3866 2361 3930 fecisset.
2422 3868 2566 3922 sicut
2629 3882 2885 3936 magnam
2942 3879 3262 3925 nostrorum
3319 3882 3679 3941 peccatorum

2102 3958 2559 4015 multitudinem:
2592 3970 2649 4015 et
2683 3961 2831 4031 quod
2863 3961 3040 4015 visum
3083 3974 3228 4017 esset
3269 3963 3401 4024 Deo.
3451 3978 3684 4035 serpere

2104 4051 2285 4120 ignem
2327 4066 2359 4106 a
2400 4054 2537 4107 mari
2566 4067 2742 4122 usque
2774 4053 2843 4107 ad
2879 4069 3052 4116 mare,
3086 4063 3142 4109 et
3173 4063 3433 4125 tanquam
3468 4056 3638 4111 telum
3662 4093 3683 4121 .

2103 4144 2345 4199 medium
2378 4143 2602 4214 quidem
2633 4144 2928 4208 dissecare.
2959 4145 3031 4200 ab
3063 4145 3134 4201 iis
3157 4155 3367 4211 autem,
3396 4162 3520 4216 quae
3551 4156 3684 4204 sunt

2101 4249 2168 4291 ex
2203 4245 2542 4300 transverso,
2577 4236 2899 4302 abstinere;
2931 4237 3079 4307 quod
3123 4239 3292 4292 etiam
3324 4237 3530 4294 factum
3572 4247 3681 4294 est.

2103 4329 2175 4386 Et
2232 4330 2376 4401 ignis
2413 4345 2542 4385 cum
2580 4331 2887 4399 accepisset
2920 4329 3140 4386 initium
3180 4330 3251 4386 ab
3284 4346 3375 4399 eo,
3423 4332 3570 4403 quod
3594 4333 3684 4388 di-

2104 4424 2251 4479 eitur
2276 4423 2622 4491 Ncocorium,
2650 4423 2823 4479 instar
2856 4423 3060 4494 ciuguli
3119 4432 3289 4481 totam
3341 4424 3516 4480 cinxit
3539 4426 3684 4483 civi.

417 4530 626 4589 tatem;
661 4521 900 4577 cessavit
929 4532 1061 4575 vero
1094 4516 1163 4573 ad
1185 4529 1358 4581 mare,
1377 4513 1528 4586 quod
1556 4521 1642 4568 est
1676 4528 1744 4569 ex
1768 4512 2021 4583 adverso,
2062 4515 2230 4571 veluti
2264 4514 2584 4583 ostendens,
2646 4516 2792 4586 quod
2828 4517 2874 4572 is
2900 4517 3119 4587 quidem
3154 4516 3486 4588 pervasisset
3544 4518 3681 4573 civi.

419 4627 607 4681 tatem,
638 4614 706 4671 ad
732 4615 837 4671 hoc
892 4624 1076 4669 autem
1106 4611 1363 4668 redactus
1401 4616 1552 4666 esset
1576 4623 1675 4679 per
1698 4609 2044 4665 Marcellum.

485 4709 611 4765 AB'.
635 4708 741 4763 Δύο
770 4705 851 4762 ἔτι
874 4705 909 4776 ἢ
939 4705 1106 4778 τριῶν
1136 4704 1346 4757 ἐκείνου
1372 4701 1816 4773 μνησθέντες,τὰ
1839 4701 2002 4755 λοιπὰ

2181 4699 2396 4756 XXXII.
2428 4698 2567 4755 Cum
2600 4698 2841 4754 duorum
2874 4698 3057 4755 adhuc
3081 4706 3178 4755 aut
3207 4699 3369 4755 trium
3413 4701 3680 4756 memine-

415 4800 695 4871 γλώσσαις
733 4797 939 4869 ἑτέρων
996 4794 1071 4859 ὡς
1122 4794 1349 4848 δυνατὸν
1393 4789 1668 4855 κάκείνοις
1713 4791 1892 4859 λέγειν
1924 4791 1996 4845 τά

417 4894 555 4964 περὶ
573 4890 740 4945 αὐτοῦ
769 4886 1195 4958 καταλείψομεν.
1253 4885 1364 4939 Καὶ
1406 4882 1627 4956 πρῶτον
1656 4878 1768 4946 οἷος
1814 4878 1881 4954 ἦν
1934 4883 1998 4935 τὸ

418 4984 681 5054 φρόνημα
710 4978 848 5049 πρὸς
871 4977 972 5049 μὲν
997 4978 1120 5038 τοὺς
1141 4974 1398 5036 δυνατοὺς
1427 4972 1822 5037 ἀταπείνωτος,
1858 4973 1998 5043 πρὸς

413 5077 476 5130 δὲ
494 5076 622 5139 τοὺς
662 5072 919 5144 μετρίους
943 5072 1039 5123 atat
1062 5067 1185 5121 λίαν
1215 5067 1658 5135 επικλινόμενος,
1706 5065 1996 5136 σύμμαχός

416 5185 481 5225 τι
506 5171 620 5232 τοῖς
648 5164 1029 5235 ἀδικουμένοις
1061 5162 1154 5216 καὶ
1189 5159 1384 5231 βοηθὸς
1413 5159 1649 5229 ἄμαχος.
1694 5158 1993 5230 ’Δρδαὸουο

423 5261 542 5332 ρίου
574 5259 668 5315 καὶ
692 5259 974 5328 ’Δσπαρος
1002 5253 1155 5309 οὐδὲν
1184 5253 1272 5307 δεῖ
1304 5251 1484 5320 λέγειν
1513 5250 1614 5322 τὴν
1644 5251 1764 5304 κατ’
1790 5252 1996 5305 ἐκεῖνον

418 5354 512 5408 τὸν
566 5353 762 5424 χρόνον
820 5348 1003 5419 ἰσχὺν,
1052 5344 1178 5399 οὐδὲ
1232 5343 1332 5414 τὴν
1378 5345 1527 5413 ἴσην,
1560 5342 1762 5413 μᾶλλον
1810 5342 1868 5394 δὲ
1901 5343 1998 5398 καὶ

416 5446 594 5502 πλείω
640 5444 738 5513 τῆς
800 5440 982 5511 ἰσχύος
1034 5437 1316 5507 ὠμότητα.
1370 5427 1539 5497 Οὗτος
1599 5429 1744 5488 οὖνό
1775 5434 1998 5505 ἰσχυρὸς

418 5537 569 5595 οὕτω
596 5537 692 5591 καὶ
736 5533 887 5605 ώμδς
929 5528 1317 5603 Ἀρδαόούριος
1373 5526 1693 5599 χαλεπαίνει
1746 5527 1856 5581 τῶν
1888 5526 1999 5581 ὑπὸ

420 5631 580 5703 χιῖρα
614 5630 840 5698 Ἰωάννῃ
878 5622 1138 5693 τοῦνομα.
1205 5620 1266 5674 ’0
1296 5620 1351 5673 δὲ
1382 5621 1590 5683 πάντας
1642 5621 1768 5683 τοὺς
1803 5619 1999 5683 ἄλλους

2094 4796 2295 4864 rimus.
2343 4792 2554 4862 reliqua
2586 4791 2790 4856 linguis
2833 4791 3088 4857 aliorum,
3137 4801 3303 4860 prout
3349 4791 3672 4861 potuerint,

2100 4886 2332 4943 dicenda
2367 4884 2767 4952 relinquemus.
2807 4883 2875 4939 Et
2907 4884 3168 4954 primum,
3217 4898 3381 4953 quam
3423 4883 3677 4954 ingentes

2096 4987 2284 5036 essent
2310 4977 2364 5032 ei
2398 4977 2648 5047 spiritus,
2674 4975 2767 5045 qui
2805 4975 2861 5029 in
2892 4985 3147 5046 potentes
3179 4975 3399 5044 quidem
3432 4974 3673 5044 deprimi

2099 5087 2211 5128 non
2240 5078 2518 5140 poterant,
2581 5068 2638 5123 in
2684 5083 2780 5123 eos
2820 5083 2973 5133 vero,
3018 5067 3301 5138 quierant
3346 5067 3677 5122 modestiae

2099 5161 2391 5226 moderati,
2416 5160 2577 5215 facile
2621 5156 3049 5215 indicabantur.
3100 5160 3173 5214 lis
3214 5166 3396 5213 autem
3425 5197 3441 5223 ,
3473 5158 3677 5228 quibus

2099 5255 2267 5311 [iebat
2299 5254 2520 5324 injuria,
2546 5259 2666 5307 erat
2704 5250 2925 5321 adjutor
2950 5249 3213 5305 invictus.
3250 5250 3326 5304 De
3371 5248 3671 5304 Ardaburii

2097 5356 2155 5404 et
2180 5347 2426 5417 Asparis,
2469 5357 2593 5414 qua:
2619 5340 2745 5397 erai
2777 5342 2872 5397 illo
2920 5350 3187 5410 tempore,
3232 5340 3497 5409 potentia,
3533 5338 3673 5394 nihil

2098 5449 2185 5496 est
2219 5438 2510 5494 dicendum
2549 5452 2566 5491 :
2595 5449 2774 5505 neque
2803 5434 2872 5490 de
2901 5434 3227 5491 crudelitate
3249 5434 3445 5504 aequali
3478 5442 3676 5504 poten-

2102 5531 2210 5595 tiae.
2244 5538 2409 5598 atque
2454 5526 2594 5582 adeo
2650 5525 2865 5596 majori.
2904 5524 3008 5581 Hic
3039 5539 3192 5595 emo,
3239 5525 3333 5594 qui
3370 5532 3491 5579 erat
3534 5522 3676 5579 adeo

2102 5631 2299 5693 potens
2317 5628 2373 5676 et
2397 5618 2657 5682 crudelis,
2687 5616 3034 5673 Ardaburius
3068 5616 3411 5671 irascebatur
3452 5612 3673 5669 cuidam

495 5811 575 5885 (ἰ)
609 5812 765 5865 Auno
790 5810 913 5868 ωε.
942 5807 1019 5866 De
1050 5808 1153 5867 hoc
1188 5804 1444 5864 incendio
1464 5805 1764 5863 Marcelliu.
1789 5802 2072 5877 iaChron.
2116 5813 2173 5860 et
2210 5803 2343 5858 Acta
2373 5801 2615 5859 Dauielis
2642 5800 2870 5873 Stylitz,
2894 5798 2957 5854 ll
2993 5797 3306 5866 Decctubr.,
3344 5810 3466 5868 cap.
3495 5794 3585 5851 ετ.
