4120 6378
377 305 476 372 741

1261 309 1442 369 VlTA
1486 309 1542 369 S.
1595 309 1984 373 MARCELLI
2039 312 2742 374 ARCHIMANDRITrE.

3525 314 3632 377 7&2

378 416 574 467 λέοντα
610 412 962 486 κατῃκίζετο,
997 416 1023 466 ὁ
1056 414 1112 466 δὲ
1147 416 1284 469 λέων
1323 418 1481 487 ἤλγει
1534 419 1638 487 μὲν
1661 420 1752 471 καὶ
1779 421 1846 490 τῇ
1873 419 1957 472 άλ-

2070 437 2194 474 cum
2227 431 2371 478 esset
2404 422 2611 492 ingenti
2647 419 3042 491 magnitudine.
3070 419 3242 475 cauda
3266 418 3476 476 leonem
3511 439 3635 476 vcr-

382 506 516 575 καίᾳ
542 506 682 573 πρ³ς
720 505 936 575 ἄμυναν
971 504 1282 576 διηγείρετο
1312 512 1430 573 καῖ,
1455 511 1548 562 τὸν
1576 509 1849 580 δράκοντα
1872 511 1968 564 κύ-

380 595 493 664 κλῳ
522 593 773 665 περιιὼν,
807 595 1132 664 σκιαμαχῶν
1156 592 1330 666 ἦνκαὶ
1359 599 1524 670 μηδὲν
1547 598 1964 671 λυμαινόμενος,

380 685 486 747 ἕως
519 685 681 748 αὐτος
713 685 812 752 μὲν
849 687 968 746 ταῖς
997 687 1236 756 πληγαῖς
1264 689 1532 759 ὲκκαμὼν
1572 691 1812 760 ἀδρανὴς
1845 691 1965 753 ὅλος

379 779 474 831 ἐπὶ
503 777 608 845 γῆς
635 777 845 828 ἔκειτο·
881 773 1002 830 εἶτα
1052 780 1194 846 μετὰ
1238 778 1412 850 βραχὺ
1457 781 1620 834 πάλιν
1650 783 1968 850 ἀνακτησά-

384 885 543 938 μενος
578 867 674 921 καὶ
695 867 882 937 ὥσπερ
915 868 978 920 έκ
1013 886 1155 932 τινος
1186 869 1352 922 ὕπνου
1389 871 1677 936 διαναστὰς
1709 874 1848 927 κατὰ
1869 872 1962 926 τοῦ

380 960 676 1030 δράκοντος
706 958 848 1012 πάνυ
877 962 1136 1030 ῥαγδαῖον
1167 965 1260 1015 καὶ
1287 963 1516 1033 μανικὸν
1541 964 1710 1033 ἥλατο
1739 967 1832 1018 καὶ
1852 967 1964 1018 δια-

381 1052 625 1120 φυλάξας
657 1052 779 1104 ὅλον
807 1055 875 1123 τῇ
907 1055 1104 1123 γαστρὶ
1128 1053 1334 1112 δίδωσι,
1371 1056 1544 1108 Τοῦτο
1570 1057 1895 1126 Μάρκελλος
1935 1057 1962 1108 ὁ

382 1145 526 1208 θεῖος
563 1144 687 1196 ἰδὼν
719 1144 813 1197 καὶ
846 1145 1220 1215 ἀκριϐέστατα
1253 1146 1549 1217 συμϐαλὼν
1585 1151 1705 1217 μετ’
1727 1151 1784 1202 ού
1824 1151 1961 1204 πολὺ

384 1239 638 1308 παγγενῆ
693 1240 909 1310 προέφη
981 1241 1242 1312 Ἀσπαρά
1298 1259 1358 1295 τε
1416 1244 1511 1296 καὶ
1570 1245 1962 1316 Ἀρδσεούριον

381 1329 789 1401 πανωλεθρίους
839 1333 916 1400 τῷ
966 1333 1175 1402 βασιλεῖ
1201 1334 1549 1405 δοθήσεσθαι.
1595 1336 1754 1389 Ἀλλά
1789 1339 1960 1392 ταῦτα

383 1426 485 1495 μὲν
520 1423 780 1495 ὕστερον·
809 1425 845 1480 ἃ
880 1427 937 1480 δὲ
981 1430 1186 1498 μεταξὺ
1219 1432 1428 1485 τούτων
1463 1430 1782 1502 ἐπράττετο.

446 1692 572 1746 AA'.
605 1691 823 1746 Πολλῶν
867 1690 975 1760 ἄρα
1037 1691 1467 1764 συμϐεϐηκότων
1517 1695 1703 1758 αὐτοῖς
1753 1714 1807 1749 τε
1869 1712 1959 1749 και

381 1783 598 1854 βασιλεί
660 1783 772 1836 τῶν
826 1783 1029 1854 ἔχθρας
1088 1784 1323 1853 ἐχόντων
1377 1786 1515 1857 πρὸς
1564 1787 1829 1858 ἀλλήλους
1864 1789 1958 1843 καὶ

382 1876 642 1946 ὑποψίας,
677 1875 976 1948 δυσμένεια
1003 1875 1103 1945 μὲν
1132 1876 1192 1943 ἐξ
1214 1878 1540 1948 ἀμφοτέρων
1562 1877 1830 1945 ἐτίκτετο,
1865 1883 1959 1933 καὶ

377 1970 459 2031 εἰς
487 1969 626 2039 ἔργα
664 1968 879 2039 χαλεπά
901 1970 1263 2040 προήρχοντο.
1312 1970 1464 2024 Ἐπεὶ
1496 1971 1557 2025 δὲ
1585 1972 1832 2035 κίνδυνος
1858 1973 1958 2043 μὶν

377 2061 658 2130 δπήρτητο
687 2061 784 2114 καὶ
810 2059 943 2129 παρ’
973 2061 1222 2130 ἀλλήλων
1265 2063 1465 2128 δεινὸς,
1506 2066 1540 2135 ἠ
1579 2064 1702 2136 νίκη
1747 2066 1803 2119 δὲ
1848 2066 1959 2120 οὐδ’

376 2154 624 2223 ὁποτέρῳ
647 2152 855 2207 τούτων
883 2153 1113 2224 εὐχερὴς
1141 2149 1230 2226 ἦν,
1275 2155 1368 2208 ἐπὶ
1392 2159 1578 2220 κοινὰς
1611 2158 1778 2226 ἄμφω
1817 2174 1959 2228 συμ-

378 2246 568 2309 ϐάσεις
591 2245 885 2315 τρέπονται
911 2246 996 2316 ιφ’
1025 2240 1071 2314 ᾧ
1093 2247 1187 2300 τὸν
1217 2248 1501 2319 "Aa-napo;
1533 2248 1634 2318 μὲν
1668 2249 1805 2311 υἱὸν,
1830 2250 1958 2319 ’Δρ-

375 2336 666 2407 δαὸουρίου
700 2337 758 2391 δὲ
790 2337 1043 2408 ἀδελφὺν,
1095 2338 1198 2408 τὴν
1233 2339 1516 2412 θυγατέρα
1547 2339 1642 2394 τοῦ
1691 2339 1957 2411 βασιλέω;

376 2429 513 2496 πρὸς
546 2430 727 2498 γάμον
756 2430 1030 2500 ἀγόμενον
1053 2431 1444 2502 ἀναδειχθῆναι
1485 2431 1762 2502 Καίσαρα.
1787 2432 1958 2485 Τοῦτο

375 2521 433 2575 δὲ
463 2524 492 2575 ὁ
525 2520 704 2574 λαϐὼν
733 2522 920 2592 ἒτερός
952 2525 1127 2584 ἐστιν,
1161 2523 1237 2587 ὡς
1270 2522 1337 2576 ἂν
1369 2524 1514 2577 εἴποι
1546 2541 1653 2591 τις,
1689 2523 1959 2578 ὑποϐατι-

377 2601 529 2677 λοῦς’
560 2613 822 2684 ἀλουργίς
845 2631 904 2668 τε
933 2615 1044 2685 γὰρ
1071 2614 1222 2685 αὐτῷ
1268 2617 1616 2684 κατάχρυσος
1645 2617 1742 2668 καὶ
1789 2616 1958 2670 τᾶλλα

376 2705 475 2774 τῆς
502 2706 780 2775 βασιλείας
815 2707 1148 2777 παράσημα,
1183 2708 1266 2760 ὃτι
1300 2707 1375 2777 μὴ
1403 2708 1572 2777 μόνης
1617 2708 1717 2777 τῆς
1748 2708 1957 2778 χρυσῆς

380 2798 654 2868 στεφάνης
679 2800 737 2851 οὐ
770 2801 953 2854 πάντα
985 2800 1218 2868 ἐχούσης
1244 2801 1311 2853 τά
1346 2802 1443 2869 τῆς
1479 2799 1760 2868 βασιλείας
1814 2801 1956 2870 σύμ-

379 2886 534 2938 6ολα.
568 2887 832 2955 Ἐμελλεν
873 2885 965 2942 οὖν
1017 2885 1175 2951 οὗτος
1205 2889 1410 2958 ταύτην
1459 2891 1560 2958 τὴν
1591 2889 1750 2955 ἀξίαν
1777 2891 1958 2943 λαϐὼν

380 2975 542 3038 ζῶντι
574 2979 675 3047 μὲν
704 2978 913 3047 βασιλεί
949 2982 1130 3033 πάντα
1157 2982 1313 3050 κοινῇ
1343 2981 1746 3051 συμπράττειν,
1772 2982 1958 3032 τελευ-

2071 512 2296 567 berabat
2327 521 2384 569 et
2426 513 2752 583 torquebat;
2785 512 2872 566 leo
2900 526 3031 565 vero
3059 511 3278 566 dolebat
3310 514 3555 579 quidem,
3579 523 3636 569 et

2067 603 2132 656 ad
2164 619 2222 658 se
2254 606 2424 658 cauda
2449 604 2855 658 defendendum
2879 604 3242 657 excitabatur.
3263 614 3318 657 et
3339 604 3635 659 draconem

2068 694 2259 748 obiens
2287 695 2528 749 inaniter
2559 694 2924 764 depugnabat,
2959 703 3014 747 et
3047 710 3176 748 eum
3210 696 3346 747 nillil
3380 695 3632 758 laedebat,

2067 801 2356 854 quousque
2395 787 2510 854 ipse
2537 787 2758 854 quidem
2791 785 3036 838 defessus
3063 785 3254 854 plagis,
3296 786 3447 838 humi
3487 794 3636 838 totus

2062 877 2278 946 jacebat
2307 878 2540 932 amictus
2565 888 2620 931 et
2657 877 2985 930 imbecillus.
3021 877 3227 930 Deinde
3258 893 3379 932 cum
3420 894 3480 932 se
3507 894 3631 930 rur-

2065 981 2161 1019 sus
2191 967 2469 1035 paululum
2499 975 2816 1029 recreasset,
2841 974 2895 1019 et
2920 964 3088 1018 veluti
3115 981 3143 1018 a
3179 966 3413 1034 quodam
3435 980 3627 1020 somno

2075 1060 2430 1122 surrexisset,
2469 1076 2664 1129 magno
2690 1070 2748 1114 et
2774 1059 3084 1113 vehementi
3118 1062 3322 1127 impetu
3356 1059 3410 1112 in
3441 1058 3636 1111 draco-

2068 1164 2192 1202 nem
2223 1150 2432 1212 insiliit,
2479 1165 2715 1218 eumque
2742 1165 2974 1219 pronum
3017 1151 3069 1202 iu
3101 1159 3346 1204 ventrem
3385 1159 3628 1218 prostra-

2069 1237 2166 1290 vit.
2204 1238 2317 1293 Hoc
2344 1255 2466 1293 eum
2504 1240 2724 1295 divinus
2749 1240 2973 1295 vidisset
3015 1239 3319 1303 Marcellus,
3352 1250 3409 1294 et
3438 1254 3632 1295 accur-
3665 1231 3676 1243 ’

2067 1330 2342 1385 rarissime
2375 1333 2734 1402 conjecisset,
2767 1332 3016 1400 praedixit
3046 1330 3189 1384 haud
3237 1331 3310 1384 ita
3360 1331 3454 1384 diu
3508 1340 3631 1400 post

2067 1420 2328 1490 Asparem
2359 1436 2414 1476 et
2447 1423 2815 1476 Ardaburium
2844 1437 2965 1476 esse
2997 1437 3121 1476 cum
3164 1431 3279 1476 toto
3307 1438 3506 1490 genere
3539 1423 3628 1476 in—

2067 1516 2335 1567 teriruros
2367 1513 2435 1566 ab
2467 1517 2815 1582 imperatore.
2852 1514 2958 1568 Sed
2992 1513 3105 1566 haec
3152 1513 3376 1582 quidem
3422 1525 3627 1582 poswa.

2063 1602 2194 1670 Qua:
2227 1613 2408 1657 autem
2442 1604 2658 1656 interim
2687 1605 2829 1657 facta
2861 1613 3010 1667 sunt,
3039 1613 3168 1656 sunt
3203 1587 3556 1671 hujusmodi:

2137 1694 2374 1748 XXXIV.
2409 1697 2546 1748 (tum
2576 1695 2742 1748 multa
2767 1695 3092 1749 accidissent
3131 1697 3272 1750 inter
3299 1711 3422 1748 eum
3450 1705 3503 1748 et
3529 1695 3632 1749 im—

2066 1796 2398 1854 peratorem,
2428 1799 2551 1854 quae
2572 1786 2712 1838 in'er
2727 1801 2783 1840 se
2809 1783 3042 1840 invicem
3072 1786 3387 1840 inimicitias
3411 1787 3632 1841 alebant

2060 1885 2119 1929 et
2174 1876 2538 1944 suspiciones,
2587 1891 2654 1930 ex
2715 1876 2964 1944 utrisque
3025 1875 3241 1946 quidem
3296 1887 3485 1931 natum
3545 1886 3631 1932 cst

2069 1967 2295 2035 odium;
2343 1983 2467 2024 eum
2513 1978 2696 2023 autem
2732 1969 2990 2038 utrinque
3020 1983 3276 2035 magnum
3327 1984 3356 2023 a
3393 1985 3451 2023 se
3483 1970 3629 2023 invi-

2060 2075 2177 2115 cem
2209 2061 2519 2117 immineret
2545 2061 2866 2130 periculum,
2901 2061 3083 2115 neutri
3106 2076 3236 2115 vero
3272 2076 3465 2116 eorum
3497 2063 3629 2116 fari-

2060 2151 2126 2206 lis
2153 2163 2303 2207 esset
2329 2154 2557 2208 victoria
2584 2193 2599 2218 ,
2637 2161 3038 2208 convertuntur
3085 2154 3150 2208 ad
3186 2154 3498 2209 communia
3549 2155 3628 2208 in-

2059 2243 2243 2297 eunda
2283 2243 2488 2299 fmdera
2534 2261 2548 2296 :
2602 2259 2817 2313 nempe,
2860 2253 2919 2298 ut
2945 2245 3166 2313 Asparis
3199 2245 3421 2315 quidem
3459 2247 3625 2310 ﬁlius,

2064 2334 2234 2388 frater
2267 2344 2451 2389 autem
2490 2335 2789 2390 Ardaburii
2815 2373 2829 2399 ,
2864 2351 2990 2391 cum
3023 2336 3268 2392 duxisset
3302 2353 3528 2393 uxorem
3563 2339 3627 2392 ii-

2059 2429 2186 2484 liam
2224 2428 2596 2498 imperatoris,
2624 2429 2805 2484 Caesar
2831 2439 3132 2485 crearetur.
3163 2430 3278 2486 Hoc
3305 2441 3489 2487 autem
3527 2434 3624 2502 qui

2059 2519 2289 2589 accepit,
2320 2527 2405 2575 est
2432 2521 2594 2585 alius,
2631 2529 2691 2575 ut
2723 2521 2924 2578 dixerit
2946 2521 3244 2591 quispiam,
3288 2524 3632 2592 suliimpera-

2062 2616 2184 2664 tor:
2217 2619 2300 2664 est
2331 2612 2478 2665 enim
2509 2611 2561 2666 ei
2591 2620 2647 2666 et
2677 2620 2862 2666 aurata
2893 2628 3152 2682 purpura,
3181 2622 3237 2669 et
3265 2614 3370 2668 alia
3396 2615 3628 2685 insignia

2060 2702 2296 2772 imperii,
2325 2705 2431 2758 nisi
2471 2704 2671 2769 solum,
2698 2705 2843 2773 quod
2873 2719 3039 2759 aurea
3072 2721 3276 2760 corona
3319 2721 3426 2762 non
3461 2708 3628 2763 habet

2059 2795 2242 2850 omnia
2268 2795 2421 2862 signa
2461 2795 2704 2864 imperii.
2743 2795 2792 2849 ls
2837 2797 3021 2864 itaque
3046 2806 3268 2866 accepta
3316 2798 3418 2852 hac
3451 2798 3630 2867 digni-

2059 2893 2192 2948 tate.
2226 2899 2350 2938 cum
2385 2885 2604 2940 vivente
2649 2886 2869 2954 quidem
2912 2887 3240 2956 imperatore
3275 2898 3396 2944 erat
3439 2889 3625 2944 omnia

2059 2976 2298 3032 facturus
2332 2979 2737 3034 communiter:
2763 2992 2830 3034 eo
2858 2987 3042 3033 autem
3082 2989 3321 3044 mortuo,
3360 2979 3475 3050 ipse
3509 2981 3625 3050 pri-

380 3072 642 3135 τήσαντος
677 3070 733 3122 δὲ
765 3072 981 3141 πρῶτος
1039 3073 1202 3134 αὐτὸς
1247 3074 1340 3125 καὶ
1406 3072 1568 3141 μόνος
1621 3073 1721 3143 τὴν
1779 3073 1957 3142 ἀρχὴν

2061 3085 2181 3125 mus
2209 3080 2264 3126 et
2295 3072 2444 3126 solus
2467 3079 2795 3142 accepturus
2825 3071 3134 3140 imperium,
3165 3079 3220 3125 et
3240 3081 3496 3141 tanquam
3531 3075 3628 3127 de-

381 3163 444 3214 λα
454 3163 700 3230 μὸάνειν,
733 3167 825 3216 καὶ
851 3164 1042 3232 ὥσπερ
1063 3164 1414 3233 ὀφειλόμενον
1431 3163 1580 3234 αὐτῷ
1605 3165 1674 3218 τὰ
1697 3165 1954 3236 σκῆπτρα

379 3256 654 3323 δέχεσθαι.
693 3256 992 3326 Ἐτάραττε
1023 3255 1201 3326 δὲτὴν
1243 3256 1576 3326 Ἐκκλησίαν
1606 3257 1666 3309 τὸ
1698 3259 1950 3328 πρᾶγμα,

383 3347 478 3398 καὶ
510 3349 572 3399 οὑ
611 3346 824 3416 μικρῶς
857 3347 1132 3417 ἐθορύδει,
1169 3350 1218 3399 εί
1251 3347 1412 3402 πάλιν
1455 3347 1735 3416 Ἀρειανὸς
1771 3346 1954 3416 μέλλει

385 3436 504 3487 κατ’
533 3436 708 3505 αὐτῆς
745 3438 1034 3508 εἰσπηόᾷν.
1067 3435 1180 3490 Ἦν
1227 3438 1336 3508 γὰρ
1383 3437 1448 3508 δὴ
1479 3437 1574 3490 καὶ
1619 3437 1839 3508 Ἀσπαρ
1865 3440 1964 3491 κατ

385 3526 572 3589 παῖδες
597 3528 762 3580 αὐτοῦ
788 3529 884 3580 καὶ
917 3530 1034 3590 ὅλος
1063 3525 1211 3590 οἶκος
1241 3530 1340 3596 τὴν
1380 3527 1592 3597 Ἀρείου
1618 3529 1814 3597 μανίαν
1838 3529 1954 3580 διι-

383 3617 659 3689 φερόντως
691 3619 1104 3689 ἀποδεχόμενοι.
1141 3619 1297 3673 Οὕτω
1321 3619 1570 3688 οορύΰων
1591 3620 1740 3683 ὅντες
1767 3621 1956 3689 μεστοὶ

381 3709 519 3779 πρὸς
557 3709 846 3772 συστάσεις
896 3709 1142 3781 ἐχώρουν
1189 3711 1402 3774 κοινὰς,
1455 3712 1550 3764 καὶ
1570 3711 1674 3762 ὑπὸ
1724 3713 1956 3782 ἡγεμόσι

383 3801 654 3872 Γενναδίῳ
681 3804 778 3854 καὶ
805 3801 1118 3872 Μαρκέλλῳ
1143 3803 1470 3872 ταττόμενοι
1499 3801 1589 3855 τὸν
1603 3802 1956 3872 ’ἱππόδρομον

383 3893 782 3962 κατειλήφασιν
834 3887 1011 3960 εἷρξαι
1063 3891 1290 3960 βασιλέα
1343 3894 1444 3961 τῆς
1498 3893 1702 3944 ἀτόπου
1754 3891 1956 3960 ταύτης

380 3983 582 4052 ὁρμῆς,
603 3981 1057 4052 προθυμούμενον
1093 3984 1192 4051 μὲν
1215 3981 1399 4047 αὑτὸν,
1421 3982 1596 4043 ἄλλως
1623 3981 1678 4033 δὲ
1712 3980 1960 4050 ἡττώμε-

383 4087 474 4125 νον
501 4071 610 4126 τῶν
650 4071 936 4142 Ἀσπαρός
967 4087 1025 4124 τε
1059 4072 1156 4125 καὶ
1206 4069 1592 4141 Ἀρδαεουρίου
1615 4071 1842 4138 καιρῶν.
1869 4072 1957 4134 Ὠς

379 4162 475 4216 οὖν
500 4162 674 4226 οὕτως
732 4165 766 4232 ὴ
818 4161 914 4216 τοῦ
943 4162 1185 4230 Χριστοῦ
1245 4163 1480 4231 στρατιὰ
1517 4161 1954 4232 παρεσκεύαστο,

378 4255 653 4309 δείκνυσιν
685 4255 868 4318 αὐτοῖς
892 4257 920 4308 ὁ
940 4254 1074 4316 Θεὸς
1109 4255 1203 4306 καὶ
1231 4253 1324 4307 τὸν
1374 4255 1700 4323 στρατηγὸν,
1754 4255 1850 4308 καὶ
1873 4256 1956 4308 ὅτε

378 4349 634 4403 τοσοῦτον
651 4345 720 4420 ἦν
743 4349 1058 4420 Μαρκέλλῳ
1084 4348 1147 4401 τὸ
1170 4347 1432 4417 διαφέρον
1450 4347 1589 4416 πρὸς
1617 4349 1745 4409 τοὺς
1761 4347 1954 4412 ἀλλους

2060 3163 2170 3218 bita
2192 3163 2294 3218 sibi
2312 3174 2526 3233 sceptra
2556 3173 2897 3232 sumpturus.
2923 3161 2998 3216 Ea
3025 3177 3111 3215 res
3137 3177 3268 3215 vero
3287 3177 3392 3216 non
3428 3178 3626 3232 parum

2057 3255 2420 3310 conturbabat
2477 3255 2811 3317 Ecclesiam,
2862 3255 2908 3309 si
2971 3268 3159 3308 rursus
3211 3253 3280 3307 sit
3339 3254 3627 3324 imperium

2056 3346 2290 3402 Arianus
2322 3347 2629 3402 invasurus.
2660 3346 2834 3414 Aspar
2861 3347 3030 3407 enim,
3053 3352 3108 3398 et
3147 3345 3266 3415 ejus
3294 3345 3413 3409 lilii,
3434 3357 3488 3400 et
3514 3355 3628 3400 tota

2058 3440 2276 3506 domus,
2337 3440 2451 3494 Arii
2501 3439 2767 3493 insaniam
2821 3438 3126 3492 mirandum
3161 3442 3214 3492 in
3260 3440 3478 3493 modum
3508 3453 3628 3492 ar".-

2060 3529 2428 3598 plcctebatur.
2477 3526 2616 3583 Cum
2677 3527 2862 3597 itaque
2904 3536 3090 3581 essent
3146 3527 3292 3596 pleni
3344 3527 3580 3581 tumultu
3610 3566 3625 3591 ,

2059 3625 2428 3677 communiter
2462 3629 2861 3684 convenerunt,
2903 3631 2959 3674 et
3002 3619 3238 3675 ducibus
3281 3619 3506 3676 Geladio
3563 3632 3620 3675 et

2062 3715 2313 3770 Marcello
2345 3722 2613 3770 venerunt
2645 3713 2700 3766 in
2736 3711 3188 3782 llippodromum,
3213 3721 3273 3764 ut
3295 3711 3365 3766 ab
3390 3712 3624 3766 inhone-

2059 3815 2144 3860 sto
2185 3815 2242 3861 et
2287 3805 2510 3874 indigno
2539 3805 2644 3858 hoc
2673 3813 2851 3872 empto
2881 3813 3133 3857 arcerent
3186 3806 3566 3872 imperatorem
3609 3822 3622 3858 :

2059 3897 2153 3966 qui
2184 3897 2299 3965 ipse
2343 3897 2562 3964 quidem
2608 3895 2676 3948 ad
2715 3895 2819 3949 hoc
2845 3911 3064 3964 quicque
3109 3904 3229 3948 erat
3272 3905 3522 3962 prompto
3570 3907 3626 3950 et

2059 3985 2224 4040 alacri
2254 3984 2458 4047 animo,
2490 3985 2583 4038 sed
2613 3984 2841 4038 cedebat
2877 3983 3108 4052 tempori
3159 3983 3390 4052 Asparis
3429 3995 3482 4038 et
3526 3986 3622 4038 Ar~

2060 4076 2299 4132 daburii.
2332 4075 2466 4131 Cum
2497 4092 2628 4146 ergo
2663 4078 2742 4130 sic
2773 4086 2996 4144 paratus
3043 4085 3192 4130 esset
3221 4075 3428 4130 Christi
3473 4093 3626 4130 exer-

2061 4171 2220 4235 citus,
2253 4169 2332 4223 eis
2359 4184 2577 4238 quoque
2602 4169 2744 4223 Deus
2773 4167 3017 4222 ostendit
3050 4167 3246 4222 ducem
3279 4183 3292 4220 :
3328 4175 3384 4222 et
3410 4176 3618 4222 tantum

2062 4261 2330 4316 interesse
2386 4261 2527 4313 inter
2579 4258 2892 4312 Marcellum
2935 4267 2990 4312 et
3031 4257 3169 4313 alios
3215 4258 3532 4312 sacerdotes
3568 4272 3625 4312 et

2065 4353 2370 4423 pontilices,
2405 4358 2666 4422 quantum
2706 4350 2849 4406 inter
2885 4351 3164 4423 exercitus
3204 4351 3399 4406 ducem
3432 4360 3488 4406 et
3519 4352 3620 4404 im-

382 4441 566 4513 ἱερέας
599 4417 788 4495 ’τε-καὶ
820 4417 1104 4512 ἀρχιερεῖς
1155 4440 1281 4494 ὅσον
1325 4438 1638 4508 στρατηγοῦ
1675 4441 1771 4492 καὶ
1803 4438 1955 4508 βασι-

2065 4417 2373 4517 pcratorem
2400 4417 2608 4512 z—atque
2640 4443 2797 4500 adro.
2831 4441 2876 4495 si
2920 4417 3074 4506 velis,
3106 4443 3244 4496 inter
3290 4441 3518 4495 militem
3568 4451 3626 4500 et

379 4534 518 4596 λέως
547 4534 610 4587 τὸ
640 4535 827 4604 μέσον,
855 4536 903 4586 εί
929 4533 1110 4602 βούλει
1139 4532 1218 4595 δὲ,
1263 4532 1358 4586 καὶ
1423 4529 1762 4602 στρατιώτου
1819 4531 1954 4600 πρὸς

382 4629 691 4696 στρατηγὸν
732 4626 963 4694 ἐναργὲς
1018 4622 1183 4676 τοῦτο
1239 4622 1536 4692 σύμϐολον.
1582 4621 1671 4684 Ὠς
1696 4620 1806 4690 γὰρ
1829 4622 1954 4672 επο-

382 4717 624 4788 ρεύοντο,
649 4715 838 4786 ἑώρων
868 4718 1012 4780 ὅσοις
1047 4716 1114 4786 δὴ
1139 4714 1234 4769 καὶ
1267 4715 1339 4768 τά
1393 4712 1622 4768 τοιαῦτα
1647 4713 1780 4783 ὀρᾷν
1807 4711 1954 4776 ἀξιον

379 4813 666 4866 νεανίσκον
720 4813 844 4866 τινα
909 4810 1128 4879 μεγέθει
1185 4810 1284 4879 μὲν
1331 4807 1610 4878 μέγιστον,
1663 4807 1850 4860 κάλλει
1897 4806 1954 4859 δὲ

379 4903 809 4974 εὑπρεπεστάτῳ
829 4902 1086 4968 κομῶντα
1111 4902 1208 4956 καὶ
1231 4899 1539 4970 ἔζωσμίνον
1569 4897 1718 4968 ζώνῃ
1752 4900 1950 4968 χρυσῇ,

379 4996 572 5049 λευκὸν
628 4995 728 5065 μὲν
774 4995 916 5047 οὕτω
949 4995 1049 5064 τὴν
1101 4993 1233 5046 Θέαν
1274 4991 1349 5056 ώς
1384 4992 1482 5045 καὶ
1511 4989 1688 5060 χιόνος
1713 4989 1948 5060 κρείττω

379 5085 576 5150 δοκεῖν,
625 5083 882 5154 φλογώδη
934 5083 991 5136 δὲ
1028 5082 1202 5144 οὕτως
1255 5080 1332 5144 ὡς
1387 5079 1803 5150 ἀπαστράπτειν
1856 5078 1952 5130 καὶ

382 5179 519 5245 φῶς.
546 5177 758 5232 Χλαίνα
793 5177 852 5230 δὲ
879 5173 1031 5245 αὐτῷ
1071 5175 1165 5227 καὶ
1220 5171 1408 5242 χιτὼν,
1445 5171 1541 5224 καὶΙ
1571 5169 1747 5222 ταῦτα
1772 5168 1949 5238 χιόνος

380 5267 513 5322 ὂντα
543 5267 863 5339 λευκότερα.
895 5265 1100 5320 Τοῦτον
1124 5261 1220 5318 οὖν
1251 5263 1439 5331 ἑώρων
1458 5261 1518 5326 ἐξ
1543 5259 1842 5328 εὐωνύμων
1871 5257 1950 5328 τῷ

385 5359 604 5428 μεγάλῳ
641 5355 1126 5428 συμπορευόμενον
1155 5353 1409 5420 καθάπερ
1439 5351 1564 5404 τινὰ
1595 5348 1948 5416 ὑπασπιστὴν

382 5454 546 5506 καλὸν
557 5452 679 5524 ἃμα
703 5453 801 5506 καὶ
827 5448 1080 5520 φοϐερὸν,
1114 5447 1208 5500 καὶ
1229 5447 1328 5514 τὴν
1361 5446 1517 5514 χεῖρα
1540 5438 1652 5496 οἷον
1678 5442 1952 5512 ὑπέχοντα

381 5544 476 5599 τὸν
505 5545 822 5618 πρεσϐύτην
848 5545 1084 5612 ἀνέχειν,
1113 5538 1208 5592 καὶ
1231 5540 1326 5590 σὺν
1353 5539 1454 5608 ὅσῃ
1509 5537 1578 5606 τῇ
1624 5536 1764 5589 αἰδοῖ
1797 5534 1912 5605 Θερ;
1931 5562 1956 5572 -

393 5761 400 5764 -
456 5733 534 5804 βαι
571 5731 706 5789 Vide
737 5726 1130 5786 Baroniumad
1167 5739 1256 5780 an.
1286 5723 1413 5778 479.

2063 4537 2258 4592 ducem
2288 4554 2302 4602 ;
2338 4536 2441 4590 hoc
2478 4536 2582 4589 fuit
2623 4533 2845 4587 (videns
2874 4532 3126 4601 signum:
3161 4532 3295 4586 Nam
3330 4533 3473 4587 inter
3511 4547 3629 4586 am-

2063 4629 2362 4684 bulandum
2421 4627 2680 4680 videbant
2725 4626 2757 4678 ii
2803 4625 2895 4691 qui
2941 4623 3087 4692 digni
3118 4632 3276 4676 erant
3313 4638 3376 4676 ea
3418 4622 3627 4686 videre,

2059 4721 2318 4789 juvenem
2365 4718 2588 4787 quidem
2633 4726 2845 4772 statura
2894 4716 3230 4778 maximum,
3271 4713 3446 4767 forma
3497 4729 3628 4768 vero

2057 4809 2514 4878 pulcherrimum,
2566 4815 2622 4861 et
2671 4822 2811 4861 zona
2862 4807 3107 4860 cinctum
3162 4819 3349 4867 aurea,
3402 4813 3626 4872 aspectu

2055 4901 2279 4970 quidem
2315 4908 2423 4953 tam
2453 4897 2771 4960 candidum,
2813 4905 2873 4951 ut
2916 4897 3099 4951 nivem
3148 4896 3433 4949 videretur
3465 4909 3628 4962 supe-

2050 5003 2175 5043 rare
2197 5007 2210 5042 :
2233 4999 2341 5042 tam
2361 4987 2606 5042 lucidum
2628 4996 2833 5051 autem,
2855 4997 2912 5041 ut
2943 4987 3064 5041 luce
3092 4993 3424 5040 coruscaret.
3447 4983 3627 5038 Lanea

2057 5094 2187 5135 vero
2203 5078 2446 5134 eieratet
2471 5078 2677 5141 tunica,
2693 5093 2867 5147 eaque
2889 5078 3015 5132 nive
3030 5076 3340 5132 candidior.
3380 5076 3514 5128 Eum
3539 5092 3629 5128 er-

2055 5185 2124 5238 go
2151 5169 2467 5224 videbanta
2511 5168 2752 5224 sinistris
2794 5169 2958 5222 simul
2998 5183 3119 5220 cun
3153 5182 3347 5234 magno
3374 5166 3628 5221 Marco-llo

2055 5261 2445 5324 ambulantem,
2475 5259 2646 5314 veluti
2675 5259 2966 5328 quemdam
3002 5256 3309 5322 satellitem,
3337 5256 3627 5324 pulcbrmu

2059 5352 2218 5406 simul
2250 5363 2310 5407 et
2337 5351 2662 5413 terribilem,
2695 5362 2752 5404 et
2770 5364 2989 5403 manum
3023 5346 3186 5401 veluti
3205 5357 3628 5416 supponentem,

2060 5445 2386 5499 sustinuisse
2414 5457 2626 5502 senem.
2653 5451 2708 5497 et
2737 5457 2862 5497 cum
2898 5441 3130 5494 maxima
3171 5440 3478 5494 reverentia
3513 5455 3623 5492 non

2063 5535 2342 5591 destitisse
2372 5535 2422 5589 ei
2453 5534 2740 5592 inservire.
2777 5534 2915 5590 Cum
2945 5542 3128 5588 autem
3179 5532 3411 5604 ingrcssi
3443 5546 3628 5587 essem
