4128 6384
515 293 624 357 ’143

1748 302 2032 361 Μεκδιδ
2074 303 2501 373 DECEMBER.
3665 311 3773 379 Ἧι

519 409 574 461 in
605 423 730 461 eum
761 406 940 461 locum
970 449 983 464 .
1027 406 1079 459 in
1114 423 1223 475 quo
1271 409 1480 463 solebat
1529 409 1722 464 Sedere
1766 412 2079 481 imperator,

2196 421 2427 474 πεὺοντα
2465 425 2539 491 μὴ
2568 424 2925 491 δι’ρίσῖασθαι.
2975 425 3126 480 Ἐπεὶ
3153 426 3209 482 δὲ
3242 426 3338 481 καὶ
3373 427 3505 483 εἴσω
3531 427 3773 496 γένοιντο

516 504 636 549 erat
662 495 882 564 quidem
929 498 1007 549 sic
1053 512 1273 566 quoque
1316 498 1600 554 Marcellus
1644 501 1826 554 omnia
1879 501 1944 554 iis
1990 501 2084 569 qui

515 596 677 640 erant
705 585 990 649 Ecclesize;
1028 586 1159 652 quin
1202 588 1368 641 etiam
1403 589 1517 658 ipse
1548 608 1766 660 quoque
1800 593 1972 645 libere
2005 593 2088 646 lo-

515 677 787 747 quebatur
815 679 880 731 ad
920 679 1326 747 imperatorem,
1350 691 1406 736 et
1428 683 1537 738 illis
1559 683 1793 738 addebat
1816 686 2086 746 animum,

511 778 570 822 et
603 769 1006 837 quodammodo
1037 787 1134 826 (οε
1160 774 1562 829 adhortabatur
1595 777 1660 829 ad
1688 786 1963 832 certamen
1988 792 2088 846 pro

512 857 736 912 Christo
769 861 1203 930 suscipiendum.
1235 864 1413 932 Atque
1445 866 1521 918 illi
1562 866 1782 935 quidem
1813 881 1938 920 cum
1977 884 2089 921 om-

517 949 603 1002 nia
634 950 945 1005 effecissent
986 963 1210 1021 propter
1245 970 1366 1022 quae
1398 965 1681 1017 venerant,
1713 972 1834 1025 quae
1863 956 2084 1026 quidem

512 1049 693 1102 erant,
723 1049 782 1093 ut
820 1040 1039 1110 ASparis
1069 1045 1210 1098 illius
1239 1056 1334 1100 aut
1367 1057 1570 1101 rectam
1601 1047 1840 1101 disceret
1873 1048 2088 1117 opinio-

523 1147 673 1193 nem,
713 1142 811 1186 aut
851 1151 950 1190 nec
989 1139 1308 1208 dignitatem
1353 1140 1586 1195 Cmsaris
1634 1143 1908 1210 acciperet
1949 1142 2086 1209 (lucc

468 1214 475 1221 ’
519 1229 668 1281 enim
695 1229 774 1281 eis
805 1227 1080 1296 pollicitus
1128 1241 1213 1284 est
1261 1231 1607 1298 imperator),
1640 1232 1889 1285 laetantes
1931 1231 2083 1284 exie-

518 1307 666 1374 runt.
701 1321 792 1374 llle
819 1332 1002 1375 autem
1030 1337 1222 1376 rursus
1242 1323 1578 1387 adolescens,
1603 1332 1659 1377 et
1688 1323 2004 1385 altissimus,
2030 1331 2088 1376 et

520 1414 1014 1484 Splendidissimus.
1060 1416 1211 1469 visus
1234 1415 1453 1483 quidem
1485 1426 1568 1470 est
1599 1417 1780 1469 adhuc
1809 1416 1998 1477 adesst:
2031 1427 2088 1467 et

438 1491 456 1579 i
525 1509 729 1561 versari
762 1524 884 1561 cum
934 1507 1207 1562 Marcello.
1275 1507 1411 1560 Cum
1445 1524 1574 1561 vero
1612 1524 1736 1562 etzm
1767 1507 2085 1560 deduxisset

521 1613 695 1666 usque
725 1599 790 1650 ad
826 1607 1028 1666 portas,
1059 1599 1125 1652 de
1169 1611 1370 1653 (διείρεο
1405 1602 1624 1654 evanuit
1662 1618 1724 1654 ex
1767 1601 1960 1654 oculs.
2009 1599 2083 1651 De

516 1703 627 1756 quo
671 1689 854 1742 nullus
883 1688 1157 1742 dubitavit
1193 1705 1259 1742 ex
1308 1691 1370 1743 iis
1405 1691 1496 1759 qui
1545 1690 1792 1754 aderant,
1826 1690 1919 1744 sed
1963 1690 2082 1742 cvi-

516 1779 653 1832 dcns
687 1780 789 1832 l‘uit
819 1779 1075 1832 omnibus
1103 1794 1227 1833 eum
1259 1781 1424 1834 fuisse
1450 1782 1542 1834 Dei
1577 1782 1910 1844 ministrum,
1935 1781 2083 1835 virili

519 1871 710 1925 liabitu
748 1872 1019 1934 indutum,
1046 1874 1140 1940 qui
1167 1873 1366 1927 missus
1401 1873 1596 1937 fuerat,
1631 1882 1689 1927 ut
1723 1883 1868 1927 esset
1899 1882 2084 1928 custos

519 1972 575 2015 et
614 1963 829 2014 satelles
856 1962 1114 2018 Marcelli.
1147 1963 1252 2016 Sed
1283 1964 1350 2017 ab
1379 1979 1444 2016 eo
1477 1965 1699 2033 quidem
1731 1965 1832 2017 luit
1865 1964 2083 2017 habitus

518 2054 573 2106 in
623 2065 776 2107 tanto
815 2055 1041 2107 lionure.
1089 2055 1239 2109 Haud
1291 2056 1361 2109 ita
1399 2057 1572 2110 multo
1604 2067 1722 2125 post
1754 2065 2083 2123 acceperunt

517 2145 682 2199 ﬁnem
725 2160 812 2208 ea,
841 2161 961 2215 quae
985 2147 1029 2199 is
1058 2147 1326 2215 praedix‘t.
1363 2146 1703 2200 Ardaburius
1737 2149 1881 2199 enim
1913 2146 2080 2198 sinml

513 2252 638 2291 cum
676 2247 829 2302 patre
875 2247 929 2290 et
988 2237 1174 2302 fratre,
1207 2248 1260 2292 et
1285 2238 1407 2291 aliis
1445 2254 1550 2291 non
1583 2238 1766 2300 paucis
1795 2254 1860 2291 ex
1890 2239 1954 2290 iis
1987 2237 2078 2306 qui

509 2335 666 2382 erant
690 2327 934 2397 ejusdem
952 2330 1257 2392 sententiae,
1277 2345 1400 2382 cum
1430 2328 1692 2384 ebibis<et
1721 2329 1966 2382 ultimam
1991 2327 2082 2380 lm-

509 2434 629 2473 ccm
665 2420 758 2473 ira:
788 2420 1001 2473 Domini
1033 2459 1047 2481 ,
1083 2430 1271 2489 raptus
1315 2431 1398 2475 est
1435 2424 1504 2475 ab
1551 2421 1885 2484 hominibus,
1933 2419 2077 2472 leoni

507 2514 697 2572 draco,
730 2511 1046 2579 imperatori
1072 2514 1216 2584 juste
1247 2513 1482 2568 traditus
1509 2513 1730 2582 impius.

580 2600 799 2656 XXXV.
837 2601 1015 2657 Unum
1068 2605 1247 2660 adhuc
1293 2616 1460 2660 restat
1503 2607 1896 2660 convenienter
1946 2623 2080 2660 meae

507 2694 860 2763 promissioni
899 2713 912 2748 :
950 2696 1096 2766 quod
1146 2697 1236 2750 ubi
1273 2697 1544 2765 adjecero,
1596 2701 1756 2753 linem
1805 2701 2076 2769 imponam

506 2787 768 2843 orationi.
812 2788 1084 2844 Lucianus
1130 2792 1351 2860 quidam
1401 2792 1716 2846 Constantis
1759 2793 1922 2855 illius,
1969 2795 2075 2849 viri

505 2879 600 2948 qui
647 2880 877 2935 multum
931 2890 1147 2951 poterat
1194 2883 1444 2947 consilio,
1491 2885 1765 2955 despectis
1820 2886 2077 2941 humanis

507 2971 785 3036 omnibus,
832 2975 1224 3028 monasterium
1282 2975 1576 3044 ingressus,
1632 2976 1782 3028 brevi
1829 2985 2076 3046 tempore

2192 511 2321 564 ἔνθα
2353 513 2416 584 δὴ
2449 515 2542 568 καὶ
2573 517 2600 567 ὁ
2653 515 2909 584 βασιλεὺς
2957 518 3139 571 εἰώθει
3191 517 3539 585 καθίζεσθαι,
3573 514 3642 587 ἦν
3671 521 3771 589 μὲν

2190 607 2282 657 καὶ
2314 605 2457 657 οὕτω
2479 607 2800 674 Μάρκελλος
2830 610 2946 672 τοῖς
2981 609 3081 678 τῆς
3121 610 3456 673 Ἐκκλήσίας
3500 610 3568 663 τὰ
3592 612 3770 665 πάντα

2190 697 2496 765 γινόμενος.
2525 698 2673 766 Πλὴν
2696 699 2833 754 ἀλλὰ
2858 702 2954 752 καὶ
2979 701 3145 764 αὐτὸς
3173 702 3315 772 πρὸς
3341 703 3434 755 τὸν
3462 703 3771 771 κρατοῦντα

2191 788 2362 840 πολλὰ
2391 790 2910 861 παρρησιαζόμενος
2941 792 3230 855 κάκείνους
3263 793 3650 862 ἐπιθαρσύνων
3678 795 3770 846 καὶ

2187 869 2300 926 οἷον
2331 876 2468 941 πρὸς
2496 877 2589 927 τὸν
2631 878 2772 946 ὑπὲρ
2806 878 3046 947 Χριστοῦ
3099 879 3289 947 ἀγῶνα
3322 882 3765 949 ἐγκελευόμενος,

2188 967 2238 1018 οἱ
2272 967 2371 1033 μὲν
2394 967 2457 1037 δὴ
2485 970 2974 1040 καταπραξάμενοι
3011 972 3193 1026 πάντα
3224 972 3295 1026 δι’
3336 972 3370 1026 ἃ
3410 975 3507 1026 καὶ
3544 973 3766 1041 ἥκασιν,

2189 1057 2348 1110 ἅτινα
2396 1054 2464 1129 ἦν
2494 1058 2586 1110 τὸν
2614 1060 2900 1129 Ἀσπαρος
2931 1061 3102 1131 υίὸνῆ
3135 1061 3233 1132 τὴν
3257 1063 3424 1132 ὀρθὴν
3448 1063 3767 1132 μεταθεῖναι

2187 1147 2366 1211 δόξαν,
2413 1149 2446 1218 ἦ
2486 1149 2623 1217 μηδὲ
2670 1149 2766 1220 τὴν
2802 1151 2963 1215 ἀξίαν
3013 1150 3204 1204 λαϐεῖν
3256 1152 3766 1222 Καίσαρος(ταῦτα

2187 1241 2296 1309 γὰρ
2320 1243 2346 1294 6
2367 1242 2586 1312 κρατῶν
2614 1243 2798 1306 αὐτοῖς
2829 1243 3258 1313 ἐπηγγείλατο),
3291 1243 3524 1315 ἐξῄεσαν
3549 1246 3768 1315 χαίρον-

2186 1349 2297 1394 τες.
2338 1333 2606 1396 Κάκεῖνος
2629 1333 2796 1386 πάλιν
2817 1334 2844 1385 6
2870 1334 3088 1398 νεανίας
3116 1336 3144 1388 6
3170 1335 3514 1403 ὑψηλότατος
3542 1337 3642 1389 καὶ
3672 1337 3764 1390 εὑ-

2188 1424 2559 1493 πρεπέστατος
2599 1424 2694 1477 καὶ
2739 1424 3123 1494 λαμπρότατος
3171 1425 3405 1492 θεαθεὶς,
3436 1426 3627 1495 παρὼν
3667 1428 3764 1496 μὲν

2189 1519 2282 1569 καὶ
2344 1515 2421 1566 ἔτι
2453 1515 2548 1567 καὶ
2601 1516 2676 1585 τῷ
2727 1517 3040 1587 Μαρκέλλῳ
3105 1517 3282 1570 συνὼν
3346 1519 3561 1588 ἑωρᾶτο
3594 1519 3687 1571 καί
3712 1536 3763 1570 τι

2191 1606 2560 1676 προσομιλῶν·
2594 1607 2722 1676 ἄχρι
2757 1608 2813 1660 δὲ
2844 1608 2950 1661 τῶν
2978 1607 3165 1660 πυλῶν
3197 1609 3359 1662 αὐτὸν
3389 1610 3762 1680 παραπέμψας

2186 1702 2246 1751 τὸ
2277 1700 2460 1751 λοιπον
2483 1699 2707 1763 ἀθέατος
2729 1696 2820 1770 ἦν,
2845 1699 3019 1753 οὐδενὶ
3034 1700 3145 1752 τῶν
3176 1701 3462 1770 παρόντων
3484 1702 3762 1772 ἀμφισϐη-

2184 1794 2417 1860 τήσιμος
2439 1831 2453 1853 ,
2475 1791 2610 1842 ἀλλὰ
2638 1792 2770 1844 πᾶσι
2797 1792 2955 1860 δῆλος
2985 1791 3278 1860 γινόμενος
3328 1793 3414 1844 ὅτι
3467 1791 3605 1844 ΘεοΞ
3656 1791 3763 1845 λει-

2185 1881 2411 1950 τουργδς
2441 1881 2538 1947 ὣ··,
2571 1881 2755 1952 σχῆμά
2775 1899 2835 1934 τε
2863 1881 3052 1951 ἀνδρὸς
3079 1881 3352 1945 ὑπελθὼν,
3384 1883 3558 1950 φύλαξ
3592 1882 3762 1950 ἐπέμ-

2187 1973 2295 2042 φθη
2355 1974 2450 2025 καὶ
2506 1972 2803 2043 δορυφόρος
2864 1973 3200 2043 Μαρκέλλῳ.
3266 1973 3432 2026 Ἀλλὰ
3463 1972 3623 2025 τοῦτο
3663 1973 3760 2040 μὲν

2183 2055 2336 2119 οὗτος
2357 2059 2730 2129 διαφερόντως
2754 2060 3035 2130 τετίμητο.
3091 2057 3227 2112 Μετ’
3255 2059 3315 2111 οὗ
3353 2059 3487 2113 πολὺ
3517 2059 3574 2112 δὲ
3607 2061 3700 2112 καὶ
3724 2059 3759 2113 ἃ

2185 2154 2414 2220 προεῖπε
2446 2151 2507 2204 τὸ
2529 2151 2682 2213 τέλος
2725 2151 2964 2220 ἐδέχετο.
3035 2151 3418 2221 Ἀρδαϐούριος
3449 2152 3559 2222 γὰρ
3591 2153 3760 2223 πατρί

2183 2259 2240 2294 τε
2277 2242 2393 2312 ἅμα
2419 2242 2515 2295 καὶ
2539 2241 2756 2310 ἀδελφῷ
2785 2243 2878 2294 καὶ
2905 2241 3086 2304 ἄλλοις
3122 2242 3224 2294 οὐκ
3256 2243 3463 2309 ὀλίγοις
3490 2243 3600 2295 τῶν
3625 2246 3758 2312 ὁμο-

2181 2333 2347 2397 δόξων
2392 2333 2624 2404 τρυγίαν
2653 2334 2752 2402 τῆς
2785 2333 2956 2403 ὀργῆς
3013 2335 3360 2398 ἐκπεπωκὼς
3417 2335 3478 2398 ιξ
3540 2335 3753 2403 ἀνθρὼο

2182 2441 2300 2476 πων
2351 2425 2690 2494 ἀνήρπαστο,
2724 2423 2801 2495 τῷ
2826 2425 3004 2478 λέοντι
3035 2427 3063 2478 6
3090 2424 3331 2496 δράκων,
3365 2424 3443 2495 τῷ
3491 2423 3704 2493 βασιλεῖ
3726 2425 3755 2477 6

2181 2518 2447 2586 δυσσεϐὴς
2481 2518 2707 2580 δικαίως
2737 2517 3090 2588 παραδοθείς.
3361 2549 3364 2558 -

2253 2608 2375 2660 AE'.
2412 2609 2509 2660 Ἕν
2542 2607 2622 2660 ἔτι
2656 2609 2903 2660 λείπεται
2944 2608 3089 2661 κατά
3124 2607 3222 2678 τὴν
3263 2607 3582 2676 ὑπόσχεσιν,
3619 2606 3758 2674 ὅπερ

2181 2701 2305 2771 ἄρτι
2335 2699 2592 2768 προσθεὶς
2618 2699 2771 2761 τέλος
2832 2699 3083 2770 ἐπιθήσω
3133 2700 3213 2770 τῷ
3260 2701 3424 2768 λόγῳ.
3456 2699 3758 2760 Λουκιανός

2180 2810 2264 2854 τις
2290 2791 2640 2854 Κώνσταντος
2673 2791 2787 2855 υἱὸς
2819 2791 3011 2862 ἀνδρὸς
3039 2793 3183 2859 μέγα
3211 2794 3266 2843 ἐν
3301 2795 3364 2861 τῇ
3403 2793 3565 2861 βουλῇ
3594 2791 3756 2859 δυνη-

2181 2881 2388 2944 θέντος,
2420 2876 2575 2943 οὖτος
2619 2879 2728 2932 τῶν
2787 2881 3146 2949 ἀνθρωπίνων
3210 2882 3433 2935 πάντων
3486 2880 3757 2950 ὑπεριδὼν

2180 2975 2278 3026 καὶ⁸
2308 2975 2374 3026 τὰ
2413 2973 2519 3025 τῶν
2552 2972 2801 3042 μοναχῶν
2830 2973 3102 3036 ὑπελθὼν,
3145 2976 3202 3026 ὲν
3233 2975 3412 3043 χρόνῳ
3441 2973 3634 3044 βραχεῖ
3668 2973 3757 3026 διὰ

509 3079 606 3133 per
635 3064 947 3119 Marcellum
979 3067 1182 3121 multos
1211 3081 1404 3121 eorum
1454 3069 1546 3136 qui
1579 3079 1982 3123 consenuerant
2021 3070 2073 3122 in

2184 3064 2504 3134 Μαρκέλλου
2559 3063 2790 3125 πολλοὺς
2827 3064 2923 3116 καὶ
2958 3064 3068 3115 τῶν
3102 3066 3160 3116 ὲν
3187 3065 3420 3132 ἀσκήσει
3445 3064 3758 3133 γεγηρακό-

505 3155 914 3220 exercitatione,
943 3157 1099 3227 longe
1131 3173 1162 3211 a
1194 3168 1346 3227 tergo
1389 3159 1608 3228 reliquit
1643 3178 1654 3212 :
1682 3175 1842 3225 quem
1883 3159 2076 3213 dicunt

507 3260 537 3298 a
570 3247 718 3301 mullo
743 3263 982 3318 unquam
1012 3263 1136 3305 esse
1163 3251 1342 3305 visum
1380 3267 1480 3305 nec
1514 3251 1863 3316 irascentem,
1895 3267 2075 3322 neque

506 3334 678 3389 multa
702 3335 1042 3405 loquentem,
1091 3337 1189 3392 sed
1236 3354 1414 3408 neque
1463 3339 1559 3393 ulli
1604 3339 1937 3409 praebentem
1987 3343 2078 3396 ira:

505 3426 874 3482 occasionem.
909 3427 977 3496 ls,
1005 3431 1227 3499 quando
1259 3431 1436 3486 bonus
1465 3441 1618 3500 pater
1649 3432 1938 3488 Marcellus
1981 3450 2077 3487 cx-

512 3517 769 3584 cedebat,
803 3527 1007 3585 astans,
1044 3530 1096 3576 et
1121 3522 1412 3592 plusquam
1443 3523 1535 3576 alii
1559 3523 1889 3594 lacrymans,
1919 3541 2081 3596 roga-

507 3611 622 3674 bat,
659 3610 801 3665 hanc
829 3611 935 3667 sibi
960 3611 1078 3667 dari
1101 3613 1356 3682 gratiam;
1380 3630 1443 3670 ea
1475 3623 1656 3668 autem
1681 3623 1824 3680 erat,
1853 3631 1921 3671 ne
1950 3633 2076 3672 eum

507 3700 818 3771 despiceret
853 3702 942 3758 hic
971 3704 1168 3770 solum,
1205 3690 1383 3776 neque
1411 3707 1618 3763 sineret
1660 3725 1787 3762 eum
1821 3723 1942 3765 esse
1974 3709 2076 3779 ipsi

507 3791 671 3863 longo
701 3801 948 3863 tempore
977 3795 1328 3864 superstitem
1356 3835 1371 3860 ,
1401 3812 1581 3866 neque
1618 3799 1767 3853 enim
1806 3813 1864 3854 se
1914 3814 2077 3868 posse

510 3885 749 3955 amplius
776 3895 924 3941 reete
957 3887 1165 3950 vivere,
1196 3887 1338 3942 sicut
1370 3904 1548 3958 neque
1589 3905 1784 3944 navem
1819 3899 1938 3946 tuto
1977 3907 2079 3944 na-

509 3977 715 4047 vigure,
759 3995 880 4048 quae
923 3978 1109 4035 amisit
1136 3980 1589 4051 gubernatorem.
1642 3982 1708 4039 Et
1739 3984 1828 4038 ille
1855 3983 2076 4054 quidem

509 4070 624 4125 haec
657 4087 670 4124 :
709 4071 996 4126 Marcellus
1033 4087 1162 4126 vero
1210 4089 1333 4128 cum
1371 4073 1508 4128 vidit
1540 4091 1664 4129 eum
1712 4091 1906 4145 magna
1950 4074 2080 4130 alle-

505 4171 655 4217 ctum
687 4164 913 4219 tristitia
939 4181 950 4216 :
976 4163 1128 4230 Esto,
1153 4164 1351 4234 inquit,
1380 4156 1524 4220 bono
1549 4167 1732 4220 animo
1757 4183 1772 4220 :
1812 4182 1936 4221 nam
1955 4182 2078 4220 cum

506 4270 609 4326 ego
637 4270 948 4320 excessero,
981 4265 1037 4311 tu
1072 4273 1292 4328 quoque
1335 4259 1691 4328 consequeris
1715 4298 1730 4322 ,
1765 4267 1822 4314 et
1859 4259 2080 4314 insistes

507 4349 753 4418 vestigiis
795 4350 934 4419 ejus,
966 4365 1127 4420 quem
1153 4351 1464 4407 desideras.
1508 4351 1644 4408 Cum
1689 4352 1767 4406 sie
1811 4351 2077 4414 dixisset,

2179 3173 2286 3210 των
2307 3155 2484 3207 ὀπίσω
2515 3153 2780 3216 τέθεικεν,
2829 3154 2887 3205 ὃν
2920 3170 3090 3222 φασιν
3123 3154 3228 3206 ὑπὸ
3261 3153 3488 3223 μηδενὸς
3521 3152 3756 3221 ὀφθῆναι

2181 3248 2451 3318 μηδέποτε
2508 3246 2637 3315 μήτ’
2667 3245 3029 3316 ὀργιζόμενον
3065 3247 3203 3318 μήτε
3236 3245 3409 3298 πολλά
3450 3246 3757 3312 (poenam-

2179 3357 2292 3404 νον,
2324 3339 2460 3391 ἀλλά
2495 3339 2602 3407 μὴν
2654 3337 2789 3406 μηδὲ
2834 3337 2982 3404 ἄλλῳ
3021 3340 3278 3409 ἀφορμὴν
3321 3337 3490 3406 ὀργῆς
3521 3335 3758 3404 παρεχόυ

2183 3445 2364 3498 μενον.
2427 3422 2595 3490 Οὗτος
2648 3422 2766 3488 οὖν,
2806 3426 2970 3494 ἡνίκα
3020 3427 3049 3478 6
3097 3425 3332 3496 χρηστὸς
3367 3423 3518 3492 αὐτῷ
3565 3425 3756 3492 Πατὴρ

2179 3518 2429 3586 ὲξεδὴμει
2460 3516 2804 3586 Μάρκελλος,
2865 3516 3156 3585 παραστὰς
3209 3515 3375 3568 πλέον
3435 3515 3547 3567 τῶν
3581 3513 3756 3566 ἄλλων

2177 3610 2577 3678 δεδακρυμένος
2618 3607 2774 3677 ἠξίου
2829 3609 2926 3660 καὶ
2959 3607 3166 3677 ταύτην
3221 3607 3371 3675 αὐτῷ
3403 3607 3502 3677 τὴν
3525 3607 3756 3676 ἐσχάτην

2179 3701 2399 3771 δοθῆναι
2438 3701 2632 3769 χάριν
2673 3700 2706 3769 ἡ
2735 3699 2791 3752 δὲ
2823 3694 2889 3770 ἦν
2928 3701 3002 3768 μὴ
3039 3699 3305 3768 περιιδεῖν
3333 3699 3496 3751 αὐτὸν
3521 3697 3754 3752 ἐνταῦθα

2184 3795 2342 3864 μόνον
2395 3792 2534 3861 μηδὲ
2597 3790 2925 3843 καταλιπεῖν
2976 3790 3148 3844 πολὺν
3196 3788 3484 3843 ἐπιϐιῶναι
3528 3790 3754 3860 χρόνονο

2185 3884 2320 3954 μηδὲ
2348 3883 2455 3953 γὰρ
2483 3881 2745 3934 δύνασθαι
2771 3881 2871 3952 ζῇν
2899 3881 2982 3933 ἔτι
3005 3879 3210 3942 καλῶς,
3254 3877 3446 3949 ὥσπερ
3475 3879 3596 3932 οὐδὲ
3626 3877 3758 3932 ναῦν

2179 3975 2441 4045 ἀσφαλῶς
2473 3973 2630 4028 πλεῖν
2658 3974 2750 4027 τὸν
2784 3973 3131 4044 κυϐερνήτην
3153 3969 3556 4024 ἀποϐαλοῦσαν.
3592 3970 3701 4024 Καὶ
3729 3971 3757 4022 6

2185 4068 2286 4137 μὲν
2314 4067 2509 4131 ταῦτα,
2539 4068 2568 4118 6
2595 4066 2654 4120 δὲ
2675 4065 2750 4129 ὡς
2775 4066 2897 4118 λίαν
2924 4066 3084 4117 αὑτὸν
3113 4063 3258 4133 ἑώρα
3293 4063 3581 4133 περιαλγῆ,
3613 4061 3755 4128 Θιιὶρ⁸

2183 4174 2290 4224 σει,
2321 4157 2426 4226 ἔφη
2453 4174 2466 4189 ο
2493 4154 2629 4226 ἐμοῦ
2653 4157 2766 4224 γὰρ
2789 4155 3120 4217 ἀπελθόντος
3143 4154 3239 4206 καὶ
3265 4154 3426 4216 αὐτὸς
3447 4150 3757 4206 ἀκολουθῶν

2183 4249 2281 4319 ἔσῃ
2326 4248 2424 4302 καὶ
2450 4249 2596 4301 κατὰ
2631 4247 2800 4310 πόδας
2832 4246 3002 4317 ἀφίξῃ
3027 4244 3122 4299 τοῦ
3174 4244 3538 4312 ποθουμένου.
3569 4241 3757 4304 Οὕτως

2187 4342 2434 4404 είπόντος
2469 4339 2647 4410 πέρας
2681 4341 2819 4409 μετά
2868 4339 3065 4409 μικρὸν
3103 4338 3320 4407 ἐδέχετο
3349 4335 3409 4390 τὸ
3439 4333 3629 4405 ῥηθέν.
3671 4332 3758 4393 Ὠς

505 4438 672 4507 paulo
697 4451 817 4506 post
839 4439 1002 4493 ﬁnem
1029 4440 1243 4510 accepit
1291 4441 1440 4511 quod
1473 4441 1680 4496 dietum
1713 4441 1908 4496 fuerat.
1937 4443 2075 4497 Nam

2184 4437 2292 4506 γὰρ
2324 4437 2531 4496 ἐκεῖνος
2578 4431 2702 4486 λίαν
2762 4431 2976 4503 βαρέως
3034 4431 3132 4502 τὴν
3191 4428 3448 4499 τελευτὴν
3474 4425 3637 4495 ἔφερε
3664 4424 3758 4476 καὶ

506 4543 634 4582 cum
669 4527 757 4582 ille
795 4529 1082 4583 decessum
1130 4544 1274 4599 aegre
1315 4530 1504 4595 terret,
1531 4541 1586 4586 et
1622 4537 1766 4586 tutos
1812 4531 2076 4600 deinceps

507 4619 751 4689 quinque
800 4618 920 4672 dies
950 4629 1004 4673 et
1035 4627 1224 4673 noctes
1253 4619 1322 4672 ad
1355 4619 1555 4673 fossam
1602 4618 1784 4688 magni
1832 4618 2072 4672 Marcelli

509 4709 818 4773 mansisset,
846 4717 967 4778 post
1006 4709 1159 4763 illum
1191 4710 1354 4773 mori,
1380 4709 1545 4763 vitam
1567 4750 1581 4773 ,
1627 4709 1744 4762 sine
1787 4723 1855 4762 eo
1891 4716 2074 4763 autem

505 4801 882 4870 superstitem,
918 4810 1149 4856 mortem
1182 4801 1436 4856 acerbam
1466 4801 1806 4864 existimans,
1837 4799 1905 4854 ad
1941 4815 2070 4854 eum

507 4893 561 4945 in
594 4893 802 4947 somnis
831 4893 981 4949 venit
1012 4909 1240 4963 magnus
1285 4893 1594 4953 Marcellus,
1634 4906 1967 4946 conversum
2004 4891 2073 4946 ad

503 4983 842 5049 sepulcrum,
862 4991 917 5036 et
939 5001 952 5037 :
971 4983 1314 5053 Cur,inquit,
1338 4993 1388 5037 te
1415 4981 1644 5036 atllictas
1667 4983 1986 5052 etquereris
2011 4982 2080 5036 de

505 5071 781 5135 tarditate,
799 5081 855 5127 et
876 5089 983 5128 non
1019 5073 1236 5129 credis?
1263 5074 1372 5144 Ego
1399 5074 1572 5128 Deum
1601 5087 1700 5142 pro
1719 5083 1771 5126 te
1799 5082 2076 5141 precatus,

501 5160 662 5216 ρίτρεὶ
695 5162 746 5215 id
775 5161 919 5231 quod
963 5163 1061 5218 tibi
1084 5164 1328 5234 expedit,
1347 5179 1402 5219 et
1424 5164 1607 5218 statim
1636 5164 1704 5218 ad
1751 5179 1838 5219 me
1867 5163 2079 5219 venies.

505 5251 628 5306 Fuit
647 5253 720 5308 ita
742 5269 759 5320 ;
780 5263 836 5308 et
865 5254 1028 5308 tertio
1062 5264 1185 5326 post
1204 5256 1293 5311 die
1321 5271 1352 5311 e
1379 5257 1490 5310 vita
1516 5257 1735 5311 excedit
1773 5256 2073 5320 Lucianus,

501 5361 624 5399 cum
643 5345 789 5401 solos
815 5357 940 5402 octo
956 5347 1074 5404 dies
1089 5348 1111 5402 l'
1112 5349 1282 5404 uisset
1297 5363 1491 5418 magno
1504 5348 1758 5404 Marcello
1774 5357 2072 5418 superstes.

579 5435 817 5494 XXXVI.
853 5437 1024 5504 Quam
1057 5441 1228 5497 multa
1257 5441 1496 5497 Marcelli
1528 5481 1540 5503 ,
1577 5456 1698 5510 quae
1723 5451 1856 5497 sunt
1887 5442 2077 5512 hujus-

507 5531 680 5599 modi,
716 5533 819 5586 alia
857 5533 1078 5604 quidem
1104 5536 1332 5607 majora,
1363 5535 1468 5590 alia
1498 5544 1681 5590 autem
1713 5550 1818 5590 non
1848 5536 2078 5591 omnino

505 5621 767 5677 inferiora
792 5623 816 5676 ἲ
841 5633 980 5693 quot
1004 5625 1206 5696 lingua:
1244 5627 1568 5682 suﬂ‘ecerint
1598 5625 1666 5680 ad
1699 5626 2034 5680 narrandum
2059 5668 2072 5689 ,

502 5724 558 5770 et
591 5724 725 5782 quot
759 5714 883 5770 libri
911 5716 978 5769 ad
1003 5732 1064 5771 ea
1096 5733 1218 5788 quae
1244 5717 1646 5784 scriberentur,
1687 5718 2072 5788 Suscipienda?

2183 4529 2320 4582 ὅλων
2347 4527 2472 4594 ἑξῆς
2501 4526 2731 4596 ἡμερῶν
2759 4525 2856 4578 καὶ
2901 4524 3111 4578 νυκτῶν
3147 4523 3311 4575 πέντε
3340 4519 3491 4590 παρά
3538 4520 3630 4570 τὸν
3663 4514 3755 4570 τοῦ

2187 4619 2423 4690 μεγάλου
2449 4619 2623 4683 τάφον
2671 4615 2933 4685 διέμεινε,
2964 4615 3024 4666 τὸ
3055 4612 3144 4665 ἔπ’
3180 4612 3376 4681 ἐκείνῳ
3423 4611 3606 4662 θανεῖν
3635 4607 3756 4677 ζῇν,

2182 4711 2242 4764 τὸ
2265 4709 2322 4761 δὲ
2350 4709 2518 4778 χωρὶς
2545 4706 2712 4760 αὑτοῦ
2739 4708 3010 4775 περιεῖναι
3038 4703 3236 4773 πικρὸν
3266 4701 3572 4772 ἡγούμενος
3595 4700 3760 4753 θάνα-

2182 4821 2294 4871 τον,
2327 4804 2616 4872 ἐφίσταται
2669 4804 2696 4855 6
2753 4801 2929 4870 μέγας
2979 4797 3129 4869 αὑτῷ
3163 4798 3303 4870 πρὸς
3353 4796 3527 4849 ὕπνον
3561 4797 3654 4848 ἐπὶ
3681 4794 3759 4861 τῷ

2183 4897 2340 4966 τάφῳ
2362 4897 2650 4966 τραπέντι,
2679 4895 2794 4960 καὶ,
2839 4892 3025 4958 ’1νατί,
3063 4891 3221 4962 φησὶ,
3251 4889 3648 4960 δυσχεραίνεις.
3665 4890 3760 4940 και

2189 4989 2382 5059 μέμφῃ
2409 4987 2726 5058 βραδυτῆτι,
2745 4987 2842 5039 καὶ
2877 4985 3129 5046 ἀπιστεῖς
3155 5001 3172 5047 ;
3218 4981 3362 5049 Ἐγὼ
3393 4993 3489 5033 σου
3508 4977 3604 5032 τοῦ
3620 4977 3756 5032 Θεοῦ

2183 5077 2400 5148 δεηθεὶς
2427 5078 2488 5130 τὸ
2519 5078 2754 5146 πρᾶγμα
2814 5077 2873 5128 ὲν
2912 5072 2991 5143 τῷ
3042 5071 3312 5125 λυσιτελεῖ
3365 5071 3611 5131 τέθεικα,
3663 5071 3758 5122 καὶ

2181 5167 2334 5239 ἥξεις
2364 5168 2492 5221 ὅσον
2516 5167 2619 5220 οὐκ
2653 5166 2754 5238 ἤδη
2808 5163 2946 5236 πρός
2980 5179 3071 5233 με.
3103 5162 3305 5231 Γέγονε
3325 5161 3523 5228 ταῦτα,
3547 5161 3646 5215 καὶ
3676 5161 3757 5223 είς

2183 5261 2377 5332 τρίτην
2407 5263 2435 5314 ό
2469 5261 2769 5323 Λουκιανὸς
2818 5258 3107 5312 ἀπολείπει.
3133 5255 3227 5310 τὸν
3282 5255 3420 5327 βίον,
3451 5256 3583 5319 ὅλας
3611 5253 3756 5309 ὀκτὼ

2187 5355 2354 5419 μόνας
2381 5353 2655 5423 ἐπιζήσας
2681 5350 2760 5421 τῷ
2792 5351 3018 5422 μεγάλῳ
3049 5351 3286 5420 ἡμέρας.

2255 5440 2396 5508 [ις’.
2433 5443 2580 5494 Πόσα
2634 5440 2857 5495 τοιαῦτα
2901 5439 3248 5511 Μαρκέλλου,
3273 5437 3345 5494 τὰ
3371 5438 3472 5510 μιν
3495 5436 3752 5508 κρείττω,

2183 5536 2251 5587 τὰ
2279 5534 2335 5587 δὲ
2361 5534 2581 5596 πάντως
2609 5533 2708 5603 οὐχ
2735 5532 2918 5603 ἦττως
2970 5533 3141 5585 Πόσαι
3168 5531 3234 5584 ἀν
3267 5531 3546 5601 ἀρκέσωσι
3573 5529 3750 5598 γλῶσ-

2186 5643 2298 5688 σαι,
2332 5626 2498 5678 πόσαι
2528 5625 2584 5678 δὲ
2607 5627 2807 5695 χεῖρες,
2839 5625 3001 5678 πόσαι
3027 5623 3085 5676 δὶ
3131 5622 3304 5694 βίϐλοι
3334 5623 3472 5692 πρὸς
3498 5621 3598 5692 τὴν
3641 5620 3750 5672 τῶν

2182 5717 2544 5787 γραφομένων
2586 5714 2873 5784 ὑποδοχὴν,
2910 5716 3008 5768 ὅσα
3037 5716 3133 5768 καὶ
3196 5714 3340 5788 ὐπὶρ
3363 5715 3625 5784 ἑξήκοντα
3649 5709 3752 5782 τὴν
