4128 6384
331 399 439 463 ’145

1212 399 1391 482 ΥΙΤΑ
1431 398 1492 461 S.
1532 398 1927 463 MARCELLI
1966 402 2662 477 ARCHIMANDRITE.

3486 412 3592 478 746

332 512 571 583 ἄσκησιν
601 511 939 581 παρατείνας
971 512 1069 583 ἐτη
1096 511 1155 566 ἰν
1182 516 1400 583 συνεχεῖ
1429 512 1654 583 ἐνήργει
1678 514 1751 568 τὰ
1776 514 1910 567 θαύ-

2022 522 2115 588 Qui
2140 540 2265 580 eum
2306 527 2757 583 exercitationem
2782 528 2927 583 ultra
2952 526 3234 600 sexaginta
3262 543 3440 586 annos
3464 544 3593 600 pro-

334 620 527 676 μάτας
558 604 718 666 Τίνος
766 604 867 673 μὲν
901 606 1109 669 ἐκεῖνος
1157 606 1259 659 οὐκ
1305 607 1364 659 ἐν
1390 605 1566 673 ἀγῶσι
1611 608 1904 678 καρτερὸς,

329 696 474 759 τίνος
503 697 561 750 δὲ
587 697 649 750 ού
680 698 817 766 πρὸς
848 697 1069 765 ἀγῶνας
1112 697 1570 768 ὠφελιμώτεροςς
1603 700 1715 752 Καὶ⁵
1761 700 1910 764 τίνος

329 790 434 844 οὐκ
458 784 526 861 ἣν
576 791 692 853 τοῖς
717 789 1115 857 σφαλλομένοις
1156 789 1585 859 ἐπιεικέστερος,
1620 792 1718 844 καὶ
1774 791 1909 861 περὶ

326 883 434 951 τὴν
461 883 762 951 θεραπείαν
811 882 1265 951 ἐπιμελέστεροςς
1321 879 1418 941 Τίς
1459 882 1604 934 οὓτω
1638 883 1753 942 τοῖς
1804 883 1905 951 μὲν

329 975 716 1043 ἀδικουμένοις
749 974 1062 1044 ἒκδικητὴς,
1090 979 1203 1036 τοῖς
1227 973 1476 1027 ἀδικοῦσι
1497 974 1555 1025 δὲ
1588 973 1664 1043 μὴ
1686 991 1907 1043 συγχω-

335 1070 449 1137 ρεῖν
474 1067 684 1119 ἀδικεῖν
704 1068 863 1131 ὅλως,
890 1066 1026 1119 ἀλλά
1057 1068 1151 1119 καὶ
1173 1067 1555 1136 ἀντιπράττων
1570 1066 1664 1118 καὶ
1696 1066 1769 1137 μὴ
1793 1068 1908 1129 τοῖς

328 1159 555 1210 ικείνων
604 1158 843 1209 εὐδοκῶν
874 1158 1212 1228 θελήμασιν;
1273 1153 1444 1221 Οὗτος
1495 1158 1555 1210 ὲν
1610 1159 1778 1212 παντὶ
1829 1157 1907 1229 τῷ

331 1248 434 1318 βίῳ
466 1249 568 1318 τὴν
597 1249 696 1316 μὲν
728 1249 857 1317 ὃλην
885 1249 1056 1302 νύκτα
1092 1249 1282 1318 σχεδὸν
1320 1251 1418 1302 καὶ
1457 1249 1557 1318 τῆς
1603 1250 1822 1321 ἡμέρας
1848 1251 1909 1303 τὸ

298 1406 301 1409 _
332 1340 584 1392 πλεῖστον
613 1340 778 1410 ᾠδαῖς
826 1357 887 1393 τε
918 1341 1013 1393 καὶ
1067 1344 1253 1408 εὐχαῖς
1308 1341 1545 1404 καὶτοῖς
1589 1342 1780 1405 ἄλλαις
1812 1339 1907 1394 τοῦ

294 1412 305 1531 ἶ
331 1429 471 1482 Θεοῦ
496 1430 869 1500 λειτουργίαις
900 1431 1093 1495 ἐδίδου,
1115 1433 1177 1485 τὸ
1201 1432 1261 1485 δὲ
1287 1432 1476 1485 λοιπὸν
1509 1434 1660 1503 τρισὶ
1697 1433 1908 1495 τούτοις
1934 1458 1937 1461 π

296 1520 578 1595 ξὲμέριζε.
610 1521 719 1574 Καὶ
771 1522 991 1590 πρῶτον
1039 1523 1139 1592 μὲν
1185 1523 1335 1592 αἱ)τῴ
1365 1524 1679 1595 προσῄεσαν
1716 1524 1766 1575 οί
1797 1526 1911 1586 τοῖς

292 1602 304 1651 ὅ
331 1609 616 1679 λογισμοῖς
656 1611 1053 1680 διοχλούμενοι,
1108 1608 1192 1675 οἷς
1221 1612 1396 1681 δήπου
1428 1613 1526 1665 καὶ
1558 1614 1618 1665 τὸ
1650 1612 1911 1682 ἁρμόδιον

298 4382 310 4463 l

334 1702 570 1754 ἑκάστου
600 1703 851 1771 προσῆγε
878 1704 1195 1772 φάρμακον.
1226 1705 1297 1756 τά
1321 1706 1420 1773 μὲν
1450 1702 1601 1773 αύτῷ
1631 1704 1729 1771 τῆς
1758 1702 1911 1765 θείας

333 1793 581 1863 Γραφῆς,
630 1794 696 1847 τὰ
721 1795 778 1847 δὲ
807 1797 903 1847 καὶ
926 1795 1027 1859 τῆς
1076 1797 1141 1849 ὲκ
1185 1795 1381 1866 πείρας
1406 1786 1912 1865 χορηγούσης’συν-

330 1887 530 1945 έσεως.
561 1886 697 1939 Μετ’
741 1886 987 1950 ἐκείνους
1026 1885 1135 1940 τῶν
1157 1886 1533 1957 ἀδικουμένων
1564 1883 1633 1958 ἦν
1677 1888 1711 1955 ή
1744 1902 1915 1956 προσ-

331 1978 572 2040 έλευσις.
612 1977 962 2042 Ἐπιστείλας
990 1978 1049 2031 δὲ
1095 1980 1192 2032 καὶ
1228 1980 1369 2050 ὑπὲρ
1423 1978 1605 2033 αὐτῶν
1651 1978 1909 2047 ἄρχουσι,

328 2065 671 2133 δικάζουσιν,
704 2068 886 2131 αὐτοῖς
946 2068 1179 2133 ἐκείνοις
1206 2069 1514 2136 ἀδικοῦσιν,
1544 2072 1593 2123 εί
1629 2071 1792 2139 χρεία
1825 2065 1895 2139 ἦν

335 2158 436 2210 καὶ
463 2157 540 2227 τῷ
568 2159 783 2229 βασιλεῖ
809 2160 1083 2230 (κάκείνῳ
1113 2159 1224 2231 γὰρ
1247 2160 1531 2228 αἰδέσιμος
1549 2156 1640 2231 ἦν,
1666 2162 1762 2214 καὶ
1786 2177 1910 2214 πει-

337 2249 555 2320 θομένῳ
603 2252 806 2320 ἐχρῆτο
860 2251 999 2321 πρὸς
1029 2253 1167 2321 ὅπερ
1198 2251 1265 2303 ἂν
1292 2253 1320 2303 ὁ
1351 2252 1525 2320 μέγας
1570 2250 1872 2322 ἠϐούλετο)
1894 2264 1913 2283 ⁸

338 2339 462 2395 εἶτα
490 2344 585 2393 καὶ
617 2343 754 2413 πρὸς
778 2343 906 2406 τοὺς
936 2343 1232 2406 νοσοῦντας
1278 2343 1545 2413 ἐτρέπετο
1576 2345 1674 2398 καὶ
1705 2347 1916 2406 πάντας

326 2435 770 2504 περιερχόμενος
791 2435 860 2487 τά
887 2450 949 2487 τε
972 2435 1111 2503 πρὸς
1135 2435 1238 2506 τὴν
1271 2436 1581 2506 ἀναγκαίαν
1606 2435 1798 2507 χρείαν
1821 2434 1917 2488 καὶ

331 2527 407 2580 τά
441 2528 580 2597 πρὸς
609 2527 914 2597 θεραπείαν
948 2529 1126 2596 ἐπῆγε
1156 2528 1236 2598 τῷ
1270 2530 1506 2599 σώματι.
1544 2528 1733 2592 Οὖτως
1760 2529 1915 2582 οὐδὲν

333 2619 473 2681 ὅλως
502 2620 580 2689 τῷ
607 2618 914 2689 Μαρκέλλῳ
965 2620 1113 2688 ἀπῆν
1140 2618 1170 2672 ὃ
1216 2621 1330 2683 τοῖς
1384 2620 1747 2690 ύμνουμένοις
1804 2618 1915 2674 τῶν

329 2710 509 2764 πάλαι
541 2711 745 2779 παρῆν.
794 2706 1028 2782 Ἀλλ“ἦν
1058 2708 1207 2780 αύτῷ
1262 2709 1558 2779 προφητῶν
1596 2710 1697 2779 μὲν
1742 2710 1775 2777 ἡ
1820 2709 1916 2762 τοῦ

337 2803 520 2853 πάντα
569 2803 811 2872 προορᾷν
846 2804 1033 2872 χάρις,
1080 2800 1438 2871 πατριαρχῶν
1463 2800 1523 2854 δὲ
1554 2800 1707 2871 ήτοῦ
1736 2799 1917 2854 πάντα

335 2893 566 2964 θαρρεῖν
597 2894 799 2957 πίστις,
826 2895 1068 2957 Μωσέως
1084 2894 1184 2963 μέν
1213 2897 1246 2964 ὴ
1278 2894 1548 2964 πραότης,
1586 2892 1766 2963 Ἰησοῦ
1799 2892 1916 2963 (sic)

336 2984 395 3040 δὲ
421 2987 450 3038 ὁ
476 2986 639 3055 ζῆλος
682 2987 781 3040 καὶ
806 2990 838 3055 ἡ
871 2985 1058 3039 δικαία
1099 2986 1242 3040 κατά
1292 2986 1402 3038 τῶν
1451 2983 1754 3054 ἀνθρώπων
1802 2984 1921 3038 ἀδι-

337 3080 580 3132 κούντων
603 3078 763 3148 ὀργὴ.
792 3079 901 3131 τῶν
918 3078 976 3131 δὲ
1010 3078 1274 3149 μαθητῶν
1295 3077 1504 3145 Πέτρου
1536 3080 1636 3146 μὲν
1660 3077 1694 3146 ἡ
1718 3076 1920 3146 θερμό-

2011 614 2256 682 duxerit,
2294 620 2563 674 miracula
2597 619 2818 674 assidue
2861 618 3119 675 faciebat.
3161 617 3282 686 Quo
3332 635 3444 676 non
3485 620 3593 675 fuit

2011 707 2236 776 quidem
2267 708 2358 763 ille
2404 710 2459 764 in
2509 710 2906 765 certaminibus
2951 710 3182 778 fortior?
3205 710 3325 777 Quo
3354 727 3464 767 non
3491 726 3591 767 au-

2012 805 2119 852 tem
2147 800 2214 853 ad
2259 800 2561 854 certamina
2616 801 2851 855 utilior?
2882 809 2939 856 et
2966 817 3078 871 quo
3117 816 3227 856 non
3258 802 3361 856 fuit
3403 802 3460 857 in
3493 817 3593 858 eos

2011 888 2107 960 qui
2139 889 2484 955 labebantur,
2503 890 2713 952 mitior,
2735 900 2793 946 et
2821 890 2878 945 in
2905 891 3217 961 prmstando
3240 892 3420 949 ol'licio
3453 894 3584 949 dili-

2012 982 2264 1051 gentior?
2289 982 2425 1047 Quis
2440 983 2519 1036 sic
2531 981 2778 1036 defendit
2804 982 3026 1051 eos,qui
3041 981 3420 1036 aﬂieiebantur
3446 983 3594 1053 inju-

2012 1073 2135 1127 ria?
2164 1076 2231 1128 iis
2253 1083 2460 1137 autem,
2487 1074 2581 1144 qui
2611 1072 2873 1144 injuriam
2899 1072 3203 1135 faciebant,
3228 1074 3457 1127 omnino
3481 1090 3591 1129 non

2011 1165 2359 1234 permittens,
2385 1163 2483 1219 sed
2519 1165 2806 1229 resistens,
2843 1170 2901 1218 et
2935 1178 3129 1219 eorum
3172 1163 3443 1218 voluntati
3485 1164 3596 1218 mi-

2012 1256 2159 1309 nime
2204 1257 2550 1311 assentiens?
2592 1255 2685 1312 Sic
2728 1256 2782 1310 in
2830 1262 2943 1309 tota
2966 1255 3076 1310 vita
3103 1294 3119 1320 ,
3159 1263 3326 1311 totam
3362 1255 3589 1325 quidem

2013 1359 2257 1409 noctem.
2288 1348 2398 1404 diei
2424 1364 2554 1403 vero
2592 1348 2912 1419 plurimum,
2942 1347 3106 1402 dabat
3130 1348 3361 1403 canticis
3389 1356 3445 1402 et
3468 1363 3596 1417 pre-

2012 1440 2173 1495 cibus
2226 1448 2283 1495 et
2317 1441 2441 1495 aliis
2472 1440 2569 1494 Dei
2604 1439 2948 1503 ministeriis,
2981 1440 3256 1509 reliquum
3287 1446 3469 1492 autem
3504 1436 3596 1491 his

2015 1530 2192 1585 tribus
2235 1529 2613 1597 dispertiebat.
2645 1529 2713 1583 Et
2763 1530 2927 1599 primi
2956 1530 3179 1599 quidem
3224 1529 3293 1583 ad
3331 1543 3459 1583 eum
3505 1544 3599 1584 ac-

2015 1619 2307 1685 cedebant,
2339 1620 2434 1689 qui
2478 1619 2820 1676 vexabantur
2869 1619 3299 1687 cogitationibus
3345 1619 3599 1688 :quibus

2018 1712 2185 1767 dabat
2238 1710 2543 1782 unicuique
2590 1714 3060 1768 medicamentum
3117 1709 3495 1774 conveniens,
3542 1711 3596 1764 ei

2016 1801 2215 1871 partim
2243 1802 2471 1871 quidem
2518 1801 2703 1857 divina
2746 1801 3032 1871 Scriptura
3062 1816 3130 1856 ea
3172 1798 3596 1870 suppeditante,

2016 1896 2215 1963 partim
2249 1902 2435 1949 autem
2462 1895 2755 1963 prudentia
2818 1904 2877 1949 et
2921 1892 3286 1963 experientia.
3318 1893 3447 1948 Post
3476 1892 3600 1947 illos

2015 1989 2371 2054 accedebant,
2394 1989 2487 2058 qui
2513 1998 2676 2045 erant
2713 1989 2899 2046 aﬂ'ecti
2934 1988 3154 2060 injuria.
3179 1988 3318 2044 Cum
3341 2003 3473 2043 vero
3499 2002 3600 2057 pro

2015 2081 2097 2136 eis
2122 2079 2339 2135 litteras
2370 2080 2689 2149 scripsisset
2718 2079 2786 2134 ad
2812 2080 3095 2151 praesides,
3120 2079 3358 2150 iudices,
3386 2078 3453 2133 ad
3478 2078 3601 2132 illos

2020 2170 2191 2241 ipsos,
2211 2171 2306 2240 qui
2332 2170 2605 2226 faciebant
2635 2171 2915 2241 iniuriam,
2935 2179 2993 2227 et
3020 2171 3067 2225 si
3094 2185 3235 2240 opus
3256 2177 3401 2235 erat,
3430 2167 3598 2224 etiam

2020 2262 2087 2317 ad
2115 2262 2293 2332 ipsum
2325 2263 2716 2332 imperatorem
2750 2261 2897 2333 (nam
2934 2262 3013 2317 illi
3049 2276 3269 2331 quoque
3295 2270 3415 2316 erat
3444 2274 3600 2314 reve-

2020 2354 2251 2418 rendus,
2279 2363 2336 2412 et
2360 2353 2783 2424 obtemperabat
2819 2353 2887 2408 ad
2923 2353 2999 2416 id,
3029 2353 3177 2424 quod
3202 2366 3432 2423 magnus
3454 2351 3604 2408 vale.

2020 2444 2116 2500 bat
2143 2444 2479 2517 Marcellus),
2503 2445 2867 2500 convertebat
2908 2443 3107 2500 deinde
3135 2442 3206 2498 ad
3249 2449 3601 2512 a'grotantes.

2018 2545 2077 2592 et
2103 2551 2295 2591 omnes
2319 2536 2537 2601 obiens,
2570 2534 2654 2591 eis
2695 2534 2994 2591 exhibebat
3039 2549 3163 2605 qua:
3191 2533 3274 2589 eis
3311 2540 3473 2588 erant
3502 2545 3605 2586 ne-

2021 2628 2260 2684 cessaria
2280 2628 2346 2681 ad
2375 2628 2722 2693 alimentum,
2745 2637 2803 2681 et
2824 2626 2893 2681 ad
2923 2625 3231 2681 curandum
3255 2638 3484 2694 corpus.
3509 2620 3603 2678 Sic

2020 2718 2160 2773 nihil
2193 2717 2419 2773 omnino
2447 2718 2645 2773 aberat
2672 2716 2948 2783 Marcello,
2982 2718 3130 2787 quod
3174 2715 3366 2771 aderat
3411 2716 3479 2771 iis
3501 2717 3598 2785 qui

2021 2807 2152 2862 olim
2185 2806 2573 2862 laudabantur.
2601 2806 2707 2863 Sed
2732 2816 2851 2861 erat
2872 2806 2923 2862 ei
2950 2807 3344 2877 prophetarum
3373 2805 3599 2876 quidem

2020 2897 2196 2968 gratia
2227 2897 2413 2951 omnia
2441 2896 2772 2965 praevidendi
2807 2914 2821 2950 :
2854 2898 3292 2968 patriarcharum
3319 2906 3504 2953 autem
3533 2896 3601 2950 ﬁ-

2023 2989 2140 3051 des,
2169 3004 2291 3058 quae
2320 2987 2613 3054 eﬂiciebat,
2656 2995 2720 3042 ut
2750 2986 2941 3043 ﬁdenti
2981 2994 3131 3043 esset
3160 2989 3346 3042 animo
3387 2988 3443 3063 i_n
3479 3003 3603 3042 om-

2022 3081 2189 3137 nibus
2222 3099 2235 3132 :
2265 3080 2467 3152 Moysis
2513 3078 2743 3150 quidem
2790 3079 3182 3144 mansuetudo,
3214 3079 3382 3136 Josue
3413 3089 3597 3135 autem

336 3186 461 3240 της,
524 3169 773 3223 Ἰωάννου
816 3170 875 3224 δὲ
922 3171 956 3242 ή
1008 3169 1258 3236 θεολόγος
1310 3168 1535 3236 γλῶσσα
1568 3168 1664 3221 καὶ
1704 3169 1739 3237 ἡ
1776 3168 1919 3236 μετά

2029 3174 2203 3234 zelus,
2228 3180 2286 3227 et
2316 3173 2462 3244 justa
2497 3172 2579 3228 ira
2610 3172 2877 3228 adversus
2913 3188 3032 3236 eos,
3057 3173 3153 3248 qui
3193 3171 3407 3227 faciunt
3459 3172 3604 3242 inju-

341 3262 643 3333 παρθενίας
677 3264 787 3316 τῶν
816 3264 1077 3332 ῥημάτων
1104 3260 1328 3332 βροντὴ,
1361 3262 1459 3314 καὶ
1488 3258 1703 3313 Παύλου
1730 3261 1765 3330 ἡ
1790 3260 1919 3315 axu-

338 3355 532 3417 θεκτος
579 3354 706 3424 περὶ
756 3354 819 3407 τὸ
849 3354 1027 3423 δόγμα
1087 3353 1313 3424 σπουδὴ,
1359 3353 1455 3406 καὶ
1492 3354 1524 3421 ἡ
1574 3353 1667 3406 διὰ
1693 3353 1796 3423 τῆς
1824 3354 1923 3409 καὶ

338 3446 610 3516 θαλάττης
637 3446 903 3517 διαδρομὴ
930 3447 1027 3499 τού
1060 3446 1435 3519 κηρύγματος.
1464 3445 1690 3499 Πάντων
1715 3446 1772 3498 δὲ
1801 3446 1920 3514 ἅμα

335 3539 372 3607 η
411 3538 522 3590 τῶν
549 3539 845 3604 θαυμάτων
877 3539 1031 3608 πηγὴ
1063 3539 1158 3591 καὶ
1186 3537 1247 3590 τὸ
1278 3536 1490 3600 τούτοις
1510 3538 1598 3590 ἀεὶ
1629 3539 1745 3607 ῥεῖν
1777 3540 1921 3594 κατὰ

336 3630 469 3692 τοὺς
494 3628 756 3691 ἀεννάους
789 3628 900 3681 τῶν
928 3629 1213 3698 ποταμῶν.

2026 3265 2215 3318 riam:
2262 3263 2663 3334 discipulorum
2709 3278 2864 3328 vero,
2918 3263 3069 3319 Petri
3115 3263 3338 3333 quidem
3389 3262 3600 3317 ardor:

2024 3355 2253 3412 Joannis
2276 3363 2460 3410 autem
2488 3355 2675 3426 lingua
2709 3355 3038 3427 theologica,
3065 3364 3123 3411 et
3146 3354 3294 3426 quod
3329 3369 3456 3410 cum
3478 3354 3595 3409 vir-

2026 3450 2253 3521 ginitate
2290 3458 2381 3503 est
2425 3448 2719 3504 verborum
2755 3449 2995 3514 tonitru;
3028 3460 3086 3506 et
3109 3450 3267 3505 Pauli
3307 3450 3605 3505 vehemens

2026 3540 2084 3596 in
2114 3540 2366 3609 dogmate
2396 3540 2668 3608 studium,
2701 3549 2755 3596 et
2778 3556 2876 3611 per
2904 3551 3104 3597 terram
3126 3550 3194 3596 et
3222 3555 3373 3596 mare
3403 3539 3602 3610 praedi-

2026 3630 2260 3685 cationis
2308 3630 2711 3688 disseminatio.
2757 3631 3015 3688 Omnium
3057 3647 3192 3688 vero
3255 3632 3422 3688 simul
3483 3631 3606 3687 fons

342 3728 760 3792 miraculorum,
785 3738 843 3781 et
864 3727 1013 3797 quod
1045 3741 1110 3781 ea
1147 3740 1368 3798 semper
1397 3727 1653 3795 ﬂuerent,
1684 3744 1796 3785 non
1839 3741 1998 3783 secus
2027 3741 2095 3784 ac
2122 3742 2395 3796 perennes
2426 3727 2604 3783 ﬂuvii.

408 3820 535 3875 Δῖ.
568 3818 798 3885 Τούτου,
853 3819 903 3871 εί
959 3820 1053 3872 καὶ
1091 3819 1230 3887 μόνα
1277 3822 1348 3875 τά
1381 3820 1513 3891 περὶ
1540 3820 1640 3891 τὴν
1665 3819 1923 3889 τελευτὴν

337 3909 432 3986 ἦν,
463 3912 636 3981 πόσης
666 3912 734 3965 ἂν
767 3911 937 3980 εὐχῆς
958 3911 1125 3981 ἔργον
1152 3911 1304 3975 ἀξιον
1335 3907 1440 3983 ἧνς
1476 3913 1670 3976 Ὅσοις
1699 3912 1799 3982 μὲν
1825 3911 1924 3974 τὰς

340 4008 543 4081 ἔχθρας
564 4005 869 4077 διήλλαξεν,
900 4007 1047 4069 ὅσοις
1073 4006 1131 4060 δέ
1157 4007 1257 4071 τὰς
1280 4007 1722 4077 ἀμφισϐητήσεις
1746 4004 1924 4058 διέλυ-

341 4116 458 4163 σεν,
498 4100 600 4150 ὅσα
647 4096 705 4150 δὲ
737 4096 915 4149 καίτοι
949 4096 1019 4149 τὰ
1054 4096 1260 4167 ἔσχατα
1301 4097 1481 4151 πνέων
1511 4098 1603 4150 ἐπὶ
1632 4098 1760 4165 μιᾶς
1791 4094 1926 4166 ὴμέ-

345 4207 446 4261 ρας
476 4190 547 4242 τά
577 4189 762 4258 ἀγαθά
797 4189 1168 4261 διεπράξατος
1195 4191 1327 4243 Ὅτε
1357 4183 1451 4242 οὖν
1475 4188 1568 4242 καὶ
1590 4189 1699 4241 τῶν
1730 4185 1925 4255 σαρκί-

340 4300 454 4337 νων
510 4280 728 4351 δεσμῶν
796 4280 1169 4351 διαλυομένων
1220 4281 1301 4352 τῷ
1356 4280 1683 4351 ποθουμένῳ
1735 4276 1931 4349 ἔμελλε

341 4372 735 4440 προσεγγίζειν
770 4372 869 4423 καὶ
896 4369 995 4422 τοῦ
1050 4369 1270 4439 πρώτου
1297 4369 1533 4431 κάλλους
1581 4366 1806 4439 πρώτας
1837 4368 1934 4422 καὶ

302 4456 310 4535 ξ
340 4461 444 4522 τὰς
479 4457 775 4527 ἐλλάμψεις
800 4458 1079 4527 δέχεσθαι,
1112 4459 1374 4528 παρῆσαν
1422 4456 1571 4527 αύτῷ
1608 4457 1793 4528 συχνοὶ
1816 4457 1933 4528 ,μὲν

2096 3817 2364 3875 XXXVII.
2422 3817 2600 3889 Hujus
2649 3817 2739 3871 vel
2788 3816 2967 3871 solum
3023 3815 3210 3871 dicere
3269 3816 3556 3876 decessum
3588 3853 3601 3871 .

2024 3925 2190 3981 quam
2228 3910 2397 3965 fuerit
2425 3907 2770 3979 optandum?
2799 3907 2974 3973 Quam
3018 3908 3319 3962 multorum
3355 3910 3606 3965 reconci-

2029 4001 2186 4056 liavit
2217 3999 2567 4055 inimicitias?
2594 3997 2765 4064 Quam
2793 3998 3089 4051 multorum
3118 3996 3431 4065 composuit
3474 4011 3608 4052 con-

2035 4093 2369 4147 troversias'!
2394 4092 2567 4158 Quam
2612 4089 2784 4143 multa
2816 4087 2962 4143 bona
2992 4101 3103 4141 uno
3141 4086 3232 4140 die
3265 4086 3396 4142 fecit
3420 4088 3476 4142 in
3506 4103 3603 4143 ex-

2033 4195 2210 4241 tremo
2237 4184 2478 4254 spiritu?
2508 4182 2740 4250 Quando
2768 4190 2915 4236 certe
2938 4180 2989 4234 ei
3019 4179 3202 4234 carnis
3228 4178 3606 4235 dissolveban-

2031 4285 2121 4332 tur
2138 4278 2379 4340 vincula,
2397 4287 2457 4330 et
2484 4276 2537 4331 ei
2569 4289 2733 4345 quem
2763 4272 3132 4336 desiderabat,
3154 4279 3275 4326 erat
3307 4272 3610 4342 appropin-

2030 4375 2322 4437 quaturus,
2339 4377 2395 4422 et
2413 4367 2602 4436 prima:
2627 4362 3058 4435 pulchritudinis
3088 4362 3298 4431 primas
3318 4372 3610 4432 susceptu-

2033 4473 2129 4511 rus
2164 4457 2631 4522 illumiuationes;
2670 4457 3102 4513 aderantautem
3131 4454 3292 4510 multi
3322 4470 3391 4511 ex
3423 4456 3490 4511 iis
3509 4458 3607 4529 qui

302 4531 307 4581 θ
342 4558 442 4607 καὶ
465 4550 573 4604 τῶν
604 4549 781 4603 ἄλλων
806 4550 1113 4619 μοναστῶν,
1137 4550 1325 4603 πολλοὶ
1345 4548 1405 4603 δὲ
1428 4549 1525 4602 καὶ
1553 4549 1662 4601 τῶν
1696 4550 1827 4619 ίερω
1837 4546 1919 4618 μέ·

2036 4563 2097 4603 se
2130 4549 2187 4603 iu
2227 4549 2431 4618 pietate
2482 4549 2837 4614 exercebant,
2893 4556 2951 4603 et
3007 4546 3170 4601 multi
3229 4548 3515 4613 monachi,
3551 4555 3611 4603 et

296 4628 305 4731 ξ
341 4661 475 4705 νων,
506 4644 609 4696 ούκ
633 4642 806 4711 ὀλίγοι
828 4642 887 4697 δὲ
918 4643 1015 4696 καὶ
1039 4643 1151 4697 τῶν
1180 4641 1397 4713 πλούτῳ
1423 4643 1517 4694 καὶ
1537 4641 1663 4712 δόξῃ
1693 4645 1758 4712 τῇ
1791 4639 1932 4694 κατὰ

340 4737 553 4805 κόσμον
582 4736 924 4803 περιφανῶν.
956 4729 1039 4797 οἷς
1058 4735 1155 4789 καὶ
1182 4736 1354 4790 πολλὰ
1385 4735 1515 4804 περί
1539 4751 1598 4786 τε
1630 4732 1808 4804 ψυχῆς
1834 4734 1931 4787 καὶ

343 4826 602 4893 σώματος
631 4826 728 4877 καὶ
770 4828 869 4893 τῆς
917 4824 1131 4879 ἐκεῖθεν
1159 4824 1309 4895 ζωῆς
1346 4826 1718 4894 φιλοσοφήσας
1748 4841 1808 4876 τε
1836 4826 1933 4877 xui.

341 4904 729 4984 διαλεξάμενος
765 4919 860 4970 καὶ
892 4917 1026 4971 πᾶσι
1081 4918 1222 4970 κατά
1273 4916 1335 4970 τὸ
1385 4918 1664 4987 προσῆκον
1710 4916 1929 4985 ἑκάστῳ

346 5010 447 5061 καὶ
476 5010 574 5078 τῆς
599 5009 812 5077 ἡλικίας
853 5009 1195 5080 παραινέσας
1236 5009 1330 5062 καὶ
1356 5008 1455 5078 τῆς
1485 5008 1664 5075 ἀξίας,
1691 5003 1810 5060 εἶτα
1835 5006 1930 5059 καὶ

343 5098 719 5165 ἐπευξάμενος
771 5101 867 5152 καὶ
895 5100 1211 5153 τελευταῖον
1262 5099 1434 5152 εἰπὼν
1465 5099 1711 5151 ύπνῶσαι
1750 5097 1927 5169 βραχὺ

347 5189 645 5260 βούλεσθαι
674 5191 767 5242 καὶ
788 5190 1148 5268 ὑποχωρῆσαι
1193 5190 1418 5254 τούτους
1469 5190 1930 5259 παρασκευάσας,

343 5278 493 5334 οὕτω
524 5281 624 5352 τὴν
655 5282 808 5350 ἱεράν
831 5284 1046 5351 εκείνην
1072 5282 1255 5348 ἀφῆκε
1288 5281 1489 5353 ψυχὴν,
1521 5298 1587 5354 ῃς
1606 5281 1668 5334 τὸ
1689 5280 1930 5350 καθαρὸν

346 5371 514 5442 σῶμα
544 5373 641 5425 καὶ
676 5373 864 5443 τίμιον
907 5375 1098 5443 χερσὶν
1127 5374 1306 5436 ὁσίαις
1342 5373 1670 5443 περισταλέν
1723 5375 1750 5425 ὁ
1785 5373 1931 5442 ἱερὸς

342 5467 558 5530 έκεῖνος
588 5470 717 5530 ναὸς
765 5468 1113 5536 ὑποδέχεται,
1149 5467 1209 5521 δν
1237 5468 1397 5530 αὐτὸς
1429 5469 1495 5519 ἐκ
1529 5467 1748 5537 βάθρων
1777 5465 1928 5538 ἱδρύο

346 5573 506 5618 σατο.
534 5559 627 5610 καὶ
683 5560 828 5624 ἱερὸν
870 5559 1045 5623 οὕτως
1090 5562 1507 5630 φροντιστήριον
1538 5560 1927 5628 συνεστήσατο,

346 5651 430 5713 εἰς
458 5650 618 5716 δόξαν
657 5651 890 5721 Πατρδς,
948 5650 1082 5703 Υίοῦ
1115 5652 1210 5704 καὶ
1238 5652 1395 5719 ἁγίου
1448 5651 1786 5722 Πνεύματος,
1834 5650 1929 5703 νῦν

345 5743 449 5797 καὶ
469 5744 550 5807 είς
572 5744 698 5807 τοὺς
726 5743 931 5806 αἰῶνας
952 5744 1060 5797 τῶν
1086 5745 1320 5797 αἰώνων,
1363 5743 1420 5796 Ἀ
1431 5745 1561 5815 μήν.

674 5930 947 5999 Ριτιιοι,
992 5928 1109 5989 Gn.
1137 5925 1359 5991 CXVI.

2032 4640 2192 4694 multi
2225 4654 2291 4693 ex
2325 4639 2395 4694 iis
2423 4639 2519 4708 qui
2550 4647 2709 4692 erant
2748 4639 3054 4693 consecrati
3087 4651 3244 4694 :non
3284 4638 3447 4706 pauci
3474 4651 3611 4692 vero

2031 4747 2100 4787 ex
2126 4732 2192 4786 iis
2220 4732 2314 4801 qui
2350 4732 2647 4787 mundanis
2666 4732 2864 4800 opibus
2878 4741 2935 4784 et
2955 4730 3131 4800 gloria
3149 4739 3310 4785 erant
3339 4728 3608 4798 insignes.

2032 4824 2168 4879 Cum
2201 4824 2408 4894 quibus
2446 4835 2735 4895 postquam
2769 4823 3003 4880 multum
3052 4829 3140 4876 est
3187 4820 3612 4891 philosophatus

2032 4923 2088 4970 et
2121 4915 2337 4972 locutus
2364 4915 2433 4970 de
2467 4919 2646 4970 anima
2673 4925 2729 4968 et
2776 4928 3032 4983 corpore,
3070 4922 3126 4966 et
3169 4910 3242 4965 de
3271 4926 3336 4965 ea
3361 4924 3484 4980 qua:
3516 4918 3604 4964 est

2032 5007 2148 5063 illic
2176 5009 2316 5069 vita,
2353 5015 2411 5062 et
2444 5020 2895 5076 unumquemque
2925 5013 3010 5060 est
3044 5002 3367 5057 adhortatus
3391 5044 3409 5067 ,
3444 5013 3609 5071 prout

2032 5099 2404 5154 conveniebat
2438 5098 2873 5169 uniuscujusque
2908 5095 3055 5149 aetati
3103 5102 3161 5148 et
3206 5092 3456 5162 dignitati
3482 5132 3499 5157 ,
3542 5103 3603 5148 et

2031 5187 2232 5244 deinde
2264 5202 2350 5244 est
2394 5188 2563 5243 etiam
2608 5194 2907 5255 precatus,
2953 5190 3012 5238 et
3043 5191 3315 5250 postremo
3364 5181 3504 5236 dixit
3545 5195 3606 5237 sc

2031 5281 2173 5337 velle
2203 5296 2398 5351 parum
2427 5277 2749 5339 dormitare,
2778 5284 2836 5330 et
2880 5288 2978 5329 eos
3000 5273 3167 5342 jussit
3194 5271 3479 5337 secedere,
3512 5287 3607 5326 sa-

2031 5389 2183 5428 cram
2233 5375 2383 5430 illam
2430 5373 2512 5427 sic
2552 5370 2740 5424 emisit
2785 5368 3022 5423 animam
3071 5382 3087 5419 :
3130 5366 3288 5435 cujus
3338 5365 3602 5420 mundum

2032 5481 2231 5534 corpus
2256 5474 2312 5519 et
2337 5461 2740 5521 venerandum,
2776 5460 2983 5514 sanctis
3031 5457 3287 5511 manibus
3327 5456 3607 5527 composi—

2031 5565 2172 5619 tum,
2199 5569 2414 5609 sacrant
2448 5554 2580 5607 illud
2608 5552 2870 5620 templum
2902 5548 3157 5620 suscipit,
3186 5546 3331 5618 quod
3372 5549 3490 5617 ipse
3510 5563 3608 5603 ex-

2031 5647 2223 5703 citavit
2265 5661 2296 5699 a
2329 5645 2742 5708 fundamentis,
2774 5652 2833 5698 et
2876 5656 3008 5697 vere
3052 5655 3272 5698 sacrum
3310 5638 3603 5695 constituit

2031 5737 2461 5802 monasterium,
2494 5736 2561 5792 ad
2588 5736 2814 5808 gloriam
2846 5718 3045 5798 Patris,
3085 5732 3231 5798 Filii,
3266 5739 3325 5787 et
3367 5730 3606 5803 Spiritus

2032 5828 2231 5895 sancti,
2258 5844 2405 5883 nunc
2427 5837 2486 5885 et
2518 5829 2575 5884 in
2604 5814 2804 5887 saecula
2834 5811 3180 5884 saeculorum.
3201 5826 3392 5880 Amen.
3548 5812 3559 5825 ’

3120 5916 3199 5980 21’s
