  <div class='ocr_page' id='page_1' title='image "/cluster/home/n/w/nwhite01/storage/ocr_20150623/116/hvd.32044073502221/379.png"; bbox 0 0 4120 6378; ppageno 0'>
   <div class='ocr_carea' id='block_1_1' title="bbox 551 274 2178 408">
    <p class='ocr_par' dir='ltr' id='par_1_1' title="bbox 551 319 2178 397">
     <span class='ocr_line' id='line_1_1' title="bbox 551 319 2178 397; baseline -0.004 0"><span class='ocrx_word' id='word_1_1' title='bbox 551 319 670 397; x_wconf 69' lang='grc' dir='ltr'><strong><em>τιτ</em></strong></span> <span class='ocrx_word' id='word_1_2' title='bbox 1795 331 2082 395; x_wconf 77' lang='lat' dir='ltr'><strong>MENSIS</strong></span> <span class='ocrx_word' id='word_1_3' title='bbox 2122 329 2178 393; x_wconf 75' lang='lat' dir='ltr'><strong>Di</strong></span> 
     </span>
    </p>
   </div>
   <div class='ocr_carea' id='block_1_2' title="bbox 2230 274 3857 408">
    <p class='ocr_par' dir='ltr' id='par_1_2' title="bbox 2230 274 3857 408">
     <span class='ocr_line' id='line_1_2' title="bbox 2230 274 3857 408; baseline 0.01 -17"><span class='ocrx_word' id='word_1_4' title='bbox 2230 329 2560 394; x_wconf 81' lang='lat' dir='ltr'><strong>CEMBER.</strong></span> <span class='ocrx_word' id='word_1_5' title='bbox 3721 274 3857 408; x_wconf 51' lang='grc' dir='ltr'><strong>ἨνιΒΤ</strong></span> 
     </span>
    </p>
   </div>
   <div class='ocr_carea' id='block_1_3' title="bbox 582 473 3817 514">
    <p class='ocr_par' dir='ltr' id='par_1_3' title="bbox 582 473 3817 514">
     <span class='ocr_line' id='line_1_3' title="bbox 582 473 3817 514; baseline 0.001 -10"><span class='ocrx_word' id='word_1_6' title='bbox 582 473 3817 514; x_wconf 49' lang='grc' dir='ltr'><em>Μ</em></span> 
     </span>
    </p>
   </div>
   <div class='ocr_carea' id='block_1_4' title="bbox 1817 599 2557 735">
    <p class='ocr_par' dir='ltr' id='par_1_4' title="bbox 1817 599 2557 735">
     <span class='ocr_line' id='line_1_4' title="bbox 1817 599 2557 735; baseline 0 -3"><span class='ocrx_word' id='word_1_7' title='bbox 1817 599 2557 735; x_wconf 80' lang='lat' dir='ltr'><strong>MARTYRIUM</strong></span> 
     </span>
    </p>
   </div>
   <div class='ocr_carea' id='block_1_5' title="bbox 774 861 2401 1036">
    <p class='ocr_par' dir='ltr' id='par_1_5' title="bbox 774 861 2393 1025">
     <span class='ocr_line' id='line_1_5' title="bbox 774 861 2393 1025; baseline -0.002 -2"><span class='ocrx_word' id='word_1_8' title='bbox 774 864 1575 1025; x_wconf 56' lang='lat' dir='ltr'><strong>SANGTXE</strong></span> <span class='ocrx_word' id='word_1_9' title='bbox 1701 861 2393 1020; x_wconf 79' lang='lat' dir='ltr'><strong>MARTY</strong></span> 
     </span>
    </p>
   </div>
   <div class='ocr_carea' id='block_1_6' title="bbox 1985 861 3612 1036">
    <p class='ocr_par' dir='ltr' id='par_1_6' title="bbox 1985 865 3612 1036">
     <span class='ocr_line' id='line_1_6' title="bbox 1985 865 3612 1036; baseline 0.011 -17"><span class='ocrx_word' id='word_1_10' title='bbox 1985 865 2709 1024; x_wconf 79' lang='lat' dir='ltr'><strong>RTYBIS</strong></span> <span class='ocrx_word' id='word_1_11' title='bbox 2825 865 3086 1028; x_wconf 90' lang='lat' dir='ltr'><strong>AN</strong></span> <span class='ocrx_word' id='word_1_12' title='bbox 3098 873 3612 1036; x_wconf 70' lang='lat' dir='ltr'><strong>YSI/E</strong></span> 
     </span>
    </p>
   </div>
   <div class='ocr_carea' id='block_1_7' title="bbox 1617 1138 2745 1210">
    <p class='ocr_par' dir='ltr' id='par_1_7' title="bbox 1617 1138 2745 1210">
     <span class='ocr_line' id='line_1_7' title="bbox 1617 1138 2745 1210; baseline 0.004 -10"><span class='ocrx_word' id='word_1_13' title='bbox 1617 1138 1802 1210; x_wconf 68' lang='lat' dir='ltr'><strong>QUzE</strong></span> <span class='ocrx_word' id='word_1_14' title='bbox 1874 1138 2020 1201; x_wconf 86' lang='lat' dir='ltr'><strong>EST</strong></span> <span class='ocrx_word' id='word_1_15' title='bbox 2055 1138 2745 1206; x_wconf 54' lang='lat' dir='ltr'><strong>aTHESSALONICIE.</strong></span> 
     </span>
    </p>
   </div>
   <div class='ocr_carea' id='block_1_8' title="bbox 1101 1308 3268 1380">
    <p class='ocr_par' dir='ltr' id='par_1_8' title="bbox 1101 1308 3268 1380">
     <span class='ocr_line' id='line_1_8' title="bbox 1101 1308 3268 1380; baseline 0.002 -18"><span class='ocrx_word' id='word_1_16' title='bbox 1101 1311 1298 1379; x_wconf 80' lang='lat' dir='ltr'><strong>(Latine</strong></span> <span class='ocrx_word' id='word_1_17' title='bbox 1323 1325 1403 1377; x_wconf 85' lang='lat' dir='ltr'><strong>ap.</strong></span> <span class='ocrx_word' id='word_1_18' title='bbox 1430 1311 1630 1364; x_wconf 84' lang='lat' dir='ltr'><strong>Surium</strong></span> <span class='ocrx_word' id='word_1_19' title='bbox 1653 1308 1713 1359; x_wconf 88' lang='lat' dir='ltr'><strong>ad</strong></span> <span class='ocrx_word' id='word_1_20' title='bbox 1755 1309 1892 1363; x_wconf 86' lang='lat' dir='ltr'><strong>diem</strong></span> <span class='ocrx_word' id='word_1_21' title='bbox 1916 1311 1976 1362; x_wconf 81' lang='lat'><strong>30</strong></span> <span class='ocrx_word' id='word_1_22' title='bbox 2000 1311 2291 1370; x_wconf 82' lang='lat' dir='ltr'><strong>Decembris</strong></span> <span class='ocrx_word' id='word_1_23' title='bbox 2321 1331 2335 1380; x_wconf 89' lang='lat'><strong>;</strong></span> <span class='ocrx_word' id='word_1_24' title='bbox 2361 1318 2532 1370; x_wconf 64' lang='lat' dir='ltr'><strong>Grece</strong></span> <span class='ocrx_word' id='word_1_25' title='bbox 2553 1330 2651 1370; x_wconf 89' lang='lat' dir='ltr'><strong>non</strong></span> <span class='ocrx_word' id='word_1_26' title='bbox 2677 1323 2843 1372; x_wconf 78' lang='lat' dir='ltr'><strong>exstat</strong></span> <span class='ocrx_word' id='word_1_27' title='bbox 2866 1321 2917 1370; x_wconf 87' lang='lat' dir='ltr'><strong>tn</strong></span> <span class='ocrx_word' id='word_1_28' title='bbox 2939 1329 3058 1369; x_wconf 78' lang='lat' dir='ltr'><strong>mss.</strong></span> <span class='ocrx_word' id='word_1_29' title='bbox 3083 1316 3268 1379; x_wconf 77' lang='lat' dir='ltr'><strong>Paris.)</strong></span> 
     </span>
    </p>
   </div>
   <div class='ocr_carea' id='block_1_9' title="bbox 621 1625 3828 1702">
    <p class='ocr_par' dir='ltr' id='par_1_9' title="bbox 621 1625 3828 1702">
     <span class='ocr_line' id='line_1_9' title="bbox 621 1625 3828 1702; baseline -0.002 -17"><span class='ocrx_word' id='word_1_30' title='bbox 621 1629 664 1685; x_wconf 88' lang='grc' dir='ltr'><strong>ι.</strong></span> <span class='ocrx_word' id='word_1_31' title='bbox 709 1631 974 1700; x_wconf 85' lang='lat' dir='ltr'><strong>Tempore</strong></span> <span class='ocrx_word' id='word_1_32' title='bbox 1019 1630 1232 1701; x_wconf 90' lang='lat' dir='ltr'><strong>tyranni</strong></span> <span class='ocrx_word' id='word_1_33' title='bbox 1275 1628 1611 1692; x_wconf 71' lang='lat' dir='ltr'><strong>Maximiani,</strong></span> <span class='ocrx_word' id='word_1_34' title='bbox 1658 1631 1836 1700; x_wconf 81' lang='lat' dir='ltr'><strong>puella</strong></span> <span class='ocrx_word' id='word_1_35' title='bbox 1880 1633 2128 1701; x_wconf 68' lang='lat' dir='ltr'><strong>quaedam</strong></span> <span class='ocrx_word' id='word_1_36' title='bbox 2159 1633 2206 1690; x_wconf 79' lang='grc' dir='ltr'><strong>Α</strong></span> <span class='ocrx_word' id='word_1_37' title='bbox 2237 1643 2526 1698; x_wconf 81' lang='lat' dir='ltr'><strong>naturam,</strong></span> <span class='ocrx_word' id='word_1_38' title='bbox 2565 1633 2886 1702; x_wconf 82' lang='lat' dir='ltr'><strong>priusquam</strong></span> <span class='ocrx_word' id='word_1_39' title='bbox 2925 1647 3001 1687; x_wconf 69' lang='lat' dir='ltr'><strong>ere</strong></span> <span class='ocrx_word' id='word_1_40' title='bbox 3041 1631 3395 1686; x_wconf 73' lang='lat' dir='ltr'><strong>dominentur</strong></span> <span class='ocrx_word' id='word_1_41' title='bbox 3429 1625 3589 1681; x_wconf 86' lang='lat' dir='ltr'><strong>nobis</strong></span> <span class='ocrx_word' id='word_1_42' title='bbox 3629 1635 3828 1696; x_wconf 61' lang='lat' dir='ltr'><strong>prater</strong></span> 
     </span>
    </p>
   </div>
   <div class='ocr_carea' id='block_1_10' title="bbox 551 1719 3828 1792">
    <p class='ocr_par' dir='ltr' id='par_1_10' title="bbox 551 1719 3828 1792">
     <span class='ocr_line' id='line_1_10' title="bbox 551 1719 3828 1792; baseline -0.003 -12"><span class='ocrx_word' id='word_1_43' title='bbox 551 1724 773 1780; x_wconf 86' lang='lat' dir='ltr'><strong>nomine</strong></span> <span class='ocrx_word' id='word_1_44' title='bbox 799 1723 1025 1792; x_wconf 82' lang='lat' dir='ltr'><strong>Anysia,</strong></span> <span class='ocrx_word' id='word_1_45' title='bbox 1057 1723 1225 1777; x_wconf 84' lang='lat' dir='ltr'><strong>nobili</strong></span> <span class='ocrx_word' id='word_1_46' title='bbox 1259 1723 1378 1776; x_wconf 94' lang='lat' dir='ltr'><strong>loco</strong></span> <span class='ocrx_word' id='word_1_47' title='bbox 1411 1731 1534 1776; x_wconf 88' lang='lat' dir='ltr'><strong>nata</strong></span> <span class='ocrx_word' id='word_1_48' title='bbox 1564 1720 1990 1789; x_wconf 71' lang='lat' dir='ltr'><strong>Thessalonicre,</strong></span> <span class='ocrx_word' id='word_1_49' title='bbox 2023 1725 2134 1779; x_wconf 70' lang='lat' dir='ltr'><strong>aleo</strong></span> <span class='ocrx_word' id='word_1_50' title='bbox 2237 1734 2526 1791; x_wconf 88' lang='lat' dir='ltr'><strong>naturam;</strong></span> <span class='ocrx_word' id='word_1_51' title='bbox 2558 1725 2762 1780; x_wconf 85' lang='lat' dir='ltr'><strong>ct&#39;ﬁciar</strong></span> <span class='ocrx_word' id='word_1_52' title='bbox 2790 1741 2920 1779; x_wconf 88' lang='lat' dir='ltr'><strong>vere</strong></span> <span class='ocrx_word' id='word_1_53' title='bbox 2950 1725 3173 1778; x_wconf 89' lang='lat' dir='ltr'><strong>domina</strong></span> <span class='ocrx_word' id='word_1_54' title='bbox 3197 1761 3212 1785; x_wconf 94' lang='lat'><strong>,</strong></span> <span class='ocrx_word' id='word_1_55' title='bbox 3245 1739 3338 1777; x_wconf 89' lang='lat' dir='ltr'><strong>eas</strong></span> <span class='ocrx_word' id='word_1_56' title='bbox 3369 1731 3558 1775; x_wconf 91' lang='lat' dir='ltr'><strong>sancte</strong></span> <span class='ocrx_word' id='word_1_57' title='bbox 3589 1719 3828 1774; x_wconf 89' lang='lat' dir='ltr'><strong>admini-</strong></span> 
     </span>
    </p>
   </div>
   <div class='ocr_carea' id='block_1_11' title="bbox 550 1813 3823 1883">
    <p class='ocr_par' dir='ltr' id='par_1_11' title="bbox 550 1813 3823 1883">
     <span class='ocr_line' id='line_1_11' title="bbox 550 1813 3823 1883; baseline -0.002 -12"><span class='ocrx_word' id='word_1_58' title='bbox 550 1816 712 1871; x_wconf 84' lang='lat' dir='ltr'><strong>batur</strong></span> <span class='ocrx_word' id='word_1_59' title='bbox 749 1815 890 1883; x_wconf 89' lang='lat' dir='ltr'><strong>apud</strong></span> <span class='ocrx_word' id='word_1_60' title='bbox 933 1815 1130 1873; x_wconf 79' lang='lat' dir='ltr'><strong>divites</strong></span> <span class='ocrx_word' id='word_1_61' title='bbox 1166 1823 1220 1868; x_wconf 87' lang='lat' dir='ltr'><strong>et</strong></span> <span class='ocrx_word' id='word_1_62' title='bbox 1264 1814 1448 1868; x_wconf 73' lang='lat' dir='ltr'><strong>fideles</strong></span> <span class='ocrx_word' id='word_1_63' title='bbox 1490 1823 1778 1882; x_wconf 88' lang='lat' dir='ltr'><strong>parentes,</strong></span> <span class='ocrx_word' id='word_1_64' title='bbox 1823 1817 2035 1870; x_wconf 91' lang='lat' dir='ltr'><strong>erudita</strong></span> <span class='ocrx_word' id='word_1_65' title='bbox 2077 1817 2131 1871; x_wconf 92' lang='lat' dir='ltr'><strong>in</strong></span> <span class='ocrx_word' id='word_1_66' title='bbox 2234 1829 2416 1874; x_wconf 87' lang='lat' dir='ltr'><strong>strans</strong></span> <span class='ocrx_word' id='word_1_67' title='bbox 2452 1817 2616 1871; x_wconf 87' lang='lat' dir='ltr'><strong>simul</strong></span> <span class='ocrx_word' id='word_1_68' title='bbox 2659 1826 2714 1872; x_wconf 90' lang='lat' dir='ltr'><strong>et</strong></span> <span class='ocrx_word' id='word_1_69' title='bbox 2754 1817 3038 1872; x_wconf 82' lang='lat' dir='ltr'><strong>declinans</strong></span> <span class='ocrx_word' id='word_1_70' title='bbox 3073 1832 3136 1870; x_wconf 87' lang='lat' dir='ltr'><strong>ca</strong></span> <span class='ocrx_word' id='word_1_71' title='bbox 3172 1831 3294 1882; x_wconf 77' lang='lat' dir='ltr'><strong>qua:</strong></span> <span class='ocrx_word' id='word_1_72' title='bbox 3329 1830 3397 1867; x_wconf 77' lang='lat' dir='ltr'><strong>ex</strong></span> <span class='ocrx_word' id='word_1_73' title='bbox 3431 1813 3514 1867; x_wconf 91' lang='lat' dir='ltr'><strong>eis</strong></span> <span class='ocrx_word' id='word_1_74' title='bbox 3546 1813 3823 1875; x_wconf 90' lang='lat' dir='ltr'><strong>oriuntur,</strong></span> 
     </span>
    </p>
   </div>
   <div class='ocr_carea' id='block_1_12' title="bbox 538 1903 3824 1977">
    <p class='ocr_par' dir='ltr' id='par_1_12' title="bbox 538 1903 3824 1977">
     <span class='ocr_line' id='line_1_12' title="bbox 538 1903 3824 1977; baseline -0.002 -15"><span class='ocrx_word' id='word_1_75' title='bbox 538 1907 746 1962; x_wconf 74' lang='lat' dir='ltr'><strong>timore</strong></span> <span class='ocrx_word' id='word_1_76' title='bbox 779 1907 1012 1968; x_wconf 82' lang='lat' dir='ltr'><strong>Domini,</strong></span> <span class='ocrx_word' id='word_1_77' title='bbox 1051 1907 1222 1976; x_wconf 84' lang='lat' dir='ltr'><strong>magis</strong></span> <span class='ocrx_word' id='word_1_78' title='bbox 1255 1907 1549 1960; x_wconf 79' lang='lat' dir='ltr'><strong>virtutibus</strong></span> <span class='ocrx_word' id='word_1_79' title='bbox 1580 1923 1744 1974; x_wconf 89' lang='lat' dir='ltr'><strong>quam</strong></span> <span class='ocrx_word' id='word_1_80' title='bbox 1777 1916 1932 1961; x_wconf 69' lang='lat' dir='ltr'><strong>(elate</strong></span> <span class='ocrx_word' id='word_1_81' title='bbox 1963 1908 2133 1977; x_wconf 84' lang='lat' dir='ltr'><strong>proli-</strong></span> <span class='ocrx_word' id='word_1_82' title='bbox 2232 1909 2386 1970; x_wconf 82' lang='lat' dir='ltr'><strong>vitia,</strong></span> <span class='ocrx_word' id='word_1_83' title='bbox 2411 1917 2462 1963; x_wconf 90' lang='lat' dir='ltr'><strong>et</strong></span> <span class='ocrx_word' id='word_1_84' title='bbox 2485 1907 2790 1962; x_wconf 90' lang='lat' dir='ltr'><strong>custodiam</strong></span> <span class='ocrx_word' id='word_1_85' title='bbox 2819 1909 3138 1977; x_wconf 77' lang='lat' dir='ltr'><strong>excogitans</strong></span> <span class='ocrx_word' id='word_1_86' title='bbox 3165 1906 3520 1965; x_wconf 86' lang='lat' dir='ltr'><strong>tutissimam,</strong></span> <span class='ocrx_word' id='word_1_87' title='bbox 3551 1905 3604 1957; x_wconf 91' lang='lat' dir='ltr'><strong>in</strong></span> <span class='ocrx_word' id='word_1_88' title='bbox 3629 1903 3824 1956; x_wconf 84' lang='lat' dir='ltr'><strong>vidua-</strong></span> 
     </span>
    </p>
   </div>
   <div class='ocr_carea' id='block_1_13' title="bbox 533 1998 3819 2069">
    <p class='ocr_par' dir='ltr' id='par_1_13' title="bbox 533 1998 3819 2069">
     <span class='ocr_line' id='line_1_13' title="bbox 533 1998 3819 2069; baseline -0.003 -15"><span class='ocrx_word' id='word_1_89' title='bbox 533 1998 718 2054; x_wconf 75' lang='lat' dir='ltr'><strong>ciens.</strong></span> <span class='ocrx_word' id='word_1_90' title='bbox 753 1998 816 2052; x_wconf 87' lang='lat' dir='ltr'><strong>Et</strong></span> <span class='ocrx_word' id='word_1_91' title='bbox 846 2001 1079 2068; x_wconf 90' lang='lat' dir='ltr'><strong>primum</strong></span> <span class='ocrx_word' id='word_1_92' title='bbox 1111 2000 1328 2068; x_wconf 87' lang='lat' dir='ltr'><strong>quidem</strong></span> <span class='ocrx_word' id='word_1_93' title='bbox 1363 2010 1614 2068; x_wconf 86' lang='lat' dir='ltr'><strong>parentes</strong></span> <span class='ocrx_word' id='word_1_94' title='bbox 1642 2013 1760 2051; x_wconf 88' lang='lat' dir='ltr'><strong>eam</strong></span> <span class='ocrx_word' id='word_1_95' title='bbox 1795 2001 1966 2068; x_wconf 88' lang='lat' dir='ltr'><strong>magis</strong></span> <span class='ocrx_word' id='word_1_96' title='bbox 1995 2000 2130 2069; x_wconf 83' lang='lat' dir='ltr'><strong>dog-</strong></span> <span class='ocrx_word' id='word_1_97' title='bbox 2234 2015 2379 2063; x_wconf 89' lang='lat' dir='ltr'><strong>rum,</strong></span> <span class='ocrx_word' id='word_1_98' title='bbox 2406 2000 2780 2069; x_wconf 87' lang='lat' dir='ltr'><strong>orphanorum</strong></span> <span class='ocrx_word' id='word_1_99' title='bbox 2809 2008 2862 2053; x_wconf 92' lang='lat' dir='ltr'><strong>et</strong></span> <span class='ocrx_word' id='word_1_100' title='bbox 2889 1998 3264 2052; x_wconf 77' lang='lat' dir='ltr'><strong>mendiCorum</strong></span> <span class='ocrx_word' id='word_1_101' title='bbox 3288 2005 3528 2050; x_wconf 76' lang='lat' dir='ltr'><strong>ventrem</strong></span> <span class='ocrx_word' id='word_1_102' title='bbox 3557 2002 3819 2063; x_wconf 85' lang='lat' dir='ltr'><strong>tanquam</strong></span> 
     </span>
    </p>
   </div>
   <div class='ocr_carea' id='block_1_14' title="bbox 545 2088 3860 2164">
    <p class='ocr_par' dir='ltr' id='par_1_14' title="bbox 545 2088 3860 2164">
     <span class='ocr_line' id='line_1_14' title="bbox 545 2088 3860 2164; baseline -0.002 -19"><span class='ocrx_word' id='word_1_103' title='bbox 545 2091 787 2145; x_wconf 87' lang='lat' dir='ltr'><strong>matibns</strong></span> <span class='ocrx_word' id='word_1_104' title='bbox 829 2092 1046 2160; x_wconf 85' lang='lat' dir='ltr'><strong>pietatis</strong></span> <span class='ocrx_word' id='word_1_105' title='bbox 1087 2093 1399 2154; x_wconf 89' lang='lat' dir='ltr'><strong>nutrivcre,</strong></span> <span class='ocrx_word' id='word_1_106' title='bbox 1435 2106 1597 2160; x_wconf 86' lang='lat' dir='ltr'><strong>quam</strong></span> <span class='ocrx_word' id='word_1_107' title='bbox 1638 2092 1798 2146; x_wconf 91' lang='lat' dir='ltr'><strong>lacte.</strong></span> <span class='ocrx_word' id='word_1_108' title='bbox 1835 2089 2130 2160; x_wconf 75' lang='lat' dir='ltr'><strong>Postquam</strong></span> <span class='ocrx_word' id='word_1_109' title='bbox 2231 2093 2550 2147; x_wconf 78' lang='lat' dir='ltr'><strong>thesaurum</strong></span> <span class='ocrx_word' id='word_1_110' title='bbox 2593 2107 2688 2147; x_wconf 84' lang='lat' dir='ltr'><strong>eas</strong></span> <span class='ocrx_word' id='word_1_111' title='bbox 2725 2094 3051 2147; x_wconf 80' lang='lat' dir='ltr'><strong>recondens.</strong></span> <span class='ocrx_word' id='word_1_112' title='bbox 3088 2091 3324 2145; x_wconf 81' lang='lat' dir='ltr'><strong>ldoncus</strong></span> <span class='ocrx_word' id='word_1_113' title='bbox 3361 2088 3672 2158; x_wconf 84' lang='lat' dir='ltr'><strong>tidcjussor,</strong></span> <span class='ocrx_word' id='word_1_114' title='bbox 3709 2089 3814 2140; x_wconf 84' lang='lat' dir='ltr'><strong>Do-</strong></span> <span class='ocrx_word' id='word_1_115' title='bbox 3853 2161 3860 2164; x_wconf 88' lang='lat'><strong><em>_</em></strong></span> 
     </span>
    </p>
   </div>
   <div class='ocr_carea' id='block_1_15' title="bbox 546 2179 3820 2253">
    <p class='ocr_par' dir='ltr' id='par_1_15' title="bbox 546 2179 3820 2253">
     <span class='ocr_line' id='line_1_15' title="bbox 546 2179 3820 2253; baseline -0.002 -16"><span class='ocrx_word' id='word_1_116' title='bbox 546 2191 728 2238; x_wconf 87' lang='lat' dir='ltr'><strong>autem</strong></span> <span class='ocrx_word' id='word_1_117' title='bbox 793 2192 1004 2236; x_wconf 72' lang='lat' dir='ltr'><strong>aetatem</strong></span> <span class='ocrx_word' id='word_1_118' title='bbox 1069 2184 1288 2236; x_wconf 90' lang='lat' dir='ltr'><strong>transiit</strong></span> <span class='ocrx_word' id='word_1_119' title='bbox 1351 2183 1686 2252; x_wconf 81' lang='lat' dir='ltr'><strong>puellarem,</strong></span> <span class='ocrx_word' id='word_1_120' title='bbox 1746 2183 2131 2253; x_wconf 76' lang='lat' dir='ltr'><strong>videreturque</strong></span> <span class='ocrx_word' id='word_1_121' title='bbox 2233 2186 2415 2240; x_wconf 91' lang='lat' dir='ltr'><strong>minus</strong></span> <span class='ocrx_word' id='word_1_122' title='bbox 2450 2186 2834 2241; x_wconf 82' lang='lat' dir='ltr'><strong>universorum</strong></span> <span class='ocrx_word' id='word_1_123' title='bbox 2857 2224 2871 2250; x_wconf 96' lang='lat'><strong>,</strong></span> <span class='ocrx_word' id='word_1_124' title='bbox 2905 2198 3012 2238; x_wconf 89' lang='lat' dir='ltr'><strong>non</strong></span> <span class='ocrx_word' id='word_1_125' title='bbox 3045 2186 3109 2237; x_wconf 89' lang='lat' dir='ltr'><strong>ad</strong></span> <span class='ocrx_word' id='word_1_126' title='bbox 3144 2183 3370 2251; x_wconf 87' lang='lat' dir='ltr'><strong>duplum</strong></span> <span class='ocrx_word' id='word_1_127' title='bbox 3405 2195 3578 2249; x_wconf 91' lang='lat' dir='ltr'><strong>usque</strong></span> <span class='ocrx_word' id='word_1_128' title='bbox 3608 2179 3820 2234; x_wconf 77' lang='lat' dir='ltr'><strong>solum-</strong></span> 
     </span>
    </p>
   </div>
   <div class='ocr_carea' id='block_1_16' title="bbox 540 2275 3819 2346">
    <p class='ocr_par' dir='ltr' id='par_1_16' title="bbox 540 2275 3819 2346">
     <span class='ocr_line' id='line_1_16' title="bbox 540 2275 3819 2346; baseline -0.002 -16"><span class='ocrx_word' id='word_1_129' title='bbox 540 2277 738 2346; x_wconf 67' lang='lat' dir='ltr'><strong>puellae</strong></span> <span class='ocrx_word' id='word_1_130' title='bbox 779 2278 1021 2344; x_wconf 80' lang='lat' dir='ltr'><strong>gravitas</strong></span> <span class='ocrx_word' id='word_1_131' title='bbox 1061 2282 1115 2329; x_wconf 90' lang='lat' dir='ltr'><strong>et</strong></span> <span class='ocrx_word' id='word_1_132' title='bbox 1155 2275 1323 2330; x_wconf 88' lang='lat' dir='ltr'><strong>decus</strong></span> <span class='ocrx_word' id='word_1_133' title='bbox 1365 2276 1541 2344; x_wconf 82' lang='lat' dir='ltr'><strong>majus</strong></span> <span class='ocrx_word' id='word_1_134' title='bbox 1581 2291 1746 2344; x_wconf 88' lang='lat' dir='ltr'><strong>quam</strong></span> <span class='ocrx_word' id='word_1_135' title='bbox 1792 2283 2129 2346; x_wconf 89' lang='lat' dir='ltr'><strong>sperassent,</strong></span> <span class='ocrx_word' id='word_1_136' title='bbox 2233 2277 2394 2331; x_wconf 91' lang='lat' dir='ltr'><strong>modo</strong></span> <span class='ocrx_word' id='word_1_137' title='bbox 2421 2278 2641 2346; x_wconf 82' lang='lat' dir='ltr'><strong>augebit</strong></span> <span class='ocrx_word' id='word_1_138' title='bbox 2667 2287 2894 2342; x_wconf 88' lang='lat' dir='ltr'><strong>sortem,</strong></span> <span class='ocrx_word' id='word_1_139' title='bbox 2926 2277 3018 2332; x_wconf 91' lang='lat' dir='ltr'><strong>sed</strong></span> <span class='ocrx_word' id='word_1_140' title='bbox 3048 2276 3114 2329; x_wconf 92' lang='lat' dir='ltr'><strong>ad</strong></span> <span class='ocrx_word' id='word_1_141' title='bbox 3143 2275 3463 2342; x_wconf 87' lang='lat' dir='ltr'><strong>centuplum</strong></span> <span class='ocrx_word' id='word_1_142' title='bbox 3492 2287 3664 2342; x_wconf 84' lang='lat' dir='ltr'><strong>usque</strong></span> <span class='ocrx_word' id='word_1_143' title='bbox 3689 2285 3819 2325; x_wconf 86' lang='lat' dir='ltr'><strong>cum</strong></span> 
     </span>
    </p>
   </div>
   <div class='ocr_carea' id='block_1_17' title="bbox 541 2363 3817 2434">
    <p class='ocr_par' dir='ltr' id='par_1_17' title="bbox 541 2363 3817 2434">
     <span class='ocr_line' id='line_1_17' title="bbox 541 2363 3817 2434; baseline -0.002 -15"><span class='ocrx_word' id='word_1_144' title='bbox 541 2379 663 2419; x_wconf 88' lang='lat' dir='ltr'><strong>eam</strong></span> <span class='ocrx_word' id='word_1_145' title='bbox 711 2365 1067 2418; x_wconf 88' lang='lat' dir='ltr'><strong>solidioribus</strong></span> <span class='ocrx_word' id='word_1_146' title='bbox 1116 2365 1423 2433; x_wconf 84' lang='lat' dir='ltr'><strong>disciplinis</strong></span> <span class='ocrx_word' id='word_1_147' title='bbox 1473 2367 1816 2420; x_wconf 85' lang='lat' dir='ltr'><strong>erudiebant.</strong></span> <span class='ocrx_word' id='word_1_148' title='bbox 1867 2365 1957 2419; x_wconf 90' lang='lat' dir='ltr'><strong>llla</strong></span> <span class='ocrx_word' id='word_1_149' title='bbox 2003 2379 2130 2420; x_wconf 87' lang='lat' dir='ltr'><strong>vero</strong></span> <span class='ocrx_word' id='word_1_150' title='bbox 2230 2367 2343 2421; x_wconf 86' lang='lat' dir='ltr'><strong>vita</strong></span> <span class='ocrx_word' id='word_1_151' title='bbox 2379 2375 2584 2422; x_wconf 61' lang='lat' dir='ltr'><strong>attenta</strong></span> <span class='ocrx_word' id='word_1_152' title='bbox 2618 2367 2750 2420; x_wconf 91' lang='lat' dir='ltr'><strong>mihi</strong></span> <span class='ocrx_word' id='word_1_153' title='bbox 2786 2367 2967 2422; x_wconf 71' lang='lat' dir='ltr'><strong>[mnus</strong></span> <span class='ocrx_word' id='word_1_154' title='bbox 2999 2367 3240 2434; x_wconf 87' lang='lat' dir='ltr'><strong>adjiciet.</strong></span> <span class='ocrx_word' id='word_1_155' title='bbox 3274 2363 3368 2418; x_wconf 90' lang='lat' dir='ltr'><strong>Pie</strong></span> <span class='ocrx_word' id='word_1_156' title='bbox 3398 2377 3817 2425; x_wconf 84' lang='lat' dir='ltr'><strong>consumamus,</strong></span> 
     </span>
    </p>
   </div>
   <div class='ocr_carea' id='block_1_18' title="bbox 540 2455 3815 2529">
    <p class='ocr_par' dir='ltr' id='par_1_18' title="bbox 540 2455 3815 2529">
     <span class='ocr_line' id='line_1_18' title="bbox 540 2455 3815 2529; baseline 0 -21"><span class='ocrx_word' id='word_1_157' title='bbox 540 2471 691 2516; x_wconf 88' lang='lat' dir='ltr'><strong>cum.</strong></span> <span class='ocrx_word' id='word_1_158' title='bbox 723 2463 783 2508; x_wconf 92' lang='lat' dir='ltr'><strong>nt</strong></span> <span class='ocrx_word' id='word_1_159' title='bbox 814 2470 934 2522; x_wconf 66' lang='lat' dir='ltr'><strong>quae</strong></span> <span class='ocrx_word' id='word_1_160' title='bbox 965 2457 1111 2508; x_wconf 89' lang='lat' dir='ltr'><strong>bono</strong></span> <span class='ocrx_word' id='word_1_161' title='bbox 1139 2465 1282 2510; x_wconf 85' lang='lat' dir='ltr'><strong>esset</strong></span> <span class='ocrx_word' id='word_1_162' title='bbox 1313 2457 1530 2524; x_wconf 87' lang='lat' dir='ltr'><strong>ingenio</strong></span> <span class='ocrx_word' id='word_1_163' title='bbox 1565 2458 1809 2524; x_wconf 67' lang='lat' dir='ltr'><strong>praedita,</strong></span> <span class='ocrx_word' id='word_1_164' title='bbox 1845 2455 2005 2510; x_wconf 77' lang='lat' dir='ltr'><strong>facile</strong></span> <span class='ocrx_word' id='word_1_165' title='bbox 2033 2471 2130 2524; x_wconf 86' lang='lat' dir='ltr'><strong>ap-</strong></span> <span class='ocrx_word' id='word_1_166' title='bbox 2228 2470 2348 2515; x_wconf 85' lang='lat' dir='ltr'><strong>tuto</strong></span> <span class='ocrx_word' id='word_1_167' title='bbox 2377 2461 2520 2514; x_wconf 90' lang='lat' dir='ltr'><strong>enim</strong></span> <span class='ocrx_word' id='word_1_168' title='bbox 2550 2461 2902 2529; x_wconf 86' lang='lat' dir='ltr'><strong>recipiemus.</strong></span> <span class='ocrx_word' id='word_1_169' title='bbox 2935 2460 3286 2514; x_wconf 86' lang='lat' dir='ltr'><strong>Venumdatis</strong></span> <span class='ocrx_word' id='word_1_170' title='bbox 3317 2457 3570 2512; x_wconf 89' lang='lat' dir='ltr'><strong>omnibus</strong></span> <span class='ocrx_word' id='word_1_171' title='bbox 3596 2469 3815 2511; x_wconf 85' lang='lat' dir='ltr'><strong>crucem</strong></span> 
     </span>
    </p>
   </div>
   <div class='ocr_carea' id='block_1_19' title="bbox 537 2546 3815 2619">
    <p class='ocr_par' dir='ltr' id='par_1_19' title="bbox 537 2546 3815 2619">
     <span class='ocr_line' id='line_1_19' title="bbox 537 2546 3815 2619; baseline -0 -17"><span class='ocrx_word' id='word_1_172' title='bbox 537 2547 925 2618; x_wconf 86' lang='lat' dir='ltr'><strong>prehenderet,</strong></span> <span class='ocrx_word' id='word_1_173' title='bbox 959 2546 1168 2602; x_wconf 80' lang='lat' dir='ltr'><strong>fructus</strong></span> <span class='ocrx_word' id='word_1_174' title='bbox 1200 2547 1395 2616; x_wconf 86' lang='lat' dir='ltr'><strong>dignos</strong></span> <span class='ocrx_word' id='word_1_175' title='bbox 1426 2549 1733 2616; x_wconf 73' lang='lat' dir='ltr'><strong>disciplinae</strong></span> <span class='ocrx_word' id='word_1_176' title='bbox 1761 2549 1975 2602; x_wconf 76' lang='lat' dir='ltr'><strong>actione</strong></span> <span class='ocrx_word' id='word_1_177' title='bbox 2007 2564 2131 2617; x_wconf 85' lang='lat' dir='ltr'><strong>pro-</strong></span> <span class='ocrx_word' id='word_1_178' title='bbox 2231 2551 2621 2619; x_wconf 87' lang='lat' dir='ltr'><strong>acquiramus,</strong></span> <span class='ocrx_word' id='word_1_179' title='bbox 2668 2552 2946 2606; x_wconf 75' lang='lat' dir='ltr'><strong>Christum</strong></span> <span class='ocrx_word' id='word_1_180' title='bbox 2990 2551 3228 2617; x_wconf 75' lang='lat' dir='ltr'><strong>expediti</strong></span> <span class='ocrx_word' id='word_1_181' title='bbox 3275 2565 3594 2618; x_wconf 86' lang='lat' dir='ltr'><strong>sequamur,</strong></span> <span class='ocrx_word' id='word_1_182' title='bbox 3640 2549 3815 2616; x_wconf 84' lang='lat' dir='ltr'><strong>ipsam</strong></span> 
     </span>
    </p>
   </div>
   <div class='ocr_carea' id='block_1_20' title="bbox 538 2639 3815 2711">
    <p class='ocr_par' dir='ltr' id='par_1_20' title="bbox 538 2639 3815 2711">
     <span class='ocr_line' id='line_1_20' title="bbox 538 2639 3815 2711; baseline -0 -15"><span class='ocrx_word' id='word_1_183' title='bbox 538 2639 749 2696; x_wconf 73' lang='lat' dir='ltr'><strong>fer-ebat</strong></span> <span class='ocrx_word' id='word_1_184' title='bbox 786 2657 800 2694; x_wconf 89' lang='lat'><strong>:</strong></span> <span class='ocrx_word' id='word_1_185' title='bbox 838 2656 1074 2711; x_wconf 83' lang='lat' dir='ltr'><strong>cumque</strong></span> <span class='ocrx_word' id='word_1_186' title='bbox 1109 2656 1234 2695; x_wconf 86' lang='lat' dir='ltr'><strong>vere</strong></span> <span class='ocrx_word' id='word_1_187' title='bbox 1272 2643 1523 2697; x_wconf 75' lang='lat' dir='ltr'><strong>ccelestes</strong></span> <span class='ocrx_word' id='word_1_188' title='bbox 1561 2650 1614 2695; x_wconf 90' lang='lat' dir='ltr'><strong>et</strong></span> <span class='ocrx_word' id='word_1_189' title='bbox 1655 2642 1930 2711; x_wconf 74' lang='lat' dir='ltr'><strong>angelicas</strong></span> <span class='ocrx_word' id='word_1_190' title='bbox 1971 2643 2130 2709; x_wconf 89' lang='lat' dir='ltr'><strong>plane</strong></span> <span class='ocrx_word' id='word_1_191' title='bbox 2233 2652 2436 2697; x_wconf 87' lang='lat' dir='ltr'><strong>terram</strong></span> <span class='ocrx_word' id='word_1_192' title='bbox 2475 2646 2659 2698; x_wconf 80' lang='lat' dir='ltr'><strong>statim</strong></span> <span class='ocrx_word' id='word_1_193' title='bbox 2697 2659 2820 2698; x_wconf 91' lang='lat' dir='ltr'><strong>cum</strong></span> <span class='ocrx_word' id='word_1_194' title='bbox 2859 2652 3001 2697; x_wconf 81' lang='lat' dir='ltr'><strong>terra</strong></span> <span class='ocrx_word' id='word_1_195' title='bbox 3038 2645 3454 2711; x_wconf 82' lang='lat' dir='ltr'><strong>relinquamus,</strong></span> <span class='ocrx_word' id='word_1_196' title='bbox 3488 2644 3658 2697; x_wconf 74' lang='lat' dir='ltr'><strong>caelos</strong></span> <span class='ocrx_word' id='word_1_197' title='bbox 3688 2653 3815 2694; x_wconf 89' lang='lat' dir='ltr'><strong>cum</strong></span> 
     </span>
    </p>
   </div>
   <div class='ocr_carea' id='block_1_21' title="bbox 537 2733 3814 2805">
    <p class='ocr_par' dir='ltr' id='par_1_21' title="bbox 537 2733 3814 2805">
     <span class='ocr_line' id='line_1_21' title="bbox 537 2733 3814 2805; baseline -0.002 -14"><span class='ocrx_word' id='word_1_198' title='bbox 537 2733 768 2791; x_wconf 83' lang='lat' dir='ltr'><strong>haberet</strong></span> <span class='ocrx_word' id='word_1_199' title='bbox 813 2735 1060 2802; x_wconf 88' lang='lat' dir='ltr'><strong>spiritus,</strong></span> <span class='ocrx_word' id='word_1_200' title='bbox 1105 2733 1336 2803; x_wconf 81' lang='lat' dir='ltr'><strong>insignis</strong></span> <span class='ocrx_word' id='word_1_201' title='bbox 1384 2734 1735 2802; x_wconf 89' lang='lat' dir='ltr'><strong>pulchritudo</strong></span> <span class='ocrx_word' id='word_1_202' title='bbox 1779 2733 2016 2786; x_wconf 77' lang='lat' dir='ltr'><strong>miCahat</strong></span> <span class='ocrx_word' id='word_1_203' title='bbox 2061 2747 2128 2786; x_wconf 79' lang='lat' dir='ltr'><strong>ex</strong></span> <span class='ocrx_word' id='word_1_204' title='bbox 2232 2735 2442 2804; x_wconf 82' lang='lat' dir='ltr'><strong>angelis</strong></span> <span class='ocrx_word' id='word_1_205' title='bbox 2473 2735 2802 2791; x_wconf 85' lang='lat' dir='ltr'><strong>habitemus.</strong></span> <span class='ocrx_word' id='word_1_206' title='bbox 2830 2734 3126 2804; x_wconf 83' lang='lat' dir='ltr'><strong>Fugiamus</strong></span> <span class='ocrx_word' id='word_1_207' title='bbox 3154 2735 3514 2805; x_wconf 82' lang='lat' dir='ltr'><strong>periculosam</strong></span> <span class='ocrx_word' id='word_1_208' title='bbox 3544 2734 3814 2795; x_wconf 82' lang='lat' dir='ltr'><strong>vitam,et</strong></span> 
     </span>
    </p>
   </div>
   <div class='ocr_carea' id='block_1_22' title="bbox 536 2821 3811 2900">
    <p class='ocr_par' dir='ltr' id='par_1_22' title="bbox 536 2821 3811 2900">
     <span class='ocr_line' id='line_1_22' title="bbox 536 2821 3811 2900; baseline -0.003 -16"><span class='ocrx_word' id='word_1_209' title='bbox 536 2829 731 2884; x_wconf 87' lang='lat' dir='ltr'><strong>oculis.</strong></span> <span class='ocrx_word' id='word_1_210' title='bbox 763 2826 952 2900; x_wconf 85' lang='lat' dir='ltr'><strong>Magna</strong></span> <span class='ocrx_word' id='word_1_211' title='bbox 989 2837 1170 2881; x_wconf 85' lang='lat' dir='ltr'><strong>autem</strong></span> <span class='ocrx_word' id='word_1_212' title='bbox 1207 2841 1271 2879; x_wconf 77' lang='lat' dir='ltr'><strong>ex</strong></span> <span class='ocrx_word' id='word_1_213' title='bbox 1308 2835 1460 2894; x_wconf 87' lang='lat' dir='ltr'><strong>parte</strong></span> <span class='ocrx_word' id='word_1_214' title='bbox 1494 2827 1641 2880; x_wconf 89' lang='lat' dir='ltr'><strong>domi</strong></span> <span class='ocrx_word' id='word_1_215' title='bbox 1679 2827 1900 2879; x_wconf 80' lang='lat' dir='ltr'><strong>latebat.</strong></span> <span class='ocrx_word' id='word_1_216' title='bbox 1935 2825 2006 2878; x_wconf 89' lang='lat' dir='ltr'><strong>De</strong></span> <span class='ocrx_word' id='word_1_217' title='bbox 2033 2821 2126 2891; x_wconf 84' lang='lat' dir='ltr'><strong>ju-</strong></span> <span class='ocrx_word' id='word_1_218' title='bbox 2229 2824 2447 2893; x_wconf 86' lang='lat' dir='ltr'><strong>probris</strong></span> <span class='ocrx_word' id='word_1_219' title='bbox 2491 2825 2706 2894; x_wconf 87' lang='lat' dir='ltr'><strong>plenam</strong></span> <span class='ocrx_word' id='word_1_220' title='bbox 2753 2839 2769 2878; x_wconf 86' lang='lat'><strong>:</strong></span> <span class='ocrx_word' id='word_1_221' title='bbox 2811 2833 2866 2877; x_wconf 92' lang='lat' dir='ltr'><strong>et</strong></span> <span class='ocrx_word' id='word_1_222' title='bbox 2905 2825 3276 2879; x_wconf 79' lang='lat' dir='ltr'><strong>desideremus</strong></span> <span class='ocrx_word' id='word_1_223' title='bbox 3317 2834 3620 2885; x_wconf 87' lang='lat' dir='ltr'><strong>certamen,</strong></span> <span class='ocrx_word' id='word_1_224' title='bbox 3664 2821 3811 2890; x_wconf 82' lang='lat' dir='ltr'><strong>quod</strong></span> 
     </span>
    </p>
   </div>
   <div class='ocr_carea' id='block_1_23' title="bbox 536 2917 3812 2988">
    <p class='ocr_par' dir='ltr' id='par_1_23' title="bbox 536 2917 3812 2988">
     <span class='ocr_line' id='line_1_23' title="bbox 536 2917 3812 2988; baseline -0.002 -12"><span class='ocrx_word' id='word_1_225' title='bbox 536 2931 759 2977; x_wconf 75' lang='lat' dir='ltr'><strong>ventute</strong></span> <span class='ocrx_word' id='word_1_226' title='bbox 807 2935 939 2974; x_wconf 77' lang='lat' dir='ltr'><strong>vero</strong></span> <span class='ocrx_word' id='word_1_227' title='bbox 989 2920 1295 2988; x_wconf 67' lang='lat' dir='ltr'><strong>saepissime</strong></span> <span class='ocrx_word' id='word_1_228' title='bbox 1346 2919 1810 2987; x_wconf 84' lang='lat' dir='ltr'><strong>conquerebatur,</strong></span> <span class='ocrx_word' id='word_1_229' title='bbox 1865 2919 2054 2972; x_wconf 88' lang='lat' dir='ltr'><strong>dicens</strong></span> <span class='ocrx_word' id='word_1_230' title='bbox 2104 2931 2120 2971; x_wconf 89' lang='lat'><strong>:</strong></span> <span class='ocrx_word' id='word_1_231' title='bbox 2160 2975 2198 2988; x_wconf 40' lang='lat' dir='ltr'><strong>ﬁ</strong></span> <span class='ocrx_word' id='word_1_232' title='bbox 2230 2917 2910 2983; x_wconf 85' lang='lat' dir='ltr'><strong>superatrationem.Cum</strong></span> <span class='ocrx_word' id='word_1_233' title='bbox 2943 2917 3009 2970; x_wconf 90' lang='lat' dir='ltr'><strong>iis</strong></span> <span class='ocrx_word' id='word_1_234' title='bbox 3040 2931 3161 2986; x_wconf 64' lang='lat' dir='ltr'><strong>quae</strong></span> <span class='ocrx_word' id='word_1_235' title='bbox 3190 2932 3300 2970; x_wconf 93' lang='lat' dir='ltr'><strong>non</strong></span> <span class='ocrx_word' id='word_1_236' title='bbox 3333 2918 3610 2985; x_wconf 90' lang='lat' dir='ltr'><strong>patiuntur</strong></span> <span class='ocrx_word' id='word_1_237' title='bbox 3640 2917 3812 2969; x_wconf 79' lang='lat' dir='ltr'><strong>inter-</strong></span> 
     </span>
    </p>
   </div>
   <div class='ocr_carea' id='block_1_24' title="bbox 536 2975 3809 3081">
    <p class='ocr_par' dir='ltr' id='par_1_24' title="bbox 536 2975 3809 3081">
     <span class='ocr_line' id='line_1_24' title="bbox 536 2975 3809 3081; baseline -0.003 -9"><span class='ocrx_word' id='word_1_238' title='bbox 536 3014 583 3072; x_wconf 93' lang='grc' dir='ltr'>Ο</span> <span class='ocrx_word' id='word_1_239' title='bbox 617 3013 935 3068; x_wconf 79' lang='lat' dir='ltr'><strong>insidiosam</strong></span> <span class='ocrx_word' id='word_1_240' title='bbox 973 3022 1224 3076; x_wconf 58' lang='lat' dir='ltr'><strong>aetatem,</strong></span> <span class='ocrx_word' id='word_1_241' title='bbox 1259 3028 1381 3081; x_wconf 66' lang='lat' dir='ltr'><strong>quae</strong></span> <span class='ocrx_word' id='word_1_242' title='bbox 1415 3023 1510 3066; x_wconf 89' lang='lat' dir='ltr'><strong>aut</strong></span> <span class='ocrx_word' id='word_1_243' title='bbox 1548 3013 1723 3075; x_wconf 69' lang='lat' dir='ltr'><strong>lardit,</strong></span> <span class='ocrx_word' id='word_1_244' title='bbox 1760 3021 1852 3066; x_wconf 82' lang='lat' dir='ltr'><strong>aut</strong></span> <span class='ocrx_word' id='word_1_245' title='bbox 1889 3011 2123 3064; x_wconf 73' lang='lat' dir='ltr'><strong>lzeditur.</strong></span> <span class='ocrx_word' id='word_1_246' title='bbox 2160 2975 2200 3030; x_wconf 78' lang='grc' dir='ltr'><strong>Β</strong></span> <span class='ocrx_word' id='word_1_247' title='bbox 2229 3007 2400 3073; x_wconf 88' lang='lat' dir='ltr'><strong>itum,</strong></span> <span class='ocrx_word' id='word_1_248' title='bbox 2450 3022 2822 3076; x_wconf 85' lang='lat' dir='ltr'><strong>permutemus</strong></span> <span class='ocrx_word' id='word_1_249' title='bbox 2893 3024 2995 3073; x_wconf 87' lang='lat' dir='ltr'><strong>ea,</strong></span> <span class='ocrx_word' id='word_1_250' title='bbox 3048 3010 3101 3062; x_wconf 92' lang='lat' dir='ltr'><strong>in</strong></span> <span class='ocrx_word' id='word_1_251' title='bbox 3153 3025 3273 3076; x_wconf 78' lang='lat' dir='ltr'><strong>qua:</strong></span> <span class='ocrx_word' id='word_1_252' title='bbox 3344 3010 3487 3064; x_wconf 83' lang='lat' dir='ltr'><strong>cadit</strong></span> <span class='ocrx_word' id='word_1_253' title='bbox 3539 3009 3809 3064; x_wconf 90' lang='lat' dir='ltr'><strong>interitus.</strong></span> 
     </span>
    </p>
   </div>
   <div class='ocr_carea' id='block_1_25' title="bbox 535 3097 3812 3171">
    <p class='ocr_par' dir='ltr' id='par_1_25' title="bbox 535 3097 3812 3171">
     <span class='ocr_line' id='line_1_25' title="bbox 535 3097 3812 3171; baseline -0.003 -7"><span class='ocrx_word' id='word_1_254' title='bbox 535 3106 771 3164; x_wconf 81' lang='lat' dir='ltr'><strong>Pulchra</strong></span> <span class='ocrx_word' id='word_1_255' title='bbox 803 3121 892 3159; x_wconf 89' lang='lat' dir='ltr'><strong>res</strong></span> <span class='ocrx_word' id='word_1_256' title='bbox 921 3113 1005 3159; x_wconf 89' lang='lat' dir='ltr'><strong>est</strong></span> <span class='ocrx_word' id='word_1_257' title='bbox 1037 3117 1312 3158; x_wconf 67' lang='lat' dir='ltr'><strong>senecrus.</strong></span> <span class='ocrx_word' id='word_1_258' title='bbox 1346 3102 1442 3156; x_wconf 84' lang='lat' dir='ltr'><strong>Hei</strong></span> <span class='ocrx_word' id='word_1_259' title='bbox 1477 3104 1642 3156; x_wconf 89' lang='lat' dir='ltr'><strong>mihi!</strong></span> <span class='ocrx_word' id='word_1_260' title='bbox 1678 3103 1960 3170; x_wconf 82' lang='lat' dir='ltr'><strong>longitudo</strong></span> <span class='ocrx_word' id='word_1_261' title='bbox 1995 3111 2129 3154; x_wconf 89' lang='lat' dir='ltr'><strong>tem-</strong></span> <span class='ocrx_word' id='word_1_262' title='bbox 2230 3097 2466 3152; x_wconf 79' lang='lat' dir='ltr'><strong>Maxime</strong></span> <span class='ocrx_word' id='word_1_263' title='bbox 2495 3101 2815 3156; x_wconf 81' lang='lat' dir='ltr'><strong>veneramhe</strong></span> <span class='ocrx_word' id='word_1_264' title='bbox 2845 3110 2973 3156; x_wconf 84' lang='lat' dir='ltr'><strong>sunt</strong></span> <span class='ocrx_word' id='word_1_265' title='bbox 3001 3101 3223 3170; x_wconf 67' lang='lat' dir='ltr'><strong>nuptite,</strong></span> <span class='ocrx_word' id='word_1_266' title='bbox 3254 3118 3374 3171; x_wconf 69' lang='lat' dir='ltr'><strong>quae</strong></span> <span class='ocrx_word' id='word_1_267' title='bbox 3405 3103 3812 3170; x_wconf 88' lang='lat' dir='ltr'><strong>corruptionem</strong></span> 
     </span>
    </p>
   </div>
   <div class='ocr_carea' id='block_1_26' title="bbox 534 3193 3813 3268">
    <p class='ocr_par' dir='ltr' id='par_1_26' title="bbox 534 3193 3813 3268">
     <span class='ocr_line' id='line_1_26' title="bbox 534 3193 3813 3268; baseline -0.001 -17"><span class='ocrx_word' id='word_1_268' title='bbox 534 3201 685 3268; x_wconf 88' lang='lat' dir='ltr'><strong>poris</strong></span> <span class='ocrx_word' id='word_1_269' title='bbox 714 3212 799 3250; x_wconf 91' lang='lat' dir='ltr'><strong>me</strong></span> <span class='ocrx_word' id='word_1_270' title='bbox 830 3196 1091 3250; x_wconf 57' lang='lat' dir='ltr'><strong>maestitia</strong></span> <span class='ocrx_word' id='word_1_271' title='bbox 1122 3194 1309 3259; x_wconf 72' lang='lat' dir='ltr'><strong>adicit,</strong></span> <span class='ocrx_word' id='word_1_272' title='bbox 1338 3210 1459 3263; x_wconf 60' lang='lat' dir='ltr'><strong>quae</strong></span> <span class='ocrx_word' id='word_1_273' title='bbox 1491 3195 1680 3248; x_wconf 89' lang='lat' dir='ltr'><strong>tandiu</strong></span> <span class='ocrx_word' id='word_1_274' title='bbox 1710 3205 1928 3261; x_wconf 86' lang='lat' dir='ltr'><strong>separat</strong></span> <span class='ocrx_word' id='word_1_275' title='bbox 1958 3209 1986 3246; x_wconf 90' lang='lat' dir='ltr'><strong>a</strong></span> <span class='ocrx_word' id='word_1_276' title='bbox 2019 3209 2129 3248; x_wconf 77' lang='lat' dir='ltr'><strong>C(B-</strong></span> <span class='ocrx_word' id='word_1_277' title='bbox 2229 3205 2575 3258; x_wconf 82' lang='lat' dir='ltr'><strong>nequaquam</strong></span> <span class='ocrx_word' id='word_1_278' title='bbox 2615 3193 2912 3245; x_wconf 87' lang='lat' dir='ltr'><strong>conciliant</strong></span> <span class='ocrx_word' id='word_1_279' title='bbox 2949 3211 2961 3246; x_wconf 94' lang='lat'>:</span> <span class='ocrx_word' id='word_1_280' title='bbox 3001 3208 3422 3262; x_wconf 86' lang='lat' dir='ltr'><strong>perrnaneamus</strong></span> <span class='ocrx_word' id='word_1_281' title='bbox 3467 3194 3688 3261; x_wconf 64' lang='lat' dir='ltr'><strong>integrae</strong></span> <span class='ocrx_word' id='word_1_282' title='bbox 3709 3233 3724 3256; x_wconf 90' lang='lat'><strong>,</strong></span> <span class='ocrx_word' id='word_1_283' title='bbox 3758 3194 3813 3248; x_wconf 88' lang='lat' dir='ltr'><strong>ei</strong></span> 
     </span>
    </p>
   </div>
   <div class='ocr_carea' id='block_1_27' title="bbox 535 3281 3816 3354">
    <p class='ocr_par' dir='ltr' id='par_1_27' title="bbox 535 3281 3816 3354">
     <span class='ocr_line' id='line_1_27' title="bbox 535 3281 3816 3354; baseline -0.002 -10"><span class='ocrx_word' id='word_1_284' title='bbox 535 3289 786 3344; x_wconf 83' lang='lat' dir='ltr'><strong>lestibus.</strong></span> <span class='ocrx_word' id='word_1_285' title='bbox 817 3285 882 3339; x_wconf 85' lang='lat' dir='ltr'><strong>Et</strong></span> <span class='ocrx_word' id='word_1_286' title='bbox 912 3295 968 3339; x_wconf 91' lang='lat' dir='ltr'><strong>ut</strong></span> <span class='ocrx_word' id='word_1_287' title='bbox 994 3285 1160 3338; x_wconf 84' lang='lat' dir='ltr'><strong>semel</strong></span> <span class='ocrx_word' id='word_1_288' title='bbox 1191 3286 1391 3347; x_wconf 88' lang='lat' dir='ltr'><strong>dicam,</strong></span> <span class='ocrx_word' id='word_1_289' title='bbox 1422 3301 1700 3354; x_wconf 90' lang='lat' dir='ltr'><strong>nunquam</strong></span> <span class='ocrx_word' id='word_1_290' title='bbox 1732 3286 2127 3338; x_wconf 87' lang='lat' dir='ltr'><strong>intermittebat</strong></span> <span class='ocrx_word' id='word_1_291' title='bbox 2228 3282 2320 3350; x_wconf 90' lang='lat' dir='ltr'><strong>qui</strong></span> <span class='ocrx_word' id='word_1_292' title='bbox 2353 3281 2629 3345; x_wconf 77' lang='lat' dir='ltr'><strong>formavit,</strong></span> <span class='ocrx_word' id='word_1_293' title='bbox 2658 3298 2852 3352; x_wconf 88' lang='lat' dir='ltr'><strong>purum</strong></span> <span class='ocrx_word' id='word_1_294' title='bbox 2885 3285 3200 3352; x_wconf 81' lang='lat' dir='ltr'><strong>ﬁgmentum</strong></span> <span class='ocrx_word' id='word_1_295' title='bbox 3230 3299 3639 3351; x_wconf 87' lang='lat' dir='ltr'><strong>conservemus,</strong></span> <span class='ocrx_word' id='word_1_296' title='bbox 3669 3301 3696 3338; x_wconf 92' lang='lat' dir='ltr'><strong>a</strong></span> <span class='ocrx_word' id='word_1_297' title='bbox 3727 3300 3816 3340; x_wconf 78' lang='lat' dir='ltr'><strong>re-</strong></span> 
     </span>
    </p>
   </div>
   <div class='ocr_carea' id='block_1_28' title="bbox 535 3375 3815 3448">
    <p class='ocr_par' dir='ltr' id='par_1_28' title="bbox 535 3375 3815 3448">
     <span class='ocr_line' id='line_1_28' title="bbox 535 3375 3815 3448; baseline -0.001 -13"><span class='ocrx_word' id='word_1_298' title='bbox 535 3379 820 3435; x_wconf 86' lang='lat' dir='ltr'><strong>Christum</strong></span> <span class='ocrx_word' id='word_1_299' title='bbox 860 3391 1054 3431; x_wconf 85' lang='lat' dir='ltr'><strong>vocare</strong></span> <span class='ocrx_word' id='word_1_300' title='bbox 1088 3377 1152 3430; x_wconf 91' lang='lat' dir='ltr'><strong>ad</strong></span> <span class='ocrx_word' id='word_1_301' title='bbox 1190 3393 1350 3429; x_wconf 88' lang='lat' dir='ltr'><strong>suum</strong></span> <span class='ocrx_word' id='word_1_302' title='bbox 1389 3378 1688 3442; x_wconf 77' lang='lat' dir='ltr'><strong>auxilium,</strong></span> <span class='ocrx_word' id='word_1_303' title='bbox 1724 3387 1777 3432; x_wconf 89' lang='lat' dir='ltr'><strong>et</strong></span> <span class='ocrx_word' id='word_1_304' title='bbox 1813 3392 1989 3446; x_wconf 85' lang='lat' dir='ltr'><strong>genua</strong></span> <span class='ocrx_word' id='word_1_305' title='bbox 2024 3376 2125 3432; x_wconf 78' lang='lat' dir='ltr'><strong>ile-</strong></span> <span class='ocrx_word' id='word_1_306' title='bbox 2227 3375 2595 3444; x_wconf 88' lang='lat' dir='ltr'><strong>prehensione</strong></span> <span class='ocrx_word' id='word_1_307' title='bbox 2627 3377 2863 3429; x_wconf 86' lang='lat' dir='ltr'><strong>alienum</strong></span> <span class='ocrx_word' id='word_1_308' title='bbox 2899 3377 3102 3431; x_wconf 82' lang='lat' dir='ltr'><strong>Christi</strong></span> <span class='ocrx_word' id='word_1_309' title='bbox 3139 3379 3520 3432; x_wconf 88' lang='lat' dir='ltr'><strong>custodiamus</strong></span> <span class='ocrx_word' id='word_1_310' title='bbox 3555 3380 3815 3448; x_wconf 78' lang='lat' dir='ltr'><strong>signacu-</strong></span> 
     </span>
    </p>
   </div>
   <div class='ocr_carea' id='block_1_29' title="bbox 535 3466 3812 3540">
    <p class='ocr_par' dir='ltr' id='par_1_29' title="bbox 535 3466 3812 3540">
     <span class='ocr_line' id='line_1_29' title="bbox 535 3466 3812 3540; baseline -0 -13"><span class='ocrx_word' id='word_1_311' title='bbox 535 3483 712 3534; x_wconf 79' lang='lat' dir='ltr'><strong>CIens,</strong></span> <span class='ocrx_word' id='word_1_312' title='bbox 747 3468 924 3523; x_wconf 92' lang='lat' dir='ltr'><strong>solum</strong></span> <span class='ocrx_word' id='word_1_313' title='bbox 959 3467 1282 3536; x_wconf 87' lang='lat' dir='ltr'><strong>aspergebat</strong></span> <span class='ocrx_word' id='word_1_314' title='bbox 1314 3468 1590 3537; x_wconf 82' lang='lat' dir='ltr'><strong>Iacrymis.</strong></span> <span class='ocrx_word' id='word_1_315' title='bbox 2226 3466 2359 3520; x_wconf 92' lang='lat' dir='ltr'><strong>lum.</strong></span> <span class='ocrx_word' id='word_1_316' title='bbox 2389 3469 2660 3535; x_wconf 81' lang='lat' dir='ltr'><strong>Agnoscat</strong></span> <span class='ocrx_word' id='word_1_317' title='bbox 2688 3466 2952 3524; x_wconf 79' lang='lat' dir='ltr'><strong>Dominus</strong></span> <span class='ocrx_word' id='word_1_318' title='bbox 2978 3470 3152 3538; x_wconf 86' lang='lat' dir='ltr'><strong>sigilla</strong></span> <span class='ocrx_word' id='word_1_319' title='bbox 3182 3471 3534 3540; x_wconf 86' lang='lat' dir='ltr'><strong>virginitatis,</strong></span> <span class='ocrx_word' id='word_1_320' title='bbox 3561 3472 3812 3527; x_wconf 81' lang='lat' dir='ltr'><strong>clausum</strong></span> 
     </span>
    </p>
   </div>
   <div class='ocr_carea' id='block_1_30' title="bbox 605 3558 3812 3629">
    <p class='ocr_par' dir='ltr' id='par_1_30' title="bbox 605 3558 3812 3629">
     <span class='ocr_line' id='line_1_30' title="bbox 605 3558 3812 3629; baseline -0 -12"><span class='ocrx_word' id='word_1_321' title='bbox 605 3564 670 3618; x_wconf 88' lang='lat' dir='ltr'><strong>ll.</strong></span> <span class='ocrx_word' id='word_1_322' title='bbox 711 3563 922 3616; x_wconf 88' lang='lat' dir='ltr'><strong>Interea</strong></span> <span class='ocrx_word' id='word_1_323' title='bbox 953 3571 1132 3614; x_wconf 89' lang='lat' dir='ltr'><strong>autem</strong></span> <span class='ocrx_word' id='word_1_324' title='bbox 1168 3575 1290 3614; x_wconf 90' lang='lat' dir='ltr'><strong>cum</strong></span> <span class='ocrx_word' id='word_1_325' title='bbox 1324 3570 1581 3629; x_wconf 84' lang='lat' dir='ltr'><strong>parentes</strong></span> <span class='ocrx_word' id='word_1_326' title='bbox 1609 3561 1998 3624; x_wconf 86' lang='lat' dir='ltr'><strong>decessissent,</strong></span> <span class='ocrx_word' id='word_1_327' title='bbox 2031 3575 2124 3615; x_wconf 90' lang='lat' dir='ltr'><strong>ac-</strong></span> <span class='ocrx_word' id='word_1_328' title='bbox 2226 3558 2468 3612; x_wconf 86' lang='lat' dir='ltr'><strong>inveniat</strong></span> <span class='ocrx_word' id='word_1_329' title='bbox 2499 3561 2739 3622; x_wconf 88' lang='lat' dir='ltr'><strong>hortum,</strong></span> <span class='ocrx_word' id='word_1_330' title='bbox 2769 3577 2892 3614; x_wconf 92' lang='lat' dir='ltr'><strong>cum</strong></span> <span class='ocrx_word' id='word_1_331' title='bbox 2923 3564 3234 3616; x_wconf 89' lang='lat' dir='ltr'><strong>accesserit.</strong></span> <span class='ocrx_word' id='word_1_332' title='bbox 3266 3563 3613 3617; x_wconf 55' lang='lat' dir='ltr'><strong>Priebramus</strong></span> <span class='ocrx_word' id='word_1_333' title='bbox 3642 3563 3812 3619; x_wconf 79' lang='lat' dir='ltr'><strong>fontis</strong></span> 
     </span>
    </p>
   </div>
   <div class='ocr_carea' id='block_1_31' title="bbox 538 3649 3815 3724">
    <p class='ocr_par' dir='ltr' id='par_1_31' title="bbox 538 3649 3815 3724">
     <span class='ocr_line' id='line_1_31' title="bbox 538 3649 3815 3724; baseline -0.001 -13"><span class='ocrx_word' id='word_1_334' title='bbox 538 3665 693 3724; x_wconf 86' lang='lat' dir='ltr'><strong>cepta</strong></span> <span class='ocrx_word' id='word_1_335' title='bbox 735 3653 1074 3715; x_wconf 71' lang='lat' dir='ltr'><strong>lnercditate,</strong></span> <span class='ocrx_word' id='word_1_336' title='bbox 1113 3653 1406 3722; x_wconf 71' lang='lat' dir='ltr'><strong>cogitabat,</strong></span> <span class='ocrx_word' id='word_1_337' title='bbox 1445 3655 1716 3718; x_wconf 91' lang='lat' dir='ltr'><strong>quomodo</strong></span> <span class='ocrx_word' id='word_1_338' title='bbox 1754 3663 1995 3706; x_wconf 82' lang='lat' dir='ltr'><strong>uteretur</strong></span> <span class='ocrx_word' id='word_1_339' title='bbox 2033 3655 2121 3718; x_wconf 89' lang='lat' dir='ltr'><strong>iis,</strong></span> <span class='ocrx_word' id='word_1_340' title='bbox 2225 3649 2427 3702; x_wconf 83' lang='lat' dir='ltr'><strong>ﬂuenta</strong></span> <span class='ocrx_word' id='word_1_341' title='bbox 2473 3649 2696 3703; x_wconf 89' lang='lat' dir='ltr'><strong>minime</strong></span> <span class='ocrx_word' id='word_1_342' title='bbox 2745 3653 3084 3720; x_wconf 83' lang='lat' dir='ltr'><strong>perturbata.</strong></span> <span class='ocrx_word' id='word_1_343' title='bbox 3127 3651 3286 3706; x_wconf 84' lang='lat' dir='ltr'><strong>Nunc</strong></span> <span class='ocrx_word' id='word_1_344' title='bbox 3330 3669 3453 3706; x_wconf 90' lang='lat' dir='ltr'><strong>cum</strong></span> <span class='ocrx_word' id='word_1_345' title='bbox 3498 3665 3624 3708; x_wconf 90' lang='lat' dir='ltr'><strong>sunt</strong></span> <span class='ocrx_word' id='word_1_346' title='bbox 3670 3671 3815 3708; x_wconf 82' lang='lat' dir='ltr'><strong>nuu-</strong></span> 
     </span>
    </p>
   </div>
   <div class='ocr_carea' id='block_1_32' title="bbox 533 3742 3810 3819">
    <p class='ocr_par' dir='ltr' id='par_1_32' title="bbox 533 3742 3810 3819">
     <span class='ocr_line' id='line_1_32' title="bbox 533 3742 3810 3819; baseline 0 -21"><span class='ocrx_word' id='word_1_347' title='bbox 533 3763 669 3819; x_wconf 80' lang='lat' dir='ltr'><strong>quas</strong></span> <span class='ocrx_word' id='word_1_348' title='bbox 701 3746 958 3806; x_wconf 82' lang='lat' dir='ltr'><strong>habebat,</strong></span> <span class='ocrx_word' id='word_1_349' title='bbox 993 3744 1220 3799; x_wconf 86' lang='lat' dir='ltr'><strong>divitiis.</strong></span> <span class='ocrx_word' id='word_1_350' title='bbox 1260 3743 1432 3797; x_wconf 88' lang='lat' dir='ltr'><strong>Erant</strong></span> <span class='ocrx_word' id='word_1_351' title='bbox 1459 3761 1590 3799; x_wconf 83' lang='lat' dir='ltr'><strong>vero</strong></span> <span class='ocrx_word' id='word_1_352' title='bbox 1620 3748 1866 3814; x_wconf 79' lang='lat' dir='ltr'><strong>congesti</strong></span> <span class='ocrx_word' id='word_1_353' title='bbox 1900 3745 2122 3799; x_wconf 81' lang='lat' dir='ltr'><strong>maximi</strong></span> <span class='ocrx_word' id='word_1_354' title='bbox 2225 3742 2396 3807; x_wconf 62' lang='lat' dir='ltr'><strong>diuae,</strong></span> <span class='ocrx_word' id='word_1_355' title='bbox 2429 3743 2797 3812; x_wconf 87' lang='lat' dir='ltr'><strong>ncgociemur.</strong></span> <span class='ocrx_word' id='word_1_356' title='bbox 2834 3745 3146 3798; x_wconf 88' lang='lat' dir='ltr'><strong>Persecutio</strong></span> <span class='ocrx_word' id='word_1_357' title='bbox 3179 3756 3231 3798; x_wconf 90' lang='lat' dir='ltr'><strong>et</strong></span> <span class='ocrx_word' id='word_1_358' title='bbox 3268 3745 3491 3799; x_wconf 86' lang='lat' dir='ltr'><strong>alllictio</strong></span> <span class='ocrx_word' id='word_1_359' title='bbox 3525 3747 3656 3799; x_wconf 84' lang='lat' dir='ltr'><strong>mihi</strong></span> <span class='ocrx_word' id='word_1_360' title='bbox 3691 3747 3810 3815; x_wconf 79' lang='lat' dir='ltr'><strong>glo-</strong></span> 
     </span>
    </p>
   </div>
   <div class='ocr_carea' id='block_1_33' title="bbox 531 3833 3808 3906">
    <p class='ocr_par' dir='ltr' id='par_1_33' title="bbox 531 3833 3808 3906">
     <span class='ocr_line' id='line_1_33' title="bbox 531 3833 3808 3906; baseline -0.001 -13"><span class='ocrx_word' id='word_1_361' title='bbox 531 3840 650 3894; x_wconf 77' lang='lat' dir='ltr'><strong>auri</strong></span> <span class='ocrx_word' id='word_1_362' title='bbox 681 3849 734 3891; x_wconf 91' lang='lat' dir='ltr'><strong>et</strong></span> <span class='ocrx_word' id='word_1_363' title='bbox 769 3837 976 3906; x_wconf 82' lang='lat' dir='ltr'><strong>argenti</strong></span> <span class='ocrx_word' id='word_1_364' title='bbox 1011 3837 1282 3899; x_wconf 86' lang='lat' dir='ltr'><strong>thesauri,</strong></span> <span class='ocrx_word' id='word_1_365' title='bbox 1311 3836 1502 3906; x_wconf 70' lang='lat' dir='ltr'><strong>ampla:</strong></span> <span class='ocrx_word' id='word_1_366' title='bbox 1533 3839 1930 3906; x_wconf 67' lang='lat' dir='ltr'><strong>possessiones.</strong></span> <span class='ocrx_word' id='word_1_367' title='bbox 1962 3838 2120 3891; x_wconf 90' lang='lat' dir='ltr'><strong>multi</strong></span> <span class='ocrx_word' id='word_1_368' title='bbox 2225 3833 2361 3887; x_wconf 84' lang='lat' dir='ltr'><strong>riam</strong></span> <span class='ocrx_word' id='word_1_369' title='bbox 2398 3834 2710 3888; x_wconf 87' lang='lat' dir='ltr'><strong>concilient.</strong></span> <span class='ocrx_word' id='word_1_370' title='bbox 2749 3833 3016 3890; x_wconf 74' lang='lat' dir='ltr'><strong>Prwsides</strong></span> <span class='ocrx_word' id='word_1_371' title='bbox 3073 3846 3126 3890; x_wconf 92' lang='lat' dir='ltr'><strong>et</strong></span> <span class='ocrx_word' id='word_1_372' title='bbox 3163 3839 3428 3904; x_wconf 71' lang='lat' dir='ltr'><strong>supplicia</strong></span> <span class='ocrx_word' id='word_1_373' title='bbox 3475 3838 3527 3891; x_wconf 90' lang='lat' dir='ltr'><strong>in</strong></span> <span class='ocrx_word' id='word_1_374' title='bbox 3569 3837 3808 3905; x_wconf 83' lang='lat' dir='ltr'><strong>paradisi</strong></span> 
     </span>
    </p>
   </div>
   <div class='ocr_carea' id='block_1_34' title="bbox 525 3926 3806 4003">
    <p class='ocr_par' dir='ltr' id='par_1_34' title="bbox 525 3926 3806 4003">
     <span class='ocr_line' id='line_1_34' title="bbox 525 3926 3806 4003; baseline -0.001 -18"><span class='ocrx_word' id='word_1_375' title='bbox 525 3945 788 4003; x_wconf 79' lang='lat' dir='ltr'><strong>pecorum</strong></span> <span class='ocrx_word' id='word_1_376' title='bbox 822 3944 1034 3998; x_wconf 80' lang='lat' dir='ltr'><strong>greges.</strong></span> <span class='ocrx_word' id='word_1_377' title='bbox 1070 3943 1352 3982; x_wconf 81' lang='lat' dir='ltr'><strong>servorum</strong></span> <span class='ocrx_word' id='word_1_378' title='bbox 1385 3939 1440 3982; x_wconf 88' lang='lat' dir='ltr'><strong>et</strong></span> <span class='ocrx_word' id='word_1_379' title='bbox 1468 3930 1792 3982; x_wconf 88' lang='lat' dir='ltr'><strong>ancillarum</strong></span> <span class='ocrx_word' id='word_1_380' title='bbox 1829 3929 2120 3984; x_wconf 90' lang='lat' dir='ltr'><strong>multitudo</strong></span> <span class='ocrx_word' id='word_1_381' title='bbox 2223 3926 2469 3992; x_wconf 86' lang='lat' dir='ltr'><strong>delicias,</strong></span> <span class='ocrx_word' id='word_1_382' title='bbox 2505 3927 2751 3982; x_wconf 88' lang='lat' dir='ltr'><strong>custodia</strong></span> <span class='ocrx_word' id='word_1_383' title='bbox 2785 3941 2834 3981; x_wconf 83' lang='lat' dir='ltr'><strong>et</strong></span> <span class='ocrx_word' id='word_1_384' title='bbox 2870 3927 3078 3998; x_wconf 83' lang='lat' dir='ltr'><strong>ﬂagella</strong></span> <span class='ocrx_word' id='word_1_385' title='bbox 3126 3929 3180 3982; x_wconf 91' lang='lat' dir='ltr'><strong>in</strong></span> <span class='ocrx_word' id='word_1_386' title='bbox 3241 3930 3444 3984; x_wconf 88' lang='lat' dir='ltr'><strong>Christi</strong></span> <span class='ocrx_word' id='word_1_387' title='bbox 3509 3931 3806 3998; x_wconf 79' lang='lat' dir='ltr'><strong>nuptialem</strong></span> 
     </span>
    </p>
   </div>
   <div class='ocr_carea' id='block_1_35' title="bbox 528 4019 3805 4091">
    <p class='ocr_par' dir='ltr' id='par_1_35' title="bbox 528 4019 3805 4091">
     <span class='ocr_line' id='line_1_35' title="bbox 528 4019 3805 4091; baseline -0.001 -13"><span class='ocrx_word' id='word_1_388' title='bbox 528 4022 974 4086; x_wconf 87' lang='lat' dir='ltr'><strong>innumerabilis,</strong></span> <span class='ocrx_word' id='word_1_389' title='bbox 1003 4022 1168 4074; x_wconf 81' lang='lat' dir='ltr'><strong>vestis</strong></span> <span class='ocrx_word' id='word_1_390' title='bbox 1198 4029 1519 4087; x_wconf 85' lang='lat' dir='ltr'><strong>sumptuosa</strong></span> <span class='ocrx_word' id='word_1_391' title='bbox 1548 4031 1602 4075; x_wconf 90' lang='lat' dir='ltr'><strong>et</strong></span> <span class='ocrx_word' id='word_1_392' title='bbox 1634 4023 1943 4091; x_wconf 78' lang='lat' dir='ltr'><strong>magniﬁca,</strong></span> <span class='ocrx_word' id='word_1_393' title='bbox 1973 4031 2026 4075; x_wconf 89' lang='lat' dir='ltr'><strong>et</strong></span> <span class='ocrx_word' id='word_1_394' title='bbox 2053 4037 2120 4075; x_wconf 80' lang='lat' dir='ltr'><strong>ex</strong></span> <span class='ocrx_word' id='word_1_395' title='bbox 2223 4019 2524 4074; x_wconf 89' lang='lat' dir='ltr'><strong>thalamum</strong></span> <span class='ocrx_word' id='word_1_396' title='bbox 2573 4019 2943 4074; x_wconf 87' lang='lat' dir='ltr'><strong>introducant.</strong></span> <span class='ocrx_word' id='word_1_397' title='bbox 2992 4020 3110 4074; x_wconf 83' lang='lat' dir='ltr'><strong>Non</strong></span> <span class='ocrx_word' id='word_1_398' title='bbox 3157 4020 3336 4075; x_wconf 91' lang='lat' dir='ltr'><strong>solum</strong></span> <span class='ocrx_word' id='word_1_399' title='bbox 3387 4028 3518 4075; x_wconf 91' lang='lat' dir='ltr'><strong>sunt</strong></span> <span class='ocrx_word' id='word_1_400' title='bbox 3560 4021 3805 4076; x_wconf 85' lang='lat' dir='ltr'><strong>virorum</strong></span> 
     </span>
    </p>
   </div>
   <div class='ocr_carea' id='block_1_36' title="bbox 527 4111 3130 4178">
    <p class='ocr_par' dir='ltr' id='par_1_36' title="bbox 527 4111 3130 4178">
     <span class='ocr_line' id='line_1_36' title="bbox 527 4111 3130 4178; baseline -0.003 -7"><span class='ocrx_word' id='word_1_401' title='bbox 527 4131 663 4171; x_wconf 84' lang='lat' dir='ltr'><strong>auro</strong></span> <span class='ocrx_word' id='word_1_402' title='bbox 691 4123 970 4178; x_wconf 80' lang='lat' dir='ltr'><strong>eontexta,</strong></span> <span class='ocrx_word' id='word_1_403' title='bbox 995 4121 1048 4166; x_wconf 89' lang='lat' dir='ltr'><strong>et</strong></span> <span class='ocrx_word' id='word_1_404' title='bbox 1075 4112 1276 4171; x_wconf 88' lang='lat' dir='ltr'><strong>serica,</strong></span> <span class='ocrx_word' id='word_1_405' title='bbox 1305 4113 1544 4167; x_wconf 89' lang='lat' dir='ltr'><strong>mundus</strong></span> <span class='ocrx_word' id='word_1_406' title='bbox 1574 4129 1793 4175; x_wconf 84' lang='lat' dir='ltr'><strong>aureus,</strong></span> <span class='ocrx_word' id='word_1_407' title='bbox 1822 4123 2122 4168; x_wconf 77' lang='lat' dir='ltr'><strong>exornatus</strong></span> <span class='ocrx_word' id='word_1_408' title='bbox 2223 4126 2460 4172; x_wconf 70' lang='lat' dir='ltr'><strong>coronae,</strong></span> <span class='ocrx_word' id='word_1_409' title='bbox 2491 4111 2584 4166; x_wconf 89' lang='lat' dir='ltr'><strong>sed</strong></span> <span class='ocrx_word' id='word_1_410' title='bbox 2615 4112 2780 4165; x_wconf 85' lang='lat' dir='ltr'><strong>etiam</strong></span> <span class='ocrx_word' id='word_1_411' title='bbox 2815 4112 3130 4166; x_wconf 87' lang='lat' dir='ltr'><strong>mulierum.</strong></span> 
     </span>
    </p>
   </div>
   <div class='ocr_carea' id='block_1_37' title="bbox 527 4203 3805 4274">
    <p class='ocr_par' dir='ltr' id='par_1_37' title="bbox 527 4203 3805 4274">
     <span class='ocr_line' id='line_1_37' title="bbox 527 4203 3805 4274; baseline -0.001 -14"><span class='ocrx_word' id='word_1_412' title='bbox 527 4207 675 4260; x_wconf 88' lang='lat' dir='ltr'><strong>omni</strong></span> <span class='ocrx_word' id='word_1_413' title='bbox 709 4217 908 4272; x_wconf 78' lang='lat' dir='ltr'><strong>genere</strong></span> <span class='ocrx_word' id='word_1_414' title='bbox 939 4218 1313 4271; x_wconf 84' lang='lat' dir='ltr'><strong>gemmarum,</strong></span> <span class='ocrx_word' id='word_1_415' title='bbox 1349 4203 1726 4270; x_wconf 81' lang='lat' dir='ltr'><strong>magnitudine</strong></span> <span class='ocrx_word' id='word_1_416' title='bbox 1758 4205 2118 4272; x_wconf 88' lang='lat' dir='ltr'><strong>resplendens</strong></span> <span class='ocrx_word' id='word_1_417' title='bbox 2294 4208 2382 4264; x_wconf 93' lang='lat' dir='ltr'><strong>lll.</strong></span> <span class='ocrx_word' id='word_1_418' title='bbox 2425 4209 2488 4262; x_wconf 88' lang='lat' dir='ltr'><strong>Et</strong></span> <span class='ocrx_word' id='word_1_419' title='bbox 2533 4210 2646 4262; x_wconf 78' lang='lat' dir='ltr'><strong>haec</strong></span> <span class='ocrx_word' id='word_1_420' title='bbox 2686 4207 2896 4272; x_wconf 87' lang='lat' dir='ltr'><strong>dicens,</strong></span> <span class='ocrx_word' id='word_1_421' title='bbox 2937 4211 3131 4262; x_wconf 89' lang='lat' dir='ltr'><strong>orabat</strong></span> <span class='ocrx_word' id='word_1_422' title='bbox 3173 4223 3298 4262; x_wconf 91' lang='lat' dir='ltr'><strong>cum</strong></span> <span class='ocrx_word' id='word_1_423' title='bbox 3344 4206 3600 4274; x_wconf 84' lang='lat' dir='ltr'><strong>lacrymis</strong></span> <span class='ocrx_word' id='word_1_424' title='bbox 3642 4219 3656 4258; x_wconf 93' lang='lat'><strong>:</strong></span> <span class='ocrx_word' id='word_1_425' title='bbox 3701 4205 3805 4258; x_wconf 81' lang='lat' dir='ltr'><strong>Do-</strong></span> 
     </span>
    </p>
   </div>
   <div class='ocr_carea' id='block_1_38' title="bbox 523 4296 3800 4385">
    <p class='ocr_par' dir='ltr' id='par_1_38' title="bbox 523 4296 3800 4385">
     <span class='ocr_line' id='line_1_38' title="bbox 523 4296 3800 4385; baseline -0 -33"><span class='ocrx_word' id='word_1_426' title='bbox 523 4309 578 4354; x_wconf 87' lang='lat' dir='ltr'><strong>et</strong></span> <span class='ocrx_word' id='word_1_427' title='bbox 621 4298 1048 4367; x_wconf 78' lang='lat' dir='ltr'><strong>pulchritudine.</strong></span> <span class='ocrx_word' id='word_1_428' title='bbox 1093 4296 1218 4350; x_wconf 66' lang='lat' dir='ltr'><strong>Haec</strong></span> <span class='ocrx_word' id='word_1_429' title='bbox 1264 4297 1454 4353; x_wconf 82' lang='lat' dir='ltr'><strong>videns</strong></span> <span class='ocrx_word' id='word_1_430' title='bbox 1499 4299 1848 4352; x_wconf 86' lang='lat' dir='ltr'><strong>sanctissima</strong></span> <span class='ocrx_word' id='word_1_431' title='bbox 1891 4299 2114 4368; x_wconf 82' lang='lat' dir='ltr'><strong>Anysia,</strong></span> <span class='ocrx_word' id='word_1_432' title='bbox 2143 4323 2188 4385; x_wconf 64' lang='grc' dir='ltr'>ο</span> <span class='ocrx_word' id='word_1_433' title='bbox 2226 4301 2402 4365; x_wconf 89' lang='lat' dir='ltr'><strong>mine,</strong></span> <span class='ocrx_word' id='word_1_434' title='bbox 2433 4299 2560 4354; x_wconf 82' lang='lat' dir='ltr'><strong>Jesu</strong></span> <span class='ocrx_word' id='word_1_435' title='bbox 2589 4300 2834 4363; x_wconf 82' lang='lat' dir='ltr'><strong>Christe,</strong></span> <span class='ocrx_word' id='word_1_436' title='bbox 2868 4300 2960 4353; x_wconf 85' lang='lat' dir='ltr'><strong>lux</strong></span> <span class='ocrx_word' id='word_1_437' title='bbox 2992 4315 3151 4362; x_wconf 84' lang='lat' dir='ltr'><strong>vera,</strong></span> <span class='ocrx_word' id='word_1_438' title='bbox 3191 4301 3313 4354; x_wconf 79' lang='lat' dir='ltr'><strong>fons</strong></span> <span class='ocrx_word' id='word_1_439' title='bbox 3345 4300 3800 4364; x_wconf 84' lang='lat' dir='ltr'><strong>immortalitatis,</strong></span> 
     </span>
    </p>
   </div>
   <div class='ocr_carea' id='block_1_39' title="bbox 523 4389 3804 4461">
    <p class='ocr_par' dir='ltr' id='par_1_39' title="bbox 523 4389 3804 4461">
     <span class='ocr_line' id='line_1_39' title="bbox 523 4389 3804 4461; baseline -0.001 -16"><span class='ocrx_word' id='word_1_440' title='bbox 523 4392 738 4445; x_wconf 87' lang='lat' dir='ltr'><strong>dicebat</strong></span> <span class='ocrx_word' id='word_1_441' title='bbox 775 4411 789 4446; x_wconf 85' lang='lat'><strong>:</strong></span> <span class='ocrx_word' id='word_1_442' title='bbox 828 4389 1113 4455; x_wconf 87' lang='lat' dir='ltr'><strong>Quomodo</strong></span> <span class='ocrx_word' id='word_1_443' title='bbox 1152 4391 1313 4444; x_wconf 64' lang='lat' dir='ltr'><strong>salvae</strong></span> <span class='ocrx_word' id='word_1_444' title='bbox 1354 4405 1474 4444; x_wconf 86' lang='lat' dir='ltr'><strong>esse</strong></span> <span class='ocrx_word' id='word_1_445' title='bbox 1515 4393 1814 4458; x_wconf 84' lang='lat' dir='ltr'><strong>poterimus</strong></span> <span class='ocrx_word' id='word_1_446' title='bbox 1852 4391 1904 4444; x_wconf 93' lang='lat' dir='ltr'><strong>in</strong></span> <span class='ocrx_word' id='word_1_447' title='bbox 1943 4391 2111 4445; x_wconf 88' lang='lat' dir='ltr'><strong>tantis</strong></span> <span class='ocrx_word' id='word_1_448' title='bbox 2221 4393 2372 4445; x_wconf 83' lang='lat' dir='ltr'><strong>radix</strong></span> <span class='ocrx_word' id='word_1_449' title='bbox 2408 4392 2868 4459; x_wconf 84' lang='lat' dir='ltr'><strong>ineorruptionis,</strong></span> <span class='ocrx_word' id='word_1_450' title='bbox 2901 4391 2993 4461; x_wconf 89' lang='lat' dir='ltr'><strong>qui</strong></span> <span class='ocrx_word' id='word_1_451' title='bbox 3030 4392 3346 4460; x_wconf 82' lang='lat' dir='ltr'><strong>mysterium</strong></span> <span class='ocrx_word' id='word_1_452' title='bbox 3387 4392 3714 4459; x_wconf 73' lang='lat' dir='ltr'><strong>vnrginitatis</strong></span> <span class='ocrx_word' id='word_1_453' title='bbox 3747 4392 3804 4445; x_wconf 86' lang='lat' dir='ltr'><strong>in</strong></span> 
     </span>
    </p>
   </div>
   <div class='ocr_carea' id='block_1_40' title="bbox 524 4475 3880 4551">
    <p class='ocr_par' dir='ltr' id='par_1_40' title="bbox 524 4475 3880 4551">
     <span class='ocr_line' id='line_1_40' title="bbox 524 4475 3880 4551; baseline 0 -17"><span class='ocrx_word' id='word_1_454' title='bbox 524 4479 760 4534; x_wconf 88' lang='lat' dir='ltr'><strong>terrenis</strong></span> <span class='ocrx_word' id='word_1_455' title='bbox 789 4477 996 4546; x_wconf 79' lang='lat' dir='ltr'><strong>cupiis?</strong></span> <span class='ocrx_word' id='word_1_456' title='bbox 1023 4477 1306 4542; x_wconf 88' lang='lat' dir='ltr'><strong>Quomodo</strong></span> <span class='ocrx_word' id='word_1_457' title='bbox 1334 4488 1498 4542; x_wconf 84' lang='lat' dir='ltr'><strong>caput</strong></span> <span class='ocrx_word' id='word_1_458' title='bbox 1528 4479 1781 4532; x_wconf 85' lang='lat' dir='ltr'><strong>draconis</strong></span> <span class='ocrx_word' id='word_1_459' title='bbox 1810 4479 2112 4534; x_wconf 80' lang='lat' dir='ltr'><strong>exuemus?</strong></span> <span class='ocrx_word' id='word_1_460' title='bbox 2219 4493 2374 4538; x_wconf 87' lang='lat' dir='ltr'><strong>utero</strong></span> <span class='ocrx_word' id='word_1_461' title='bbox 2414 4484 2746 4551; x_wconf 83' lang='lat' dir='ltr'><strong>concepisti,</strong></span> <span class='ocrx_word' id='word_1_462' title='bbox 2783 4483 2875 4551; x_wconf 90' lang='lat' dir='ltr'><strong>qui</strong></span> <span class='ocrx_word' id='word_1_463' title='bbox 2914 4487 3103 4537; x_wconf 88' lang='lat' dir='ltr'><strong>matris</strong></span> <span class='ocrx_word' id='word_1_464' title='bbox 3137 4499 3340 4537; x_wconf 89' lang='lat' dir='ltr'><strong>nomen</strong></span> <span class='ocrx_word' id='word_1_465' title='bbox 3378 4485 3521 4535; x_wconf 89' lang='lat' dir='ltr'><strong>nulla</strong></span> <span class='ocrx_word' id='word_1_466' title='bbox 3557 4483 3677 4535; x_wconf 89' lang='lat' dir='ltr'><strong>labe</strong></span> <span class='ocrx_word' id='word_1_467' title='bbox 3712 4483 3801 4535; x_wconf 85' lang='lat' dir='ltr'><strong>in-</strong></span> <span class='ocrx_word' id='word_1_468' title='bbox 3873 4475 3880 4479; x_wconf 68' lang='grc'><em>’</em></span> 
     </span>
    </p>
   </div>
   <div class='ocr_carea' id='block_1_41' title="bbox 525 4569 3799 4644">
    <p class='ocr_par' dir='ltr' id='par_1_41' title="bbox 525 4569 3799 4644">
     <span class='ocr_line' id='line_1_41' title="bbox 525 4569 3799 4644; baseline 0.001 -22"><span class='ocrx_word' id='word_1_469' title='bbox 525 4570 640 4637; x_wconf 83' lang='lat' dir='ltr'><strong>Age</strong></span> <span class='ocrx_word' id='word_1_470' title='bbox 672 4571 934 4622; x_wconf 86' lang='lat' dir='ltr'><strong>adversus</strong></span> <span class='ocrx_word' id='word_1_471' title='bbox 964 4569 1140 4636; x_wconf 90' lang='lat' dir='ltr'><strong>ipsum</strong></span> <span class='ocrx_word' id='word_1_472' title='bbox 1173 4579 1296 4623; x_wconf 91' lang='lat' dir='ltr'><strong>utar</strong></span> <span class='ocrx_word' id='word_1_473' title='bbox 1322 4571 1441 4637; x_wconf 87' lang='lat' dir='ltr'><strong>ejus</strong></span> <span class='ocrx_word' id='word_1_474' title='bbox 1469 4572 1798 4626; x_wconf 85' lang='lat' dir='ltr'><strong>inventione.</strong></span> <span class='ocrx_word' id='word_1_475' title='bbox 1830 4572 1923 4624; x_wconf 83' lang='lat' dir='ltr'><strong>llle</strong></span> <span class='ocrx_word' id='word_1_476' title='bbox 1951 4581 2110 4642; x_wconf 88' lang='lat' dir='ltr'><strong>quot-</strong></span> <span class='ocrx_word' id='word_1_477' title='bbox 2217 4576 2500 4644; x_wconf 90' lang='lat' dir='ltr'><strong>quinatum</strong></span> <span class='ocrx_word' id='word_1_478' title='bbox 2530 4576 2863 4637; x_wconf 86' lang='lat' dir='ltr'><strong>custodiisti,</strong></span> <span class='ocrx_word' id='word_1_479' title='bbox 2898 4577 3036 4630; x_wconf 89' lang='lat' dir='ltr'><strong>bone</strong></span> <span class='ocrx_word' id='word_1_480' title='bbox 3071 4575 3321 4639; x_wconf 88' lang='lat' dir='ltr'><strong>Domine,</strong></span> <span class='ocrx_word' id='word_1_481' title='bbox 3355 4587 3550 4644; x_wconf 68' lang='lat' dir='ltr'><strong>praasm</strong></span> <span class='ocrx_word' id='word_1_482' title='bbox 3587 4589 3654 4627; x_wconf 91' lang='lat' dir='ltr'><strong>nc.</strong></span> <span class='ocrx_word' id='word_1_483' title='bbox 3684 4575 3799 4627; x_wconf 83' lang='lat' dir='ltr'><strong>vir-</strong></span> 
     </span>
    </p>
   </div>
   <div class='ocr_carea' id='block_1_42' title="bbox 522 4662 3799 4736">
    <p class='ocr_par' dir='ltr' id='par_1_42' title="bbox 522 4662 3799 4736">
     <span class='ocr_line' id='line_1_42' title="bbox 522 4662 3799 4736; baseline 0.001 -22"><span class='ocrx_word' id='word_1_484' title='bbox 522 4662 687 4714; x_wconf 84' lang='lat' dir='ltr'><strong>annis</strong></span> <span class='ocrx_word' id='word_1_485' title='bbox 739 4675 798 4713; x_wconf 87' lang='lat' dir='ltr'><strong>se</strong></span> <span class='ocrx_word' id='word_1_486' title='bbox 845 4676 1076 4721; x_wconf 82' lang='lat' dir='ltr'><strong>exuens.</strong></span> <span class='ocrx_word' id='word_1_487' title='bbox 1131 4674 1460 4726; x_wconf 78' lang='lat' dir='ltr'><strong>renovatur;</strong></span> <span class='ocrx_word' id='word_1_488' title='bbox 1511 4679 1778 4716; x_wconf 77' lang='lat' dir='ltr'><strong>exuamus</strong></span> <span class='ocrx_word' id='word_1_489' title='bbox 1827 4681 1957 4734; x_wconf 83' lang='lat' dir='ltr'><strong>ergo</strong></span> <span class='ocrx_word' id='word_1_490' title='bbox 2008 4681 2106 4720; x_wconf 87' lang='lat' dir='ltr'><strong>nos</strong></span> <span class='ocrx_word' id='word_1_491' title='bbox 2216 4667 2400 4736; x_wconf 86' lang='lat' dir='ltr'><strong>ginum</strong></span> <span class='ocrx_word' id='word_1_492' title='bbox 2434 4669 2660 4721; x_wconf 86' lang='lat' dir='ltr'><strong>chorum</strong></span> <span class='ocrx_word' id='word_1_493' title='bbox 2692 4667 2973 4732; x_wconf 79' lang='lat' dir='ltr'><strong>deseram,</strong></span> <span class='ocrx_word' id='word_1_494' title='bbox 3011 4683 3077 4721; x_wconf 91' lang='lat' dir='ltr'><strong>ne</strong></span> <span class='ocrx_word' id='word_1_495' title='bbox 3105 4668 3367 4720; x_wconf 79' lang='lat' dir='ltr'><strong>excludar</strong></span> <span class='ocrx_word' id='word_1_496' title='bbox 3398 4667 3669 4726; x_wconf 87' lang='lat' dir='ltr'><strong>thalamo,</strong></span> <span class='ocrx_word' id='word_1_497' title='bbox 3704 4667 3799 4719; x_wconf 85' lang='lat' dir='ltr'><strong>sed</strong></span> 
     </span>
    </p>
   </div>
   <div class='ocr_carea' id='block_1_43' title="bbox 523 4753 3798 4827">
    <p class='ocr_par' dir='ltr' id='par_1_43' title="bbox 523 4753 3798 4827">
     <span class='ocr_line' id='line_1_43' title="bbox 523 4753 3798 4827; baseline 0.002 -22"><span class='ocrx_word' id='word_1_498' title='bbox 523 4767 745 4820; x_wconf 88' lang='lat' dir='ltr'><strong>quoque</strong></span> <span class='ocrx_word' id='word_1_499' title='bbox 780 4753 958 4806; x_wconf 87' lang='lat' dir='ltr'><strong>varias</strong></span> <span class='ocrx_word' id='word_1_500' title='bbox 991 4753 1233 4808; x_wconf 85' lang='lat' dir='ltr'><strong>divitias.</strong></span> <span class='ocrx_word' id='word_1_501' title='bbox 1269 4753 1358 4808; x_wconf 73' lang='lat' dir='ltr'><strong>Ec</strong></span> <span class='ocrx_word' id='word_1_502' title='bbox 1389 4756 1534 4808; x_wconf 90' lang='lat' dir='ltr'><strong>enim</strong></span> <span class='ocrx_word' id='word_1_503' title='bbox 1568 4756 1769 4809; x_wconf 71' lang='lat' dir='ltr'><strong>tlivitize</strong></span> <span class='ocrx_word' id='word_1_504' title='bbox 1801 4758 1972 4825; x_wconf 84' lang='lat' dir='ltr'><strong>magis</strong></span> <span class='ocrx_word' id='word_1_505' title='bbox 2004 4775 2104 4827; x_wconf 89' lang='lat' dir='ltr'><strong>pu-</strong></span> <span class='ocrx_word' id='word_1_506' title='bbox 2215 4776 2301 4813; x_wconf 91' lang='lat' dir='ltr'><strong>me</strong></span> <span class='ocrx_word' id='word_1_507' title='bbox 2335 4760 2478 4813; x_wconf 76' lang='lat' dir='ltr'><strong>refer</strong></span> <span class='ocrx_word' id='word_1_508' title='bbox 2511 4761 2563 4812; x_wconf 93' lang='lat' dir='ltr'><strong>in</strong></span> <span class='ocrx_word' id='word_1_509' title='bbox 2602 4776 2888 4813; x_wconf 88' lang='lat' dir='ltr'><strong>numerum</strong></span> <span class='ocrx_word' id='word_1_510' title='bbox 2922 4760 3193 4827; x_wconf 82' lang='lat' dir='ltr'><strong>virginum</strong></span> <span class='ocrx_word' id='word_1_511' title='bbox 3230 4761 3556 4827; x_wconf 87' lang='lat' dir='ltr'><strong>prudentum</strong></span> <span class='ocrx_word' id='word_1_512' title='bbox 3582 4801 3595 4823; x_wconf 92' lang='lat'><strong>,</strong></span> <span class='ocrx_word' id='word_1_513' title='bbox 3627 4767 3680 4811; x_wconf 90' lang='lat' dir='ltr'><strong>et</strong></span> <span class='ocrx_word' id='word_1_514' title='bbox 3711 4759 3798 4812; x_wconf 85' lang='lat' dir='ltr'><strong>di-</strong></span> 
     </span>
    </p>
   </div>
   <div class='ocr_carea' id='block_1_44' title="bbox 521 4844 3795 4927">
    <p class='ocr_par' dir='ltr' id='par_1_44' title="bbox 521 4844 3795 4927">
     <span class='ocr_line' id='line_1_44' title="bbox 521 4844 3795 4927; baseline 0.002 -30"><span class='ocrx_word' id='word_1_515' title='bbox 521 4844 684 4898; x_wconf 80' lang='lat' dir='ltr'><strong>ltiuu&#39;.</strong></span> <span class='ocrx_word' id='word_1_516' title='bbox 713 4861 806 4898; x_wconf 87' lang='lat' dir='ltr'><strong>eos</strong></span> <span class='ocrx_word' id='word_1_517' title='bbox 840 4848 931 4915; x_wconf 90' lang='lat' dir='ltr'><strong>qui</strong></span> <span class='ocrx_word' id='word_1_518' title='bbox 966 4846 1070 4899; x_wconf 88' lang='lat' dir='ltr'><strong>illis</strong></span> <span class='ocrx_word' id='word_1_519' title='bbox 1105 4846 1242 4900; x_wconf 90' lang='lat' dir='ltr'><strong>male</strong></span> <span class='ocrx_word' id='word_1_520' title='bbox 1274 4856 1536 4910; x_wconf 87' lang='lat' dir='ltr'><strong>utuntur;</strong></span> <span class='ocrx_word' id='word_1_521' title='bbox 1571 4863 1685 4913; x_wconf 89' lang='lat' dir='ltr'><strong>eos,</strong></span> <span class='ocrx_word' id='word_1_522' title='bbox 1715 4848 1806 4916; x_wconf 90' lang='lat' dir='ltr'><strong>qui</strong></span> <span class='ocrx_word' id='word_1_523' title='bbox 1839 4850 1983 4919; x_wconf 85' lang='lat' dir='ltr'><strong>ipsas</strong></span> <span class='ocrx_word' id='word_1_524' title='bbox 2015 4867 2106 4906; x_wconf 81' lang='lat' dir='ltr'><strong>ac-</strong></span> <span class='ocrx_word' id='word_1_525' title='bbox 2215 4867 2382 4919; x_wconf 86' lang='lat' dir='ltr'><strong>gnare</strong></span> <span class='ocrx_word' id='word_1_526' title='bbox 2412 4850 2856 4916; x_wconf 85' lang='lat' dir='ltr'><strong>me,Domine,ut</strong></span> <span class='ocrx_word' id='word_1_527' title='bbox 2890 4853 3195 4919; x_wconf 86' lang='lat' dir='ltr'><strong>lampadem</strong></span> <span class='ocrx_word' id='word_1_528' title='bbox 3231 4851 3431 4913; x_wconf 81' lang='lat' dir='ltr'><strong>ferens,</strong></span> <span class='ocrx_word' id='word_1_529' title='bbox 3464 4852 3640 4927; x_wconf 74' lang='lat' dir='ltr'><strong>victis,</strong></span> <span class='ocrx_word' id='word_1_530' title='bbox 3671 4865 3795 4918; x_wconf 67' lang='lat' dir='ltr'><strong>quae</strong></span> 
     </span>
    </p>
   </div>
   <div class='ocr_carea' id='block_1_45' title="bbox 523 4936 3798 5012">
    <p class='ocr_par' dir='ltr' id='par_1_45' title="bbox 523 4936 3798 5012">
     <span class='ocr_line' id='line_1_45' title="bbox 523 4936 3798 5012; baseline 0.002 -24"><span class='ocrx_word' id='word_1_531' title='bbox 523 4936 975 4997; x_wconf 85' lang='lat' dir='ltr'><strong>cumulaverunt,</strong></span> <span class='ocrx_word' id='word_1_532' title='bbox 1004 4936 1237 4988; x_wconf 85' lang='lat' dir='ltr'><strong>multant</strong></span> <span class='ocrx_word' id='word_1_533' title='bbox 1266 4937 1414 4989; x_wconf 86' lang='lat' dir='ltr'><strong>rabie</strong></span> <span class='ocrx_word' id='word_1_534' title='bbox 1447 4936 1832 4992; x_wconf 68' lang='lat' dir='ltr'><strong>in&#39;nncdieahili</strong></span> <span class='ocrx_word' id='word_1_535' title='bbox 1865 4957 1879 4995; x_wconf 89' lang='lat'>:</span> <span class='ocrx_word' id='word_1_536' title='bbox 1911 4957 2103 5008; x_wconf 88' lang='lat' dir='ltr'><strong>parcos</strong></span> <span class='ocrx_word' id='word_1_537' title='bbox 2214 4943 2488 5011; x_wconf 89' lang='lat' dir='ltr'><strong>inquinari</strong></span> <span class='ocrx_word' id='word_1_538' title='bbox 2538 4953 2838 5011; x_wconf 87' lang='lat' dir='ltr'><strong>nequeunt,</strong></span> <span class='ocrx_word' id='word_1_539' title='bbox 2886 4944 3282 4998; x_wconf 85' lang='lat' dir='ltr'><strong>certaminibus</strong></span> <span class='ocrx_word' id='word_1_540' title='bbox 3329 4944 3620 5012; x_wconf 83' lang='lat' dir='ltr'><strong>gloriﬁcer.</strong></span> <span class='ocrx_word' id='word_1_541' title='bbox 3669 4940 3798 4995; x_wconf 58' lang='lat' dir='ltr'><strong>Hice</strong></span> 
     </span>
    </p>
   </div>
   <div class='ocr_carea' id='block_1_46' title="bbox 519 5026 3796 5107">
    <p class='ocr_par' dir='ltr' id='par_1_46' title="bbox 519 5026 3796 5107">
     <span class='ocr_line' id='line_1_46' title="bbox 519 5026 3796 5107; baseline 0.003 -27"><span class='ocrx_word' id='word_1_542' title='bbox 519 5036 705 5080; x_wconf 81' lang='lat' dir='ltr'><strong>autem</strong></span> <span class='ocrx_word' id='word_1_543' title='bbox 748 5036 801 5080; x_wconf 90' lang='lat' dir='ltr'><strong>et</strong></span> <span class='ocrx_word' id='word_1_544' title='bbox 841 5026 1131 5081; x_wconf 85' lang='lat' dir='ltr'><strong>illiberales</strong></span> <span class='ocrx_word' id='word_1_545' title='bbox 1174 5027 1290 5081; x_wconf 90' lang='lat' dir='ltr'><strong>suis</strong></span> <span class='ocrx_word' id='word_1_546' title='bbox 1333 5028 1542 5096; x_wconf 85' lang='lat' dir='ltr'><strong>laqueis</strong></span> <span class='ocrx_word' id='word_1_547' title='bbox 1577 5037 1630 5082; x_wconf 90' lang='lat' dir='ltr'><strong>et</strong></span> <span class='ocrx_word' id='word_1_548' title='bbox 1666 5031 1872 5084; x_wconf 87' lang='lat' dir='ltr'><strong>retibus</strong></span> <span class='ocrx_word' id='word_1_549' title='bbox 1918 5033 2102 5102; x_wconf 88' lang='lat' dir='ltr'><strong>impli-</strong></span> <span class='ocrx_word' id='word_1_550' title='bbox 2211 5051 2334 5089; x_wconf 88' lang='lat' dir='ltr'><strong>cum</strong></span> <span class='ocrx_word' id='word_1_551' title='bbox 2367 5036 2593 5090; x_wconf 83' lang='lat' dir='ltr'><strong>dixisset</strong></span> <span class='ocrx_word' id='word_1_552' title='bbox 2622 5037 2970 5091; x_wconf 88' lang='lat' dir='ltr'><strong>sanctissima</strong></span> <span class='ocrx_word' id='word_1_553' title='bbox 2997 5037 3200 5107; x_wconf 83' lang='lat' dir='ltr'><strong>Anysia</strong></span> <span class='ocrx_word' id='word_1_554' title='bbox 3223 5079 3236 5102; x_wconf 93' lang='lat'><strong>,</strong></span> <span class='ocrx_word' id='word_1_555' title='bbox 3271 5046 3453 5092; x_wconf 83' lang='lat' dir='ltr'><strong>statim</strong></span> <span class='ocrx_word' id='word_1_556' title='bbox 3485 5037 3664 5090; x_wconf 86' lang='lat' dir='ltr'><strong>omnia</strong></span> <span class='ocrx_word' id='word_1_557' title='bbox 3696 5052 3796 5091; x_wconf 79' lang='lat' dir='ltr'><strong>ve-</strong></span> 
     </span>
    </p>
   </div>
   <div class='ocr_carea' id='block_1_47' title="bbox 519 5118 3796 5197">
    <p class='ocr_par' dir='ltr' id='par_1_47' title="bbox 519 5118 3796 5197">
     <span class='ocr_line' id='line_1_47' title="bbox 519 5118 3796 5197; baseline 0.003 -27"><span class='ocrx_word' id='word_1_558' title='bbox 519 5124 666 5170; x_wconf 90' lang='lat' dir='ltr'><strong>cant.</strong></span> <span class='ocrx_word' id='word_1_559' title='bbox 714 5119 981 5186; x_wconf 84' lang='lat' dir='ltr'><strong>Agrorum</strong></span> <span class='ocrx_word' id='word_1_560' title='bbox 1029 5118 1308 5186; x_wconf 83' lang='lat' dir='ltr'><strong>possessio</strong></span> <span class='ocrx_word' id='word_1_561' title='bbox 1353 5121 1598 5188; x_wconf 81' lang='lat' dir='ltr'><strong>suggerit</strong></span> <span class='ocrx_word' id='word_1_562' title='bbox 1643 5121 2098 5192; x_wconf 83' lang='lat' dir='ltr'><strong>indignationem,</strong></span> <span class='ocrx_word' id='word_1_563' title='bbox 2212 5127 2515 5189; x_wconf 88' lang='lat' dir='ltr'><strong>numdedit,</strong></span> <span class='ocrx_word' id='word_1_564' title='bbox 2538 5143 2641 5180; x_wconf 89' lang='lat' dir='ltr'><strong>non</strong></span> <span class='ocrx_word' id='word_1_565' title='bbox 2673 5129 2806 5181; x_wconf 86' lang='lat' dir='ltr'><strong>tanti</strong></span> <span class='ocrx_word' id='word_1_566' title='bbox 2838 5129 3025 5197; x_wconf 86' lang='lat' dir='ltr'><strong>quanti</strong></span> <span class='ocrx_word' id='word_1_567' title='bbox 3055 5138 3172 5182; x_wconf 91' lang='lat' dir='ltr'><strong>erat</strong></span> <span class='ocrx_word' id='word_1_568' title='bbox 3201 5127 3662 5196; x_wconf 79' lang='lat' dir='ltr'><strong>unumquodque,</strong></span> <span class='ocrx_word' id='word_1_569' title='bbox 3691 5142 3796 5181; x_wconf 88' lang='lat' dir='ltr'><strong>nec</strong></span> 
     </span>
    </p>
   </div>
   <div class='ocr_carea' id='block_1_48' title="bbox 517 5206 3789 5290">
    <p class='ocr_par' dir='ltr' id='par_1_48' title="bbox 517 5206 3789 5290">
     <span class='ocr_line' id='line_1_48' title="bbox 517 5206 3789 5290; baseline 0.004 -30"><span class='ocrx_word' id='word_1_570' title='bbox 517 5213 576 5261; x_wconf 81' lang='lat' dir='ltr'><strong>et</strong></span> <span class='ocrx_word' id='word_1_571' title='bbox 610 5206 830 5261; x_wconf 82' lang='lat' dir='ltr'><strong>inﬁdam</strong></span> <span class='ocrx_word' id='word_1_572' title='bbox 867 5207 1211 5277; x_wconf 87' lang='lat' dir='ltr'><strong>vectigalium</strong></span> <span class='ocrx_word' id='word_1_573' title='bbox 1249 5208 1625 5274; x_wconf 79' lang='lat' dir='ltr'><strong>exactionem,</strong></span> <span class='ocrx_word' id='word_1_574' title='bbox 1663 5213 1945 5282; x_wconf 79' lang='lat' dir='ltr'><strong>proferens</strong></span> <span class='ocrx_word' id='word_1_575' title='bbox 1981 5224 2100 5270; x_wconf 89' lang='lat' dir='ltr'><strong>tru-</strong></span> <span class='ocrx_word' id='word_1_576' title='bbox 2213 5227 2270 5270; x_wconf 91' lang='lat' dir='ltr'><strong>ut</strong></span> <span class='ocrx_word' id='word_1_577' title='bbox 2298 5219 2436 5273; x_wconf 90' lang='lat' dir='ltr'><strong>solet</strong></span> <span class='ocrx_word' id='word_1_578' title='bbox 2465 5221 2580 5273; x_wconf 90' lang='lat' dir='ltr'><strong>lieri</strong></span> <span class='ocrx_word' id='word_1_579' title='bbox 2614 5225 2666 5274; x_wconf 92' lang='lat' dir='ltr'><strong>in</strong></span> <span class='ocrx_word' id='word_1_580' title='bbox 2694 5222 3087 5284; x_wconf 81' lang='lat' dir='ltr'><strong>contractibus,</strong></span> <span class='ocrx_word' id='word_1_581' title='bbox 3115 5222 3388 5290; x_wconf 78' lang='lat' dir='ltr'><strong>exquisite</strong></span> <span class='ocrx_word' id='word_1_582' title='bbox 3417 5221 3744 5275; x_wconf 82' lang='lat' dir='ltr'><strong>examinans</strong></span> <span class='ocrx_word' id='word_1_583' title='bbox 3775 5238 3789 5274; x_wconf 91' lang='lat'><strong>:</strong></span> 
     </span>
    </p>
   </div>
   <div class='ocr_carea' id='block_1_49' title="bbox 519 5299 3790 5383">
    <p class='ocr_par' dir='ltr' id='par_1_49' title="bbox 519 5299 3790 5383">
     <span class='ocr_line' id='line_1_49' title="bbox 519 5299 3790 5383; baseline 0.005 -31"><span class='ocrx_word' id='word_1_584' title='bbox 519 5299 664 5353; x_wconf 81' lang='lat' dir='ltr'><strong>tinas</strong></span> <span class='ocrx_word' id='word_1_585' title='bbox 693 5299 860 5354; x_wconf 77' lang='lat' dir='ltr'><strong>falsas</strong></span> <span class='ocrx_word' id='word_1_586' title='bbox 891 5309 948 5355; x_wconf 90' lang='lat' dir='ltr'><strong>et</strong></span> <span class='ocrx_word' id='word_1_587' title='bbox 980 5301 1115 5355; x_wconf 77' lang='lat' dir='ltr'><strong>falsa</strong></span> <span class='ocrx_word' id='word_1_588' title='bbox 1151 5301 1410 5370; x_wconf 84' lang='lat' dir='ltr'><strong>pondera.</strong></span> <span class='ocrx_word' id='word_1_589' title='bbox 1445 5301 1632 5359; x_wconf 83' lang='lat' dir='ltr'><strong>Vestes</strong></span> <span class='ocrx_word' id='word_1_590' title='bbox 1662 5305 1857 5361; x_wconf 89' lang='lat' dir='ltr'><strong>docent</strong></span> <span class='ocrx_word' id='word_1_591' title='bbox 1888 5323 1948 5363; x_wconf 89' lang='lat' dir='ltr'><strong>se</strong></span> <span class='ocrx_word' id='word_1_592' title='bbox 1979 5325 2101 5376; x_wconf 86' lang='lat' dir='ltr'><strong>per-</strong></span> <span class='ocrx_word' id='word_1_593' title='bbox 2209 5314 2302 5363; x_wconf 89' lang='lat' dir='ltr'><strong>sed</strong></span> <span class='ocrx_word' id='word_1_594' title='bbox 2346 5312 2449 5366; x_wconf 92' lang='lat' dir='ltr'><strong>hoc</strong></span> <span class='ocrx_word' id='word_1_595' title='bbox 2487 5313 2662 5366; x_wconf 87' lang='lat' dir='ltr'><strong>solum</strong></span> <span class='ocrx_word' id='word_1_596' title='bbox 2705 5315 2919 5367; x_wconf 87' lang='lat' dir='ltr'><strong>dicebat</strong></span> <span class='ocrx_word' id='word_1_597' title='bbox 2955 5315 3183 5383; x_wconf 88' lang='lat' dir='ltr'><strong>emptori</strong></span> <span class='ocrx_word' id='word_1_598' title='bbox 3225 5330 3239 5367; x_wconf 91' lang='lat'><strong>:</strong></span> <span class='ocrx_word' id='word_1_599' title='bbox 3283 5314 3374 5367; x_wconf 86' lang='lat' dir='ltr'><strong>Est</strong></span> <span class='ocrx_word' id='word_1_600' title='bbox 3412 5316 3790 5367; x_wconf 88' lang='lat' dir='ltr'><strong>mendicorum</strong></span> 
     </span>
    </p>
   </div>
   <div class='ocr_carea' id='block_1_50' title="bbox 519 5393 3796 5475">
    <p class='ocr_par' dir='ltr' id='par_1_50' title="bbox 519 5393 3796 5475">
     <span class='ocr_line' id='line_1_50' title="bbox 519 5393 3796 5475; baseline 0.005 -33"><span class='ocrx_word' id='word_1_601' title='bbox 519 5404 704 5460; x_wconf 87' lang='lat' dir='ltr'><strong>peram</strong></span> <span class='ocrx_word' id='word_1_602' title='bbox 737 5402 790 5443; x_wconf 89' lang='lat' dir='ltr'><strong>et</strong></span> <span class='ocrx_word' id='word_1_603' title='bbox 821 5393 1069 5462; x_wconf 90' lang='lat' dir='ltr'><strong>nequiter</strong></span> <span class='ocrx_word' id='word_1_604' title='bbox 1095 5407 1307 5462; x_wconf 88' lang='lat' dir='ltr'><strong>gerere,</strong></span> <span class='ocrx_word' id='word_1_605' title='bbox 1336 5396 1646 5466; x_wconf 83' lang='lat' dir='ltr'><strong>resolvique</strong></span> <span class='ocrx_word' id='word_1_606' title='bbox 1672 5408 1724 5451; x_wconf 88' lang='lat' dir='ltr'><strong>et</strong></span> <span class='ocrx_word' id='word_1_607' title='bbox 1751 5397 1980 5453; x_wconf 70' lang='lat' dir='ltr'><strong>diffundi</strong></span> <span class='ocrx_word' id='word_1_608' title='bbox 2009 5401 2098 5454; x_wconf 87' lang='lat' dir='ltr'><strong>dc-</strong></span> <span class='ocrx_word' id='word_1_609' title='bbox 2206 5412 2259 5455; x_wconf 86' lang='lat' dir='ltr'><strong>et</strong></span> <span class='ocrx_word' id='word_1_610' title='bbox 2289 5418 2619 5473; x_wconf 84' lang='lat' dir='ltr'><strong>egenorum;</strong></span> <span class='ocrx_word' id='word_1_611' title='bbox 2652 5407 2716 5459; x_wconf 89' lang='lat' dir='ltr'><strong>da</strong></span> <span class='ocrx_word' id='word_1_612' title='bbox 2748 5405 2958 5475; x_wconf 86' lang='lat' dir='ltr'><strong>justum</strong></span> <span class='ocrx_word' id='word_1_613' title='bbox 2990 5408 3246 5474; x_wconf 88' lang='lat' dir='ltr'><strong>pretium,</strong></span> <span class='ocrx_word' id='word_1_614' title='bbox 3283 5412 3343 5458; x_wconf 93' lang='lat' dir='ltr'><strong>ut</strong></span> <span class='ocrx_word' id='word_1_615' title='bbox 3372 5405 3536 5459; x_wconf 77' lang='lat' dir='ltr'><strong>simul</strong></span> <span class='ocrx_word' id='word_1_616' title='bbox 3569 5418 3796 5474; x_wconf 81' lang='lat' dir='ltr'><strong>quoque</strong></span> 
     </span>
    </p>
   </div>
   <div class='ocr_carea' id='block_1_51' title="bbox 515 5479 3792 5565">
    <p class='ocr_par' dir='ltr' id='par_1_51' title="bbox 515 5479 3792 5565">
     <span class='ocr_line' id='line_1_51' title="bbox 515 5479 3792 5565; baseline 0.006 -31"><span class='ocrx_word' id='word_1_617' title='bbox 515 5479 676 5536; x_wconf 84' lang='lat' dir='ltr'><strong>liciis.</strong></span> <span class='ocrx_word' id='word_1_618' title='bbox 700 5479 947 5553; x_wconf 83' lang='lat' dir='ltr'><strong>Torques</strong></span> <span class='ocrx_word' id='word_1_619' title='bbox 969 5494 1021 5539; x_wconf 90' lang='lat' dir='ltr'><strong>et</strong></span> <span class='ocrx_word' id='word_1_620' title='bbox 1048 5486 1271 5540; x_wconf 90' lang='lat' dir='ltr'><strong>monilia</strong></span> <span class='ocrx_word' id='word_1_621' title='bbox 1295 5485 1555 5552; x_wconf 78' lang='lat' dir='ltr'><strong>efﬁciunt,</strong></span> <span class='ocrx_word' id='word_1_622' title='bbox 1581 5491 1837 5544; x_wconf 79' lang='lat' dir='ltr'><strong>ntcervix</strong></span> <span class='ocrx_word' id='word_1_623' title='bbox 1865 5493 2098 5562; x_wconf 86' lang='lat' dir='ltr'><strong>superbe</strong></span> <span class='ocrx_word' id='word_1_624' title='bbox 2205 5497 2442 5565; x_wconf 83' lang='lat' dir='ltr'><strong>aliquant</strong></span> <span class='ocrx_word' id='word_1_625' title='bbox 2492 5499 2588 5554; x_wconf 89' lang='lat' dir='ltr'><strong>tibi</strong></span> <span class='ocrx_word' id='word_1_626' title='bbox 2633 5499 2830 5556; x_wconf 83' lang='lat' dir='ltr'><strong>oﬂ&#39;eras</strong></span> <span class='ocrx_word' id='word_1_627' title='bbox 2872 5501 3177 5555; x_wconf 87' lang='lat' dir='ltr'><strong>mercedem</strong></span> <span class='ocrx_word' id='word_1_628' title='bbox 3221 5515 3432 5560; x_wconf 86' lang='lat' dir='ltr'><strong>emeus.</strong></span> <span class='ocrx_word' id='word_1_629' title='bbox 3472 5507 3528 5554; x_wconf 93' lang='lat' dir='ltr'><strong>et</strong></span> <span class='ocrx_word' id='word_1_630' title='bbox 3564 5497 3792 5554; x_wconf 78' lang='lat' dir='ltr'><strong>eﬂectus</strong></span> 
     </span>
    </p>
   </div>
   <div class='ocr_carea' id='block_1_52' title="bbox 514 5570 3795 5661">
    <p class='ocr_par' dir='ltr' id='par_1_52' title="bbox 514 5570 3795 5661">
     <span class='ocr_line' id='line_1_52' title="bbox 514 5570 3795 5661; baseline 0.006 -38"><span class='ocrx_word' id='word_1_631' title='bbox 514 5570 778 5661; x_wconf 71' lang='lat' dir='ltr'><strong>erigatur,</strong></span> <span class='ocrx_word' id='word_1_632' title='bbox 815 5582 870 5628; x_wconf 90' lang='lat' dir='ltr'><strong>et</strong></span> <span class='ocrx_word' id='word_1_633' title='bbox 910 5583 967 5629; x_wconf 91' lang='lat' dir='ltr'><strong>ut</strong></span> <span class='ocrx_word' id='word_1_634' title='bbox 1005 5591 1126 5646; x_wconf 73' lang='lat' dir='ltr'><strong>qua:</strong></span> <span class='ocrx_word' id='word_1_635' title='bbox 1161 5577 1415 5634; x_wconf 86' lang='lat' dir='ltr'><strong>laudibus</strong></span> <span class='ocrx_word' id='word_1_636' title='bbox 1451 5581 1704 5646; x_wconf 89' lang='lat' dir='ltr'><strong>trahitur,</strong></span> <span class='ocrx_word' id='word_1_637' title='bbox 1741 5581 1909 5637; x_wconf 89' lang='lat' dir='ltr'><strong>videri</strong></span> <span class='ocrx_word' id='word_1_638' title='bbox 1945 5584 2097 5638; x_wconf 89' lang='lat' dir='ltr'><strong>desi-</strong></span> <span class='ocrx_word' id='word_1_639' title='bbox 2201 5588 2384 5657; x_wconf 75' lang='lat' dir='ltr'><strong>jusrus</strong></span> <span class='ocrx_word' id='word_1_640' title='bbox 2425 5590 2703 5647; x_wconf 91' lang='lat' dir='ltr'><strong>dominus.</strong></span> <span class='ocrx_word' id='word_1_641' title='bbox 2731 5591 2856 5647; x_wconf 71' lang='lat' dir='ltr'><strong>Haec</strong></span> <span class='ocrx_word' id='word_1_642' title='bbox 2883 5603 3066 5647; x_wconf 88' lang='lat' dir='ltr'><strong>autem</strong></span> <span class='ocrx_word' id='word_1_643' title='bbox 3098 5593 3334 5656; x_wconf 87' lang='lat' dir='ltr'><strong>dicebat,</strong></span> <span class='ocrx_word' id='word_1_644' title='bbox 3369 5608 3476 5646; x_wconf 89' lang='lat' dir='ltr'><strong>non</strong></span> <span class='ocrx_word' id='word_1_645' title='bbox 3505 5593 3649 5661; x_wconf 91' lang='lat' dir='ltr'><strong>quod</strong></span> <span class='ocrx_word' id='word_1_646' title='bbox 3681 5592 3795 5646; x_wconf 83' lang='lat' dir='ltr'><strong>vei-</strong></span> 
     </span>
    </p>
   </div>
   <div class='ocr_carea' id='block_1_53' title="bbox 514 5659 3794 5757">
    <p class='ocr_par' dir='ltr' id='par_1_53' title="bbox 514 5659 3794 5757">
     <span class='ocr_line' id='line_1_53' title="bbox 514 5659 3794 5757; baseline 0.007 -42"><span class='ocrx_word' id='word_1_647' title='bbox 514 5659 694 5717; x_wconf 85' lang='lat' dir='ltr'><strong>deres.</strong></span> <span class='ocrx_word' id='word_1_648' title='bbox 735 5663 846 5735; x_wconf 78' lang='lat' dir='ltr'><strong>Age</strong></span> <span class='ocrx_word' id='word_1_649' title='bbox 889 5680 1021 5735; x_wconf 85' lang='lat' dir='ltr'><strong>ergo</strong></span> <span class='ocrx_word' id='word_1_650' title='bbox 1063 5669 1169 5737; x_wconf 84' lang='lat' dir='ltr'><strong>piis</strong></span> <span class='ocrx_word' id='word_1_651' title='bbox 1215 5671 1302 5740; x_wconf 87' lang='lat' dir='ltr'><strong>pie</strong></span> <span class='ocrx_word' id='word_1_652' title='bbox 1347 5682 1583 5738; x_wconf 75' lang='lat' dir='ltr'><strong>utamur,</strong></span> <span class='ocrx_word' id='word_1_653' title='bbox 1638 5673 1798 5730; x_wconf 83' lang='lat' dir='ltr'><strong>beato</strong></span> <span class='ocrx_word' id='word_1_654' title='bbox 1841 5674 2096 5733; x_wconf 68' lang='lat' dir='ltr'><strong>Matthmo</strong></span> <span class='ocrx_word' id='word_1_655' title='bbox 2127 5681 2176 5742; x_wconf 79' lang='grc' dir='ltr'><strong><em>υ</em></strong></span> <span class='ocrx_word' id='word_1_656' title='bbox 2203 5683 2275 5736; x_wconf 89' lang='lat' dir='ltr'><strong>let</strong></span> <span class='ocrx_word' id='word_1_657' title='bbox 2303 5682 2724 5754; x_wconf 87' lang='lat' dir='ltr'><strong>multiplicatum</strong></span> <span class='ocrx_word' id='word_1_658' title='bbox 2754 5685 3001 5755; x_wconf 87' lang='lat' dir='ltr'><strong>accipere</strong></span> <span class='ocrx_word' id='word_1_659' title='bbox 3027 5687 3285 5757; x_wconf 89' lang='lat' dir='ltr'><strong>pretium,</strong></span> <span class='ocrx_word' id='word_1_660' title='bbox 3314 5685 3408 5740; x_wconf 89' lang='lat' dir='ltr'><strong>sed</strong></span> <span class='ocrx_word' id='word_1_661' title='bbox 3435 5685 3491 5737; x_wconf 92' lang='lat' dir='ltr'><strong>in</strong></span> <span class='ocrx_word' id='word_1_662' title='bbox 3521 5659 3627 5739; x_wconf 70' lang='lat' dir='ltr'><strong>hoc</strong></span> <span class='ocrx_word' id='word_1_663' title='bbox 3649 5697 3794 5752; x_wconf 83' lang='lat' dir='ltr'><strong>quo-</strong></span> 
     </span>
    </p>
   </div>
   <div class='ocr_carea' id='block_1_54' title="bbox 512 5759 3793 5849">
    <p class='ocr_par' dir='ltr' id='par_1_54' title="bbox 512 5759 3793 5849">
     <span class='ocr_line' id='line_1_54' title="bbox 512 5759 3793 5849; baseline 0.009 -43"><span class='ocrx_word' id='word_1_664' title='bbox 512 5762 788 5848; x_wconf 70' lang='lat' dir='ltr'><strong>pnrentes.</strong></span> <span class='ocrx_word' id='word_1_665' title='bbox 823 5759 1166 5821; x_wconf 80' lang='lat' dir='ltr'><strong>Domiuatutn</strong></span> <span class='ocrx_word' id='word_1_666' title='bbox 1197 5763 1254 5821; x_wconf 82' lang='lat' dir='ltr'><strong>in</strong></span> <span class='ocrx_word' id='word_1_667' title='bbox 1285 5779 1380 5823; x_wconf 85' lang='lat' dir='ltr'><strong>eas</strong></span> <span class='ocrx_word' id='word_1_668' title='bbox 1413 5767 1758 5826; x_wconf 81' lang='lat' dir='ltr'><strong>obtineamus</strong></span> <span class='ocrx_word' id='word_1_669' title='bbox 1793 5771 2092 5827; x_wconf 84' lang='lat' dir='ltr'><strong>secundum</strong></span> <span class='ocrx_word' id='word_1_670' title='bbox 2203 5789 2311 5844; x_wconf 85' lang='lat' dir='ltr'><strong>que</strong></span> <span class='ocrx_word' id='word_1_671' title='bbox 2340 5775 2548 5833; x_wconf 83' lang='lat' dir='ltr'><strong>habens</strong></span> <span class='ocrx_word' id='word_1_672' title='bbox 2578 5777 2755 5833; x_wconf 69' lang='lat' dir='ltr'><strong>zelum</strong></span> <span class='ocrx_word' id='word_1_673' title='bbox 2786 5778 3006 5848; x_wconf 81' lang='lat' dir='ltr'><strong>pietatis</strong></span> <span class='ocrx_word' id='word_1_674' title='bbox 3028 5819 3042 5845; x_wconf 93' lang='lat'><strong>,</strong></span> <span class='ocrx_word' id='word_1_675' title='bbox 3073 5788 3129 5835; x_wconf 90' lang='lat' dir='ltr'><strong>et</strong></span> <span class='ocrx_word' id='word_1_676' title='bbox 3157 5778 3206 5836; x_wconf 89' lang='lat' dir='ltr'><strong>ei</strong></span> <span class='ocrx_word' id='word_1_677' title='bbox 3239 5780 3335 5849; x_wconf 82' lang='lat' dir='ltr'><strong>qui</strong></span> <span class='ocrx_word' id='word_1_678' title='bbox 3362 5778 3614 5846; x_wconf 72' lang='lat' dir='ltr'><strong>emebat,</strong></span> <span class='ocrx_word' id='word_1_679' title='bbox 3646 5790 3793 5834; x_wconf 73' lang='lat' dir='ltr'><strong>mer-</strong></span> 
     </span>
    </p>
   </div>
  </div>
