4120 6378
423 347 526 407 749

1734 351 1907 412 VITA
1947 351 2007 412 S.
2042 347 2360 414 ANYSI/E.

3564 360 3670 427 750

418 457 610 513 cedem
643 457 965 512 concilians.
996 454 1112 511 Non
1142 458 1284 512 enim
1317 466 1522 513 tantam
1551 473 1739 515 curam
1772 460 1994 530 gerebat
2019 465 2063 522 Α
2095 477 2123 515 a
2173 463 2488 519 coelestibus
2535 466 2808 536 mysteriis
2855 482 2981 524 eum
3031 473 3406 532 exterminasti
3430 518 3445 544 ,
3493 480 3585 549 qui
3639 499 3671 539 ι

411 549 766 613 venditionis,
804 557 1070 617 quantum
1115 551 1360 613 curabat,
1401 561 1460 604 ut
1501 560 1647 606 recte
1685 562 1739 606 et
1779 567 1844 606 ex
1884 552 1991 605 vir-

409 651 530 696 tute
561 641 639 694 nil
674 640 992 710 possideret.
1025 640 1273 708 Cumque
1305 641 1488 694 omnia
1522 643 1573 694 in
1609 658 1802 695 aurum
1837 644 1991 696 rede-

407 731 603 800 gisset,
647 731 735 784 illa
775 745 978 798 ea‘per
1021 746 1078 785 se
1123 733 1306 795 dabat,
1347 747 1455 786 non
1501 735 1676 787 solum
1719 735 1989 803 prmbens,

410 825 506 879 sed
532 823 638 877 alia
664 824 826 876 etiam
853 821 1025 875 oﬁieia
1052 822 1336 883 adhibens,
1364 826 1415 877 in
1441 839 1656 879 omnem
1684 826 1986 879 custodiam

409 913 755 982 ingrediens,
789 921 842 966 et
876 913 1174 982 quemlibet
1206 915 1297 982 qui
1337 914 1390 966 in
1424 915 1656 968 vinculis
1687 924 1805 968 erat
1837 916 1990 969 dam-

407 1015 596 1068 natus,
628 1006 943 1068 consolans,
975 1006 1094 1073 ejus
1121 1006 1215 1074 qui
1246 1015 1420 1060 tortus
1449 1005 1644 1070 fuerat,
1676 1008 1878 1062 vibices
1906 1008 1989 1061 in-

405 1096 720 1152 fusionibus
753 1113 953 1152 curans
984 1107 1038 1152 et
1069 1100 1450 1165 unctionibus,
1483 1102 1782 1166 quemlibet
1813 1116 1987 1169 regi-o—

406 1195 615 1242 tantem
656 1195 708 1239 et
750 1185 803 1238 in
845 1185 984 1240 lecto
1018 1188 1432 1240 decumbentem
1469 1189 1741 1254 invisens,
1779 1199 1832 1243 et
1867 1190 1986 1258 ejus

405 1292 597 1332 curam
631 1293 827 1348 gerens
861 1295 874 1331 :
907 1279 1142 1347 compita
1177 1288 1229 1332 et
1261 1279 1413 1333 vicos
1446 1279 1634 1334 obiens
1656 1318 1670 1342 ,
1706 1289 1758 1334 et
1793 1283 1859 1334 iis
1892 1283 1983 1349 qui

405 1374 465 1428 in
495 1373 576 1427 eis
606 1373 890 1440 jacebant,
925 1387 1146 1426 tnauum
1181 1373 1458 1442 praebens,
1493 1374 1707 1427 dicebat
1737 1392 1750 1427 :
1783 1375 1860 1428 Ne
1892 1375 1985 1429 de-

405 1466 547 1519 licia:
576 1467 686 1519 sint
717 1465 848 1518 mihi
880 1463 1105 1528 divitiae,
1140 1481 1261 1533 quae
1294 1481 1362 1520 ne
1395 1482 1549 1534 aqum
1577 1467 1797 1536 quidem
1831 1477 1982 1536 gutta

403 1556 581 1626 digure
613 1557 879 1609 habentur
907 1555 960 1608 in
994 1565 1234 1625 tempore
1258 1556 1471 1620 judicii.
1504 1554 1620 1609 Non
1651 1557 1876 1613 sationis
1905 1560 1983 1612 la-

402 1648 616 1712 borem,
646 1647 741 1702 sed
774 1647 971 1701 messis
1001 1648 1238 1714 divitias,
1270 1649 1480 1703 visione
1511 1650 1977 1717 apprehendebat.

402 1741 470 1794 Et
511 1756 634 1794 cum
678 1740 743 1794 ad
783 1741 1005 1794 obolum
1048 1756 1224 1810 usque
1269 1740 1452 1795 omnia
1496 1741 1886 1804 distribuissct,
1926 1753 1980 1797 et

2098 551 2253 606 beata
2282 556 2391 607 vita
2418 569 2541 608 eum
2568 555 2837 616 alienasti,
2867 557 2960 626 qui
2990 559 3312 616 insolentem
3341 564 3460 633 ejus
3486 567 3672 624 exsul-

2098 644 2354 698 tationem
2388 644 2702 714 depressisti
2733 658 2785 702 et
2815 647 3083 717 ahjecisti,
3111 653 3205 722 qui
3231 655 3298 710 de
3323 658 3441 726 ejus
3473 676 3671 734 pompa

2091 743 2190 799 per
2221 735 2575 803 ignominiam
2611 740 2787 794 crucis
2823 741 3203 812 triumphasti,
3239 751 3332 817 qui
3369 767 3436 806 ex
3471 752 3672 824 impol-

2093 822 2208 875 Iuto
2243 835 2336 877 tuo
2371 827 2491 880 sinu
2533 827 2697 883 Deum
2733 829 2998 897 Verbum,
3036 837 3126 902 qui
3162 849 3244 893 est
3279 852 3404 896 ante
3437 822 3668 909 szecula,

2091 923 2143 967 et
2174 915 2433 971 Servator
2459 920 2761 976 animarum
2796 937 3124 996 nostrarum,
3153 943 3216 984 ex
3246 931 3449 1000 Spiritu
3478 953 3669 994 sancto

2045 1065 2052 1070 ν
2090 1013 2143 1057 et
2188 1005 2354 1061 Maria
2399 1006 2621 1076 Virgine
2665 1027 2884 1080 natum,
2929 1021 2995 1072 ad
3044 1035 3145 1076 nos
3192 1024 3427 1092 misisti;
3475 1032 3568 1099 qui
3617 1034 3669 1088 id

2089 1099 2232 1168 quod
2271 1103 2505 1166 errabat,
2542 1120 2636 1173 per
2666 1108 2844 1176 ipsum
2908 1115 3248 1181 convertisti,
3285 1128 3338 1174 et
3370 1125 3513 1190 quod
3550 1136 3671 1180 erat

2090 1189 2420 1247 imbrcillum
2446 1235 2458 1254 .
2497 1200 2869 1266 conﬁrmasti,
2906 1215 2958 1259 et
2999 1215 3144 1276 quod
3199 1216 3494 1270 contritum
3518 1257 3532 1281 ,
3571 1236 3667 1274 cu-

2089 1283 2219 1336 rasti
2261 1301 2274 1337 :
2316 1295 2364 1340 te
2412 1287 2604 1343 invoco
2644 1307 2743 1361 ego
2788 1294 3011 1352 humilis
3052 1311 3107 1354 et
3148 1305 3421 1370 peccatrix
3467 1311 3666 1367 ancilla

2087 1381 2176 1426 tua
2221 1390 2283 1428 ex
2331 1385 2444 1432 toto
2487 1382 2650 1436 corde.
2696 1400 2835 1450 meo,
2875 1389 2966 1458 qui
3013 1393 3208 1449 novisti
3250 1413 3373 1466 quae
3412 1386 3570 1457 erant
3613 1407 3666 1459 in

2086 1468 2248 1518 corde
2277 1469 2708 1541 uniuscujusque
2735 1489 2749 1527 :
2779 1477 2870 1544 qui
2904 1477 3102 1548 ignem,
3135 1486 3226 1552 qui
3253 1485 3433 1556 jactus
3466 1503 3582 1548 erat
3612 1495 3664 1549 in

2085 1558 2345 1612 mundum
2389 1562 2458 1615 ab
2503 1564 2778 1633 unigenito
2820 1576 2914 1622 tuo
2957 1571 3114 1640 Filio,
3154 1587 3208 1630 et
3249 1578 3304 1632 in
3345 1585 3507 1638 corde
3546 1603 3667 1642 meo

2083 1650 2414 1716 accendisti;
2451 1656 2542 1722 qui
2578 1654 2731 1721 ﬁdei,
2767 1674 2888 1728 qua:
2923 1659 2974 1716 in
3013 1680 3099 1720 me
3129 1674 3243 1734 est,
3279 1670 3571 1729 scintillam
3607 1679 3662 1732 in

2084 1734 2388 1810 lampadem
2422 1746 2561 1812 ejus,
2597 1765 2718 1818 qua:
2750 1761 2833 1807 est
2867 1768 2991 1823 erga
3031 1766 3103 1822 te,
3137 1760 3444 1821 dilectionis
3481 1779 3665 1824 mula-

399 1832 539 1886 nihil
570 1833 673 1886 sibi
710 1832 1056 1900 reliquisset,
1089 1848 1146 1888 se
1177 1830 1230 1885 in
1264 1832 1498 1902 quadam
1532 1834 1847 1888 continebat
1879 1835 1975 1889 doc

2084 1829 2189 1893 sti;
2224 1833 2372 1887 adsis
2407 1832 2540 1888 mihi
2580 1837 2848 1910 indigum,
2881 1853 2934 1898 et
2967 1860 3125 1904 serva
3161 1866 3280 1916 me,
3315 1859 3572 1924 quoniam
3615 1869 3665 1917 te

401 1926 680 1988 muncula,
709 1940 830 1993 quae
857 1925 1108 1993 superius
1138 1924 1370 1978 habebat
1396 1923 1720 1990 tabulatum,
1746 1940 1980 1994 operans

400 2015 675 2079 manibus,
701 2025 754 2069 et
781 2030 889 2082 quo
917 2030 1055 2084 Opus
1085 2013 1338 2077 habebat,
1367 2013 1470 2069 sibi
1503 2013 1820 2067 alimentum
1853 2028 1980 2082 sup—

339 2164 344 2166 _
396 2109 672 2177 peditans,
719 2107 1106 2161 convenienter
1146 2106 1428 2161 sementim
1470 2105 1610 2161 beati
1656 2106 1809 2160 Pauli
1851 2122 1981 2176 apo-

397 2199 546 2262 stoli,
566 2199 656 2267 qui
677 2199 925 2254 dicebat:
950 2216 968 2249 t
995 2197 1214 2254 Otiosus
1237 2209 1418 2253 autem
1444 2213 1552 2253 non
1580 2199 1927 2254 manducet‘.
1954 2217 1973 2251 ι

397 2289 712 2344 Christiano
744 2306 872 2346 vero
909 2305 1265 2359 germanum,
1304 2296 1359 2343 et
1393 2295 1537 2358 qned
1577 2290 1826 2358 impediri
1867 2304 1974 2344 non

395 2391 594 2449 potest,
627 2383 1045 2444 nutrimentum,
1075 2383 1147 2435 sit
1173 2381 1326 2435 labor
1354 2397 1580 2436 suarum
1615 2398 1899 2436 manuum.

469 2472 558 2526 ιν.
600 2472 723 2527 ηειξο
749 2490 872 2529 cum
900 2475 1146 2539 dixisset,
1176 2474 1433 2542 precibus
1460 2475 1719 2543 deinceps
1744 2476 1975 2532 vacabat

394 2574 451 2618 et
498 2564 756 2629 orationi,
801 2562 1076 2633 jejunium
1128 2564 1288 2632 quasi
1339 2566 1521 2618 carnis
1570 2567 1976 2632 quodammodo

393 2671 590 2724 expers
632 2657 958 2725 producens.
1001 2655 1203 2710 Deinde
1246 2655 1594 2710 validissimze
1632 2672 1689 2710 se
1729 2657 1974 2710 assuefa-

395 2749 548 2801 ciens
597 2747 996 2810 exercitationi,
1043 2749 1186 2801 diem
1238 2747 1456 2817 quidem
1509 2749 1867 2803 consumebat
1920 2750 1973 2802 in

391 2834 756 2904 lectionibus,
793 2849 1003 2894 noctem
1037 2849 1218 2892 autem
1254 2840 1304 2892 in
1342 2839 1567 2908 psalmis
1596 2848 1649 2893 et
1681 2841 1970 2909 precibus;

392 2945 497 3001 pro
525 2933 696 2995 lecto,
729 2933 845 2985 solo
865 2972 878 2998 ,
914 2945 1014 3000 pro
1044 2943 1193 2986 veste
1222 2932 1491 3004 stragula,
1523 2941 1700 2986 storea
1731 2942 1783 2986 et
1815 2946 1974 2986 sacco

393 3033 555 3078 utens
581 3041 595 3088 ;
625 3025 953 3079 brevissimo
983 3041 1176 3080 somno
1205 3035 1456 3080 contenta
1481 3067 1496 3091 ,
1528 3040 1560 3078 a
1589 3027 1871 3094 phantasia
1904 3027 1971 3080 li-

394 3115 527 3169 bero
558 3128 610 3170 et
643 3117 954 3171 insomniis.
994 3117 1216 3170 Dicebat
1243 3119 1388 3174 enim
1421 3137 1433 3170 :
1469 3115 1671 3171 Malum
1700 3129 1779 3174 est
1809 3119 1965 3180 mihi,

393 3204 668 3273 dormire,
706 3226 829 3264 cum
876 3226 1030 3264 meus
1074 3206 1335 3265 inimicus
1373 3211 1581 3280 vigilat.
1619 3212 1811 3266 Plures
1844 3229 1974 3268 vero

389 3299 656 3354 fundebat
681 3302 968 3373 lacrymas,
997 3319 1160 3370 quam
1190 3312 1307 3356 erat
1336 3312 1497 3371 potus
1525 3319 1687 3372 quem
1721 3304 1971 3372 bibebat;

391 3401 450 3446 et
493 3395 725 3460 gemitus
769 3409 832 3447 ac
877 3394 1112 3462 suspiria
1160 3404 1314 3447 erant
1360 3396 1538 3462 plura,
1581 3412 1743 3464 quam
1785 3399 1969 3450 verba.

394 3478 588 3538 Vincta
625 3496 804 3538 autem
841 3495 959 3538 erat
996 3496 1146 3540 tanto
1182 3485 1396 3541 Domini
1434 3489 1728 3549 desiderio,
1765 3499 1820 3542 ut
1853 3490 1972 3543 exi-

390 3581 638 3632 stimaret
669 3580 783 3644 ipsa
817 3580 943 3632 dum
982 3595 1123 3647 genu
1161 3576 1420 3644 flecteret,
1456 3589 1506 3634 et
1543 3581 1594 3633 in
1625 3582 1827 3634 nudam
1867 3590 1971 3635 ter-

388 3684 506 3722 ram
545 3668 732 3738 ﬁgeret
765 3672 976 3732 oculos,
1013 3687 1072 3724 se
1110 3671 1276 3739 pedes
1314 3680 1501 3727 tenere
1539 3671 1883 3738 Servatoris;
1917 3683 1972 3728 et

385 3762 618 3832 genibus
657 3762 809 3816 labra
852 3763 1173 3827 admovens,
1217 3756 1361 3815 illius
1401 3778 1574 3830 genua
1614 3763 1873 3826 osculari,
1917 3772 1970 3818 et

389 3854 620 3920 capillos
654 3853 918 3922 pandens,
946 3869 1003 3907 se
1032 3855 1309 3922 pulverem
1343 3856 1434 3923 qui
1460 3857 1653 3920 inerat,
1685 3868 1965 3914 excutere.

387 3945 594 4000 Horum
635 3961 760 4000 vero
802 3947 1058 4015 cogitatio
1098 3949 1144 4000 ei
1191 3943 1365 4002 fontes
1410 3951 1661 4003 movebat
1701 3952 1969 4022 lacryma-
2017 4017 2032 4026 υ

385 4053 533 4093 rum.
559 4036 734 4090 Tanto
762 4044 943 4090 autem
973 4039 1155 4093 studio
1183 4040 1547 4094 contendebat
1570 4041 1636 4093 ad
1662 4043 1965 4112 Christum,
2015 4110 2028 4117 _

385 4136 447 4182 ut
489 4129 650 4181 vellet
693 4129 910 4188 resolvi,
962 4139 1015 4182 et
1055 4145 1179 4184 esse
1220 4146 1345 4184 cum
1399 4130 1650 4185 Domino.
1697 4131 1966 4196 Quoniam

385 4229 568 4272 autem
601 4221 818 4273 nolebat
847 4223 1077 4289 seipsam
1108 4221 1378 4284 occidere,
1408 4233 1462 4275 et
1496 4238 1685 4276 rursus
1717 4240 1970 4293 propera-

2009 4356 2035 4406 ἰ,
2075 4320 2126 4370 in
2161 4317 2496 4371 holocaustis
2526 4317 2758 4370 arietum
2789 4328 2844 4371 et
2875 4327 3155 4375 taurorum
3178 4361 3195 4386 ,
3232 4339 3426 4394 nempe
3455 4343 3650 4385 eorum

351 4310 480 4404 §bat
517 4314 578 4363 ad
615 4315 858 4366 cmlestia
882 4352 897 4377 ,
933 4315 1061 4382 quid
1099 4313 1268 4366 facit?
1297 4311 1512 4382 Jejuuio
1548 4331 1748 4384 corpus
1781 4320 1968 4386 paula~

356 4403 482 4469 ftim
525 4406 899 4469 consumebat,
946 4407 1176 4459 multum
1220 4408 1286 4460 de
1328 4407 1434 4459 vita
1481 4407 1754 4462 sullurans
1795 4411 1966 4466 absti-

353 4468 590 4598 Incntia.

349 4586 359 4672 ξ
462 4586 522 4640 V.
567 4586 725 4641 Manu
766 4599 944 4644 autem
982 4599 1174 4660 pectus
1211 4593 1434 4660 pulsans
1471 4593 1681 4658 orabat,
1718 4596 1907 4650 dicens
1945 4613 1958 4650 :

349 4731 351 4734 .
383 4678 615 4736 Domine
654 4684 792 4738 Deus
826 4687 1196 4751 omnipotens,
1231 4686 1388 4740 Pater
1423 4689 1687 4755 unigeniti
1727 4691 1803 4742 tui
1839 4689 1960 4744 Filii

386 4768 517 4826 Jesu
560 4773 786 4836 Christi,
827 4772 1044 4828 Domini
1088 4785 1143 4828 et
1183 4776 1273 4830 Dei
1315 4785 1370 4830 et
1411 4781 1717 4833 Servatoris
1764 4783 1958 4845 nostri,

382 4865 476 4932 qui
509 4867 667 4920 sedes
696 4869 749 4920 in
783 4869 980 4922 throno
1012 4869 1217 4938 gloriae,
1249 4870 1334 4924 cui
1366 4873 1631 4925 assistunt
1665 4875 1808 4927 inille
1841 4878 1964 4929 mil-

381 4955 450 5008 lia
481 4958 798 5024 angelorum
831 4961 1278 5024 ministrantium,
1312 4973 1366 5015 et
1399 4963 1581 5016 decies
1612 4964 1757 5017 mille
1788 4968 1956 5018 millia

380 5049 738 5102 servientium
767 5061 858 5103 tuo
884 5054 1063 5115 nutui,
1089 5053 1317 5118 Throni,
1344 5052 1777 5116 Dominationes,
1803 5055 1961 5110 Prin-

380 5141 616 5207 cipatus,
658 5143 962 5198 Potestates
1005 5160 1020 5197 :
1064 5161 1226 5214 quem
1275 5147 1497 5200 !audant
1544 5149 1864 5216 Clieruhim,
1908 5161 1962 5206 ct

378 5229 688 5294 gloriﬁcant
737 5231 1050 5298 Seraphim,
1096 5243 1178 5286 ter
1220 5246 1469 5288 sanctum
1522 5237 1784 5306 hymnum
1839 5238 1961 5293 sine

377 5313 488 5375 ﬁne
523 5321 800 5388 dicentes;
836 5323 929 5391 qui
966 5324 1214 5392 spiritus,
1249 5324 1341 5391 qui
1377 5340 1487 5378 non
1523 5327 1866 5390 obedieruut,
1904 5327 1958 5380 in

380 5415 572 5467 tartari
608 5415 932 5483 profundum
967 5417 1378 5482 condcmnaSti;
1409 5420 1501 5486 qui
1536 5421 1829 5475 draconem
1861 5420 1958 5491 qui

380 5501 606 5567 defecit,
642 5504 876 5572 alligasti
913 5508 1142 5572 catenis,
1175 5508 1266 5576 qui
1303 5513 1522 5576 proprio
1559 5527 1660 5566 suo
1694 5515 1791 5566 reti
1830 5529 1956 5568 eum

377 5592 706 5665 implicasti,
737 5601 830 5668 qui
861 5599 981 5669 ejus
1013 5600 1196 5654 sedem
1229 5602 1283 5652 in
1318 5609 1516 5655 terram
1550 5604 1792 5674 dejecisti
1813 5645 1828 5671 ,
1863 5609 1958 5675 qui

2085 1920 2357 1988 desidero,
2391 1935 2444 1980 et
2475 1937 2526 1983 te
2557 1945 2763 2000 quaero,
2797 1943 2852 1990 et
2887 1946 2938 1992 te
2968 1953 3169 2010 sequor
3199 1920 3498 2004 totisvmeis
3529 1953 3662 2009 viri-

2084 2012 2208 2069 bus.
2258 2015 2515 2086 Domine,
2561 2026 2778 2094 suseipe
2827 2033 3196 2096 precationem
3247 2053 3452 2108 meam,
3498 2061 3663 2113 quam

2082 2105 2250 2162 offero
2283 2109 2378 2189 tibi
2411 2113 2574 2168 corde
2604 2118 2839 2172 contrito
2867 2129 2922 2176 et
2949 2124 3144 2191 spiritu
3179 2127 3406 2198 humili,
3438 2105 3662 2204 propter

2082 2213 2268 2268 quam,
2317 2216 2350 2256 ο
2399 2201 2626 2261 Domine
2671 2207 2798 2264 Jesu
2849 2211 3087 2280 Christe,
3135 2218 3288 2276 fuisti
3337 2224 3391 2278 in
3439 2201 3660 2285 crucem

2081 2299 2258 2352 actus,
2290 2303 2509 2392 propter
2537 2311 2700 2392 quam
2737 2298 2981 2372 colaphis
3016 2320 3210 2376 caesus,
3243 2324 3465 2385 propter
3494 2337 3660 2392 quam

2081 2390 2296 2473 acetum
2331 2391 2386 2438 et
2422 2385 2491 2439 fel
2527 2387 2730 2457 bibisti,
2763 2401 2818 2446 et
2854 2395 3016 2449 tertio
3048 2396 3138 2455 die
3172 2407 3483 2473 surrexisti,
3510 2385 3573 2466 et
3605 2412 3661 2466 in

2080 2468 2247 2527 caelos
2276 2478 2605 2544 aseeudisti,
2636 2488 2690 2535 et
2721 2482 2911 2540 sedisti
2940 2501 2970 2541 a
2999 2488 3208 2546 dextris
3241 2492 3435 2554 Patris.
3466 2468 3546 2557 Ne
3578 2519 3664 2560 me

2078 2565 2344 2621 dedecore
2375 2567 2643 2638 aﬂeceris,
2676 2588 2744 2628 ne
2772 2590 2859 2632 me
2888 2592 2918 2633 a
2947 2586 3164 2637 tuarum
3197 2586 3520 2647 ancillarum
3554 2611 3662 2649 nu-

2077 2671 2230 2711 mero
2278 2658 2570 2726 rejeceris,
2600 2665 2723 2718 Ised
2771 2667 2999 2736 dignare
3048 2687 3136 2728 me
3183 2674 3302 2732 ﬁeri
3360 2682 3660 2749 perfectam

2076 2745 2470 2818 Christianam,
2514 2761 2568 2808 et
2611 2761 2984 2817 consummari
3027 2764 3081 2818 in
3127 2745 3412 2834 signaculo
3455 2787 3663 2834 sancta

2078 2842 2258 2896 crucis
2302 2851 2435 2909 tum;
2475 2843 2691 2914 imperti
2731 2864 2820 2904 me
2863 2861 2953 2906 tua
2996 2857 3278 2927 passione,
3316 2862 3659 2924 voluntatem

2078 2939 2224 2987 tuam
2262 2934 2316 2987 in
2356 2951 2442 2991 me
2476 2953 2745 3006 operans,
2782 2952 2840 2997 ut
2873 2945 3037 3016 digna
3072 2952 3290 3018 reddar,
3327 2972 3450 3026 quae
3484 2975 3657 3032 appa-

2073 3040 2220 3080 ream
2264 3037 2389 3082 ante
2431 3037 2583 3085 tuum
2625 3033 2880 3090 tribunal.
2921 3037 3002 3093 Tu
3047 3058 3134 3098 me
3172 3051 3324 3100 tuam
3353 3065 3654 3108 conserva:

1995 3141 2039 3200 α
2081 3137 2099 3170 c
2131 3121 2393 3190 conligea
2419 3124 2613 3179 timore
2649 3135 2744 3181 tuo
2777 3143 2972 3185 carnes
3007 3148 3227 3202 meas,a
3255 3139 3480 3207 judiciis
3511 3149 3654 3202 enim

2077 3210 2187 3265 tuis
2243 3214 2418 3267 timui.
2452 3219 2649 3270 Averte
2702 3219 2892 3275 oculos
2938 3237 3122 3291 meos,
3155 3243 3224 3284 ne
3253 3231 3470 3288 videant
3503 3237 3656 3291 vani-

2076 3312 2243 3360 tatem
2267 3309 2312 3371 ’,
2346 3307 2440 3362 sed
2474 3311 2653 3376 potius
2682 3326 2778 3368 eos
2809 3316 2995 3383 aperi,
3031 3333 3164 3389 rogo
3197 3329 3282 3388 te,
3315 3332 3368 3379 et
3401 3327 3655 3382 conside-

2076 3400 2210 3453 rabo
2258 3400 2527 3455 mirabilia
2570 3401 2639 3456 de
2681 3403 2801 3472 lege
2846 3416 2935 3460 tua
2961 3407 3003 3462 ³.
3047 3410 3105 3463 1n
3154 3423 3205 3466 te
3247 3415 3487 3484 projecta
3534 3434 3652 3472 sum

2075 3490 2143 3542 ab
2168 3499 2323 3544 utero
2351 3491 2538 3545 matris
2564 3508 2716 3546 meae.
2741 3495 2821 3548 Tu
2843 3510 2901 3551 es
2927 3497 3071 3554 Deus
3096 3516 3249 3559 meus
3287 3521 3301 3571 ;
3325 3517 3479 3576 pater
3503 3525 3656 3564 meus

2074 3591 2127 3635 et
2163 3591 2337 3636 mater
2376 3599 2494 3638 mea
2530 3585 2939 3656 dereliquerunt
2975 3608 3079 3648 tne.
3119 3587 3199 3651 Tu
3226 3596 3513 3671 suscepisti
3544 3619 3650 3666 me,

2074 3674 2321 3729 Domine.
2363 3677 2542 3747 Dirige
2574 3695 2796 3746 gressus
2831 3697 3014 3749 meos,
3049 3701 3116 3740 ne
3149 3688 3415 3748 dedecore
3449 3688 3655 3749 alliciar

2073 3768 2271 3820 ancilla
2307 3776 2397 3821 ttta
2433 3784 2448 3821 :
2483 3769 2576 3822 Sed
2614 3769 2698 3822 fac
2734 3786 2946 3826 mecum
2985 3773 3200 3844 signum
3236 3779 3288 3832 in
3325 3779 3566 3847 bonum,
3598 3795 3653 3840 et

2074 3857 2239 3926 imple
2297 3858 2627 3913 desiderium
2692 3863 2917 3916 meum‘
2959 3882 2972 3917 :
3009 3866 3262 3936 quoniam
3301 3882 3428 3928 aute
3464 3884 3513 3928 te
3566 3888 3650 3929 est

2073 3964 2235 4005 omne
2269 3951 2599 4006 desiderium
2639 3969 2817 4008 meum
2839 3997 2854 4022 ,
2887 3965 2940 4010 et
2973 3952 3202 4026 gemitus
3235 3977 3391 4018 meus
3425 3979 3531 4017 non
3567 3976 3655 4020 est

2073 4059 2104 4096 a
2136 4051 2187 4096 te
2220 4041 2570 4098 absconditus
2593 4045 2636 4099 ⁵.
2675 4064 2692 4095 ι
2726 4046 2937 4113 Adjuva
2969 4063 3092 4112 me,
3123 4058 3177 4103 et
3203 4066 3310 4104 non
3343 4053 3652 4110 inveniatur

2073 4136 2286 4190 macula
2333 4135 2386 4188 in
2427 4135 2623 4188 ancilla
2670 4145 2781 4190 tua.
2826 4131 2946 4192 Tibi
2985 4140 3127 4192 enim
3170 4142 3433 4210 meipsam
3478 4143 3652 4203 oﬁ‘ero

2073 4242 2168 4296 per
2210 4242 2358 4280 aram
2405 4225 2774 4280 confessionis
2816 4211 3145 4284 humilitatis
3184 4247 3340 4298 meae,
3386 4244 3651 4305 tanquam

2073 4409 2162 4478 qui
2201 4409 2354 4478 prius
2390 4407 2742 4462 decertarent
2774 4421 2999 4480 propter
3034 4428 3234 4470 nomen
3278 4426 3466 4485 tuum,
3502 4433 3556 4476 et
3595 4423 3653 4478 in

1993 4478 2039 4534 Ῐ)
2070 4501 2225 4556 denis
2263 4501 2497 4556 millibus
2533 4517 2795 4572 agnorum
2832 4478 3115 4573 pinguium
3137 4546 3153 4573 ,
3186 4507 3277 4576 qui
3312 4512 3488 4566 secuti
3522 4523 3656 4568 sunt

2071 4610 2270 4666 agnum
2307 4604 2457 4648 tuum
2491 4595 2902 4650 immaculatum
2933 4619 2945 4652 :
2975 4616 3071 4669 per
3097 4616 3258 4671 quem
3292 4605 3410 4672 tibi,
3441 4617 3495 4663 et
3523 4624 3652 4665 cum

2071 4703 2182 4757 quo
2228 4688 2346 4749 tibi,
2391 4703 2514 4741 cum
2561 4689 2764 4754 Spiritu
2809 4700 3018 4756 sancto,
3065 4693 3240 4762 gloria
3284 4706 3338 4752 et
3381 4699 3559 4754 ltOnor
3596 4710 3652 4757 et

2071 4781 2309 4848 potentia
2342 4779 2394 4832 in
2427 4783 2623 4834 somnia
2655 4783 3002 4839 smculorum.
3035 4781 3233 4842 Amen.

2143 4870 2230 4926 Vl.
2275 4873 2566 4940 Postquam
2603 4883 2782 4927 autem
2819 4885 3037 4944 precata
3073 4889 3250 4946 esset,
3284 4884 3563 4950 surrexit,
3594 4896 3650 4940 et

2065 4973 2239 5018 totum
2271 4979 2470 5032 cox-pus
2498 4979 2658 5017 suum
2685 4979 2847 5020 cruce
2875 4967 3133 5036 signavit.
3160 4968 3285 5024 Haec
3314 4973 3502 5028 videns
3533 4990 3650 5028 ma-

2063 5055 2282 5108 culosus
2314 5054 2514 5119 draco,
2549 5068 2656 5107 non
2691 5055 2811 5108 tulit
2844 5058 3034 5124 puella:
3065 5059 3365 5128 angelicam
3398 5072 3453 5115 et
3483 5064 3651 5119 crele-

2064 5157 2202 5201 stem
2227 5147 2414 5210 vitam,
2439 5145 2628 5199 videns
2650 5161 2768 5199 eam
2791 5147 2903 5214 jam
2929 5152 3122 5216 Spiritu
3149 5150 3201 5202 in
3226 5151 3378 5205 caelis
3401 5153 3648 5209 habitan-

2061 5245 2194 5300 tem,
2215 5246 2269 5290 et
2291 5236 2356 5290 ad
2379 5239 2686 5305 passionem
2710 5239 2958 5306 martyrii
2984 5248 3094 5294 toto
3116 5242 3301 5294 animo
3321 5257 3644 5310 accensmu;

2067 5330 2158 5384 sed
2195 5330 2246 5382 in
2280 5343 2397 5381 eam
2433 5327 2700 5380 stridebat
2733 5329 3023 5395 dentibus,
3057 5339 3112 5384 et
3142 5331 3262 5401 ejus
3296 5334 3488 5388 cellam
3526 5351 3647 5389 mo-

2067 5437 2193 5475 vere
2227 5419 2447 5473 assidue
2485 5417 2782 5486 cogitabat,
2819 5427 2874 5471 et
2914 5429 2973 5472 ut
3007 5436 3125 5476 eam
3165 5433 3456 5491 everteret,
3490 5425 3646 5481 fure-

2068 5513 2190 5580 bat;
2215 5513 2306 5567 sed
2333 5512 2522 5564 videns
2544 5523 2661 5560 eam
2689 5510 2850 5577 signo
2871 5513 3052 5567 crucis
3078 5517 3319 5586 undique
3345 5519 3646 5584 munitam,

2067 5605 2240 5677 plagis
2266 5619 2387 5673 qua:
2409 5603 2512 5656 sub
2535 5601 2783 5656 obtutum
2811 5617 2920 5658 non
2945 5605 3233 5674 cadebant,
3258 5611 3534 5682 pulsatus,
3554 5625 3648 5667 ro-

452 5778 473 5812 ι
512 5779 560 5836 ll
601 5779 798 5841 Thess.
829 5801 911 5853 ut,
949 5785 1037 5842 lo.
1107 5785 1135 5874 ς’
1171 5784 1316 5844 Psal.
1351 5801 1542 5856 cxvm,
1576 5788 1668 5845 57.
1744 5789 1766 5821 ³
1805 5789 1952 5847 Psal.
1992 5789 2222 5866 xxv,_7.j
2291 5788 2314 5824 δ
2351 5786 2497 5847 Psal.
2529 5801 2718 5864 cxvm,
2750 5788 2876 5850 135.
2951 5793 2976 5827 ³
3011 5793 3160 5854 Psal.
3190 5812 3394 5869 xxxvn,
3427 5797 3530 5869 10..
