4120 6378
467 336 622 444 "ast

1742 357 2027 427 MENSIS
2062 359 2503 423 DECEMBER.

3673 349 3783 412 752

496 486 790 560 .fugiebat,
821 478 982 551 eique
1010 486 1067 535 et
1098 473 1341 546 torporis
1368 482 1424 532 et
1455 471 1677 529 desidiae
1707 472 1961 528 morbum
1992 472 2099 526 im-
2127 480 2173 535 Α
2203 480 2255 528 te
2295 480 2469 527 morte
2511 465 2780 523 aﬂicimur
2815 472 2932 521 toto
2968 462 3098 531 die;
3138 459 3374 533 reputatl
3416 473 3611 516 sumus
3678 468 3795 514 tau.

421 638 425 643 ,
519 576 794 638 mittebat.
828 573 923 628 illa
960 579 1142 626 autem
1179 568 1393 623 intensa
1426 573 1481 621 et
1515 573 1780 636 perpetua
1816 563 2066 618 oratione
2087 600 2101 625 ,

418 643 439 701 ⁸
521 666 755 744 perinde
783 679 848 720 ac
883 671 1036 733 septa
1071 660 1368 731 palaestrae,
1401 656 1523 725 ejus
1556 655 1739 710 statim
1776 652 2110 721 infringebat

522 743 778 821 insidias.
819 758 1034 814 Rursus
1073 768 1204 809 vero
1244 750 1459 805 dicebat
1499 746 1748 803 veritatis
1787 743 2046 798 inimicus
2092 756 2107 794 :

509 855 640 908 Ἡρη
679 848 811 921 quid
849 845 984 901 mihi
1017 842 1216 899 accidit
1248 837 1496 894 infelici?
1531 836 1636 903 Qui
1690 832 1914 904 angelos
1950 847 1981 885 e
2014 844 2111 885 su-

523 944 672 1017 peris
716 939 950 1003 detraxi,
986 947 1040 992 et
1083 936 1330 1005 gigantes
1373 929 1606 998 subjeei,
1645 940 1792 981 nunc
1835 922 2040 978 illudor
2079 934 2109 973 a

526 1011 713 1105 pueris
751 1039 809 1085 et
842 1028 1056 1097 puellis.
1094 1023 1266 1077 Morte
1299 1021 1445 1073 enim
1482 1026 1744 1083 tanquam
1786 1013 1893 1066 vita
1930 1011 2133 1064 laetan!

527 1099 612 1181 tes
635 1165 650 1189 ,
682 1132 735 1178 et
766 1136 861 1193 per
893 1121 1066 1189 ipsam
1101 1111 1352 1170 coronati
1382 1117 1671 1163 currentes
1702 1106 1768 1159 ad
1803 1104 1973 1158 caelos
1998 1142 2012 1168 ,
2047 1099 2115 1155 de

529 1227 731 1273 cmlero
766 1190 909 1268 inihi
950 1209 1198 1265 fecerunt
1242 1202 1509 1259 mundum
1554 1196 1989 1254 iultabitabilem.
2030 1190 2115 1246 Me

529 1308 921 1366 consolabatur
961 1299 1187 1371 sanguis
1227 1303 1554 1364 martyrum,
1594 1290 1686 1359 qui
1724 1284 2117 1342 interimeban-

529 1412 640 1468 tur,
681 1400 777 1455 sed
817 1397 951 1451 ﬁdes
990 1405 1180 1448 eorum
1222 1383 1631 1446 decertationis,
1672 1390 1726 1435 et
1765 1391 1954 1434 eorum
1995 1387 2118 1443 quae

531 1502 794 1566 geruntur
817 1483 1156 1560 przedicatio,
1183 1475 1572 1535 transmutavit
1595 1475 1837 1539 integras
1862 1468 2114 1523 civitates

531 1554 586 1639 Et
617 1554 831 1652 gentes:
858 1575 1087 1644 Templa
1118 1571 1435 1631 diruuntur,
1461 1563 1843 1619 conticescunt
1871 1554 2115 1618 oracula,

533 1646 735 1729 abolita
769 1676 901 1724 sunt
931 1662 1212 1737 mysteria,
1244 1664 1565 1729 torpescunt
1592 1660 1802 1724 mystas,
1836 1649 1929 1719 qui
1964 1646 2118 1717 prius

532 1762 882 1821 exsultabant
910 1777 926 1813 :
956 1757 1023 1811 ad
1054 1767 1259 1815 meum,
1287 1759 1347 1804 ut
1374 1748 1609 1807 videtur,
1638 1743 1863 1797 exitium
1897 1751 2113 1793 crucem

536 1858 792 1911 ﬁxerunt.
831 1849 951 1905 Jam
997 1846 1132 1902 mihi
1176 1841 1432 1914 prmsagit
1474 1837 1693 1893 animus
1739 1832 2010 1893 futurum,
2056 1836 2116 1881 ut
2145 1812 2189 1871 Β

533 1946 685 2016 regia
723 1956 841 1996 mea
875 1940 1034 2008 plane
1068 1933 1422 1991 dissolvatur.
1454 1925 1593 1981 Nam
1633 1924 1728 1994 qui
1764 1930 1888 1977 sunt
1926 1920 1981 1973 itt
2018 1928 2123 1972 tor-

536 2010 738 2091 mentis
763 2032 990 2093 hilares,
1020 2039 1074 2084 et
1101 2026 1156 2081 in
1186 2020 1452 2093 sepulcris
1482 2017 1780 2080 terribiles,
1812 2022 2003 2076 urunt,
2030 2010 2124 2064 lla-

536 2126 758 2198 gellant,
787 2135 839 2179 et
869 2136 958 2178 me
990 2117 1228 2187 undique
1259 2119 1686 2183 persequuntur,
1717 2113 1772 2159 et
1801 2102 1944 2173 quod
1975 2115 2007 2154 a
2039 2114 2125 2153 me

536 2189 720 2276 fuerat
746 2189 1116 2284 excogitatum
1135 2248 1152 2274 ,
1184 2205 1361 2263 evasit
1387 2200 1629 2257 accessio
1662 2195 1887 2266 majoris
1917 2189 2125 2261 Suppli-

538 2314 632 2372 cii.
676 2309 863 2367 lnveni
905 2317 1087 2361 tamen
1133 2301 1265 2373 quid
1311 2312 1490 2370 agam.
1534 2292 1796 2349 Protinus
1841 2302 1973 2358 ergo
2019 2284 2127 2339 tale

539 2405 671 2476 quid
699 2404 755 2457 in
785 2413 903 2455 eam
932 2393 1222 2462 excogitat,
1252 2388 1576 2445 existimans
1605 2399 1664 2441 se
1695 2396 1796 2437 sua
1827 2376 2035 2433 invidia
2063 2388 2128 2428 ac

540 2469 900 2565 malignitate,
928 2491 1071 2558 ejus,
1100 2500 1220 2554 qua:
1249 2479 1633 2541 extollebatur,
1666 2472 1895 2543 gloriam
1926 2469 2130 2523 obscu-

541 2596 793 2645 raturum
829 2603 846 2639 :
877 2591 937 2636 ut
968 2594 1094 2635 cum
1125 2583 1311 2631 essent
1343 2571 1476 2625 viles
1504 2580 1558 2624 et
1585 2566 1813 2635 abiectae.
1842 2572 2127 2633 personaeo

541 2696 666 2752 quae
701 2693 823 2735 eam
859 2675 1268 2735 interimerent,
1306 2666 1471 2720 vilem
1509 2673 1727 2731 quoque
1764 2664 1821 2711 et
1855 2655 2127 2723 abjectam

541 2747 822 2830 videretur
855 2766 1067 2823 efﬁcere
1099 2762 1221 2833 ejus
1252 2754 1679 2815 decertationem
1705 2791 1721 2817 ,
1756 2758 1811 2804 et
1847 2747 1991 2819 quod
2028 2758 2131 2800 nec

543 2867 768 2936 scriptis
796 2861 1053 2917 mandata
1082 2863 1297 2917 essent,
1324 2859 1378 2905 et
1404 2853 1657 2904 carerent
1688 2842 1864 2898 forma
1888 2837 2132 2906 judicio-

543 2928 694 3024 ποσί,
711 2953 1159 3010 oblitterarentur
1176 2945 1340 3000 etiam
1368 2951 1571 3011 tropma
1596 2934 1995 2992 encomiorttm.
2012 2928 2131 2983 Non

544 3021 859 3117 intelligens
894 3042 1199 3110 malignus,
1235 3033 1379 3105 apud
1415 3033 1585 3086 Deum
1624 3027 1800 3097 magis
1832 3038 1956 3079 esse
1989 3021 2135 3077 bono

547 3113 861 3215 proposito,
889 3148 1054 3206 quam
1083 3128 1299 3203 verbis,
1331 3136 1494 3193 atque
1526 3121 1662 3176 adeo
1696 3122 1750 3173 in
1781 3113 2131 3189 eamvincitat
2157 3150 2200 3211 ο

548 3214 671 3296 eos,
704 3230 798 3300 qui
828 3236 960 3282 tunc
993 3237 1174 3278 rerum
1206 3214 1579 3289 p0tiebantur.

625 3298 739 3377 νιιζ
775 3314 1139 3372 Maximianus
1166 3311 1373 3377 itaque,
1398 3319 1524 3360 cum
1553 3316 1805 3372 magnam
1837 3298 2136 3354 occidisset

553 3410 985 3471 multitudinem,
1013 3420 1107 3476 per
1132 3416 1191 3456 se
1218 3399 1439 3469 quidem
1471 3392 1852 3451 interﬁciendo
1880 3392 2134 3458 satiatus,

552 3514 611 3563 et
655 3518 763 3558 non
805 3514 966 3556 secus
1011 3506 1177 3565 atque
1219 3492 1490 3546 immanes
1535 3488 1683 3554 ferae,
1720 3500 1843 3555 quae
1886 3486 2137 3539 homines

554 3598 843 3656 devorant,
873 3604 987 3662 prae
1012 3587 1260 3643 carnium
1293 3580 1638 3638 multitudine
1665 3592 1939 3633 nauseans
1967 3586 2020 3631 et
2049 3591 2138 3631 ca-

554 3688 757 3759 ligans,
790 3683 1027 3754 speciem
1063 3676 1340 3748 parcentis
1369 3688 1481 3745 prae
1511 3688 1570 3728 se
1602 3672 1746 3737 tulit,
1778 3672 1967 3725 dicens
1996 3668 2141 3723 indi-

560 3793 699 3852 gnos
733 3791 855 3832 esse
886 3772 1264 3836 Christianos,
1298 3766 1389 3838 qui
1427 3764 1754 3820 occidantur
1786 3771 1913 3816 ante
1948 3760 2139 3815 oculos

559 3867 935 3940 imperatoris.
982 3864 1093 3918 Cur
1141 3862 1287 3915 enim
1336 3855 1609 3929 praebeam
1660 3853 2027 3916 occasionem,
2079 3857 2142 3904 ut

557 3965 787 4036 scriptis
823 3959 1153 4018 mandentur
1183 3969 1372 4011 eorunt
1407 3951 1675 4023 supplicia
1696 3992 1710 4017 ,
1743 3956 1797 4003 et
1827 3961 2022 4003 eorum
2056 3945 2141 4000 in-

557 4066 770 4115 strttam
809 4054 1138 4122 scriptores,
1174 4048 1268 4118 qui
1303 4062 1367 4102 ea
1401 4046 1468 4100 ad
1504 4051 1819 4114 perpetuam
1856 4038 2142 4094 transmit-

559 4156 687 4204 tunt
715 4144 1060 4206 memoriam,
1092 4148 1148 4195 et
1174 4152 1269 4193 eos
1298 4137 1391 4208 qui
1421 4137 1611 4191 eodem
1645 4132 1838 4188 morbo
1866 4132 2138 4195 laborant,

561 4239 632 4294 ad
665 4235 913 4292 eamdem
949 4234 1109 4288 ﬁdem
1142 4227 1451 4285 deducam?
1477 4225 1590 4282 Cur
1624 4241 1731 4279 non
1768 4224 1942 4278 instar
1974 4236 2143 4291 pecu-

563 4331 695 4387 dum
736 4343 834 4383 eos
879 4325 1041 4380 trado
1086 4324 1156 4379 iis
1199 4323 1293 4392 qui
1337 4319 1536 4375 debent
1576 4316 1848 4380 occidere,
1889 4315 2051 4370 simul
2091 4319 2146 4367 et

562 4418 863 4474 sceleratos
881 4417 1097 4484 diisque
1118 4411 1372 4467 inimicos
1391 4408 1786 4471 exterminans,
1805 4413 1858 4460 et
1878 4404 2140 4469 efﬁciens,

2210 578 2373 635 quam
2404 576 2533 617 oves
2565 556 2926 615 occisionis“.
2960 572 2980 607 ι
3013 553 3168 608 Tunc
3198 561 3377 607 autem
3409 548 3675 619 cogitatio
3701 563 3797 603 ve-

2209 655 2291 711 nit
2320 655 2375 709 in
2407 662 2642 708 mentem
2674 650 2912 721 Auysiae,
2941 655 3002 702 ut
3031 648 3133 701 iret
3162 644 3232 699 ad
3264 643 3580 698 Dominum.
3612 641 3669 696 Id
3698 655 3798 694 au-

2211 756 2319 802 tem
2362 753 2480 801 erat
2521 743 2768 814 angelus,
2806 740 2900 812 qui
2937 755 3060 796 eam
3097 737 3329 794 vocabat
3369 737 3438 791 ad
3482 734 3795 806 passionem

2214 836 2485 907 martyrii.
3706 840 3709 843 λ

2285 925 2423 981 Vill.
2465 925 2714 995 Cumque
2756 922 3135 995 ingrederetur
3167 930 3376 991 portam
3414 918 3798 974 Casandrioti-

2214 1030 2357 1082 eam,
2383 1016 2654 1070 excitatus
2682 1022 2766 1068 est
2798 1014 3065 1067 tumultus
3093 1011 3147 1066 in
3178 1011 3399 1080 populo.
3430 1009 3633 1063 Deinde
3664 1026 3792 1064 cum

2215 1122 2333 1162 eam
2363 1107 2588 1161 vidisset
2618 1107 2840 1175 quidam
2873 1121 2941 1161 ex
2972 1104 3298 1159 satellitibus
3329 1103 3711 1172 imperatoris,
3742 1114 3798 1159 et

2213 1208 2359 1254 esset
2387 1199 2454 1253 ab
2473 1199 2590 1268 ejus
2613 1198 2889 1253 sauciatus
2909 1196 3332 1267 pulchritudine,
3351 1195 3436 1249 vel
3467 1196 3536 1248 ab
3566 1196 3685 1264 ipso
3714 1210 3806 1264 po-

2215 1293 2325 1346 tius
2353 1291 2575 1346 diabolo
2605 1290 2887 1352 incitatus,
2913 1289 2962 1343 ei
2990 1288 3167 1344 factus
3193 1288 3432 1349 obviam,
3455 1285 3574 1349 Sta,
3598 1288 3801 1356 inquit,

2215 1391 2270 1435 et
2304 1382 2394 1437 die
2416 1422 2432 1447 ,
2467 1398 2577 1451 quo
2615 1381 2790 1436 vadis.
2831 1380 2925 1435 llla
2960 1381 3369 1448 auternvidens
3401 1380 3520 1450 ejus
3556 1381 3803 1434 insolenv

2216 1472 2348 1526 tiatn
2389 1482 2443 1527 et
2483 1472 3016 1534 imtnodcrationem,
3058 1481 3113 1526 et
3153 1483 3334 1526 mente
3372 1474 3586 1541 agitans
3628 1482 3802 1527 tenta-

2216 1565 2441 1627 tionem,
2485 1564 2656 1635 digito
2701 1563 2830 1619 fecit
2873 1564 2929 1618 in
2976 1562 3155 1618 fronte
3198 1563 3415 1630 signum
3463 1564 3665 1618 crucis.
3712 1562 3806 1617 Ille

2215 1671 2346 1711 vero
2375 1656 2533 1726 plane
2566 1656 2679 1710 fera
2702 1698 2717 1722 ,
2750 1665 2803 1711 et
2831 1655 3025 1727 quavis
3058 1655 3171 1709 fera
3206 1658 3426 1719 saevior,
3455 1671 3565 1710 non
3598 1659 3804 1709 reveri-

2216 1756 2307 1804 tus
2347 1758 2430 1803 est
2474 1763 2801 1818 generosum
2850 1757 2905 1802 et
2946 1749 3204 1802 decorum
3255 1748 3555 1808 silentium,
3598 1747 3694 1802 sed
3740 1760 3806 1801 se

2219 1839 2551 1893 contumelia
2588 1837 2840 1892 aﬂ‘eetum
2873 1844 2927 1891 et
2956 1839 3271 1906 despectum
3313 1837 3611 1890 arbitratus
3631 1874 3646 1901 ,
3676 1849 3802 1889 eum

2221 1944 2340 1985 eam
2387 1929 2857 2000 apprehendisset,
2900 1944 3026 1982 eum
3070 1942 3205 1983 voce
3245 1944 3439 1998 aspera
3481 1943 3601 1982 eam
3644 1942 3806 1996 agre-

2223 2023 2362 2078 stius
2390 2023 2777 2093 interrogabat,
2807 2036 3057 2091 quaenam
3088 2029 3253 2084 esset,
3283 2029 3337 2075 et
3364 2035 3473 2088 quo
3496 2019 3808 2089 proﬁcisce-

2224 2124 2395 2170 retur.
2450 2115 2604 2185 Agna
2656 2126 2836 2167 autetn
2888 2113 3132 2179 Christi,
3183 2112 3377 2167 volens
3427 2127 3534 2165 non
3586 2111 3806 2165 solitum

2225 2205 2469 2260 devitarc
2518 2216 2895 2273 conspectum,
2946 2204 3115 2259 voluit
3166 2219 3289 2258 eum
3341 2204 3490 2257 brevi
3542 2214 3808 2270 responso

2228 2309 2487 2365 superare
2517 2310 2532 2347 :
2563 2292 2697 2348 Sum
2727 2292 2931 2349 Christi
2961 2293 3182 2355 ancilla,
3211 2301 3267 2347 et
3294 2293 3437 2347 vado
3463 2291 3529 2346 ad
3562 2289 3809 2343 Domini-

2229 2399 2376 2440 cum.
2406 2383 2499 2437 llle
2525 2395 2710 2443 autem
2739 2382 2982 2439 insolens
3005 2382 3279 2453 impulsus
3300 2382 3370 2437 ab
3393 2396 3458 2437 ec
3483 2381 3579 2451 qui
3606 2380 3661 2435 in
3690 2378 3812 2449 ipso

2230 2479 2549 2544 habitabat,
2582 2480 2829 2533 daemone
2849 2518 2865 2543 ,
2897 2477 3036 2532 dixit
3067 2495 3081 2532 :
3112 2477 3217 2532 Sed
3246 2491 3357 2531 non
3391 2476 3567 2531 sinant
3599 2483 3651 2529 te
3680 2474 3815 2530 illuc

2231 2570 2505 2640 proﬁcisci
2526 2610 2542 2635 ,
2571 2574 2664 2624 sed
2694 2580 2745 2624 te
2772 2570 3038 2624 abducam
3071 2570 3135 2623 ad
3167 2568 3270 2625 diis
3302 2570 3598 2625 libandum.
3630 2569 3811 2624 Solem

2231 2663 2378 2718 enim
2419 2662 2582 2717 hodie
2621 2661 2853 2716 colimus
2890 2678 2904 2715 :
2940 2670 2995 2715 et
3037 2661 3201 2715 simul
3246 2661 3348 2716 hoc
3387 2662 3597 2727 dicens,
3631 2659 3811 2714 velum

2232 2754 2433 2821 traxit,
2461 2755 2651 2808 volens
2681 2752 2801 2822 ejus
2830 2753 3041 2807 vultum
3072 2754 3345 2823 detegere.
3375 2753 3475 2807 Illa
3503 2762 3687 2807 autem
3715 2764 3813 2822 ge-

2233 2860 2428 2900 nerose
2457 2857 2511 2901 et
2543 2846 2755 2900 fortiter
2784 2846 3069 2909 resistens,
3100 2857 3154 2900 et
3187 2849 3240 2900 itt
3269 2847 3387 2914 ejus
3415 2845 3609 2900 faciem
3640 2843 3815 2913 inspi~

2234 2951 2364 2991 rans
2385 2973 2400 3001 ,
2432 2937 2569 2991 dixit
2600 2955 2616 2992 :
2649 2936 2958 3007 lncrepahit
2989 2947 3041 2992 te
3072 2938 3324 2993 Christus
3348 2935 3507 2991 Jesus
3527 2978 3542 3003 ,
3574 2934 3810 2989 diabolo.

2236 3027 2329 3083 Ille
2353 3043 2485 3083 vero
2513 3029 2603 3083 illa
2631 3030 2940 3084 suﬁlatione
2966 3040 3021 3086 et
3047 3030 3268 3085 nomine
3295 3028 3502 3083 Christi
3534 3035 3714 3082 motus
3745 3024 3814 3081 ad

2236 3121 2393 3184 iram,
2423 3136 2544 3190 quae
2573 3121 2820 3176 cohiberi
2851 3137 2961 3176 non
2991 3131 3223 3192 poterat,
3255 3122 3448 3178 stricto
3478 3137 3643 3191 quem
3675 3120 3818 3175 fere-

2236 3208 2329 3266 bat
2368 3211 2549 3283 gladio
2574 3250 2589 3277 ,
2624 3212 2746 3281 ejus
2781 3212 2927 3268 latus
2963 3228 3029 3267 eo
3064 3213 3422 3283 transadegit.
3455 3212 3589 3278 Qum
3627 3210 3813 3267 statim

2236 3314 2358 3355 cum
2393 3310 2629 3357 tremore
2655 3311 2709 3356 et
2736 3304 3092 3372 palpitatione
3121 3306 3491 3358 membrorum
3525 3304 3578 3357 in
3611 3312 3812 3356 terram

2237 3391 2471 3457 cadens,
2506 3408 2627 3447 eam
2663 3403 2856 3450 sancto
2888 3397 3156 3465 sanguine
3189 3396 3427 3451 reddidit
3459 3410 3813 3466 purpuream.

2237 3480 2518 3554 Quotquot
2551 3498 2735 3539 autem
2773 3489 3048 3555 astabant,
3081 3504 3200 3543 eam
3237 3490 3669 3555 circumdanles,
3704 3487 3818 3558 pri-

2238 3591 2389 3630 mum
2418 3576 2639 3646 quidem
2666 3593 2787 3632 eam
2820 3580 3197 3648 deplorabant,
3231 3581 3439 3634 miserti
3470 3579 3590 3649 ejus
3618 3578 3817 3642 aetatis,

2239 3676 2321 3734 et,
2372 3669 2479 3724 tale
2524 3670 2656 3740 quid
2706 3687 2867 3741 posse
2911 3672 3189 3738 accidere,
3238 3672 3566 3742 cogitantes.
3613 3668 3820 3723 Deinde

2240 3758 2383 3830 apud
2434 3774 2495 3814 se
2546 3763 2995 3827 tnttrmurabant,
3046 3762 3436 3832 imperatorem
3488 3772 3542 3815 et
3590 3760 3820 3829 impium

2239 3849 2363 3918 ejus
2400 3849 2681 3905 decretum
2720 3853 3120 3921 vituperantes.
3156 3851 3509 3907 Venerandas
3548 3857 3728 3904 autem
3766 3857 3822 3903 et

2241 3954 2459 3999 sanctas
2492 3953 2697 4000 sanctae
2732 3945 3029 4015 reliquias,
3062 3944 3156 4015 qui
3192 3945 3388 3999 harum
3425 3957 3606 3998 rerum
3641 3938 3822 3996 studio

2243 4035 2592 4101 tenebantur,
2650 4037 2750 4090 viri
2813 4037 2884 4107 pii
2937 4037 3271 4101 Christiani,
3326 4047 3381 4090 et
3437 4036 3530 4105 qui
3591 4035 3644 4087 in
3698 4046 3823 4086 san-

2244 4134 2361 4181 ctos
2394 4126 2513 4180 zelo
2545 4135 2703 4181 erant
2739 4127 2983 4193 incitati,
3015 4144 3140 4182 cum
3176 4129 3564 4191 sustulissent,
3595 4134 3648 4179 et
3677 4124 3823 4193 just:

2244 4220 2356 4286 eis,
2401 4226 2462 4273 ut
2508 4234 2607 4290 par
2649 4228 2801 4284 erat,
2850 4220 3138 4288 fecissent,
3185 4219 3560 4291 depoSuerunt
3603 4219 3824 4273 circiter

2247 4310 2462 4365 duobus
2508 4311 2700 4367 stadiis
2751 4327 2780 4366 a
2829 4321 2985 4381 porta
3033 4311 3471 4377 Casandriotiea,
3518 4326 3551 4365 a
3600 4308 3825 4363 sinistra

2246 4403 2348 4459 via:
2378 4402 2610 4473 publica:
2637 4404 2859 4458 domum
2890 4406 3185 4460 oratoriam
3218 4404 3269 4459 ei
3299 4405 3652 4458 aediﬁcantes.

563 4515 630 4562 ut
662 4506 858 4560 mortis
887 4519 1078 4559 eorum
1113 4499 1372 4556 memoria
1406 4496 1693 4552 mandetur
1724 4491 1985 4549 silentio?
2015 4490 2141 4545 Haec
2164 4476 2222 4535 Ῑ)
2318 4493 2446 4550 Haec
2493 4503 2676 4549 autem
2728 4496 2990 4550 sustinuit
3038 4507 3261 4562 sancta,
3303 4495 3608 4565 imperante
3657 4491 3827 4546 Maxi-

565 4609 695 4652 cnm
727 4592 980 4661 dixisset,
1012 4590 1264 4662 proponit
1292 4590 1492 4653 edicta,
1522 4601 1643 4655 quae
1668 4584 1953 4656 jubebant,
1986 4589 2047 4635 ιιι
2075 4581 2147 4635 li-

567 4694 719 4743 ceret
740 4686 942 4742 volenti
971 4687 1087 4739 sine
1113 4681 1360 4753 periculo
1386 4679 1638 4735 occidere
1662 4676 1963 4747 quemlibet
1986 4674 2149 4728 Chri-

568 4779 836 4837 stianum.
854 4775 1256 4833 Occidebantur
1277 4775 1462 4841 itaque
1486 4768 1927 4833 innumerabiles,
1947 4776 2000 4822 et
2022 4780 2150 4837 pro-

567 4868 849 4941 pheticum
873 4867 1199 4938 implebatur
1221 4863 1481 4935 elogium,
1500 4860 1646 4934 quod
1668 4860 1801 4916 dicit
1826 4877 1839 4915 :
1870 4877 1889 4910 ι
1919 4858 2148 4929 Pr0pter

642 5026 671 5063 ⁸
704 5025 854 5088 Psal.
880 5041 1038 5097 nm,
1063 5025 1156 5084 22.

2249 4586 2455 4651 miano,
2510 4586 2567 4640 in
2619 4600 2722 4641 uos
2767 4601 2897 4641 vero
2946 4596 3210 4657 regnante
3256 4587 3312 4640 in
3359 4586 3576 4640 inﬁnita
3626 4583 3827 4639 saecula

2249 4676 2472 4733 Christo
2500 4675 2629 4732 Iesu
2655 4717 2670 4740 ,
2703 4675 2936 4732 Domino
2967 4686 3161 4733 nostro
3181 4718 3197 4742 ,
3231 4692 3352 4732 cum
3386 4691 3497 4747 quo
3526 4675 3671 4729 Patri
3704 4687 3829 4727 cum

2251 4775 2441 4823 saneto
2476 4767 2682 4837 Spiritu
2723 4770 2897 4823 honor
2931 4776 2985 4823 et
3021 4770 3289 4839 potentia,
3325 4783 3474 4825 nunc
3505 4778 3557 4825 et
3591 4780 3828 4835 semper,

2251 4871 2305 4915 et
2334 4862 2387 4916 in
2418 4861 2617 4917 saecula
2647 4863 2998 4918 saeculorum.
3028 4862 3224 4919 Amen.
