4128 6384
321 322 430 386 753

1621 339 1798 400 VITA
1839 340 1903 400 S.
1940 343 2297 406 MELAN/E.

3487 351 3594 417 75‘

336 472 3551 530 ..____.__......._....________________________,___________

1378 648 1622 734 ΒΙοΣ
1719 651 1917 736 ΚΑΙ

2015 653 2554 742 ΠΟΛΙΤΕΙΑ

1780 835 1918 888 ΤΗΣ
1943 836 2145 890 ΟΣΙΑΣ

894 995 1708 1134 ΜΕΛΑΝΗΣ
1823 1009 2164 1136 ΤΗΣ
2237 1003 3026 1145 ΡΩΜΑΙΑΣ.

1206 1401 1497 1494 VITA
1607 1405 1757 1495 ET
1873 1403 2734 1504 CONVERSATIO

566 1614 1363 1779 SANCTAE
1471 1621 2133 1778 MELAN
2140 1631 2315 1779 1E
2422 1626 3096 1786 ROMAN
3106 1633 3340 1786 12E.

893 1891 1088 1955 (Latine
1119 1895 1245 1956 apud
1270 1894 1466 1945 Surium
1497 1894 1558 1944 ad
1589 1895 1720 1946 diem
1744 1895 1797 1944 51
1829 1895 1979 1955 Dec.;
2004 1897 2172 1947 Grece
2195 1909 2256 1945 ex
2284 1897 2389 1945 cod.
2411 1909 2503 1946 ms.
2534 1896 2672 1958 1555,
2693 1898 2864 1948 seculi
2887 1897 3009 1960 xxv.)

405 2181 491 2232 Ν.
512 2172 621 2231 Ἦν
654 2176 764 2248 ἄρα
798 2174 893 2228 καὶ
926 2173 1086 2230 τοῦτο
1130 2176 1232 2243 τῆς
1280 2176 1547 2244 μεγίστης
1592 2175 1701 2228 τῶν
1735 2177 1910 2230 πάλαι

2087 2173 2126 2227 l.
2155 2171 2283 2227 Fuit
2307 2187 2438 2239 ergo
2460 2173 2566 2227 hoc
2591 2187 2808 2244 quoque
2824 2185 3014 2226 earnm
3044 2185 3167 2242 qua
3215 2173 3343 2228 olim
3369 2173 3593 2231 fuerunt

334 2273 432 2328 καὶ
462 2267 939 2343 περιφανεστάτης
966 2268 1024 2319 ἐν
1052 2267 1241 2319 πόλεσι
1281 2266 1507 2336 Ῥώμης
1532 2267 1606 2336 μὴ
1641 2267 1804 2337 μόνον
1835 2268 1913 2340 τῷ

334 2364 525 2420 κάλλει
558 2363 747 2433 κομᾷνν
777 2361 914 2430 μηδὲ
940 2361 1006 2428 τῇ
1043 2359 1193 2412 θέσει
1224 2360 1404 2429 νικᾷν,
1462 2359 1597 2429 μηδὲ
1629 2360 1914 2430 τροπαίοις

336 2459 436 2512 καὶ
460 2459 574 2520 τοῖς
599 2455 779 2517 ἄλλοις
813 2454 950 2506 πᾶσι
979 2451 1366 2520 σεμνύνεσθαι,
1393 2451 1530 2504 ἀλλὰ
1563 2451 1746 2522 πολλῷ
1776 2452 1914 2516 μᾶλα

338 2549 431 2602 λον
464 2551 579 2612 τοῖς
614 2565 678 2617 γε
705 2547 771 2614 δὴ
811 2546 952 2615 ὑπὲρ
985 2543 1228 2615 Χριστοῦ
1267 2544 1692 2614 άνδρισαμένοις
1717 2545 1916 2614 ἐγκαλ-

336 2642 701 2707 λωπίζεσθαι,
734 2641 860 2693 ὅσον
908 2640 967 2692 ὲν
1010 2638 1239 2708 ἀνδράσι
1273 2637 1366 2691 καὶ
1398 2638 1522 2691 ὅσον
1568 2639 1626 2690 ὲν
1677 2639 1914 2706 γυναιξὶ,

340 2737 441 2791 καὶ
473 2735 704 2797 ταύταις
756 2733 958 2803 μᾶλλον
995 2732 1106 2800 ὅσῳ
1135 2733 1232 2785 καὶ
1282 2731 1405 2785 κατ’
1445 2731 1645 2802 ἄνδρας
1681 2733 1917 2803 ίσχυρῶς

336 2827 710 2900 ἠγωνίσαντο,
748 2827 841 2878 καὶ
872 2826 990 2888 τοῖς
1023 2823 1206 2886 ἄλλοις
1237 2824 1590 2894 παράδειγμα
1624 2823 1741 2892 βίου
1775 2824 1915 2894 πρὸς

339 2917 543 2988 ἀρετὴν
577 2915 774 2978 ἑαυτὰς
811 2916 1222 2984 κατεστήσαντο
1243 2931 1257 2945 ·
1305 2909 1382 2970 ὧν
1428 2916 1526 2984 μία
1553 2915 1638 2980 τίς
1670 2917 1790 2969 ἐστι
1821 2918 1916 2971 καὶ

337 3011 372 3079 ἡ
411 3009 663 3076 μακαρία
695 3007 942 3076 Μελάνη,
966 3006 1034 3076 ἢν
1065 3008 1095 3059 ὁ
1123 3005 1278 3073 λόγος
1305 3005 1566 3060 ὑπόθεσιν
1601 3007 1727 3076 ἄρτι
1781 3024 1918 3077 προσ

340 3097 613 3167 ιστήσατο
644 3099 740 3150 καὶ
765 3097 835 3150 τὰ
870 3096 1090 3167 ἐκείνης
1114 3096 1297 3164 λέγειν
1317 3097 1411 3149 ἀπ’
1435 3096 1611 3166 ἀρχῆς
1637 3098 1914 3167 ὥρμηται.

339 3192 582 3258 Ἢνεγκε
618 3190 717 3259 μὲν
745 3189 854 3259 γὰρ
897 3189 1070 3260 αὐτὴν
1094 3191 1128 3258 ἡ
1174 3189 1320 3243 οὕτω
1364 3189 1629 3259 καλλίστη
1675 3190 1766 3243 καὶ
1801 3190 1919 3243 ὀνο-

341 3284 522 3355 μαστὴ
565 3281 778 3353 Ῥώμη,
809 3281 966 3350 γένος
996 3282 1052 3334 δὲ
1097 3281 1305 3351 ταύτης
1347 3283 1443 3335 καὶ
1479 3282 1638 3336 τοῦτο
1671 3299 1915 3351 περιφα-

339 3378 618 3431 νέστατον.
644 3376 858 3445 Πρῶτοι
884 3374 996 3445 γάρ
1025 3375 1325 3446 ἐτύγχανον
1345 3377 1394 3428 οἱ
1419 3379 1596 3444 γονεῖς
1618 3378 1788 3447 αὐτῆς
1818 3378 1916 3446 τῆς

349 3467 639 3538 Ῥωμαίων
672 3467 893 3537 βουλῆς.
922 3467 1066 3537 Ἔφυ
1093 3469 1150 3521 δὲ
1181 3469 1241 3533 ἐξ
1265 3468 1486 3536 ἀγαθῶν
1517 3469 1730 3541 ἀγαθή·
1763 3470 1916 3524 εὐσε-

339 3559 458 3621 ϐεῖς
491 3559 589 3622 μὲν
614 3559 722 3628 γὰρ
755 3559 999 3612 κάκεῖνοι
1031 3561 1125 3612 καὶ
1147 3561 1353 3631 ἀρετῆς
1378 3562 1629 3629 ἐρασταί.

411 3652 490 3708 B'.
528 3653 668 3722 ’Ἤδη
728 3652 788 3704 δὲ
843 3653 991 3722 ὥραν
1027 3652 1267 3718 ἄγουσαν
1323 3655 1501 3726 γάμου
1559 3658 1918 3729 σωφροσύνης

341 3745 610 3812 ἐπιθυμία
650 3744 821 3815 αὐτὴν
850 3747 950 3812 τῆς
1002 3746 1124 3800 καθ’
1169 3746 1607 3819 ἠλικίανρρμῆς
1664 3751 1912 3821 ἐκράτει,

342 3834 440 3886 καὶ
469 3835 594 3895 τοὺς
622 3833 883 3895 τεκόντας
907 3833 1062 3902 ⁴ίιξίου
1099 3834 1312 3903 μήποτε
1363 3834 1532 3904 αὐτὴν
1568 3836 1653 3898 είς
1697 3836 1917 3903 ὁμιλίαν

342 3923 538 3994 ἀνδρὸς
567 3927 817 3992 ἀγαγεῖν,
847 3925 964 3978 ἀλλ’
995 3923 1185 3994 ῶσπερ
1235 3924 1294 3978 τὸ
1346 3921 1523 3991 εἷναι,
1563 3925 1740 3990 οὕτως
1775 3928 1913 3998 αὐτῇ

343 4016 525 4071 καὶτὸ
551 4015 819 4082 παρθένον
857 4019 1036 4085 μεῖναι
1079 4015 1433 4086 χαρίσασθαι.
1469 4020 1532 4072 Ol
1560 4018 1618 4072 δὲ
1650 4020 1743 4073 ἐπὶ
1779 4019 1918 4091 μόνῃ

332 4109 518 4178 ’ταύτῃ
560 4107 652 4160 τὸν
682 4107 798 4177 βίον
830 4107 1151 4173 σαλεύοντες
1191 4111 1286 4162 καὶ
1320 4110 1416 4162 τοῦ
1445 4111 1640 4177 γένους
1670 4111 1918 4181 διάδοχον

345 4199 406 4267 ἐξ
436 4200 608 4269 αὐτῆς
639 4199 786 4268 ἔχειν
816 4198 1126 4264 ἐλπίζοντες
1155 4200 1273 4262 ἔτος
1315 4202 1417 4270 ἤδη
1461 4202 1920 4271 τεσσαρεσκαιδὲ-

344 4308 516 4346 κατον
567 4292 810 4359 ἄγουσαν
855 4292 950 4344 καὶ
996 4293 1236 4345 ἄκουσαν
1269 4294 1423 4363 ἀνδρὶ
1456 4293 1778 4352 ἐκδιδοῦσιν.
1811 4291 1922 4351 Ἦν

345 4383 406 4436 δὲ
441 4385 538 4437 καὶ
563 4383 591 4435 ὁ
615 4382 849 4452 νυμφίος
898 4385 1008 4452 ἄρα
1052 4384 1114 4435 τό
1142 4400 1206 4436 τε
1239 4385 1396 4452 γένος
1444 4389 1539 4439 καὶ
1565 4388 1663 4452 τὴν
1698 4389 1920 4458 ἠλικίαν

346 4475 442 4526 καὶ
469 4473 640 4526 τᾶλλα
674 4473 855 4525 πάντα
891 4475 957 4542 τῇ
992 4472 1216 4542 Ms).an
1267 4475 1631 4544 παράμιλλος,
1675 4477 1920 4545 γεγονὼς

350 4564 451 4635 μὲν
486 4565 543 4629 ἐξ
574 4563 820 4625 ὑπάτων,
855 4563 984 4631 ἇρτι
1035 4563 1094 4615 δὲ
1135 4565 1227 4618 τὸν
1271 4565 1472 4635 ἔφηϐον
1505 4567 1917 4636 παραλλάττων·

358 4653 700 4716 Ἀπεινιανδς
735 4653 814 4723 τῷ
840 4653 1056 4722 νυμφίῳ
1085 4654 1144 4708 τὸ
1186 4655 1380 4726 ὄνομα,
1415 4657 1532 4720 ἔτος
1559 4659 1789 4726 ἔγγιστά
1818 4677 1921 4714 που

343 4752 498 4820 ἄγων
531 4749 1020 4822 ἑπτακαιδέκατον.
1055 4749 1212 4803 Οὕτω
1243 4751 1351 4804 τῶν
1380 4753 1575 4822 γάμων
1613 4756 1800 4818 αὐτοῖς
1833 4773 1924 4808 τε-

344 4845 646 4898 λεσθέντων
668 4847 702 4913 ἡ
737 4845 1030 4913 θαυμαστὴ
1061 4844 1285 4912 Μελάνη
1321 4847 1420 4898 κα)⁵
1465 4846 1606 4916 μετὰ
1656 4849 1784 4908 τοὺς
1824 4849 1924 4915 γά·
1947 4883 1991 4946 C

350 4956 486 5009 μους
533 4939 724 4999 δεινῶς
756 4936 838 4990 ἔτι
871 4938 1073 5006 μᾶλλον
1110 4938 1223 5009 ἦρα
1270 4938 1368 5002 τῆς
1409 4939 1790 5008 σωφροσύνης,
1826 4941 1921 4994 καὶ

349 5030 597 5098 σφοδρῶς
639 5029 811 5098 αὐτὴν
841 5033 870 5083 ὁ
896 5031 995 5098 τῆς
1023 5030 1244 5096 ἁγνείας
1287 5029 1427 5098 ἔρως
1476 5032 1777 5098 πυρπολῶν
1819 5031 1920 5084 οὐκ

343 5120 510 5179 ἀνίει.
555 5120 726 5190 πολλὴ
757 5119 816 5172 δὲ
847 5117 915 5191 ἦν
939 5121 1035 5172 καί⁹
1059 5119 1153 5172 τὸν
1176 5120 1350 5188 ἄνδρα
1376 5120 1555 5173 ταῦτα
1580 5122 1921 5190 παραινοῦσα

345 5214 462 5274 τοῖς
494 5211 712 5278 λόγοιςο
745 5213 841 5265 καὶ
872 5210 1061 5279 ἐπειδὴ
1099 5211 1174 5280 μὴ
1201 5211 1407 5281 ἤρκουν
1441 5213 1489 5263 oi
1520 5212 1670 5280 λόγοι
1707 5215 1802 5266 καὶ
1828 5213 1923 5267 δά-

344 5322 493 5375 κρυα
531 5303 965 5374 συνεπράττοντο
1000 5305 1080 5366 είς
1111 5302 1318 5366 πειθὼ,
1361 5303 1602 5356 τοιαῦτα¹
1646 5305 1922 5374 λέγουσιν·

345 5397 412 5450 Εἰ
450 5395 570 5465 μὲν,
614 5389 658 5448 ὧ
693 5395 916 5464 φίλτατε
947 5395 1103 5466 ἆνερ,
1140 5395 1207 5449 τὰ
1248 5395 1388 5448 αὐτὰ
1416 5396 1510 5448 καὶ
1542 5397 1626 5447 σοὶ
1660 5397 1917 5464 σινδοκεῖ,

348 5489 447 5543 καὶ
477 5490 648 5558 ἄμφω
682 5489 824 5541 κατὰ
858 5489 949 5541 τὸν
979 5489 1081 5558 τῆς
1130 5486 1486 5557 σωφροσύνης
1515 5489 1676 5556 νόμον
1707 5489 1925 5556 οἰκήσο-

353 5599 479 5653 μεν,
537 5581 800 5652 μακάριοι
830 5582 939 5635 τῶν
981 5583 1174 5651 γάμων
1210 5583 1392 5651 ἡμεῖς,
1426 5581 1592 5649 ἄμφω
1629 5597 1688 5633 τε
1721 5582 1814 5634 καὶ
1857 5581 1924 5632 δι’

349 5673 604 5742 ἀλλήλων
623 5673 930 5743 σωζόμενοι
961 5674 1055 5729 καὶ
1087 5673 1364 5745 πρόφασιν
1387 5673 1640 5742 ἀλλήλοις
1669 5673 1767 5740 τῆς
1798 5673 1929 5726 καλ-

347 5764 542 5838 λίστης
563 5766 686 5822 ὁδοῦ
715 5766 996 5837 γινόμενοι
1015 5783 1030 5800 ο
1061 5766 1110 5819 ει
1139 5766 1196 5820 δὲ
1229 5764 1291 5820 σὲ
1335 5765 1392 5818 τὸ
1426 5762 1544 5818 νέον
1587 5765 1682 5833 τῆς
1714 5764 1929 5831 ἡλικίας

2017 2264 2298 2319 civitatum
2331 2265 2587 2317 maximat
2624 2271 2680 2316 et
2729 2261 3058 2316 clarissima:
3096 2263 3308 2326 llomat,
3338 2279 3447 2319 non
3499 2280 3593 2321 so-

2018 2357 2128 2411 lum
2166 2358 2348 2412 ell‘erri
2381 2357 2821 2428 pulchritudine,
2849 2371 3033 2426 neque
3071 2357 3182 2412 situ
3211 2359 3459 2424 vincere,
3489 2375 3589 2415 ne-

2016 2465 2125 2520 que
2163 2452 2384 2521 tropmis
2415 2461 2470 2506 et
2515 2451 2640 2504 aliis
2674 2449 2934 2505 omnibus
2973 2451 3224 2519 gloriari,
3269 2451 3365 2508 sed
3415 2452 3592 2508 multo

2017 2546 2192 2613 magis
2225 2546 2330 2599 sibi
2365 2546 2603 2613 placere,
2631 2554 2684 2599 et
2723 2558 2784 2600 se
2815 2546 3171 2615 magniﬁcare
3203 2555 3432 2616 propter
3471 2562 3592 2608 eos.

2019 2637 2114 2705 qui
2145 2651 2244 2707 pro
2283 2637 2509 2691 Cbristo
2542 2652 2602 2692 se
2653 2637 2874 2692 fortiter
2915 2647 3231 2707 gesserunt,
3274 2648 3386 2694 tam
3443 2639 3592 2694 viros

2017 2744 2180 2798 quam
2216 2729 2500 2795 mulieres,
2534 2737 2588 2785 et
2622 2730 2722 2784 has
2759 2731 2959 2799 magis,
2997 2731 3144 2799 quod
3181 2745 3289 2786 non
3323 2745 3482 2786 secus
3526 2746 3594 2787 ac

2021 2821 2122 2876 viri
2153 2821 2371 2875 fortiter
2397 2823 2776 2885 decertarunt,
2829 2831 2884 2876 et
2923 2837 2984 2878 se
3023 2823 3149 2878 vitae
3183 2823 3494 2892 exemplum
3527 2825 3595 2879 ad

2017 2913 2276 2968 virtutem
2307 2914 2429 2968 aliis
2476 2915 2905 2968 constituerunt.
2954 2915 3029 2968 Ex
3088 2916 3289 2984 quibus
3335 2929 3444 2970 una
3491 2915 3596 2970 fuit

2019 3005 2176 3060 beata
2227 3005 2462 3067 Melana,
2504 3020 2668 3074 quam
2703 3005 2806 3060 sibi
2841 3021 2990 3061 nunc
3037 3015 3424 3076 argninentum
3459 3021 3591 3077 pro-

2019 3096 2202 3166 posuit
2230 3096 2432 3160 oratio,
2467 3106 2522 3150 et
2554 3111 2814 3167 aggressa
2851 3107 2936 3153 est
2973 3114 3061 3153 res
3093 3097 3243 3154 illius
3282 3099 3470 3154 dicere
3521 3101 3592 3156 ab

2022 3189 2202 3244 initio.
2237 3188 2370 3244 Eam
2405 3190 2551 3244 enim
2603 3191 2728 3245 tulit
2769 3191 3131 3246 celeberrima
3174 3199 3230 3246 et
3279 3192 3591 3249 clarissima

2019 3279 2215 3336 Roma.
2238 3281 2366 3334 Fuit
2399 3289 2584 3336 autem
2605 3283 2725 3352 ejus
2748 3297 2967 3352 quoque
2991 3298 3166 3352 genus
3195 3283 3591 3340 clarissimum.

2020 3373 2192 3427 Erant
2221 3372 2366 3426 enim
2396 3373 2516 3443 ejus
2554 3383 2814 3442 parentes
2858 3373 3022 3442 primi
3053 3383 3282 3429 senatus
3313 3372 3592 3430 Romano-

2021 3483 2168 3522 rum.
2199 3467 2330 3523 Orta
2371 3474 2458 3523 est
2506 3478 2685 3523 autem
2719 3467 2861 3522 bona
2909 3483 2979 3522 ex
3014 3468 3199 3523 bonis.
3251 3467 3390 3522 Nam
3438 3477 3598 3525 erant

2021 3559 2099 3615 illi
2123 3574 2344 3629 quoque
2375 3562 2450 3629 pii
2487 3568 2542 3614 et
2570 3560 2834 3614 virtutum
2865 3569 3162 3615 amatores.

2092 3649 2158 3703 ll.
2196 3649 2331 3703 Cum
2363 3666 2492 3720 ergo
2523 3651 2636 3719 jam
2658 3654 2803 3706 esset
2835 3651 3066 3711 nubilis.
3091 3651 3430 3708 desiderium
3463 3667 3596 3708 con-

2021 3739 2267 3794 tinentia:
2301 3742 2436 3796 vicit
2464 3743 2608 3811 ejus,
2650 3757 2776 3811 quae
2807 3758 2872 3797 ex
2903 3753 3068 3799 tetate
3117 3753 3258 3811 erat,
3297 3747 3594 3815 appetitio-

2019 3845 2168 3894 nem,
2203 3842 2256 3886 et
2279 3835 2490 3902 rogavit
2521 3843 2804 3902 parentes,
2830 3849 2900 3890 ne
2931 3851 3172 3905 unquam
3221 3850 3344 3890 eam
3397 3837 3596 3906 junge-

2019 3936 2146 3983 rent
2175 3931 2555 3998 matrimonio,
2597 3933 2691 3986 sed
2750 3932 2893 3988 sicut
2927 3935 2998 3996 ei,
3025 3942 3084 3987 ut
3111 3940 3278 3998 esset,
3319 3932 3394 3985 ita
3424 3933 3593 3984 etiam

2021 4031 2082 4076 ut
2108 4023 2261 4091 virgo
2292 4032 2559 4088 maneret,
2587 4026 2971 4079 concederent.
2999 4025 3080 4078 Illi
3107 4033 3292 4078 autem
3317 4038 3440 4078 cum
3467 4035 3596 4091 pro-

2021 4122 2142 4182 pter
2165 4115 2308 4168 ltanc
2345 4115 2518 4168 solam
2575 4116 2744 4186 hujus
2777 4117 2900 4170 vita:
2936 4119 3280 4184 agitarentur
3309 4116 3592 4178 ﬂuctibus,

2021 4207 2069 4259 ei
2092 4214 2349 4274 parantes
2383 4205 2629 4269 divitias,
2685 4214 2740 4260 et
2781 4219 3075 4276 sperantes
3107 4221 3167 4262 se
3212 4221 3592 4262 successorem

2020 4299 2237 4367 generis
2266 4313 2331 4352 ex
2365 4312 2428 4352 ea
2458 4297 2768 4362 habituros,
2799 4310 3055 4368 quartum
3083 4299 3359 4354 decimum
3385 4313 3590 4352 annum

2019 4385 2130 4454 jam
2163 4393 2415 4455 agentem
2449 4386 2534 4440 vel
2567 4388 2793 4441 invitam
2819 4389 3087 4444 collocant
3123 4390 3179 4444 in
3210 4389 3592 4445 matrimonio.

2024 4473 2155 4529 Erat
2188 4492 2316 4531 vero
2338 4477 2459 4546 ejus
2493 4492 2749 4544 sponsus,
2776 4487 2832 4533 et
2857 4496 3080 4547 genere,
3101 4489 3157 4535 et
3183 4491 3344 4536 aetate
3375 4489 3432 4536 et
3461 4481 3534 4536 ali
3546 4482 3592 4538 is

2025 4567 2279 4622 omnibus
2309 4584 2435 4622 cum
2466 4568 2676 4622 Melana
2709 4570 3084 4627 conferendus
3123 4589 3137 4625 :
3175 4582 3340 4628 natus
3371 4573 3593 4642 quidem

2025 4675 2092 4716 ex
2149 4661 2494 4723 consulibus,
2561 4669 2616 4716 et
2665 4663 2828 4717 modo
2880 4665 3155 4719 excedens
3207 4679 3275 4720 ex
3342 4664 3592 4733 ephebis.

2028 4751 2224 4822 Sponsi
2248 4763 2428 4807 autem
2459 4767 2659 4808 nomen
2686 4765 2807 4809 erat
2826 4754 3169 4824 Apenianus,
3200 4771 3370 4823 agens
3389 4770 3591 4809 annum

2025 4847 2248 4900 circiter
2278 4846 2554 4900 decimum
2583 4846 2896 4914 septimum.
2929 4848 3026 4902 His
3045 4857 3227 4902 autem
3251 4849 3332 4902 sic
3351 4847 3599 4902 celebra-

2026 4941 2094 4993 tis
2129 4939 2363 5007 nuptiis,
2397 4939 2741 4994 admirabilis
2770 4938 2978 4994 Melana
3002 4940 3167 4994 etiam
3196 4947 3321 5009 post
3375 4938 3594 5007 nuptias

2023 5031 2204 5085 adhuc
2235 5031 2616 5086 vehementius
2651 5030 2870 5086 amabat
2899 5032 3324 5097 continentiam,
3355 5040 3412 5086 et
3442 5044 3595 5085 amor

2024 5122 2298 5177 castitatis
2353 5137 2461 5176 non
2517 5124 2918 5179 intermittebat
2955 5139 3076 5179 eam
3128 5125 3314 5178 acrius
3362 5137 3522 5178 urere
3575 5142 3590 5177 :

2031 5215 2222 5269 multis
2253 5230 2382 5268 vero
2421 5212 2604 5269 verbis
2647 5215 2906 5269 maritum
2952 5229 3113 5268 suum
3155 5216 3224 5268 ad
3256 5213 3359 5268 hoc
3387 5213 3596 5267 exhor-

2030 5305 2272 5368 tabatur,
2294 5316 2350 5359 et
2395 5320 2520 5359 cum
2553 5306 2715 5359 verba
2749 5321 2857 5359 non
2904 5289 3246 5369 subicerent,
3297 5302 3346 5359 ei
3380 5317 3599 5374 quoque

2024 5396 2090 5450 ad
2125 5399 2546 5466 persuasionem
2580 5411 2739 5464 opem
2767 5397 3018 5450 ferebant
3051 5397 3325 5465 lacrymte,
3371 5396 3484 5450 haec
3511 5395 3596 5449 di-

2028 5489 2174 5542 centi
2215 5505 2229 5542 :
2259 5486 2316 5541 Si
2342 5488 2587 5556 quidem,
2625 5502 2658 5540 o
2684 5488 2880 5541 marite
2909 5486 3254 5553 cbarissime,
3279 5488 3467 5543 eadem
3495 5487 3596 5541 tibi

2029 5594 2253 5649 quoque
2275 5579 2552 5644 videntur,
2586 5584 2640 5632 et
2668 5578 2832 5633 ambo
2859 5578 3231 5634 habitabimus
3267 5578 3601 5632 convenien-

2032 5680 2117 5726 ter
2161 5671 2268 5740 legi
2311 5671 2689 5737 continentie,
2753 5671 2902 5726 beati
2956 5686 3058 5727 nos
3111 5672 3318 5728 erimus
3377 5677 3603 5742 propter

2033 5763 2277 5830 nuptias,
2311 5771 2364 5820 et
2395 5762 2559 5821 ambo
2586 5777 2682 5828 per
2719 5778 2822 5821 nos
2854 5763 3088 5822 invicem
3117 5762 3251 5820 salvi
3285 5763 3518 5820 erimus.
3545 5771 3601 5819 et
