4128 6384
575 402 690 472 ἠδ

1794 417 2081 481 MENSIS
2117 422 2548 489 DECEMBER.

3719 436 3828 501 756

571 516 781 573 erimus
806 513 946 570 alter
976 515 1132 571 alteri
1178 517 1281 572 vias
1314 513 1702 589 pulcherrima:
1746 526 1995 581 occasio.
2040 526 2125 582 Sir

2245 534 2416 591 ταῦτα
2447 539 2525 607 μὴ
2555 523 2741 608 φέρειν
2788 524 2877 611 itii,
2925 541 2991 595 σὺ
3031 516 3162 612 γοῦν
3192 541 3313 597 ἀλλ’
3359 543 3461 614 {at
3496 545 3679 613 ἔασον,
3727 553 3824 604 καὶ

570 618 752 662 autem
788 608 1052 676 juventus
1083 617 1139 665 et
1172 620 1307 665 tetas
1359 613 1686 682 propensior
1731 616 1798 671 ad
1832 620 2144 688 voluptates

572 714 685 754 non
719 699 993 768 permittit
1036 709 1095 755 ut
1150 702 1253 756 hoc
1276 701 1444 767 feras,
1486 712 1540 757 at
1583 715 1639 757 tu
1673 719 1760 759 me
1787 710 1962 773 sinas,
1997 720 2145 765 etne

573 801 819 862 emptum
862 808 1042 847 meum
1078 800 1133 848 et
1163 794 1482 849 institutum
1523 796 1823 866 prohibeas
1860 816 1876 855 :
1910 801 2017 854 mei
2045 815 2144 855 au-

578 893 685 937 tem
718 884 971 953 corporis
998 893 1052 939 et
1072 899 1206 939 mea:
1225 884 1494 940 libertatis
1524 902 1740 945 merces
1768 899 1928 943 erunt
1950 907 2142 946 omnes

576 976 980 1045 possessiones,
1012 991 1206 1031 omnes
1238 976 1451 1042 famuli,
1484 990 1538 1033 et
1576 991 1779 1045 vestes,
1810 989 1865 1035 et
1917 982 2137 1047 domus,

568 1076 624 1121 et
650 1082 1000 1136 quiscunque
1042 1068 1148 1123 alia
1177 1079 1308 1124 sunt
1343 1071 1397 1123 in
1448 1071 1588 1127 meis
1622 1071 2001 1128 facultatibus.
2043 1074 2140 1127 liis

569 1162 828 1214 omnibus
864 1160 959 1216 tibi
1002 1162 1161 1228 cedo,
1212 1164 1512 1218 dummodo
1550 1166 1808 1234 meipsam
1846 1166 2134 1220 redimam.

564 1251 663 1306 llle
696 1267 822 1307 vero
856 1268 1033 1322 neque
1065 1255 1385 1307 universum
1423 1256 1757 1319 concedens,
1800 1273 1983 1327 neque
2014 1258 2137 1324 ejus

557 1333 736 1398 totam
761 1359 1024 1401 aversans
1048 1346 1390 1400 voluntatem
1423 1364 1436 1400 :
1464 1346 1621 1402 Nunc
1648 1349 1889 1417 quidem,
1914 1366 1947 1403 ο
1972 1366 2132 1416 uxor,

565 1433 764 1501 inquit,
798 1450 907 1489 non
962 1445 1198 1505 possunt
1246 1436 1363 1490 haec
1399 1437 1563 1491 fieri:
1606 1447 1895 1507 postquam
1948 1448 2133 1493 autem

563 1526 785 1597 generis
847 1535 901 1581 et
944 1528 1268 1581 facultatum
1312 1529 1671 1584 habuerimus
1724 1546 2129 1598 successorem,

560 1632 667 1672 nec
684 1632 783 1686 ego
806 1617 952 1673 bono
980 1626 1074 1672 tuo
1103 1620 1358 1674 instituto
1381 1620 1568 1675 deero.
1593 1621 1770 1675 Grave
1788 1622 1932 1675 enim
1959 1631 2128 1684 esset,

559 1708 604 1760 si
637 1708 693 1763 in
718 1707 902 1762 divino
932 1708 1207 1764 desiderio
1244 1711 1328 1765 vir
1361 1710 1583 1766 feminae
1613 1713 1810 1766 cedere
1837 1713 2130 1781 conspice-

558 1813 672 1855 rer.
708 1798 816 1855 Sed
844 1809 973 1857 tunc
1013 1802 1175 1858 ambo
1198 1804 1343 1859 hanc
1378 1804 1522 1859 viam
1556 1805 1840 1876 eligentes,
1897 1822 2007 1860 non
2043 1822 2131 1860 se-

558 1910 660 1949 cus
700 1908 765 1949 ac
797 1896 852 1949 in
886 1897 1262 1962 matrimonio,
1305 1898 1381 1952 ita
1423 1898 1480 1952 in
1514 1898 1625 1952 vita
1673 1914 1743 1953 ex
1773 1897 1887 1955 Deo
1916 1897 2128 1971 agenda

556 1986 703 2038 inter
730 1999 835 2039 nos
871 1986 1346 2054 conspirabimus.

625 2072 719 2128 lli.
754 2074 1135 2144 Acquiescunt
1167 2076 1333 2131 ambo
1377 2078 1450 2141 ei,
1488 2078 1637 2148 quod
1674 2079 1884 2134 dictum
1921 2078 2125 2134 fuerat.

557 2166 899 2223 Procedente
943 2177 1128 2223 autem
1172 2180 1443 2238 tempore,
1496 2174 1746 2227 nascitur
1780 2172 1864 2226 eis
1923 2172 2126 2240 puella.

558 2257 635 2313 Ea
664 2274 788 2314 cum
821 2262 1059 2329 primum
1094 2261 1270 2316 lucem
1301 2265 1533 2332 aspexit,
1562 2265 1834 2318 castitatis
1872 2264 1989 2318 Soli
2017 2265 2129 2320 fuit

559 2360 904 2418 consecrata,
935 2352 1149 2408 Melana
1178 2353 1439 2408 offerente
1461 2356 1731 2423 primitias
1759 2356 2011 2419 Domino,
2033 2357 2127 2425 qui

560 2445 736 2512 ipsam
769 2445 1004 2501 dederat
1035 2462 1052 2501 :
1095 2455 1155 2501 ut
1187 2448 1271 2501 sic
1302 2450 1388 2503 vel
1421 2449 1878 2504 consuetudinem
1915 2448 2125 2505 habens

557 2538 898 2594 matrimonii
938 2540 1222 2596 videretur
1253 2542 1554 2610 plurimum
1607 2544 1851 2598 tribuere
1906 2542 2129 2611 virgini-

553 2632 678 2686 tati.
722 2632 994 2703 Deinceps
1024 2649 1157 2690 vero
1183 2635 1421 2705 seipsam
1452 2636 1809 2702 contrahens,
1848 2635 2127 2690 moderate

553 2732 613 2778 et
677 2731 1045 2795 temperanter
1121 2727 1365 2783 vivebat.
1437 2726 1557 2783 Non
1620 2737 1828 2784 vestem
1878 2728 2126 2798 gestabat

553 2814 920 2884 splendidam,
954 2834 1062 2875 non
1088 2834 1289 2890 corpus
1315 2835 1477 2876 suum
1510 2820 1728 2876 fovebat
1765 2819 1996 2875 lavacris
2023 2836 2038 2875 :
2069 2828 2126 2875 et

552 2907 605 2962 si
642 2908 864 2977 quando
890 2924 922 2964 a
973 2912 1175 2967 marito
1227 2921 1323 2967 aut
1367 2927 1398 2966 a
1449 2912 1774 2983 parentibus
1813 2921 2121 2980 cogeretur,

551 2999 670 3055 ibat
702 3001 925 3071 quidem
965 3004 1033 3058 ad
1072 3005 1352 3071 balneum,
1386 3019 1513 3060 cum
1554 3014 1738 3060 autem
1772 3005 1982 3060 vultum
2029 3018 2123 3059 so-

549 3093 667 3147 lum
701 3093 939 3150 lavacris
962 3096 1249 3161 abluisset,
1281 3105 1342 3152 ut
1378 3112 1574 3153 eorum
1606 3097 1702 3169 qui
1726 3097 1996 3166 iubebant
2019 3111 2118 3151 vo-

2252 631 2326 699 μὴ
2376 631 2553 685 κώλυε
2588 631 2683 685 τοῦ
2735 634 3185 705 ἐπιχειρήματος.
3230 637 3443 701 Μισθὸς
3489 638 3549 691 δὲ
3601 640 3684 693 σοὶ
3731 640 3826 696 τοῦ

2246 721 2382 791 ἐμοῦ
2412 722 2667 791 σώματος
2710 726 2803 778 καὶ
2850 727 2950 795 τῆς
2971 726 3289 798 ἐλευθερίας
3321 730 3501 783 πάντα
3544 731 3644 799 μὲν
3685 733 3826 801 χρή-

2247 817 2601 885 ματα,πάντα
2625 818 2679 870 δὲ
2701 820 2980 889 κτήματα,
3007 823 3204 881 πάντες
3226 822 3282 873 δὲ
3312 822 3520 875 οἰκέται
3549 824 3643 875 καὶ
3665 823 3826 894 ἐσθὴς

2243 909 2337 960 καὶ
2369 905 2509 961 οἴκοι
2560 910 2653 963 καὶ
2690 912 2858 965 τᾶλλα
2908 913 3010 966 ὅσα
3064 912 3166 980 τῆς
3223 912 3508 981 ὑπάρξεώς
3564 916 3679 966 ἐστι
3724 914 3824 983 τῆς

2244 1001 2405 1068 ἐμῆς.
2431 999 2647 1054 Τούτων
2676 1020 2757 1054 σοι
2784 1004 3003 1056 πάντων
3030 1004 3365 1071 παραχωρῶ,
3394 1006 3552 1071 μόνον
3574 1005 3622 1055 εί
3648 1006 3822 1071 ἐμαυο

2240 1088 2338 1159 τὴν
2367 1089 2671 1159 ὠνήσομαι.
2719 1092 2777 1144 Ὀ
2803 1091 2861 1144 δὲ
2916 1095 3055 1161 μήτε
3085 1093 3148 1145 τὸ
3196 1094 3305 1145 πᾶν
3354 1092 3531 1154 διδοὺς
3585 1094 3725 1162 μήτε
3761 1093 3847 1162 te,

2239 1181 2358 1234 ὅλον
2386 1182 2480 1234 τοῦ
2507 1183 2844 1252 βουλήματος
2874 1182 3216 1252 ἀποτρέπων.
3246 1183 3360 1236 Νῦν
3394 1183 3514 1251 μὲν,
3547 1182 3752 1244 ἔλεγεν,
3776 1176 3821 1234 ὦ

2238 1273 2419 1342 γύναι,
2443 1274 2616 1327 ταῦτα
2648 1275 2707 1327 οὐ
2737 1276 2968 1329 δυνατάο
3007 1276 3175 1328 ἐπειδ’
3208 1276 3277 1330 ἂν
3308 1276 3364 1327 δὲ
3407 1278 3503 1327 καὶ
3547 1275 3821 1343 διαδόχους

2236 1369 2328 1421 τοῦ
2369 1368 2557 1435 γένους
2584 1368 2674 1421 καὶ
2702 1369 2800 1437 τῆς
2823 1370 3010 1429 οὐσίας
3035 1367 3368 1437 κτησώμεθα
3389 1408 3403 1424 .
3433 1368 3555 1419 οὐδὲ
3582 1368 3693 1434 ἐγώ
3726 1384 3819 1420 σου

2235 1460 2336 1528 τῆς
2366 1460 2574 1528 ἀγαθῆς
2604 1458 2829 1528 γνώμης
2864 1459 3333 1528 ἁπολειφθήσομαι
3370 1476 3384 1490 ·
3424 1461 3661 1529 χαλεπὸν
3687 1463 3815 1530 γὰρ,

2236 1554 2283 1603 εἰ
2311 1552 2450 1621 ἀνὴρ
2479 1551 2735 1618 γυναικὸς
2784 1551 3022 1603 ἐλάττων
3044 1550 3143 1619 τῆς
3169 1556 3296 1618 περὶ
3344 1550 3477 1603 Θεὸν
3522 1551 3815 1617 ἐπ.θυμίας

2232 1643 2545 1713 ὀφθήσομαι
2568 1657 2583 1673 ⁸
2614 1642 2725 1694 ἀλλ’
2752 1642 2920 1710 ἄμφω
2955 1643 3073 1694 τότε
3108 1643 3205 1711 τὴν
3237 1641 3354 1694 ὁδὸν
3389 1641 3591 1713 ταύτην
3624 1643 3816 1706 ἑλόμε-

2231 1751 2333 1799 νοι,
2385 1735 2581 1802 ὁμοίως
2631 1735 2819 1804 ὥσπερ
2851 1733 2928 1804 τῷ
2976 1735 3160 1803 γάμῳ,
3209 1732 3353 1787 οὕτω
3409 1734 3513 1788 κάν
3568 1737 3637 1805 τῇ
3672 1735 3815 1787 κατά

2158 1864 2203 1925 Β
2231 1826 2363 1882 Θεὸν
2401 1827 2644 1900 διαγωγῇ
2673 1827 2920 1897 ἀλλήλοις
2952 1826 3364 1898 εἰσπνεύσομεν.

2301 2104 2374 2159 1".
2405 2103 2728 2173 Στέργουσιι
2755 2102 3056 2173 ἀμφότεροι
3079 2104 3157 2172 τῷ
3186 2102 3428 2171 λεχθέντι
3450 2120 3465 2134 ο
3494 2101 3589 2155 τοῦ
3614 2102 3807 2172 χρόνου

2231 2196 2290 2249 δὲ
2338 2197 2644 2266 προϊόντος,
2699 2196 2797 2249 καὶ
2840 2196 3057 2249 παιδίον
3110 2196 3295 2259 αὐτοῖς
3347 2195 3597 2248 τίκτεται
3649 2194 3803 2263 θῆλυ.

2232 2287 2403 2340 Τοῦτο
2430 2286 2548 2357 ἅμα
2579 2304 2637 2339 τε
2674 2288 2735 2340 τὸ
2762 2287 2877 2354 φῶς
2910 2283 3039 2351 εἶδε,
3072 2287 3167 2340 καὶ
3199 2287 3317 2356 ἅμα
3341 2286 3419 2357 τῷ
3457 2287 3557 2356 τῆς
3586 2286 3806 2352 ἁγνείας

2245 2380 2411 2449 Ἡλίῳ
2438 2379 2774 2451 καθιερώθη,
2817 2381 2913 2450 τῆς
2952 2381 3204 2450 Μελάνης
3228 2379 3487 2448 ἀπαρχὴν
3529 2378 3699 2447 αὐτὴν
3729 2377 3807 2448 τῷ

2227 2472 2369 2524 δόντι
2423 2472 2615 2541 Κυρίῳ
2675 2471 3157 2541 προσαγαγούσης,
3212 2471 3278 2524 ἵν’
3317 2470 3462 2523 οὕτω
3500 2470 3595 2522 καὶ
3640 2469 3805 2539 γάμῳ

2229 2563 2637 2635 προσομιλοῦσα
2659 2567 2725 2631 τῇ
2753 2563 3021 2633 παρθενίᾳ
3047 2564 3241 2631 φανείη
3272 2563 3330 2615 τὸ
3349 2563 3511 2615 πλέον
3538 2562 3801 2629 νέμουσα,

2227 2657 2323 2710 καὶ
2347 2657 2408 2709 τὸ
2434 2657 2561 2724 ἑξῆς
2594 2658 2920 2710 συστείλασα
2972 2655 3172 2726 ἑαυτὴν
3202 2656 3559 2724 σωφρονικῶς
3593 2650 3661 2726 ἦν
3700 2653 3805 2723 βιο-

2226 2750 2481 2804 τεύουσα.
2538 2750 2650 2819 Οὐχ
2703 2748 2920 2818 ἱμάτιον
2968 2747 3189 2816 ἐκείνην
3236 2749 3463 2816 ἐκόσμει
3511 2730 3817 2815 λαμπρόν(

2225 2843 2327 2897 οὐκ
2356 2840 2658 2912 ἐθεράπευε
2678 2842 2740 2894 τὸ
2760 2841 2924 2909 σῶμα
2946 2841 3195 2909 λουτρόν.
3223 2840 3342 2893 Κᾶν
3367 2841 3549 2893 εἴποτε
3569 2840 3626 2893 δὲ
3650 2841 3803 2909 παρά

2226 2935 2322 2989 τοῦ
2353 2934 2547 3005 ἀνδρὸς
2580 2936 2613 3004 ἢ
2647 2935 2756 2988 τῶν
2806 2934 3076 2987 τεκόντων
3107 2932 3446 3003 ἐκϐιασθείη,
3488 2932 3656 3003 ἀπῄει
3699 2932 3801 3001 μιν

2225 3030 2304 3092 είς
2332 3029 2633 3098 βαλανεῖον,
2663 3026 2732 3081 τὰ
2771 3027 2828 3079 δὲ
2869 3026 3142 3097 πρόσωπα
3188 3026 3348 3095 μόνον
3392 3026 3507 3087 τοῖς
3552 3010 3819 3113 λουτροτςξ

2223 3122 2610 3189 ἀπονιψαμένη
2654 3119 2777 3173 ὅσον
2821 3119 2884 3172 τὸ
2921 3118 3135 3187 θέλημα
3167 3118 3277 3171 τῶν
3327 3118 3818 3187 προτρεψαμένων⁹

550 3183 752 3240 luntati
785 3186 1158 3251 satisfaceret,
1189 3202 1302 3243 non
1338 3187 1559 3244 sinebat
1611 3189 1885 3258 reliquum
1918 3203 2122 3259 corpus

2230 3183 2658 3283 ἀφοσιωσασθαι,
2698 3211 2762 3265 τὸ
2808 3210 2994 3263 λοιπὸν
3024 3183 3184 3278 etiam
3212 3211 3312 3281 τῆς
3340 3183 3407 3264 ἐκ
3439 3183 3560 3264 τιῖιν
3578 3183 3801 3280 θερμῶν

552 3274 750 3330 calidis
784 3275 982 3332 foveri.
1040 3275 1111 3330 Ut
1154 3292 1287 3332 vero
1343 3278 1607 3349 deinceps
1646 3279 1863 3342 lateret,
1903 3281 2122 3335 emebat

554 3380 691 3420 auro
724 3367 940 3421 ancillis
983 3368 1289 3438 persuasis.
1326 3368 1464 3424 Cum
1504 3379 1689 3425 autem
1748 3369 1922 3424 multa
1953 3372 2121 3427 etiam

548 3456 802 3523 fecisset,
845 3468 903 3514 ut
948 3461 1072 3516 viro
1132 3460 1521 3531 persuaderet,
1582 3469 1644 3516 ut
1684 3471 1834 3518 esset
1872 3462 2120 3533 ejusdem

555 3551 816 3616 instituti,
851 3552 944 3607 ubi
976 3567 1087 3608 non
1119 3553 1258 3608 vidit
1290 3569 1416 3609 eum
1452 3556 1859 3624 obtemperare,
1896 3558 1992 3612 sed
2024 3572 2123 3612 cu-

554 3656 687 3713 pere
712 3644 874 3699 etiam
920 3644 1037 3700 fieri
1072 3656 1355 3715 parentem
1406 3646 1640 3702 aliorum
1681 3649 2008 3714 liberorum,
2054 3649 2123 3706 de

555 3735 685 3805 fuga
712 3735 939 3805 cogitat,
964 3746 1021 3794 et
1063 3739 1258 3795 statuit
1284 3740 1470 3809 ipsum
1505 3741 1764 3795 maritum
1799 3750 1853 3796 et
1883 3751 2120 3812 patrem,

551 3829 688 3898 quin
718 3829 883 3886 etiam
918 3846 1053 3888 suas
1075 3847 1297 3901 quoque
1328 3831 1619 3888 facultates
1648 3832 1981 3903 relinquere.
2014 3835 2123 3891 Sed

550 3935 677 3975 cum
707 3922 932 3992 quidam
966 3924 1070 3979 viri
1096 3924 1226 3979 boni
1254 3934 1311 3980 et
1336 3925 1557 3981 virtutis
1590 3934 1840 3982 amantes
1876 3929 2123 3983 sentien-

552 4019 659 4076 tes,
718 4012 773 4068 id
829 4013 1209 4083 prohiberent,
1261 4014 1506 4070 dicentes
1543 4013 1678 4069 illud
1716 4015 2120 4084 Apostolicum,

556 4121 577 4157 ι
618 4102 760 4171 Quid
786 4104 933 4161 enim
967 4105 1106 4170 scis,
1143 4105 1361 4173 mulier,
1394 4121 1464 4161 an
1492 4107 1669 4161 virum
1720 4114 1873 4160 tuum
1907 4107 2120 4164 salvum

548 4195 718 4251 facies
747 4194 809 4248 ’ἲ
839 4214 861 4249 ι
898 4197 1099 4253 mansit
1135 4197 1383 4268 quidem,
1426 4212 1570 4267 aegre
1604 4197 1791 4254 ferens
1829 4214 1977 4265 eam,
2014 4214 2121 4271 qua

548 4288 866 4351 tenebatur,
922 4290 1311 4347 necessitatem
1371 4292 1688 4361 “cilicium
1751 4302 1934 4349 autem
1975 4296 2122 4352 intra

547 4389 933 4450 sumptuosam
963 4390 1018 4437 et
1052 4382 1404 4452 splendidam
1434 4394 1664 4450 vestem,
1689 4394 1952 4456 tanquam
1978 4402 2120 4457 pra:-

547 4470 762 4526 ludium
815 4473 1256 4537 exercitationis,
1300 4478 1570 4545 perpetuo
1603 4475 1839 4542 ferebat,
1895 4477 2118 4549 quando

548 4577 677 4617 cum
723 4563 924 4618 marito
952 4578 1064 4619 non
1126 4564 1364 4620 habebat
1430 4566 1914 4623 consuetudinem.
1978 4568 2116 4625 Cum

547 4669 680 4711 vero
728 4656 977 4715 omnium
1007 4656 1222 4713 falleret
1248 4657 1465 4723 oculos,
1500 4673 1655 4712 suam
1691 4661 1917 4715 amitam
1949 4661 2121 4718 latere

547 4764 661 4805 non
717 4749 918 4820 potuit.
976 4748 1085 4805 Sed
1138 4751 1254 4819 ipsa
1303 4751 1528 4821 quidem
1572 4768 1699 4808 cum
1741 4754 2119 4823 cognovisset,

526 4856 668 4898 .eam
701 4841 1123 4911 increpabat,et
1146 4841 1535 4900 indumentum
1566 4846 1852 4901 irridebat.
1891 4846 1964 4901 Ea
1987 4862 2117 4903 vero

549 4934 685 4989 nihil
740 4947 885 5003 aegre
937 4931 1122 4989 ferens
1170 4934 1346 5006 ipsius
1398 4936 1774 5006 asperitatem,
1819 4936 1924 4992 hoc
1996 4953 2122 5004 gra-

546 5028 673 5082 vius
701 5025 930 5090 l'erebat,
967 5024 1115 5095 quod
1146 5040 1258 5082 non
1292 5036 1482 5097 posset
1521 5042 1715 5083 omnes
1742 5028 1937 5084 latere.
1969 5028 2116 5095 Quo-

550 5121 701 5174 circa
733 5116 923 5174 multis
952 5116 1218 5187 lacrymis
1247 5125 1303 5171 et
1330 5116 1611 5187 precibus,
1639 5124 1812 5173 utres
1844 5126 2110 5188 taceatur,

541 5207 823 5280 impetrat.

621 5299 718 5359 iV.
755 5300 889 5358 Erat
943 5308 1126 5355 autem
1175 5300 1226 5356 ei
1277 5297 1520 5355 maxime
1574 5299 1631 5354 in
1708 5298 1852 5355 votis
1910 5302 2117 5359 mundo

545 5391 826 5464 abrumpi,
844 5400 900 5448 et
927 5401 985 5446 ut
1007 5392 1121 5447 vult
1151 5391 1318 5457 Deus,
1342 5390 1742 5463 philosophari.
1773 5391 1932 5448 Unde
1951 5394 2116 5451 etiam

545 5497 675 5539 cum
702 5494 919 5540 uterum
960 5484 1155 5550 ferret,
1182 5496 1239 5541 et
1266 5483 1316 5542 ei
1350 5484 1598 5541 secundo
1635 5484 1747 5555 jam
1788 5495 1981 5556 partus
2020 5499 2119 5556 ap~

550 5581 788 5646 peteret,
819 5576 1207 5633 celebrabatur
1227 5577 1448 5648 quidem
1483 5577 1687 5635 festum
1720 5577 1946 5649 gloriosi
1977 5593 2123 5632 mar-

545 5667 684 5738 syria
720 5666 1009 5727 Laurentii
1040 5686 1073 5724 ιη
1096 5669 1190 5728 illa
1227 5683 1361 5729 vero
1414 5670 1779 5742 pernoctabat
1813 5670 2114 5738 insomnis,

624 5850 642 5884 ⁸
676 5850 698 5908 ι
731 5850 859 5908 Cor.
882 5865 981 5917 vn,
1011 5851 1098 5909 ιθ.

2226 3305 2525 3361 ἀπολαύειν
2575 3306 2678 3359 οὐκ
2728 3302 2981 3374 ἠνείχετο
3028 3304 3365 3373 θεραπείας*
3417 3303 3483 3357 τὸ
3515 3302 3570 3356 δὲ
3626 3300 3801 3357 ταῦτα

2226 3399 2413 3453 λαθεῖν
2457 3398 2736 3468 χρήμασιν
2784 3397 2977 3450 ὠνεῖτο
3008 3397 3109 3459 τὰς
3141 3396 3477 3467 θεραπαίνας
3509 3386 3815 3449 πείθουσα.¹

2225 3491 2406 3545 Πολλὰ
2457 3489 2514 3543 δὲ
2546 3490 2641 3543 καὶ
2686 3487 2824 3559 πρὸς
2863 3488 2925 3542 τὸ
2968 3489 3153 3541 πεῖσαι
3187 3488 3279 3541 τὸν
3327 3487 3500 3558 ἄνδρα
3538 3486 3631 3541 τοῦ
3680 3485 3797 3539 ῐσου

2227 3582 2482 3653 γενέσθαι
2500 3580 2704 3636 σκοποῦ
2729 3580 2998 3650 δράσασα,
3015 3580 3140 3632 ἐπεὶ
3165 3580 3263 3648 οὐχ
3282 3579 3429 3648 ἑώρα
3452 3578 3795 3646 πεισόμενον,

2225 3672 2365 3729 ἀλλὰ
2419 3673 2515 3726 καὶ
2560 3671 2765 3741 ἑτέρων
2795 3669 3030 3740 ὀφθῆναι
3074 3670 3288 3737 πατέρα
3341 3668 3548 3722 παίδων
3608 3666 3799 3719 ἐπιθυ-

2231 3765 2460 3837 μοῦντα,
2506 3764 2751 3834 δρασμὸν
2796 3763 2987 3822 ὲννοεῖ.
3019 3763 3111 3815 καὶ
3135 3759 3300 3815 αὑτὸν
3349 3760 3519 3828 ἄνδρα
3562 3759 3656 3812 καλ⁵
3695 3775 3800 3812 πα-

2223 3859 2382 3927 τέρα,
2413 3855 2551 3909 me
2582 3854 2678 3908 καὶ
2714 3854 2811 3924 τὴν
2837 3852 3024 3906 οὐσίαν
3052 3853 3362 3906 ἀπολιπεῖν.
3408 3849 3562 3904 Ἐπεὶ
3597 3850 3655 3903 δὲ
3686 3848 3795 3903 τῶν

2227 3946 2538 4019 φιλαρέτων
2568 3946 2715 4008 τινὲς
2744 3946 3058 4016 αἰσθόμενοι
3086 3944 3399 4008 διεκώλυον,
3432 3942 3494 3995 τὸ
3511 3940 3797 3994 ἀποστολιο

2227 4043 2324 4096 κὸν
2356 4041 2535 4093 ἐκεῖνο
2564 4038 2819 4108 φάμενοι,
2858 4054 2879 4088 ι
2924 4036 2988 4090 Τί
3031 4036 3140 4105 γὰρ
3172 4033 3322 4098 οἶδας
3356 4076 3373 4100 ,
3404 4034 3587 4103 γύναι,
3631 4036 3680 4087 εί
3707 4032 3799 4087 τὸν

2226 4133 2396 4203 ἄνδρα
2435 4131 2663 4195 σώσειςς
2722 4148 2742 4181 ι
2778 4129 2938 4198 ἔμενε
2983 4128 3081 4197 μὲν
3120 4126 3387 4196 καὶπρὸς
3421 4127 3522 4196 τὴν
3551 4127 3798 4194 ἀνάγκην

2224 4216 2260 4296 ᾖ
2294 4221 2581 4291 κατείχετο
2608 4222 2808 4291 ἡρχετο
2826 4237 2841 4251 θ
2896 4219 3151 4289 τρύχινον
3176 4220 3236 4271 δέ
3263 4236 3315 4271 τι
3351 4219 3513 4291 ῥάκος
3543 4218 3675 4271 εἴσω
3699 4219 3796 4284 τῆς

2225 4312 2555 4376 πολυτελοῦς
2588 4312 2821 4381 ἐσθῆτος
2848 4312 3014 4365 οἱονεὶ
3042 4311 3457 4381 προγύμνασμα
3484 4313 3585 4380 τῆς
3623 4309 3799 4380 ἀσκή-

2226 4422 2386 4472 σεως,
2434 4404 2524 4459 ὅτε
2574 4403 2650 4474 μὴ
2703 4403 2872 4471 συνῆν
2904 4402 2984 4471 τῷ
3031 4402 3208 4471 ἀνδρὶ,
3245 4401 3473 4455 διετέλει
3532 4399 3794 4471 φοροῦσα.

2226 4499 2366 4561 Τοὺς
2409 4497 2467 4551 δὲ
2502 4497 2723 4550 πάντων
2776 4494 3093 4563 ὀφθαλμοὺς
3138 4494 3472 4557 κλέπτουσα,
3515 4493 3615 4563 τὴν
3644 4492 3799 4546 θείαν

2226 4591 2357 4661 γοῦν
2389 4590 2560 4659 αὐτῆς
2605 4589 2708 4643 οὐκ
2744 4586 3073 4642 ἐλάνθανενο
3124 4586 3243 4640 ἀλλ’
3282 4584 3421 4657 αὐτὴ
3454 4586 3556 4655 μὲν
3591 4584 3799 4653 γνοῦσα

2227 4681 2465 4752 ὶπετίμα
2497 4678 2667 4750 ταύτῃ
2694 4682 2792 4732 καὶ
2819 4677 3070 4730 ἔσκωπτε
3108 4676 3205 4730 τοῦ
3247 4676 3563 4744 ἐνδύματος.
3598 4674 3699 4743 τὴν
3739 4674 3797 4728 δδ

2229 4774 2397 4846 μηδὲν
2429 4770 2537 4826 ὑπὸ
2580 4771 2681 4841 τῆς
2721 4768 2890 4824 αὑτοῦ
2923 4770 3264 4840 τραχύτητος
3296 4769 3606 4838 ἀχθομένην
3641 4766 3800 4821 τοῦτο

2227 4868 2320 4921 καὶ
2346 4866 2550 4936 μᾶλλον
2573 4866 2829 4936 ὲδάρυνι,
2856 4865 2919 4917 τὸ
2940 4865 3017 4934 μὴ
3034 4864 3332 4933 δυνηθῆναι
3353 4864 3563 4925 πάντας
3588 4861 3796 4916 λαθετν.

2226 4957 2321 5010 Διὸ
2374 4955 2471 5010 καὶ
2522 4954 2738 5018 πολλοῖς
2779 4954 3014 5023 δάκρυσί
3051 4969 3112 5007 τε
3145 4955 3239 5007 καὶ
3273 4952 3655 5025 παρακλήσεσι
3696 4951 3799 5023 τὴν

2227 5050 2439 5119 σιωπὴν
2465 5046 2562 5101 τοῦ
2598 5046 2925 5119 πράγματος
2962 5043 3347 5116 ἀσφαλίζεται.

2303 5303 2377 5362 Δ¹.
2418 5298 2527 5361 Ἦν
2559 5300 2617 5354 δὶ
2657 5301 2765 5371 ἄρα
2795 5315 2849 5352 τι
2883 5298 2980 5353 καὶ
3017 5299 3182 5371 εὐχῆς
3221 5299 3383 5371 ἔργον
3416 5300 3555 5370 αὐτῇ
3592 5298 3795 5368 κόσμου

2234 5396 2471 5470 ῥαγῆναι
2530 5394 2626 5448 καὶ
2687 5391 3051 5461 φιλοσοφῆσαι
3104 5392 3250 5444 κατὰ
3309 5390 3463 5456 Θεὸν,
3524 5390 3645 5442 ὅθεν
3703 5388 3796 5442 καὶ

2226 5485 2464 5552 κυούσης
2492 5484 2593 5553 ήδη
2623 5483 2679 5535 τὸ
2705 5480 2957 5551 δεύτερον
2988 5482 3083 5533 καὶ
3115 5481 3247 5551 πρὸς
3275 5482 3335 5533 τὸ
3364 5482 3541 5534 τεκεῖν
3569 5476 3795 5548 γενομέ-

2225 5595 2344 5649 νης,
2373 5578 2537 5647 ἑορτὴ
2565 5577 2665 5644 μὲν
2690 5576 2854 5644 ἦγετο
2876 5573 2971 5627 τοῦ
2996 5572 3249 5645 λαμπροῦ
3282 5576 3341 5626 ὲν
3375 5572 3614 5641 μάρτυσι
3648 5572 3796 5623 Λαν-

2227 5671 2441 5740 ριντῐου
2465 5684 2480 5698 ’
2514 5671 2548 5741 ἡ
2576 5668 2632 5723 δὲ
2664 5669 2869 5732 ἄϋπνος
2894 5666 3171 5737 διενύχευε
3202 5666 3330 5734 γόνυ
3359 5664 3638 5729 κλίνουσα,
3659 5655 3798 5729 ψαλι-
