4120 6378
410 375 516 439 757
1680 372 1857 436 VlTA
1892 370 1951 430 S.

2017 370 2121 429 ME
2134 371 2367 436 LANE.

2940 317 3032 353 rp.

3543 369 3651 434 758

410 493 547 563 μοϋς
574 487 799 560 ᾅδουσα,
836 487 1101 557 κρείττων
1143 490 1235 544 καὶ
1259 490 1368 543 τῶν
1397 490 1607 543 ὠδίνων
1637 488 1854 556 καὶτῆς
1881 487 1981 554 φύ-

2089 499 2222 553 genu
2250 488 2493 564 ﬂectens,
2532 492 2772 561 psalmos
2802 506 3040 554 canens.
3057 491 3278 547 dolores
3310 497 3365 544 et
3397 499 3655 544 naturam

410 599 548 644 σεως
575 578 715 633 εἶναι
748 579 1066 649 βιαζομένῃ.
1111 580 1168 635 Ὀ
1193 580 1390 652 ὄρθρος
1417 582 1612 653 ἔληγεν
1633 599 1646 612 ·
1677 581 1710 650 ἠ
1760 578 1820 633 δὲ
1876 578 1983 630 τῶν

408 671 585 742 εὐχῶν
615 672 715 725 οὐκ
745 672 999 738 ἐπαύετο,
1031 674 1170 727 ἀλλὰ
1216 676 1314 728 καὶ
1359 675 1532 739 οὕτως
1563 678 1764 745 ἑαυτὴν
1812 693 1983 731 κατα-

405 764 659 818 τείνουσα
689 765 1092 835 χαλεπωτέρων
1117 766 1322 819 ὠδινῶν
1352 770 1633 837 πειρᾶται,
1666 770 1762 822 καὶ
1794 769 1985 838 βιαίως

411 860 530 927 μὲν,
556 859 728 909 τίκτει
754 856 801 909 δ’
839 856 931 909 οὖν
960 858 1132 924 ὅμως.
1180 858 1254 910 Τὸ
1297 860 1397 927 μὲν
1444 858 1539 913 οὖν
1570 861 1765 928 τεχθὲν
1791 862 1983 931 (ἄρρεν

407 949 463 1002 δὲ
496 944 607 1018 ἦν),
644 949 780 1018 ὁμοῦ
810 965 868 1001 τε
908 950 1128 1020 ἐτέχθη,
1177 951 1271 1004 καὶ
1308 952 1469 1022 ίερῶς
1503 953 1869 1023 ἀναγεννηθὲν
1906 954 1983 1026 τῷ

408 1040 753 1109 βαπτίσματι
787 1041 881 1093 τοῦ
923 1043 1158 1095 ἐνταῦθα
1197 1045 1405 1114 κόσμου
1454 1046 1662 1113 λύεται,
1698 1050 1794 1101 καὶ
1846 1049 1983 1119 πρὸς

407 1130 498 1182 τὸν
533 1132 650 1183 ἐκεῖ
698 1132 1167 1200 παραπέμπεται’
1216 1136 1434 1204 ἐκείνην
1479 1136 1538 1189 δὲ
1586 1139 1680 1193 καὶ
1707 1141 1862 1209 τμετὰ
1890 1141 1983 1195 τὸν

406 1223 565 1274 τόκον
596 1222 861 1292 ἔστρεφον
894 1226 949 1278 αἱ
981 1224 1192 1291 ὠδῖνες,
1238 1228 1330 1279 καὶ
1361 1227 1422 1281 τὸ
1451 1229 1617 1299 δριμὺ
1656 1231 1757 1299 τῆς
1787 1230 1983 1302 ὀδύνης

411 1313 503 1365 τὸν
559 1314 788 1367 θάνατον
841 1316 1077 1387 ὑπῆγεν.
1136 1318 1394 1383 Ἐπιστὰς
1429 1319 1521 1373 οὖν
1549 1322 1578 1373 δ
1607 1321 1743 1392 ἀνὴρ
1789 1323 1882 1375 καὶ
1922 1323 1984 1376 τὸ

410 1405 583 1457 δεινὸν
625 1406 982 1475 θεασάμενος,
1016 1409 1308 1479 συγχυθεὶς
1351 1411 1551 1482 μικροῦ
1604 1413 1703 1482 μὲν
1744 1416 1839 1466 καὶ
1881 1415 1983 1482 τὴν

407 1496 588 1567 ψυχὴν
625 1499 840 1567 ἀφῆκεν
863 1516 876 1530 ·
904 1501 1195 1555 ἀναλαεὼν
1223 1503 1280 1557 δὲ
1306 1504 1496 1557 ἑαυτὸν
1525 1506 1818 1576 ἀποτρέχει
1843 1508 1984 1576 πρὸς

408 1592 471 1643 τὸ
502 1592 913 1661 θυσιαστήριον,
961 1596 1057 1647 καὶ
1104 1596 1292 1665 κύκλῳ
1335 1600 1495 1652 τοῦτο
1530 1602 1979 1671 περιερχόμενος,

408 1681 619 1751 δάκρυα
647 1684 757 1736 τῶν
797 1684 1093 1753 ὀφθαλμῶν
1128 1687 1300 1758 ἔρρει,
1346 1689 1530 1757 φωνὰς
1562 1692 1736 1760 ἠφίει,
1766 1692 1861 1744 καὶ
1906 1691 1983 1754 ὡς

408 1772 680 1844 ὀξυτάτην
736 1780 991 1845 παρεῖναι
1053 1782 1152 1847 τὴν
1207 1779 1415 1835 ἄνωθεν
1468 1783 1651 1837 ὲκὰλει
1705 1783 1979 1853 βοήθειαν.

397 1865 490 1931 ,Ἥ
513 1867 569 1920 δὲ
600 1866 787 1920 τοῦτον
827 1869 1038 1922 ἐκεῖνον
1077 1865 1215 1924 εἶναι
1250 1874 1521 1943 νομίσασα
1550 1876 1642 1929 τὸν
1684 1878 1876 1947 καιρὸν
1925 1877 1983 1940 ὃς

411 1961 478 2029 τῇ
509 1958 775 2031 ἐπιθυμίᾳ
813 1960 1018 2029 ταύτης
1050 1963 1304 2033 ἐπιθήσει
1328 1967 1389 2019 τὸ
1418 1968 1595 2033 τέλος,
1625 1969 1703 2038 τῷ
1729 1970 1883 2039 ἀνδρὶ
1904 1969 1983 2023 ἔτι

408 2053 487 2122 τῷ
538 2054 669 2124 ίερῷ
698 2056 1119 2127 προσεδρεύοντι
1169 2058 1504 2128 διαγγέλλων
1537 2063 1757 2132 φράζει,
1790 2058 1827 2134 ἦ
1873 2064 1985 2134 μὴν

411 2146 562 2217 αὐτῷ
594 2164 649 2199 τε
678 2150 773 2202 καὶ
805 2151 970 2220 ἑαυτῇ
1002 2151 1285 2222 ζήσεσθαι,
1328 2156 1377 2208 εί
1404 2158 1563 2227 ὅρκια
1588 2159 1684 2213 καὶ⁵
1718 2159 1984 2229 συνθῆκαι

411 2239 548 2308 πρὸς
581 2240 715 2295 Θεὸν
751 2245 995 2307 γένοιντο
1042 2245 1100 2298 ἐν
1142 2248 1469 2320 σωφροσύνη
1520 2249 1616 2302 τοῦ
1662 2250 1851 2305 λοιποῦ
1884 2252 1985 2323 ζῇν

412 2333 785 2402 ἀμφοτέρους.
842 2337 1046 2408 καὶμὴ
1096 2340 1242 2392 κατὰ
1296 2340 1430 2411 βίον,
1473 2342 1611 2396 ἀλλὰ
1657 2343 1801 2397 κατὰ
1853 2345 1985 2399 Θεὸν

412 2422 615 2493 μᾶλλον
649 2424 903 2493 βιοῦντας
927 2427 1214 2485 διατελεῖν.
1244 2431 1497 2485 Πείθεται
1525 2435 1552 2487 ὁ
1583 2434 1725 2505 ἀνὴρ
1754 2437 1866 2499 τοῖς
1885 2438 1986 2506 τῆς

411 2518 668 2586 γυναικὸς
699 2521 797 2574 καὶ
826 2522 1042 2592 ῥήμασι
1073 2525 1167 2577 καὶ
1203 2524 1495 2596 θελήμασι,
1524 2529 1620 2583 καὶ
1656 2531 1757 2602 τὴν
1785 2532 1986 2586 ἀπολοο

410 2611 557 2676 τίαν,
593 2612 676 2665 ὅτι
713 2615 1027 2682 πέπεισται,
1064 2616 1317 2672 δίδωσιν·
1357 2622 1498 2693 ὅπερ
1523 2624 1707 2693 ἐκείνη
1737 2624 1986 2694 μαθοῦσα

410 2706 472 2757 τὸ
507 2706 604 2774 μὲν
632 2704 792 2776 σῶμα
809 2708 980 2779 ῥᾴων,
1008 2711 1107 2779 τὴν
1129 2711 1187 2765 δὲ
1226 2712 1405 2784 ψυχὴν
1432 2716 1599 2786 ἡδίων
1637 2718 1800 2780 εὐθὺς
1840 2719 1987 2784 γίνε-

410 2815 525 2864 ται,
566 2799 680 2853 εἴτε
719 2802 786 2870 τῇ
841 2802 987 2873 χαρᾷ
1030 2804 1131 2872 τῆς
1175 2805 1332 2859 νόσου
1365 2809 1810 2878 παραχωρούσης
1871 2809 1985 2864 εἴτε

415 2888 513 2938 καὶ
543 2886 646 2957 τῆς
686 2885 798 2943 ἄνω
840 2890 1023 2963 χειρὸς
1058 2892 1136 2964 τῷ
1176 2894 1365 2968 σκοπῷ
1406 2897 1612 2969 ταύτης
1658 2900 1987 2973 συναιρομέ-

415 2993 532 3048 νηςο

483 3246 559 3302 ιε’.
611 3248 766 3302 Ἐπεὶ
798 3247 893 3305 οὖν
938 3251 1139 3323 καιροῦ
1190 3253 1288 3308 καὶ
1343 3254 1602 3329 ἀφορμῆς
1630 3257 1858 3330 ἥπτετο,
1894 3262 1987 3318 τὸν

414 3338 516 3412 μιν
549 3341 709 3396 ἄλλον
738 3342 835 3396 τοῦ
869 3343 1125 3413 σώματος
1148 3347 1441 3404 ἀπετίθετο
1468 3351 1698 3423 κόσμον,
1726 3355 1893 3422 λιτῶς
1926 3374 1988 3413 τε

414 3435 508 3490 καὶ
535 3435 751 3505 ἀφελῶς
785 3435 887 3506 ζῇν
921 3438 1157 3511 ἑλομένη
1191 3441 1286 3495 καὶ
1325 3442 1456 3513 ὅλην
1488 3445 1692 3518 ἑαυτὴν
1723 3448 1859 3518 πρὸς
1896 3450 1990 3505 τὸν

411 3526 525 3582 law
555 3528 654 3598 τῆς
685 3528 867 3599 ψυχῆς
888 3530 1094 3598 κόσμον
1121 3531 1399 3603 τρέψασα·
1437 3538 1496 3590 ἐν
1536 3539 1777 3609 τοσούτῳ
1806 3541 1865 3595 δὲ
1894 3543 1990 3596 καὶ

410 3619 474 3674 τδ
503 3621 605 3690 τῆς
637 3622 943 3693 παρθενίας
973 3624 1144 3693 αὐτῆς
1169 3626 1349 3697 ἔρνος,
1379 3630 1413 3698 ἡ
1438 3629 1517 3699 τῷ
1556 3631 1678 3702 Θεῷ
1708 3634 1990 3705 ίεραθεῐσα

410 3711 683 3782 θυγάτηρ,
726 3713 820 3766 τὸν
874 3713 1110 3769 ἐνταῦθα
1152 3716 1267 3786 βίον
1318 3718 1668 3776 ἀπολιποῦσα
1716 3725 1850 3792 πρὸς
1896 3727 1989 3780 τὸν

410 3803 688 3875 ἔργαστὴν
719 3804 853 3858 Θεὸν
884 3807 1259 3877 μετατίθεται.
1294 3811 1513 3881 Ταύτης
1549 3815 1578 3866 ὁ
1607 3815 1838 3880 θάνατος
1869 3817 1991 3887 βελ-

408 3897 518 3948 τιοῖ
551 3895 643 3947 τὸν
686 3895 858 3966 ἄνδρα
910 3901 979 3952 τὰ
1029 3900 1120 3954 τσα
1149 3918 1208 3955 τε
1253 3906 1474 3974 φρονεῖν
1518 3907 1614 3959 καὶ
1660 3909 1761 3977 τὴν
1816 3911 1989 3980 αὐτὴν

407 3984 617 4039 ὁδεύειν
650 3990 716 4057 τῇ
756 3989 979 4062 Μελάνῃ
1032 3995 1468 4061 παρασκευάζει.
1516 3996 1849 4065 ’Υποθέντες
1893 4003 1988 4057 οὖν

410 4077 711 4149 ἀμφότεροι
734 4081 962 4145 ἑαυτοὺς
981 4083 1058 4153 τῷ
1078 4086 1171 4137 τοῦ
1195 4087 1337 4141 κατὰ
1360 4088 1493 4142 Θεὸν
1523 4089 1641 4159 βίου
1662 4085 1834 4164 ζυῖᾦ,
1858 4114 1992 4166 προ-

412 4167 602 4239 θύμως
649 4166 835 4227 εἷλκον
875 4173 974 4243 τὴν
1010 4176 1214 4247 ἀρετὴν
1249 4178 1501 4250 ἀλλήλοις
1532 4182 1985 4256 διαμιλλώμενοι.

424 4261 692 4326 Ἐκείνοις
747 4265 847 4335 μὲν
896 4265 1056 4337 οὖνὴ
1096 4268 1321 4336 φροντὶς
1382 4264 1454 4341 ἧν
1513 4272 1699 4326 τέλεον
1749 4278 1989 4348 ῥαγῆναι

411 4354 874 4423 κόσμου,παντδς,
900 4361 996 4413 καὶ
1034 4359 1157 4431 Θεῷ
1182 4363 1413 4425 ἑαυτοὺς
1442 4363 1727 4421 ἀναθεῖναι
1757 4372 1853 4423 καὶ
1888 4370 1989 4441 βίῳ

411 4446 508 4499 καὶ
544 4447 786 4517 σχήματι
833 4450 903 4502 τὰ
951 4450 1064 4504 τῶν
1111 4454 1364 4523 μοναχῶν
1401 4454 1736 4524 ἑλομένουςο
1789 4460 1900 4513 τῶν
1929 4461 1987 4515 δὲ

409 4533 615 4603 γονέων
657 4534 732 4607 μὴ
761 4537 1046 4605 ἐφιέντων,
1082 4540 1280 4595 ἐκεῖνοι
1309 4548 1459 4615 φυγῇ
1490 4546 1686 4617 κλέψαι
1721 4549 1821 4620 τὴν
1851 4552 1987 4606 ἁνα-

409 4625 655 4697 χώρησιν
681 4629 977 4696 ἐμελέτων.
1029 4631 1189 4686 Ἀλλὰ
1222 4633 1383 4689 τοῦτο
1405 4637 1507 4707 μὲν
1537 4639 1676 4702 τέως
1705 4642 1737 4712 ἡ
1773 4643 1983 4698 ἄνωθεν

410 4720 589 4788 εἴργει
619 4720 770 4790 χείρ’
805 4722 1118 4795 εὐφροσύνη
1168 4724 1225 4779 δὲ
1261 4726 1385 4781 θεία
1426 4729 1528 4796 τὴν
1574 4730 1753 4802 λύπην
1796 4735 1982 4802 αὐτοῖς

408 4810 639 4865 διαλύει.
665 4811 851 4866 Ταῦτα
866 4815 975 4885 γὰρ
1000 4814 1491 4888 διασκοπουμένοις
1512 4824 1707 4887 νυκτὸς
1736 4825 1986 4894 ἐπιγενο-

413 4901 605 4973 μένης,
639 4902 839 4956 εύωδία
861 4920 945 4968 τις
978 4905 1179 4970 αὐτοὺς
1217 4907 1461 4981 ἄῤῥητος
1491 4912 1588 4965 καὶ
1612 4912 1864 4983 οὐράνιος
1888 4919 1987 4971 καὶ

409 4987 499 5048 οἷα
555 4994 747 5063 μηδενὶ
800 4995 983 5067 ληπτὴ
1034 4997 1245 5052 ἄνωθεν
1274 5001 1711 5073 κατελάμόανεν,
1749 5007 1987 5072 ἐξαίσιόν

409 5102 535 5140 τινα
586 5086 757 5158 πνοὴν
816 5089 1018 5159 ἡδονῆς
1071 5091 1462 5161 προὸἀλλουσα
1515 5097 1611 5167 καὶ
1659 5096 1759 5169 τὴν
1805 5099 1987 5171 ψυχὴν

412 5178 686 5234 ἁλύουσαν
730 5180 826 5234 καὶ
859 5183 1300 5257 συστελλομένην
1344 5188 1425 5250 εὶς
1469 5189 1647 5259 χαρὰν
1676 5190 1841 5254 εὐθὺς
1876 5193 1991 5247 δια-

410 5268 633 5339 χέουσα.
669 5269 942 5342 Τοιαύτης
991 5274 1219 5343 χάριτος
1266 5275 1365 5340 τὰς
1413 5277 1597 5347 ψυχὰς
1655 5280 1989 5351 πλησθέντες

410 5359 607 5431 ἔμενον
627 5358 781 5415 οὕτω
792 5362 989 5431 χαλινά
1014 5366 1194 5420 πάντα
1217 5366 1318 5436 τῆς
1344 5368 1493 5437 ζωῆς
1520 5369 1602 5440 τῷ
1625 5369 1745 5441 Θεῷ
1770 5372 1990 5445 ἐπιτρέ-

410 5449 617 5522 ψαντες
649 5453 842 5506 ὁποίαν
887 5453 1053 5519 αὐτὸς
1101 5457 1226 5525 ἄγει
1254 5458 1349 5511 καὶ
1376 5460 1527 5524 ὅπως
1555 5461 1809 5530 ἄγεσθαι.
1841 5462 1990 5520 Μετὰ

415 5544 616 5616 μικρὸν
643 5545 738 5599 οὖν
758 5546 972 5601 ἐκείνου
1000 5548 1293 5614 νεύσαντος
1315 5551 1648 5621 μεθίσταται
1674 5553 1775 5624 μιν
1794 5554 1986 5620 αὐτοῖς

409 5634 440 5687 ὀ
461 5634 565 5704 τῆς
592 5636 848 5708 Μελάνης
874 5641 1059 5712 πατὴρ
1092 5657 1107 5673 ο
1131 5640 1181 5694 oi
1206 5640 1265 5695 δὲ
1295 5643 1541 5698 ἐκποδὼν
1567 5644 1664 5697 τοῦ
1685 5643 1992 5709 κωλύοντος

415 5725 735 5795 γενομένου,
769 5728 860 5783 ὅτε
909 5729 976 5801 δὴ
1012 5731 1094 5803 τῷ
1144 5732 1268 5803 Θεῷ
1315 5732 1517 5801 ιδόκει,
1570 5734 1664 5787 καὶ
1717 5737 1747 5789 6
1799 5735 1994 5807 καιρὸς

420 5815 629 5887 ἐκάλει,
665 5819 870 5889 εὐθέως
903 5821 1003 5892 μὶν
1027 5824 1125 5892 τῆς
1158 5825 1405 5893 μεγάλης
1436 5823 1751 5890 ιξιρκονται
1781 5824 1992 5889 πόλεως

2018 4502 2064 4559 D

2087 592 2355 647 superare
2384 584 2742 639 contendens.
2770 583 3017 641 Desierat
3048 582 3405 646 matutinttm,
3439 581 3530 635 illa
3563 595 3661 635 ευ·

2088 676 2194 723 tem
2245 686 2353 726 non
2407 675 2660 730 cessabat
2712 690 2742 729 a
2809 676 3094 745 precibus.
3154 674 3264 731 Sed
3309 675 3392 730 sic
3438 687 3659 746 quoque

2086 763 2325 831 seipsam
2353 763 2670 831 intendens,
2709 766 2931 823 dolores
2963 768 3237 824 sentiebat
3266 768 3572 837 graviores,
3600 773 3658 821 et

2084 854 2356 911 violenter
2388 857 2634 926 quidem,
2664 860 2808 926 parit
2831 868 3035 913 tamen.
3063 867 3243 929 Atque
3274 859 3421 927 quod
3455 868 3648 913 natum

2085 947 2303 1017 quidem
2328 948 2523 1012 fuerat,
2548 959 2666 1004 erat
2685 952 3049 1004 masrulinum
3069 967 3086 1017 ;
3108 950 3271 1005 simul
3292 958 3456 1019 atque
3472 958 3659 1004 autem

2086 1046 2269 1092 natum
2297 1048 2351 1093 et
2402 1048 2597 1095 sancto
2653 1042 2929 1109 baptismo
2972 1040 3078 1095 fuit
3124 1052 3534 1111 regeneratum,
3585 1040 3657 1096 ab

2085 1130 2190 1183 hoc
2228 1130 2432 1185 mundo
2459 1132 2773 1197 discedens,
2798 1132 2862 1185 ad
2896 1149 3044 1197 cum,
3069 1133 3163 1203 qui
3196 1133 3312 1187 illic
3345 1142 3451 1199 est,
3476 1141 3661 1187 trans-

2088 1220 2347 1275 mittitur.
2384 1220 2534 1275 Illam
2571 1237 2699 1276 vero
2728 1224 2893 1279 etiam
2933 1232 3059 1294 post
3110 1232 3330 1295 partum
3384 1224 3661 1279 vexabant

2083 1308 2321 1376 dolores,
2348 1318 2399 1365 et
2423 1312 2658 1368 acerbus
2685 1314 2966 1369 cruciatus
3011 1324 3242 1371 mortem
3286 1315 3656 1371 accelerabat.

2084 1400 2288 1455 Astans
2310 1414 2494 1459 autem
2528 1406 2782 1472 maritus,
2808 1423 2935 1463 cum
2965 1423 3217 1478 asperam
3246 1418 3301 1464 et
3322 1425 3542 1477 gravem
3577 1412 3661 1464 vi-

2085 1491 2266 1547 disset
2313 1497 2748 1563 perpessionem,
2814 1501 3180 1555 conturbatus
3248 1516 3420 1571 prape
3469 1501 3661 1556 emisit

2084 1583 2345 1639 animam.
2374 1586 2511 1640 Cum
2538 1602 2599 1642 se
2631 1597 2818 1644 autem
2848 1592 3165 1662 collegisset
3211 1609 3276 1648 ac
3319 1604 3656 1657 recreasset,

2085 1675 2259 1728 currit
2287 1676 2353 1729 ad
2380 1692 2557 1744 aram,
2590 1690 2642 1735 et
2669 1696 2789 1736 eam
2820 1684 2875 1738 in
2912 1685 3102 1740 orbem
3159 1685 3431 1752 ambiens,
3475 1687 3659 1759 lacry-

2087 1783 2203 1821 mas
2232 1768 2596 1836 profundebat
2637 1788 2702 1826 ex
2733 1775 2930 1839 oculis,
2960 1792 3123 1833 voces
3154 1778 3446 1834 emittebat
3492 1779 3662 1834 missa

2088 1861 2309 1922 rabiles,
2338 1870 2390 1916 et
2420 1871 2479 1916 ut
2514 1880 2678 1933 quam
2708 1867 3045 1923 citissimum
3077 1884 3107 1924 a
3131 1871 3348 1941 superis
3370 1870 3660 1925 adveniret

2086 1952 2376 2008 invocabat
2406 1957 2696 2013 auxilium.
2727 1960 2823 2014 Illa
2868 1976 3000 2016 vero
3046 1962 3315 2017 arbitrata
3377 1964 3483 2019 hoc
3532 1978 3657 2018 esse

2088 2039 2221 2096 illud
2247 2051 2488 2113 tempus,
2520 2047 2664 2115 quod
2704 2048 2868 2102 linem
2918 2050 3165 2120 imponet
3196 2051 3318 2122 ejus
3354 2053 3655 2115 desiderio.
3720 2068 3723 2069 '

2084 2134 2205 2188 viro
2250 2137 2344 2204 qui
2372 2136 2552 2192 adhuc
2578 2139 2861 2194 assidebat
2893 2141 2948 2195 in
3003 2144 3229 2212 templo,
3273 2159 3371 2214 per
3400 2147 3655 2201 nuntium

2085 2226 2381 2291 signiticet,
2413 2238 2467 2282 et
2499 2229 2703 2299 ipsum,
2750 2241 2804 2287 et
2823 2248 2882 2288 se
2915 2233 3096 2288 adhuc
3121 2250 3244 2290 esse
3279 2235 3576 2302 victuram,
3609 2236 3658 2292 si

2086 2317 2246 2371 detur
2271 2319 2684 2389 jusjurandum,
2735 2329 2790 2378 et
2837 2336 2997 2391 pacta
3053 2335 3324 2381 conventa
3378 2327 3659 2395 ineantur,

2087 2418 2347 2477 utrosque
2367 2410 2441 2466 de’
2462 2421 2662 2469 caetero
2689 2414 2932 2469 victuros
2959 2430 3083 2472 esse
3113 2417 3169 2470 in
3205 2417 3568 2483 continentia,
3595 2426 3655 2475 et

2087 2516 2192 2554 non
2223 2516 2385 2570 quam
2434 2502 2691 2569 mundus,
2739 2505 2833 2560 sed
2884 2521 3044 2576 quam
3100 2508 3216 2562 vult
3278 2508 3445 2575 Deus,
3490 2509 3659 2565 vitam

2085 2606 2209 2647 esse
2237 2604 2503 2664 perpetuo
2541 2603 2789 2653 acturos.
2822 2597 2985 2653 Paret
3045 2601 3131 2654 vir
3162 2602 3353 2655 uxoris
3382 2601 3569 2657 verbis
3603 2610 3660 2658 et

2086 2685 2382 2753 voluntati,
2412 2696 2469 2743 et
2526 2690 2829 2760 respondet
2878 2691 2931 2744 id
2973 2692 3079 2747 sibi
3138 2696 3658 2764 esse"persuasum.

2086 2776 2240 2844 Quod
2265 2780 2488 2848 quidem
2516 2783 2643 2835 cum
2679 2781 2774 2836 illa
2810 2781 3150 2850 rescivisset,
3174 2798 3407 2854 corpore
3437 2783 3660 2853 quidem

2086 2883 2148 2925 se
2185 2869 2348 2925 habet
2388 2872 2611 2937 melius,
2639 2874 2828 2928 animo
2855 2884 3036 2931 autem
3069 2878 3327 2945 protinus
3350 2876 3540 2937 evadit
3570 2876 3666 2931 la-

2088 2962 2219 3027 tior,
2267 2976 2366 3018 seu
2411 2965 2609 3019 morbo
2649 2965 2832 3021 locum
2895 2966 3063 3023 dante
3107 2967 3336 3033 laetitiae,
3366 2983 3463 3024 seu
3493 2969 3661 3022 etiam

2088 3071 2255 3112 manu
2295 3071 2535 3128 superna
2594 3056 2717 3129 ejus
2761 3056 3061 3130 adjuvante
3095 3074 3325 3132 scopum
3382 3066 3439 3116 et
3497 3058 3663 3117 insti-

2012 3160 2059 3226 ρ
2094 3156 2294 3205 tutum.

2165 3240 2228 3296 V.
2266 3239 2404 3297 Cum
2427 3255 2560 3312 ergo
2586 3248 2757 3299 nacta
2783 3250 2936 3300 esset
2967 3252 3183 3314 tempus
3211 3243 3659 3310 et'oecasionem,

2091 3334 2351 3404 deposuit
2382 3334 2606 3404 quidem
2645 3335 2815 3391 alium
2848 3346 3110 3392 ornatum
3150 3336 3426 3406 corporis,
3480 3336 3662 3392 tenui-

2092 3435 2175 3483 ter
2202 3434 2270 3482 et.
2292 3428 2618 3497 simpliciter
2648 3430 2839 3485 vivere
2887 3430 3261 3496 constituens,
3296 3437 3350 3487 et
3399 3437 3571 3486 totam
3603 3444 3665 3487 se

2091 3529 2419 3577 convertens
2443 3520 2513 3577 ad
2557 3522 2840 3578 internum
2884 3531 3144 3579 ornatum
3177 3524 3400 3580 animm.
3435 3523 3663 3581 interim

2091 3622 2274 3668 autem
2306 3613 2598 3682 pulchrum
2632 3630 2852 3687 quoque
2878 3617 2999 3686 ejus
3030 3633 3256 3686 germen
3305 3617 3664 3689 virginitatis,

2091 3720 2212 3775 qum
2245 3704 2357 3760 Deo
2389 3705 2570 3761 fuerat
2603 3718 2955 3775 consecrata,
3000 3710 3136 3776 lilia,
3168 3711 3416 3781 migrans
3449 3725 3516 3765 ex
3559 3711 3664 3768 bac

2090 3796 2222 3862 vita,
2256 3796 2403 3852 vadit
2431 3797 2497 3851 ad
2526 3798 2707 3853 Deum
2747 3815 2910 3856 suum
2961 3809 3292 3856 amatorem.
3347 3801 3480 3871 Ejus
3516 3815 3667 3859 mors

2092 3893 2376 3948 meliorem
2427 3900 2670 3948 mentem
2710 3895 2802 3948 dat
2853 3894 2995 3958 viro,
3062 3902 3121 3948 ut
3160 3893 3304 3948 idem
3348 3893 3497 3961 quod
3546 3893 3667 3962 ipsa

2091 3986 2312 4050 sentiat,
2351 3993 2406 4040 et
2445 3983 2635 4048 efﬁcit,
2686 3993 2745 4039 ut
2795 3985 2986 4040 eadem
3016 3985 3103 4038 via
3145 3984 3515 4052 ingrediatur,
3556 3999 3669 4053 qua

2092 4076 2321 4133 Melana.
2355 4080 2490 4133 Cum
2514 4078 2678 4132 ambo
2703 4092 2835 4148 ergo
2857 4092 2917 4132 se
2937 4075 3355 4142 subjnnxissent
3382 4074 3517 4145 jugo
3544 4076 3670 4132 vita

2093 4186 2160 4227 ex
2195 4172 2307 4226 Deo
2350 4169 2638 4236 ducendae,
2663 4171 2719 4225 id
2757 4178 3009 4241 prompto
3049 4177 3103 4224 et
3131 4168 3303 4223 alacri
3332 4168 3519 4222 animo
3554 4175 3666 4222 trs-

2094 4259 2316 4324 bebant,
2366 4259 2508 4314 inter
2543 4274 2605 4314 se
2664 4261 2869 4313 virtute
2912 4258 3292 4312 decertantes.
3349 4258 3528 4325 Atque
3556 4256 3669 4312 illis

2093 4349 2316 4420 quidem
2344 4364 2492 4404 cura:
2520 4356 2640 4403 erat
2676 4349 2747 4402 ab
2785 4347 3041 4430 universo
3072 4347 3277 4402 mundo
3310 4350 3539 4401 omnino
3572 4363 3665 4404 se-

2094 4443 2301 4513 parari,
2342 4449 2396 4496 et
2420 4456 2480 4496 se
2508 4439 2617 4495 Deo
2648 4439 2909 4495 dedicare
2946 4457 2960 4494 :
2990 4448 3045 4494 et
3075 4454 3202 4493 cum
3241 4442 3353 4494 vita
3377 4450 3434 4494 et
3469 4439 3667 4497 habitu

2093 4535 2457 4591 monasticam
2523 4531 2821 4599 elegissent
2864 4531 3338 4596 constitutionem,
3405 4541 3663 4601 parentes

2095 4633 2279 4689 autem
2316 4639 2423 4678 non
2451 4622 2852 4693 permitterent,
2881 4622 2959 4676 illi
3007 4622 3419 4677 meditabantur
3452 4639 3512 4678 se
3535 4624 3666 4695 fuga

2094 4718 2445 4780 subducere;
2483 4717 2582 4771 sed
2614 4716 2718 4771 hoc
2741 4716 2965 4784 quidem
3016 4724 3148 4771 tunc
3182 4730 3378 4770 manus
3404 4717 3669 4785 prohibet

2091 4825 2357 4879 superna,
2375 4807 2559 4863 divina
2585 4816 2770 4863 autem
2797 4807 2983 4863 laatitia
3000 4807 3080 4862 eis
3112 4821 3404 4862 maerorem
3431 4809 3665 4864 excutit.

2091 4904 2228 4960 Dum
2285 4901 2353 4956 de
2405 4902 2492 4956 bis
2526 4902 2674 4957 enim
2723 4900 3133 4963 consultarent,
3172 4911 3440 4969 sequente
3502 4908 3669 4959 nocte

2092 4994 2279 5051 suavis
2301 4993 2527 5063 quidam
2557 4993 2694 5048 odor
2718 4998 2771 5048 et
2801 4992 2963 5061 plane
2986 4990 3258 5057 caelestis,
3278 4999 3335 5046 et
3364 4992 3458 5062 qui
3484 5007 3666 5081 neque

2091 5086 2279 5142 verbis
2313 5086 2572 5155 exprimi,
2609 5098 2785 5153 neque
2821 5091 3007 5138 mente
3059 5083 3291 5151 cegitari
3348 5093 3548 5151 potest,
3595 5087 3665 5140 ad

2092 5193 2190 5235 eos
2217 5178 2365 5233 venit
2397 5192 2426 5231 ο
2487 5176 2728 5246 superis,
2771 5175 2869 5246 qui
2923 5173 3307 5229 admirabilem
3368 5176 3664 5243 quemdam

2093 5272 2393 5342 voluptatis
2427 5268 2688 5341 spiritum
2713 5267 2795 5324 eis
2825 5267 3033 5329 attulit,
3060 5273 3115 5319 et
3145 5266 3239 5336 qui
3289 5265 3518 5320 tristitia
3539 5266 3666 5321 alii-

2104 5363 2356 5420 ciebatur
2384 5370 2439 5417 et
2465 5359 2921 5424 contrahebatur,
2949 5356 3194 5412 animum
3247 5356 3505 5427 protinus
3554 5357 3669 5413 dif.

2090 5454 2238 5511 fudit
2266 5454 2333 5509 ad
2369 5452 2637 5508 laetitiam.
2670 5449 2937 5517 Cum,tali
2968 5448 3149 5519 gratia
3185 5447 3398 5518 impleti
3432 5446 3672 5506 fuissent

2094 5562 2288 5605 eorum
2345 5544 2539 5611 animi,
2604 5542 2903 5597 manebant
2964 5541 3073 5609 sic,
3123 5542 3310 5597 omnia
3373 5541 3500 5599 vitae
3554 5556 3671 5601 sua

2094 5641 2250 5697 frena
2308 5637 2420 5695 Deo
2461 5635 2872 5708 permittentes,
2921 5641 2989 5688 ut
3039 5632 3381 5691 ducerentur
3447 5647 3560 5705 quo
3612 5643 3671 5691 et

2095 5729 2378 5803 quomodo
2406 5728 2589 5786 vellet.
2622 5725 2767 5783 Cum
2790 5725 2889 5782 ille
2913 5737 3048 5796 ergo
3080 5724 3246 5796 paulo
3274 5733 3407 5794 post
3434 5723 3669 5783 annuis—

2105 5833 2212 5889 set.
2245 5824 2328 5886 eis
2360 5821 2582 5891 quidem
2608 5835 2641 5882 ο
2672 5818 2812 5878 vivis
2852 5814 3071 5876 excedit
3115 5814 3341 5876 Melana
3373 5821 3553 5889 pater.
3582 5813 3667 5873 illi
