4120 6378
456 298 567 375 75$

1680 300 1963 363 MENSIS
1997 300 2425 363 DECEMBER.

3594 302 3701 367 760

452 423 667 478 autem,
710 427 838 468 cum
894 417 1115 468 amotus
1174 417 1326 466 esset
1376 409 1447 476 is,
1515 409 1610 479 qui
1674 410 2027 478 prohibebat,

2143 410 2366 482 ὶστικὴν
2411 408 2739 478 πολυοχλίαν
2781 408 2877 462 καὶ
2926 407 3190 479 θορύϐους
3236 408 3700 480 ἀποποιούμενοι·

451 505 678 578 quando
709 506 820 559 Deo
849 504 1032 559 visum
1066 512 1217 559 esset
1257 511 1312 557 et
1349 510 1567 571 tempus
1605 502 1858 563 vocabat,
1906 512 2024 556 sta-

451 599 552 653 tim
586 597 810 667 quidem
867 603 1072 651 exeunt
1113 609 1145 650 e
1197 610 1394 665 magna
1443 595 1690 659 civitate,
1754 592 2022 647 urbanam

454 686 870 741 multitudinem
914 694 971 739 et
1006 686 1280 741 tumultus
1327 685 1512 739 valere
1556 682 1868 751 iubentes:
1924 695 2021 735 eos

449 795 585 834 vero
614 779 898 849 excipiunt
958 778 1277 833 suburbana
1309 776 1601 832 commoda
1657 774 1724 829 ad
1777 773 2023 842 philoso-

450 870 751 939 phandum,
786 880 839 925 et
861 880 985 939 apta
1011 870 1077 924 ad
1104 872 1371 940 quietem.
1401 868 1492 924 Eis
1539 875 1748 925 autem.
1798 861 2024 935 quando

448 964 599 1017 hanc
664 964 968 1032 angelicam
1037 963 1367 1031 inceperunt
1411 962 1539 1015 vita:
1598 960 1856 1033 fortnam,
1890 962 2024 1008 artas

445 1060 907 1129 erat,Apeniano
966 1058 1192 1128 quidem
1248 1066 1487 1123 quatuor
1540 1062 1595 1109 et
1639 1053 1833 1125 viginti
1901 1063 2172 1105 annorum
2239 1069 2255 1106 :

448 1153 688 1205 maxima
725 1152 868 1206 solet
899 1151 1053 1207 rabie
1082 1151 1276 1221 agitari
1307 1150 1701 1205 adulescentia.

528 1241 618 1299 Vl.
645 1243 740 1298 llla
782 1258 915 1298 vero
946 1252 1002 1299 et
1030 1244 1180 1297 omni
1234 1253 1394 1300 utens
1456 1243 1735 1307 cautione,
1767 1256 1828 1295 se
1863 1236 2024 1294 valde

447 1336 677 1404 gerebat
728 1335 1132 1405 philosophice,
1180 1343 1235 1390 et
1287 1335 1341 1388 in
1382 1335 1467 1389 his
1506 1345 1626 1388 erat
1673 1332 1877 1385 marito
1914 1344 2024 1384 non

451 1426 755 1500 injucunda
786 1428 1051 1499 adiutrix.
1080 1428 1221 1494 Quin
1247 1427 1411 1482 etiam
1446 1427 1492 1482 si
1528 1426 1747 1480 videbat
1768 1425 2025 1505 iuvenem

451 1519 524 1573 ab
557 1526 818 1572 accurata
847 1528 902 1572 et
949 1519 1193 1588 perlecta
1237 1519 1362 1573 vitae
1415 1517 1591 1572 forma
1637 1518 2028 1579 declinantem,

451 1622 578 1665 eum
602 1609 884 1679 sapienter
900 1611 1239 1681 corrigebat,
1266 1619 1320 1666 et
1350 1609 1415 1665 ad
1444 1610 1701 1679 pietatem
1735 1607 2025 1676 dirigebat.

452 1699 592 1754 Nam
651 1700 730 1754 illi
779 1700 1000 1770 quidem
1039 1702 1175 1755 nihil
1235 1709 1400 1756 tanta:
1439 1710 1557 1755 erat
1610 1715 1781 1765 curae,
1811 1706 2030 1769 quantae

454 1790 596 1845 nihil
628 1805 691 1844 ea
731 1805 951 1854 curare,
987 1806 1108 1861 quae
1137 1794 1203 1846 ad
1234 1807 1437 1862 corpus
1473 1791 1820 1859 pertinebant
1856 1807 1874 1845 :
1921 1792 2032 1843 imo

454 1897 589 1938 vero
622 1891 676 1938 et
698 1883 824 1938 cibo
854 1894 908 1939 et
933 1896 1087 1940 veste
1125 1892 1181 1941 et
1216 1886 1364 1939 omni
1399 1885 1611 1939 ratione
1645 1876 2031 1953 ilammamju-

456 1976 703 2032 ventutis
752 1977 1128 2049 exstinguere.
1186 1980 1324 2033 Cum
1377 1979 1531 2033 illum
1576 1986 1763 2031 autem
1822 1974 2035 2029 videret

456 2069 692 2124 amictus
711 2081 967 2124 ornatum
1000 2080 1055 2125 et
1092 2071 1329 2126 vestium
1355 2068 1823 2140 pulchritudinem
1853 2067 2032 2121 adhuc

456 2159 737 2230 amplecti,
766 2177 878 2216 non
923 2164 1180 2217 cessabat
1210 2163 1410 2232 partim
1449 2163 1673 2232 quidem
1708 2161 2032 2225 admonere,

454 2252 658 2320 partim
689 2266 821 2306 vero
848 2252 985 2308 scite
1037 2269 1263 2322 quoque
1302 2262 1356 2308 et
1400 2262 1526 2323 apte
1562 2253 1819 2315 irridere,
1852 2252 2030 2305 doctcc

456 2340 665 2407 effecit,
693 2349 753 2395 ut
787 2342 844 2396 in
885 2344 973 2397 his
1004 2358 1065 2398 se
1087 2353 1303 2412 gereret
1332 2344 1739 2413 philosophice.
1789 2344 1857 2397 Et
1894 2344 2033 2397 alio-

462 2434 557 2503 qui
584 2433 802 2504 coniugi
834 2434 943 2487 dux
969 2444 1089 2488 erat
1117 2434 1325 2489 Melana
1352 2436 1416 2487 ad
1444 2436 1724 2505 pietatem,
1744 2450 1865 2488 cum
1898 2435 2033 2499 Eva,

463 2521 615 2592 quod
665 2523 734 2577 ad
786 2523 941 2578 illum
978 2524 1274 2590 attinebat,
1324 2538 1577 2594 pugnans
1621 2539 1691 2579 ex
1740 2526 2036 2580 diametro.

460 2614 571 2670 Eos
598 2615 768 2682 enim,
800 2615 895 2687 qui
953 2617 1325 2686 mgrotabant,
1382 2617 1534 2670 adire
1587 2627 1641 2672 et
1680 2617 1943 2681 invisere,
1982 2627 2038 2673 et

458 2705 808 2760 curationem
860 2707 1151 2772 adbibere,
1217 2720 1275 2763 et
1321 2707 1739 2778 peregrinantes
1788 2709 2038 2775 hospites

459 2812 652 2853 mensa
682 2796 958 2868 accipere,
994 2807 1047 2852 et
1071 2797 1275 2854 viatico
1325 2814 1422 2855 eos
1461 2800 1694 2862 donare,
1746 2815 1776 2853 a
1821 2801 2039 2854 Melana

461 2888 771 2943 docebatur
810 2891 1065 2943 maritus.
1117 2888 1252 2955 Qum
1290 2889 1513 2958 quidem
1557 2890 1723 2945 ambo
1784 2892 2039 2946 similiter

457 2980 759 3044 faciebant,
796 2989 853 3037 et
897 2981 1125 3037 obibant
1157 2989 1219 3036 ut
1263 2996 1587 3039 communes
1629 2991 1943 3038 servatores
1984 2992 2040 3037 et

2058 1749 2107 1810 Β

2132 502 2440 572 προάστεια
2465 503 2524 557 δὲ
2558 502 2759 565 αὐτοὺς
2786 501 3109 570 ὑποδέχεται
3137 502 3352 572 χρηστά
3382 519 3442 555 τε
3485 504 3710 571 ἐμφύο-

2132 594 2368 661 σοφῆσαι
2396 594 2648 663 καὶπρὸς
2676 595 2912 663 ἡσυχίαν
2950 595 3268 664 ἐπιτηδείως
3302 594 3516 661 ἔχοντα.
3560 594 3709 648 ἠλι-

2132 684 2226 735 κία
2254 685 2310 737 δὲ
2334 684 2676 752 τούτοις,ξότε
2698 689 2809 749 τοῖς
2837 685 2939 753 τῆς
2970 685 3264 753 iur-{0.00
3295 685 3498 753 ταύτης
3530 686 3709 754 ἀπήρο

2128 790 2287 844 χοντο
2313 776 2613 838 πολιτείας,
2660 780 2688 830 ὁ
2726 777 2828 846 μὲν
2855 777 3138 845 τεττάρων
3168 776 3341 827 ἐτέλει
3381 776 3477 827 καὶ
3508 776 3703 837 εἴκοσι,

2128 867 2194 934 τῇ
2226 866 2283 918 δὲ
2315 869 2377 920 τὸ
2406 869 2657 920 εἰκοστὴν
2700 867 2899 938 ἠνύετο
2930 869 3070 931 ἔτος,
3110 869 3201 921 ὅτε
3243 868 3309 937 δὴ
3345 869 3441 921 καὶ
3468 866 3708 935 μάλιστα

2130 956 2319 1026 νεότης
2350 955 2460 1011 οἶδε
2495 959 2719 1029 λυττᾷν.

2324 1054 2548 1111 Melana:
2596 1068 2780 1112 autem
2828 1056 3057 1128 viginti,
3094 1070 3204 1126 quo
3277 1065 3522 1125 tempore
3623 1063 3709 1117 vel

2205 1238 2296 1305 (Γ.
2343 1238 2406 1293 Ἥ
2436 1241 2492 1294 δὲ
2523 1241 2617 1294 καὶ
2643 1242 2795 1313 πάσῃ
2826 1241 3042 1310 φυλακῇ
3070 1241 3330 1315 χρωμένη
3362 1240 3485 1293 ul"
3524 1258 3583 1291 τε
3615 1240 3711 1292 (ιδ’

2131 1328 2232 1398 τὴν
2290 1330 2598 1400 φιλοσόφως
2651 1329 2775 1401 ἦγε,
2829 1332 2921 1387 καὶ
2960 1333 3036 1402 τῷ
3081 1333 3235 1400 ἀνδρὶ
3285 1332 3354 1384 τά
3388 1348 3451 1396 γε
3483 1331 3710 1384 τοιαῦτα

2137 1424 2333 1493 βοηθὸς
2365 1425 2535 1488 ὅντως
2559 1426 2658 1478 οὐκ
2696 1427 2899 1495 ἄχαρις
2926 1421 2994 1495 ἦν
3016 1442 3029 1455 ο
3057 1426 3171 1479 ἀλλ’
3202 1425 3257 1477 εἴ
3281 1425 3335 1477 τί
3366 1442 3468 1477 που
3498 1425 3592 1477 καὶ
3620 1427 3713 1477 τὶν

2135 1517 2255 1569 νέον
2294 1517 2444 1584 ἐώρα
2498 1518 2935 1588 παρεκκλίνοντα
2991 1519 3089 1585 τῆς
3143 1519 3473 1588 ἀκριΰείας,
3530 1518 3712 1587 σοφῶς

2137 1610 2484 1680 ἐπηνώρθου,
2527 1613 2622 1664 καὶ
2659 1613 2796 1681 πρὸς
2823 1612 2884 1664 τὸ
2916 1612 3138 1671 εὐσεϐὲς
3168 1612 3338 1664 ἴθυνε.
3369 1611 3446 1680 Τῇ
3481 1611 3581 1680 μὲν
3604 1611 3712 1681 γᾷρ

2137 1701 2291 1753 οὐδὲν
2343 1701 2521 1764 οὕτως
2555 1702 2752 1772 ἔμελεν
2805 1702 2881 1765 ὡς
2913 1702 2974 1755 τὸ
3012 1703 3238 1771 μηδενὸς
3271 1703 3406 1772 αὐτῇ
3442 1703 3552 1755 τῶν
3588 1701 3713 1771 περὶ

2135 1792 2195 1845 τὸ
2226 1793 2384 1861 σῶμα
2426 1794 2638 1862 μέλειν,
2702 1795 2905 1866 μᾶλλον
2932 1794 2989 1847 δὲ
3025 1794 3101 1856 ὡς
3151 1794 3214 1847 τὸ
3253 1795 3350 1846 καὶ
3398 1798 3572 1864 τροφῇ
3618 1796 3714 1847 καὶ

2136 1890 2299 1959 στολῇ
2354 1890 2449 1942 καὶ
2491 1889 2709 1951 πλάσει,
2762 1888 3017 1955 νεότητος
3053 1889 3228 1956 φλόγα
3279 1887 3587 1940 σϐεννύεινυ
3621 1887 3714 1941 τὸν

2133 1982 2190 2036 δὲ
2220 1982 2404 2051 ὁρῶσα
2433 1982 2515 2034 ἔτι
2540 1982 2750 2050 κόσμου
2782 1981 3081 2048 περιεολῆς
3101 1980 3197 2034 καὶ
3223 1980 3454 2048 ἱματίων
3485 1980 3715 2044 κάλλους

2138 2075 2428 2145 μεταποιού
2439 2093 2622 2146 μενον,
2640 2076 2740 2128 οὐκ
2762 2076 2997 2128 ἐπαύετο
3022 2072 3182 2126 τοῦτο
3221 2072 3321 2141 μὲν
3346 2064 3710 2145 παραινοῦσα,

2134 2169 2293 2222 τοῦτο
2330 2169 2388 2221 δὲ
2420 2170 2515 2223 καὶ
2545 2168 2803 2237 ἐμμελῶς
2835 2166 3170 2220 σκώπτουσα
3212 2166 3319 2226 ἕως
3360 2166 3582 2231 ἀμελεῖν
3607 2164 3715 2216 τῶν

2135 2264 2400 2314 τοιούτων
2440 2264 2537 2315 καὶ
2566 2262 2878 2331 φιλοσόφως
2912 2259 3059 2327 ἔχειν
3088 2260 3184 2311 καὶ
3219 2257 3345 2325 περὶ
3382 2257 3521 2309 αὐτὰ
3578 2272 3718 2325 παρ-

2136 2354 2454 2416 εσκεύοιζεν.
2498 2355 2607 2406 και
2640 2354 2815 2414 ἄλλως
2843 2352 2899 2405 δὲ
2933 2345 3210 2419 ὸςηγδςῆν
3244 2350 3278 2418 ἡ
3309 2348 3533 2415 Μελάνη
3579 2348 3713 2414 πρὸς
3818 2334 3821 2335 ⁷

2137 2446 2453 2500 θεοσέϐειαν
2489 2447 2568 2512 τῷ
2623 2446 2846 2513 συζύγῳ
2899 2446 2965 2498 ἐκ
3033 2442 3329 2510 διαμέτρου
3381 2458 3441 2492 τε
3484 2442 3550 2509 τῇ
3604 2440 3716 2512 Εὕα

2138 2539 2281 2609 πρὸς
2319 2540 2528 2591 ἐκεῖνον
2568 2538 2886 2605 διακειμένη
2910 2554 2926 2570 ο
2956 2535 3018 2590 τδ
3045 2536 3151 2602 γὰρ
3182 2534 3470 2593 νοσοῦντας
3509 2531 3718 2599 nepti!-

2139 2648 2227 2684 ναι
2261 2632 2355 2684 καὶ
2382 2632 2457 2692 ὡς
2487 2629 2766 2700 ἐγχωροῦν
2792 2628 3131 2699 θεραπεύειν
3160 2627 3285 2688 τοὺς
3314 2622 3717 2690 ἐπιδημοῦντὰς

2139 2740 2199 2775 τε
2230 2723 2339 2774 τῶν
2373 2721 2561 2788 ξένων,
2602 2722 2888 2791 τραπέζης
2928 2718 3114 2786 ἀξιοῦν
3141 2720 3237 2773 καὶ
3271 2718 3503 2786 ἐφοδίοις
3529 2716 3720 2786 δωρεῖ-

2140 2809 2286 2871 σθαι,
2319 2808 2573 2878 Μελάνης
2623 2810 2758 2878 πρὸς
2805 2808 2897 2862 τὸν
2946 2809 3116 2878 ἄνδρα
3164 2808 3507 2866 διδασκαλία.
3571 2806 3714 2876 ἅπερ

2140 2898 2348 2967 ἀμφοῖν
2379 2916 2438 2951 τε
2479 2899 2682 2967 ὁμοίως
2728 2899 3056 2967 ἐπράττετο,
3087 2898 3183 2950 καὶ
3216 2898 3514 2967 περιῄεσαν
3542 2895 3716 2948 κοινοὶ

2142 2992 2389 3060 σωτῆρες
2409 2990 2500 3043 καὶ
2523 2991 2805 3057 εὐεργέται
2821 2988 3429 3057 φυλακὰς,ὑπερορίας,
3457 2986 3716 3054 μέταλλα,

456 3072 876 3137 benefactores,
918 3074 1223 3141 custodias,
1265 3073 1386 3129 loca
1418 3075 1682 3144 relegatis
1713 3074 2033 3137 constituta,

2143 3083 2269 3141 τοὺς
2299 3084 2399 3151 μὲν
2438 3081 2505 3134 δι’
2537 3082 2774 3148 ἀπορίαν
2826 3079 3233 3149 κατεχομένους
3266 3079 3546 3147 χρήμασιν
3582 3080 3720 3131 ἁπο-

462 3179 724 3223 carceres
770 3174 829 3221 et
858 3166 1135 3234 ergastula
1186 3180 1330 3221 :eos
1386 3168 1628 3235 quidem,
1670 3166 1764 3234 qui
1816 3174 2042 3235 propter

461 3246 1160 3326 inepiam‘detinebantur,
1195 3255 1474 3311 solventes
1514 3273 1528 3309 :
1563 3255 1657 3325 qui
1686 3265 1869 3310 autem
1907 3271 2036 3325 pt'o-

462 3357 589 3416 pter
613 3349 856 3418 aliquam
884 3348 1045 3401 aliam
1077 3349 1465 3404 retinebantur
1514 3347 1915 3411 calamitatem,
1945 3361 2043 3402 eos

463 3444 520 3490 et
557 3437 739 3506 reipsa
773 3446 826 3492 et
866 3438 1050 3496 verbis
1076 3438 1454 3495 consolantes.
1488 3435 1593 3492 Via
1627 3446 1810 3493 autem
1842 3451 2043 3506 proce-

464 3529 686 3605 dentes,
724 3530 974 3601 reliquas
1004 3546 1231 3603 quoque
1276 3530 1573 3585 facultates
1620 3528 1863 3583 vendere
1902 3528 2044 3583 iuci-

465 3621 650 3691 piunt,
684 3623 827 3678 alios
849 3623 1069 3693 quidem
1115 3638 1182 3679 ex
1211 3622 1553 3694 pauperibus
1602 3619 1869 3675 facientes
1900 3619 2045 3675 divi-

384 3774 389 3777 ,
464 3723 575 3779 tes,
605 3713 712 3770 sibi
738 3729 872 3771 vero
905 3715 1046 3769 nihil
1077 3714 1227 3770 aliud
1259 3719 1681 3779 consecrantes,
1710 3726 1877 3782 quam
1905 3710 2047 3766 nihil

464 3805 696 3870 habere,
728 3814 783 3860 et
804 3806 981 3862 solum
1008 3820 1237 3877 sperare
1264 3806 1318 3861 in
1348 3803 1670 3859 Dominum.

541 3894 657 3950 VII.
682 3895 788 3961 Qui
821 3906 1006 3951 autem
1038 3896 1351 3951 benefactis
1387 3909 1609 3963 semper
1635 3893 1958 3957 insidiatur,
1990 3903 2047 3950 et

467 3989 739 4045 adversus
763 3988 1086 4058 quemlibet,
1115 3989 1210 4058 qui
1246 3988 1380 4045 boni
1404 3987 1612 4058 aliquid
1646 3987 1800 4053 facit,
1842 3987 2046 4043 bellum

467 4080 705 4150 suscipit
725 4080 795 4135 ab
828 4080 1011 4148 initio,
1046 4094 1157 4135 non
1198 4080 1416 4135 sinebat
1446 4081 1764 4148 quiescere,
1795 4080 1890 4136 sed
1918 4095 2046 4147 gra-

468 4188 593 4231 vem
621 4174 843 4244 quidem
870 4177 1146 4229 adversus
1166 4188 1262 4228 eos
1288 4172 1603 4227 machinam
1636 4172 1907 4242 Διιοηίοηί
1941 4171 2051 4225 fra-

471 4279 615 4323 trem
669 4269 925 4322 admovet
984 4266 1280 4331 Severum,
1317 4281 1414 4334 per
1469 4279 1631 4332 quem
1696 4254 2048 4319 existimabat

471 4373 595 4415 sese
618 4357 806 4414 solidae
835 4372 1027 4413 eorum
1063 4356 1263 4411 mentis
1302 4355 1499 4411 turrim
1523 4370 1645 4411 esse
1675 4354 2043 4409 labefactatu-

2142 3174 2385 3237 λύοντες,
2419 3176 2532 3236 τοῖς
2571 3173 2628 3225 δὲ
2674 3174 2930 3242 συμφορᾷ
2975 3188 3081 3223 τινι
3127 3172 3292 3242 ἐτέρᾳ
3336 3170 3719 3239 συνεχομένοις

2143 3264 2336 3335 ἱκανὴν
2364 3264 2730 3334 παράκλησιν,
2771 3263 2838 3315 τὰ
2866 3262 3006 3315 αὐτὰ
3036 3261 3131 3315 καὶ
3162 3262 3289 3324 τοὺς
3335 3260 3524 3326 λόγους
3556 3276 3724 3327 τροσ-

2143 3356 2424 3426 φέροντες,
2462 3355 2568 3422 ὁδῷ
2595 3355 2651 3408 δὲ
2699 3354 2984 3421 προϊόντες
3029 3354 3124 3407 καὶ
3190 3352 3260 3405 τὰ
3314 3353 3573 3406 ἐπίλοιπα
3620 3352 3720 3417 τῆς

2143 3447 2332 3509 οὐσίας
2361 3446 2636 3501 διαπολεῖν
2659 3446 2944 3517 ἄρχονται,
2989 3445 3116 3509 τοὺς
3145 3443 3247 3513 μέν
3276 3445 3469 3507 ἄλλους
3500 3444 3558 3510 ἐξ
3588 3444 3722 3497 ἀπό.

2148 3556 2259 3610 ρων
2289 3538 2559 3606 εὐπόρους
2610 3538 2913 3600 ποιοῦντες,
2962 3538 3179 3598 ἐαυτοῖς
3226 3536 3284 3591 δὲ
3327 3536 3721 3605 συντηροῦντες

2143 3627 2299 3682 οὐδὲν
2337 3628 2465 3683 ἄλλο
2502 3627 2535 3698 ἢ
2582 3628 2643 3680 τὸ
2690 3628 2859 3698 μηδὲν
2890 3626 3036 3698 ἔχειν
3060 3629 3157 3681 καὶ
3178 3628 3242 3682 τδ
3276 3629 3456 3699 μόνως
3481 3625 3721 3693 ἐλπίζειν

2094 3789 2107 3794 ε
2145 3719 2240 3774 ἐπὶ
2262 3720 2356 3775 τὸν
2389 3719 2620 3790 Κύριον.

2217 3901 2294 3958 Z'.
2336 3902 2398 3955 Ὃ
2435 3900 2493 3955 δὲ
2534 3901 2649 3963 τοῖς
2691 3897 2876 3961 καλοῖς
2902 3897 3013 3951 τῶν
3063 3896 3251 3969 ἔργων’
3278 3898 3589 3968 ἐφεδρεύων
3631 3896 3723 3951 ἀεὶ

2147 3994 2244 4047 καὶ
2275 3992 2512 4059 πόλεμον
2552 3989 2694 4044 κατὰ
2730 3988 2930 4053 παντὸς
2960 3990 3058 4041 τοῦ
3101 3991 3164 4043 τὸ
3207 3989 3411 4057 ἀγαθὸν
3443 3987 3722 4050 ποιοῦντος

2148 4086 2207 4151 ἐξ
2234 4076 2408 4155 ἀρχῆς
2429 4085 2706 4155 ἀράμενος
2723 4085 2958 4152 ἠρεμεῖν
2985 4084 3089 4137 οὐκ
3118 4083 3225 4146 εἴα,
3259 4084 3396 4135 ἀλλὰ
3423 4082 3601 4135 δεινὸν
3626 4082 3724 4150 μὲν

2147 4176 2333 4237 αὐτοῖς
2386 4176 2687 4245 μηχάνημα
2735 4174 2825 4227 τὸν
2846 4174 3090 4240 ἀδελφὸν.
3121 4174 3440 4227 Ἀπενιανοῦ
3470 4174 3722 4242 ῖΣευῆρον

2148 4270 2439 4339 προσάγει,
2456 4268 2522 4320 δι’
2541 4261 2601 4319 οὗ
2622 4267 2717 4320 καὶ
2731 4264 2869 4335 ῷετο
2893 4266 2986 4320 τὸν
3007 4268 3105 4333 τῆς
3137 4268 3370 4337 στερρᾶς
3390 4267 3569 4319 αὐτῶν
3586 4265 3726 4332 γνώ-

2153 4377 2257 4427 μης
2304 4359 2627 4412 κατασείσαι
2662 4359 2897 4428 πύργον.
2931 4358 3248 4411 Ἀπενιανδν
3292 4358 3347 4411 δέ
3373 4358 3547 4427 ἄνδρα
3583 4353 3724 4411 εἶναι

469 4467 622 4506 rum.
656 4451 1004 4520 Apenianum
1052 4457 1236 4504 autem
1271 4449 1445 4503 fuisse
1489 4448 1714 4504 Melana:
1757 4448 2039 4511 maritum,

2151 4415 2406 4518 Μελάνης
2443 4452 2470 4502 ὁ
2502 4450 2660 4517 λόγος
2706 4415 2921 4516 galbina;
2962 4446 3284 4517 ἐγνώρισεν.
3336 4415 3510 4508 Οὗτος
3558 4444 3655 4501 οὖν
3696 4448 3726 4500 ὁ
3759 4508 3767 4525 ⁸

473 4540 735 4612 superius
763 4540 1070 4595 declaravit
1107 4540 1308 4594 oratio.
1355 4538 1456 4594 llic
1484 4555 1614 4610 ergo
1664 4539 1904 4595 Severus
1947 4538 2052 4593 im-

470 4635 653 4705 proba
691 4640 873 4689 mente
898 4631 1308 4687 ementiebatur
1333 4640 1588 4683 naturam
1618 4646 1633 4684 :
1657 4637 1714 4685 et
1746 4644 1872 4684 cum
1900 4638 2052 4686 esset

476 4728 677 4793 frater,
708 4725 873 4780 factis
904 4732 1025 4780 erat
1054 4723 1339 4781 inimicus.
1366 4724 1503 4781 Cum
1544 4723 1691 4778 enim
1728 4721 2051 4791 Apettiantts

476 4835 592 4876 una
619 4814 745 4873 cum
776 4815 989 4873 Melana
1037 4815 1104 4870 ad
1136 4816 1308 4870 vitam
1347 4831 1409 4871 ex
1452 4816 1563 4871 Deo
1594 4812 1861 4884 agendam
1899 4820 2051 4868 esset

473 4911 787 4971 traductus,
823 4906 1063 4962 Severus
1097 4906 1294 4960 insano
1330 4905 1599 4960 daemonis
1649 4902 1917 4957 instinctu
1956 4902 2045 4956 in-

475 5004 744 5073 spiratus,
787 5014 1087 5070 aggressus
1117 5005 1204 5053 est
1235 4997 1464 5053 fratrem
1515 4995 1767 5050 molestia
1809 4994 2048 5062 allicere,

476 5110 640 5166 agros
671 5094 935 5156 avellens,
978 5090 1197 5146 fructus
1235 5090 1539 5159 abripiens,
1575 5087 1832 5142 omnibus
1872 5087 2051 5141 modis

476 5188 760 5242 insultans
790 5192 845 5240 et
880 5185 992 5239 vim
1027 5182 1284 5239 ail‘erens.
1313 5183 1615 5252 Postquam
1641 5197 1771 5236 vero
1795 5196 1892 5236 eos
1916 5181 2054 5236 vidit

480 5282 665 5336 omnia
699 5277 869 5334 malle
899 5277 1180 5342 amittere,
1234 5289 1399 5345 quam
1450 5283 1789 5343 praeceptum
1838 5273 2050 5327 Domini

481 5373 796 5443 despicere,
855 5383 968 5438 quo
1023 5374 1250 5423 cavetur
1289 5375 1546 5435 oportere
1577 5378 1703 5418 eum
1734 5365 1898 5428 ferre,
1955 5365 2049 5435 qui

481 5465 761 5531 acceperit
787 5461 1073 5529 iniuriam,
1108 5468 1239 5515 tunc
1262 5459 1352 5513 ille
1388 5458 1440 5513 vi
1476 5458 1684 5526 majore
1732 5470 1828 5511 eos
1861 5470 2051 5524 aggre-

481 5556 767 5612 diebatur.
784 5552 918 5609 Nam
949 5567 1076 5608 cum
1099 5566 1167 5607 ex
1190 5549 1454 5621 Apeniani
1487 5550 1668 5605 servis
1705 5548 2057 5618 improbissi-

483 5660 608 5702 mos
644 5644 837 5699 doloso
876 5641 1242 5700 subornasset
1266 5650 1320 5698 et
1353 5640 1712 5711 corrupisset,
1757 5638 1900 5696 alios
1929 5640 2052 5710 qui-

487 5736 613 5793 dem
638 5736 957 5808 promissis,
986 5735 1130 5795 alios
1158 5746 1294 5793 vero
1320 5731 1595 5806 pecuniis,
1628 5732 1700 5793 iis
1730 5732 2049 5805 persuadet,

2152 4542 2388 4611 ὶευῆρος
2416 4539 2726 4608 διεψεύδετο
2742 4539 2840 4608 τὴν
2867 4539 3032 4608 φύσιν
3055 4543 3119 4609 τῇ
3145 4540 3364 4609 γνώμῃ.
3390 4541 3484 4592 καὶ
3513 4542 3542 4592 ὁ
3572 4540 3725 4593 ἀδελ-

2153 4632 2253 4700 φὸς
2303 4634 2415 4695 τοῖς
2466 4630 2648 4699 ἔργοις
2696 4630 2891 4700 ἐχθρὸς
2936 4626 3029 4696 ἦν.
3091 4630 3410 4683 Ἀπενιανοῦ
3458 4633 3571 4698 γὰρ
3624 4633 3723 4702 ἤδη

2157 4724 2373 4793 σύναμα
2413 4722 2638 4795 Μελάνῃ
2666 4722 2802 4791 πρὸς
2822 4722 2914 4775 τὸν
2942 4721 3083 4775 κατᾶ
3114 4721 3247 4774 θεὸν
3273 4720 3388 4789 βίον
3414 4722 3725 4789 μεταθεμέ-

2154 4833 2269 4875 νου.
2292 4815 2576 4882 ὁΣευῆρος
2607 4815 2733 4883 ἄρτι
2765 4815 2914 4882 παρὰ
2945 4812 3039 4865 τοῦ
3069 4811 3318 4879 δαίμονος
3352 4812 3726 4879 μανικώτερον

2160 4904 2520 4974 ἐμπνευσοεὶς
2551 4902 2744 4957 λυπεῖν
2784 4904 3060 4972 ἐπεχείρει
3091 4902 3182 4955 τὸν
3224 4901 3474 4968 ἀδελφὸν,
3519 4902 3727 4971 ἀγροὺς

2160 4998 2443 5061 ὑποσπῶν,
2474 4996 2721 5068 καρποὺς
2747 4995 2943 5059 συλῶν,
2976 4996 3138 5050 παντὶ
3161 4995 3347 5063 τρόπῳ
3377 4993 3725 5061 ἐπεμϐαίνων

2160 5093 2256 5147 καὶ
2290 5091 2630 5160 βιαζόμενος.
2670 5089 2823 5141 Ἐπεὶ
2851 5088 2907 5141 δὲ
2931 5088 3107 5141 πάντα
3142 5087 3344 5155 μᾶλλον
3365 5084 3511 5156 ἐώρα
3534 5101 3729 5154 προαι-

2163 5184 2460 5254 ρουμένους
2505 5180 2802 5234 ἀποσαλεῐν
2856 5180 2890 5251 ἢ
2948 5178 3050 5247 τὴν
3101 5179 3323 5245 ἐντολὴν
3360 5179 3613 5247 παριδεῖν
3661 5178 3724 5232 τὸ

2161 5274 2275 5327 δεῖν
2306 5271 2662 5339 ἀδικούμενον
2696 5271 2907 5340 φέρειν,
2947 5270 3185 5324 ἐνταῦθά
3212 5285 3265 5323 τι
3295 5270 3387 5322 καὶ
3419 5266 3728 5339 βιαιότερον

2156 5365 2364 5425 ἐκεῖνος
2386 5364 2680 5431 ἐπεχείρει.
2709 5363 2833 5415 Τῶν
2856 5363 2965 5432 γὰρ
2988 5362 3220 5416 οἰκετῶν
3255 5360 3571 5414 Ἀπενιανοῦ
3595 5360 3727 5427 τοὺς

2143 5454 2567 5524 πονηροτάτους
2621 5453 2870 5508 ὑπελθὼν
2924 5453 3175 5517 ὑπούλως
3229 5454 3324 5506 καὶ
3381 5451 3725 5520 διαφθείρας,

2155 5546 2287 5607 τοὺς
2337 5545 2435 5612 μὶν
2470 5544 2820 5614 ὑποσχέσεσι,
2851 5546 2979 5607 τοὺς
3000 5545 3058 5598 δὲ
3088 5545 3340 5613 χρήμασι
3382 5544 3562 5596 πείθει
3591 5558 3728 5595 κατ-

2155 5636 2519 5706 εξαναστῆναι
2546 5636 2642 5689 τοῦ
2666 5634 2919 5706 ἀδελφοῦ,
2947 5636 3042 5692 καὶ
3061 5635 3253 5690 τούτου
3280 5636 3380 5705 μὲν
3394 5634 3720 5700 ἀποστῆναι,

2148 5730 2223 5821 ὀὐ
2251 5728 2494 5813 μόνον.
2514 5729 2666 5813 ,σφᾶς
2696 5727 2945 5821 ἑαυτοὺς,
2972 5727 3107 5784 ἀλλὰ
3148 5728 3241 5782 καὶ
3271 5727 3395 5791 τοὺς
3426 5722 3631 5795 ἀγροὺς
3664 5720 3729 5775 ἰν
