4128 6384
336 305 445 370 761
934 320 965 351 θ’

1617 314 1797 377 νιΤΑ
1843 316 1905 379 S.
1941 304 2311 383 MELANIE.

2449 254 2669 279 θοντο-ίωπν
2694 254 2701 259 ’

3485 322 3596 390 762

304 418 313 427 ’
342 413 431 479 οἷς
456 416 639 488 ᾤκουν
689 393 945 490 Σευῆρον,
959 394 1057 476 καὶ
1090 417 1233 478 εῖναι
1271 420 1458 492 λέγειν
1491 424 1589 478 καὶ
1616 424 1930 496 ὀνομάζειν.

2046 439 2095 485 ιιι
2125 439 2317 486 contra
2344 429 2573 485 fratrem
2598 445 2760 486 suum
2788 431 3092 505 insurgant,
3120 438 3175 489 et
3206 434 3277 491 ab
3300 447 3367 490 eo
3383 436 3605 505 quidem

358 507 529 562 Ἀλλά
585 514 766 575 κενοῖς
815 512 988 578 δντως
1035 516 1064 568 ὀ
1106 514 1336 585 μάταιος
1380 517 1794 589 ἐπεχείρειηοί
1830 523 1931 592 μὲν

341 600 480 670 γὰρ,
536 603 715 656 καίτοι
763 605 992 659 τοιαῦτα
1044 607 1353 677 πάσχοντες
1385 606 1478 676 ὑφ’
1517 602 1579 661 οὗ
1632 610 1833 681 ἥκιστα
1864 614 1930 667 ἄν

344 710 439 757 τις
472 695 565 747 καὶ
596 697 992 766 προσεδόκησε,
1051 698 1226 753 ταῦτα
1286 700 1387 769 μὲν
1439 700 1667 764 ἀλύπως
1708 701 1929 772 ἔφερον,

353 788 561 857 μᾶλλον
604 789 660 841 δέ
688 805 743 841 τι
772 790 867 843 καλ⁸
899 791 1125 862 ἔχαιρον
1151 807 1168 824 ·
1193 793 1314 846 οὐδὲ
1352 794 1462 863 γάρ
1496 794 1702 862 φαῦλον
1745 797 1931 857 αὐτοῖς

344 880 528 934 ἐδόκει
554 882 946 952 διαμιλλᾶσθαι
974 889 1098 947 ταῖς
1121 890 1430 958 συμφοραῖς
1458 888 1592 958 πρὸς
1626 886 1775 940 Ἰὼϐ·
1802 887 1932 957 ἠνία.

345 974 405 1027 δὲ
436 974 597 1044 μόνον
611 978 739 1040 τοὺς
766 979 1048 1045 γενναίους
1072 981 1132 1033 τδ
1156 981 1267 1033 τῶν
1292 980 1592 1051 χρημάτων
1617 980 1760 1034 οὕτω
1787 998 1932 1051 παρ-

343 1071 698 1138 αιρουμένων
763 1073 937 1144 μικρὰ
988 1076 1102 1143 ῥεῖν
1132 1073 1231 1143 τῆς
1256 1075 1509 1131 εὐποιίας
1530 1074 1588 1126 τὸ
1623 1073 1804 1144 ῥεῦμα
1831 1071 1928 1125 τοῦ

347 1159 587 1213 πλούτου
636 1162 889 1234 καθάπερ
934 1166 1088 1228 τινὸς
1137 1162 1391 1235 ποταμοῦ
1442 1162 1669 1233 ἑτέρωθι
1710 1181 1932 1235 μετοχεο

344 1250 651 1317 τευοέντος.

2032 520 2293 577 deﬁciant
2326 540 2340 577 :
2375 538 2485 577 non
2520 522 2698 578 solum
2721 534 2905 578 autem
2942 526 3183 595 seipsos,
3220 526 3316 581 sed
3347 541 3444 582 eos
3468 540 3611 597 quo-

2033 628 2141 683 que
2189 630 2375 682 agros,
2414 616 2468 670 in
2501 617 2704 685 quibus
2752 616 3099 684 habitabant,
3131 618 3324 673 Severi
3370 634 3494 675 esse
3519 620 3611 675 di-

2032 717 2241 771 cerent,
2273 715 2328 760 et
2350 722 2450 762 eos
2481 709 2601 775 ejus
2632 710 3008 765 nominarent.
3041 709 3146 764 Sed
3175 711 3413 766 stolidus
3448 711 3610 780 plane

2033 812 2326 867 aggressus
2359 807 2443 854 est
2482 800 2690 857 inania.
2734 799 2865 855 Nam
2919 802 2994 856 illi
3059 804 3282 871 quidem
3322 806 3423 859 etsi
3478 804 3612 858 talia

2033 898 2354 956 paterentur
2386 891 2454 944 ab
2480 906 2568 953 eo,
2595 907 2623 944 a
2649 908 2759 959 quo
2789 892 2915 961 quis
2950 893 3178 948 minime
3208 902 3609 962 exspectasset,

2040 997 2104 1037 ea
2138 983 2362 1050 quidem
2397 983 2702 1038 toleranter
2731 995 2784 1039 et
2814 986 3003 1039 sedate
3033 985 3305 1047 ferebant.
3337 986 3450 1039 imo
3479 1000 3613 1040 vero

2039 1078 2350 1145 gaudebant
2374 1081 2580 1148 potius.
2615 1078 2728 1132 Non
2749 1081 2893 1133 enim
2925 1079 3140 1133 eisleve
3171 1078 3458 1133 videbatur
3487 1092 3612 1133 eum

2035 1167 2136 1225 Job
2163 1173 2501 1227 contendere
2554 1173 2719 1227 rebus
2764 1172 3013 1228 adversis
3066 1180 3122 1226 et
3162 1170 3601 1238 calamitatibus,

2034 1277 2337 1332 generosos
2386 1274 2571 1320 autem
2622 1266 2746 1320 illos
2790 1266 2895 1320 hoc
2944 1265 3122 1320 solum
3176 1263 3318 1319 male
3356 1262 3616 1328 habebat,

346 1346 491 1411 quod
529 1364 655 1401 cum
696 1347 1052 1405 auferrentur
1081 1366 1237 1424 opes,
1281 1369 1475 1424 parum
1512 1352 1710 1410 ﬂueret
1749 1352 2019 1408 ﬂuentum
2089 1357 2496 1426 beneﬁcentia,
2557 1362 2765 1418 divitiis
2831 1377 2944 1418 non
3011 1377 3176 1418 secus
3219 1374 3385 1431 atque
3434 1362 3622 1431 aliquo

347 1436 554 1491 ﬂuento
576 1440 686 1493 alio
711 1443 997 1499 derivatis.

419 1530 505 1585 ΙΨ.
537 1533 672 1586 Ούόἐ
692 1534 1060 1605 εύσεδεστάτη
1085 1538 1377 1608 βασίλισσα
1404 1539 1606 1609 Βερίνα
1629 1540 1740 1594 τῶν
1763 1538 1938 1594 τοιού-

345 1638 457 1676 των
484 1625 716 1694 ἀνήκοος
740 1630 1008 1697 ἐγεγόνει,
1033 1631 1170 1685 ἀλλά
1183 1631 1391 1702 ταύτην
1421 1634 1521 1703 μὲν
1545 1634 1637 1686 καὶ
1670 1633 1779 1704 πρὸ
1806 1633 1943 1687 πολ-ι

2115 1541 2261 1600 νιιι.
2290 1543 2413 1600 Νοιι
2447 1545 2567 1600 haec
2603 1551 2787 1598 autem
2825 1543 2902 1598 ita
2933 1544 3292 1616 gerebantur,
3325 1552 3385 1598 ut
3427 1543 3482 1598 in
3504 1543 3624 1612 prio

2043 1637 2153 1693 mis
2186 1639 2274 1707 pia
2306 1637 2632 1708 imperatrix
2656 1636 2859 1692 Verina
2897 1652 3005 1691 non
3056 1636 3175 1692 haec
3209 1636 3484 1703 acceperit
3520 1652 3621 1690 au-
3655 1702 3663 1712 .

350 1716 448 1772 λοῦ
487 1725 738 1791 κατεῖχεν
768 1723 801 1789 ὴ
851 1726 1011 1793 φήμη
1057 1726 1159 1793 τῆς
1194 1726 1405 1780 τούτων
1456 1726 1803 1797 φιλοσοφίας,
1844 1728 1938 1779 καὶ

2046 1730 2256 1786 ditiooe
2296 1749 2310 1784 :
2344 1731 2438 1785 sed
2467 1731 2533 1785 ad
2566 1745 2689 1785 eam
2724 1730 2949 1798 quidem
2998 1729 3095 1784 diu
3131 1739 3257 1783 ante
3291 1738 3622 1799 pervenerat
3656 1776 3661 1785 .

353 1810 554 1865 πολλοῦ
586 1810 655 1883 ἦν
684 1815 821 1885 αὐτῇ
856 1817 1028 1881 ἄξιον,
1067 1817 1197 1871 ἰδεῖν
1232 1836 1292 1871 τε
1334 1819 1580 1884 ἐκείνους
1611 1820 1706 1873 καὶ
1748 1818 1939 1887 λεγόν-

350 1918 461 1956 ⁸των
487 1904 746 1968 ἀκοῦσαι,
773 1908 868 1959 καὶ
893 1908 1120 1971 πολλαῖς
1141 1910 1524 1979 παρακλήσεσι
1550 1911 1939 1980 μετεπέμπετο

350 1993 456 2062 τὴν
480 1990 764 2066 Μελάνην.
801 1997 938 2051 Τότε
972 2000 1028 2054 δὲ
1059 2001 1269 2055 καὶτοῦ
1307 2003 1505 2073 καιροῦ
1539 2003 1639 2073 τὴν
1680 2001 1939 2073 ἀφορμὴν

352 2086 536 2153 δόντος
566 2092 769 2160 σπουδῇ
823 2093 1031 2148 ἐκάλει.
1072 2096 1139 2148 Ἠ
1175 2095 1233 2149 δέ
1267 2097 1380 2167 ᾔει.
1427 2097 1566 2150 Ἀλλ’
1595 2098 1695 2150 ὅσα
1745 2099 1842 2151 καὶ
1872 2097 1940 2151 τὰ

357 2178 466 2246 πρὸ
499 2179 597 2247 τῆς
621 2181 862 2249 ὁμιλίας,
896 2184 1055 2251 ὀλίγα
1079 2186 1286 2240 τούτων
1318 2187 1552 2241 ἀκοῦσαι
1576 2188 1806 2258 βέλτιον.
1833 2184 1943 2243 Ἦν

356 2266 470 2336 ἄρα
518 2274 915 2339 νενομισμένον
954 2274 1256 2343 Ῥωμαίοις
1316 2278 1391 2347 μὴ
1446 2277 1616 2349 ἄνδρα
1667 2290 1813 2343 τινα,
1868 2280 1943 2352 μὴ

358 2363 596 2428 γυναῖκα
626 2362 781 2431 παρά
832 2363 1061 2432 βασιλέα
1091 2368 1122 2433 ἢ
1160 2369 1410 2437 βασιλίδα
1437 2371 1633 2441 φοιτᾷν
1662 2371 1945 2442 κεκαλυμο

362 2449 503 2521 μένῃ
532 2454 596 2520 τῇ
624 2453 860 2522 κεφαλῇ.
889 2453 1035 2523 Αὕτη
1060 2457 1157 2509 τοῦ
1184 2460 1351 2527 νόμου
1386 2461 1554 2528 μηδὲν
1580 2463 1944 2531 φροντίσασα,

358 2545 897 2617 κατακεκαλυμμένῃ
947 2547 1171 2618 παρῄει,
1216 2550 1277 2603 ού
1307 2554 1589 2621 τυράννων
1628 2553 1772 2618 ἔθος,
1808 2555 1945 2609 ἀλλὰ

358 2633 452 2687 τὸν
531 2636 749 2691 Παύλου
827 2641 991 2710 νόμον
1050 2641 1162 2695 δεῖν
1231 2648 1553 2715 συντηρεῖν,
1586 2646 1645 2710 ὃς
1708 2647 1808 2700 οὐκ
1884 2648 1948 2718 ἐᾷ

358 2731 626 2795 γυναῖκας
683 2736 866 2803 γυμνῇ
911 2733 1046 2786 ίέναι
1090 2737 1156 2806 τῇ
1217 2737 1549 2808 κεφαλῇ.ού
1579 2739 1824 2810 μὴνούδέ
1850 2742 1949 2811 τὴν

363 2822 560 2890 στολὴν
585 2822 813 2894 ἠθέλησε
840 2826 1149 2896 διαμεῖψαι,
1178 2829 1300 2882 οῦδὲ
1340 2831 1407 2883 τὰ
1444 2831 1586 2900 ρἀη
1625 2834 1948 2900 μεταμφιά-

365 2915 586 2984 σασθαι,
612 2918 788 2973 καίτοι
807 2920 1020 2975 πολλῶν
1035 2922 1453 2993 παραινούντων
1483 2925 1561 2995 μὴ
1596 2924 1946 2982 οὖτωποιεῖν.

2039 1821 2185 1876 tanta
2217 1838 2405 1877 eorum
2437 1823 2821 1893 pbilosophim.
2875 1821 3221 1891 ducebatque
3267 1836 3455 1892 operae
3489 1838 3621 1891 pre-

2041 1912 2178 1965 tium
2221 1912 2346 1966 illos
2382 1920 2438 1968 et
2462 1913 2649 1973 videre
2692 1920 2745 1965 et
2774 1912 2970 1967 audire
3010 1911 3283 1977 dicentes,
3322 1920 3378 1967 et
3426 1912 3618 1967 multis

2044 2004 2306 2074 precibus
2338 2004 2661 2058 accersebat
2704 2003 3003 2060 Melanam.
3049 2003 3212 2060 Tunc
3255 2012 3441 2060 autem
3488 2014 3625 2060 tem-

2044 2112 2179 2165 pore
2209 2112 2432 2167 quoque
2462 2100 2629 2152 dante
2658 2098 3040 2162 occasionem,
3077 2098 3226 2152 illam
3271 2112 3473 2167 magno
3502 2105 3626 2153 stu.

2042 2190 2137 2245 dio
2187 2191 2444 2256 vocavit;
2488 2190 2581 2243 illa
2619 2204 2751 2244 vero
2811 2189 2934 2244 ivit.
2969 2188 3074 2243 Sed
3128 2204 3251 2258 qua:
3299 2188 3630 2243 exstiterunt

2044 2290 2174 2336 ante
2206 2296 2397 2336 eorum
2442 2280 2926 2349 congressionem,
2978 2280 3155 2334 satius
3200 2287 3284 2333 est
3342 2293 3518 2345 pauca
3556 2293 3627 2333 ex

2047 2374 2116 2429 iis
2137 2374 2356 2428 audire.
2392 2373 2525 2427 Erat
2552 2371 2775 2442 quidem
2812 2372 2928 2426 bare
2955 2372 3041 2426 lex
3065 2370 3210 2441 apud
3239 2371 3542 2436 Romanos,
3566 2374 3629 2424 ut

2047 2470 2237 2524 nullus
2268 2469 2352 2522 vir
2381 2482 2482 2522 nec
2528 2466 2725 2520 mulier
2750 2466 3145 2532 imperatorem
3184 2474 3280 2518 aut
3306 2463 3628 2531 imperatri-

2048 2575 2165 2614 cem
2198 2570 2391 2629 operto
2417 2559 2599 2628 capite
2636 2557 2949 2612 accederet.
2974 2557 3051 2611 Ea
3082 2572 3216 2611 vero
3259 2555 3439 2625 legem
3482 2552 3626 2610 nihil

2049 2666 2276 2714 curans,
2312 2649 2494 2702 velata
2538 2649 2801 2709 accessit,
2842 2661 2952 2701 non
3004 2655 3373 2718 tyrannorum
3414 2659 3624 2711 tutores.

2049 2742 2144 2796 sed
2169 2740 2323 2794 Pauli
2368 2741 2539 2809 legem
2573 2740 2811 2792 maxime
2842 2737 3032 2794 dicens
3088 2747 3345 2809 oportere
3406 2751 3636 2793 conser—

2049 2834 2168 2887 vari
2199 2874 2213 2897 ,
2234 2832 2327 2902 qui
2357 2847 2465 2886 non
2490 2832 2624 2885 sinit
2650 2831 2912 2884 mulieres
2936 2830 3088 2883 nudo
3107 2830 3289 2898 capite
3314 2831 3569 2884 incedere
3584 2830 3630 2884 '.

2053 2924 2161 2979 Sed
2220 2939 2399 2991 neque
2466 2933 2673 2977 vestem
2712 2921 2887 2974 voluit
2911 2929 3148 2983 mutare,
3190 2933 3372 2989 neque
3413 2934 3633 2991 pannos

2052 3034 2276 3081 exuere.
2309 3018 2414 3072 etsi
2458 3016 2613 3069 multi
2645 3014 2952 3070 suaderent
2988 3022 3047 3066 ut
3077 3013 3310 3068 faceret.

435 3095 515 3152 ϐ’.
565 3098 634 3150 'H
664 3097 720 3152 δὲ
768 3098 909 3168 πρδς
949 3074 1169 3166 αὐτοὺς,
1211 3103 1616 3173 Ἐνεδυσάμην,
1667 3106 1837 3174 φησὶ,
1875 3110 1945 3161 τά

2123 3110 2220 3165 ιχ.
2265 3110 2359 3163 llla
2391 3122 2523 3161 vero
2569 3107 2652 3161 eis
2689 3106 2909 3160 dicebat
2944 3102 3121 3159 :Meis
3145 3119 3233 3158 me
3266 3102 3512 3158 vestibus
3547 3101 3635 3157 in-

366 3192 558 3263 ίμάτιά
591 3211 716 3263 μου.
745 3193 1195 3265 πῶς“ἐκδύσομαι
1240 3198 1415 3263 αύτά;
1452 3197 1618 3251 Ὅθεν
1663 3202 1760 3253 καὶ
1803 3219 1948 3272 παρ-

369 3283 529 3340 ιοῦσα
578 3287 781 3349 εἰς.τά
816 3288 1085 3357 βασίλεια,
1118 3289 1241 3342 ούδέ
1270 3291 1546 3359 ἀπέϐλεψε
1579 3293 1716 3362 πρός
1758 3312 1811 3347 τι
1837 3294 1948 3357 τῶν

314 3450 319 3453 τ
367 3379 550 3439 ἄλλοις
575 3378 1032 3448 θαυμαζομένων,
1062 3380 1183 3433 οὐδὲ
1217 3380 1520 3450 ὀφθαλμῶν
1553 3383 1678 3449 ἀξια
1710 3385 1948 3453 κρίνασα

366 3472 436 3526 τὰ
464 3472 706 3526 τοιαῦτα.
738 3471 1010 3543 Προῖούσῃ
1043 3489 1105 3525 τε
1150 3472 1368 3544 σύναμα
1413 3473 1489 3544 τῷ
1528 3475 1835 3546 Ἀπενιανῷ
1859 3479 1945 3531 εύ-

368 3564 466 3626 θῦς
496 3566 530 3631 ἡ
567 3563 859 3632 βασίλισσα
903 3565 1182 3634 ὑπανέστη
1239 3582 1298 3618 τε
1366 3566 1465 3620 καὶ
1509 3570 1801 3635 προσεῖπε,
1852 3569 1949 3621 καὶ

368 3655 639 3726 καθέδρας
675 3654 911 3718 ἠξίωσεν
952 3656 1263 3725 ἐγγυτάτης
1286 3672 1299 3687 ⁸
1335 3655 1600 3727 ἐξέπληξε
1633 3660 1744 3727 γὰρ
1777 3659 1949 3731 αὐτὴν

366 3746 403 3818 ἦ
433 3763 493 3799 τε
526 3746 688 3818 στολὴ
719 3747 818 3800 καὶ
849 3747 911 3798 τὸ
939 3746 1036 3799 τοῦ
1075 3748 1359 3817 σχήματος
1397 3749 1589 3813 δεινῶς
1640 3750 1910 3804 ἰδιωτικόν
1931 3767 1947 3785 ·

368 3837 465 3890 καὶ
517 3837 647 3899 τοὺς
697 3836 790 3905 ὑφ’
834 3837 1002 3905 ἐαυτῇ
1060 3838 1412 3905 συγκαλοῦσα
1469 3841 1648 3893 κοινὸν
1705 3843 1951 3897 ἐποιεῖτο

369 3926 555 3997 θαῦμα
612 3928 894 3996 Μελάνην,
950 3929 1016 3980 Ὢ
1066 3923 1218 3992 οἷον,
1270 3930 1530 3998 φήσασα,
1574 3933 1809 4003 πρᾶγμα
1854 3934 1950 3988 νῦν

370 4025 581 4092 βλέπωῑ
626 4024 803 4078 Πάλαι
828 4024 939 4093 γάρ
975 4041 1059 4086 σε,
1094 4022 1214 4076 θεία
1249 4024 1549 4091 γυναικῶν,
1585 4025 1784 4094 ἤκουον
1807 4041 1821 4056 ⁸
1854 4026 1952 4080 νῦν

370 4118 429 4170 δὲ
473 4118 607 4186 ὁρῶ.
648 4118 757 4170 Καὶ
807 4116 926 4185 ἅμα
969 4115 1067 4170 τοῦ
1118 4115 1327 4187 χρυσοῦ
1362 4115 1555 4186 θρόνου
1608 4115 1953 4180 ἐξαναστᾶσα

371 4209 667 4280 περιέϐαλέ
722 4227 780 4262 τε
835 4211 929 4264 καλ⁵
983 4210 1395 4278 κατησπάζετο,
1444 4208 1539 4262 καὶ
1582 4210 1657 4272 ὡς
1689 4210 1952 4274 πολλάκις

372 4303 531 4370 ἔλεγε
557 4301 858 4373 ’Μακαρία
910 4297 963 4354 εἴ
1009 4302 1074 4355 σὺ
1105 4300 1202 4356 τοῦ
1256 4303 1316 4356 ἐν
1368 4301 1560 4374 Κυρίῳ
1596 4303 1950 4374 μακαρισμοῦ

372 4395 598 4458 δικαίως
623 4394 985 4465 ἐπιτυχοῦσα.

446 4573 504 4627 I'.
549 4573 705 4627 Ἐπεὶ
731 4572 788 4625 δὲ
820 4572 915 4625 καὶ
944 4572 1185 4643 Σευῆρον
1209 4572 1369 4631 δίκας
1395 4546 1703 4642 ἀπαιτῆσαι
1733 4573 1842 4628 τῶν
1875 4575 1956 4638 είς

374 4664 573 4727 αὖτοὺς
607 4663 964 4733 ἀδικημάτων
994 4660 1286 4733 ὑπέσχετο,
1303 4663 1447 4718 Ἀλλ⁹
1474 4666 1607 4734 ἡμῖν
1628 4681 1716 4733 γε,
1742 4659 1896 4718 εἶπεν
1920 4667 1955 4736 η

374 4758 639 4827 Maiam,
694 4761 950 4823 κρεῖττον
996 4756 1304 4809 ἀδικεῖσθαι
1362 4757 1566 4826 μᾶλλον
1597 4757 1651 4827 ti)
1710 4756 1955 4810 ἀδικεῖνο

2049 3201 2167 3265 dtti,
2194 3199 2473 3269 quomodo
2496 3215 2590 3254 eas
2616 3197 2859 3252 exuam?
2901 3195 3056 3251 Unde
3082 3196 3247 3248 etiam
3281 3210 3405 3250 cum
3448 3194 3633 3265 ingreo

2049 3297 2277 3352 derctur
2304 3295 2359 3348 in
2412 3293 2644 3363 regiam,
2687 3306 2756 3344 ne
2782 3290 2998 3358 aspexit
3032 3288 3252 3358 quidem
3309 3288 3375 3341 ad
3421 3287 3633 3357 aliquid

2049 3406 2114 3444 ex
2147 3389 2213 3442 iis
2242 3403 2364 3457 qua:
2389 3384 2535 3456 apud
2584 3385 2725 3437 alios
2761 3382 3111 3436 habebantur
3150 3381 3205 3435 in
3236 3379 3630 3444 admiratione,

2049 3498 2119 3537 ne
2151 3482 2346 3535 obtutu
2384 3477 2605 3548 quidem
2663 3490 2725 3530 ca
2772 3474 2938 3544 digna
2975 3472 3256 3543 judicans.
3301 3470 3634 3525 Procedenti

2052 3583 2236 3628 autem
2268 3571 2317 3625 ei
2365 3570 2532 3626 simul
2590 3583 2716 3624 cum
2769 3566 3059 3636 Apeniano
3093 3568 3283 3620 statim
3324 3562 3636 3618 assurrexit

2051 3665 2402 3733 imperatrix,
2435 3671 2491 3717 et
2518 3662 2759 3715 allocuta
2794 3668 2902 3723 est,
2945 3666 3000 3712 et
3038 3665 3095 3710 ut
3139 3656 3390 3724 proxime
3430 3654 3638 3708 asside-

2050 3770 2159 3826 ret,
2185 3768 2271 3815 est
2310 3760 2557 3829 dignata.
2595 3756 2725 3809 Eam
2759 3754 2905 3808 enim
2944 3750 3331 3821 obstupefecit
3373 3749 3633 3813 vestitus,

2051 3858 2108 3906 et
2139 3850 2433 3904 admodum
2469 3844 2620 3899 rudis
2655 3853 2709 3899 et
2735 3843 2973 3913 simplex
3006 3842 3248 3897 habitus.
3281 3848 3338 3892 et
3368 3852 3468 3890 eos
3497 3850 3639 3890 con-

2051 3952 2280 4002 vocans,
2312 3936 2403 4005 qui
2432 3943 2592 3989 erant
2628 3932 2682 3986 in
2706 3948 2808 3988 sua
2841 3939 3135 4000 potestate,
3177 3926 3448 3982 Melanam
3475 3939 3631 3979 com-

2054 4029 2294 4084 muniter
2322 4025 2703 4080 admirabatur
2727 4042 2741 4075 :
2765 4023 2809 4076 0
2833 4022 3074 4092 qualem,
3103 4021 3319 4083 dicens,
3346 4031 3491 4071 nunc
3518 4030 3639 4070 rem

2053 4120 2310 4176 intueor?
2353 4119 2430 4172 Te
2464 4119 2571 4187 iam
2630 4116 2839 4183 pridem
2875 4113 3098 4182 quidem
3171 4111 3415 4163 divinam
3448 4105 3637 4162 audivi

2053 4228 2174 4268 esse
2203 4210 2513 4272 mulierem,
2542 4223 2690 4262 nunc
2723 4214 2906 4260 autem
2933 4203 3099 4257 etiam
3128 4201 3290 4255 video
3331 4219 3344 4255 :
3383 4209 3437 4254 et
3467 4198 3638 4254 simul

2054 4318 2288 4373 surgens
2318 4316 2347 4355 e
2378 4301 2583 4355 throno
2615 4312 2807 4360 aureo.
2841 4310 2961 4350 eam
3001 4293 3256 4362 suspexit
3293 4299 3348 4345 et
3384 4293 3637 4359 amplexa

1984 4426 2029 4481 ι)
2058 4404 2161 4458 est,
2186 4402 2240 4447 et
2273 4406 2416 4459 saepe
2441 4390 2582 4443 dixit
2626 4406 2640 4443 :
2680 4387 2846 4441 Beata
2893 4400 2953 4439 es
2999 4394 3081 4450 tu,
3118 4396 3241 4467 quae
3270 4380 3398 4451 jure
3449 4392 3639 4434 conse-

2059 4496 2186 4541 cuta
2223 4499 2284 4539 es
2322 4485 2377 4538 in
2414 4480 2646 4535 Domino
2673 4477 3102 4533 beatitudinem.

2127 4574 2199 4629 Χ.
2240 4574 2537 4643 Postquam
2601 4578 2783 4625 autem
2827 4568 3068 4638 pollicita
3093 4574 3179 4622 est
3234 4581 3296 4622 se
3324 4565 3393 4620 de
3431 4564 3639 4622 Severo

2038 4668 2179 4738 ‘jure
2214 4681 2408 4738 poenas
2431 4680 2555 4720 esse
2591 4673 2939 4732 sumpturam
2970 4671 3192 4730 propter
3223 4658 3483 4726 injurias,
3517 4656 3644 4728 qui-

2062 4760 2168 4813 bus
2208 4773 2307 4812 eos
2339 4755 2601 4809 ali'ecerat
2645 4770 2659 4806 :
2706 4752 2776 4807 At
2806 4752 2989 4814 nobis,
3043 4753 3225 4821 inquit
3261 4750 3495 4812 Melana,
3531 4764 3645 4803 me-

376 4851 500 4903 ἐπεὶ
530 4850 627 4902 καὶ
664 4847 1061 4915 ρσπιζομένοις
1098 4849 1159 4900 ού
1210 4849 1371 4915 μόνον
1420 4848 1634 4917 φέρειν,
1683 4847 1821 4901 ἀλλὰ
1865 4847 1945 4900 xui

2063 4851 2170 4904 lius
2196 4856 2279 4903 est
2310 4847 2567 4915 iniuriam
2596 4846 2732 4915 pati,
2765 4860 2931 4915 quam
2978 4843 3160 4897 facere
3193 4842 3479 4911 iniuriam.
3529 4840 3642 4896 Eos

376 4940 475 5008 τὴν
509 4936 703 5005 ἑτέραν
737 4937 996 5005 στρέφειν
1041 4937 1187 4998 θεῖος
1220 4937 1383 5005 νόμος
1416 4939 1556 4990 ἐστί.
1602 4938 1693 4990 Σοὶ
1729 4937 1784 4989 δὲ
1818 4937 1957 4992 ἄλλα

378 5029 551 5084 πολλά
578 5030 649 5081 τὰ
672 5027 855 5093 ἀγαθά
884 5027 1036 5097 παρά
1064 5028 1200 5111 Θεοῦ
1236 5029 1429 5098 ἕψεται
1451 5032 1549 5100 τῆς
1589 5032 1760 5099 καλῆς
1790 5030 1958 5084 ἕνεκα

378 5123 584 5192 ταύτης
632 5119 967 5188 προθέσεως.
1029 5121 1204 5190 ῘΗμῖν
1249 5123 1305 5174 δὲ
1359 5124 1586 5193 ἀρκέσει
1645 5123 1709 5175 τὸ
1765 5124 1953 5191 στῆναι

382 5215 548 5286 μέχρι
581 5214 776 5265 τούτου
808 5211 911 5281 τὴν
933 5211 1164 5282 βλάϐην,
1200 5214 1296 5266 καὶ
1333 5215 1501 5285 μηδὲν
1540 5215 1699 5268 πλέον
1739 5216 1831 5267 τὸν
1860 5214 1954 5268 ἄν·

377 5307 482 5377 δρα
512 5304 800 5374 προθεῖναι
820 5320 837 5338 ν
869 5307 945 5368 ὡς
975 5308 1134 5376 ἡμῶν
1159 5324 1221 5376 γε
1260 5308 1446 5360 ’ἑ-ιεκεν
1507 5306 1627 5359 οὐδὲ
1658 5306 1850 5359 τούτου
1891 5305 1958 5359 ἂν

382 5396 684 5464 ποιούμεθα
713 5395 896 5463 λόγον,
922 5396 1041 5449 ἀλλ’
1063 5399 1146 5449 ὅτι
1174 5397 1242 5450 τὰ
1268 5396 1440 5461 ξένοις
1471 5396 1571 5466 ἤδη
1603 5395 1955 5464 κληρωθέντα

378 5487 478 5543 καὶ
506 5488 741 5541 ἐνδεέσιν
774 5489 1091 5561 ἀποστερεῖ.
1115 5487 1216 5542 Διά
1242 5486 1416 5541 ταῦτα
1441 5486 1573 5555 γοῦν
1602 5487 1826 5550 τούτους
1857 5492 1956 5541 καὶ

379 5579 545 5634 πλέον
571 5579 603 5647 ἡ
639 5577 855 5648 βασιλὶς
882 5580 1220 5651 θαυμάσασα
1250 5580 1345 5634 καὶ
1363 5578 1460 5635 τοῦ
1485 5577 1728 5649 Σευὴρου
1757 5578 1826 5633 δι’
1859 5579 1957 5634 αύ-

456 5762 477 5794 ³
508 5759 530 5815 Ι
563 5758 692 5818 Cor.
725 5761 894 5831 tt,i3.

2064 4937 2234 5003 enim,
2264 4939 2467 5006 quibus
2492 4938 2875 5005 itnpinguntur
2902 4933 3096 5002 alapae,
3129 4946 3236 4985 non
3273 4931 3452 4985 solum
3498 4928 3641 5000 pati,

2064 5028 2161 5083 sed
2204 5028 2369 5081 etiam
2404 5027 2569 5078 aliam
2610 5027 2914 5081 obvertere
2941 5024 3247 5097 maxillam,
3301 5025 3384 5075 lex
3427 5034 3513 5077 est
3557 5021 3643 5077 di-

2060 5120 2212 5172 vina.
2263 5117 2445 5185 Atque
2495 5127 2552 5169 tu
2597 5115 2819 5185 quidem
2858 5116 3032 5168 multa
3069 5117 3211 5167 bona
3244 5127 3271 5164 a
3306 5111 3415 5166 Deo
3440 5125 3644 5167 conse-

2059 5211 2246 5282 queris
2281 5218 2510 5280 propter
2544 5211 2650 5264 hoc
2680 5210 2888 5264 bonum
2924 5216 3077 5262 tuum
3113 5206 3500 5276 propositum;
3537 5221 3640 5260 no-

2062 5305 2147 5361 bis
2170 5320 2301 5359 vero
2336 5304 2593 5365 sumciet,
2623 5305 2666 5357 si
2696 5303 2960 5358 damnum
2985 5303 3276 5371 hucusque
3307 5301 3561 5363 sistatur,
3589 5310 3645 5356 et

2061 5411 2170 5448 non
2224 5394 2374 5464 plura
2432 5393 2679 5461 adjiciat.
2735 5390 2872 5444 Nam
2942 5402 3127 5445 nostra
3184 5390 3411 5460 quidem
3471 5402 3640 5444 causa

2072 5488 2240 5556 hujus
2265 5484 2469 5538 nullam
2499 5485 2837 5541 duceremus
2889 5482 3182 5548 rationem,
3231 5481 3337 5537 nisi
3381 5481 3527 5552 quod
3575 5494 3640 5536 ea

2060 5592 2181 5649 qua
2212 5590 2256 5631 ει
2288 5582 2338 5603 -ιο
2374 5573 2686 5623 Iun-pun...c
2724 5583 2781 5625 οι
2828 5574 3116 5629 θαὲηιῃνυ,
3156 5574 3302 5610 ,η’,μ
3375 5582 3416 5600 ,⁸
3498 5583 3507 5595 ⁸
3560 5570 3576 5579 .
