4120 6378
429 333 538 399 763

1657 340 1821 402 ΜΕΝ
1827 340 1943 401 SIS
1988 342 2425 407 DECEMBER.

3569 354 3679 421 76L

427 451 653 515 stinata,
701 451 882 519 eripit.
928 448 1163 521 Propter
1212 452 1327 507 haec
1364 466 1495 523 ergo
1543 452 1868 525 imperatrix
1902 469 1999 509 eos

2117 457 2230 521 reb;
2260 460 2488 523 τούτους
2518 459 2801 529 ἐφείσατο.
2831 442 3045 529 Δύτοῖς
3078 467 3156 532 δὲ,
3216 465 3469 537 καθάπερ
3521 469 3678 523 ἐσού·

428 544 603 613 magis
642 543 931 605 admirata.
989 552 1216 613 propter
1265 546 1365 599 hos
1406 547 1555 613 ipsos
1601 548 1847 618 pepercit
1906 549 2005 604 Se-

428 652 559 692 vero
599 657 613 691 :
652 636 788 706 ipsis
816 645 1020 701 autem,
1058 639 1286 693 utsicut
1325 641 1585 695 volebant
1630 656 1822 697 omnes
1866 643 2005 697 citra

427 730 878 798 impedimentum
924 732 1226 786 venderent
1281 733 1591 797 facultates,
1641 752 1740 804 per
1780 735 2002 792 fratrem

427 820 633 888 praebet
656 829 710 873 et
750 822 1163 888 imperatorem,
1201 824 1295 893 qui
1343 824 1589 879 Romana
1624 834 1838 895 sceptra
1870 835 2004 881 tunc

428 912 869 969 administrabat.
918 912 981 967 lli
1044 923 1224 968 autem
1256 929 1411 968 erant
1456 918 1660 971 domini
1707 919 2003 972 multorum

428 1003 483 1056 in
508 1005 690 1055 multis
716 1006 851 1058 locis
875 1008 1228 1074 praediorum.
1251 1025 1361 1062 non
1393 1010 1569 1062 solum
1600 1026 1768 1079 prope
1792 1011 2002 1077 urbem,

427 1096 521 1150 sed
580 1100 744 1150 etiam
820 1100 1118 1153 multorum
1169 1102 1403 1154 aliorum
1458 1102 1512 1154 in
1568 1102 1746 1164 Italia.
1804 1111 2002 1157 etnon

429 1204 729 1254 paucorum
760 1207 982 1259 quoque
1017 1193 1083 1244 in-
1114 1193 1328 1251 Sicilia.
1371 1193 1741 1261 plurimorum
1776 1209 1908 1248 vero
1949 1195 2002 1247 in

429 1276 690 1346 Hispania
727 1291 780 1333 et
813 1281 1091 1335 Britannia
1128 1298 1287 1349 :quzn
1308 1285 1470 1336 etiam
1500 1296 1725 1353 prepter
1758 1285 2002 1339 studium

431 1371 805 1438 imperatoris,
842 1382 1090 1441 prompte
1118 1375 1372 1428 emebant
1400 1390 1615 1439 o-unes,
1651 1378 1836 1431 statim
1879 1378 2005 1432 sine

431 1462 845 1517 intermissione
877 1466 1109 1531 pretium
1143 1466 1512 1521 exsolventes.
1546 1468 1609 1519 lli
1637 1469 1821 1538 itaque
1843 1487 2003 1540 egre-

430 1556 500 1625 gii
538 1557 822 1627 magnifice
859 1560 1026 1611 etiam
1067 1560 1485 1613 admirabantur
1524 1562 1910 1631 imperatores,
1950 1573 2006 1618 et

432 1647 644 1701 Melana
683 1650 855 1703 voluit
881 1664 1125 1705 sororem
1156 1653 1507 1721 imperatoris
1537 1657 1866 1724 quibusdam
1902 1658 2004 1711 bo-

430 1740 602 1794 nestis
641 1740 847 1797 donare
897 1745 1240 1808 muneribus,
1273 1747 1366 1799 sed
1410 1746 1501 1799 illa
1553 1763 1743 1802 eorum
1797 1750 2003 1819 aliquid

430 1834 680 1902 accipere
708 1833 922 1888 dicebat
964 1851 1090 1891 esse
1135 1838 1312 1892 instar
1349 1841 1642 1911 sacrilegii.
1680 1841 1818 1895 Sunt
1861 1843 2000 1897 enim

432 1941 622 1980 revera
653 1943 808 1982 sacra
834 1937 887 1983 et
914 1929 1135 1986 Christo
1158 1932 1432 1987 dedicata.
1468 1934 1604 1987 Cum
1634 1936 1713 1990 sic
1745 1937 2003 2004 dixisset,

431 2018 496 2072 Β.
527 2019 796 2075 Melanam
852 2037 880 2074 a
920 2037 979 2077 se
1015 2038 1138 2076 cum
1199 2040 1401 2093 magno
1454 2025 1665 2081 dimisit
1716 2031 2001 2095 comitatu,

431 2112 623 2166 mttltis
656 2113 969 2181 insignibus
1030 2116 1315 2170 Eunucbis
1373 2133 1497 2172 cum
1550 2121 1855 2189 praepositis
1885 2138 2004 2178 eam

431 2207 895 2275 przecedentibus.
956 2207 1162 2277 Sicque
1217 2210 1472 2265 exierunt
1526 2212 1736 2268 Melana
1796 2222 1850 2267 et
1890 2215 2008 2282 ejus

432 2299 671 2353 maritus
708 2317 737 2354 e
761 2301 934 2370 regia,
967 2301 1022 2354 in
1054 2302 1422 2359 admiratione
1454 2304 1650 2372 habiti,
1681 2313 1736 2361 et
1778 2306 2005 2363 honori-

432 2390 533 2445 flcc
558 2391 808 2445 deducti.

503 2480 600 2537 XI.
638 2484 772 2536 Cum
824 2482 878 2535 hi
928 2492 1108 2538 autem
1154 2485 1404 2554 praeclari
1436 2487 1736 2557 cmpissent
1787 2505 1907 2555 sua,
1949 2501 2008 2547 ut

434 2574 705 2636 volebant,
760 2574 1095 2642 dispensare,
1126 2590 1234 2628 non
1283 2575 1449 2645 longo
1507 2579 1705 2633 abhinc
1765 2588 2008 2649 tempore

432 2681 659 2737 magnas
711 2667 830 2721 illas
875 2683 1004 2723 snas
1038 2668 1298 2737 pecunias
1331 2668 1384 2723 in
1428 2674 1699 2740 pauperes
1741 2674 2009 2730 exhause-

433 2770 584 2812 runt.
611 2758 798 2827 Neque
829 2761 974 2815 enim
1004 2761 1150 2815 ullus
1180 2760 1347 2826 alius,
1394 2774 1624 2831 excepto
1654 2764 2003 2834 imperatore.

434 2848 501 2904 de
529 2847 739 2903 divitiis
779 2866 900 2904 cum
944 2852 1024 2906 eis
1057 2852 1434 2907 contendisset
1468 2873 1480 2907 :
1532 2861 1643 2907 tam
1682 2870 1874 2926 magna
1926 2857 2011 2911 vis

434 2946 680 3013 pecuniae
703 2952 757 2998 et
798 2959 963 3015 prope
990 2945 1349 3011 incredibilis,
1383 2961 1445 3001 ex
1474 2947 1623 3015 agris
1655 2964 1844 3003 eorum
1876 2965 2010 3018 quo.

433 3041 619 3094 tannis
664 3040 899 3105 redibat,
953 3039 1094 3104 auri,
1155 3048 1215 3091 ut
1247 3040 1422 3103 aiunt,
1467 3039 1759 3095 duodecim
1818 3041 2008 3098 millia.

2106 549 2284 618 λοντο,
2315 552 2377 604 τὸ
2405 553 2587 605 πᾶσαν
2618 554 2805 617 αὐτοῖς
2839 555 3142 622 ἀκωλύτως
3183 559 3435 630 πωλῆσαι
3463 559 3566 630 τὴν
3592 562 3683 614 ού-

2110 645 2235 697 σίαν
2266 644 2354 697 διὰ
2381 645 2474 697 τοῦ
2519 644 2756 712 ἀδελφοῦ
2799 648 2892 700 καὶ
2936 648 3202 717 βασιλέως
3232 651 3488 719 παρέχει,
3533 666 3686 719 τηνι-

2110 735 2285 788 καῦτα
2317 735 2386 787 τὰ
2427 732 2715 803 Ῥωμαϊκὰ
2751 737 3006 805 σκῆπτρα
3032 737 3333 800 διέποντος.
3372 739 3595 792 Πολλῶν
3624 742 3684 793 δι

2108 817 2255 877 οὗτοι
2290 823 2470 892 κύριοι
2506 824 2599 876 καὶ
2644 826 2797 894 παρὰ
2832 825 3052 889 πολλοῖς
3094 830 3208 889 τοῖς
3250 829 3434 890 τόποις
3470 829 3677 894 ἀγρῶν,

2108 916 2168 967 ού
2203 915 2307 984 πρὸ
2328 915 2427 983 τῆς
2451 916 2661 977 πόλεως
2686 916 2867 983 μόνον,
2894 916 3030 970 ἀλλᾶ
3060 922 3154 971 καὶ
3185 917 3397 970 πολλῶν
3422 919 3597 972 ἄλλων
3622 920 3681 972 ἐν

2119 1006 2321 1078 Ἰταλίᾳ
2362 1009 2462 1062 οὐκ
2510 1008 2703 1074 ὀλίγων
2755 1008 2813 1062 δὲ
2863 1012 2957 1063 καὶ
3008 1012 3067 1064 ἐν
3103 1011 3348 1081 Σικελίᾳ,
3406 1012 3586 1081 πολλῷ
3625 1011 3684 1065 δὲ

2108 1098 2372 1150 πλειόνων
2415 1099 2473 1151 ἐν
2535 1100 2783 1170 Ἱσπανία
2831 1118 2891 1153 τε
2955 1102 3046 1155 καὶ
3088 1105 3155 1170 τῇ
3211 1102 3529 1171 Βρεττανίᾳ,
3591 1100 3685 1164 οὓς

2108 1191 2203 1243 καὶ
2227 1191 2316 1242 διὰ
2347 1190 2446 1260 τὴν
2473 1191 2564 1242 τοῦ
2601 1191 2870 1260 βασιλέως
2914 1193 3153 1261 σπουδὴν
3186 1194 3418 1262 ἑτοίμως
3447 1192 3686 1248 ὠνοῦντο

2108 1282 2310 1343 πάντες
2340 1285 2441 1342 τὰς
2474 1282 2639 1351 τιμὰς
2672 1283 2870 1346 ἐνθέως
2901 1285 3351 1351 ἀπαραλείπτους
3390 1282 3681 1339 κατατιθὲ-

2110 1389 2283 1442 μεντι.
2337 1371 2492 1426 Οὕτω
2538 1376 2639 1443 τῆς
2691 1377 3180 1447 μεγαλοφροσύνης
3230 1380 3280 1430 οί
3329 1383 3565 1446 γενναῖοι
3596 1381 3687 1433 τὸν

2110 1462 2335 1529 βασιλέα
2369 1465 2641 1532 ἀγάμενοι
2686 1468 2779 1519 καὶ
2808 1471 3060 1537 κοσμίοις
3090 1470 3233 1520 τισὶν
3265 1470 3296 1539 ἡ
3334 1470 3556 1538 Μελὰνη
3586 1472 3687 1539 τὴν

2106 1554 2200 1607 τοῦ
2258 1557 2582 1624 κρατοῦντος
2632 1558 2867 1629 ἀδελφὴν
2936 1560 3093 1629 ἤθελε
3146 1561 3478 1625 δεξιοῦσθαι.
3543 1562 3686 1616 Ἀλλ’

2106 1647 2294 1719 ἐκείνη
2325 1651 2385 1702 τὸ
2427 1650 2633 1703 τούτων
2662 1668 2714 1703 τι
2760 1650 2947 1704 λαϐεῖν
2982 1654 3179 1720 ἐπίσης
3221 1653 3326 1724 ἔφη
3361 1654 3438 1722 τῷ
3474 1656 3685 1724 ἱεροσυ-

2109 1739 2258 1792 λεῖν’
2326 1741 2447 1810 ἱερὰ
2508 1746 2614 1811 γὰρ
2670 1744 2933 1813 ἄντικρυς
2984 1744 3080 1798 καὶ
3119 1746 3256 1798 αὐτὰ
3316 1745 3413 1799 καὶ
3460 1746 3685 1818 Χριστῷ

2112 1832 2468 1901 ἀνακείμενα.
2506 1834 2691 1897 Οὕτως
2739 1835 2973 1889 εἰποῦσα
3045 1838 3144 1904 τὴν
3199 1836 3478 1906 μακαρίαν
3550 1843 3689 1907 παρ’

2115 1923 2335 1989 έπεμπε
2359 1922 2571 1975 πολλῶν
2602 1925 2888 1993 ἐπιφανῶν
2921 1926 3195 1996 εὐνούχων
3224 1931 3363 1996 μετὰ
3386 1928 3482 1980 τοῦ
3514 1946 3686 1997 πραι-

2115 2012 2338 2065 ποσίτου
2378 2014 2584 2086 ταύτης
2616 2017 3044 2085 προοδευόντων.
3090 2021 3197 2073 Καὶ
3242 2021 3415 2086 οὕτως
3448 2023 3684 2093 ἐξῄεσαν

2112 2106 2147 2175 ἦ
2179 2123 2238 2158 τε
2274 2106 2491 2177 Μελάνη
2547 2111 2642 2162 καὶ
2698 2110 2725 2162 δ
2776 2114 2982 2183 ταύτης
3022 2115 3163 2183 ἀνὴρ
3222 2115 3330 2168 τῶν
3364 2115 3679 2186 βασιλείων,

2115 2198 2526 2271 θαυμαζόμενοι
2548 2218 2607 2254 τε
2655 2202 2806 2274 παρὰ
2857 2204 3075 2259 πάντων
3132 2207 3229 2260 καὶ
3276 2208 3683 2280 προπεμπόμε-

2114 2307 2217 2346 νοι.

2189 2478 2292 2530 ῘΑ’.
2341 2476 2667 2547 ’Δρξάμενοι
2717 2480 2899 2533 τοίνυν
2958 2482 3006 2533 οί
3061 2483 3297 2548 γενναῖοι
3347 2483 3413 2535 τὰ
3473 2482 3685 2535 ἑαυτῶν

2114 2569 2325 2623 τιθέναι
2364 2570 2544 2632 καθὼς
2584 2571 2899 2639 ἠϐούλοντο,
2938 2573 3037 2626 οὐκ
3071 2574 3128 2624 ἐν
3151 2573 3349 2643 μακρῷ
3400 2576 3578 2646 χρόνῳ
3617 2573 3686 2627 τὰ

2117 2662 2290 2715 πολλὰ
2324 2665 2507 2716 ἐκεῖνα
2538 2662 2676 2733 πρὸς
2704 2666 2831 2727 τοὺς
2861 2664 3151 2734 δεομένους
3173 2649 3511 2736 ἐξήντλησαν
3546 2666 3682 2736 χρή-

2119 2773 2301 2828 ματα·
2347 2758 2469 2810 οὐδὲ
2507 2757 2616 2825 γὰρ
2649 2759 2833 2821 αὐτοῖς
2871 2759 2955 2813 ὅτι
3002 2759 3078 2829 μὴ
3111 2758 3366 2827 βασιλεὺς
3395 2756 3490 2812 τοῦ
3524 2758 3687 2813 πλού·

2115 2867 2211 2903 του
2246 2850 2311 2902 ἂν
2342 2850 2787 2920 ἠμφισϐήτησεν
2810 2850 2956 2904 οὕτω
2977 2849 3111 2903 πολύ
3138 2868 3190 2903 τι
3223 2851 3418 2921 χρῆμα
3444 2850 3540 2902 καὶ
3562 2867 3686 2919 σχι·

2117 2940 2206 2994 δον
2237 2939 2466 2993 ἄπιστον
2496 2943 2559 2993 ἐκ
2592 2942 2703 2992 τῶν
2731 2941 2919 3012 ἀγρῶν
2952 2942 3137 3003 αὐτοῖς
3184 2942 3253 2995 δι’
3284 2941 3440 3003 ἔτους
3472 2942 3684 3009 ἐφοίτα,

2121 3031 2401 3101 μυριάδες,
2451 3033 2605 3100 φασὶ,
2656 3034 2885 3102 χρυσίου
2935 3033 3165 3088 δώδεκα.
3216 3033 3276 3086 Ol
3327 3033 3386 3086 δὲ
3431 3033 3592 3087 τοῦτό
3624 3050 3685 3087 τι

436 3130 519 3185 ιιιι
560 3139 742 3185 autem
769 3133 874 3185 boc
901 3130 1217 3186 universum
1247 3132 1651 3186 distribuebant
1680 3133 2012 3202 pauperibus

2118 3125 2267 3179 ἅπαν
2288 3127 2400 3188 τοῖς
2423 3126 2616 3193 πένησι
2644 3124 2972 3195 διεμέριζον,
2995 3126 3284 3189 κάκείνους
3305 3127 3505 3188 αὐτοὺς
3532 3125 3690 3179 ὔστε-

436 3232 602 3294 atqne
637 3224 762 3279 illos
818 3222 967 3291 ipsos
1014 3237 1178 3290 agros
1212 3230 1402 3289 postea
1456 3221 1848 3277 vendiderunt.
1894 3222 2012 3278 lloc

436 3332 570 3372 vero
627 3323 711 3371 est
769 3322 1150 3383 argumentum
1184 3329 1377 3368 eorum
1414 3314 1729 3369 divitiarum
1768 3333 1782 3367 τ
1818 3329 2012 3370 eorum

438 3408 583 3462 enim
609 3408 853 3470 domum,
889 3420 1011 3474 quae
1050 3413 1170 3459 erat
1212 3406 1351 3459 adeo
1391 3406 1671 3474 splendida
1718 3414 1771 3460 et
1800 3406 2016 3475 magni-

440 3503 567 3562 fica,
593 3498 778 3552 nullus
804 3496 1179 3552 Romanorum
1206 3497 1388 3567 potuit
1416 3496 1568 3567 justo
1591 3498 1769 3566 pretio
1790 3510 1973 3552 emere
1998 3514 2011 3550 :

442 3593 568 3659 igne
592 3600 772 3644 autem
804 3596 992 3658 postea
1019 3603 1048 3641 a
1075 3587 1327 3642 barbaris
1355 3595 1607 3641 exustam
1632 3603 1756 3643 eum
1782 3587 2014 3641 multum

441 3684 517 3752 de,
535 3681 717 3750 pretio
747 3680 1123 3746 remisissent,
1146 3694 1265 3734 eam
1298 3694 1515 3749 quoque
1543 3678 1800 3734 similiter
1828 3680 2017 3733 vendi-

440 3776 662 3849 deruut,
699 3773 877 3843 majus
922 3773 1181 3841 quiddam
1247 3787 1408 3835 quam
1442 3769 1568 3833 Job,
1606 3780 1662 3826 ιιι
1727 3772 1861 3826 mibi
1894 3773 2019 3839 qui-

441 3867 563 3919 dem
595 3864 827 3924 videtur,
876 3860 976 3916 bac
1013 3860 1069 3915 in
1101 3877 1159 3914 re
1190 3860 1479 3916 facientes.
1525 3860 1661 3915 Nam
1698 3862 1747 3916 ei
1789 3861 2015 3927 quidem

444 3966 736 4025 paupertas
774 3955 876 4008 fuit
914 3953 1326 4018 involuntaria;
1377 3954 1431 4006 bi
1466 3966 1649 4008 autem
1682 3952 1923 4009 libentes
1951 3968 2019 4007 ex

443 4048 733 4103 ditissimis
760 4044 936 4101 effecti
965 4057 1094 4100 sunt
1126 4045 1487 4115 pauperrimi.
1523 4044 1589 4100 Et
1622 4045 1744 4114 ejus
1791 4046 2015 4115 quidem

443 4155 583 4195 uxor
606 4154 713 4193 non
758 4152 956 4208 magno
983 4146 1036 4193 et
1062 4136 1189 4191 forti
1220 4137 1404 4192 animo
1430 4136 1661 4201 ferebat,
1704 4136 1848 4203 quod
1881 4151 2017 4189 con-

445 4232 676 4300 tigerat;
717 4230 921 4283 Melana
948 4240 1127 4283 autem
1159 4244 1267 4284 non
1304 4230 1480 4285 solum
1509 4227 1656 4298 quod
1692 4228 1757 4281 ad
1792 4243 1852 4282 se
1883 4227 2017 4280 atti-

447 4323 632 4383 nebat,
663 4322 714 4375 id
750 4322 983 4375 libenter
1017 4321 1274 4389 faciebat,
1319 4324 1413 4377 sed
1441 4322 1609 4377 etiam
1648 4323 1904 4375 maritum
1938 4321 2003 4375 fa.

444 4413 625 4468 ciebat
651 4411 976 4481 participem
1010 4412 1096 4465 sui
1142 4410 1295 4482 scopi
1332 4419 1386 4466 et
1415 4411 1675 4466 instituti.
1709 4409 1807 4465 Est
1831 4419 2014 4465 autem

2117 3237 2210 3291 ρον
2236 3221 2360 3280 τοὺς
2389 3218 2593 3287 ἀγροὺς
2620 3218 2909 3273 ἀπέδοντο.
2940 3219 3176 3288 Σημεῖον
3205 3218 3261 3271 δὲ
3292 3219 3385 3273 τού
3414 3220 3648 3273 πλούτου
3666 3233 3684 3250 ⁸

2116 3311 2216 3380 τὴν
2249 3309 2355 3378 γὰρ
2380 3308 2558 3361 οίκίαν
2590 3308 2797 3361 τούτων
2828 3307 3001 3370 οὕτως
3029 3308 3194 3361 οὖσαν
3223 3309 3485 3379 λαμπρὰν
3513 3309 3686 3375 οὐδεὶς

2119 3402 2307 3471 ῐσχυτε
2349 3400 2635 3469 Ῥωμαίων
2664 3401 2763 3469 τῆς
2793 3400 2951 3465 ἀξίας
2981 3401 3266 3469 πρίασθαι,
3304 3402 3440 3471 πυρὶ
3464 3400 3521 3453 δὲ
3551 3400 3689 3469 μετά

2116 3494 2290 3549 ταῦτα
2321 3496 2433 3550 τοῖς
2468 3492 2771 3563 βαρϐάροις
2804 3492 3285 3557 κατακαυθεῖσαν,
3320 3495 3443 3546 τότε
3464 3492 3526 3544 τδ
3553 3491 3686 3546 πολῦ

2117 3586 2217 3655 τῆς
2268 3586 2434 3654 τιμῆς
2495 3585 2725 3654 ὑφέντες
2774 3585 2867 3637 καὶ
2904 3583 3112 3650 ταύτην
3140 3584 3346 3653 ὁμοίως
3401 3584 3686 3647 ἀπέδοντο,

2121 3678 2306 3748 μεῖζον
2342 3694 2417 3742 τι,
2453 3677 2643 3747 ἔμοιγε
2674 3679 2845 3742 δοκεῖ,
2896 3678 2991 3731 καὶ
3042 3676 3137 3729 τοῦ
3195 3676 3316 3729 Ἰὼϐ
3359 3675 3482 3731 κατ’
3526 3674 3689 3728 αὑτοῦ

2120 3770 2425 3829 ποιοῦντες.
2456 3768 2545 3837 Τῷ
2572 3768 2672 3836 μὲν
2726 3768 2838 3838 γὰρ
2868 3768 3125 3831 ἀκούσιος
3153 3770 3185 3839 ἠ
3217 3768 3377 3822 πενία
3398 3784 3411 3799 ⁸
3442 3769 3493 3822 οί
3514 3768 3568 3820 δὲ
3595 3767 3690 3819 καὶ

2118 3863 2340 3921 ἑκόντες
2368 3861 2447 3922 είς
2475 3862 2602 3923 τοὺς
2641 3861 3009 3923 πενεστάτους
3044 3861 3273 3922 ἑαυτοὺς
3300 3862 3363 3912 ἐκ
3393 3860 3501 3911 τῶν
3524 3860 3689 3911 πλου-

2121 3955 2405 4008 σιωτάτων
2442 3954 2737 4006 καθίστων.
2775 3953 3031 4024 Κακείνῳ
3065 3954 3164 4022 μὲν
3196 3953 3229 4021 ἡ
3263 3952 3400 4021 γυνὴ
3427 3951 3487 4002 ού
3517 3967 3692 4018 μεγα-

2119 4045 2370 4115 λοψύχως
2403 4045 2524 4099 οὐδὲ
2555 4043 2823 4112 γενναίως
2852 4043 2913 4096 τὸ
2954 4044 3170 4112 συμϐὰν
3201 4027 3427 4110 ἔφερενλ
3465 4042 3497 4111 ἡ
3542 4040 3598 4093 δέ
3625 4056 3691 4107 γε

2119 4136 2336 4207 Μελάνη
2384 4137 2483 4206 οὐχ
2531 4136 2657 4189 ὅσον
2704 4135 2764 4187 τὸ
2817 4134 2909 4187 ἐπ’
2965 4135 3100 4204 αύτῇ
3160 4132 3337 4202 ἡδέως
3387 4132 3689 4201 ἔπραττεν,

2119 4228 2254 4282 ἀλλὰ
2278 4228 2372 4281 καὶ
2403 4231 2494 4280 τον
2519 4227 2692 4297 ἄνδρα
2715 4226 2971 4279 κοινωνὸν
3006 4225 3179 4278 ἐποίει
3210 4223 3306 4276 τοῦ
3335 4224 3454 4276 ἴσου
3487 4221 3689 4276 σκοποῦ

2120 4321 2217 4374 καὶ
2249 4319 2347 4387 τῆς
2384 4319 2756 4387 προαιρέσεως
2778 4333 2790 4345 ’
2810 4318 2910 4371 ούκ
2933 4317 3132 4388 ἄδηλον
3162 4316 3402 4380 πάντως,
3430 4317 3512 4369 δτι
3534 4317 3629 4368 καὶ
3658 4316 3692 4384 ἡ

2119 4411 2331 4466 ἄνωθεν
2383 4412 2568 4473 αὐτοῖς
2623 4412 2899 4481 ἐφήπτετο
2943 4410 3168 4482 δεξιὰῆ
3224 4410 3319 4463 καὶ
3367 4409 3695 4479 ἱσταμένους

445 4502 581 4557 satis
610 4501 833 4555 evidens
869 4515 1161 4570 supernam
1192 4501 1475 4557 dexteram
1507 4501 1587 4557 eis
1612 4517 1770 4570 opem
1801 4503 2012 4569 tulisse,

2122 4504 2409 4573 ἐφύλαττε,
2439 4469 2560 4556 κᾶν*
2579 4469 2764 4555 εἴποτε
2790 4502 2847 4556 δὲ
2886 4502 2980 4556 καὶ
3014 4469 3511 4563 ύποσδιελισθεῖςνί
3534 4469 3697 4560 εὐθὺς

448 4611 569 4662 qua:
591 4602 646 4648 et
690 4600 901 4647 stantes
942 4593 1304 4659 custodiebat,
1336 4601 1389 4649 et
1425 4594 1471 4648 si
1511 4594 1734 4659 quando
1780 4594 2019 4649 fuissent

445 4685 806 4756 supplantati,
832 4686 949 4755 ipsa
980 4700 1076 4740 eos
1104 4686 1354 4753 protinus
1383 4686 1629 4755 erigebat
1668 4693 1723 4740 et
1746 4684 2019 4739 firmabat.

447 4778 567 4849 Ipsa
596 4792 691 4832 eos
716 4792 859 4846 saepe
889 4792 1009 4831 cum
1041 4777 1094 4830 in
1122 4778 1329 4831 somnis
1352 4776 1793 4845 prolaberentur,
1816 4775 2022 4831 sustol-

450 4871 615 4930 lebat,
649 4880 702 4922 et
732 4882 828 4922 eos
857 4865 1136 4921 efficiebat
1168 4869 1446 4921 cautiores
1486 4866 1538 4919 in
1575 4875 1879 4934 posterum.
1906 4866 2021 4919 Ali-

450 4962 674 5033 quando
708 4972 887 5016 autem
922 4958 1024 5016 sibi
1059 4959 1161 5013 visi
1198 4968 1331 5013 sunt
1359 4958 1523 5013 ambo
1558 4957 1725 5012 simul
1774 4959 1828 5012 in
1872 4957 2027 5027 prin-

449 5054 595 5124 cipio
623 5054 842 5123 quidem
871 5052 1159 5107 ambulare
1204 5065 1300 5119 per
1337 5052 1483 5103 viam
1525 5050 1824 5105 admodum
1853 5065 2028 5119 angu-

451 5154 588 5201 Stam
619 5152 674 5197 et
704 5142 866 5198 fossis
899 5140 1284 5208 interceptam,
1325 5154 1449 5209 quae
1474 5138 1549 5193 ita
1589 5154 1685 5195 eos
1728 5138 2029 5207 affligebat,

453 5245 511 5290 ut
540 5236 863 5290 viderentur
892 5232 998 5287 sibi
1035 5248 1157 5288 esse
1186 5232 1410 5288 contriti
1443 5241 1497 5287 et
1536 5231 1830 5286 confracti.
1882 5228 2033 5285 Post-

452 5342 781 5397 quamvero
806 5340 926 5381 eam
961 5340 1085 5379 cum
1131 5340 1325 5394 magna
1356 5323 1660 5378 afflictione
1704 5337 1768 5375 ac
1806 5336 2033 5391 perpes-

455 5421 614 5474 sione
652 5418 1056 5482 confecissent,
1120 5424 1254 5471 tunc
1310 5431 1408 5472 eos
1470 5414 1688 5484 excepit
1746 5412 2031 5477 relaxatio,

459 5507 808 5577 liberumque
843 5516 899 5563 et
942 5508 1207 5579 spatium,
1248 5516 1304 5563 et
1336 5508 1592 5577 voluptas
1647 5502 1941 5560 ineffabilis
1981 5512 2036 5555 et

459 5598 622 5656 valde
667 5598 1032 5656 admirabilis.
1058 5597 1151 5656 Sic
1182 5598 1329 5654 Deus
1356 5599 1653 5665 efficiebat,
1673 5604 1734 5652 ut
1775 5596 1813 5651 ii
1845 5601 2032 5663 aperte

463 5690 534 5747 de
562 5689 763 5745 futuris
812 5698 1019 5746 certam
1074 5690 1434 5761 conciperent
1469 5688 1750 5753 fiduciam,
1802 5694 1858 5740 et
1887 5682 2037 5753 quod

467 5796 673 5852 parvos
698 5781 914 5843 labores
949 5796 1146 5854 magna
1170 5781 1316 5840 bona
1355 5786 1543 5839 essent
1571 5782 1964 5836 consecutura.

2126 4595 2439 4666 ύπήρειδεν.
2484 4594 2634 4664 Αὕτη
2681 4594 2941 4657 πολλάκις
2986 4593 3081 4647 καὶ
3131 4592 3540 4663 σφαλλομένους
3582 4594 3697 4656 τοῖς

2123 4689 2372 4758 ὀνείρασι
2401 4687 2646 4740 διανίστα
2670 4688 2764 4740 καὶ
2796 4686 3017 4740 διετίθει
3044 4686 3181 4755 προς
3207 4686 3268 4738 τδ
3297 4684 3494 4754 μέλλον
3524 4685 3701 4751 ἀσφα-

2124 4781 2436 4852 λεστέρους.
2466 4782 2575 4834 Καί
2600 4797 2731 4833 ποτε
2762 4781 2945 4845 ἔδοξαν
2961 4781 3092 4848 δρᾷν
3117 4780 3284 4846 ἄμφω
3306 4776 3441 4846 ὁμοῦ
3465 4776 3566 4844 τὴν
3601 4775 3702 4845 μὲν

2126 4872 2303 4942 ἀρχὴν
2338 4871 2428 4924 διὰ
2456 4873 2650 4940 στενῆς
2678 4871 2799 4925 ὁδοῦ
2830 4872 2972 4925 πάνυ
3017 4868 3380 4940 πορεύεσθαι,
3411 4869 3507 4921 καὶ
3543 4868 3700 4936 θριγ-

2129 4966 2267 5028 κίοις
2295 4964 2720 5035 διειλημμένοις,
2750 4965 2782 5034 ἢ
2817 4964 2910 5016 καὶ
2952 4960 3124 5025 οὕτως
3154 4961 3353 5023 αὐτοὺς
3385 4959 3705 5014 συνέθλιδεν

2130 5054 2206 5119 ὡς
2250 5055 2639 5124 συντετρίφθαι
2689 5054 2899 5107 δοκεῖν⁶
2934 5054 3057 5105 ἐπεὶ
3080 5051 3135 5105 δὲ
3168 5052 3312 5122 μετὰ
3334 5049 3539 5121 πολλῆς
3569 5050 3708 5104 ταύο

2131 5167 2232 5218 την
2262 5148 2363 5217 τῆς
2392 5147 2773 5212 κακοπαθείας
2801 5145 3411 5216 ἀνύσειαν,τηνικαύτα
3436 5144 3623 5208 ἄνεσίς
3647 5160 3709 5196 τε

2132 5239 2334 5301 αὐτοὺς
2386 5238 2656 5306 διεδέχετο
2707 5240 2805 5291 καὶ
2834 5236 3151 5307 εὐρυχωρία
3198 5234 3370 5305 πολλὴ
3399 5238 3495 5290 καὶ
3540 5235 3709 5303 ἡδονὴ

2134 5331 2377 5402 ἄρρητός
2413 5347 2497 5392 τις
2527 5332 2623 5385 καὶ
2651 5327 3138 5398 ύπερθαύμαστος.
3183 5325 3369 5390 Οὕτως
3411 5327 3597 5388 αὐτοῖς
3648 5326 3712 5378 τὸ

2135 5421 2291 5475 Θεῖον
2357 5422 2581 5492 θαρρεῖν
2651 5417 2930 5491 προδήλως
3007 5416 3147 5488 ὑπὲρ
3220 5416 3328 5469 τῶν
3404 5416 3713 5486 μελλόντων

2138 5512 2336 5576 ἐποίει,
2365 5514 2462 5566 καὶ
2495 5512 2576 5566 ὅτι
2609 5510 2806 5576 πόνους
2836 5508 3070 5583 μικροὺς
3099 5505 3166 5562 τὰ
3198 5507 3412 5579 μεγάλα
3441 5507 3548 5563 τῶν
3574 5509 3715 5577 ἀγαμ-

2141 5603 2251 5658 θῶν
2286 5603 2644 5671 διαδέξονται.
