4120 6378
436 388 544 451 ’165

1677 400 1859 462 νιΤΑ
1903 403 1962 463 S.
2009 403 2365 467 MELANE.

3582 419 3687 484 766

408 516 429 533 ‘
509 505 611 561 IB'.
642 504 719 560 Οὐ
751 487 870 578 μὴν
913 507 972 560 δὲ
1002 507 1030 560 6
1060 509 1241 574 κοινδς
1277 511 1468 582 ἡμέλει
1510 513 1770 584 πολέμιος
1804 516 2005 581 πάντα,

2184 519 2300 575 XII.
2348 519 2451 574 Sed
2512 535 2689 591 neque
2735 528 2854 575 erat
2901 522 3189 594 negligens
3233 529 3545 585 communis
3575 530 3686 586 ini-

431 597 499 654 εδ
543 596 641 650 τοῦ
691 597 874 665 λόγου,
929 600 1112 653 κάλων
1151 602 1353 655 κινῶν⁹
1409 602 1744 673 ἀλλ’ῶσπερ
1801 605 2010 658 ἐκείνου

434 690 661 759 τρόπος,
700 688 790 741 διά
827 688 1051 741 πάντων
1099 691 1199 759 μὲν
1245 693 1546 761 ἐπεχείρει,
1586 694 1673 746 διὰ
1708 694 1763 746 δὲ
1794 696 2014 748 πάντων

434 782 750 853 ἡττώμενος
781 783 1081 852 ὑπεχώρει.
1114 786 1439 838 Συνείλεκτό
1475 803 1608 838 ποτε
1646 790 1759 849 τοῖς
1783 788 2015 849 δικαίοις

434 875 835 938 πολυτάλαντος
877 878 1105 946 χρυσίου
1132 896 1216 941 τις
1246 879 1431 945 ὄγκος,
1463 883 1557 933 καὶ
1591 882 1733 933 κατὰ
1762 881 1856 933 τοῦ
1897 881 2015 935 ἐδά-

436 986 568 1038 φους
599 969 846 1038 ἐκέχυτο.
889 971 947 1023 ὐ
975 971 1030 1023 δὲ
1061 968 1209 1035 οἶκος
1251 974 1339 1025 ἴσα
1369 977 1504 1043 πυρὶ
1532 973 1609 1041 τῷ
1642 972 1830 1043 χρυσῷ
1860 990 2017 1026 κατε-

433 1061 699 1131 λάμπετο.
731 1062 966 1129 Ἔμελλε
992 1064 1047 1115 δὲ
1071 1065 1098 1115 6
1116 1064 1315 1133 χρυσὸς
1344 1061 1496 1127 οὗτος
1522 1064 1730 1116 πολλῶν
1780 1066 2013 1133 ἀπορῗας

433 1152 544 1220 ἄρα
580 1154 679 1206 καὶ
711 1154 1000 1228 σύμφορᾶς
1055 1152 1401 1217 ὲξιάσασθαι.
1446 1155 1535 1216 Ὠς
1569 1153 1662 1206 οὖν
1707 1155 1739 1223 ἡ
1786 1152 2013 1219 Μελάνη

433 1247 525 1298 τὸν
576 1241 727 1298 οἶκον
766 1246 962 1316 εἰσῄει,
1002 1247 1139 1311 τότε,
1177 1248 1241 1314 δὴ
1296 1251 1392 1302 καὶ
1450 1249 1644 1316 τέχνης
1692 1248 1719 1298 6
1774 1246 2012 1315 πονηρὸς

433 1337 665 1406 ἥπτετο,
702 1341 796 1392 καὶ
828 1340 1175 1408 περιέλαμπε
1207 1339 1306 1407 τὴν
1337 1339 1463 1408 ὄψιν
1495 1340 1667 1406 αὐτῆς
1693 1339 1768 1408 τῷ
1801 1338 2009 1409 χρυσῷ·

433 1429 713 1482 διεσάλευε
744 1429 840 1500 τὴν
863 1430 1039 1500 ψυχὴν
1065 1434 1130 1501 τῇ
1164 1434 1345 1502 χροιᾷ,
1385 1435 1477 1486 καὶ
1509 1431 1806 1498 ύπέθελγεν
1828 1445 1842 1458 ’
1883 1431 2015 1483 ὑπε-

432 1521 573 1575 τίθει
605 1523 664 1573 τὸ
709 1522 893 1591 βάρος,
942 1523 1231 1576 ύπεδείκνυ
1278 1526 1337 1576 τὸ
1375 1524 1595 1585 κάλλος,
1630 1526 1793 1577 παντὶ
1821 1524 2011 1593 τρόπῳ

437 1611 605 1679 συλᾷν
679 1612 838 1683 ἤθελε
915 1614 1008 1664 τον
1053 1615 1227 1679 μέγαν
1273 1613 1439 1675 ὅντως
1464 1614 1573 1666 τῶν
1603 1613 1880 1682 λογισμῶν
1911 1613 2012 1682 θη-

438 1704 658 1772 σαυρὸν,
681 1707 775 1759 καὶ
790 1705 864 1767 ὡς
882 1707 900 1726 ⁴
922 1707 1037 1773 ἑφῶ
1054 1705 1220 1770 δεῖξαι
1243 1706 1444 1776 χρυσοῦ
1471 1706 1532 1758 τὸ
1560 1708 1669 1759 πᾶν
1695 1708 2011 1776 ἐσκαιώρει.

446 1796 588 1850 Ἀλλ’
627 1797 704 1858 εἰς
736 1801 913 1866 μάτην
945 1799 1016 1849 τὰ
1060 1797 1254 1866 ἐνεδρα
1286 1797 1363 1868 τῷ
1392 1798 1613 1868 πονηρῷ
1644 1799 1764 1851 κατ’
1799 1797 2008 1866 αὐτῆς·

436 1890 531 1944 καὶ
570 1888 680 1957 γὰρ
708 1888 846 1957 αὑτὴ
879 1888 1067 1959 ὥσπερ
1096 1889 1313 1958 χαλινὸν
1340 1889 1416 1959 τῷ
1444 1891 1605 1943 πάθει
1634 1888 1725 1941 τὸν
1754 1888 2017 1959 λογισμδν

437 1979 775 2050 ἐμϐαλοῦσα,
810 1982 995 2034 ἐκεῖνα
1014 1984 1081 2049 τῇ
1108 1980 1204 2033 τοῦ
1242 1981 1447 2052 χρυσοῦ
1473 1982 1740 2036 ἀντετίθει
1766 1981 2012 2051 εύχροὶᾳ,

436 2071 473 2126 ἃ
506 2073 645 2143 μήτε
690 2072 836 2140 λόγῳ
868 2073 1029 2141 ῥητὰ,
1072 2073 1209 2141 μήτε
1246 2072 1321 2142 νῷ
1364 2070 1569 2143 ληπτά,
1608 2072 1750 2142 μήτε
1799 2071 1908 2142 μὴν
1937 2072 2015 2141 τῷ

437 2167 618 2238 χρόνῳ
644 2165 862 2237 φθαρτά
911 2166 1054 2219 καθά
1087 2167 1151 2236 δὴ
1191 2167 1261 2220 τὰ
1292 2166 1529 2220 ἐνταῦθα
1568 2167 1836 2234 πέφυκεν,
1878 2164 2016 2217 ἀλλὰ

437 2261 506 2315 δι’
539 2261 738 2323 αἰῶνος
780 2261 975 2331 ἀγήρω
1015 2277 1075 2312 τε
1108 2260 1203 2314 καὶ
1240 2260 1507 2313 ἀθάνατα.
1544 2262 1609 2311 Ὀ
1640 2258 1697 2310 δὲ
1735 2258 1905 2311 πολὺν
1931 2259 2014 2312 ὅτι

442 2351 681 2423 μάλιστα
720 2352 812 2404 τὴν
861 2350 1025 2404 σάλον
1069 2350 1207 2420 αύτῇ
1240 2350 1548 2419 προεξένει,
1580 2349 1655 2413 ὡς
1687 2347 1808 2419 μετ’
1833 2347 2016 2418 ὀλίγον

439 2443 710 2517 ἐδήλωσεν
735 2445 763 2514 ἡ
789 2443 1035 2512 γενναία,
1064 2443 1222 2496 τοῦτο
1250 2442 1344 2496 καὶ
1367 2438 1457 2512 ἦν.

510 2557 609 2612 ll".
636 2553 746 2610 Ἦν
780 2574 889 2626 μοι,
916 2561 1072 2626 φησι,
1101 2556 1189 2617 τὶς
1222 2555 1331 2608 τῶν
1361 2554 1549 2624 ἀγρῶν
1573 2554 1798 2618 πολλαῖς
1827 2554 2018 2624 χάρισι

443 2655 571 2714 τοὺς
607 2652 804 2713 ἄλλους
838 2650 1088 2711 ἅπαντας
1111 2647 1351 2718 παριὼν,
1380 2648 1439 2701 ὲν
1469 2647 1619 2717 αύτῷ
1641 2648 1699 2701 δὲ
1722 2647 1900 2716 τούτῳ
1922 2649 2019 2703 καὶ

442 2744 671 2813 λουτρὸν
695 2739 783 2810 ἦν,
810 2745 905 2798 καὶ
933 2742 995 2795 τὸ
1025 2741 1250 2810 λουτρὸν
1277 2738 1421 2792 οὓτω
1454 2740 1555 2809 μὲν
1589 2742 1656 2809 τῇ
1686 2741 1849 2810 τέχνῃ
1880 2739 2017 2791 κάλ-

444 2831 655 2892 λιστον.
677 2829 823 2885 οὕτω
853 2832 909 2885 δὲ
937 2833 1005 2901 τῇ
1032 2829 1136 2903 ὕλῃ
1163 2829 1466 2898 βέλτιστον,
1490 2828 1633 2883 οὕτω
1656 2830 1715 2882 δὲ
1748 2832 1863 2893 τοῖς
1894 2829 2020 2881 ὓδα-

447 2939 534 2975 σιν
570 2921 810 2992 ἣδιστον.
840 2922 916 2984 ὡς
943 2923 1128 2974 πᾶσαν
1156 2919 1442 2988 γοητεύειν
1466 2918 1647 2989 ψυχὴν
1675 2922 1772 2975 καὶ
1794 2920 1901 2987 πρὸ
1922 2917 2016 2971 τοῦ

444 3015 612 3080 πιεῖν,
647 3014 681 3085 ἢ
710 3017 805 3069 καὶ
834 3012 1158 3066 λούσασθαι.
1190 3013 1256 3064 Ὃ
1288 3010 1347 3064 δὲ
1376 3010 1473 3064 τοῦ
1502 3009 1733 3079 λουτροῦ
1763 3008 2021 3063 θελτικώ-

441 3123 625 3170 τατον,
648 3104 910 3176 ἑκάτερον
949 3104 1059 3158 τῶν
1101 3102 1284 3175 μερῶν
1320 3102 1383 3155 τὸ
1425 3102 1523 3172 μὲν
1542 3098 1655 3171 εἶχε
1697 3099 1798 3171 τὴν
1822 3100 2019 3153 θάλατ-

444 3216 563 3264 ταν,
592 3198 654 3251 τὸ
673 3198 730 3250 δὲ
754 3199 823 3250 τά
846 3197 1068 3267 δένδρα,
1091 3198 1187 3250 καὶ
1210 3194 1356 3249 οὕτω
1380 3194 1446 3263 δὴ
1472 3194 1851 3263 μεμηχάνητο,
1875 3191 2016 3245 ὥστε
2045 3177 2090 3235 (ἶ

444 3309 530 3347 σοι
576 3291 919 3361 προκύψαντι
964 3291 1067 3360 τῆς
1115 3289 1420 3359 δεξαμενῆς
1469 3286 1686 3340 ἐκεῖθεν
1741 3286 1843 3357 μιν
1884 3286 2019 3354 όρᾷν

443 3386 669 3455 κύματα
698 3383 1003 3451 θαλάσσης,
1031 3383 1250 3453 ἥδιστον
1304 3383 1364 3434 εν
1408 3380 1619 3450 γαλήνῃ
1670 3378 1873 3447 θέαμα,
1927 3379 2022 3431 καὶ¹

443 3479 575 3541 ναῦς
605 3476 898 3539 πλεούσας,
928 3475 1183 3529 ἐντεῦθεν
1206 3474 1262 3527 δὲ
1294 3473 1399 3542 γῆς
1427 3472 1623 3542 κάλλη,
1661 3475 1758 3526 καὶ
1786 3471 2021 3541 δένδρων

445 3570 555 3641 ὕψη
586 3573 682 3626 καὶ
714 3570 947 3641 ὀρνίθων
982 3567 1173 3638 φωνὰς
1201 3570 1298 3623 καὶ
1333 3565 1563 3636 ῥεούσας
1592 3563 1776 3633 πηγὰς
1799 3564 1894 3616 καί
1917 3581 2021 3617 που

444 3667 543 3718 καὶ
584 3664 896 3729 κυνηγέτας
943 3663 1041 3715 καὶ
1081 3659 1278 3730 θήραν,
1321 3660 1416 3712 καὶ
1456 3656 1647 3720 ἁπλῶς
1682 3656 1854 3726 μυρία
1889 3673 2027 3710 παν-

443 3754 612 3823 ταχοῦ
668 3754 741 3806 τὰ
796 3752 1069 3821 θέλγητρα
1120 3753 1214 3805 καὶ
1275 3749 1517 3820 χαρίτων
1580 3748 1760 3802 πάντα
1824 3747 2020 3819 μεστά.

445 3846 615 3900 Τοῦτό
643 3864 732 3915 μοι
758 3841 875 3909 οῦν,
910 3846 1066 3913 φησὶ.
1100 3842 1342 3911 συνεχῶς
1373 3843 1456 3904 είς
1503 3841 1727 3910 μνήμην
1779 3839 1879 3904 ίδν,
1923 3838 2024 3894 οὐκ

446 3940 594 3993 ἐστιν
621 3939 797 3992 εἰπεῖν
831 3939 979 4000 ὅπως
1008 3936 1233 4005 ἐκράτει
1268 3950 1374 4003 μου
1434 3933 1535 4002 τῆς
1579 3931 1782 4001 ψυχῆς,
1826 3931 2025 4000 καὶτῷ

449 4031 684 4101 ποικίλῳ
711 4029 905 4083 τούτου
937 4028 1155 4096 θέλγειν
1187 4027 1216 4079 6
1242 4024 1488 4086 ποικίλος
1524 4024 1736 4092 δαίμων
1765 4022 2029 4093 ἐπειρᾶτό

454 4140 522 4192 με
557 4126 654 4178 καὶ
690 4122 877 4193 συλᾷν.
923 4119 1065 4173 Ἀλλ’
1112 4117 1277 4180 εὐθὺς
1325 4116 1513 4185 ἀνεῖχέ
1555 4131 1658 4180 μου
1707 4113 1808 4184 τὴν
1850 4114 2029 4184 ψυχὴν

447 4215 478 4269 6
502 4214 658 4281 Θεὸς,
698 4216 888 4268 ἐκεῖνα
910 4210 1227 4281 λογίζεσθαί
1256 4226 1324 4279 με
1360 4207 1639 4271 ὑποτιθεὶς
1675 4206 1711 4261 ἃ
1740 4209 1854 4270 τοῖς
1889 4208 2031 4275 ἠγα-

450 4308 686 4375 πηκόσιν
707 4306 870 4359 αὑτὸν
904 4305 1173 4376 ἡτοίμασε
1204 4301 1351 4355 κατὰ
1381 4298 1475 4352 τὸν
1504 4299 1646 4352 θεῖον
1680 4298 2028 4361 Ἀπόστολον,

450 4397 658 4453 τούτων
699 4397 757 4451 δὲ
803 4397 1024 4451 πάντων
1058 4395 1132 4455 ὡς
1172 4392 1408 4465 ῥεόντων
1445 4390 1837 4459 ὑπερφρονεῖν.
1889 4389 2031 4443 ’Δλλ’

448 4490 592 4545 οὕτω
622 4491 722 4560 μὶν
748 4492 778 4543 6
803 4490 1040 4558 πονηρὸς
1073 4487 1281 4557 ἥττητο
1299 4499 1315 4515 ·
1366 4482 1597 4554 μηδενὸς
1623 4481 1681 4571 6‘:
1711 4481 1850 4544 ὅλως
1894 4480 2029 4533 ὑπο·
2058 4515 2104 4571 D

372 4629 389 4635 -
449 4580 761 4650 λειφθέντος
789 4581 818 4635 6
847 4580 1061 4649 θέλγειν
1110 4576 1210 4640 τὰς
1252 4573 1479 4629 ἐκείνων
1526 4570 1709 4643 ψυχάς
1760 4574 1857 4626 καὶ
1902 4572 2030 4625 ἐπι-

414 4734 425 4777 ;
453 4677 708 4745 στρέφειν
742 4675 829 4742 ἐφ’
852 4673 1015 4726 ἑαυτὸ
1036 4671 1281 4724 δύναται.

2130 610 2331 676 micus,
2373 613 2490 680 qui,
2525 621 2583 667 ut
2613 622 2692 667 est
2730 613 2782 666 in
2817 616 3127 680 proverbio,
3164 619 3418 675 movebat
3446 636 3684 677 omnem

2117 701 2432 767 rudentem,
2470 705 2564 759 sed
2614 707 2757 760 sicut
2792 717 2876 761 est
2916 724 3034 762 mos
3070 709 3242 774 illius,
3276 714 3534 767 omnibus
3561 715 3686 782 qui-

2114 792 2238 845 dem
2294 794 2473 847 niodis
2521 798 2966 863 aggredicbatur,
3015 815 3228 867 semper
3280 812 3462 855 autem
3507 804 3686 857 victus

2116 884 2420 937 recedebat.
2489 885 2729 941 Collecta
2796 888 3089 956 aliquando
3165 889 3457 945 fueratillis
3519 892 3687 961 justis

2114 976 2198 1031 vis
2229 978 2348 1029 auri
2379 979 2636 1040 maxima,
2663 987 2716 1031 et
2749 980 2897 1033 humi
2921 988 3037 1033 erat
3062 980 3250 1043 elfusa,
3273 982 3469 1036 domus
3504 996 3681 1039 autem

2116 1080 2225 1123 tota
2270 1085 2404 1123 auro
2449 1087 2556 1124 non
2612 1087 2771 1127 secus
2822 1082 2984 1141 atque
3036 1075 3161 1143 igne
3191 1074 3534 1140 collucebat;
3569 1086 3689 1131 erat

2115 1174 2246 1213 vero
2271 1162 2375 1214 hoc
2407 1176 2601 1214 aurum
2647 1164 3047 1216 subventurum
3076 1164 3378 1217 multorum
3412 1165 3608 1232 iuopize
3636 1172 3690 1220 et

2113 1233 2429 1306 calamitati.
2458 1251 2613 1307 Tunc
2659 1255 2929 1324 malignus
2972 1254 3140 1321 cmpit
3185 1270 3289 1306 suo
3322 1257 3397 1308 uti
3429 1255 3687 1317 artiﬁcio,

2113 1342 2234 1410 ejus
2272 1343 2463 1396 faciem
2490 1345 2609 1397 auri
2636 1346 2825 1413 specie
2857 1344 3173 1407 illustravit,
3209 1345 3393 1398 colore
3421 1346 3543 1413 ejus
3567 1348 3690 1400 ani-

2116 1449 2265 1486 mmn
2300 1434 2453 1487 leniit
2483 1444 2535 1487 et
2562 1436 2844 1501 demulsit,
2875 1436 3160 1489 admonuit
3196 1437 3375 1506 magni
3410 1438 3688 1505 ponderis,

2116 1526 2356 1581 ostendit
2382 1527 2853 1596 pulchritudinem
2887 1546 2899 1581 :
2938 1529 3199 1581 omnibus
3250 1529 3427 1582 modis
3476 1530 3693 1582 volebat

2116 1623 2166 1676 ei
2203 1622 2416 1687 eripere
2458 1636 2585 1675 vere
2627 1636 2883 1688 magnum
2938 1622 3258 1674 thesaurum
3307 1620 3543 1675 rationis
3571 1661 3587 1685 ,
3635 1632 3690 1674 et

2118 1714 2253 1767 nihil
2292 1730 2397 1768 non
2430 1714 2780 1773 moliebatur,
2814 1721 2872 1764 ut
2909 1711 3152 1766 efﬁceret
3189 1728 3310 1767 eam
3355 1713 3473 1766 auri
3504 1727 3694 1767 altiore

2117 1804 2315 1858 teneri.
2353 1802 2455 1858 Sed
2503 1803 2708 1857 frustra
2749 1804 2796 1856 ei
2832 1803 3102 1872 malignus
3127 1804 3353 1872 parabat
3395 1803 3627 1857 insidias
3662 1818 3680 1868 ;

2118 1895 2318 1948 etenim
2352 1909 2479 1948 cum
2518 1909 2583 1947 ea
2616 1895 2694 1947 illi
2729 1893 3128 1963 perturbationi
3180 1903 3444 1962 tauquam
3477 1893 3692 1947 l‘renum

2118 1988 2421 2057 iujecisset,
2443 1986 2564 2039 auri
2596 1987 2766 2040 colori
2799 2001 2862 2039 ea
2894 1986 2972 2039 illi
3001 1987 3340 2054 opponebat,
3368 2002 3487 2056 qua:
3509 2001 3688 2055 neque

2116 2079 2302 2134 verbis
2327 2078 2613 2147 explicari,
2644 2094 2821 2148 neque
2855 2087 3035 2132 mente
3062 2079 3480 2146 comprehendi,
3508 2092 3692 2146 neque

2120 2182 2368 2242 tempore
2424 2173 2655 2227 interire
2708 2182 2984 2243 poterant,
3026 2173 3123 2226 sed
3160 2185 3294 2227 sunt
3335 2173 3390 2227 in
3423 2182 3691 2227 aeternum

2117 2264 2256 2319 senii
2293 2263 2538 2331 expertia
2566 2272 2622 2317 ct
2653 2262 3008 2317 immortalia.
3038 2261 3195 2326 Quod
3229 2270 3414 2317 autem
3439 2265 3490 2317 ei
3518 2262 3697 2316 maxi-

2117 2367 2263 2406 mam
2298 2351 2558 2405 excitavit
2609 2359 2994 2415 tempestatem
3019 2389 3035 2413 ,
3063 2358 3123 2403 ut
3155 2351 3353 2405 mulier
3394 2350 3490 2405 illa
3540 2364 3698 2421 egre-

2119 2444 2207 2515 gia
2239 2445 2403 2513 paulo
2435 2451 2558 2513 post
2598 2442 2950 2512 signiﬁcavit,
2982 2442 3088 2496 hoc
3130 2449 3270 2495 erat.

2189 2558 2328 2612 XIII.
2364 2557 2513 2620 Erat,
2548 2556 2751 2624 inquit,
2786 2554 2923 2608 mihi
2946 2554 3177 2623 quidam
3212 2568 3365 2622 ager,
3392 2553 3486 2623 qui
3523 2565 3700 2607 amm-

2120 2651 2291 2705 nitate
2344 2657 2399 2704 et
2442 2646 2859 2717 pulchritudine
2920 2644 3062 2699 alios
3132 2659 3327 2699 omnes
3370 2644 3693 2714 superabat.

2120 2742 2180 2797 In
2220 2744 2325 2795 hoc
2374 2750 2559 2794 autem
2595 2737 2715 2806 ipso
2767 2747 2889 2792 erat
2915 2737 3086 2790 etiam
3120 2735 3443 2797 lavacrum,
3473 2743 3531 2789 et
3573 2735 3702 2788 arti-

2121 2836 2246 2891 ﬁcio
2277 2842 2388 2889 tam
2421 2831 2714 2902 pulchrum
2747 2836 2804 2884 et
2844 2844 2911 2884 ex
2948 2838 3059 2882 tam
3101 2828 3246 2882 bona
3286 2826 3517 2881 materia
3568 2839 3701 2880 con-

2123 2929 2350 2989 fectum,
2377 2933 2432 2980 et
2458 2926 2615 2995 aquis
2647 2932 2754 2978 tam
2790 2921 3119 2999 iucundum,
3161 2929 3224 2975 ut
3267 2919 3520 2987 cujusvis
3564 2916 3701 2971 deli-

2122 3020 2266 3075 niret
2313 3018 2582 3080 animum,
2622 3016 2787 3070 etiam
2821 3024 3113 3080 antequam
3165 3012 3380 3066 biberet
3426 3019 3522 3064 aut
3551 3009 3704 3063 lava-

2124 3117 2298 3163 retur.
2327 3107 2480 3173 Quod
2520 3121 2647 3160 vero
2682 3102 2890 3159 lavacri
2920 3102 2987 3157 ad
3027 3100 3408 3158 deliniendam
3445 3109 3566 3154 erat
3606 3113 3703 3154 ac-

2122 3198 2718 3261 commodatissimum,
2754 3196 2902 3250 illius
2934 3209 3041 3249 una
3062 3209 3190 3264 pars
3212 3193 3434 3260 quidem
3464 3190 3703 3245 habebat

2124 3307 2275 3348 mare
2306 3308 2322 3347 :
2350 3292 2524 3347 altera
2578 3305 2712 3347 vero
2753 3291 3003 3344 arbores.
3053 3287 3147 3342 Sic
3182 3293 3367 3341 autem
3411 3293 3531 3339 erat
3569 3281 3704 3338 :ediv

2124 3386 2367 3446 ﬂcatum.
2425 3392 2487 3438 ut
2546 3399 2580 3439 ο
2632 3384 2773 3439 solio
2834 3381 3058 3451 quidem
3114 3378 3485 3449 prospiciens,
3546 3375 3705 3428 illinc

2125 3494 2316 3552 posses
2359 3477 2543 3533 videre
2589 3475 2789 3530 ﬂuctus
2846 3473 3037 3535 maris,
3071 3472 3129 3525 in
3188 3470 3588 3541 tranquillitate
3612 3466 3708 3536 ju-

2124 3570 2516 3628 cundissimum
2550 3566 2964 3638 spectaculum,
3023 3570 3079 3618 et
3127 3576 3298 3617 naves
3355 3560 3703 3628 navigantes.

2125 3674 2178 3720 et
2213 3670 2454 3734 portum,
2486 3669 2541 3715 et
2577 3669 2798 3722 nautas,
2842 3657 2973 3711 hinc
3020 3669 3153 3710 vero
3185 3663 3349 3708 terrae
3381 3652 3697 3723 pulchritu-

2125 3755 2334 3819 dinem,
2389 3760 2445 3807 et
2496 3751 2757 3806 arborum
2828 3747 3267 3817 proceritatem.
3321 3753 3375 3800 et
3455 3746 3700 3811 garritus

2128 3846 2334 3907 avium,
2358 3852 2411 3898 et
2445 3841 2677 3896 ﬂuentes
2710 3838 2912 3902 fontes,
2947 3838 3254 3907 quinetiam
3320 3846 3618 3889 venatores
3651 3840 3708 3887 et

2128 3936 2502 3996 venationem,
2552 3938 2628 3994 et,
2675 3937 2735 3983 ιιι
2765 3928 2937 3984 semel
2976 3929 3182 3993 dicam,
3215 3926 3425 3993 ubique
3450 3926 3710 3977 innume-

2130 4027 2327 4082 rabilia
2370 4022 2440 4078 ad
2488 4020 2909 4076 demulcendum
2948 4016 3390 4077 accommodata,
3416 4023 3474 4068 et
3519 4013 3708 4067 omnia

2129 4122 2290 4192 plena
2317 4116 2585 4188 elegantia
2616 4122 2671 4169 et
2703 4111 3047 4165 ammnitate.
3094 4107 3210 4163 Hoc
3255 4123 3386 4178 ergo
3415 4121 3540 4161 cum
3575 4102 3713 4158 mihi

2132 4208 2350 4266 assidue
2396 4205 2609 4261 veniret
2639 4203 2695 4256 in
2729 4207 2992 4263 mentem,
3029 4198 3139 4252 dici
3170 4213 3279 4253 non
3322 4204 3527 4267 potest,
3567 4210 3712 4265 quo-

2133 4299 2298 4355 modo
2333 4302 2522 4352 “meum
2568 4300 2783 4348 teneret
2839 4294 3112 4353 animum,
3143 4296 3199 4342 et
3235 4286 3404 4355 hujus
3443 4284 3717 4339 varietate

2136 4407 2224 4447 me
2277 4391 2468 4445 varius
2525 4384 2833 4442 conabatur
2878 4381 3095 4436 daemon
3149 4379 3388 4433 delinire
3442 4384 3497 4431 et
3538 4376 3607 4430 ad
3651 4388 3717 4430 so

2135 4483 2375 4544 trahere,
2404 4478 2711 4534 sedmeum
2749 4473 3001 4541 protinus
3039 4470 3285 4524 animum
3306 4468 3513 4524 extulit
3544 4468 3712 4532 Deus.

2133 4574 2269 4630 mihi
2299 4584 2600 4642 suggerens
2620 4606 2638 4633 ,
2691 4572 2753 4622 ut
2789 4578 2855 4619 ea
2901 4564 3207 4633 cogitarem
3236 4576 3360 4632 qua:
3391 4557 3719 4632 preparavit

2130 4667 2201 4723 iis
2230 4667 2322 4735 qui
2347 4666 2527 4733 ipsum
2583 4660 2922 4720 dilexerunt,
2982 4666 3043 4710 ut
3095 4657 3174 4709 ait
3219 4654 3441 4709 divinus
3472 4655 3712 4719 Aposto-

452 4775 539 4827 lus
570 4771 594 4803 ³
630 4787 644 4820 :
682 4768 798 4822 haec
825 4775 1007 4819 autem
1038 4762 1246 4826 omnia,
1313 4767 1375 4813 ut
1413 4773 1536 4828 qua:
1573 4757 1768 4821 ﬂuant,
1839 4757 2202 4828 despicercm.
2269 4759 2380 4814 Sed
2445 4756 2528 4811 sic
2574 4753 2795 4824 quidem
2860 4751 2969 4806 fuit
3023 4756 3317 4819 superatus
3404 4745 3718 4813 malignus,

452 4800 539 4827 tua
574 4800 589 4803 '
631 4807 644 4820 ο
684 4800 798 4822 nam.
825 4800 1007 4819 αυιωιι
1038 4800 1246 4826 om”.-.
1316 4800 1375 4813 υ-
1414 4800 1535 4828 Ὶυυυ
1573 4800 1768 4821 ..ς-...ην
1841 4800 2202 4828 ..νυν-νων...
2274 4800 2380 4814 υ-..
2445 4800 2528 4811 ...-
2576 4800 2795 4824 Ὶ----η-
2860 4800 2967 4806 -..η
3023 4800 3037 4803 _

421 4800 602 4920 }nullo
636 4859 857 4927 penitus
889 4856 1105 4919 relicto,
1138 4853 1287 4924 quod
1334 4862 1524 4923 posset
1549 4849 1772 4905 illorum
1798 4849 2116 4906 demulcere
2144 4852 2388 4917 animos,
2418 4858 2476 4905 et
2504 4848 2574 4902 ad
2594 4861 2655 4904 se
2681 4844 3037 4901 convertere.

521 5001 622 5055 ΙΝ.
657 4999 742 5051 Τά
771 4997 827 5050 δὲ
856 4995 984 5064 ἑξῆς
1010 4992 1139 5046 ποία
1177 4991 1275 5062 μὲν
1311 4989 1466 5052 πόλις
1492 4987 1784 5055 ἐλάνθανες
1818 4987 1945 5040 ποία
1960 4984 2018 5038 δὲ

453 5094 646 5167 χώρα;
678 5092 829 5155 ἔθνος
861 5091 917 5144 δὲ
949 5091 1102 5143 ποῖον
1130 5087 1159 5141 6
1187 5087 1264 5156 μὴ
1292 5084 1522 5157 μετέσχε
1556 5085 1654 5152 τῆς
1684 5081 1909 5136 ἑκείνων
1939 5081 2033 5134 εύ-

454 5188 711 5257 εργεσίας
741 5184 929 5253 ὥσπερ
979 5181 1127 5244 τινὸς
1173 5175 1419 5247 ποταμοῦ
1453 5175 1633 5247 πολλῷ
1667 5177 1763 5230 καὶ
1802 5172 2033 5244 καθαρῷ

453 5276 533 5348 τῷ
566 5277 801 5349 ῥεύματι
827 5274 915 5328 διά
946 5273 1132 5343 πάσης
1165 5270 1268 5339 γῆς
1304 5272 1400 5325 καὶ
1445 5267 1717 5338 θαλάττης
1746 5266 1839 5321 τοῦ
1870 5264 2034 5335 δαψι-

453 5366 579 5432 λοῦς
604 5367 786 5421 αὐτῶν
818 5366 915 5436 τῆς
944 5365 1195 5425 εὐποιίας
1229 5361 1470 5432 νάματος
1501 5358 1749 5432 ρέοντοςς
1795 5357 1860 5412 Ἦ
1892 5356 2053 5431 μέση.

454 5460 565 5513 τῶν
594 5458 875 5528 ποταμῶν,
904 5459 961 5512 αἱ
984 5457 1253 5510 Φοινίκων
1283 5455 1489 5517 πόλεις,
1515 5454 1551 5522 ὴ
1579 5451 1688 5505 τῶν
1711 5450 1899 5522 Σύρων
1931 5451 2033 5521 γῆ,

457 5551 674 5616 ὶδέξατο
719 5555 815 5607 καὶ
866 5549 1143 5617 Αἴγυπτος
1191 5549 1293 5618 τὴν
1317 5544 1627 5616 ἀπορροὴν,
1670 5546 1766 5598 καὶ
1814 5542 1939 5596 ὅθεν
1973 5558 2034 5594 τε

459 5640 668 5712 ἀνίσχει
699 5644 728 5695 6
757 5640 914 5712 ἥλιος
963 5641 1060 5697 καὶ
1104 5633 1168 5695 οὒ
1209 5637 1377 5708 δύνει,
1424 5637 1602 5693 πάντα
1652 5634 1753 5705 τῆς
1802 5632 2034 5690 διιείνων

550 5833 610 5893 ⁸1
642 5836 770 5897 Cor.
799 5855 860 5909 ιι,
893 5840 948 5897 9.

2209 4985 2353 5041 XIV.
2409 4985 2543 5052 Quae
2611 4989 2796 5036 autem
2852 4977 3119 5044 deinceps
3180 4980 3309 5028 sunt
3367 4972 3714 5026 consecuta.

2142 5094 2435 5150 quamnam
2468 5075 2689 5147 quidem
2726 5071 3007 5127 civitatem
3054 5061 3384 5119 latuerunt?
3421 5071 3719 5128 quamnam

2143 5174 2311 5230 etiam
2363 5166 2690 5240 regionem?
2747 5163 3008 5230 Quaenam
3058 5173 3191 5212 vero
3230 5169 3389 5224 gens.
3441 5150 3508 5205 ad
3558 5164 3722 5219 quam

2146 5282 2257 5323 non
2290 5262 2541 5335 pervenit
2578 5260 2797 5314 illorum
2841 5250 3207 5307 beneﬁcentia
3230 5287 3247 5313 ,
3285 5246 3452 5300 veluti
3487 5242 3722 5313 quodam

2145 5356 2314 5412 ﬂuvio
2357 5368 2557 5423 magno
2587 5357 2643 5403 et
2670 5360 2809 5414 puro
2856 5343 3084 5402 ﬂuento,
3128 5355 3226 5409 per
3265 5338 3575 5391 universam
3614 5341 3726 5386 ter-

2146 5466 2262 5505 ram
2294 5457 2347 5503 et
2393 5460 2542 5499 mare
2574 5441 2778 5495 ﬂuente
2823 5436 2976 5491 uberi
3015 5436 3135 5488 rivo
3167 5447 3357 5488 eorum
3412 5424 3725 5484 beneﬁcen-

2143 5538 2270 5595 tiae?
2336 5528 2776 5602 Mesopotamia,
2839 5525 3169 5579 Phoenicum
3233 5521 3508 5585 civitates,
3574 5516 3727 5588 regio

2142 5628 2431 5694 Syrorum,
2457 5620 2730 5693 Egyptus
2756 5627 2978 5687 quoque
3010 5612 3133 5684 ejus
3157 5608 3367 5678 accepit
3389 5607 3683 5663 ﬂuxionem
3705 5616 3724 5655 :
