4120 6378
346 254 457 318 ’167

1575 259 1863 323 MENSIS
1902 259 2337 324 DECEMBER.

3493 258 3603 324 768

349 380 407 426 et
436 367 527 425 ubi
559 370 640 425 sol
672 369 851 426 oritur
878 380 934 425 et
961 370 1185 438 occidit,
1213 386 1258 443 α,
1284 387 1451 429 manu
1490 373 1711 431 illorum
1734 377 1923 431 omnia

2050 377 2211 449 [ειρδς
2227 376 2558 449 ἐπίμπλατο.
2583 377 2706 434 Εἰσὶ
2726 377 2783 431 δέ
2803 377 2860 432 el
2872 394 3038 447 φασιν
3055 377 3251 441 αὐτοὺς
3276 376 3372 431 καὶ
3400 376 3601 445 νήσους
3657 414 3687 444 θ

349 471 481 519 sunt
510 462 738 531 repleta.
774 460 916 516 Sunt
938 471 1145 528 autem,
1175 465 1269 534 qui
1311 465 1507 524 dicunt
1540 482 1651 543 eos
1669 484 1917 540 quoque,

350 568 478 609 cum
512 561 654 609 totas
691 554 900 608 insulas
930 555 1199 611 emissent
1227 558 1294 612 ab
1322 559 1676 629 imperatore,
1712 562 1920 633 partim

351 642 572 712 quidem
597 643 689 696 illo
717 643 1054 711 dimittente,
1087 649 1287 717 partim
1320 666 1451 706 vero
1472 652 1608 722 ipsis
1630 654 1920 722 dantibus,

352 732 490 788 alias
542 734 761 802 quidem
815 738 1025 793 sanctis
1107 740 1244 794 viris
1294 741 1568 811 donasse,
1602 746 1741 801 alias
1791 762 1923 803 vero

353 840 657 881 exornasse
686 828 875 883 choris
915 830 1186 901 virginum
1219 842 1273 889 et
1306 837 1706 893 monachorum
1743 832 1927 894 multi-

355 915 568 971 tudine.
612 917 860 974 Pretiosa
905 931 1089 977 autem
1139 927 1312 983 vestis
1369 936 1422 982 et
1454 928 1798 998 splendidum
1833 947 1923 986 ar-

353 1016 581 1079 gentum
611 1021 731 1065 erat
758 1013 1134 1071 sacerdotibus
1176 1017 1244 1072 ab
1278 1018 1361 1076 eis
1395 1021 1706 1077 dedicatum
1756 1039 1925 1080 orna-

356 1106 628 1154 mentum.
664 1098 800 1155 Cum
833 1103 915 1157 sic
945 1120 1066 1173 «tua:
1106 1116 1266 1162 erant
1317 1109 1371 1164 in
1424 1109 1600 1178 Italia,
1630 1114 1766 1168 bene
1810 1114 1929 1170 dis-

357 1188 694 1256 posuissent,
731 1198 786 1245 et
836 1205 902 1244 ex
953 1191 1307 1252 facultatibus
1348 1212 1523 1267 pauca
1547 1199 1927 1269 reliquissent,

359 1283 689 1352 navigarunt
724 1285 777 1339 in
824 1285 1071 1342 Siciliam
1107 1303 1120 1341 :
1156 1290 1357 1359 partim
1398 1293 1647 1363 quidem,
1682 1305 1740 1349 ut
1771 1311 1930 1366 agros

357 1374 453 1443 qui
491 1373 603 1429 illic
634 1384 792 1431 erant
828 1378 1132 1435 venderent
1163 1400 1178 1434 :
1221 1383 1419 1449 partim
1464 1392 1670 1450 autem,
1706 1394 1766 1440 ut
1800 1402 1931 1441 san-

358 1467 669 1523 ctissimum
702 1472 1022 1540 episcopum
1059 1472 1353 1529 Paulinum
1389 1477 1656 1544 viserent,
1690 1478 1783 1547 qui
1814 1487 1933 1534 erat

2027 470 2155 534 δλας
2199 474 2353 542 παρά
2403 470 2665 542 βασιλέως
2706 470 3122 541 ὠνησαμένους,
3156 469 3220 523 τὸ
3265 469 3366 539 μὲν
3393 465 3605 522 ἐκείνου

2028 562 2273 631 ἐφέντος,
2303 563 2365 617 τὸ
2409 564 2466 617 δέ
2500 564 2596 617 καὶ
2639 564 2820 618 αὐτῶν
2854 563 3077 628 δόντων,
3128 562 3231 625 τάς
3277 559 3378 631 μέν
3426 559 3608 627 ἁγίοις

2031 655 2255 727 ἀνδράσι
2290 655 2654 728 χαρίσασθαι,
2703 654 2801 718 τὰς
2844 654 2902 708 δὲ
2945 655 3233 725 παρθένων
3282 653 3463 722 χοροῖς
3512 651 3608 703 καὶ

2031 748 2229 818 πλήθει
2260 747 2520 817 κομώσας
2544 747 2790 817 μοναχῶν
2817 744 3213 810 ἐπιδείξασθαι.
3262 744 3327 796 Ἡ
3359 743 3416 795 δὲ
3445 741 3609 795 πολυ-

2032 839 2193 909 τελὴς
2231 839 2416 900 αὐτοῖς
2444 837 2611 906 ἐσθὴς
2641 837 2737 890 atad.
2757 837 2784 890 ὁ
2821 837 3075 907 λαμπρδς
3110 835 3349 906 ἄργυρος
3374 834 3488 896 τοῖς
3534 832 3608 885 Ξε-

2037 932 2151 1002 ροῖς
2192 932 2336 993 ἄπας
2381 930 2662 984 ἀνετίθετο
2695 930 2917 999 κόσμος.
2958 927 3118 982 Οῦτω
3156 927 3299 980 κατά
3331 925 3431 994 τὴν
3471 922 3608 976 ἰτα-

2035 1022 2157 1076 λίαν
2200 1016 2260 1074 εὖ
2307 1021 2618 1090 διαθέμενοι
2651 1022 2744 1074 καὶ
2773 1020 2932 1089 όλίγα
2961 1019 3063 1089 τῆς
3098 1018 3292 1079 οὐσίας
3323 1015 3613 1069 ὑπολιπόν-

2036 1094 2147 1182 τες,
2179 1115 2273 1168 ἐπὶ
2298 1114 2547 1168 Σικελίαν
2567 1113 2841 1181 ἐξέπλεον,
2865 1111 3022 1166 τοῦτο
3050 1112 3148 1182 μὲν
3172 1107 3413 1171 καὶτοὺς
3441 1104 3611 1160 ἐκεῖθι

2036 1208 2241 1277 ἀγροὺς
2311 1205 2628 1271 ἀποδόσθαι,
2691 1203 2850 1258 τοῦτο
2911 1204 2970 1257 δέ
3025 1203 3121 1255 καὶ
3182 1200 3262 1269 τῷ
3319 1198 3613 1268 ἁγιωτάτῳ

2039 1299 2328 1366 ἐπισκόπῳ
2379 1296 2636 1367 Παυλίνῳ
2688 1297 2747 1359 ἐς
2800 1293 2924 1364 δψιν
2969 1293 3167 1357 ἐλθεῖν,
3213 1289 3273 1353 ὃς
3305 1290 3491 1351 αὐτοῖς
3519 1286 3617 1341 καὶ

2039 1389 2180 1444 κατά
2214 1388 2434 1459 πνεῦμα
2464 1388 2647 1459 πατὴρ
2676 1386 2969 1457 ἐτύγχανε.
3004 1383 3228 1438 Τούτων
3259 1378 3354 1436 οὖν
3386 1379 3488 1450 τῆς
3519 1380 3618 1432 πό-

2037 1481 2175 1546 λεως
2200 1480 2689 1551 ἀναχωρησάντων,
2723 1479 2818 1531 τὸν
2861 1478 2963 1547 μὲν
2991 1475 3230 1545 ἔπαρχον
3270 1474 3372 1544 τὴν
3409 1471 3617 1525 τούτων

358 1559 442 1615 eis
481 1574 637 1630 pater
680 1565 985 1619 secundum
1022 1565 1307 1634 spiritum.
1359 1567 1495 1623 Cum
1545 1568 1583 1623 ii
1625 1578 1806 1624 autem
1837 1584 1929 1624 re-

2050 1573 2215 1627 alatlotv
2254 1573 2346 1625 καὶ
2377 1572 2447 1624 τά
2480 1569 2906 1642 περιλειφθέντα
2947 1568 3056 1622 τῶν
3094 1565 3422 1637 χρημάτων,
3464 1563 3619 1616 ἐλευ-

358 1654 662 1709 cessissent
711 1668 742 1708 a
781 1655 1027 1723 civitate,
1058 1658 1381 1726 praefectum
1429 1660 1674 1730 quidem,
1707 1661 1799 1729 qui
1840 1676 1935 1717 eo-

358 1756 485 1797 rum
539 1744 763 1800 domutn
804 1755 859 1802 et
911 1752 1061 1818 quod
1115 1758 1458 1807 remanserat
1511 1754 1782 1823 pecuniae,
1825 1770 1934 1811 non

361 1834 686 1906 liberalibus
722 1839 1040 1896 intuebatur
1074 1844 1273 1907 oculis,
1308 1844 1497 1900 divina
1550 1848 1803 1917 quaedam
1854 1848 1936 1903 ira

362 1927 617 1997 protinus
667 1934 1048 1999 apprehendit.
1077 1933 1213 1989 Nam
1249 1945 1520 2004 praetextu
1566 1941 1813 2009 penuriae
1845 1955 1942 2010 pa-

362 2019 477 2083 nis,
512 2021 569 2074 in
615 2022 795 2079 medio
846 2022 969 2081 fore
1022 2034 1297 2083 commota
1346 2029 1524 2098 plebs,
1573 2045 1693 2100 quae
1724 2039 1843 2086 erat
1879 2032 1936 2087 in

362 2110 607 2191 civitate,
638 2132 764 2172 eum
804 2117 1016 2174 faciunt
1048 2119 1331 2190 prmmium
1378 2122 1465 2177 sui
1514 2123 1718 2180 furoris
1744 2112 1824 2180 'et
1853 2126 1938 2179 in-

366 2204 536 2259 saniae
566 2245 582 2269 ,
623 2216 680 2263 et
731 2210 992 2265 miserum
1038 2213 1284 2266 violenta
1336 2224 1514 2269 morte
1580 2216 1936 2272 interimunt.

367 2293 594 2352 Barbari
622 2315 754 2355 vero
786 2311 1010 2371 repente
1041 2302 1189 2359 facta
1232 2306 1570 2371 incursione,
1602 2324 1941 2378 quaecunque

365 2398 526 2442 erant
576 2398 702 2445 ante
738 2392 1037 2453 civitatem.
1065 2396 1300 2464 praedam
1360 2395 1641 2467 Mysorum
1683 2397 1937 2466 eﬂ‘ecere,

367 2476 505 2533 adeo
548 2486 610 2532 ut
661 2480 789 2535 hinc
832 2482 1073 2537 evaserit
1105 2484 1481 2549 manifestum,
1518 2488 1641 2543 illos
1670 2502 1777 2541 non
1810 2488 1935 2544 sine

375 2568 467 2623 Dei
496 2570 724 2624 numine
768 2587 858 2626 res
886 2589 1016 2629 suas
1050 2575 1103 2628 in
1136 2584 1255 2630 tuto
1285 2578 1609 2646 collocasse,
1642 2587 1692 2635 et
1736 2581 1790 2636 in
1833 2597 1945 2638 cm-

367 2655 597 2714 lestihus
622 2660 833 2718 horreis
862 2666 1253 2722 recondidisse.

440 2749 556 2805 XV.
611 2751 747 2807 Cum
807 2761 988 2809 autem
1038 2771 1067 2810 a
1119 2757 1310 2812 Sicilia
1343 2767 1491 2814 recta
1541 2759 1597 2814 in
1628 2759 1858 2832 Libyam
1895 2772 1950 2817 et

367 2839 757 2912 Carthaginem
798 2854 992 2900 essent
1022 2848 1359 2917 navigaturi,
1394 2849 1618 2919 quidam
1649 2854 1949 2909 vehemens

2032 1666 2211 1736 θέροις
2248 1665 2348 1718 οῦκ
2374 1663 2548 1717 ἰδόντα
2591 1665 2706 1727 τοῖς
2761 1662 3088 1732 ὀφθαλμοῖς,
3122 1657 3386 1729 θεομηνία
3419 1675 3506 1718 τις
3530 1656 3619 1710 εῦ-

2034 1759 2130 1823 θῦς
2152 1758 2538 1829 κατελάμϐανε
2560 1773 2574 1787 ’
2600 1754 2876 1826 προφάσει
2912 1755 3023 1826 γὰρ
3050 1752 3257 1815 ἐνδείας
3276 1753 3456 1822 ἄρτων
3479 1751 3619 1804 κατά

2031 1852 2129 1922 τὴν
2169 1852 2325 1904 πόλιν
2356 1848 2539 1920 πλήθη
2593 1850 2650 1901 ἐν
2681 1849 2860 1919 ἀγορᾷ
2921 1848 3062 1918 μέσῃ
3112 1845 3406 1916 κινηθέντα
3445 1839 3621 1913 θυμοῦ

2036 1960 2098 1996 τε
2129 1942 2224 1996 καὶ
2283 1942 2483 2012 μανίας
2538 1936 2706 1994 ἆθλον
2761 1939 2925 1994 αὑτὸν
2976 1937 3230 2003 ποιοῦσι,
3282 1936 3375 1990 καὶ
3429 1934 3621 2006 βιαίως

2042 2033 2327 2104 ἀναιροῦσι
2387 2031 2481 2086 τὸν
2540 2032 2745 2087 ἄθλιον.
2799 2032 2910 2085 Καὶ
2944 2029 3212 2102 βάρϐαροι
3257 2028 3315 2083 δέ
3363 2026 3622 2096 ἐξαίφνης

2044 2124 2510 2196 καταδραμόντες,
2538 2124 2608 2177 τὰ
2653 2123 2759 2194 πρὸ
2790 2124 2890 2192 τῆς
2928 2122 3136 2184 πόλεως
3178 2120 3393 2175 ἅπαντα
3422 2117 3625 2173 Μυσῶν

2045 2217 2198 2271 λείαν
2224 2217 2571 2288 εἰργάσαντο,
2604 2214 2744 2268 ὥστε
2769 2212 3066 2268 κάντεῦθεν
3086 2214 3247 2283 δῆλον
3275 2211 3527 2281 γενέσθαι
3548 2209 3623 2273 ὡς

2046 2311 2148 2363 οὐκ
2195 2309 2347 2363 ἀθεεὶ
2391 2310 2589 2361 ἐκεῖνοι
2620 2307 2687 2361 τὰ
2723 2308 2932 2361 ἑαυτῶν
2977 2307 3284 2375 φθάσαντες
3313 2304 3393 2366 είς
3422 2301 3622 2373 χωρίον

2052 2396 2397 2466 μετήνεγκαν
2449 2394 2687 2461 ἄσυλον,
2747 2395 2843 2449 καὶ
2915 2395 3216 2466 οὐρανίαιςΔ
3251 2390 3621 2464 ἐθησαυρίσαν

2044 2490 2381 2561 ἀποθήκαις.

2051 2751 2085 2773 δ
2120 2747 2219 2807 lE.’
2263 2751 2416 2804 Ἐπεὶ
2445 2751 2501 2804 δι
2532 2752 2629 2804 και
2676 2750 2783 2805 ana
2835 2730 3243 2815 Σικελίαςέὐθῦ
3290 2749 3497 2819 Λιϐύης
3532 2748 3626 2802 και

2048 2842 2402 2913 Καρχηδόνος
2432 2842 2584 2895 πλεῖν
2623 2840 2870 2912 ἔμελλον,
2905 2842 3137 2912 σφοδρός
3184 2859 3269 2904 τις
3311 2842 3407 2895 καὶ
3436 2841 3625 2909 ἄγριος

371 2940 429 2989 et
462 2949 644 2991 saevus
677 2944 879 2992 ventus
926 2953 1023 2995 eos
1053 2940 1273 3010 excepit
1319 2949 1373 2997 et
1403 2949 1566 2997 vexat
1615 2944 1801 2998 multis
1832 2945 1946 3000 die-

2051 2936 2247 3001 αὐτοὺς
2261 2937 2460 3006 ἄνεμος
2478 2936 2855 3006 ὑπολαμϐάνει
2870 2936 2967 2988 καὶ
2996 2934 3198 3007 συχνάς
3220 2934 3432 3006 ἡμέρας
3451 2951 3627 3003 παρα-

373 3028 503 3095 bus,
534 3030 671 3085 adeo
709 3038 770 3086 ut
815 3048 956 3103 aqua
1009 3033 1276 3089 defecerit
1327 3036 1747 3104 navigantibus;
1797 3046 1955 3092 erant

374 3132 508 3176 vero
553 3121 608 3176 in
669 3124 791 3177 navi
838 3125 996 3180 multi
1031 3136 1307 3181 vectores.
1335 3125 1471 3181 Cum
1509 3135 1693 3182 autem
1726 3128 1807 3184 eis
1833 3138 1955 3184 tan-

374 3217 491 3262 tum
539 3210 853 3268 immineret
899 3215 1249 3283 periculum,
1299 3215 1415 3269 visa
1463 3224 1548 3271 est
1584 3232 1772 3272 eorum
1802 3218 1962 3272 navi-

375 3300 522 3367 gatio
568 3317 678 3356 non
745 3318 868 3359 esse
927 3305 1035 3361 Deo
1089 3314 1269 3377 grata.
1313 3305 1474 3361 Jubet
1504 3307 1694 3376 itaque
1723 3307 1953 3376 Melana,

377 3395 439 3442 ut
479 3390 657 3445 velum
702 3403 1128 3459 convertentes,
1186 3394 1339 3450 ﬂanti
1385 3406 1552 3453 vento
1608 3399 1955 3470 obtempera-

379 3490 522 3545 rent,
549 3496 883 3551 quocunque
939 3499 1135 3539 navem
1181 3487 1431 3541 duceret.
1471 3488 1660 3557 itaque
1692 3504 1818 3544 cuin
1868 3505 1954 3545 se-

377 3573 618 3628 cundum
649 3582 871 3629 ventum
899 3576 955 3632 in
987 3578 1153 3646 puppi
1198 3577 1551 3647 habuissent,
1587 3582 1869 3651 appellunt
1896 3582 1953 3637 in

384 3665 678 3732 quamdam
720 3666 981 3721 insulam.
1018 3668 1149 3723 Eam
1182 3684 1312 3725 vero
1364 3686 1500 3741 gens
1543 3672 1793 3741 quadam
1825 3674 1953 3727 baro

380 3752 541 3817 bara,
571 3764 625 3808 et
669 3771 793 3825 qua:
845 3758 1026 3826 praeda
1075 3766 1131 3813 et
1165 3770 1320 3828 rapto
1357 3762 1595 3827 vivebat,
1631 3764 1793 3832 paulo
1827 3772 1956 3819 ante

381 3839 562 3897 fuerat
594 3851 874 3915 populata.
935 3850 1069 3903 Cum
1109 3850 1263 3904 multi
1310 3859 1489 3906 autem
1532 3854 1684 3909 illinc
1730 3855 1952 3910 abducti

380 3946 566 3989 essent
588 3938 797 4005 captivi
850 3938 953 3993 viri
997 3950 1051 3994 et
1103 3942 1367 3997 mulieres
1415 3952 1471 3998 et
1525 3948 1723 4014 pueri,
1766 3947 1960 4002 insulae

385 4026 589 4082 incolis
614 4029 1002 4099 significabant
1029 4031 1279 4097 Barbari,
1306 4036 1351 4089 si
1389 4051 1487 4105 pro
1520 4038 1601 4092 eis
1625 4037 1963 4093 redimendis

382 4128 648 4186 quantum
688 4122 823 4176 satis
859 4131 1007 4178 esset
1049 4125 1173 4178 auri
1201 4127 1563 4195 accepissent,
1607 4131 1756 4197 ipsos
1787 4130 1962 4196 capti-

2052 3030 2305 3093 ϐιάξεται
2348 3032 2427 3092 εἰς
2452 3029 2482 3082 ὃ
2507 3031 2601 3083 καὶ
2628 3030 2691 3082 τὸ
2722 3029 2865 3099 ὕδωρ
2896 3030 3023 3093 τοὺς
3059 3031 3321 3091 πλέοντας
3359 3027 3623 3082 ἐκλιπεῖν.

2053 3122 2248 3176 Πολλοὶ
2277 3122 2333 3175 δέ
2367 3117 2511 3191 ἦσαν
2543 3122 2604 3175 τδ
2646 3120 2922 3192 πλήρωμα
2951 3137 3053 3190 της
3086 3121 3241 3183 νεώς.
3270 3120 3541 3172 Τοσοῦτον
3568 3117 3626 3170 δέ

2052 3214 2237 3276 αὐτοῖς
2263 3212 2641 3281 ἐπηρτημένου
2672 3212 2923 3264 κινδύνου
2955 3211 3016 3264 οὐ
3048 3210 3189 3263 κατὰ
3225 3209 3375 3261 θείαν
3402 3208 3629 3277 γνώμην

2053 3304 2230 3369 ἔδοξεν
2251 3304 2281 3356 ὁ
2312 3302 2481 3363 πλοῦς
2528 3301 2882 3371 γεγενῆσθαι.
2919 3300 3149 3353 Κελεύει
3175 3298 3308 3367 γοῦν
3345 3300 3380 3368 ἡ
3404 3298 3628 3366 Ms).qu

2056 3396 2494 3465 ἐπιστρέψαντας
2519 3394 2617 3466 τὴν
2641 3394 2854 3463 ὀθόνην,
2886 3394 2967 3463 τῷ
2992 3395 3212 3465 φέροντι
3239 3392 3427 3463 ἀνέμῳ
3458 3407 3631 3445 κατα-

2061 3487 2270 3549 πειθεῖς
2301 3486 2551 3555 γίνεσθαι
2594 3487 2718 3541 ὅποι
2772 3486 2840 3541 ἂν
2892 3487 3002 3556 ἄγῃ
3053 3485 3153 3557 τὴν
3205 3484 3360 3538 ναῦν.
3402 3485 3514 3537 Καὶ
3565 3482 3631 3551 δὴ

2058 3578 2315 3641 λαϐόντες
2352 3578 2493 3632 κατὰ
2525 3578 2783 3648 πρύμναν
2813 3581 2874 3631 τδ
2907 3577 3146 3648 πνεῦμα,
3172 3577 3250 3641 είς
3281 3594 3405 3630 τινα
3437 3575 3632 3629 καταί-

2063 3685 2247 3739 ρουσιν
2284 3672 2464 3739 νῆσον.
2498 3668 2609 3739 Τὴν
2651 3669 2708 3723 δέ
2753 3669 3054 3740 ἐτύγχανεν
3098 3670 3228 3739 ἄρτι
3269 3669 3546 3739 βάρϐαρόν
3578 3686 3633 3722 τι
3736 3732 3743 3737 ἢ

2061 3764 2156 3816 καὶ
2201 3760 2493 3832 λῃστρικὸν
2539 3761 2714 3824 ἔθνος,
2760 3761 3080 3824 ἐπελθόντες
3135 3761 3230 3815 καὶ
3291 3761 3632 3831 ληϊσάμενοι.

2061 3851 2280 3905 Πολλῶν
2307 3850 2364 3904 δὲ
2402 3851 2772 3921 αἰχμαλώτων
2801 3853 3014 3904 ἐκεῖθεν
3042 3851 3383 3922 ληφθέντων,
3425 3850 3636 3921 ἀνδρῶν

2061 3941 2177 4010 ἃμα
2208 3942 2303 3995 καὶ
2332 3941 2630 4010 γυναικῶν,
2683 3940 2819 4009 πρὸς
2849 3941 2908 3994 δὲ
2961 3944 3056 3997 καὶ
3110 3943 3364 4008 παιδίων,
3414 3943 3635 4011 ἐδήλουν

2066 4035 2181 4096 τοῖς
2214 4031 2505 4101 νησιώταις
2534 4033 2587 4086 οί
2629 4031 2893 4103 βάρϐαροι
2919 4032 3090 4105 λύτρα
3126 4035 3227 4103 μέν
3258 4035 3480 4105 χρυσίον
3512 4035 3635 4087 lata.-

2066 4128 2156 4178 νὸν
2188 4125 2447 4188 λαϐόντες
2484 4125 2684 4188 αὐτούς
2726 4141 2787 4177 τε
2831 4126 2954 4188 τοὺς
3002 4125 3384 4196 αἰχμαλώτους
3438 4125 3636 4179 ἀποδόο

382 4224 484 4263 vos
527 4225 652 4266 esse
707 4213 1042 4276 reddituros.
1089 4216 1285 4273 insulae
1321 4227 1502 4273 autem
1538 4216 1822 4288 parsuros.
1858 4222 1946 4275 Sin

2064 4214 2209 4281 σθαι,
2244 4215 2533 4286 φείσασθαι
2574 4215 2631 4267 δὲ
2688 4217 2786 4269 καὶ
2823 4217 2923 4285 τῆς
2974 4219 3176 4285 νήσου·
3227 4220 3276 4269 εἰ
3308 4217 3365 4269 δέ
3418 4216 3492 4286 μὴ
3539 4215 3637 4269 λά-

383 4315 518 4355 vero
545 4316 656 4355 non
694 4305 1071 4373 accepissent,
1115 4322 1176 4361 se
1203 4308 1443 4362 insulam
1473 4309 1698 4378 quidem
1728 4323 1957 4367 exustu-

383 4407 500 4456 ros,
530 4393 765 4461 captivis
806 4404 986 4450 autem
1019 4397 1202 4464 gladio
1251 4408 1482 4455 mortem
1531 4401 1813 4456 illaturos.
1862 4404 1962 4455 At-

386 4498 495 4553 que
524 4484 718 4539 insulaa
761 4486 984 4554 quidem
1024 4487 1236 4544 incolas
1273 4504 1339 4544 ea
1382 4507 1505 4560 qua:
1558 4493 1964 4563 signiﬁcaban-

388 4585 497 4639 tur,
526 4575 728 4632 dubios
756 4578 1056 4635 reddebant
1100 4589 1155 4643 et
1193 4583 1509 4651 perplexas.

455 4666 599 4724 XVI.
633 4669 766 4725 Cum
800 4671 951 4740 ipsos
1003 4680 1189 4727 autem
1240 4672 1424 4743 jnstos
1456 4675 1765 4730 accessisse
1792 4674 1958 4729 intel-

385 4757 612 4816 lexisset
643 4762 961 4833 episcopus,
991 4765 1095 4819 hoc
1142 4766 1197 4819 in
1234 4766 1385 4819 lucro
1420 4767 1603 4834 posuit
1636 4784 1650 4820 :
1684 4773 1743 4819 et
1771 4767 1835 4819 ad
1864 4781 1962 4820 eos

386 4854 636 4921 veniens,
686 4858 835 4924 ipsos
901 4856 1122 4920 oravit,
1178 4867 1232 4911 et
1281 4858 1405 4924 plus
1454 4856 1683 4926 adeptus
1719 4858 1964 4927 pecuniae

392 4960 555 5015 quam
594 4948 833 5016 petebat,
871 4957 926 5002 et
955 4947 1192 5017 praedam
1232 4948 1548 5001 universam
1598 4947 1874 5018 liberavit,
1908 4959 1963 5006 et

388 5034 627 5091 insulam
682 5037 887 5107 eripuit
920 5052 949 5089 a
982 5038 1252 5105 periculo.
1286 5037 1498 5093 Melana
1532 5055 1662 5096 vero
1695 5057 1820 5096 cum
1844 5044 1962 5100 suis

390 5140 452 5182 se
482 5129 807 5184 clementius
851 5137 905 5186 et
958 5130 1248 5198 benignius
1287 5140 1541 5200 gerentes
1584 5132 1637 5186 in
1686 5134 1957 5203 captivos,

388 5224 470 5282 eis
508 5225 778 5282 dederunt
805 5228 971 5282 etiam
1005 5228 1340 5298 quingentos
1375 5242 1598 5291 aureos,
1640 5245 1952 5301 panemque

390 5317 744 5386 praebuerunt
774 5328 828 5374 et
854 5330 1080 5388 caetera,
1110 5322 1313 5390 quibus
1345 5337 1484 5393 opus
1520 5322 1820 5389 habebant,
1854 5323 1960 5378 hoc

389 5418 638 5478 agentes,
689 5418 751 5466 ut
791 5412 1062 5468 donorum
1093 5414 1469 5485 magnitudine
1499 5415 1960 5472 obliviscerentur

391 5511 717 5569 magnarum
776 5502 1179 5562 calamitatum.
1251 5504 1522 5576 Deinceps
1584 5517 1765 5562 autem
1834 5522 1959 5561 cum

395 5587 602 5647 bonum
640 5602 863 5650 ventum
898 5596 1168 5663 assecuti,
1199 5597 1496 5654 solvissent
1516 5599 1584 5654 ab
1616 5598 1814 5664 insula,
1863 5612 1962 5652 na-

398 5679 657 5752 vigarunt
709 5684 849 5742 citra
903 5686 1073 5745 ullam
1105 5688 1438 5759 molestiam,
1477 5689 1841 5763 placidusque
1871 5704 1965 5746 eos

2060 4306 2228 4370 ϐοιεν,
2282 4306 2381 4376 τὴν
2433 4306 2532 4374 μὲν
2570 4304 2645 4374 τῷ
2697 4305 2859 4376 πυρὶ,
2912 4307 3040 4371 τοὺς
3090 4306 3147 4360 δὲ
3194 4305 3531 4377 παραδοῦναι
3558 4304 3637 4374 τῷ

2062 4396 2227 4465 ξίφει.
2261 4398 2388 4461 Τοῖς
2423 4396 2521 4467 μέν
2576 4396 2670 4450 οῦν
2721 4400 3022 4470 νησιώταις
3080 4399 3266 4470 ἄπορα
3320 4398 3391 4451 τὰ
3445 4395 3641 4467 δηλού-

2063 4506 2197 4561 μενα
2221 4484 2312 4559 ἦν.
3466 4524 3471 4528 ~

2133 4671 2251 4738 ις’.
2282 4669 2490 4732 Αὐτοὺς
2534 4668 2593 4722 δέ
2619 4667 2749 4730 τοὺς
2798 4667 3046 4733 δικαίους
3098 4669 3292 4737 μαθὼν
3336 4670 3579 4741 ἣκοντας
3608 4670 3640 4723 δ

2069 4762 2367 4824 ἐπίσκοπος
2402 4762 2638 4833 ἕρμαιον
2685 4761 2884 4824 αὐτοὺς
2914 4763 3174 4822 ἐποιεῖτο.
3209 4763 3308 4815 atati.
3355 4760 3638 4817 κατελθὼν

2076 4853 2323 4907 ίκέτευσέ
2365 4869 2425 4904 τε
2461 4853 2555 4905 καὶ
2597 4852 2997 4922 ἀφθονωτέρων
3043 4846 3118 4906 ὦν
3156 4852 3280 4925 ᾔτει
3333 4852 3642 4925 χρημάτων

2068 4946 2345 5017 ἐπιτυχὼν
2375 4946 2477 5016 τήν
2512 4962 2571 4997 τε
2605 4943 2759 4996 λείαν
2802 4945 3150 5013 ἠλευθέρωσε
3194 4947 3376 4999 πᾶσαν
3405 4946 3501 4998 καὶ
3544 4942 3640 4997 τοῦ

2068 5040 2320 5095 κινδύνου
2353 5038 2453 5108 τὴν
2481 5039 2647 5103 νῆσον
2676 5036 2972 5109 ἐρρύσατο.
3008 5037 3073 5093 Ol
3102 5037 3157 5090 δέ
3182 5039 3312 5108 περὶ
3337 5041 3437 5108 τὴν
3458 5037 3641 5091 Μελά-

2068 5149 2188 5202 νην,
2228 5131 2742 5203 φιλανθρωπότερον
2777 5129 2910 5201 περὶ
2938 5131 3066 5193 τοὺς
3112 5129 3497 5199 αἰχμαλώτους
3526 5128 3639 5181 διας

2062 5225 2316 5287 τεθέντες
2347 5225 2442 5276 καὶ
2475 5222 2680 5293 χρυσὸν
2710 5222 2896 5284 αὐτοῖς
2923 5222 3296 5291 ἐμπαρέσχον,
3323 5221 3640 5290 νομίσματα

2064 5317 2421 5378 πεντακόσια,
2455 5315 2658 5385 ἄρτους
2686 5331 2745 5367 τε
2770 5314 2868 5366 καὶ
2893 5313 2999 5365 τῶν
3030 5312 3239 5365 λοιπῶν
3267 5307 3343 5364 ῶν
3366 5312 3643 5379 ἐπήγοντο

2065 5408 2143 5479 τῷ
2194 5408 2415 5475 μεγέθει
2449 5407 2561 5460 τῶν
2601 5390 2823 5476 δωρεῶν
2855 5403 3222 5458 ἐπιλαθέσθαι
3270 5403 3501 5467 τούτους
3531 5403 3643 5457 τῶν

2072 5500 2326 5571 μεγάλων
2357 5498 2657 5572 συμφορῶν
2689 5499 3107 5570 μηχανώμενοι.
3130 5497 3207 5550 Τὸ
3240 5496 3296 5549 δὲ
3324 5496 3454 5575 ἑξῆς
3476 5496 3644 5551 πνεύ-

2076 5608 2247 5663 ματος
2280 5590 2504 5661 μετρίου
2553 5590 2814 5659 τυχόντες
2858 5589 2953 5642 τοῦ
3000 5587 3248 5660 νησιδίου
3303 5588 3639 5660 ἀπάραντες.

2028 5695 2036 5701 ·
2075 5682 2301 5747 ἀλύπως
2331 5680 2413 5735 ιτι
2443 5680 2537 5737 τδν
2560 5680 2729 5736 πλοῦν
2772 5680 3058 5736 ἐποιοῦντο
3084 5696 3099 5715 ·
3136 5680 3233 5736 καὶ
3268 5679 3513 5745 μάλσκος
3544 5682 3644 5734 αὐ·-
