4128 6384
471 386 579 449 ’169

1742 390 1922 452 VITA
1962 392 2024 453 S.
2066 392 2421 458 MELAN/E.

3621 402 3732 468 ’ΠΟ

370 524 391 543 ς.
457 499 588 561 τοὺς
631 492 860 549 ὄπισθεν
913 490 1145 546 ιπωθῶν
1170 491 1371 566 ἄνεμος
1415 494 1507 549 διὰ
1533 498 1747 568 ταχέων
1780 503 1849 571 τῇ
1899 504 2030 574 Καρ

2155 521 2185 561 a
2238 515 2393 579 tergo
2424 505 2715 577 impellens
2757 518 2975 578 ventus,
3011 509 3124 567 cito
3153 511 3463 570 transmisit
3498 513 3733 572 Cartha-

457 587 642 660 χηδόνι
675 586 915 640 δίδωσιν.
963 585 1298 650 ’Δποϐἅντες
1342 586 1401 640 δὲ
1427 587 1530 657 τῆς
1576 591 1705 661 νηος
1746 591 1846 662 τῆς
1878 594 2044 664 φίλης

457 681 671 749 εἴχοντο
727 676 995 748 ἐργασίας
1047 678 1314 747 χρήματα
1369 681 1467 732 καὶ
1517 680 1725 751 ἀγροὺς
1771 684 1900 748 τούς
1944 685 2042 755 μὲν

460 773 630 844 ἱεροῖς
680 770 1035 831 ἀνατιθέντες
1088 772 1277 836 ναοῖς,
1322 773 1449 835 τοὺς
1499 773 1555 826 δὲ
1598 778 2040 847 φροντιστηρίοις

457 864 839 934 ἀφιεροῦντες,
874 862 945 916 τὰ
981 863 1037 916 δὲ
1092 865 1187 916 καὶ
1224 865 1580 929 ἐκκενοῦντες
1626 872 1739 932 τοῖς
1787 869 2039 937 πένησιν.

457 955 617 1009 Οὕτω
646 956 739 1008 τὸν
775 954 1012 1007 πλοῦτον
1066 958 1575 1026 ἀποσκευαζόμενοι
1608 960 1809 1023 πάντα,
1843 961 2040 1031 κοῦφοί

456 1063 516 1099 τε
547 1046 644 1098 καὶ
681 1047 969 1108 εὐσταλεῖς
1007 1047 1103 1099 ἐπὶ
1138 1048 1231 1100 τὸν
1266 1050 1443 1119 ἀληθῆ
1476 1052 1751 1123 μετῄεσαν
1785 1054 2037 1121 πλοῦτον,

455 1138 515 1203 ὃς
559 1140 653 1192 τοῦ
708 1140 880 1209 μηδὲν
912 1140 1062 1210 ἔχειν
1091 1141 1316 1195 ὠνεῖται
1345 1147 1460 1207 τοῖς
1492 1146 1732 1208 εὐσεϐῶς
1774 1147 2038 1220 Θησαυρί-

432 1202 665 1308 ἕξουσιν.
716 1235 782 1286 Ἥ
831 1234 889 1287 δὲ
935 1236 1093 1297 πόλις
1121 1231 1242 1311 ὲνῇ
1286 1238 1385 1300 τὰς
1417 1238 1701 1309 διατριϐὰς
1756 1242 2041 1296 ἐποιοῦντο

453 1324 719 1393 θαγαστὴ
752 1326 1025 1389 ἐκαλεῖτο,
1059 1329 1116 1378 ὲν
1213 1330 1308 1381 καὶ
1340 1332 1520 1398 ἱερεὺς
1547 1332 1729 1400 λέγειν
1753 1334 1913 1397 εἰδὼς
1941 1337 2039 1389 καὶ

454 1417 688 1481 πολλοὺς
719 1420 795 1487 τῷ
821 1419 965 1488 λόγῳ
994 1420 1132 1489 πρὸς
1160 1422 1438 1492 σωτηρίαν
1466 1424 1683 1492 ἐνάγειν
1708 1426 2035 1494 δυνάμενος·

454 1508 627 1575 ενομα
660 1510 843 1579 τούτῳ
887 1512 1164 1573 Ἀλύπιος’
1201 1506 1245 1579 ᾧ
1281 1514 1344 1583 δὴ
1396 1514 1492 1567 καὶ
1536 1517 1792 1578 συνόντες
1818 1519 1885 1571 τὰ
1918 1520 2040 1588 ιερὰ

456 1599 736 1668 ἐμελέτων
764 1600 945 1667 λόγια,
976 1602 1072 1653 καὶ
1097 1602 1159 1655 ca
1191 1604 1337 1672 ἱερὸν
1361 1605 1416 1657 δὲ
1454 1606 1482 1658 ὃ
1511 1607 1603 1659 τὸν
1639 1608 1899 1662 Ἀλύπιον
1922 1607 2038 1681 εἶχε

459 1692 605 1759 μάλα
633 1691 933 1761 φιλοτίμως
962 1695 1191 1762 κόσμοις
1214 1714 1273 1748 τε
1302 1701 1528 1766 χρυσοῖς
1567 1700 1664 1753 καὶ
1696 1702 1868 1766 λίθοις
1899 1704 2041 1775 λαμο

455 1787 618 1853 προῖς
652 1787 747 1836 καὶ
781 1786 1071 1852 προσόδοις
1113 1788 1338 1853 πολλαῖς
1386 1791 1771 1862 ὲλὰμπρυναν.
1819 1796 2039 1868 ᾨκοδό-

455 1893 601 1944 μητο
628 1875 685 1927 δὲ
717 1879 939 1940 τούτοις
987 1879 1079 1931 καὶ
1135 1880 1532 1951 φροντιστήρια
1564 1884 1679 1950 δύο,
1734 1888 2037 1956 χρημάτων
2069 1868 2113 1923 Β

452 1983 517 2021 τε
546 1969 643 2021 καὶ
692 1969 960 2039 προσόδου
1011 1971 1211 2035 ίκανῶς
1252 1973 1468 2043 ἔχοντα,
1502 1970 1579 2032 ὧν
1624 1979 1685 2030 τὸ
1722 1979 1825 2049 μὲν
1875 1979 2037 2049 χορὸς

453 2057 603 2130 εἶχεν
636 2062 849 2132 ἀνδρῶν
894 2064 987 2117 τὸν
1018 2065 1256 2134 ἀριθμὸν
1299 2067 1657 2139 ὀγδοήκοντα,
1693 2072 1754 2124 τὸ
1783 2070 1854 2131 δὲ,
1891 2089 2038 2141 παρ-

455 2153 632 2219 θένοις
665 2158 847 2212 ἀνεῖτο
875 2158 972 2214 καὶ
1004 2160 1087 2224 sl;
1131 2159 1368 2232 ἀριθμὸν
1415 2165 1702 2230 τελούσαις
1734 2168 2035 2239 τριάκοντα

455 2249 549 2302 καὶ
579 2250 777 2305 ἑκατὸν
812 2247 903 2325 ἦν.
2016 2259 2035 2270 ’

528 2513 628 2569 ΙΖ’.
666 2515 823 2571 Οὐτω
871 2519 969 2573 καὶ
1002 2520 1179 2576 ταῦτα
1210 2523 1243 2591 ή
1285 2522 1510 2594 Μελάνη
1557 2525 1807 2581 διαθεῖσα
1843 2528 2029 2594 καλῶς

452 2607 785 2676 ἐγκρατείας
816 2612 911 2664 καὶ
960 2608 1118 2675 αὖθις
1149 2616 1456 2685 ἐμέμνητο.
1486 2619 1598 2671 Καὶ
1648 2618 1720 2672 δι’
1769 2620 1899 2692 ὅλης
1930 2622 2031 2691 μὲν

450 2698 551 2767 τῆς
573 2701 791 2771 ἡμέρας
817 2704 1004 2766 ἄσιτος
1034 2707 1315 2775 ἠγενναία
1338 2710 1690 2783 διεκαρτέρει
1715 2731 1728 2743 ·
1753 2714 1848 2767 τοῦ
1876 2715 2031 2783 ἡλίου

452 2789 511 2843 δὲ
538 2791 640 2862 ἤδη
674 2795 809 2863 πρὸς
839 2795 1050 2867 δυσμὰς
1083 2800 1314 2869 ἥκοντος
1351 2800 1613 2875 βραχείας
1648 2808 2031 2878 μετελάμϐανε

451 2881 554 2953 τῆς
580 2886 790 2954 τροφῆς
837 2891 931 2943 καὶ
983 2890 1192 2961 ταύτης
1223 2894 1469 2964 σκληρᾶς
1494 2913 1508 2925 ·
1542 2898 1664 2951 ἐστι
1715 2899 1771 2953 δὲ
1815 2902 1903 2955 ὅτε
1934 2903 2032 2955 καὶ

452 2973 651 3045 βραχεῖ
692 2978 855 3048 ἐλαίῳ
896 2982 957 3034 τὸ
1007 2984 1139 3051 ὖᾷον
1178 2990 1555 3053 παρεμυοεῖτο
1580 3005 1595 3021 ο
1630 2993 1763 3061 οἴνῳ
1797 2992 1854 3063 δὲ
1903 2995 2029 3048 οὐδὲ

404 3140 405 3143 η
450 3068 550 3137 τὴν
577 3070 752 3139 ἀρχὴν
780 3073 1007 3143 ἐχρῆτο,
1032 3075 1147 3130 ἀλλ’
1177 3080 1241 3132 ὲκ
1276 3078 1493 3147 μέλιτός
1534 3099 1586 3134 τι
1618 3084 2028 3155 ἐσκευασμένον

399 3157 408 3166 ’
451 3159 601 3229 πόμα
655 3167 1018 3235 προσιεμένη,
1050 3168 1078 3220 ὃ
1129 3170 1369 3224 κονδίτον
1421 3174 1612 3227 καλεῖν
1654 3176 1907 3246 σύνηθες,
1933 3180 2028 3249 τὴν

448 3252 609 3323 δίψαν
640 3261 1036 3327 παρεμυθεῖτο.
1083 3259 1142 3313 '0
1173 3262 1229 3313 δὲ
1260 3262 1323 3332 δὴ
1351 3264 1546 3334 χρόνος
1576 3267 1603 3318 ό
1636 3268 1852 3330 πολλοῖς
1894 3270 2026 3323 πολ-

445 3346 605 3410 λάκις
633 3348 730 3419 τὴν
759 3351 939 3422 ὁρμὴν
980 3353 1275 3421 ἀμϐλύνων
1305 3357 1511 3425 ταύτης
1538 3359 1737 3426 μᾶλλον
1763 3361 2026 3433 ὀξυτέραν

445 3437 642 3492 ἐποίει.
679 3440 787 3493 Καὶ
815 3443 875 3493 τὸ
912 3443 1010 3511 μὲν
1038 3445 1257 3514 πρῶτον
1292 3448 1445 3516 παρὰ
1471 3450 1565 3502 δύο
1602 3453 1669 3503 τὰ
1704 3454 1848 3505 σιτία
1885 3455 2026 3525 λαμ-

446 3528 686 3583 ϐάνουσα
715 3526 806 3602 ἦν,
839 3532 1031 3587 ἔπειτα
1063 3537 1214 3605 παρὰ
1234 3539 1408 3607 τρεῖς,
1444 3535 1565 3592 εἶτα
1629 3543 1723 3594 καὶ
1753 3542 1819 3596 δι’
1860 3545 2025 3612 ἑπτα,

444 3619 520 3683 ὡς
568 3620 719 3685 ἅπαξ
746 3625 845 3693 τῆς
896 3625 1196 3694 έῆδομάδος
1249 3629 1415 3697 μόνον
1454 3633 1770 3701 μεμνῆσθαι
1812 3639 2024 3708 τροφῆς

396 3707 407 3715 ’
445 3714 541 3765 καὶ
566 3712 774 3784 ταύτης
806 3716 1252 3788 κεκολασμένηςο
1278 3725 1372 3773 καὶ
1405 3724 1557 3778 οὐδὲν
1589 3725 1725 3790 ὅλως
1755 3728 1864 3781 τῶν
1897 3730 2025 3798 ἡδύ-

442 3816 554 3855 νειν
594 3804 830 3873 ἑχόντων
856 3805 1089 3875 ἐχούσης
1114 3825 1127 3840 ·
1151 3808 1322 3880 ἄρτου
1351 3814 1461 3882 γὰρ
1495 3815 1732 3886 σκληροῦ
1765 3818 1942 3888 βραχύ
1972 3837 2025 3873 τι

442 3890 645 3961 τρύφος
684 3894 718 3962 ἡ
751 3895 1002 3961 τράπεζα
1033 3891 1124 3966 ἦν,
1150 3897 1227 3960 ὡς
1260 3894 1401 3952 εἶναι
1430 3900 1639 3972 ταύτην
1670 3904 1822 3956 οὐδὲν
1861 3902 2026 3978 ἧττον

443 3982 545 4053 τῆς
565 3987 825 4056 νηστείας
854 3989 1254 4057 πονικωτέραν.
1297 3991 1580 4061 Ἔγραφεν
1603 3996 1636 4064 ἡ
1670 3998 1896 4061 γενναία
1926 4000 2023 4051 καὶ

442 4075 524 4137 είς
555 4078 721 4148 τάχος
757 4080 856 4131 καὶ
888 4081 970 4142 είς
994 4081 1192 4144 κάλλος
1225 4082 1319 4133 καὶ
1352 4082 1524 4145 οὕτως
1571 4086 1910 4154 ἀπταίστως,
1944 4088 2021 4153 ὠς

444 4165 583 4236 μηδὲ
639 4166 770 4235 μίαν
834 4168 971 4238 μηδέ
1036 4186 1168 4222 ποτε
1219 4170 1392 4243 λαϐὴν
1451 4172 1637 4226 δοῦναι
1714 4179 1829 4239 τοῖς
1890 4178 2022 4248 περὶ

439 4256 610 4309 ταῦτα
631 4257 831 4320 δεινοῖς
852 4275 867 4289 ·
906 4260 1000 4313 καὶ
1026 4264 1093 4332 τῇ
1127 4266 1311 4332 γραφῇ
1342 4263 1403 4316 τὸ
1439 4264 1627 4319 πλεῖον
1673 4268 1771 4336 τῆς
1802 4269 2017 4339 ἡμέρας

441 4344 602 4415 ἔνεμε
633 4350 824 4419 μέρος,
875 4352 972 4420 τῆς
1002 4353 1188 4423 χειρὸς
1235 4355 1291 4408 δὲ
1333 4358 1621 4428 καμούσης
1666 4362 1715 4412 oi
1744 4361 2022 4432 ὀφθαλμοὶ

441 4438 672 4493 πλεῖστα
702 4443 801 4509 μὲν
837 4443 947 4495 τῶν
988 4444 1221 4514 γραφῶν
1255 4448 1521 4518 ἐπῄεσαν,
1560 4449 1795 4505 πλεῖστα
1832 4453 1890 4505 δὲ
1938 4455 2022 4517 είς

2151 597 2356 667 ginem.
2410 596 2546 653 Cum
2579 614 2610 652 e
2646 614 2783 654 nave
2839 613 3018 655 autem
3063 603 3514 672 descendissent,
3569 622 3726 662 suam

2152 688 2373 743 solitam
2434 690 2678 758 aggressi
2735 700 2866 746 sunt
2922 695 3325 762 operationem,
3381 699 3645 766 pecunias
3673 707 3731 756 et

2151 794 2313 850 agros
2351 783 2550 850 partim
2603 782 2827 851 quidem
2877 785 3057 839 sacris
3110 788 3321 842 aedibus
3375 788 3719 855 dedicantes,

2149 869 2349 939 partim
2408 888 2540 927 vero
2614 884 3011 930 consecrantes
3068 880 3470 944 monasteriis,
3522 882 3720 949 partim

2148 959 2313 1013 etiam
2376 960 2431 1014 in
2488 975 2761 1031 pauperes
2798 963 3166 1021 cﬂundcntes.
3219 968 3310 1023 Sic
3367 985 3425 1024 se
3484 973 3731 1028 levantes

2148 1052 2300 1105 omni
2330 1065 2499 1106 onere
2528 1052 2873 1119 divitiarum,
2905 1057 3053 1108 leves
3087 1066 3140 1111 et
3163 1060 3402 1126 expediti
3431 1064 3732 1131 pergebant

2149 1139 2216 1193 ad
2256 1157 2414 1196 veras
2450 1143 2709 1207 divitias,
2749 1160 2871 1213 qua:
2933 1156 3193 1200 emuntur
3242 1164 3331 1210 eo,
3390 1151 3535 1217 quod
3590 1153 3730 1207 nihil

2149 1233 2498 1301 possideatur
2559 1236 2628 1288 ab
2681 1236 2751 1291 iis
2793 1236 2887 1305 qui
2922 1241 3244 1293 thesaurum
3277 1241 3365 1309 pie
3394 1244 3728 1299 recondunt.

2149 1325 2356 1379 Civitas
2382 1335 2590 1389 autem,
2638 1329 2692 1382 in
2767 1345 2872 1397 qua
2910 1332 3292 1397 versabantur.
3356 1335 3731 1403 appellabatur

2148 1414 2406 1484 Tagaste,
2438 1418 2492 1471 in
2518 1435 2632 1488 qua
2663 1429 2780 1474 erat
2810 1437 3034 1476 sacrum
3065 1424 3355 1492 templum,
3380 1435 3433 1479 et
3466 1429 3729 1487 sacerdos

2148 1506 2366 1562 dicendi
2412 1512 2648 1578 peritus,
2703 1522 2758 1566 et
2822 1515 2913 1583 qui
2968 1516 3219 1568 oratione
3254 1518 3457 1573 multos
3513 1530 3731 1588 poterat

2147 1596 2409 1655 inducere
2455 1603 2521 1655 ad
2559 1604 2813 1669 salutem,
2865 1608 3087 1661 nomine
3138 1606 3368 1676 Alypius
3415 1628 3585 1667 :cum
3614 1630 3729 1684 quo

2146 1705 2455 1762 versantes,
2486 1714 2642 1753 sacra
2695 1701 3108 1759 meditabantur
3140 1707 3385 1776 eloquia.
3429 1706 3724 1777 Templum

2146 1803 2298 1853 vero,
2336 1792 2388 1842 in
2429 1806 2539 1859 quo
2593 1793 2785 1861 agebat
2824 1796 3076 1867 Alypius,
3133 1800 3429 1854 admodum
3470 1800 3728 1855 munifice

2146 1890 2202 1936 et
2251 1883 2432 1937 aureis
2466 1888 2830 1952 ornamentis,
2860 1900 2913 1944 et
2947 1891 3151 1947 lucidis
3186 1896 3421 1963 gemmis
3453 1903 3509 1947 et
3548 1894 3727 1964 pluri-

2148 1972 2256 2026 mis
2279 1982 2550 2028 oruarunt
2578 1992 2840 2045 agrorum
2872 1983 3259 2048 proventibus.
3288 1984 3370 2036 Ab
3393 1984 3475 2038 eis
3506 1999 3729 2054 quoque

2145 2074 2274 2119 sunt
2326 2065 2591 2121 aedificata
2638 2068 2750 2123 duo
2805 2073 3170 2136 monasteria,
3211 2089 3332 2140 qua
3359 2076 3496 2128 satis
3556 2076 3729 2131 habe-

2144 2153 2279 2208 bant
2312 2172 2476 2226 opum
2513 2168 2568 2213 et
2610 2173 3001 2229 proventuum.
3034 2163 3284 2230 Quorum
3336 2165 3567 2221 alterum
3600 2168 3727 2237 qui-

2144 2247 2268 2303 dem
2308 2248 2547 2303 habebat
2575 2251 2805 2306 chorum
2835 2254 3106 2318 virorum,
3141 2272 3370 2311 numero
3400 2261 3678 2325 octoginta
3705 2276 3723 2316 :

2143 2338 2380 2390 alterum
2408 2346 2590 2393 autem
2618 2340 2853 2396 habebat
2877 2342 3122 2413 virgines
3152 2360 3277 2415 quae
3307 2357 3465 2402 erant
3492 2364 3726 2405 numero

2144 2438 2360 2484 centnrr
2393 2436 2448 2485 et
2481 2431 2732 2498 triginta.

2212 2518 2379 2576 XVII.
2412 2524 2549 2577 Cum
2589 2526 2706 2578 haec
2749 2525 2984 2594 pulchre
3015 2525 3095 2582 sic
3129 2527 3508 2597 disposuisset
3556 2530 3726 2587 Mela-

2142 2627 2235 2678 na,
2267 2629 2464 2669 rursus
2500 2616 2754 2669 meminit
2801 2616 3152 2671 abstinentiae
3183 2634 3196 2671 :
3232 2628 3288 2673 et
3339 2630 3455 2676 toto
3500 2623 3723 2690 quidem

2141 2706 2231 2761 die
2270 2724 2539 2775 generosa
2586 2710 2785 2763 mulier
2817 2712 3170 2778 permanebat
3202 2713 3415 2781 jejuna.
3454 2714 3582 2769 Sole
3626 2730 3726 2769 au-

2141 2810 2247 2854 tem
2293 2800 2407 2870 jam
2447 2800 2737 2855 occidente
2762 2838 2777 2865 ,
2822 2815 3015 2868 parum
3047 2801 3155 2854 cibi
3190 2803 3461 2869 sumebat,
3491 2806 3722 2876 eiusque

2140 2892 2311 2958 duri;
2369 2876 2773 2961 nonnunquam
2829 2907 2960 2946 vero
3008 2893 3225 2948 modico
3273 2895 3379 2949 olei
3430 2897 3721 2951 eondiebat

2138 2984 2456 3040 ObSOIIiUlll.
2503 2982 2645 3038 Vino
2680 2993 2859 3038 autem
2911 2999 3022 3038 non
3057 2985 3312 3039 utebatur
3341 2990 3587 3050 omnino,
3620 2992 3717 3047 ted

2140 3068 2419 3148 accipiens
2460 3094 2529 3132 ex
2595 3078 2755 3131 melle
2798 3078 3109 3133 confeCtatn
3171 3080 3498 3148 potionem,
3549 3097 3716 3150 quam

2137 3173 2313 3226 solent
2344 3171 2623 3242 appellare
2658 3171 2967 3233 conditum,
2996 3171 3078 3225 sic
3111 3172 3327 3226 levabat
3357 3172 3528 3229 sitim.
3556 3172 3724 3229 Tem-

2135 3282 2237 3335 pus
2275 3280 2432 3328 vero,
2462 3263 2610 3333 quod
2650 3264 2838 3318 multis
2890 3280 3037 3334 smpe
3083 3265 3334 3321 obtendit
3383 3275 3436 3320 et
3474 3269 3718 3324 retardat

2134 3359 2419 3424 impetum,
2465 3356 2512 3410 ei
2558 3357 2708 3409 illum
2765 3355 3035 3410 reddebat
3090 3357 3386 3411 acriorem.
3416 3357 3483 3412 Et
3536 3361 3717 3429 primo

2131 3452 2353 3521 quidem
2420 3451 2666 3504 secundo
2734 3464 2945 3518 1uoque
3005 3448 3094 3503 die
3167 3450 3351 3503 cibum
3411 3453 3713 3521 sumebat,

2129 3542 2331 3597 deinde
2385 3552 2565 3594 autem
2623 3540 2784 3594 tertio
2824 3554 3046 3609 quoque
3086 3540 3195 3604 die,
3233 3540 3436 3595 deinde
3480 3547 3717 3610 septimo

2130 3648 2375 3703 quoque,
2432 3632 2570 3685 adeo
2626 3639 2681 3684 nt
2714 3632 2883 3685 setnel
2915 3640 3126 3686 tantum
3159 3632 3214 3686 in
3245 3632 3553 3688 bebomada
3588 3635 3714 3689 cibo

2130 3738 2465 3789 vesceretur,
2496 3740 2671 3793 eoque
2707 3725 2979 3793 castigato
3032 3733 3087 3779 et
3144 3733 3470 3794 temperato.
3518 3738 3571 3782 et
3616 3729 3712 3797 qui

2127 3821 2264 3874 nihil
2306 3818 2533 3874 omnino
2578 3817 2807 3869 haberet
2837 3832 2903 3870 ex
2961 3816 3050 3879 iis,
3080 3835 3204 3888 qua:
3246 3827 3480 3887 possunt
3513 3820 3711 3875 aflerre

2127 3913 2486 3980 voluptatem.
2551 3907 2717 3963 Panis
2778 3910 2925 3962 enim
2978 3909 3175 3975 durus,
3209 3910 3406 3965 breves
3457 3915 3708 3981 quaedam

2127 4014 2289 4061 erant
2348 4003 2468 4071 ejus
2524 4018 2727 4056 mensae
2783 4001 3016 4066 deliciae,
3074 4002 3213 4056 adeo
3277 4012 3439 4057 utea
3492 4004 3711 4072 jejunio

2125 4096 2261 4152 nihil
2302 4103 2451 4149 esset
2482 4095 2666 4148 minus
2703 4093 3007 4147 laboriosa.
3039 4091 3329 4148 Scribebat
3374 4103 3556 4148 autem
3608 4112 3706 4165 ge-

2127 4201 2328 4243 nerosa
2370 4186 2465 4239 illa
2520 4184 2728 4238 femina
2782 4183 2922 4238 adeo
2970 4183 3227 4238 celeriter
3277 4193 3334 4240 et
3390 4186 3618 4254 pulchre
3650 4194 3708 4242 et

2124 4281 2263 4336 citra
2298 4291 2571 4340 errorem,
2601 4283 2658 4328 ut
2709 4273 2914 4328 nullam
2981 4290 3220 4344 unquam
3269 4276 3427 4328 daret
3466 4277 3706 4346 prehen-

2123 4369 2284 4426 dendi
2317 4382 2509 4423 ansam
2547 4366 2617 4419 iis
2646 4365 2741 4434 qui
2792 4373 2921 4419 sunt
2980 4364 3150 4435 hujus
3204 4366 3282 4419 rei
3331 4367 3517 4435 periti.
3552 4368 3616 4422 Et
3647 4370 3707 4424 in

2125 4460 2416 4518 scribendo
2449 4457 2669 4527 quidem
2711 4457 3007 4510 maximam
3068 4456 3178 4511 diei
3234 4467 3443 4525 partem
3496 4474 3705 4515 consu-

443 4531 668 4601 μνήμην
705 4532 785 4602 τῷ
813 4532 897 4586 νοῒ
922 4534 1306 4603 παρεδίδοσαν.
1335 4539 1444 4591 Καὶ
1469 4539 1677 4594 τούτων
1698 4543 1753 4595 δὲ
1786 4543 1885 4617 ἦδη
1917 4563 2018 4599 κα·-

2135 4554 2327 4609 mebat.
2367 4550 2596 4605 Defessa
2636 4565 2769 4605 vero
2808 4565 2995 4614 manu,
3031 4550 3177 4603 oculi
3206 4549 3429 4619 quidem
3464 4551 3702 4620 plurima

442 4623 656 4691 μόντων
680 4626 792 4687 τοῖς
816 4625 955 4694 πρὸς
984 4626 1255 4695 ὠφέλειαν
1290 4630 1600 4701 ὑπούργουν
1621 4636 1677 4688 αῖ
1698 4632 1885 4701 ἀκοαὶ,
1920 4637 2018 4691 καὶ

438 4714 686 4784 ὁμιλίαις
718 4715 930 4787 ἀνδρῶν
971 4718 1145 4786 ἁγίων
1202 4724 1554 4796 προσέχουσα
1606 4722 1695 4797 ἦν.
1732 4730 1877 4800 Πρὸς
1920 4729 2017 4784 ἐπὶ

437 4803 652 4891 τούτοις
679 4809 775 4859 καὶ
808 4810 873 4879 τῇ
909 4810 1041 4880 εὐχῇ
1079 4810 1243 4880 μέρος
1272 4815 1372 4866 οὐκ
1426 4816 1608 4886 ὀλίγον
1639 4820 1814 4873 ἐδίδου
1839 4836 1857 4852 ·
1885 4821 1920 4892 ἤ
1951 4838 2013 4875 τε

436 4897 547 4969 γὰρ
571 4888 671 4962 νύξ
691 4901 878 4969 σχεδὸν
909 4901 1007 4972 ὃλη
1041 4905 1178 4971 πρὸς
1214 4905 1389 4976 αὐτὴν
1425 4909 1756 4979 ἀνηλίσκετο
1788 4911 1883 4966 δύο
1907 4888 2017 4983 *μό-

437 5006 545 5043 νων
564 4991 734 5061 αὐτῆς
761 4991 925 5062 ὡρῶν
953 4993 1033 5064 τῷ
1066 4995 1223 5068 ὕπνῳ
1270 5002 1675 5072 νενεμημένων.
1724 5004 1789 5058 Ἦ
1817 5006 1874 5059 δὲ
1917 5023 2017 5061 κα-

434 5082 685 5147 τάκλισις
734 5084 941 5150 σάκκος
981 5082 1050 5157 ἦν
1105 5090 1198 5142 ἐπὶ
1254 5090 1394 5160 ψιλῷ
1445 5094 1526 5164 τῷ
1586 5097 1770 5165 ὲδάςρει
1820 5099 2015 5170 κείμε-

434 5190 523 5239 νος
544 5189 562 5205 '
594 5175 750 5245 ἔλεγε
776 5177 888 5249 γὰρ
914 5179 1028 5232 δεῖν
1059 5180 1427 5253 ἐγρηγορέναι
1453 5187 1541 5241 ἀεὶ
1568 5187 1643 5258 μὴ
1669 5191 1901 5257 εἰδότας,
1936 5192 2012 5258 ὥς

434 5283 602 5338 φησιν
628 5270 661 5336 ἡ
682 5270 993 5343 Δεσποτικὴ
1017 5274 1198 5344 φωνὴ,
1223 5277 1354 5349 ποίᾳ
1377 5277 1499 5352 ὥρᾳ
1530 5282 1558 5334 ὁ
1581 5282 1823 5356 κλέπτης
1851 5284 2011 5356 ἔρχει-
2072 5358 2075 5359 ν

432 5373 546 5414 ται.
575 5360 677 5415 Διὰ
702 5361 880 5417 ταῦτα
915 5367 1012 5418 καὶ
1049 5366 1250 5437 ἑαυτὴν
1283 5371 1379 5424 καὶ
1412 5372 1510 5435 τὰς
1551 5375 1649 5428 σὺν
1690 5376 1829 5446 αὐτῇ
1869 5394 2011 5448 παρ-

434 5448 627 5517 θένους
683 5454 830 5508 οὕτω
882 5458 1299 5529 παρεσκεύαζεν
1342 5463 1732 5537 ἀπομάχεσθαι
1761 5471 1857 5524 καὶ
1898 5470 2007 5523 tia:-

435 5540 580 5614 ἔχειν
626 5540 862 5612 εὐθύνας
892 5549 1054 5620 αὐτῇ.
1096 5552 1209 5605 Καὶ
1251 5554 1407 5620 λόγος
1442 5558 1612 5629 ἀργὸς
1661 5562 1755 5616 καὶ
1779 5557 1913 5635 ἦθος
1942 5563 2004 5617 οὐ

433 5634 670 5706 βεϐηκὸς
723 5640 817 5693 καὶ
867 5638 1044 5709 γέλως
1095 5643 1345 5715 ἀκρατὴς
1400 5649 1500 5704 καὶ
1552 5634 1814 5723 λογισμὸς
1863 5655 2003 5721 ὅλως

505 5814 691 5911 fimo.
721 5833 819 5891 xu,
847 5820 1053 5890 ειμι).

2129 4647 2333 4715 scripta
2357 4643 2776 4713 percurrebant,
2828 4641 3063 4712 plurima
3096 4651 3280 4696 autem
3319 4645 3484 4698 menti
3524 4646 3706 4700 trade-

2125 4737 2280 4802 bant,
2322 4744 2384 4790 ut
2414 4734 2700 4789 mandaret
2747 4734 3065 4788 memorum.
3097 4734 3267 4789 Porro
3301 4750 3433 4790 vero
3482 4735 3549 4790 iis
3586 4735 3704 4803 jam

2126 4829 2386 4892 defessis,
2432 4842 2595 4882 aures
2653 4826 2721 4880 iis
2761 4826 3094 4890 serviebant,
3144 4838 3269 4893 qua:
3320 4826 3595 4893 pertinent
3625 4825 3701 4880 ad

2125 4922 2450 4983 utilitatem,
2485 4928 2541 4973 et
2587 4921 2833 4972 animum
2876 4926 3200 4972 sanctorum
3256 4916 3499 4969 virorum
3532 4915 3702 4969 adbi-

2121 5014 2289 5071 bebat
2319 5011 2692 5067 sermonibus.
2727 5009 3066 5065 Praeterltaac
3092 5015 3277 5062 autem
3317 5021 3425 5060 non
3463 5020 3690 5073 parum

2119 5118 2340 5175 quoque
2378 5110 2591 5173 partem
2624 5101 2906 5156 tribuebat
2945 5098 3206 5153 orationi.
3254 5095 3389 5148 Nam
3427 5103 3540 5150 tota
3573 5096 3698 5165 qui-

2117 5200 2242 5254 dem
2271 5212 2379 5253 no:
2416 5195 2531 5251 fere
2568 5196 2624 5249 in
2659 5209 2723 5248 ea
2763 5194 3216 5255 consumebatur,
3250 5189 3470 5243 duabus
3509 5190 3693 5243 solum

2118 5288 2272 5346 horis
2335 5302 2529 5344 somno
2566 5284 2636 5340 ab
2682 5298 2747 5339 ea
2791 5281 3095 5335 attributis.
3150 5278 3452 5334 Aecubitus
3508 5286 3692 5332 autem

2118 5394 2260 5449 erat,
2290 5395 2488 5438 saccus
2516 5393 2682 5448 super
2711 5376 2923 5432 nudum
2968 5374 3145 5430 solum
3192 5372 3429 5444 positus.
3466 5370 3693 5425 Dicebat

2120 5475 2312 5529 enim:
2352 5473 2579 5540 Oportet
2629 5481 2845 5536 semper
2893 5465 3142 5535 vigilare,
3189 5480 3316 5518 cum
3354 5463 3692 5531 nesciamus,

2118 5579 2181 5621 ut
2211 5581 2313 5620 vox
2344 5573 2429 5619 est
2463 5562 2740 5618 Dominica
2763 5560 2807 5625 ⁸,
2832 5572 2941 5629 qua
2980 5558 3114 5613 hora
3166 5557 3255 5611 fur
3310 5557 3518 5610 veniat.
3555 5554 3689 5610 Pro-

2118 5665 2306 5728 pterea
2359 5664 2413 5709 et
2470 5668 2551 5718 se,
2585 5657 2639 5707 et
2673 5664 2796 5721 qua
2830 5662 3021 5705 secum
3052 5654 3211 5703 erant
3267 5646 3554 5729 virgines.
3603 5644 3701 5726 sic.
