4128 6384
450 295 577 363 771

1678 282 1963 345 MENSIS
2009 282 2443 345 DECEMBER.

3625 270 3730 342 ιιι

456 409 697 465 faciebat
728 404 988 460 adversus
1020 411 1275 455 somnum
1311 393 1664 451 contendere.
1697 393 1813 449 Sibi
1845 400 2026 448 autem

2148 393 2324 456 ςκαιδς
2363 390 2684 459 ἐκολάζετο,
2727 389 2823 445 καὶ
2874 390 2938 443 τδ
2984 390 3258 462 παράπαν
3288 389 3390 444 οὐκ
3447 389 3536 444 εία
3566 388 3733 459 νέφες

456 498 612 567 leges
668 492 1000 563 imponebat,
1048 497 1104 543 et
1158 503 1187 540 a
1229 502 1289 543 se
1322 484 1594 541 rationem
1630 484 1888 555 exigebat
1930 491 2028 538 :et

2137 501 2193 536 τι
2223 484 2465 556 πονηρὸν
2502 482 2596 538 τὸν
2628 487 2730 554 τῆς
2763 483 2949 554 ψυχῆς
2973 482 3315 553 ὑποδραμεῖν
3347 482 3572 551 αἰθέρα.

459 587 640 640 otiosa
673 582 867 643 oratio,
901 591 955 633 et
989 592 1173 631 mores
1206 592 1314 630 non
1362 575 1498 629 satis
1542 589 1760 641 graves,
1793 580 1848 628 et
1875 572 2020 627 risus
2059 573 2231 629 nimis
2265 577 2549 643 profusus,
2588 586 2643 631 et
2691 576 2921 632 sinistra
3013 575 3279 646 cogitatio
3355 576 3588 631 omnino
3645 585 3738 628 ca-

462 677 763 744 stigabatur
794 691 808 726 :
846 682 901 725 et
969 686 1076 725 non
1133 669 1349 723 sinebat
1381 667 1609 722 omnino
1663 667 1863 719 malam
1923 665 2161 732 aliquam
2196 671 2398 723 nubem
2436 671 2702 725 a‘therem
2755 670 2955 723 anima:
2985 670 3436 726 subtercurrere.

534 766 722 822 XVIII.
763 765 942 834 Atque
983 763 1075 816 illa
1107 762 1326 832 quidem
1356 768 1467 814 tam
1503 768 1665 814 caute
1696 768 1751 813 et
1778 768 1887 812 tam
1926 757 2029 812 du-

465 858 604 913 riter
648 859 818 911 vitam
873 857 1089 926 agebat,
1128 864 1183 908 et
1224 853 1346 907 aliis
1384 862 1505 908 erat
1555 852 1766 922 regula,
1818 861 1878 905 ut
1908 866 2031 905 eam

2208 762 2325 818 IH'.
2369 764 2515 816 Ἀλλ’
2536 767 2571 834 ἡ
2601 766 2701 834 μὲν
2720 762 2865 816 οὕτω
2891 762 3337 831 πεφυλαγμένως
3362 779 3420 815 τε
3451 761 3549 817 καὶ
3572 763 3742 836 σκλη-

2137 862 2247 926 ρῶς
2278 856 2417 923 αὐτή
2455 873 2514 908 τε
2557 856 2706 908 ἐϐίου
2736 855 2835 908 καὶ
2865 857 2986 918 ταῖς
3018 855 3212 916 ἄλλαις
3246 855 3345 924 τὴν
3376 855 3502 923 ίσην
3525 855 3737 910 ὁδεύειν

464 950 633 1000 vitam
664 946 1102 1015 ingrederentur.
1137 944 1369 998 Perinde
1419 951 1625 1005 autem,
1675 957 1739 994 ae
1771 942 1818 995 si
1869 940 1919 995 ei
1967 941 2032 993 ad

2148 947 2318 1002 ιιανὼν
2374 940 2475 1018 ἦν’
2513 947 2710 1016 ὥσπερ
2763 947 2821 999 δὲ
2877 948 2954 1015 μὴ
3011 946 3367 1016 ἀποχρῶντος
3419 947 3562 1018 αὐτῇ
3598 949 3737 1018 πρὸς

462 1035 732 1104 jejunium
787 1051 896 1088 non
950 1033 1224 1088 suﬂiceret
1256 1034 1499 1102 spatium
1540 1041 1750 1101 septem
1792 1032 2032 1094 dierum,

471 1128 767 1196 adjiciebat
823 1130 988 1180 etiam
1044 1124 1425 1189 Dominicum,
1476 1134 1536 1178 ut
1578 1125 1858 1193 jejunaret
1909 1133 2037 1179 octo

466 1220 586 1274 dies
633 1222 737 1273 sibi
772 1220 882 1273 vim
936 1217 1192 1281 aﬂ'erens,
1229 1217 1445 1271 etiamsi
1491 1232 1521 1271 a
1567 1216 1824 1286 prmfecta
1868 1217 2034 1271 vetita

468 1312 541 1365 sit
571 1311 675 1364 hoc
724 1310 904 1365 facere
936 1328 949 1365 :
982 1327 1105 1380 quae
1136 1310 1352 1363 dicebat
1380 1324 1501 1363 esse
1534 1309 1861 1373 absurdum,
1888 1308 2032 1363 diem

466 1399 909 1458 Resurrectionis
964 1404 1218 1456 similiter
1274 1411 1434 1469 atque
1488 1402 1625 1455 alios
1658 1402 1884 1456 attribui
1946 1401 2027 1455 af-

471 1492 724 1547 flictioni.
770 1493 926 1548 Unde
961 1494 1130 1546 etiam
1187 1494 1374 1547 dicens
1426 1495 1703 1562 persuasit
1736 1502 1789 1547 et
1831 1493 2030 1557 effecit,

470 1593 529 1639 ut
557 1593 709 1638 esset
753 1585 861 1638 cibi
901 1585 1178 1653 particeps
1207 1595 1261 1636 et
1291 1584 1491 1636 modici
1514 1585 1647 1650 olei,
1675 1584 1883 1638 docens
1911 1599 2034 1639 esse

466 1686 805 1744 praeceptum
837 1676 1271 1743 apostolicum",
1304 1674 1577 1741 praefectis
1609 1676 1834 1729 obedire
1860 1684 1918 1730 et
1951 1677 2033 1730 eis

2140 1041 2401 1111 νηστείαν
2448 1039 2544 1091 τοῦ
2597 1038 2708 1090 τῶν
2762 1039 2905 1091 ἐπτὰ
2944 1040 3177 1110 ἡμερῶν
3228 1038 3604 1107 διαστήματος
3640 1040 3736 1091 καὶ

2139 1133 2239 1203 τὴν
2274 1132 2564 1202 Κυριακὴν
2600 1130 2947 1201 προσετίθει,
2980 1129 3126 1184 ὀκτὼ
3163 1131 3264 1194 τὰς
3314 1131 3497 1193 πάσας
3549 1131 3735 1185 ἕλκειν

2141 1223 2358 1292 ἡμέρας
2414 1218 2738 1292 βιαζομένη,
2792 1223 2842 1274 εἰ
2874 1222 2971 1273 καὶ
2998 1220 3105 1274 ὑπὸ
3151 1222 3253 1291 τῆς
3307 1220 3736 1291 καθηγουμὲνης

2140 1314 2299 1366 τοῦτο
2333 1314 2598 1382 πράττειν
2640 1311 2976 1373 κεκώλυται,
3011 1312 3213 1365 ἄτοπον
3260 1307 3404 1365 εἶναι
3435 1313 3531 1364 καὶ
3561 1312 3737 1381 αὐτὴν

2138 1405 2239 1473 τὴν
2268 1404 2649 1472 άναστάσιμον
2681 1404 2953 1472 λεγούσης
2994 1405 3213 1474 ἡμέραν
3242 1404 3449 1472 ὁμοίως
3479 1407 3601 1466 ταῖς
3636 1403 3737 1457 ἄλ·

2140 1496 2263 1559 λαις
2314 1496 2766 1567 ἁποκληροῦσθαι
2798 1496 2942 1567 πρὸς
2989 1497 3394 1551 κακοπάθειαν.
3428 1497 3595 1550 Ὅθεν
3638 1497 3737 1551 καὶ

2141 1588 2381 1655 λέγουσα
2412 1588 2622 1652 ἔπειθε,
2674 1589 2770 1643 καὶ
2816 1589 3028 1659 τροφῆς
3075 1588 3521 1659 μεταλαμϐάνειν
3558 1592 3737 1645 ἐποίει

2143 1683 2237 1733 καὶ
2262 1680 2606 1751 βραχυτάτου
2629 1682 2838 1743 ἐλαίου,
2867 1681 3233 1736 ἀποστολικδν
3250 1674 3390 1735 εἶναι
3407 1678 3737 1736 διδάσκουσα

464 1766 685 1821 cedere.
720 1766 852 1836 Ejus
898 1776 1081 1821 autem
1106 1768 1161 1821 in
1210 1767 1490 1822 laboribus
1531 1768 1891 1836 diligentiam,
1920 1779 1972 1822 et
2009 1783 2039 1822 a

2148 1772 2202 1824 τὸ
2254 1772 2631 1840 παράγγελμα
2660 1773 2721 1825 τὸ
2774 1771 3066 1824 πείθεσθαι
3105 1773 3217 1835 τοῖς
3266 1775 3600 1841 ἡγουμένοις
3636 1774 3737 1828 καὶ

465 1857 583 1914 suis
616 1857 899 1915 laboribus
927 1859 1175 1915 lectionis
1205 1859 1579 1913 vehementem
1608 1860 2038 1925 contentionem,

465 1957 523 2005 et
555 1964 745 2004 eorum
797 1966 914 2020 quae
953 1950 1091 2003 lecta
1128 1946 1366 2014 fuerant,
1410 1964 1590 2003 acrem
1645 1951 2041 2017 perscrutatio-

463 2057 618 2106 nem,
657 2052 711 2095 et
747 2043 914 2096 multa
947 2041 1053 2096 alia
1082 2041 1334 2110 quisnam
1381 2044 1520 2096 satis
1567 2040 1752 2095 verbis
1797 2039 2043 2110 potuerit

465 2133 820 2201 exprimere?
845 2129 983 2185 Nam
1016 2131 1271 2184 manibus
1301 2131 1546 2199 quidem,
1586 2140 1645 2184 ut
1693 2129 1903 2182 dictum
1934 2136 2040 2193 est,

465 2226 539 2282 ad
592 2224 946 2279 scribendum
983 2265 998 2289 ,
1043 2220 1190 2292 quod
1235 2237 1300 2276 ex
1332 2225 1603 2292 scriptura
1636 2230 1817 2275 autem
1869 2221 2041 2275 lucri-

466 2316 748 2379 faciebat,
797 2332 862 2370 eo
890 2315 1150 2368 utebatur
1199 2312 1268 2366 ad
1305 2314 1531 2367 alendos
1566 2327 1862 2382 pauperes.
1895 2311 2041 2377 Quin

452 2411 633 2487 etiam
675 2422 819 2476 stepe
873 2420 1092 2475 quoque
1149 2405 1550 2471 indumentum,
1611 2404 1729 2458 suis
1787 2405 2041 2460 manibus

460 2500 805 2566 confectura,
862 2500 1103 2571 ponebat
1145 2498 1201 2551 in
1260 2499 1513 2554 manibus
1572 2512 1917 2567 pauperum,
1975 2513 2040 2553 ex

462 2609 651 2660 sacro,
682 2605 739 2648 ut
769 2594 943 2657 aiunt,
973 2591 1381 2662 quodammodo
1422 2592 1479 2646 in
1526 2604 1709 2645 sacro.
1745 2589 2043 2645 Sacrorum

461 2697 645 2745 autem
691 2687 1031 2757 eloquiorum
1078 2692 1195 2739 erat
1249 2683 1384 2740 adeo
1437 2683 1715 2747 studiosa,
1760 2692 1820 2738 ut
1876 2692 2039 2737 totam

461 2778 686 2851 quidem
720 2778 961 2832 divinam
1001 2775 1368 2843 Scripturam,
1404 2777 1658 2832 Veterem
1716 2784 1771 2829 et
1808 2773 2040 2840 Novam,

463 2883 552 2928 ter
610 2871 840 2940 singulis
893 2869 1059 2923 annis
1094 2869 1417 2938 perlegeret,
1471 2866 1591 2938 ejus
1619 2883 1745 2922 vero
1797 2883 1860 2922 ea
1920 2881 2043 2937 qua:

463 2970 595 3022 sunt
649 2963 1042 3033 pulcherrima,
1099 2977 1316 3027 semper
1374 2963 1603 3017 haberet
1634 2962 1690 3015 in
1732 2961 1943 3030 lingua.
1982 2960 2039 3015 In

462 3058 724 3115 omnibus
766 3066 950 3111 autem
1005 3054 1362 3125 exquirendis
1392 3066 1449 3110 et
1500 3054 2041 3125 examinandiserat

2145 1865 2393 1916 ὑπείκειν
2427 1863 2629 1926 αὐτοῖς.
2667 1864 2742 1917 Τὸ
2772 1864 2826 1916 δέ
2866 1863 3129 1932 φιλεργὸν
3168 1865 3226 1916 ἐν
3264 1866 3471 1932 πόνοις,
3506 1865 3649 1927 τὸ,δέ
3675 1866 3735 1933 ἐξ

2144 1956 2364 2009 οίκείων
2418 1955 2601 2010 πόνων
2655 1954 2976 2026 φιλόδωρον,
3010 1956 3070 2009 τὸ
3112 1957 3169 2010 δέ
3219 1959 3319 2027 τῆς
3365 1959 3738 2026 ἀναγνώσεως

2147 2046 2421 2116 σύντονον,
2450 2049 2549 2120 τὴν
2578 2049 2636 2102 δέ
2662 2048 2777 2102 τῶν
2811 2049 3256 2120 ἀνεγνωσμένων
3287 2050 3540 2119 ἔρευναν,
3574 2051 3645 2104 τὰ
3676 2050 3739 2104 δέ

2143 2136 2305 2201 ἄλλα,
2332 2140 2419 2201 τίς
2446 2140 2514 2193 ἂν
2543 2140 2636 2192 καὶ
2667 2134 2853 2206 λέγειν
2879 2137 3066 2202 ίκανδς
3098 2141 3244 2209 ἄρας
3282 2138 3416 2203 Ταῖς
3446 2141 3548 2210 μὲν
3578 2142 3738 2213 χερσὶ

2147 2227 2289 2297 πρὸς
2314 2229 2414 2298 τὴν
2440 2228 2689 2298 γραφὴν,
2717 2226 2908 2297 ὥσπερ
2938 2227 3181 2298 εἴρηται,
3204 2228 3283 2299 τῷ
3310 2228 3354 2281 δ’
3387 2230 3452 2282 ἐκ
3479 2229 3579 2297 τῆς
3606 2245 3740 2298 γρα-

2146 2321 2251 2390 φῆς
2279 2320 2465 2389 κέρδει
2494 2320 2634 2389 πρὸς
2680 2319 2890 2388 τροφὴν
2923 2318 3035 2373 τῶν
3064 2319 3338 2389 δεομένων
3369 2321 3595 2390 ἐχρῆτο.
3626 2317 3735 2373 Καί

2145 2410 2249 2463 πού
2278 2428 2333 2465 τι
2383 2413 2479 2464 καὶ
2515 2411 2776 2474 πολλάκις
2808 2410 3050 2480 ἐνδυσμα
3101 2414 3225 2474 ταῖς
3272 2411 3494 2483 ἐκείνης
3541 2412 3736 2482 χερσὶν

2144 2501 2412 2573 ἐργασθέν
2444 2499 2525 2565 είς
2559 2502 2730 2570 ἁγίων
2762 2500 2972 2571 ἐτίθετο
3013 2499 3225 2570 χεῖρας,
3261 2498 3320 2566 ἐξ
3357 2500 3511 2570 {apo-3
3566 2516 3734 2569 φασιν

2145 2593 2337 2665 ὥσπερ
2359 2594 2439 2657 είς
2467 2592 2634 2663 ἱερὸν.
2659 2590 2954 2655 Φιλόπονος
2978 2591 3035 2644 δὲ
3058 2591 3195 2659 πρὸς
3214 2593 3281 2645 τὰ
3308 2593 3429 2663 ἱερὰ
3454 2593 3732 2647 ἐδείκνυτο

2143 2685 2322 2755 λόγια,
2356 2686 2429 2749 ὡς
2465 2686 2647 2739 πᾶσαν
2679 2686 2779 2756 μὲν
2815 2686 2914 2754 τὴν
2945 2686 3099 2743 θείαν
3129 2681 3359 2756 Γραφὴν
3399 2689 3501 2757 τήν
3538 2705 3597 2739 τε
3624 2688 3736 2740 Παε-

2144 2778 2303 2833 λαιὰν
2340 2780 2433 2833 καὶ
2463 2779 2672 2847 Καινὴν
2700 2779 2821 2849 τρὶς
2846 2778 2967 2831 καθ’
2994 2780 3228 2832 ἕκαστον
3259 2781 3469 2833 ἐπιέναι
3499 2776 3561 2832 τὸ
3588 2780 3735 2845 ἔτος,

2142 2870 2350 2941 ταύτης
2372 2870 2428 2923 δέ
2459 2871 2530 2923 τὰ
2563 2871 2832 2924 κάλλιστα
2874 2870 2970 2923 καὶ
2996 2870 3083 2922 διὰ
3117 2871 3366 2941 γλώττης
3400 2872 3488 2925 ἀεὶ
3521 2873 3733 2942 φέρειν.

2144 2962 2217 3016 Τὸ
2245 2962 2301 3015 δὲ
2327 2961 2415 3016 διὰ
2458 2963 2679 3016 πάντων
2732 2960 3083 3026 ἐξεταστικὸν
3117 2965 3427 3034 Θαυμάσιον
3460 2956 3575 3017 οἷον
3599 2980 3614 2995 ⁸
3646 2962 3737 3017 οὖα

2147 3071 2279 3106 ποτε
2306 3054 2416 3124 γάρ
2465 3053 2638 3122 αὐτὴν
2665 3051 2848 3123 νόημα
2895 3050 2929 3121 ἣ
2987 3054 3137 3124 ῥῆμα
3185 3054 3567 3124 παρέδραμεν,
3599 3053 3736 3108 ἀλλὰ

465 3152 629 3225 plane
661 3147 1024 3205 admirabilis.
1050 3148 1342 3216 Nunquam
1371 3149 1517 3201 enim
1550 3162 1745 3202 sensus
1769 3154 1864 3199 aut
1911 3162 2033 3200 ver-

2148 3146 2242 3200 καὶ
2272 3146 2452 3199 πάντα
2483 3145 2578 3198 καὶ
2623 3143 2742 3196 λίαν
2774 3142 3054 3212 ἐπιμελῶς
3084 3145 3357 3214 ἁνίχνευε,
3390 3145 3573 3198 καὶτὸ
3605 3162 3739 3213 κρυ-

463 3245 596 3300 bum
636 3257 755 3297 eam
797 3242 1295 3312 pratercurrebat,
1356 3241 1452 3294 sed
1514 3239 1699 3292 omnia
1750 3227 2047 3308 diligenter

466 3334 947 3408 perscrutabatur,
980 3340 1033 3385 et
1067 3331 1216 3401 quod
1272 3331 1502 3391 latebat,
1529 3329 1780 3382 eruebat.
1822 3329 2046 3398 Insigne

466 3442 598 3481 vero
634 3426 756 3494 ejus
803 3422 1053 3477 discendi
1089 3422 1358 3484 studium,
1411 3435 1531 3475 eam
1586 3436 1803 3489 quoque
1854 3420 1920 3474 ad
1961 3435 2039 3475 re-

466 3517 795 3580 centiorum,
857 3514 1176 3581 bonorum,
1233 3515 1505 3580 inquam,
1563 3523 1615 3567 et
1670 3513 2043 3567 studiosorum

469 3608 676 3677 scripta
709 3606 1138 3668 transmittebat,
1175 3612 1229 3659 et
1272 3604 1408 3657 nihil
1442 3611 1562 3656 erat
1588 3603 1814 3659 omnino
1862 3618 1930 3657 ex
1977 3603 2046 3658 iis

468 3715 594 3771 qua:
618 3698 686 3753 ad
724 3699 1011 3752 utilitatem
1040 3699 1241 3765 scripta
1271 3695 1487 3749 fuerant
1520 3704 1614 3748 aut
1642 3693 2046 3759 scribebantur,

467 3792 615 3863 quod
672 3807 779 3846 non
829 3789 1137 3861 possideret
1178 3796 1226 3842 et
1281 3787 1405 3841 aliis
1434 3787 1892 3841 communicaret.
1927 3785 2044 3840 Jam

466 3898 600 3937 vero
631 3882 685 3936 in
725 3881 909 3951 lingua
956 3895 1177 3949 quoque
1214 3877 1403 3934 Graeca
1455 3879 1528 3931 ita
1564 3884 1685 3930 erat
1715 3877 2042 3942 exercitata,

467 3987 530 4032 ut
562 3975 782 4046 quando
824 3976 889 4028 ea
926 3973 1273 4042 loqueretur,
1304 3970 1488 4024 nullus
1524 3985 1586 4024 ex
1620 3969 1686 4022 iis
1722 3969 1815 4037 qui
1855 3968 2045 4023 audie-

465 4068 623 4131 bant,
661 4068 911 4122 crederet
949 4065 1203 4120 Italicam
1242 4064 1483 4130 linguam
1523 4063 1572 4115 ei
1619 4075 1743 4115 esse
1788 4060 2043 4129 patriam.

465 4158 604 4230 Ejus
654 4171 837 4214 autem
875 4158 1096 4229 vigebat
1147 4158 1198 4210 in
1233 4156 1491 4209 omnibus
1518 4155 1749 4207 honesta
1791 4152 2044 4221 quaedam

466 4261 521 4308 et
551 4263 706 4323 grata
733 4252 929 4306 lenitas
972 4260 1026 4303 et
1069 4246 1459 4311 mansuetudo,
1502 4247 1739 4299 maxime
1772 4261 1832 4299 ea
1867 4245 2048 4300 disse-

468 4352 625 4399 rente
654 4351 710 4396 et
744 4343 978 4394 habente
1014 4328 1327 4395 orationem
1358 4338 1423 4391 ad
1459 4353 1555 4392 eos
1590 4339 1680 4407 qui
1710 4338 2048 4392 exercebant

2149 3237 2420 3306 πτόμενον
2445 3237 2590 3307 ᾔρει.
2633 3234 2695 3290 'll
2723 3235 2779 3288 δὲ
2810 3235 3089 3305 ὑπερϐολὴ
3120 3237 3223 3305 τῆς
3251 3236 3613 3306 φιλομαθείας
3638 3236 3735 3290 καὶ

2150 3330 2244 3381 ἐπὶ
2279 3328 2341 3379 τὸ
2371 3328 2481 3380 τῶν
2528 3328 2667 3379 νέων
2694 3328 2863 3398 αὐτὴν
2896 3330 3209 3396 σύνταγμα,
3260 3329 3374 3381 τῶν
3420 3329 3735 3382 σπουδαίων

2150 3418 2316 3488 φημὶ,
2350 3418 2709 3486 παρέπεμπε,
2741 3420 2840 3471 καὶ
2867 3419 3021 3471 οὐδὲν
3060 3419 3199 3481 ὅλως
3238 3419 3347 3471 τῶν
3379 3420 3468 3471 ἐπ’
3493 3416 3737 3491 ὠφελείᾳ

2149 3509 2476 3581 γραφέντων
2509 3509 2541 3578 ἢ
2574 3510 2942 3580 γραφομένων
2972 3504 3039 3579 ἦν
3073 3509 3100 3562 ὃ
3134 3510 3209 3579 μὴ
3239 3511 3459 3573 ἐκτᾶτο,
3500 3512 3596 3564 καὶ
3620 3524 3737 3564 κοι-

2148 3604 2238 3656 νὸν
2270 3605 2380 3665 τοῖς
2411 3601 2591 3664 ἄλλοις
2638 3602 2832 3654 ἐποίει.
2870 3603 3121 3671 Ἤσκητο
3153 3603 3209 3654 δὲ
3235 3603 3330 3655 καὶ
3360 3603 3458 3671 τὴν
3508 3600 3734 3657 Ἐλλάδα

2150 3692 2400 3760 γλῶτταν
2445 3690 2588 3743 οὕτω
2618 3690 2803 3753 καλῶς
2834 3690 2931 3755 ὡς,
2973 3693 3139 3760 ἡνίκα
3176 3693 3239 3763 δὴ
3281 3694 3374 3745 καὶ
3406 3695 3530 3746 κατ’
3564 3692 3736 3764 αὐτὴν

2147 3783 2483 3850 διαλέγοιτο,
2520 3782 2725 3852 μηδένα
2754 3780 2863 3833 τῶν
2896 3783 3205 3839 ἀκουόντων
3234 3783 3513 3838 πιστεύειν
3546 3786 3736 3855 ὅτιπερ

2156 3874 2335 3945 Ἰταλὴ
2373 3875 2509 3943 αὐτῇ
2540 3874 2690 3943 φωνὴ
2717 3874 2968 3944 πάτριος.
3014 3876 3079 3929 'H
3100 3878 3154 3928 δέ
3184 3893 3246 3944 γε
3266 3877 3514 3947 πραότης
3547 3879 3734 3948 ἡρέμα

2149 3969 2244 4021 ἐπὶ
2276 3970 2440 4022 πᾶσιν
2466 3968 2618 4038 ἧνθει
2654 3966 2818 4018 καλὸν
2851 3968 3037 4030 καλὸν,
3088 3969 3333 4039 ἐπίχαρι.
3370 3971 3465 4022 καὶ
3497 3970 3734 4038 μάλιστα

2148 4060 2543 4130 διαλεγομένης
2574 4057 2767 4127 αὐτῆς,
2807 4061 2899 4111 καὶ
2936 4058 3097 4111 πλέον
3132 4059 3210 4113 ἔτι
3252 4060 3391 4129 πρὸς
3415 4061 3542 4122 τοὺς
3580 4060 3734 4128 φιλο-

2151 4151 2346 4219 σοφίαν
2395 4150 2704 4213 ἀσκοῦντας
2759 4149 3021 4218 κινούσης
3068 4150 3159 4203 τὸν
3212 4150 3391 4219 λόγον.
3428 4152 3533 4204 Τὸν
3580 4153 3639 4205 δέ
3669 4166 3735 4219 γε

2147 4243 2287 4313 πρὸς
2337 4243 2575 4309 Χριστὸν
2625 4241 2799 4309 αὐτῆς
2831 4240 2994 4310 ζῆλον
3033 4243 3274 4315 ἄρρητός
3316 4262 3399 4305 τις
3451 4245 3544 4297 καὶ
3592 4244 3735 4298 axe-

2150 4336 2339 4395 θεκτος
2370 4335 2602 4403 ἔτρεφεν
2635 4332 2796 4405 ἔρως.
2831 4332 3019 4386 Ταῦτά
3056 4352 3139 4387 τοι
3170 4331 3400 4387 καὶτῶν
3433 4335 3735 4405 μανιώδους

468 4433 893 4504 pbiIOSOphiam.
930 4430 1064 4496 Ejus
1118 4446 1251 4484 vero
1296 4430 1349 4483 in
1400 4429 1679 4485 Christum
1734 4431 1910 4483 zelum
1949 4445 2041 4483 nu-

2151 4427 2298 4488 τινὺς
2330 4425 2600 4496 αἱρέσεως
2628 4424 2905 4495 ἐχομένων
2948 4424 3011 4476 ού
3066 4425 3229 4494 μόνον
3263 4427 3637 4496 ἀποτρόπαιον
3676 4426 3735 4477 τὸ

469 4527 670 4581 tricbat
718 4539 873 4578 amor
904 4522 1129 4593 quidam
1179 4521 1494 4587 ineﬂ‘abilis,
1529 4530 1583 4576 et
1611 4522 1703 4590 qui
1748 4536 1856 4576 non
1888 4529 2046 4591 pote-

467 4624 554 4673 rat
584 4617 875 4672 contineri.
923 4615 1034 4668 llac
1066 4615 1251 4681 itaque
1292 4612 1501 4667 ratione
1543 4628 1653 4667 non
1708 4614 1884 4667 solum
1931 4611 2047 4667 clli-

470 4708 672 4774 ciebat,
726 4716 785 4761 nt
826 4722 980 4761 mens
1035 4720 1131 4760 eos
1171 4711 1563 4766 aversaretur,
1623 4707 1719 4772 qui
1773 4702 2039 4758 furiosam

468 4801 709 4869 aliquam
748 4807 1063 4864 sequuntur
1101 4795 1352 4850 Itrercsim
1374 4835 1387 4859 ,
1419 4796 1514 4849 sed
1554 4810 1656 4849 nec
1687 4795 2046 4864 permittebat

2154 4519 2412 4588 φρόνημα
2445 4519 2707 4581 ἐποιεῖτο,
2737 4516 2856 4570 ἀλλ’
2883 4515 3005 4569 οὐδὲ
3042 4518 3236 4581 ἀκοαῖς
3266 4516 3492 4590 γλώεσῃ
3535 4518 3736 4572 διδόναι
3820 4591 3827 4597 _

2153 4610 2215 4664 τὸ
2247 4611 2473 4663 ἐκείνων
2499 4610 2672 4679 ὄνομα
2704 4609 2841 4671 ὅλως
2870 4607 3141 4679 ἠνείχετο,
3182 4608 3257 4673 ὡς
3291 4610 3425 4663 αὐτὸ
3452 4609 3614 4663 τοῦτο
3651 4611 3739 4663 λέ-

2154 4720 2274 4773 γειν
2296 4705 2359 4755 τδ
2384 4703 2478 4756 τοῦ
2520 4702 2668 4755 θείου
2700 4698 2864 4755 Δαυῖδ
2896 4701 2991 4755 καὶ
3024 4701 3171 4772 μάλα
3214 4704 3451 4769 οἰκείως,
3477 4702 3563 4765 τὸ,
3592 4722 3612 4755 ι
3657 4704 3736 4757 Οὐ

2156 4794 2232 4867 μὴ
2271 4793 2496 4865 μνησθῶ
2521 4794 2629 4846 τῶν
2652 4794 2936 4864 ὀνομάτων
2960 4792 3143 4844 αὐτῶν
3166 4790 3254 4844 διὰ
3284 4793 3512 4863 χειλέων
3548 4811 3671 4864 μου.
3713 4811 3733 4845 ι

467 4907 529 4952 ιιι
553 4911 742 4951 eorum
779 4908 973 4948 nomen
1007 4900 1103 4945 aut
1134 4890 1362 4943 auribus
1407 4889 1717 4951 audiretur,
1743 4887 2044 4959 autlingua
2081 4887 2428 4960 proferretur
2463 4906 2476 4942 :
2514 4887 2674 4952 adeo,
2707 4895 2768 4941 ut
2796 4884 2957 4942 valde
2986 4886 3275 4957 papposite
3320 4887 3554 4955 ,diceret
3602 4886 3741 4943 illud

471 4990 643 5047 divini
678 4986 944 5041 Davidis:
982 5003 1000 5034 ι
1040 4981 1157 5038 Non
1193 4983 1496 5036 meminero
1529 4982 1812 5035 ncniinum
1849 4996 2040 5035 eorum
2083 4997 2181 5052 per
2207 4979 2350 5034 labia
2388 4994 2504 5033 mea
2528 4979 2571 5034 “.
2610 4998 2630 5030 ι

545 5079 690 5135 XIX.
743 5079 878 5134 Cum
914 5086 1120 5138 autem,
1159 5073 1314 5143 juxta
1355 5071 1644 5138 Paulnm',
1674 5071 1909 5126 ferveret
1939 5073 2051 5142 spi-

472 5175 584 5230 ritu
612 5187 817 5242 ,εισι-ιι
870 5168 1138 5231 ducebat,
1179 5164 1223 5219 si
1264 5180 1372 5219 non
1426 5166 1542 5231 ipsa
1595 5164 1798 5218 multos
1847 5163 2054 5219 Christi

473 5264 618 5337 parti
650 5262 965 5331 adjecisset,
1000 5269 1054 5313 et
1087 5258 1301 5313 similes
1340 5257 1574 5310 haberet
1607 5264 1883 5310 amatores
1914 5264 2058 5310 tem-

475 5358 739 5429 perantia:
771 5373 785 5409 :
820 5363 874 5409 et
904 5357 1103 5424 partim
1140 5352 1363 5423 quidem
1398 5350 1601 5413 verbis,
1628 5351 1825 5419 partim
1865 5358 2049 5404 autem

486 5449 647 5505 donis
686 5449 895 5503 multos
942 5446 1322 5502 adolescentes
1371 5452 1426 5499 et
1487 5444 1688 5497 multas
1738 5442 2056 5498 adolesceno

480 5540 624 5597 tulas
680 5541 848 5595 traxit
905 5538 972 5594 ad
1024 5538 1505 5594 exercitationem.
1550 5536 1756 5592 Eadem
1808 5551 1938 5591 vero
1970 5534 2054 5589 fa-

556 5717 583 5755 ³
611 5717 777 5777 Hebr.
811 5734 933 5789 xm,
965 5719 1018 5777 Ἰ.
1096 5720 1280 5779 'Pnl.
1320 5737 1414 5790 xv,
1476 5721 1533 5775 4.
1611 5720 1632 5753 '
1658 5718 1820 5777 Rom.
1855 5736 1955 5785 xu,
1986 5718 2074 5773 ll.

2236 5069 2337 5125 ιϐ’.
2377 5072 2583 5124 Ζέουσα
2613 5070 2669 5124 δέ
2716 5069 2860 5124 κατὰ
2890 5069 3104 5124 Παῦλον
3130 5069 3211 5141 τῷ
3258 5068 3535 5140 πνεύματι
3567 5071 3741 5127 δεινὸν

2163 5165 2420 5229 ἐποιεῖτο,
2454 5164 2502 5215 εί
2538 5163 2613 5234 μὴ
2660 5164 2755 5217 καὶ
2790 5163 3027 5225 πολλοὺς
3073 5165 3167 5217 καὶ
3203 5163 3339 5235 αὐτῇ
3392 5166 3458 5234 τῇ
3498 5164 3739 5235 Χριστοῦ

2168 5257 2348 5327 μερδι
2386 5256 2675 5328 προσθείη,
2707 5257 2799 5310 καὶ
2832 5256 3068 5327 ἐραστὰς
3099 5257 3319 5327 ὁμοίους
3358 5258 3472 5322 ἔξει
3501 5258 3603 5326 τῆς
3635 5275 3743 5311 σω-

2163 5350 2441 5422 φροσύνης
2472 5366 2486 5379 ο
2530 5351 2625 5403 καὶ
2671 5350 2830 5403 τοῦτο
2871 5350 2970 5419 μὲν
3003 5349 3205 5417 λόγοις,
3251 5347 3411 5402 τούτο
3457 5350 3514 5403 δὲ
3545 5352 3742 5411 δώροις

2163 5444 2396 5506 πολλοὺς
2436 5444 2536 5512 μὲν
2565 5442 2674 5496 τῶν
2711 5443 2869 5508 νέων,
2899 5443 3102 5507 πολλὰς
3129 5443 3185 5495 δὲ
3223 5444 3317 5496 καὶ
3345 5444 3455 5495 τῶν
3485 5443 3742 5495 νεανίδων

2164 5537 2256 5590 ἐπὶ
2279 5536 2375 5608 τὴν
2400 5535 2631 5606 ἄσκησιν
2654 5532 2820 5590 εἷλκε.
2856 5536 2939 5591 Τὰ
2971 5536 3060 5589 ίσα
3084 5536 3139 5589 δὲ
3173 5538 3268 5589 καὶ
3298 5537 3434 5607 arpi;
3474 5534 3744 5605 Ἕλληνας
