4128 6384
430 306 539 370 773

1736 314 1918 376 vm
1956 316 2018 392 s.
2061 316 2399 381 unum

3597 323 3705 390 ’771

422 420 520 475 καὶ
567 419 923 491 Σαμαρείτας
974 422 1171 494 tuoin,
1202 425 1464 500 καὶπρὸς
1508 430 1609 502 τὴν
1636 431 1769 501 ὑγιᾶ
1816 438 2003 487 πἰστίν

2115 432 2285 491 ciebat
2337 432 2503 489 etiam
2559 432 2617 490 in
2681 432 2920 505 gentiles
2970 441 3025 490 et
3071 432 3483 504 Samaritanus,
3508 447 3565 494 et
3609 455 3710 497 eos

423 511 657 576 τούτους
704 512 1021 577 ἐξεκαλεῖτο
1053 517 1105 570 οἳ
1158 519 1276 587 μετ’
1310 518 1494 588 ὀλίγον
1546 521 1749 577 καὶτὰ
1798 524 2013 579 ἑαυτῶν

423 605 663 673 ἀφέντες
697 605 1036 674 ἠκολούθουν
1062 609 1272 683 ἐκείνῃ.
1306 611 1495 676 Οὕτως
1530 608 1598 684 ἦν
1633 613 1743 684 ἄρα
1772 617 1805 686 ἠ
1835 634 2017 685 μακαο

430 695 522 767 ρία
558 696 725 764 σοφὸς
750 697 939 761 ἁλιεὺς
962 699 1058 754 καὶ
1086 700 1268 771 ψυχὰς
1302 703 1612 775 ἀνθρώπων
1645 704 1820 777 θηρᾷν
1843 708 2012 775 ὲγνω·

425 790 579 843 κυϊα.
639 789 872 855 Μείζοσι
931 791 991 844 δὲ
1030 793 1220 858 πόνοις
1271 796 1628 869 ἐπιχειροῦσα
1684 802 1775 853 καὶ
1818 800 2012 872 ἑτέραν

425 880 750 951 παράλογον
811 883 934 936 οἷαν
996 888 1092 938 καὶ
1164 888 1352 959 σχεδὸν
1421 892 1654 953 ἄπιστον
1712 895 2012 965 καρτερίαν

423 974 682 1026 ἐδείκνυ·
722 975 817 1028 καὶ
867 973 1090 1047 ξυλίνην
1136 981 1259 1033 τινὰ
1311 981 1547 1039 κιϐωτὸν
1595 987 1914 1056 ἀσκήσασα,
1950 986 2014 1039 τὸ

428 1064 533 1133 μὲν
566 1063 706 1134 ὕψος
739 1065 1018 1135 τοσαύτην
1050 1066 1192 1122 ὥστε
1230 1070 1305 1141 μὴ
1340 1074 1621 1145 ἐγχωροῦν
1663 1072 1805 1129 εἶναι
1843 1076 2013 1149 ὀρθὴν

427 1157 604 1230 αὐτὴν
638 1159 889 1226 ἑστάναι,
921 1162 985 1215 τὸ
1010 1162 1066 1216 δὲ
1103 1158 1267 1234 εὖρος
1300 1164 1440 1218 ὥστε
1496 1170 1634 1236 μήτε
1684 1168 1834 1234 δεξιά
1873 1172 2011 1240 μήτε

432 1249 542 1320 μὴν
569 1253 665 1304 ἐπὶ
706 1252 767 1305 τὸ
798 1254 1086 1324 εὐώνυμον
1132 1258 1450 1313 ἀποκλίνειν
1497 1261 1785 1326 δύνασθαι,
1834 1265 2012 1339 ταύτῃ

424 1343 488 1395 τὺ
516 1344 678 1414 σῶμα
704 1346 1115 1415 ὲγκατακλείει,
1156 1350 1229 1403 δι’
1254 1353 1393 1421 ὀπῆς
1427 1353 1694 1425 βραχείας
1724 1356 1861 1427 πρὸς
1888 1357 2013 1422 τοὺς

427 1433 535 1501 ἔξω
567 1438 697 1498 τοὺς
745 1438 942 1505 λόγους
987 1441 1285 1511 πέμπουσά
1331 1461 1391 1497 τε
1427 1449 1522 1501 καὶ
1569 1449 1863 1519 δεχομένη.
1902 1451 2017 1521 Τῆς

432 1530 648 1598 μητρὸς
678 1529 736 1582 δὲ
786 1533 1057 1597 πολλάκις
1094 1537 1400 1610 ἐπιστάσης
1434 1542 1570 1611 αὐτῇ
1606 1544 1725 1612 (καὶ
1762 1543 1871 1616 γὰρ
1910 1547 2014 1599 κά·-

429 1621 587 1711 κείνη
643 1622 991 1693 συνέμπορος
1040 1631 1180 1702 αὐτῇ
1236 1633 1329 1685 καὶ
1375 1634 1471 1687 τοῦ
1511 1635 1716 1689 ἔκπλου
1769 1638 1866 1693 καὶ
1912 1640 2015 1711 τῆς

2111 522 2346 580 vocabat
2382 525 2448 578 ad
2480 531 2691 579 rectam
2727 524 2885 581 tidem
2922 541 2936 579 :
2971 525 3064 595 qui
3098 527 3265 596 paulo
3298 538 3422 597 post
3459 527 3706 585 dimissis

2115 618 2253 682 suis,
2298 617 2447 673 illam
2505 620 2895 689 sequebantur.
2949 621 3043 677 Sic
3095 610 3233 693 ergo
3261 633 3379 679 erat
3410 624 3569 680 beata
3612 625 3705 680 illa

2115 708 2321 765 femina
2359 710 2586 779 sapiens
2618 715 2907 782 piscatrix,
2934 724 2989 770 et
3017 692 3232 773 sciebat
3266 718 3453 772 venari
3489 718 3706 774 animas

2115 799 2423 855 hominum.
2452 800 2687 870 Maiores
2709 813 2891 859 autem
2910 805 3132 861 labores
3158 809 3512 876 aggrediens,
3538 810 3702 863 aliam

2116 907 2333 961 quoque
2368 893 2702 960 inopinatam
2757 905 2812 950 et
2867 898 3266 966 propemodum
3317 899 3703 955 incredibilem

2116 983 2360 1037 ostendit
2392 985 2762 1039 tolerantiam.
2799 986 2936 1041 Cum
2992 987 3231 1057 ligneam
3284 991 3579 1059 quamdam
3610 1006 3704 1045 ar-

2117 1088 2238 1128 cam
2274 1086 2547 1146 parasset,
2581 1077 2877 1133 altitudine
2929 1081 3155 1150 quidem
3189 1091 3421 1149 tantam,
3475 1093 3535 1137 ut
3592 1100 3700 1138 non

2117 1173 2459 1238 permitteret
2493 1171 2540 1225 ei
2597 1180 2750 1226 stare
2810 1181 3041 1239 rectam,
3097 1173 3391 1228 latitudine
3441 1190 3591 1239 vero,
3645 1185 3707 1229 ut

2118 1276 2226 1315 non
2291 1268 2477 1330 posset
2526 1261 2807 1318 declinare
2864 1264 2933 1318 ad
2974 1264 3263 1320 dexteram
3310 1281 3412 1320 nec
3465 1266 3532 1320 ad
3567 1267 3705 1321 sini-

2117 1360 2309 1418 stram,
2358 1354 2414 1409 in
2466 1369 2529 1410 ea
2561 1370 2766 1427 corpus
2814 1357 3083 1423 includit,
3117 1374 3217 1428 per
3251 1358 3418 1413 breve
3451 1357 3702 1413 foramen

2117 1465 2215 1506 eos
2243 1450 2337 1520 qui
2366 1449 2501 1505 foris
2526 1458 2709 1517 erant,
2739 1453 3033 1523 alloquens
3069 1462 3122 1508 et
3152 1469 3251 1509 eos
3286 1453 3543 1510 audiens.
3564 1454 3702 1509 Cum

2118 1553 2292 1599 mater
2320 1552 2503 1600 autem
2532 1560 2679 1615 saepe
2704 1548 2772 1601 ad
2806 1562 2925 1601 eam
2960 1548 3251 1603 accederet
3294 1548 3437 1618 (erat
3466 1549 3613 1603 enim
3652 1547 3702 1603 ei

2119 1636 2494 1705 navigationis
2542 1652 2730 1694 comes
2765 1646 2819 1693 et
2849 1640 2999 1695 socia
3042 1640 3453 1710 pliilosOphire),
3482 1657 3593 1695 non
3626 1649 3706 1695 te-

429 1710 755 1806 φιλοσοφίας
809 1716 1084 1786 γέγονεν),
1136 1721 1232 1791 οὐχ
1278 1721 1467 1787 ἁπλῶς
1514 1725 1754 1793 ἀπήντα,
1790 1710 2009 1782 ἀλλἐί-

2123 1740 2276 1780 mere
2317 1726 2595 1806 veniebat,
2629 1729 2725 1783 sed
2760 1729 2806 1784 si
2834 1740 2930 1785 aut
2965 1731 3193 1785 vacabat
3222 1730 3486 1796 orationi,
3522 1738 3615 1784 aut
3645 1730 3702 1785 in

429 1817 541 1872 περ
596 1801 787 1873 ἔτυχεν
841 1806 873 1877 ἢ
917 1807 1050 1879 εὐχῇ
1093 1809 1125 1883 ἢ
1180 1810 1343 1875 θείοις
1383 1814 1651 1882 ὁμιλοῦσα
1695 1815 1923 1885 λογίοις,
1950 1819 2012 1872 οὐ

430 1896 705 1965 πρότερον
731 1898 813 1960 είς
844 1900 1018 1972 αὐτὴν
1067 1903 1315 1974 ἀφεώρα,
1348 1905 1380 1976 ἢ
1410 1905 1569 1975 λόγου
1615 1909 1762 1972 τινὸς
1796 1912 2011 1979 μετεδί-

427 1989 544 2059 δου,
579 1993 682 2055 ἕως
714 1991 743 2045 δ
795 1995 987 2068 μετῄει
1044 2002 1435 2066 πνευματικῶν
1478 2003 1659 2077 ἔργων
1703 2008 1785 2069 είς
1836 2010 2011 2079 πέρας

428 2083 662 2153 ἢγαγεν.
700 2085 858 2140 Οὕτω
888 2087 953 2159 δὴ
1000 2089 1142 2159 μετὰ
1185 2094 1405 2147 πάντων
1435 2095 1531 2148 καὶ
1574 2097 1749 2168 αὐτῆς
1784 2099 2010 2170 ἐκράτει

428 2176 531 2245 τῆς
566 2177 806 2245 φύσεως,
832 2180 922 2248 ἐφ’
953 2176 997 2248 ᾧ
1037 2182 1131 2235 καὶ
1181 2184 1386 2255 πολλὴν
1421 2188 1452 2258 ἡ
1508 2190 1694 2262 μήτηρ
1724 2209 2011 2264 παρακερ-

426 2268 687 2324 δαίνουσα
717 2273 815 2341 τὴν
842 2273 1115 2342 ὠφέλειαν
1134 2277 1323 2349 ἀπῄει,
1352 2281 1431 2348 τῷ
1464 2282 1584 2352 Θεῷ
1611 2286 1856 2353 μεγάλας
1879 2289 2011 2357 ὀμο-

429 2360 663 2431 λογοῦσα
700 2368 799 2427 τὰς
851 2368 1128 2436 χάριτας,
1174 2370 1256 2421 ὅτι
1308 2376 1569 2426 τοιούτων
1631 2376 1779 2443 αὐτῷ
1835 2395 2008 2449 προσ-

429 2456 629 2522 ήνεγκε
657 2456 749 2509 τὸν
772 2459 836 2509 ἐκ
866 2459 1077 2521 κοιλίας
1106 2461 1344 2527 καρπόν.
1382 2465 1492 2517 Καὶ
1520 2463 1573 2518 τί
1598 2466 1679 2519 δεῑ
1703 2467 1772 2520 τὰ
1793 2468 2009 2540 ἐκείνης

429 2548 610 2600 πάντα
639 2547 894 2616 διεξιέναι
921 2567 936 2617 ;
967 2553 1128 2620 ἀρκεῖ
1169 2554 1279 2623 γὰρ
1309 2556 1433 2608 ἀντὶ
1464 2558 1684 2612 πάντων
1722 2562 1803 2623 είς
1838 2562 2009 2634 εὐφη-

434 2640 565 2706 μίαν
593 2640 654 2693 τὺ
690 2644 914 2712 μέτριον
946 2645 1118 2714 αὐτῆς
1151 2646 1245 2698 τοῦ
1280 2649 1629 2719 φρονήματος
1651 2667 1667 2683 ο
1693 2653 1776 2705 ὅτι
1811 2653 2008 2722 βιοῦσα

431 2734 690 2803 καθαρῶς
722 2736 896 2799 οὕτως
921 2736 996 2800 ὡς
1037 2738 1213 2802 οὐδεὶς
1253 2740 1558 2811 ἀνθρώπων
1598 2743 2010 2816 ἕτεροςουντε-

431 2827 744 2895 τριμμένην
773 2823 886 2898 εἶχε
935 2831 1029 2880 καὶ
1066 2831 1330 2902 ταπεινὴν
1356 2832 1454 2903 τὴν
1500 2835 1763 2901 διάνοιαν,
1798 2837 1873 2904 ὡς
1909 2840 2003 2893 οὐ·

430 2918 542 2981 δεὶς
570 2919 731 2982 ἄλλος
759 2920 868 2972 τῶν
898 2921 1114 2985 πολλοῖς
1147 2925 1373 2989 ἀτόποις
1396 2930 1755 2999 ἐνεχομένων.

2122 1820 2327 1875 divinis
2356 1823 2684 1877 versabatur
2715 1821 2973 1892 eloquiis,
3012 1839 3123 1878 non
3173 1824 3325 1893 prius
3352 1823 3417 1877 ad
3459 1837 3579 1876 eam
3617 1823 3705 1877 in-

2119 1915 2403 1981 tuebatur,
2459 1926 2557 1971 aut
2592 1916 2740 1970 illam
2806 1917 3199 1986 compellabat,
3243 1932 3407 1986 quam
3457 1915 3705 1985 spiritale

2121 2023 2281 2078 Opus,
2319 2007 2466 2078 quod
2499 2008 2704 2075 obibat,
2743 2010 3088 2080 perfecisset.
3125 2008 3217 2063 Sic
3267 2024 3394 2063 cum
3444 2010 3703 2065 omnibus

2120 2096 2298 2168 ipsam
2332 2114 2552 2169 quoque
2592 2099 2731 2154 vicit
2777 2108 3055 2153 naturam.
3107 2097 3477 2165 Quamobrem
3528 2110 3705 2155 mater

2120 2210 2371 2267 magnam
2427 2192 2785 2249 lucrifaciens
2849 2194 3191 2256 utilitatem,
3230 2194 3416 2248 abibat
3469 2209 3703 2265 magnas

2119 2285 2230 2341 Deo
2262 2301 2430 2356 agens
2459 2288 2664 2358 gratias
2714 2287 2861 2355 quod
2898 2301 2967 2342 ex
3001 2301 3105 2341 suo
3152 2294 3345 2341 ventre
3380 2287 3543 2340 talem
3581 2287 3703 2340 fru-

2119 2388 2265 2433 ctum
2304 2379 2676 2447 produxisset.
2731 2376 2799 2431 Et
2836 2377 2969 2448 quid
3023 2393 3159 2448 opus
3203 2389 3287 2433 est
3337 2378 3486 2434 illius
3517 2381 3701 2434 omnia

2117 2470 2412 2541 persequi?
2438 2471 2519 2524 Ad
2552 2470 2671 2538 ejus
2702 2471 2849 2525 enim
2884 2470 3101 2526 laudem
3150 2468 3351 2526 sutiicit
3389 2486 3489 2540 pro
3518 2472 3702 2527 omni-

2121 2564 2224 2620 bus
2257 2564 2531 2620 niodeSIia
2561 2564 2683 2634 ejus
2708 2571 2761 2617 et
2791 2561 3128 2627 moderatio,
3149 2563 3300 2633 quod
3334 2579 3459 2620 cum
3495 2565 3704 2619 viveret

2118 2664 2229 2710 tam
2267 2673 2425 2727 pure,
2456 2672 2618 2726 quam
2649 2657 2793 2710 ullus
2824 2659 2985 2722 alius,
3013 2671 3107 2712 cor
3142 2656 3367 2711 haberet
3401 2658 3699 2711 contritum

2118 2760 2173 2807 et
2202 2761 2439 2806 mentem
2473 2752 2773 2806 demissam
2808 2766 2871 2804 ac
2902 2750 3186 2813 humilem,
3222 2759 3280 2804 ut
3328 2750 3515 2806 nullus
3554 2749 3700 2805 alius

2117 2858 2182 2899 ex
2221 2844 2287 2899 iis
2317 2843 2411 2913 qui
2446 2843 2617 2897 multa
2647 2840 2947 2896 admittunt
2976 2856 3085 2897 non
3123 2843 3379 2898 honesta.

498 3013 587 3066 K'.
612 3013 798 3075 Οὕτως
818 3010 912 3068 οὖν
935 3017 1075 3069 ἑπτὰ
1091 3019 1207 3069 ἐκεῖ
1225 3019 1591 3090 διαθλήσασαν
1615 3024 1733 3093 ἔτη,
1754 3028 2009 3101 λογισμὸς

2190 3025 2310 3080 XX.
2346 3026 2482 3081 Cum
2533 3026 2613 3081 sic
2644 3034 2829 3080 autem
2863 3032 3074 3096 septem
3109 3039 3286 3079 annos
3332 3024 3696 3090 decertasset,

431 3105 602 3175 αὐτὴν
626 3108 795 3178 είσῄει
822 3110 1171 3179 μακροτέρας
1195 3113 1506 3182 ἀποδημίας
1531 3130 1547 3145 ο
1576 3119 1880 3196 προσήκειν
1902 3124 2009 3195 γὰρ

432 3198 586 3266 ἔλεγε
622 3201 758 3269 μηδὲ
807 3201 919 3252 τῶν
967 3202 1130 3272 ἱερῶν
1181 3204 1581 3276 ἀπολειφθῆναι
1606 3212 1811 3276 τόπων,
1873 3215 2010 3268 ἀλλὰ

432 3291 529 3343 καὶ
566 3292 667 3361 τὴν
715 3290 1078 3363 Ἰερουσαλὴμ
1107 3295 1259 3361 ἰδεῖν,
1300 3300 1394 3349 καὶ
1443 3300 1509 3352 τὰ
1546 3301 1605 3352 ἐν
1649 3304 1788 3373 αὐτῇ
1834 3306 2011 3361 πάντα

430 3385 759 3454 περιελθεῖν,
806 3388 905 3438 καὶ
937 3389 1314 3458 προσκυνῆσαι
1360 3391 1638 3462 θαύματα.
1694 3393 1804 3448 Καὶ
1848 3398 2010 3464 δόξαν

430 3477 605 3541 οὕτως
629 3483 663 3548 ὴ
686 3480 928 3534 θάλαττά
953 3499 1011 3534 τε
1041 3481 1209 3550 αὐτὴν
1249 3485 1469 3549 ἐδέξατο
1500 3492 1603 3558 τῆς
1629 3493 1835 3560 μητρὸς
1867 3493 2006 3562 ὀμοῦ

431 3573 525 3625 καὶ
578 3574 900 3627 Ἀπενιανοῦ
931 3579 1353 3645 συμπαρόντων,
1390 3585 1486 3632 καὶ
1518 3582 1717 3634 θᾶττον
1747 3584 2008 3648 εὐπλοίας

426 3669 691 3738 τυχόντας
738 3673 770 3740 ἡ
809 3671 1190 3742 Ἀλεξάνδρεια
1236 3673 1526 3744 διεδέχετο.
1565 3678 1727 3741 Πόλις
1765 3678 1823 3731 δὲ
1867 3678 2006 3749 αὕτη

428 3764 714 3829 Φοινίκων,
739 3759 807 3835 ἧς
835 3764 929 3817 καὶ
964 3768 1065 3827 τὰς
1088 3767 1480 3836 άρχιερατικὰς
1510 3769 1686 3821 διεῖπε
1718 3770 2009 3839 φροντίδας

430 3858 459 3911 ὀ
491 3856 666 3926 μέγας
696 3860 752 3909 ἐν
795 3856 1034 3925 ἱερεῦσιν
1078 3859 1370 3927 Κύριλ).ος.
1411 3861 1599 3927 Τούτῳ
1629 3861 1695 3929 δὴ
1744 3863 2009 3929 συγγενό-

433 3951 691 4019 μενοικαὶ
711 3950 885 4020 ἑτέρῳ
911 3951 1235 4021 προφητικῷ
1259 3952 1434 4023 ἀνδρὶ,
1453 3952 1717 4021 Θεοδώρῳ
1740 3951 2007 4021 τοῦνομα,

428 4046 523 4096 καὶ
574 4042 747 4094 πολλὰ
776 4043 922 4094 κατὰ
962 4042 1060 4111 τὴν
1111 4041 1343 4110 πάροδον
1383 4042 1484 4110 τῆς
1530 4044 1751 4110 ὁμιλίας
1801 4044 2009 4097 τούτων

427 4134 705 4204 ὀνάμενοι,
734 4135 898 4188 πάλιν
924 4150 984 4186 τε
1019 4134 1118 4202 τῆς
1154 4137 1281 4203 νηὸς
1316 4133 1599 4203 ἐπέϐησαν
1631 4136 1724 4188 καὶ
1759 4137 1853 4189 ἐπὶ
1878 4138 2009 4199 τοὺς

427 4227 610 4298 ἱεροὺς
667 4228 963 4296 ἠπείγοντο
1008 4227 1235 4292 τόπους,
1282 4228 1450 4298 μηδὲν
1497 4228 1835 4297 ἐπαγόμενοι
1870 4230 2009 4301 πλὴν

2116 3135 2235 3176 eam
2293 3121 2465 3176 subiit
2528 3121 2791 3190 cogitatio
2879 3119 3146 3190 longioris
3203 3120 3692 3191 peregrinationis.

2115 3212 2343 3267 Dicebat
2382 3212 2556 3278 enim,
2594 3222 2851 3282 oportere
2881 3213 2946 3266 ad
2980 3228 3140 3266 sacra
3182 3214 3346 3266 etiam
3393 3213 3512 3267 loca
3541 3227 3698 3267 acce-

2113 3306 2265 3370 dere,
2306 3314 2360 3359 ct
2386 3305 2552 3359 etiam
2598 3305 2785 3359 videre
2815 3302 3143 3368 Jerusalem,
3175 3314 3230 3359 et
3269 3304 3443 3366 obire,
3475 3316 3530 3358 et
3563 3304 3697 3358 ado-

2113 3406 2238 3446 rare
2267 3393 2454 3445 omnia
2497 3408 2617 3462 quae
2652 3392 2768 3448 illic
2819 3404 2952 3449 sunt
3003 3393 3269 3446 miracula
3305 3395 3405 3463 (t).
3447 3392 3696 3461 Cumque

2113 3487 2163 3543 ei
2207 3488 2281 3541 ita
2315 3488 2494 3542 visum
2530 3495 2702 3553 esset,
2733 3502 2883 3541 mare
2912 3502 3030 3541 eam
3072 3490 3336 3558 suscepit,
3361 3502 3486 3542 cum
3523 3490 3695 3543 simul

2114 3582 2334 3635 adesset
2363 3590 2540 3635 mater
2567 3593 2619 3636 et
2655 3582 3004 3651 Apeuianus;
3036 3592 3091 3636 et
3138 3595 3263 3634 cum
3310 3581 3392 3635 eis
3428 3596 3693 3650 prospera

2112 3674 2309 3728 fuisset
2358 3676 2673 3743 navigatio,
2726 3682 3099 3744 pervenerunt
3161 3674 3594 3728 Alexandriam:
3629 3689 3693 3727 ea

2112 3778 2195 3821 est
2225 3775 2408 3820 autem
2462 3769 2659 3820 civitas
2706 3765 2951 3837 (Egypti,
2996 3769 3051 3819 in
3089 3780 3197 3835 qua
3239 3766 3534 3834 pontificali
3571 3780 3695 3818 mu-

2113 3875 2246 3913 nere
2272 3859 2601 3928 fungebatur
2624 3874 2855 3927 magnus
2893 3859 3038 3912 inter
3069 3854 3387 3910 sacerdotes
3418 3855 3693 3925 Cyrillus.

2110 3953 2250 4007 Cum
2308 3966 2374 4005 co
2430 3952 2732 4020 congressi,
2771 3959 2827 4003 et
2861 3965 2985 4003 cum
3029 3950 3135 4004 alio
3173 3949 3292 4002 viro
3337 3948 3693 4017 prophetico,

2112 4045 2339 4098 nomine
2359 4044 2743 4109 Theodoro,et
2768 4058 2890 4096 cum
2920 4042 2971 4094 in
3001 4042 3233 4094 transitu
3270 4056 3332 4094 ex
3364 4055 3696 4095 eorumser-

2114 4151 2277 4190 mune
2312 4151 2564 4203 magnam
2597 4135 2947 4202 accepissent
2989 4134 3308 4196 utilitatem,
3346 4148 3535 4187 navem
3569 4148 3695 4185 rur-

2114 4246 2210 4286 sus
2237 4230 2628 4291 ascenderunt,
2674 4226 2740 4280 ad
2788 4242 2947 4281 sacra
2993 4226 3114 4279 loca
3161 4225 3511 4288 festinantes,
3556 4226 3693 4279 nihil

426 4317 484 4371 εἴ
508 4336 561 4370 τι
596 4319 707 4370 τῶν
740 4319 1059 4386 ἀναγκαίων
1089 4315 1154 4389 ἦν
1180 4318 1274 4371 καὶ
1307 4319 1517 4387 ὀλίγαις
1551 4322 1747 4389 ἀρκεῖν
1771 4322 2009 4391 ἡμέραις

2120 4333 2302 4378 autem
2340 4338 2528 4377 secum
2560 4321 2872 4385 afferentes,
2916 4329 3281 4389 praeterquam
3321 4321 3366 4376 si
3403 4320 3534 4389 quid
3573 4327 3695 4373 erat

425 4411 750 4480 δυνάμενον,
813 4412 1135 4481 βουλόμενοι
1193 4411 1337 4479 μετὰ
1400 4414 1511 4465 τῶν
1564 4414 2009 4483 προσαιτούντων

426 4507 520 4557 καὶ
567 4506 765 4567 αὐτοὺς
811 4505 1084 4572 γίνεσθαι.
1122 4504 1212 4567 Ὠς
1256 4504 1313 4557 δὲ
1369 4506 1468 4575 τῆς
1515 4505 1643 4574 νηὸς
1699 4507 2006 4578 ἁπέὅησαν,

408 4576 564 4668 ’νόσῳ
620 4598 912 4667 συμϐαίνει
976 4598 1075 4666 τὴν
1110 4598 1412 4668 εἷμακαρία)
1470 4600 1659 4651 πεσεῖν
1688 4613 1701 4627 ·
1740 4595 1859 4649 εἶτα
1908 4598 2007 4667 τῆς

424 4695 738 4766 ἀρρωστίας
768 4692 1161 4760 ἀνενεγκοῦσα,
1192 4695 1284 4744 καὶ
1314 4693 1391 4761 τῷ
1419 4691 1723 4760 δεσποτικῴ
1752 4691 1905 4758 τάφῳ
1936 4691 2005 4741 τὰ

420 4791 523 4857 τῆς
559 4788 750 4856 ὑγείας
794 4788 1142 4857 χαρισαμένη
1175 4787 1273 4838 καὶ
1304 4784 1521 4854 πρῶτον
1574 4784 1722 4851 αὐτῴ
1773 4782 2006 4851 προσελ-

423 4885 593 4939 θοῦσα
624 4887 718 4935 καὶ
750 4886 1203 4950 προσκυνήσασα,
1237 4880 1295 4931 τὸ
1327 4879 1513 4930 λοιπὸν
1559 4879 1791 4938 καὶτοῖς
1824 4875 2005 4938 ἄλλοις

422 4977 533 5031 τῶν
576 4976 867 5045 θεαμάτων
891 4975 1015 5043 ὄψιν
1044 4972 1387 5026 είστιαθείσα
1421 4970 1521 5041 τὴν
1575 4969 1777 5038 ψυχὴν,
1807 4967 2003 5035 ὡμίλει

424 5068 482 5122 δὲ
513 5070 610 5121 καὶ
641 5069 751 5120 τῶν
796 5070 988 5138 ἱερέων
1006 5070 1115 5130 τοῖς
1138 5068 1567 5135 ἐπισημοτάτοις
1586 5101 1602 5126 ,
1647 5063 1741 5113 καὶ
1768 5061 2003 5130 μάλιστα.

423 5161 632 5216 τούτων
658 5160 838 5215 αὐτῶν
865 5164 979 5224 τοῖς
1015 5162 1073 5212 ὲν
1094 5159 1172 5228 τῷ
1202 5159 1386 5224 λέγειν
1413 5159 1828 5217 συνετωτάτοις,
1861 5152 2002 5205 ὥστε

424 5256 520 5310 καὶ
546 5256 817 5325 ὠφελείας
856 5255 1070 5309 ἐκεῖθεν
1109 5252 1321 5323 καρπὸν
1354 5250 1671 5322 δρέπεσθαι.
1714 5248 2005 5319 Ἐτρὲφετο

422 5346 483 5402 δὶ
516 5351 750 5413 ἐκείνοις
778 5344 979 5421 οἷσπερ
1006 5348 1101 5402 καὶ
1146 5350 1206 5402 ἐν
1242 5343 1424 5417 Λιὸύῃ
1467 5344 1562 5397 καὶ
1593 5342 1686 5395 διὰ
1728 5340 2004 5393 τοσούτων

423 5442 673 5515 ἡμερῶν,
714 5446 856 5498 ὅσων
882 5442 948 5513 δὴ
987 5442 1082 5495 καὶ
1109 5442 1227 5493 ἐκεῖ
1254 5440 1351 5493 καὶ
1378 5438 1499 5499 ταῖς
1544 5434 1736 5505 χερσὶν
1774 5430 2004 5501 ἐργαζο-

426 5535 589 5607 μένη,
615 5535 809 5607 ὥσπερ
830 5534 897 5608 δὴ
929 5533 1027 5590 καὶ
1070 5530 1396 5603 Χαλκηδόνι.
1437 5527 1711 5596 Ἐσπέρας
1739 5523 1798 5577 δὶ
1831 5538 2005 5578 κατα-

2118 4417 2519 4478 necessarium,
2571 4425 2626 4467 et
2667 4414 2809 4483 quod
2853 4422 3041 4482 posset
3094 4414 3288 4481 paucis
3319 4412 3513 4465 diebus
3543 4410 3694 4466 sulli-

2116 4525 2265 4574 cerc,
2298 4509 2547 4562 volentes
2586 4506 2687 4575 ipsi
2749 4521 2969 4575 quoque
3007 4519 3129 4560 esse
3159 4520 3285 4559 cum
3332 4506 3695 4560 mendicanti-

2113 4604 2239 4658 bus.
2283 4604 2578 4671 Postquam
2611 4615 2740 4654 vero
2774 4601 2830 4653 iu
2865 4609 3066 4652 terram
3108 4599 3536 4663 descenderunt,
3561 4608 3694 4655 'con-

2115 4697 2237 4764 tigit
2269 4698 2485 4750 beatam
2518 4691 2784 4746 Melanam
2818 4691 2873 4743 in
2910 4691 3161 4744 morbum
3194 4691 3451 4744 incidere.
3489 4690 3693 4743 Deinde

2115 4798 2239 4837 cum
2289 4784 2663 4836 convaluisset
2696 4795 2725 4832 a
2755 4780 3007 4847 corporis
3036 4778 3378 4841 infirmitate,
3410 4787 3466 4830 et
3498 4777 3690 4831 Domi-

2115 4876 2239 4928 nico
2280 4874 2537 4943 sepulcro
2572 4881 2957 4940 recuperatam
2986 4873 3279 4923 sanitatem
3317 4874 3496 4937 primo
3526 4869 3692 4922 obtu-

2115 4968 2293 5028 lisset,
2331 4976 2385 5023 et
2420 4968 2486 5017 ad
2528 4964 2582 5017 id
2620 4966 2798 5032 primo
2837 4966 3187 5024 accessisset,
3242 4961 3406 5028 idque
3463 4960 3692 5016 adoras-

2118 5069 2225 5122 set,
2254 5060 2321 5113 de
2352 5066 2553 5112 caetero
2601 5058 2792 5110 oculos
2840 5066 2896 5109 et
2945 5058 3188 5107 animum
3243 5052 3510 5120 pascebat
3566 5052 3692 5106 aliis

2117 5152 2473 5222 Spectaculis.
2512 5149 2853 5203 Versabatur
2882 5156 3066 5199 autem
3099 5161 3222 5198 cum
3260 5144 3329 5197 iis
3362 5146 3457 5214 qui
3502 5159 3568 5198 ex
3601 5160 3693 5199 sa-

2117 5244 2438 5299 cerdotibus
2469 5248 2627 5295 erant
2658 5242 2898 5292 maxime
2924 5238 3189 5305 insignes,
3215 5245 3269 5290 et
3306 5240 3542 5290 maxime
3564 5251 3688 5289 cum

2115 5336 2184 5390 iis
2241 5336 2336 5404 qui
2383 5336 2438 5387 in
2474 5330 2709 5386 dicendo
2757 5337 2915 5385 erant
2969 5327 3388 5396 sapientissimi,
3427 5335 3485 5380 ut
3523 5328 3688 5381 etiam

2114 5429 2409 5483 utilitatem
2442 5440 2511 5479 cx
2565 5425 2647 5478 eis
2699 5423 3025 5492 perciperet.
3076 5421 3347 5475 Alebatur
3399 5435 3531 5476 vero
3580 5420 3690 5475 illis

2111 5519 2318 5590 quibus
2365 5518 2419 5585 in
2464 5515 2659 5586 Libya,
2698 5522 2779 5570 tot
2813 5514 2954 5581 dies,
2981 5523 3119 5585 quot
3148 5513 3265 5570 illic
3307 5513 3532 5583 mansit,
3556 5525 3691 5586 ope-

499 5720 580 5794 (l)
599 5721 776 5787 Διιιιο
808 5719 915 5778 416
942 5720 1060 5778 adit
1102 5718 1222 5779 loca
1257 5724 1455 5774 sancta
1484 5713 1827 5773 adorationis
1845 5707 2046 5784 gratia,
2072 5668 2142 5765 ex
2172 5703 2398 5763 calculo
2431 5699 2683 5761 Baronii.
