4128 6384
1232 268 1259 285 «ι
1272 269 1355 281 ιμ’-,ηε

433 342 542 405 775

1662 328 1947 391 MENSIS
1984 324 2417 389 DECEMBER.

3586 332 3690 400 776

439 466 574 508 rans
623 447 897 512 manibus,
926 444 1067 500 sicut
1090 443 1439 518 Carthagine.
1476 440 1612 499 Cum
1648 443 1999 499 adventasset
2028 476 2039 502 ι

2143 439 2377 508 αϐούσης
2415 436 2587 510 εἰσῄει
2614 438 2716 507 μὲν
2761 438 2843 503 είς
2872 436 2969 493 τδν
3001 440 3276 511 σωτήριον
3309 442 3413 514 τῆς
3446 441 3695 503 dvena-

438 551 618 598 autem
650 554 903 609 vespera,
956 538 1375 608 ingrediebatur
1407 537 1632 609 quidem
1675 536 1730 590 in
1767 535 2010 590 salutare

438 637 747 705 sepulcrum
804 631 1279 697 resurrectionis,
1336 633 1531 688 clauso
1585 645 1718 686 vero
1782 629 2008 697 templo,

438 728 693 782 manebat
724 725 893 785 intus,
918 739 972 778 et
1003 724 1183 779 oratio
1233 734 1398 780 noctu
1456 726 1527 779 ab
1572 739 1635 779 ea
1668 724 1856 778 tandiu
1888 736 2015 792 pro—

438 817 760 881 ducebatur,
808 815 985 870 donec
1020 815 1259 884 ingressi
1304 823 1493 871 essent
1522 815 1789 868 matutina
1822 823 2015 867 canta-

386 894 391 907 ⁵
440 908 549 964 turi
608 910 841 963 cantica.
899 906 1198 973 Postquam
1252 918 1434 961 autem
1491 905 1653 959 tinem
1723 909 2017 972 acceperat

442 999 792 1070 glurilicatiu,
827 1007 957 1052 tunc
986 1000 1101 1070 ipsa
1136 1013 1356 1068 quoque
1382 1012 1587 1066 corpus
1616 1010 1810 1066 parum
1852 994 2019 1049 dabat

446 1107 644 1146 somno
684 1102 736 1143 et
778 1091 970 1156 quieti.

516 1182 657 1237 XXI.
690 1181 824 1235 Cum
861 1196 1007 1246 vero,
1040 1181 1187 1235 sicut
1236 1193 1263 1233 a
1314 1195 1400 1235 me
1431 1180 1635 1234 dictum
1676 1183 1785 1240 est,
1829 1191 2020 1247 paucae

446 1276 693 1344 qnanlam
738 1271 1058 1325 facultatum
1112 1273 1355 1340 reliquie:
1404 1269 1454 1325 ei
1497 1270 1686 1324 Romae
1712 1270 2018 1324 remansis-

448 1374 592 1427 sent,
625 1375 679 1417 et
722 1364 941 1417 cuidam
976 1381 1042 1417 cx
1084 1363 1334 1417 ﬁdelibus
1389 1365 1707 1416 mandatum
1760 1371 1926 1428 esset,
1961 1367 2022 1413 ιιι

448 1472 542 1512 eas
576 1464 907 1525 proponeret
957 1457 1222 1509 emendas
1253 1456 1583 1516 volentibus,
1611 1464 1895 1524 postquam
1931 1454 2022 1509 ille

452 1545 556 1599 huc
597 1546 835 1607 fecisset,
874 1561 1069 1599 aurum
1106 1544 1173 1598 ad
1224 1561 1320 1601 eos
1376 1546 1546 1599 mittit
1592 1544 2020 1616 Jerosolymam.

454 1638 556 1704 Qui
611 1639 771 1692 solita
822 1648 1040 1693 utentes
1096 1638 1481 1708 benignitate,
1518 1654 1613 1693 eas
1648 1639 2023 1692 hereditatem

453 1728 705 1785 fecerunt
758 1730 1061 1798 egentium.
1120 1729 1218 1783 ilic
1281 1746 1406 1783 cum
1459 1729 1780 1798 aliquandiu
1839 1737 2025 1785 essent

452 1823 681 1879 versati,
706 1821 916 1875 videret
948 1828 1130 1874 antem
1159 1819 1369 1874 Melana
1415 1831 1645 1875 matrem
1680 1836 1835 1875 suam
1874 1819 2028 1874 senio

451 1922 510 1968 et
537 1921 783 1980 tempore
816 1910 1056 1979 gravari,
1091 1926 1209 1963 eam
1246 1912 1359 1967 illic
1390 1912 1675 1981 relinquit,
1707 1912 2032 1981 rogavitque

458 2010 521 2058 ut
540 2018 603 2057 ea
636 2003 748 2055 illic
800 2009 1017 2070 pararet
1047 2002 1458 2056 tabernaculum
1493 2004 1547 2057 in
1596 2012 1784 2058 monte.
1814 2002 2031 2057 Oliveti.

463 2097 564 2150 Illa
599 2111 728 2148 vero
764 2094 914 2148 venit
966 2094 1020 2147 in
1076 2094 1402 2165 JEgyptum,
1435 2111 1540 2147 una
1570 2110 1692 2148 cum
1726 2094 2033 2163 Apeniano,

460 2195 577 2241 tum
612 2188 759 2257 quod
802 2188 1006 2240 vellent
1036 2187 1225 2239 videre
1259 2196 1500 2250 sanctus,
1528 2186 1621 2255 qui
1649 2196 1807 2239 erant
1842 2185 1895 2238 in
1943 2200 2031 2251 ea,

454 2288 570 2334 tum
630 2280 820 2341 etiam,
879 2285 938 2329 nt
988 2292 1085 2330 sua
1124 2277 1465 2345 benignitate
1505 2276 1848 2345 impertirent
1894 2290 2031 2337 eos,

456 2370 549 2438 qui
586 2369 698 2422 illic
728 2377 906 2432 erant,
941 2382 1234 2435 pauperes.
1290 2366 1352 2420 Hi
1411 2384 1540 2436 ergo
1593 2367 1903 2430 venientes,
1955 2367 2036 2420 fa-

458 2462 679 2517 ciebant
727 2461 780 2514 id
832 2470 1055 2530 propter
1095 2459 1242 2527 quod
1291 2468 1581 2522 venerant,
1628 2465 1682 2513 et
1724 2475 1818 2514 eos
1848 2460 2035 2528 quise

460 2554 515 2607 in
550 2554 751 2623 pietate
782 2551 1141 2615 exercebant,
1173 2550 1422 2605 obibant.
1468 2552 1605 2607 Cum
1634 2562 1814 2605 autem
1844 2566 2034 2606 acces-

459 2647 664 2701 sissent
699 2644 765 2699 ad
818 2644 1093 2715 quoddam
1135 2645 1585 2705 tabernaculum,
1618 2644 1767 2712 quod
1799 2644 1943 2714 apud
1976 2658 2036 2697 se

461 2738 699 2793 habebat
738 2739 915 2792 virum
962 2737 1016 2789 in
1073 2737 1425 2806 philosophia
1463 2737 1787 2799 maximum,
1821 2739 1905 2791 cui
1940 2750 2039 2791 no-

464 2844 589 2886 men
639 2839 756 2884 erat
793 2829 1134 2900 praestion,
1166 2830 1438 2897 rogabant
1477 2839 1539 2885 ut
1569 2831 1688 2901 ipse
1717 2845 1938 2901 quoque
1974 2843 2039 2882 ea

461 2938 584 2992 quae
630 2923 746 2987 alii,
777 2924 1155 2993 participaret.
1190 2921 1327 2975 Cum
1387 2923 1435 2977 is
1480 2932 1665 2977 autem
1724 2929 2034 2986 recusaret,

464 3017 592 3085 quid
645 3033 753 3071 nun
809 3015 939 3072 fecit
983 3016 1194 3071 Melana
1229 3055 1244 3077 ,
1277 3018 1471 3081 volens
1516 3015 1565 3069 ei
1608 3018 1945 3083 persuadere
1980 3020 2038 3067 ut

2115 548 2255 594 σεως
2309 531 2522 598 τάφονο
2583 529 2931 594 κλεισθέντος
2967 530 3025 586 δὲ
3056 530 3167 598 ξτοῦ
3228 533 3361 587 ναοῦ
3420 534 3699 606 ὑπέμενεν

2114 623 2284 688 ἔνδον,
2331 621 2427 675 καὶ
2463 622 2496 693 ἠ
2526 622 2807 692 προσευχὴ
2866 624 2945 687 είς
2998 623 3259 678 τοσοῦτον
3306 626 3451 696 αὐτῇ
3505 630 3702 693 νυκτὸς

2115 713 2467 780 παρετείνετο
2493 712 2598 776 ἓως
2628 713 2678 766 οί
2704 716 2883 765 ἐκεῖσε
2907 714 3007 777 τὰς
3054 715 3185 786 περὶ
3213 716 3308 768 τὸν
3335 716 3535 787 δρθρον
3558 718 3703 789 ᾠδὰς

2116 802 2373 873 εἰσῄεσαν
2404 802 2648 873 ᾷσοντες.
2698 804 2850 856 Ἐπεὶ
2881 804 2938 857 δὲ
2967 806 3143 876 πέρας
3184 803 3297 877 εἶχε
3330 809 3402 861 τὰ
3422 811 3524 878 τῆς
3556 810 3705 876 δοξο-

2119 895 2329 963 λογίας,
2361 896 2484 949 τότε
2529 896 2593 964 δὴ
2625 899 2719 949 καὶ
2749 898 2890 967 αὑτὴ
2921 897 2983 951 τὸ
3031 898 3195 969 σῶμα
3227 899 3404 970 βραχὺ
3440 902 3522 973 τῷ
3551 903 3706 974 ὕπνῳ

2119 987 2531 1042 διαναπαύουσα
2563 985 2652 1058 ἦν.

2195 1170 2327 1224 KA'.
2369 1170 2588 1240 Ἐπειδὴ
2618 1170 2698 1237 δὲ,
2725 1170 2915 1241 ὥσπερ
2960 1190 3054 1243 μοι
3078 1174 3315 1245 εἴρηται.
3347 1148 3558 1245 βραχέα
3585 1180 3709 1235 τινὰ

2121 1260 2355 1330 λείψανα
2388 1263 2492 1328 τῆς
2534 1263 2725 1327 οὐσίας
2763 1268 2820 1319 ὲν
2865 1267 3056 1336 Ῥώμῃ
3088 1268 3229 1337 αὐτῇ
3284 1270 3709 1338 καταλέλειπτο,

2124 1354 2219 1408 καί
2259 1372 2366 1407 τινι
2396 1355 2504 1408 τῶν
2553 1357 2765 1410 πιστῶν
2800 1359 3085 1430 ἐπετράπη
3123 1358 3261 1413 ὥνια
3306 1362 3479 1414 ταῦτα
3518 1363 3714 1418 θέσθαι

2124 1451 2237 1510 τοῖς
2269 1447 2616 1518 βουλομένοις
2638 1468 2651 1482 ε
2695 1449 2842 1504 οὕτω
2874 1453 3092 1521 πράξας
3140 1455 3349 1517 ἐκεῖνος
3390 1456 3485 1507 τδν
3512 1459 3718 1526 χρυσὸν

2124 1539 2311 1602 αὐτοῖς
2344 1537 2595 1608 ἔπεμπεν
2626 1541 2707 1604 είς
2748 1540 3122 1611 Ἰεροσόλυμα,
3153 1544 3205 1596 οἳ
3240 1545 3342 1598 καὶ
3372 1547 3471 1614 τὴν
3507 1548 3717 1618 συνήθη

2126 1630 2537 1700 φιλανθρωπίαν
2589 1632 3024 1699 μεταδιώκοντες
3064 1634 3269 1704 κλῆρον
3297 1638 3394 1689 καὶ
3437 1639 3581 1690 αὖτά
3608 1641 3721 1693 τῶν

2126 1722 2398 1792 δεομένων
2441 1725 2677 1781 ἐποίουν.
2725 1724 2992 1780 Ἐνταῦθα
3020 1729 3213 1797 χρόνον
3245 1730 3369 1782 τινὰ
3403 1731 3723 1801 διατρίψαν-

2133 1830 2249 1878 τες,
2311 1814 2433 1867 ἐπεὶ
2482 1814 2580 1885 τὴν
2610 1817 2823 1887 μητέρα
2848 1818 2948 1886 τὴν
2978 1818 3176 1889 ἑαυτῆς
3234 1821 3262 1889 ι)
3296 1822 3517 1891 Μελάνη
3570 1823 3721 1894 γήρᾳ

2133 1921 2194 1958 τε
2229 1906 2320 1959 καὶ
2355 1907 2571 1977 χρόνοις
2609 1908 2759 1979 ἑώρα
2805 1907 3211 1983 βαρυνομένην,
3246 1911 3413 1965 αὐτοῦ
3459 1913 3719 1966 καταλεί-

2135 2013 2249 2057 πει,
2275 1996 2430 2066 ἠξίου
2467 2014 2526 2050 τε
2562 1997 2765 2067 σκηνὴν
2793 1998 3123 2069 εὐτρεπίσαι
3172 2000 3350 2072 ταύτῃ
3399 2004 3457 2054 ὲν
3494 2002 3573 2073 τῷ
3602 2004 3720 2074 δρει

2135 2084 2243 2137 τῶν
2295 2085 2547 2141 Ἐλαιῶν.
2587 2086 2654 2140 Ἠ
2690 2088 2747 2140 δὲ
2791 2086 3009 2160 σύναμα
3037 2089 3115 2158 τῷ
3165 2091 3472 2160 Ἀττενιανῷ
3516 2096 3593 2155 εἰς
3618 2094 3718 2147 Δί-

2134 2195 2202 2247 γυ
2216 2195 2342 2231 πτον
2374 2181 2682 2247 ἀφικνεῖτο,
2717 2183 2856 2251 ὁμοῦ
2894 2184 2994 2253 μὲν
3045 2183 3331 2254 ἱστορῆσαι
3365 2186 3459 2238 καὶ
3505 2188 3633 2249 τοὺς
3659 2188 3720 2240 ὲν

2134 2269 2307 2343 ταύτῃ
2336 2272 2528 2339 ἁγίους
2577 2274 2779 2343 ἄνδρας
2826 2274 3165 2346 βουλόμενοι,
3192 2277 3334 2346 ὁμοῦ
3380 2278 3436 2330 δὲ
3481 2280 3723 2343 καὶτοῖς

2136 2362 2315 2415 ἐκεῖσε
2349 2365 2546 2433 πένησι
2574 2366 2674 2435 τῆς
2708 2368 2923 2420 ἑαυτῶν
2964 2370 3338 2439 χρηστότητος
3372 2370 3722 2440 μεταδοῦναι.

2135 2446 2299 2504 Οὗτοι
2332 2454 2434 2523 μὲν
2461 2454 2555 2507 οὖν
2584 2456 2814 2526 ἥκοντες
2846 2457 2931 2526 ἐφ’
2957 2453 3111 2528 ᾧπερ
3137 2453 3276 2532 ἧκον
3304 2461 3399 2513 καὶ
3429 2462 3722 2532 ἔπραττον,

2137 2544 2234 2597 καὶ
2262 2545 2390 2608 τοὺς
2418 2546 2664 2615 ἀσκητάς
2689 2550 3058 2619 περιήρχοντο
3079 2565 3093 2580 ·
3116 2553 3214 2622 μιᾷ
3241 2551 3299 2605 δέ
3323 2570 3433 2606 τινι
3456 2554 3565 2605 τιῖν
3594 2572 3730 2624 σκη-

2137 2635 2248 2687 νῶν
2281 2638 2601 2700 ἐπιστάντες
2633 2639 2756 2709 ἥτις
2789 2641 2960 2711 ἄνδρα
3004 2643 3262 2712 μέγιστον
3294 2645 3373 2706 εἰς
3403 2645 3730 2714 φιλοσοφίαν

2140 2727 2486 2800 παρ”ἑαυτῇ
2533 2729 2754 2801 ἔφερεν,
2820 2733 3161 2800 Ἡφαιστίων
3218 2736 3371 2804 αὑτῷ
3414 2739 3475 2791 τὸ
3528 2738 3725 2809 ὄνομα⁹

2139 2820 2353 2874 ἐδέοντο
2383 2824 2478 2877 καὶ
2528 2826 2692 2878 αὑτὸν
2741 2819 2816 2878 ὧν
2850 2827 3055 2880 ἐδίδουν
3084 2831 3200 2891 τοῖς
3252 2829 3438 2893 ἄλλοις
3487 2829 3731 2900 μεταλά-

2140 2912 2279 2966 ϐεῖν.
2310 2914 2417 2967 Τοῦ
2467 2916 2522 2969 δὲ
2557 2919 3019 2990 παραιτουμένου,
3042 2919 3264 2990 Μελάνη
3295 2922 3352 2973 τί
3411 2922 3485 2993 μὴ
3530 2925 3728 2989 ἐποίει,

2144 3009 2336 3060 πεῖσαι
2372 3007 2465 3062 τδν
2510 3010 2679 3081 ἄνδρα
2724 3011 3027 3086 βουλομένη
3084 3015 3309 3083 λαϐεῖν;
3357 3018 3511 3073 Ἐπεὶ
3554 3018 3613 3072 δὲ
3653 3019 3732 3090 μὴ

465 3108 772 3178 acciperet?
818 3107 955 3163 Cum
1006 3123 1134 3162 vero
1189 3122 1301 3161 non
1336 3106 1718 3176 persuaderet,
1752 3105 1863 3159 tale
1901 3102 2034 3174 quid

2146 3098 2355 3163 ἔπειθε,
2395 3105 2709 3172 μηχανᾶταί
2740 3123 2794 3159 τι
2838 3107 2999 3171 εὐθὺς
3026 3110 3061 3179 ἠ
3100 3110 3344 3179 μακαρία
3381 3111 3521 3182 ὅπερ
3552 3114 3733 3182 ἄμφθ·-

465 3202 649 3252 statim
725 3198 1118 3259 machinatur,
1178 3196 1326 3264 quod
1383 3193 1607 3265 quidem
1672 3194 2043 3264 pulcherrime

466 3289 754 3342 amborum
811 3302 996 3355 parem
1046 3287 1350 3341 declaravit
1392 3286 1784 3348 constantiam,
1816 3284 2043 3339 Melana}

467 3378 535 3431 ad
570 3376 1049 3440 benefacienduin,
1079 3384 1134 3430 et
1164 3373 1530 3443 Ephmstionis
1559 3374 1623 3427 ad
1674 3376 1799 3436 huc,
1830 3383 1892 3428 ut
1934 3387 2042 3427 non

469 3466 894 3539 persuaderetur
950 3481 1017 3521 ex
1072 3466 1239 3522 rebus
1302 3467 1560 3521 humanis
1628 3465 1839 3538 aliquid
1897 3465 2044 3519 acci-

464 3578 619 3634 pere.

542 3650 716 3706 XXII.
761 3647 962 3706 Obibat
1004 3649 1149 3706 enim
1206 3649 1618 3717 domunculam,
1645 3657 1900 3705 scrutans
1925 3662 2047 3704 om-

472 3757 624 3807 nem,
660 3757 783 3812 qua:
813 3741 869 3795 in
901 3757 965 3795 ea
995 3742 1565 3810 eraINsupelleCtilem
1600 3757 1615 3794 :
1657 3749 1711 3797 et
1743 3756 1869 3795 cum
1908 3741 2051 3795 nihil

471 3835 621 3893 aliud
659 3834 891 3889 vidisset
936 3835 1042 3888 nisi
1109 3842 1353 3889 slorcam
1402 3845 1455 3890 et
1502 3834 1830 3905 sportulam,
1858 3833 1909 3886 in
1941 3848 2049 3901 qua

470 3926 554 3984 sal
599 3936 721 3980 crat
761 3930 1064 3995 repositus,
1098 3940 1225 3979 cum
1262 3927 1368 3980 sub
1398 3940 1463 3981 co
1496 3927 1612 3979 sale
1646 3925 1884 3994 aliquam
1929 3923 2049 3977 auri

472 4031 684 4090 partem
718 4019 1000 4087 posuisset
1045 4027 1099 4072 et
1154 4019 1469 4085 infudisset,
1519 4028 1582 4074 ut
1620 4033 1744 4087 quae
1776 4017 2052 4082 latuisset,

472 4128 676 4181 magno
722 4110 906 4165 studio
960 4126 1154 4180 preces
1210 4112 1280 4166 ab
1324 4127 1390 4166 eo
1439 4110 1707 4180 poposcit.
1741 4106 1889 4174 Quas
1922 4123 2048 4163 cum

467 4204 848 4272 impetrasset,
880 4202 1037 4255 exiit.
1072 4201 1179 4256 Sed
1206 4201 1344 4254 nihil
1380 4200 1431 4254 ei
1474 4199 1680 4269 profuit
1715 4198 1824 4254 hoc
1857 4198 2054 4253 inven-

471 4303 611 4350 tum.
642 4296 779 4348 Cum
823 4294 970 4348 enim
1004 4293 1090 4347 vir
1120 4294 1213 4347 ille
1253 4302 1647 4349 sacrosanctus
1673 4292 1726 4346 id
1761 4291 2054 4362 cognovis-

472 4395 597 4452 set,
634 4401 832 4456 magno
877 4400 1041 4438 cursu
1088 4380 1406 4452 contendit,
1438 4395 1495 4440 et
1546 4401 1642 4441 eos
1671 4399 1807 4440 voce
1856 4384 2050 4455 procul

2151 3191 2327 3261 τέρων
2359 3195 2556 3264 ἐπίσης
2582 3192 2726 3250 εἶναι
2774 3198 2876 3268 τὴν
2904 3201 3181 3268 ἔνστασιν,
3212 3204 3385 3273 αὐτῆς
3423 3220 3482 3257 τε
3516 3205 3648 3274 περὶ
3673 3204 3733 3258 τὸ

2153 3285 2764 3355 εὐεργετεῖν,κάκείνου
2808 3297 2937 3365 περὶ
2986 3295 3045 3348 τὸ
3078 3296 3246 3367 μηδὲν
3291 3297 3584 3368 πεισθῆναι
3623 3297 3734 3353 τῶν

2154 3377 2515 3447 ἀνθρωπίνων
2548 3381 2753 3450 λαϐεῖν,
2780 3386 3156 3456 ἀκριϐέστατα
3182 3389 3501 3461 διεσάφησε.

2224 3642 2353 3699 KB'.
2381 3645 2728 3717 Περιήρχετο
2760 3649 2870 3722 γὰρ
2903 3651 2993 3706 τὸν
3045 3654 3289 3709 οίκίσκον
3322 3655 3544 3713 ἅπαντα
3571 3661 3734 3732 δῆθεν

2156 3735 2501 3805 ἀνερευνῶσα
2546 3741 2616 3792 τά
2653 3742 2710 3793 ὲν
2745 3743 2898 3813 αὑτῷ
2954 3746 3149 3816 σκεύη,
3205 3751 3302 3802 καὶ
3343 3752 3514 3820 μηδὲν
3546 3753 3736 3824 ἕτερον

2157 3826 2341 3880 ἰδοῦσα
2371 3830 2421 3880 εί
2454 3828 2530 3899 μὴ
2578 3830 2796 3900 ψιάθιον
2839 3837 2932 3888 καὶ
2959 3839 3197 3911 σπυρίδα
3248 3841 3425 3913 βραχὺ
3458 3846 3736 3914 φέρουσαν

2158 3915 2318 3980 ἅλας.
2350 3917 2486 3974 Ὑπὸ
2516 3922 2742 3988 τούτους
2769 3927 2895 3989 τοὺς
2921 3927 3055 3991 ἃλας
3087 3933 3318 4000 χρυσίου
3346 3951 3398 3988 τι
3436 3938 3603 4007 μέρος
3639 3956 3736 3992 και

2153 4010 2524 4106 ιτοιθεῖσακα)⁸
2571 4018 2933 4090 περιχώσασα
2972 4022 3049 4086 ὡς
3096 4023 3162 4096 δὴ
3204 4025 3467 4094 λαθοῦσα,
3526 4036 3734 4106 σπουδῇ

2156 4102 2256 4173 τὴν
2295 4104 2463 4176 εὐχὴν
2497 4108 2718 4180 ἀπῄτει,
2752 4114 2848 4166 καὶ
2890 4115 3133 4183 τυχοῦσα
3180 4119 3350 4190 ἐξῄει.
3398 4123 3541 4176 Ἀλλ’
3580 4102 3736 4181 οὐδὲν

2157 4197 2416 4290 ἀπῶνατο
2443 4201 2537 4253 τοῦ
2565 4203 2904 4273 σοφίσματος
2924 4222 2940 4237 ο
2971 4208 3000 4260 ό
3022 4210 3131 4279 γὰρ
3167 4211 3314 4281 ίερδς
3357 4214 3566 4279 ἐκεῖνος
3595 4219 3735 4290 ἀνὴρ

2158 4288 2323 4384 γνοὺς
2364 4288 2550 4384 δρόμῳ
2590 4309 2650 4345 τε
2679 4293 2754 4358 ὼς
2786 4295 2933 4366 εἶχεν
2963 4299 3163 4370 ἐχρῆτο
3185 4304 3278 4356 καὶ
3316 4307 3382 4376 τῇ
3424 4313 3577 4379 φωνῇ
3605 4288 3737 4384 adp—

2161 4380 2338 4451 ῥωθεν
2376 4382 2575 4445 αὐτοὺς
2626 4386 2847 4457 ἐπεῖχεν
2874 4404 2889 4420 ⁸
2933 4385 3051 4444 εἷτα
3096 4395 3193 4447 καὶ
3219 4397 3340 4459 ταῖς
3389 4401 3580 4469 χερσὶν
3615 4380 3737 4456 ιτέι-

475 4477 621 4531 stitit
669 4482 773 4530 :ct
813 4477 1071 4530 manibus
1125 4491 1322 4530 aurum
1381 4476 1638 4544 quatiens
1673 4478 1942 4545 ostendit,
1996 4486 2039 4531 et

2754 4451 2785 4457 __
3319 4451 3335 4459 _
3389 4451 3422 4467 ﬁ
3458 4451 3469 4469 _
3508 4451 3545 4453 η
3618 4451 3707 4456 -.--

2157 4469 2320 4523 σείων
2373 4471 2467 4527 τὸν
2501 4475 2707 4544 χρυσὸν
2736 4479 2974 4547 ἐδείκνυ,
3001 4483 3097 4553 καὶ
3136 4483 3215 4547 ὡς
3266 4486 3368 4538 οὐκ
3414 4488 3529 4559 ἔχει
3581 4492 3735 4562 αὐτῷ

475 4569 616 4624 dixit
647 4583 708 4623 se
747 4570 985 4631 nescire,
1018 4568 1087 4622 ad
1122 4569 1254 4637 quid
1296 4583 1362 4624 eo
1395 4579 1667 4623 uteretur.
1708 4568 1847 4625 Cum
1883 4568 1921 4622 ii
1956 4583 2039 4622 au-

2157 4562 2301 4616 κατά
2333 4564 2387 4617 τί
2427 4567 2735 4637 χρήσασθαι
2769 4570 2945 4639 ἔλεγε.
2994 4576 3118 4627 Τῶν
3147 4578 3202 4631 δὲ
3244 4579 3539 4646 εἰπόντων,
3570 4582 3649 4646 ὡς
3672 4585 3735 4639 Et

475 4669 588 4718 tem
638 4661 910 4715 dixissent
942 4680 956 4715 :
992 4658 1048 4715 Si
1101 4676 1210 4715 non
1262 4661 1361 4715 tibi
1395 4661 1624 4716 omnino
1646 4700 1662 4726 ,
1695 4670 1751 4714 at
1775 4660 2053 4730 aliquibus

482 4753 608 4808 aliis
634 4752 741 4805 erit
774 4752 925 4807 utile.
962 4780 1030 4792 -—
1056 4753 1217 4822 Atqui
1254 4768 1362 4806 non
1415 4753 1542 4818 erit,
1590 4754 1789 4822 inquit,
1823 4751 2053 4821 aliquis,

475 4847 568 4916 qui
611 4844 701 4898 hic
755 4844 913 4913 petit,
954 4851 1041 4898 est
1087 4844 1232 4898 enim
1271 4858 1482 4914 pauper
1510 4845 1689 4911 locus,
1736 4853 1796 4898 ut
1828 4842 2054 4909 videtis,

476 4945 536 4992 et
564 4935 861 4991 admodum
894 4935 1171 4990 desertus.
1218 4934 1357 4990 Cum
1417 4951 1547 4991 vero
1599 4951 1671 4991 ne
1721 4936 1803 4991 sic
1828 4935 2053 5006 quidem

477 5029 816 5099 accipereut,
858 5043 995 5083 auro
1037 5028 1091 5082 in
1137 5027 1368 5083 ﬂuvium
1408 5028 1581 5098 iacto,
1611 5029 1838 5084 recessit
1862 5042 2060 5083 senex.

476 5121 541 5177 In
581 5121 722 5175 alios
775 5135 998 5191 quoque
1029 5136 1137 5175 non
1190 5136 1396 5191 paucos
1447 5120 1725 5191 ejusmodi
1776 5122 1932 5174 aiunt
1959 5134 2055 5175 eos

476 5211 770 5279 incidisse,
796 5212 892 5282 qui
917 5228 1074 5284 atque
1112 5215 1381 5269 cavebant
1404 5216 1630 5271 ouinino
1663 5228 1858 5267 aurum
1889 5226 2057 5267 manu

477 5304 551 5360 ab
591 5306 778 5376 aliquo
806 5309 1081 5376 accipere,
1123 5316 1291 5379 atque
1320 5311 1471 5363 virus
1505 5307 1804 5378 serpentis,
1835 5316 1928 5361 aut
1951 5306 2058 5363 ali-

478 5395 614 5468 quid
659 5397 808 5452 aliud
849 5398 1194 5455 mortiferum
1229 5409 1283 5456 et
1314 5401 1538 5457 exitiale
1585 5416 1687 5456 sua
1736 5408 1932 5470 sponte
1976 5401 2059 5457 bi-

476 5487 630 5544 bere.
662 5490 802 5543 Cum
838 5488 1044 5543 talibus
1083 5504 1216 5557 ergo
1238 5493 1293 5546 in
1336 5489 1572 5561 Egypto
1596 5490 1835 5548 fuissent
1860 5491 2055 5562 repleti

480 5579 789 5645 miraculis,
814 5581 1024 5637 reversi
1055 5591 1188 5636 sunt
1216 5582 1631 5651 Alexandriam,
1662 5592 1718 5639 et
1753 5599 1881 5639 cum
1914 5583 2055 5639 mul-

479 5676 663 5725 torum
701 5672 973 5729 bonorum
1001 5673 1272 5743 virorum,
1322 5677 1417 5747 qui
1452 5676 1568 5733 illic
1611 5682 1790 5744 erant,
1818 5689 2056 5732 consue-

482 5754 686 5842 ιικιίηο.
710 5775 776 5843 ιο.
816 5764 1496 5854 melus-"etimne
1531 5765 1783 5854 ρποξεςξί.
1807 5771 1949 5856 ,εμεξι
1975 5764 2055 5851 .in

876 5842 881 5845 -
893 5840 934 5848 ς-υ-
946 5841 1027 5848 -›ο...
1040 5841 1173 5849 ψ..-
1184 5843 1479 5857 “μ“,,,,,-,“,ν

2161 4656 2235 4725 μή
2272 4655 2356 4710 σοί
2380 4675 2444 4727 γε
2470 4659 2708 4728 πάντως,
2741 4660 2855 4714 ἀλλ’
2877 4665 3089 4736 ἑτέροις
3117 4670 3231 4722 τισὶ
3253 4672 3531 4742 χρήσιμος
3556 4674 3733 4742 (erat,

2157 4749 2271 4803 Καὶ
2297 4749 2405 4821 μὴν
2435 4752 2556 4805 οὐδὲ
2596 4753 2749 4808 ἔσται
2777 4773 2861 4820 τις
2885 4759 2915 4812 ό
2946 4760 3190 4830 αίτήσων
3220 4765 3456 4819 ἐνταῦθα
3483 4783 3498 4798 ·
3530 4770 3738 4841 ἄπορος

2155 4842 2286 4913 γὰρ,
2319 4842 2396 4906 ὡς
2430 4846 2618 4915 ὁρᾶτε,
2660 4848 2688 4900 ό
2712 4849 2898 4915 τόπος,
2931 4853 3025 4905 καὶ
3065 4854 3257 4918 δεινῶς
3287 4856 3514 4927 ἔρημος.
3556 4860 3647 4926 Ὦς
3674 4862 3738 4919 δδ

2164 4933 2301 5003 μηδὲ
2326 4932 2499 4998 οὕτως
2521 4935 2763 5007 ἐδέχετο,
2793 4939 3030 5010 ῥίψαντα
3055 4944 3196 4997 κατά
3228 4944 3325 4998 τοῦ
3357 4948 3603 5018 ποταμοῦ
3642 4950 3738 5005 τὸν

2163 5027 2367 5098 χρυσὸν
2391 5028 2749 5099 ἀναχωρῆσαι
2771 5032 2864 5085 τὸν
2903 5034 3158 5104 γέροντα,
3189 5036 3286 5090 καὶ
3310 5038 3489 5103 ἄλλοις
3513 5042 3570 5094 δέ
3602 5058 3736 5111 φασι

2158 5120 2428 5184 τοιούτοις
2455 5122 2557 5174 οὐκ
2585 5122 2790 5191 ὀλίγοις
2838 5129 3154 5197 περιτυχεῖν
3190 5123 3273 5190 οἷς
3307 5130 3402 5182 καὶ
3448 5131 3510 5182 τὸ
3534 5133 3737 5201 χρυσδν

2157 5210 2298 5274 ὅλως
2342 5214 2407 5283 τῇ
2442 5213 2588 5283 χειρὶ
2641 5217 2799 5285 παρά
2829 5232 2924 5270 του
2948 5218 3141 5271 λαϐεῖν
3182 5220 3380 5289 ἐπίσης
3419 5225 3738 5292 πεφύλακτο

2158 5302 2238 5373 τῷ
2265 5304 2361 5356 καὶ
2401 5303 2478 5356 ἱὸν
2508 5302 2686 5371 δφεως
2730 5308 2970 5379 ἑκοντὶῆ
3018 5311 3148 5366 ἄλλο
3187 5304 3374 5367 τιτῶν
3417 5314 3737 5388 Θανασίμων

2162 5394 2261 5447 καὶ
2315 5393 2633 5466 φθαρτικῶν
2677 5399 2913 5455 ἐκπιεῖν.
2974 5402 3248 5457 Τοιούτων
3297 5405 3394 5459 οὖν
3454 5407 3565 5461 τῶν
3612 5408 3740 5466 κατ’

2161 5485 2446 5556 Αἴγυπτον
2490 5489 2901 5559 ἐμπλησθέντες
2932 5495 3247 5566 θαυμάτων,
3281 5495 3437 5562 αὖθις
3471 5501 3554 5563 είς
3590 5500 3741 5555 Ἀλσ-

2164 5578 2448 5651 ξάνδρειαν
2484 5582 2861 5655 ἐπανήρχοντο
2896 5589 2989 5641 καὶ
3010 5590 3208 5669 τῶνῆίν
3234 5592 3425 5664 ἐκείνῃ
3468 5595 3532 5648 τδ
3552 5593 3741 5648 δεύτε-

2165 5687 2260 5743 ρον
2306 5672 2713 5744 ἐμφορηθέντας
2751 5678 2965 5734 πολλῶν
2999 5698 3061 5736 τε
3094 5684 3191 5736 καὶ
3224 5684 3450 5751 ἀγαθῶν
3502 5685 3737 5759 ἀνδρῶν,

2163 5766 2259 5821 επὶ
2299 5767 2370 5821 τὰ
2398 5764 2500 5838 δρη
2548 5770 2968 5838 μετιστέλλοντο
3007 5772 3044 5830 ἃ
3091 5773 3265 5840 οὕτως
3309 5778 3500 5847 ελεγον
3545 5780 3608 5833 τὸ
3634 5777 3738 5850 τῆς
