4120 6378
447 381 558 445 ’ΠἸ

1756 378 1937 441 VITA
1977 342 2400 447 summa.

3601 385 3709 450 778

438 496 715 567 Νητρίας.
764 493 1163 564 Συγγενόμενοι
1214 492 1273 546 δὲ
1324 492 1419 547 καὶ
1454 494 1569 556 τοῖς
1604 492 1662 545 ὲν
1693 492 1921 555 ἐκείνοις
1945 492 2025 545 ἀν-

2138 502 2375 561 montes,
2400 495 2492 567 qui
2521 497 2786 554 dicuntur
2810 498 3018 559 Nitrim.
3056 502 3352 575 Congressi
3380 511 3561 561 autem
3595 504 3708 562 illic

439 590 602 660 δράσι
635 586 951 657 φιλαρέτοις
987 584 1080 639 καὶ
1129 584 1273 638 κατὰ
1312 583 1412 646 τὰς
1448 583 1705 655 μελίττας
1741 583 1888 637 ἅπαν
1927 583 2024 637 ἆν-

442 680 537 744 θος
557 679 761 752 ἀρετῆς
780 677 1197 748 συλλεξάμενοι,
1219 675 1449 747 πλήρεις
1473 675 1695 744 ἀγαθῶν
1720 677 1801 738 είς
1834 675 2028 748 Ἰερου-

442 777 631 848 σαλὴμ
682 774 1019 847 ἐπανῄεσαν.
1076 772 1414 845 Ἦτοίμαστο
1459 772 1516 825 δὲ
1560 770 1717 842 καὶὴ
1751 771 1927 842 σκηνὴ
1957 771 2024 839 τῇ

442 870 671 939 Μελὰνῃ
699 870 844 922 κατὰ
886 867 998 920 τῶν
1033 866 1263 920 Ἐλαιῶν
1289 865 1436 936 ὅρος,
1474 864 1665 934 ῶσπερ
1693 864 1799 933 ἄρα
1831 863 1925 916 καὶ
1958 865 2023 934 τῇ

449 962 620 1028 μητρὶ
669 956 1066 1026 ἐπετέτραπτο.
1119 953 1318 1008 Αίσίαν
1354 954 1413 1008 δὲ
1444 955 1623 1025 ἀρχὴν
1659 952 1901 1007 λαϐοῦσα
1928 953 2027 1023 τὴν

441 1051 555 1104 τῶν
580 1049 780 1103 Φώτων
805 1049 1043 1120 ἡμέραν,
1071 1048 1272 1117 ἑαυτὴν
1294 1047 1370 1118 τῷ
1394 1048 1622 1119 οἰκίσκῳ
1646 1047 2023 1119 καθείργνυσι,

438 1144 535 1195 καὶ
582 1142 750 1212 νόμον
804 1141 1020 1211 τίθησιν
1072 1142 1240 1211 ἑαυτῇ
1294 1142 1402 1194 τῶν
1455 1139 1557 1210 μέν
1594 1139 1771 1194 ἄλλων
1818 1140 2026 1211 μηδένα

443 1234 586 1303 μήτε
626 1233 757 1304 ὁρᾷν
800 1233 937 1303 μήτε
981 1232 1090 1302 μὴν
1132 1231 1238 1285 ὑπὸ
1288 1232 1517 1302 μηδενὸς
1547 1231 1820 1301 ,ὁρᾶσθαῃ
1856 1231 2030 1303 μητρὶ

440 1325 499 1377 δέ
534 1324 706 1394 αὐτῆς
734 1325 832 1378 καὶ
862 1323 941 1395 τῷ
974 1324 1143 1377 πάλαι
1176 1324 1279 1393 μὲν
1320 1323 1415 1376 τοῦ
1444 1324 1644 1394 γάμου,
1682 1324 1807 1377 τότε
1843 1324 1901 1377 δὲ
1933 1324 2030 1377 αὑ-

421 1395 539 1494 ξτῆς
597 1417 841 1486 κοινωνῷ
884 1416 1042 1487 ἀνδρὶ
1095 1415 1237 1469 κατὰ
1286 1415 1537 1486 περίοδον
1585 1416 1814 1487 ἡμερῶν
1860 1418 2027 1469 πέντε

420 1498 592 1573 ’ἅπαξ
648 1509 903 1578 ὁρᾶσθαι,
963 1496 1059 1561 καὶ
1117 1512 1184 1581 τῇ
1241 1508 1499 1578 ἀδελφιδῇ
1562 1509 1619 1561 δέ
1676 1508 1879 1579 ὁμοίως
1927 1508 2027 1561 ούκ

440 1600 675 1653 ἀθέατον
704 1596 880 1687 εἶναι’
924 1599 1133 1671 ταύτην
1156 1601 1265 1670 γὰρ
1293 1604 1356 1654 ἐκ
1388 1602 1582 1654 πολλοῦ
1609 1602 1873 1671 ἐτύγχανε
1902 1620 2029 1656 παι-

440 1693 774 1762 δαγωγοῦσα
807 1694 903 1748 καὶ
935 1695 1120 1765 πλήρη
1151 1694 1324 1764 τύςου
1353 1697 1449 1749 καὶ
1484 1695 1798 1764 Ῥωμαῖκοῦ
1828 1697 2031 1767 φρονή-

443 1803 613 1856 ματος
651 1785 818 1841 οὖσαν
867 1788 948 1850 είς
1001 1786 1242 1856 ἐσχάτην
1291 1789 1466 1858 ἤγαγε
1529 1789 2025 1858 μετριοφροσύνην,

329 1915 340 1925 σ
442 1880 540 1932 καὶ
561 1877 704 1932 οὕτω
746 1877 950 1937 μᾶλλον
997 1878 1093 1931 τοῦ
1128 1877 1297 1948 ing/ou;
1347 1881 1628 1949 ἐπιτυχεῖν
1683 1881 2030 1950 παρεσκεύα-

445 1988 565 2028 σεν.

514 2062 643 2119 ΚΓ.
677 2062 884 2118 Τοῦτον
939 2060 1061 2119 ὃλόν
1116 2063 1529 2118 ἐπιπονώτατόν
1592 2083 1721 2134 φασι
1775 2065 2026 2134 γενέσθαι

443 2159 515 2229 τῇ
545 2156 769 2227 Meum
799 2156 891 2210 τδν
938 2156 1055 2227 βίον
1087 2157 1169 2220 είς
1201 2155 1296 2227 ἐτη
1327 2157 1829 2226 τεσσαρεσκαίδεκα
1856 2173 1869 2188 ⁸
1906 2153 2028 2211 εἶτα

440 2248 546 2319 τῆς
584 2249 788 2318 μητρὸς
840 2247 978 2318 αὐτῇ
1025 2249 1398 2318 μεταστάσης,
1452 2249 1637 2319 ἐκείνη
1668 2251 1781 2313 τοῖς
1811 2266 2026 2320 νενομι-

418 2344 667 2415 σμένοις
701 2342 872 2413 αὐτὴν
901 2341 1190 2412 τιμήσασα
1240 2341 1334 2394 καὶ¹
1361 2340 1451 2394 τὸν
1500 2340 1694 2411 νεκρὸν
1749 2342 2028 2412 περιστεί-

443 2437 609 2504 λασα,
651 2439 708 2489 ἐν
741 2437 974 2506 οἰκίσκῳ
1006 2435 1180 2505 ἑτέρῳ
1210 2435 1301 2487 τὸν
1328 2434 1571 2487 ἐνιαυτὸν
1598 2434 1807 2489 ἐκεῖνον
1840 2436 2027 2507 διῆγεν

439 2531 680 2599 ἀφεγγεῖ
704 2546 763 2581 τε
794 2529 888 2582 καὶ
915 2526 1088 2581 τᾶλλα
1110 2527 1187 2598 τῷ
1217 2527 1324 2598 πρὸ
1352 2525 1445 2580 τοῦ
1483 2527 1681 2599 ὁμοίῳ,
1712 2527 1842 2582 ἔνθα
1862 2529 1924 2582 τό
1961 2546 2024 2583 τε

442 2621 637 2684 πένθος
682 2622 779 2675 καὶ
830 2621 932 2691 τὴν
965 2621 1198 2691 ἄσκησιν
1232 2620 1326 2672 καὶ
1371 2619 1470 2690 τὴν
1514 2619 1769 2691 νηστείαν
1820 2621 2028 2674 ἐπιτεί-

440 2728 615 2771 νουσα
652 2710 742 2784 ἦν.
774 2714 931 2768 Μετὰ
973 2714 1030 2767 δέ
1078 2713 1276 2777 ταῦτα,
1302 2711 1399 2780 τῆς
1430 2711 1626 2782 φήμης
1672 2711 2026 2783 ἁπανταχόσε

441 2807 830 2877 διαθαινούσης
876 2808 968 2860 καὶ
998 2805 1210 2860 πολλῶν
1242 2806 1317 2867 ὡς
1357 2805 1528 2870 αὐτὴν
1557 2804 1895 2873 φοιτώντων,
1931 2805 2027 2859 καὶ

443 2899 719 2955 κοινόόιον
750 2901 889 2970 αὐτῇ
943 2898 1159 2968 γίνεται
1213 2897 1501 2967 παρθένων
1548 2896 1711 2950 πλέον
1755 2897 1789 2969 ἢ
1844 2898 2029 2970 ἐνενή-

445 3010 634 3058 κοντα,
668 2994 727 3044 ἐν
754 2986 797 3060 ᾧ
826 2993 887 3044 οὐ
942 2991 1208 3060 παρθένοι
1261 2988 1449 3059 μόνον,
1506 2987 1647 3042 ἀλλὰ
1698 2989 1795 3042 καὶ
1830 2990 2026 3046 πολλαὶ

441 3084 555 3138 τῶν
584 3084 842 3155 ἁσέμνων
871 3082 1043 3137 πολλα
1083 3083 1300 3153 χαίρειν
1348 3081 1606 3135 εἰποῦσαι
1655 3079 1734 3152 τῷ
1771 3082 2027 3154 προτέρῳ

2133 602 2353 659 quoque
2385 604 2509 646 cum
2537 592 2675 649 viris
2700 593 2925 652 virtutis
2953 598 3238 664 studiosis,
3265 598 3357 668 qui
3384 597 3495 653 illic
3524 609 3707 666 erant,

2132 694 2256 736 cum
2303 683 2479 739 instar
2511 702 2677 757 apum
2726 706 2945 746 omnem
2995 689 3183 749 ﬂorem
3215 695 3437 750 virtutis
3464 696 3713 767 collegis-

2132 782 2276 837 sent,
2320 776 2463 845 pleni
2522 778 2681 836 bonis
2726 782 3012 840 redierunt
3044 782 3446 860 Hierosolyma.
3482 789 3711 847 Melanaa

2132 881 2262 922 vero
2290 878 2540 938 paratum
2576 883 2697 929 erat
2719 875 3138 934 tabernaculum
3175 878 3230 934 in
3260 892 3449 939 monte
3479 882 3706 949 Oliveti,

2134 959 2281 1013 sicut
2307 961 2469 1016 matri
2495 965 2813 1021 mandatum
2843 966 3041 1023 fuerat.
3070 970 3209 1025 Cum
3244 971 3490 1028 faustum
3524 985 3706 1031 autem

2133 1046 2436 1121 accepisset
2462 1056 2793 1127 principium
2834 1059 2979 1115 diem
3022 1062 3316 1128 luminum,
3352 1066 3589 1136 seipsam
3624 1069 3711 1122 in-

2133 1143 2303 1199 cludit
2343 1147 2399 1201 in
2455 1147 2788 1206 domuncula
2816 1192 2832 1218 ,
2877 1160 2931 1208 et
2989 1152 3161 1225 legem
3212 1157 3316 1211 sibi
3365 1157 3619 1228 imponit,
3652 1173 3715 1215 ut

2132 1235 2368 1291 aliorum
2403 1238 2626 1307 quidem
2685 1242 2897 1297 nullum
2949 1259 3129 1315 neque
3167 1246 3386 1311 videat,
3429 1265 3609 1320 neque
3645 1254 3714 1304 ab

2132 1329 2246 1383 ullo
2282 1328 2581 1386 videatur:
2614 1348 2645 1387 a
2683 1344 2856 1391 matre
2896 1345 3102 1406 autem,
3133 1337 3187 1395 et
3219 1342 3287 1396 ab
3324 1334 3392 1396 eo
3447 1344 3542 1413 qui
3578 1344 3712 1399 olim

2132 1421 2401 1491 coniugii,
2457 1430 2591 1479 tunc
2620 1440 2754 1482 vero
2803 1434 2925 1482 erat
2971 1428 3226 1486 laborum
3277 1433 3488 1501 socius,
3532 1436 3715 1504 spatio

2132 1513 2378 1583 quinque
2425 1515 2642 1572 dierum
2688 1521 2861 1576 semel
2910 1520 3216 1589 videretur,
3251 1532 3305 1578 et
3341 1525 3599 1582 similiter
3629 1528 3712 1583 sui

2131 1616 2418 1676 aspectum
2473 1625 2582 1665 non
2627 1611 2927 1683 denegaret
2960 1616 3353 1685 consobrinae;
3403 1610 3523 1672 eam
3565 1620 3711 1674 enim

2126 1696 2242 1768 jam
2295 1698 2389 1755 diu
2424 1710 2554 1758 ante
2584 1703 2642 1759 in
2680 1720 2836 1761 suam
2878 1707 3230 1779 disciplinam
3262 1719 3547 1780 acceptam
3578 1700 3711 1767 eru-

2132 1791 2341 1859 diebat,
2381 1796 2714 1869 plenamque
2768 1798 2912 1854 fastu
2967 1811 3021 1856 et
3078 1801 3324 1858 Romano
3380 1804 3599 1873 spiritu,
3644 1805 3710 1859 ad

2132 1892 2437 1941 extremam
2477 1890 2781 1945 deduxerat
2811 1892 3166 1960 modestiam,
3203 1903 3259 1949 et
3285 1894 3365 1950 sic
3403 1894 3609 1961 etfecit,
3650 1905 3712 1951 ut

2127 1991 2403 2033 summum
2430 1982 2608 2051 magis
2648 1984 3108 2053 appreltenderet.

2196 2067 2391 2124 XXIII.
2432 2073 2587 2128 lianc
2608 2073 2768 2146 longe
2792 2075 3286 2135 laboriosissimam
3312 2080 3477 2135 vitam
3520 2081 3712 2137 dicunt

2127 2154 2304 2216 fuisse
2321 2161 2549 2221 Melana:
2579 2167 2646 2221 ad
2676 2182 2854 2224 annos
2878 2171 3322 2239 quatuordecim.
3353 2171 3562 2229 Deinde
3584 2189 3707 2228 cum

2127 2262 2304 2308 mater
2331 2254 2383 2309 ei
2413 2257 2763 2329 emigrasset,
2799 2260 2889 2315 illa
2917 2276 3041 2317 cum
3073 2263 3122 2319 ei
3150 2265 3320 2334 justis
3351 2265 3510 2322 factis
3537 2267 3711 2337 ipsam

2127 2343 2505 2416 honorasset,
2565 2362 2620 2407 et
2671 2367 2876 2424 corpus
2933 2357 3379 2428 composuisset,
3428 2361 3485 2415 in
3537 2361 3712 2417 altera

2126 2436 2460 2497 domuncula
2494 2459 2699 2501 annum
2737 2449 3032 2520 transegit,
3066 2466 3190 2522 quae
3222 2455 3446 2510 carebat
3479 2455 3626 2522 luce,
3657 2446 3712 2512 et

2106 2530 2334 2619 alioqui
2387 2542 2509 2589 erat
2554 2537 2724 2604 priori
2757 2538 2981 2609 similis,
3015 2542 3070 2598 in
3102 2560 3211 2616 qua
3242 2546 3584 2616 producebat
3622 2548 3711 2604 lu-

2129 2632 2281 2679 ctum
2313 2634 2371 2681 et
2394 2628 2851 2687 exercitationem
2883 2643 2942 2689 et
2966 2633 3261 2707 jejunium.
3303 2638 3500 2695 Pestea
3528 2648 3711 2700 autem

2126 2730 2257 2770 cum
2297 2714 2440 2773 fama
2486 2718 2544 2774 in
2590 2735 2809 2777 onmem
2845 2731 3055 2793 partem
3086 2729 3442 2797 pervasisset,
3475 2740 3532 2789 et
3560 2734 3714 2791 multi

2126 2807 2196 2863 ad
2246 2823 2366 2863 eam
2417 2813 2778 2885 ventitarent,
2824 2816 2894 2870 ab
2969 2832 3034 2873 ea
3102 2836 3321 2891 quoque
3368 2823 3575 2880 factum
3630 2832 3719 2884 est

2124 2901 2444 2957 coenobium
2477 2903 2605 2973 plus
2639 2920 2807 2975 quam
2840 2909 3142 2981 nonaginta
3173 2910 3479 2983 virginum,
3510 2915 3565 2971 in
3602 2910 3713 2988 quo

2128 3006 2238 3047 non
2293 2995 2474 3049 solum
2531 2995 2801 3067 virgines,
2847 2999 2944 3055 sed
2986 3001 3176 3058 multae
3207 3004 3371 3060 etiam
3400 3023 3523 3078 qua:
3551 3018 3714 3067 antea

2128 3085 2367 3155 turpiter
2424 3086 2715 3157 vixerant,
2768 3089 3012 3160 priorem
3065 3094 3234 3151 vitam
3294 3104 3350 3152 et
3401 3098 3714 3172 voluptates

446 3175 549 3246 βίῳ
587 3176 684 3228 καὶ⁸
705 3175 923 3246 ἡδοναῖς
950 3173 1050 3244 τὴν
1085 3172 1255 3243 καλὴν
1283 3171 1455 3235 ὅντως
1483 3169 1771 3224 ἀλλοίωσιν
1802 3171 2025 3241 ἠλλοιώ-

2130 3175 2362 3231 multum
2410 3179 2595 3236 valere
2628 3180 2911 3251 iubentes.
2962 3199 3094 3242 vere
3128 3188 3415 3258 pulchram
3460 3169 3714 3254 fecerunt

444 3267 639 3339 θησαν.
673 3267 921 3321 Τίθενται
950 3267 1007 3319 δὲ
1056 3264 1284 3328 ταύταις
1338 3263 1438 3316 καὶ
1484 3263 1663 3333 νόμοι,
1696 3263 1758 3316 τὸ
1813 3263 2023 3335 μήποτε

445 3359 586 3431 πρὸς
620 3357 812 3426 λόγους
841 3357 1018 3410 ἐλθεῖν
1065 3356 1240 3427 ἀνδρὶ,
1271 3355 1333 3408 τί,
1378 3353 1653 3424 μηδέποτε
1706 3354 1805 3425 τῆς
1856 3353 2027 3424 μονῆς

442 3450 703 3515 ἐξελθεῖν,
732 3451 794 3503 τὸ
826 3449 1011 3520 μόνοις
1036 3447 1327 3519 ἀρκεῖσθαι
1358 3449 1472 3510 τοῖς
1496 3445 1597 3516 τῆς
1642 3445 1835 3516 μονῆς,
1856 3444 2026 3516 μηδὲν

449 3528 722 3616 μηδέποτε
752 3542 907 3614 παρὰ
935 3541 1046 3597 τῶν
1084 3542 1192 3609 ἔξω
1218 3540 1423 3595 λαϐεῖν.
1445 3539 1721 3611 Ἠγεμόνα
1736 3539 1796 3594 δέ
1826 3538 2024 3610 ἐφίστη

440 3636 546 3706 τῆς
573 3636 814 3706 ποίμνης
839 3635 940 3705 ούχ
971 3634 1199 3704 ἑαυτὴν,
1238 3631 1357 3687 ἀλλ’
1386 3632 1526 3703 αὕτη
1575 3634 1675 3702 μὲν
1706 3627 2027 3699 θεραπαινί-

439 3729 533 3795 δος
573 3730 773 3792 αὐταῖς
812 3727 1137 3798 ἀπεπλήρου
1177 3723 1363 3790 τάξιν
1408 3723 1553 3778 οὕτω
1604 3722 1717 3795 γὰρ
1765 3722 2027 3787 κάκείνας

441 3819 777 3891 ἀνασχέσθαι
800 3821 1091 3885 πέπεικεν,
1123 3817 1191 3873 ἵν’
1210 3819 1330 3889 ἅμα
1354 3817 1450 3871 καὶ
1472 3817 1533 3870 τὸ
1553 3816 1690 3889 πρὸς
1715 3815 1887 3886 αὐτὴν
1909 3814 2029 3886 φίλ-

440 3928 574 3982 τρον
603 3910 850 3979 αὖξοιτο,
904 3910 1005 3965 καὶ
1049 3910 1111 3963 τὸ
1155 3909 1251 3963 τοῦ
1306 3908 1622 3979 μετριάζειν
1670 3908 2027 3979 παράδειγμα

441 4003 679 4074 ἐγγύθεν
725 4004 920 4067 αὑταῖς
973 4003 1084 4075 είη.
1133 4003 1386 4073 Ἑδέχετο
1417 4002 1473 4055 δὲ
1518 4001 1620 4072 τὴν
1653 4001 1832 4072 ἀρχὴν
1863 4000 2027 4072 ἐτέρα

440 4100 477 4170 ἡ
508 4098 607 4151 καὶ
631 4098 818 4170 τρόπῳ
849 4098 945 4150 καὶ
972 4097 1118 4166 λόγῳ
1157 4095 1270 4149 τῶν
1300 4093 1503 4149 λοιπῶν
1544 4093 1912 4164 διαφέρουσαι
1948 4093 2025 4156 ὡς

438 4191 648 4261 ταύτην
680 4190 781 4259 μὲν
822 4188 1115 4259 δεσποίνης
1158 4187 1320 4256 λόγον
1361 4187 1580 4257 ἐπέχειν
1625 4186 1762 4257 πρὸς
1800 4186 1904 4249 τὰς
1930 4181 2022 4238 ὑπ’

441 4282 614 4353 αὐτὴν
634 4282 731 4336 καὶ
755 4280 975 4351 κυρίας,
1001 4279 1103 4349 τὴν
1131 4280 1387 4348 Μελάνην
1423 4278 1479 4331 δὲ
1508 4280 1573 4349 τῇ
1613 4277 1882 4349 θεραπείᾳ
1918 4277 2019 4347 μὲν

437 4374 754 4445 δούληςιτῇ
792 4372 851 4427 δὲ
888 4371 1276 4442 φιλανθρωπίᾳ
1309 4370 1518 4442 μητρός
1540 4387 1554 4401 ο
1598 4370 1704 4424 κᾶν
1749 4369 1934 4422 εἴποτε
1961 4368 2020 4422 δέ

438 4468 535 4519 καὶ
561 4462 764 4533 συνέση
798 4462 889 4515 τὸν
918 4463 1020 4532 τῆς
1042 4461 1374 4530 ἐγκρατείας
1405 4458 1571 4529 ζυγὸν
1603 4460 1709 4513 ὑπὸ
1756 4462 1855 4531 τῆς
1887 4475 2023 4531 προ-

390 4621 394 4625 ,
437 4558 685 4628 εστώσης
742 4554 1046 4628 βαρύτερον
1102 4551 1424 4621 ἐπιτεθῆναι
1457 4555 1585 4615 ταῖς
1639 4552 1917 4621 ἀδελφαῖς,
1960 4550 2020 4616 ὃς

435 4655 558 4716 ταῖς
583 4651 1007 4722 μαλακωτέραις
1032 4647 1131 4701 καὶ
1154 4645 1412 4716 φορτικὸς
1437 4643 1741 4715 ἐνομίζετο,
1772 4645 2020 4715 ἀρκοῦσα

434 4745 668 4808 ταύταις
717 4743 859 4815 πρὸς
888 4740 1238 4809 παράκλησιν
1285 4738 1320 4806 ἡ
1375 4735 1624 4806 μακαρία
1671 4732 1764 4807 ἦν,
1798 4738 1861 4789 τὸ
1898 4737 2019 4791 λίαν

436 4837 740 4910 σκληρύνον
795 4832 1053 4905 ἐμμελῶς
1093 4849 1153 4886 τε
1203 4832 1299 4885 καὶ
1356 4827 1596 4891 συνετῶς
1642 4829 1871 4884 λύουσα.
1908 4830 2018 4884 Καί

434 4949 567 4985 ποτε
594 4931 826 5000 νηστείᾳ
856 4924 1210 4997 τρυχομένων
1240 4922 1420 4977 αὐτῶν
1464 4921 1809 4976 λανθάνουσα
1835 4925 2018 4987 πάσας

433 5024 540 5076 ὑπὸ
571 5024 638 5093 τῇ
692 5022 933 5090 ἑκάστης
968 5018 1124 5092 κλίνῃ
1154 5017 1225 5070 τὰ
1278 5014 1416 5084 πρὸς
1443 5014 1544 5087 τήν
1588 5015 1783 5087 χρείαν
1817 5016 2011 5072 ἐτίθει.

443 5112 512 5166 Ἡ
540 5110 597 5166 δέ
630 5110 871 5182 εὑροῦσα
898 5111 1000 5164 ούκ
1021 5110 1212 5180 ἠγνόει
1236 5109 1341 5183 μὲν
1372 5103 1441 5182 ἧς
1463 5108 1525 5161 τὸ
1551 5109 1737 5179 ἔργον,
1770 5109 2015 5165 λαὸοὗσα

432 5204 492 5257 δέ
527 5204 630 5276 τὴν
663 5205 766 5274 μὲν
798 5203 1007 5256 ἔνδειαν
1045 5200 1192 5255 οὕτω
1220 5200 1618 5271 παρεμυθεῖτο,
1654 5201 1756 5270 τὴν
1789 5201 1847 5255 δέ
1875 5204 2014 5271 πρὸς

433 5296 605 5365 αὐτὴν
670 5296 856 5366 φιλίαν
924 5294 1160 5366 ίσχυρῶς
1248 5295 1527 5366 ἐτρέφετο.
1611 5293 1771 5348 Οὕτω
1832 5296 2017 5365 σοφῶς

434 5390 671 5445 ὑπιοῦσα
703 5389 911 5455 ταύτας
953 5390 1181 5453 εἰκότως
1217 5389 1283 5457 δὴ
1317 5391 1414 5443 καὶ
1442 5389 1774 5444 διδάσκουσα
1828 5389 2018 5474 πειθο-

437 5483 621 5552 μέναις
656 5483 877 5555 ἐχρῆτο.

504 5660 629 5713 KA'.
670 5659 864 5727 Ἔλεγε
891 5658 949 5713 δέ
984 5660 1058 5729 μὴ
1089 5659 1149 5713 τὸ
1195 5660 1358 5732 σῶμα
1386 5662 1496 5717 δεῖν
1529 5664 1718 5733 μόνον,
1749 5665 1887 5721 ἀλλὰ
1917 5668 2014 5720 καὶ
2109 5678 2118 5685 '

430 5754 534 5823 τὴν
560 5753 739 5824 ψυχὴν
792 5755 940 5824 ἔχειν
977 5754 1256 5826 λογισμῶν
1290 5756 1632 5823 ἁγνεύουσαν
1687 5760 2018 5830 φιληδόνων·

431 5845 625 5901 litura
653 5846 835 5918 μέσων
873 5846 973 5916 μὲν
1012 5848 1227 5903 νυκτῶν
1262 5848 1466 5919 μηδένα
1486 5849 1649 5905 ὄκνον
1681 5854 1761 5917 είς
1786 5867 2022 5923 προσευ-

787 5944 1056 6008 ΡΔτιιοι..
1103 5951 1218 6012 Gs.
1268 5946 1483 6011 CXVI.

2131 3272 2513 3329 mutationem.
2564 3274 2932 3346 lmponuntur
2980 3295 3113 3336 vero
3168 3281 3250 3338 eis
3292 3299 3512 3358 quoque
3544 3288 3715 3362 leges,

2133 3371 2189 3414 ut
2220 3374 2345 3415 cum
2373 3362 2493 3418 viro
2530 3378 2814 3438 nunquam
2844 3366 3157 3424 sermonem
3187 3371 3501 3445 conferant,
3534 3394 3717 3451 neque

2126 3465 2195 3507 ex
2246 3456 2590 3511 monasterio
2636 3467 2860 3525 exeant,
2915 3468 2971 3516 et
3018 3460 3087 3516 ab
3121 3461 3194 3519 iis
3246 3468 3340 3537 qui
3376 3477 3506 3525 sunt
3536 3482 3715 3541 extra,

2129 3546 2270 3601 nihil
2308 3563 2551 3619 unquam
2584 3553 2882 3624 accipiant.
2932 3552 3141 3612 Ducem
3173 3567 3357 3615 autem
3386 3564 3571 3635 gregis
3608 3583 3714 3622 non

2131 3636 2372 3707 seipsam
2422 3642 2747 3711 constituit,
2803 3645 2901 3701 sed
2955 3646 3076 3718 ipsa
3131 3650 3357 3721 quidem
3413 3656 3558 3727 apud
3620 3670 3716 3713 eas

2128 3730 2352 3786 tenebat
2380 3731 2562 3789 locum
2583 3735 2798 3792 ancillae
2823 3755 2842 3792 :
2874 3740 2956 3795 sic
2984 3742 3157 3810 enim,
3183 3752 3244 3799 ut
3265 3746 3322 3801 id
3352 3750 3715 3816 sustinerent,

2129 3819 2202 3878 iis
2238 3825 2533 3892 persuasit.
2583 3837 2641 3881 ut
2670 3829 2836 3885 simul
2864 3840 2919 3887 et
2948 3846 3106 3890 amor
3148 3837 3203 3892 in
3247 3852 3369 3894 eam
3399 3851 3715 3912 augeretur,

2126 3922 2185 3971 et
2213 3915 2297 3972 eis
2327 3927 2473 3974 esset
2494 3921 2876 3992 propinquum
2908 3929 3249 3999 exemplum,
3283 3939 3344 3987 ut
3376 3948 3439 3989 se
3466 3934 3717 3992 modeste

2128 4015 2437 4075 gererent:
2487 4010 2791 4068 rectionem
2843 4030 2973 4070 vero
3026 4021 3273 4090 suscepit
3321 4022 3433 4077 alia
3488 4039 3611 4094 quae
3659 4034 3718 4082 et

2128 4098 2381 4156 moribus
2420 4110 2478 4157 et
2524 4104 2783 4160 oratione
2816 4110 3114 4177 praestabat
3163 4115 3376 4169 cmteris
3423 4131 3439 4170 :
3484 4116 3621 4173 adeo
3656 4128 3717 4173 ut

2126 4206 2193 4247 ea
2225 4192 2451 4262 quidem
2480 4194 2624 4266 apud
2652 4210 2746 4252 eas
2772 4213 2897 4268 quae
2941 4199 2989 4254 ei
3037 4201 3328 4271 parebant,
3361 4204 3543 4261 locum
3575 4207 3715 4264 obti-

2128 4292 2286 4340 neret
2315 4285 2592 4342 dominae:
2642 4287 2855 4343 Melana
2904 4300 3111 4359 autem,
3157 4292 3428 4365 obsequio
3469 4296 3713 4367 quidem,

2128 4377 2367 4444 ancillae,
2401 4378 2746 4450 benignitate
2776 4396 2929 4449 vero,
2963 4384 3176 4441 matris.
3221 4385 3380 4453 Quod
3414 4388 3461 4443 si
3493 4392 3717 4459 quando

2128 4471 2457 4543 contigisset
2511 4488 2654 4529 onus
2700 4474 3056 4533 abstinentiae
3104 4492 3135 4532 a
3189 4479 3450 4549 praelecta
3489 4486 3716 4554 gravius

2130 4564 2342 4636 imponi
2395 4567 2710 4632 sororibus,
2764 4568 2911 4638 quod
2968 4570 3317 4629 mollioribus
3349 4578 3718 4646 reputabatur

2130 4658 2446 4724 molestum,
2502 4661 2586 4716 eis
2636 4659 2705 4715 ad
2744 4660 3183 4719 consolationem
3222 4665 3384 4723 beata
3415 4668 3719 4726 subiciebat

2128 4750 2363 4816 Melana,
2402 4764 2545 4821 quae,
2584 4752 2733 4823 quod
2775 4752 2858 4809 eis
2897 4754 3099 4810 durum
3139 4769 3276 4826 erat,
3329 4769 3457 4831 apte
3496 4771 3553 4817 et
3580 4778 3718 4833 pru-

2128 4842 2322 4899 denter
2371 4844 2678 4909 molliebat,
2734 4853 2791 4901 et
2840 4860 2967 4901 cum
3017 4848 3318 4919 aliquando
3345 4850 3718 4923 amigerentur

2123 4930 2356 5000 jejunio,
2409 4932 2778 4991 inscientibus
2808 4937 3090 5004 omnibus,
3127 4939 3230 4994 sub
3266 4940 3710 5014 uniueusjnsque

2124 5025 2268 5080 lecto
2318 5026 2557 5093 ponebat
2598 5042 2662 5082 ea
2695 5042 2819 5098 quae
2848 5037 3016 5085 erant
3059 5030 3130 5086 ad
3159 5046 3323 5087 usum
3365 5035 3708 5092 necessaria.

2125 5116 2220 5170 llla
2255 5126 2441 5174 autem
2483 5135 2612 5174 cum
2667 5120 2995 5187 invenisset,
3024 5139 3133 5178 non
3167 5124 3463 5195 ignorabat
3488 5126 3714 5198 quidem

2126 5207 2256 5277 quis
2306 5207 2411 5263 hoc
2462 5207 2706 5275 fecisset,
2764 5212 3047 5282 accipiens
3089 5228 3243 5279 vero,
3291 5217 3375 5271 sic
3406 5217 3713 5274 remedium

2128 5298 2391 5355 all'crebat
2421 5302 2643 5372 inopiae,
2683 5305 2736 5357 in
2782 5303 2960 5373 ipsam
3011 5315 3195 5362 autem
3253 5308 3416 5364 valde
3462 5325 3715 5379 magnam

2131 5390 2494 5451 conservabat
2521 5396 2985 5453 benevolentiam.
3012 5397 3106 5454 Sic
3134 5399 3415 5469 sapienter
3442 5403 3496 5457 in
3525 5418 3717 5459 earum

2132 5487 2349 5540 animos
2381 5486 2690 5553 insinuans,
2724 5489 2924 5545 merito
2973 5491 3142 5547 etiam
3174 5506 3301 5549 cum
3328 5509 3426 5551 eos
3457 5495 3715 5563 docebat,

2137 5578 2373 5632 habebat
2404 5594 2613 5635 morem
2648 5590 2929 5651 gerentes.

2210 5668 2397 5724 XXIV.
2444 5670 2672 5729 Dicebat
2703 5682 2914 5742 autem,
2949 5690 3059 5732 non
3089 5685 3348 5749 oportere
3377 5680 3555 5737 solum
3593 5697 3721 5739 cor-

2136 5776 2259 5830 pus,
2302 5762 2400 5818 sed
2443 5763 2607 5818 etiam
2654 5767 2902 5823 animum
2933 5784 3156 5841 quoque
3187 5781 3404 5828 castum
3434 5783 3489 5832 et
3520 5789 3718 5847 purum

2136 5868 2360 5912 servare
2390 5871 2422 5911 a
2450 5857 2769 5920 libidinosis
2803 5863 3261 5935 cogitationibus.-
3295 5866 3495 5923 dcinde
3539 5871 3712 5925 media

3201 5960 3284 6025 25
