4128 6384
505 330 610 394 Ἱῖ9

1744 326 2026 385 MENSIS
2068 326 2315 384 DECEM
2329 327 2498 389 BER.

3675 328 3787 393 τεο

507 443 728 498 tuidem
763 448 923 495 nocte
959 438 1024 495 ad
1057 453 1251 508 preces
1302 437 1511 492 nullam
1565 438 1862 494 ostendere
1918 439 2089 509 pigri-

2204 440 2294 509 κάς
2318 440 2747 506 ἐπιδείκνυσθαι,
2781 441 3083 512 εὐχομένοις
3126 443 3183 498 δὲ
3219 441 3294 515 μὴ
3323 443 3390 498 τά
3423 447 3582 516 χείλη
3619 446 3786 516 μόνον

509 541 665 600 tiam,
697 543 990 606 precantes
1022 548 1151 587 vero
1186 547 1296 586 non
1328 532 1504 587 solum
1540 532 1692 586 labra
1728 548 1966 597 movere,
1995 532 2090 588 sed

510 631 685 685 multo
723 627 896 697 magis
949 635 1117 680 totam
1157 625 1322 680 simul
1359 640 1555 694 cogere
1586 627 2000 695 cogitationem,
2038 632 2095 680 et

509 721 775 775 adhibere
829 727 1068 773 mentem
1134 719 1204 772 iis
1259 734 1383 789 qum
1437 719 1720 773 dicuntur.
1775 719 2092 774 Absurdum

509 815 654 869 enim
688 827 835 876 esse,
875 814 1018 866 bona
1067 811 1290 883 quidem
1329 828 1356 865 a
1401 811 1511 864 Deo
1564 821 1771 883 petere.
1812 828 1922 866 non
1965 812 2093 867 dili-

510 919 706 976 genter
759 912 943 958 autem
998 912 1053 958 et
1096 905 1341 958 studiose
1380 919 1443 957 ea
1477 912 1683 973 petere,
1715 913 1768 958 et
1799 905 1864 957 ad
1907 919 2090 975 regem

509 1001 731 1071 quidem
762 998 1051 1051 mortalem
1076 996 1426 1058 accedentes,
1464 1007 1518 1050 et
1549 997 1742 1052 habitu
1775 1003 1832 1051 et
1863 1005 2092 1067 aspectu

509 1101 565 1145 et
627 1090 807 1144 modis
876 1088 1137 1143 omnibus
1196 1103 1308 1157 pra:
1384 1103 1444 1142 se
1488 1087 1633 1142 ferre
1688 1090 2091 1157 reverentiam,

509 1187 578 1240 ad
613 1184 917 1239 terribilem
971 1197 1104 1236 vero
1159 1181 1526 1235 immortalem
1568 1196 1748 1251 regem
1788 1185 2093 1246 venientes,

512 1297 623 1336 n0n
667 1279 842 1333 tnulto
888 1278 1065 1345 magis
1110 1275 1176 1328 ad
1217 1273 1558 1328 Dominicam
1610 1275 1993 1329 auctoritatem
2043 1283 2099 1330 et

512 1377 785 1428 inlinitam
837 1369 1220 1426 excellentiam
1271 1368 1497 1422 timidos
1541 1369 1826 1424 assistere.
1858 1367 1995 1423 Cum
2030 1368 2098 1422 de

514 1467 598 1520 bis
645 1467 758 1519 haec
815 1462 1201 1524 disseruisset,
1271 1460 1498 1512 transiit
1559 1459 1627 1512 ad
1692 1468 1927 1514 matrem
1973 1473 2096 1511 om-

513 1557 665 1612 nium
709 1553 1063 1616 citaritatem,
1097 1549 1278 1605 omnia
1338 1565 1459 1604 esse
1500 1565 1641 1604 vana
1675 1560 1729 1605 et
1763 1563 2098 1618 supervaca-

514 1663 617 1704 nea
680 1647 800 1703 sine
853 1645 956 1700 bac
1017 1643 1407 1715 pronuntians.
1441 1640 1516 1696 De
1548 1657 1652 1712 qua
1699 1649 1752 1695 (ιι
1786 1642 1956 1696 multa
1990 1643 2098 1698 alia

513 1737 770 1793 oratione
801 1746 887 1791 est
913 1745 1230 1807 persecuta,
1258 1743 1312 1789 et
1340 1734 1482 1804 quod
1519 1734 1625 1786 alia
1649 1733 1871 1804 quidem
1903 1743 2098 1789 nostra

2204 532 2396 596 κινεῖν,
2426 531 2562 586 ἀλλὰ
2589 531 2770 602 πολλῷ
2795 533 3060 605 πρότερον
3093 534 3184 588 τὸν
3225 535 3492 607 λογισμὸν
3521 541 3790 593 πάντοθεν

2204 627 2532 692 συγκροτεῖν
2583 628 2678 677 καὶ
2713 625 2803 678 τὸν
2835 625 2963 678 νοῦν
3016 627 3130 688 τοῖς
3162 629 3479 698 λεγομένοις
3532 632 3790 702 ἐρείδειν.

2207 716 2445 768 Ἀτοπον
2480 717 2590 787 γὰρ
2639 718 2707 770 τά
2736 718 2917 786 ἀγαθά
2973 719 3072 789 μὲν
3111 722 3262 790 παρά
3304 722 3440 775 Θεοῦ
3476 725 3674 789 αίτεῖν,
3714 727 3792 797 μὴ

2205 807 2511 870 σπουδαίως
2541 809 2598 861 δὲ
2647 809 2743 872 τὰς
2786 811 3036 882 αἰτήσεις
3069 815 3267 875 ποιεῖν,
3308 815 3405 868 καὶ
3442 815 3656 883 βασιλεῖ
3691 818 3795 887 μὲν

2205 900 2387 971 θνητῷ
2435 902 2795 971 παρεστῶτας
2840 905 3086 974 σχήματί
3116 922 3177 957 τε
3229 906 3324 959 καὶ
3370 905 3645 977 βλέμματι
3699 911 3794 961 καὶ

2206 995 2342 1045 πᾶσι
2378 993 2600 1063 τρόποις
2633 994 2692 1046 τὸ
2723 994 2954 1058 εὐλαϐὲς
2989 996 3417 1058 ἐπιδείκνυσθαι,
3464 1000 3542 1070 τῷ
3573 999 3792 1072 φοϐερῷ

2203 1086 2259 1139 δὲ
2300 1090 2392 1140 καὶ
2429 1087 2688 1141 ἀθανάτω
2720 1087 2934 1157 βασιλεῖ
2962 1091 3288 1158 προσιόντας
3332 1093 3406 1162 μὴ
3441 1093 3623 1162 πολλῷ
3657 1096 3794 1161 μᾶλ-

2205 1179 2296 1231 λον
2327 1179 2468 1248 πρὸς
2507 1178 2568 1230 τὸ
2623 1178 2942 1231 δεσποτικὸν
2985 1179 3208 1250 ἀξίωμα
3240 1183 3336 1234 καὶ
3388 1183 3489 1253 τὴν
3536 1185 3795 1256 ἀμέτρως

2206 1271 2515 1342 ὑπερϐολὴν
2557 1271 2832 1341 ἐμφόϐους
2868 1271 3262 1342 παρίστασθαι.
3295 1275 3539 1330 Τοιαῦτα
3586 1278 3651 1349 δὴ
3699 1282 3794 1333 καὶ

2206 1363 2336 1432 περὶ
2363 1364 2553 1416 τούτου
2579 1363 2927 1434 διαλεχυεῖσα
2947 1365 3152 1434 ὲπ“.τὴν
3180 1368 3392 1438 μητέρα
3419 1371 3609 1422 πασῶν
3637 1373 3787 1440 μετέ·

2206 1453 2356 1507 ὕαινε
2389 1454 2486 1526 τὴν
2514 1456 2756 1524 ἀγάπην,
2803 1458 3010 1526 μάταια
3047 1460 3224 1512 πάντα
3257 1463 3425 1530 χωρὶς
3440 1461 3642 1532 ταύτης
3663 1465 3784 1515 ἀπο-

2207 1549 2510 1619 φαινομένη
2529 1552 2622 1602 καὶ
2641 1551 2896 1618 περιττά.
2923 1554 2990 1606 lle
3004 1554 3054 1621 ρί
3069 1549 3136 1624 ἧς
3154 1555 3288 1607 ἄλλα
3304 1571 3362 1606 τε
3385 1555 3554 1608 πολλά
3568 1556 3793 1626 διεξῄει,

2207 1643 2300 1693 καὶ
2329 1642 2410 1694 ὅτι
2455 1641 2623 1695 τᾶλλα
2660 1643 2760 1713 μὲν
2792 1643 2949 1714 ἡμῶν
2998 1647 3092 1698 καὶ
3133 1649 3160 1699 ὁ
3211 1649 3450 1718 πονηρὸς
3503 1651 3794 1719 μιμεῖσθαι

2207 1733 2455 1801 δύναται,
2486 1730 2599 1788 οἷον
2647 1737 2868 1791 ἀσιτίαν
2897 1737 3063 1806 φάναι
3091 1740 3186 1792 καὶ
3228 1740 3540 1810 ἀγρυπνίαν
3570 1742 3664 1795 καὶ
3691 1742 3796 1795 ὅσα

510 1833 790 1902 malignus
838 1832 1052 1887 dannon
1103 1835 1288 1899 potest
1332 1826 1563 1890 imitari,
1619 1836 1677 1880 ut
1728 1827 1878 1880 verbi
1932 1843 2096 1882 causa

2205 1829 2334 1897 περί
2361 1827 2424 1880 τὸ
2457 1829 2617 1899 σῶμα
2659 1829 2952 1900 τυγχάνειο
2989 1829 3211 1883 πάντων
3249 1834 3360 1901 γὰρ
3411 1831 3616 1885 τούτων
3645 1831 3789 1885 ἀνώ-

510 1925 751 1980 inediam
781 1932 834 1979 et
865 1923 1126 1992 vigiliam,
1150 1930 1205 1976 et
1233 1935 1575 1992 qumcnnqne
1611 1920 1660 1972 in
1700 1935 1931 1988 corpore
1967 1935 2102 1975 con-

508 2018 734 2074 sistunt.
769 2014 908 2070 Nam
940 2015 1244 2070 secundum
1280 2023 1534 2069 naturam
1569 2014 1684 2083 ipse
1716 2014 1802 2069 his
1835 2013 2098 2069 omnibus

511 2113 792 2182 superior,
823 2118 877 2166 et
905 2124 935 2164 a
968 2109 1123 2162 nullo
1153 2122 1345 2162 eorum
1383 2105 1528 2158 vinei
1560 2107 1824 2174 pottterit.
1861 2105 2098 2162 Humili-

506 2206 640 2261 tatis
705 2213 890 2258 autem
948 2212 1003 2255 et
1061 2199 1353 2254 cbaritatis
1409 2213 1520 2252 non
1577 2199 1753 2269 magis
1808 2198 2096 2254 nobiscum

510 2301 716 2356 habere
769 2299 1015 2369 potuerit
1069 2296 1576 2367 participationem,
1636 2309 1800 2364 quam
1861 2294 2103 2349 tenebra:

512 2395 676 2461 lucis,
730 2403 784 2448 et
829 2393 1024 2446 vitium
1083 2390 1308 2444 virtutis
1355 2405 1369 2440 :
1426 2388 1520 2458 qni
1569 2388 1735 2443 etiam
1771 2397 1989 2457 propter
2011 2401 2098 2453 ea,

512 2503 637 2558 quae
679 2494 808 2541 sunt
849 2493 1060 2538 natura:
1110 2481 1348 2537 maxime
1403 2483 1712 2545 contraria,
1754 2481 2095 2549 superbiam,

511 2582 762 2650 inquam,
817 2587 871 2632 et
915 2579 968 2631 in
1007 2577 1258 2632 homines
1317 2573 1785 2639 malevolentiam,
1845 2588 1911 2628 ex
1976 2573 2095 2626 luce

513 2674 684 2729 miser
745 2670 975 2726 ell'ectus
1029 2676 1114 2724 est
1177 2667 1446 2722 tenebrae.
1507 2666 1650 2720 Ante
1719 2666 1901 2720 omnia
1965 2682 2094 2719 vero

514 2765 734 2822 dicebat
769 2772 1026 2833 Oportere
1062 2775 1397 2816 conservare
1435 2766 1642 2813 rectam
1680 2758 1865 2824 ﬁdem,
1908 2772 2095 2827 puram

2198 1938 2356 1991 τερος
2388 1922 2550 1982 αὐτὸς
2582 1922 2726 1974 κατά
2762 1923 2948 1992 φύσιν,
2988 1925 3085 1978 καὶ
3131 1923 3346 1988 οὐδενὸς
3376 1926 3442 1978 ἂν
3477 1925 3587 1977 τῶν
3617 1925 3796 1979 toto-3-

2197 2033 2306 2068 των
2330 2013 2596 2085 ἡττηθείη
2654 2016 2785 2068 ποτέ
2813 2031 2827 2045 ⁶
2866 2015 3381 2086 ταπεινοφροσύνης
3409 2016 3466 2069 δὲ
3516 2017 3610 2069 καὶ
3655 2016 3796 2084 ἀγά-

2199 2121 2308 2175 πης
2338 2104 2399 2157 ού
2431 2103 2592 2174 μόνον
2619 2105 2751 2174 ἡμῖν
2779 2108 3166 2175 κοινωνήσειεν
3187 2107 3218 2177 ἦ
3243 2107 3322 2176 τῷ
3349 2106 3491 2175 φωτὶ
3511 2107 3573 2160 τὸ
3599 2108 3791 2170 σκότος

2199 2199 2292 2249 καὶ
2323 2198 2550 2266 ἡκακία
2579 2201 2645 2269 τῇ
2677 2200 2848 2269 ἀρετῇ
2874 2213 2884 2225 ·
2916 2201 2972 2262 δς
3004 2216 3065 2267 γε
3099 2203 3198 2253 καὶ
3227 2201 3314 2254 διὰ
3341 2202 3406 2253 τὰ
3442 2199 3605 2268 φύσει
3637 2204 3793 2255 ἐναν-

2200 2289 2470 2352 τιώτατα,
2527 2290 2912 2361 ὑπερηφανίαν
2974 2293 3118 2362 φημὶ
3189 2294 3282 2345 καὶ
3333 2293 3786 2363 μισανθρωπίαν.

2199 2380 2388 2444 άολιος
2427 2383 2492 2433 ἐκ
2527 2385 2705 2450 φωτὸς
2739 2383 2934 2447 σκότος
2963 2384 3176 2452 γέγονε.
3220 2386 3331 2455 Πρὸ
3361 2385 3416 2436 δὲ
3442 2386 3662 2438 πάντων
3689 2385 3792 2454 τὴν

2196 2473 2363 2544 ὀρθὴν
2409 2475 2565 2542 ἔλεγε
2609 2477 2791 2529 πίστιν
2843 2477 3218 2531 ἀνενδοίαστον
3257 2496 3316 2530 τε
3366 2480 3462 2532 καὶ
3510 2480 3790 2548 ἀκραιφνῆ

2200 2569 2511 2637 συντηρεῖν,
2547 2566 2622 2630 ὡς
2646 2569 2674 2622 δ
2702 2585 2765 2636 γε
2801 2569 2972 2622 τᾶλλα
3005 2571 3102 2638 μὲν
3139 2569 3545 2641 κατωρθωκὼς,
3578 2573 3709 2640 περὶ
3733 2571 3792 2622 δὲ

2204 2661 2409 2728 ταύτην
2443 2661 2794 2728 ἐπιδοιάζων,
2845 2663 2972 2733 περὶ
3004 2663 3135 2715 αὐτὸ
3176 2663 3234 2714 τὸ
3270 2663 3563 2730 κεφάλαιον
3595 2666 3689 2718 καὶ
3728 2663 3792 2715 τὸ

2208 2754 2573 2826 καιριώτατον
2605 2756 2825 2808 πάντων
2854 2756 3006 2810 ἔσται
3033 2758 3447 2828 διημαρτηκώς.

479 2843 568 2920 ἐι
609 2863 758 2919 circa
815 2860 982 2914 ullam
1017 2857 1446 2912 dubitationem.
1487 2854 1625 2909 Nam
1693 2855 1785 2925 qui
1828 2854 1882 2908 in
1953 2853 2078 2908 aliis
2117 2853 2341 2922 quidem
2398 2868 2456 2908 se
2515 2861 2662 2909 recte
2713 2854 2906 2922 gessit,
2959 2855 3014 2908 in
3068 2855 3170 2909 hac
3220 2864 3400 2910 autem
3449 2856 3685 2924 dubitat,
3734 2858 3788 2912 in

510 2975 578 3017 eo
622 2957 768 3026 quod
803 2965 890 3013 est
925 2955 1265 3026 przeeipuum
1311 2962 1366 3008 et
1408 2960 1575 3022 caput
1611 2953 1881 3017 omnium,
1928 2951 2290 3005 aberrat'erit.
3070 2941 3073 2943 ’

590 3054 757 3111 XXV.
798 3053 1180 3113 Cumautem
1243 3050 1455 3106 videret
1500 3049 1701 3104 multas
1747 3064 1811 3103 ex
1852 3048 1922 3102 iis
1979 3062 2101 3118 quae

511 3159 673 3206 erant
717 3147 859 3218 apud
901 3148 1099 3217 ipsam,
1139 3143 1470 3200 mulieribus
1505 3143 1688 3213 magni
1737 3142 1918 3197 facere
1954 3142 2099 3213 jeju-

511 3243 711 3304 nium,
761 3252 815 3295 et
863 3239 1104 3304 timeret,
1154 3252 1224 3292 ne
1269 3236 1322 3290 in
1375 3251 1441 3291 eo
1483 3236 1862 3290 existimantes
1914 3236 2096 3290 omnia

485 3314 816 3395 'contineri,
855 3331 994 3384 alias
1025 3330 1264 3384 virtutes
1307 3328 1667 3398 negligerent,
1707 3327 1840 3381 tales
1876 3327 1958 3384 eis
1997 3327 2100 3382 ad-

514 3428 724 3482 ducens
779 3424 1201 3486 simiiitmlines,
1244 3421 1311 3476 ad
1363 3424 1611 3491 ipsarum
1659 3421 1933 3476 excitabat
1981 3430 2100 3473 stu-

514 3521 690 3576 dium.
729 3517 957 3573 Dicebat
991 3519 1159 3582 enim,
1199 3520 1438 3572 animam
1480 3516 1698 3587 quidem
1737 3531 1862 3570 esse
1889 3529 2104 3583 sponsae

513 3613 754 3669 similem
792 3628 805 3663 :
842 3625 964 3681 quae
1023 3619 1153 3665 Sunt
1204 3617 1389 3664 autem
1427 3608 1576 3662 circa
1610 3608 1784 3675 ipsam
1844 3605 2101 3666 virtutes,

515 3704 855 3768 nuptialibus
891 3703 1229 3758 indumentis
1270 3713 1716 3768 unamquamque
1763 3707 1970 3766 partem
2002 3695 2104 3748 ali-

516 3813 682 3869 quam
715 3798 966 3866 corporis
1015 3810 1236 3850 ornare.
1279 3792 1562 3859 Jejnniuzn
1593 3806 1726 3846 vero
1757 3805 1877 3846 esse
1903 3790 2101 3859 pedum

517 3902 927 3946 ornamentum.
966 3889 1252 3956 Quomodo
1291 3902 1424 3956 ergo
1455 3900 1580 3939 cum
1613 3884 1735 3938 aliis
1767 3881 2104 3936 indumentis

517 3993 736 4056 oportet
779 3985 943 4038 etiam
996 3997 1060 4036 ea
1111 3981 1338 4042 habere,
1377 3994 1498 4048 qua:
1550 3976 1714 4047 pedes
1762 3983 1986 4038 ornant,
2029 3975 2104 4027 ita

515 4078 681 4130 etiam
739 4075 938 4128 anima:
977 4087 1102 4126 cunt
1148 4071 1270 4123 aliis
1305 4070 1500 4123 adesse
1549 4074 1768 4136 oportet
1807 4065 2102 4134 jejunium.

520 4164 578 4220 Si
621 4167 748 4234 quis
800 4157 1227 4216 autetn'rursus
1277 4160 1398 4228 ejus
1445 4161 1664 4227 quidem
1699 4156 1871 4211 solius
1911 4169 2103 4208 curam

519 4259 680 4326 gerit,
721 4254 826 4306 alia
869 4269 1000 4307 vero
1039 4253 1224 4305 omnia
1271 4251 1521 4319 negligit,
1555 4263 1663 4301 non
1694 4256 1774 4300 est
1815 4259 1879 4299 ea
1920 4244 2105 4298 anima

517 4345 809 4402 dissimilis
841 4345 916 4396 illi
952 4343 1169 4413 puellae,
1208 4357 1330 4410 quae
1381 4355 1509 4395 cum
1551 4337 1847 4391 duceretur
1897 4332 1966 4387 ad
2007 4349 2108 4386 nu-

511 4440 683 4508 ,ptias,
721 4446 776 4489 et
816 4437 996 4490 solum
1024 4437 1189 4502 pedes
1217 4432 1322 4487 sibi
1352 4432 1648 4493 induisset,
1680 4427 1892 4496 reliqua
1921 4423 2105 4480 omnia

452 4593 459 4599 η
517 4529 741 4600 reliquit
784 4529 1038 4582 inornata
1089 4535 1144 4582 et
1203 4525 1373 4580 nuda.
1425 4525 1500 4578 De
1547 4521 1864 4578 obcdicntia
1898 4527 2102 4582 autem,

2272 3047 2399 3100 KE'.
2450 3046 2665 3118 ὐρῶσα
2687 3047 2743 3101 δὲ
2771 3047 2974 3111 πολλὰς
3005 3048 3111 3101 τῶν
3142 3049 3268 3120 περὶ
3318 3049 3489 3121 αὐτὴν
3515 3048 3794 3118 γυναικῶν

2199 3140 2262 3193 τὺ
2281 3140 2566 3208 νηστεύειν
2598 3159 2664 3195 πε
2673 3143 2726 3212 pi.
2749 3141 2948 3194 πολλοῦ
2971 3145 3324 3214 ποιουμένας,
3360 3144 3456 3196 καὶ
3479 3143 3790 3214 φοϐουμένη

2208 3232 2285 3302 μὴ
2310 3231 2373 3284 τὸ
2412 3233 2519 3285 πᾶν
2551 3233 2695 3302 ἔχειν
2725 3236 2784 3286 ἐν
2814 3233 2992 3304 τούτῳ
3034 3234 3284 3301 δόξασαι,
3325 3235 3435 3288 τῶν
3465 3235 3640 3288 ἄλλων
3664 3237 3793 3307 ἀρε-

2205 3325 2312 3377 τῶν
2345 3326 2622 3394 ἀμελοῖεν,
2651 3327 2869 3390 είκὸνας
2901 3327 3224 3382 ύποτιθεῖσα
3245 3329 3503 3392 τοιαύτας
3533 3329 3666 3398 πρὸς
3693 3330 3795 3399 τὴν

2203 3417 2384 3472 αὐτῶν
2437 3418 2688 3487 ἠρέθιζεν
2747 3421 3091 3491 ἐπιμέλειαν.
3125 3421 3320 3490 Ἔλεγε
3379 3423 3486 3492 γὰρ
3538 3423 3638 3489 τὴν
3691 3423 3793 3490 μὲν

2202 3507 2384 3580 ψυχὴν
2415 3511 2652 3564 ἑοικέναι
2682 3513 2896 3585 νύμφῃ,
2955 3516 3055 3576 τὰς
3107 3514 3164 3568 δὲ
3221 3516 3350 3586 περὶ
3384 3517 3554 3586 αὐτὴν
3587 3515 3793 3586 ἀρετὰς

2204 3605 2502 3672 νυμφικαῖς
2549 3603 2784 3670 στολαῖς,
2821 3608 3061 3676 ἑκάστην
3095 3609 3265 3678 μέρος
3313 3625 3366 3660 τι
3410 3607 3506 3661 τοῦ
3538 3609 3790 3676 σώματος

2204 3696 2702 3760 καλλωπίζουσανο
2755 3703 3013 3769 νηστείαν
3047 3701 3103 3753 δὲ
3152 3701 3360 3770 κόσμον
3392 3698 3533 3756 εἶναι
3588 3703 3788 3760 ποδῶν.

2209 3790 2417 3863 ’Ὠσπερ
2451 3787 2546 3846 οῦν
2594 3793 2877 3863 προσῆκόν
2909 3795 3029 3846 ἐστι
3056 3796 3154 3848 σὺν
3179 3797 3291 3858 τοῖς
3327 3796 3503 3860 ἄλλοις
3543 3797 3606 3868 δὴ
3641 3814 3793 3866 περε-

2205 3885 2566 3955 6>.ήμασικαὶ
2614 3887 2680 3939 τὰ
2706 3889 2831 3949 τοὺς
2889 3887 3056 3949 πόδας
3103 3889 3416 3958 κοσμοῦντα
3463 3892 3788 3962 κεκτῆσθαι,

2206 3979 2349 4032 οὓτω
2379 3981 2474 4031 καὶ
2502 3980 2569 4048 τῇ
2599 3978 2746 4049 ψυχῇ
2783 3981 2922 4047 μετά
2944 3981 3054 4035 τῶν
3088 3981 3268 4036 ἀλλων
3296 3986 3391 4035 καὶ
3414 3985 3511 4054 τὴν
3537 3988 3791 4055 νηστείαν

2207 4073 2459 4140 παρεῖναι
2488 4072 2615 4141 χρὴ.
2656 4072 2720 4123 Εἴ
2751 4089 2834 4135 τις
2863 4073 2908 4124 δ’
2936 4073 3004 4126 ἂν
3038 4074 3200 4126 πάλιν
3245 4077 3414 4146 αὐτῆς
3449 4077 3548 4146 μὲν
3578 4079 3795 4148 φροντί-

2208 4162 2291 4226 ζοι
2331 4165 2522 4234 μόνης,
2571 4165 2772 4232 ἀμελεῖ
2817 4165 2875 4218 δὲ
2907 4166 3125 4218 πάντων
3150 4167 3262 4220 τῶν
3309 4168 3505 4234 ἄλλων,
3547 4170 3700 4222 οὐδὲν
3727 4169 3792 4223 ἂν

2208 4255 2412 4325 ταύτην
2450 4257 2769 4311 ἀπεοικέναι
2819 4261 2919 4329 τὴν
2948 4261 3128 4330 ψυχὴν
3170 4263 3270 4332 τῆς
3303 4263 3473 4332 κόρης
3509 4264 3724 4333 ἐκείνης
3756 4264 3790 4334 ἠ

2208 4347 2346 4418 πρὸς
2375 4348 2589 4416 γάμους
2637 4350 2880 4420 ἀγομένη
2925 4354 3018 4404 καὶ
3058 4352 3184 4414 τοὺς
3218 4353 3386 4416 πόδας
3428 4354 3792 4423 στολισιμένη

2210 4440 2394 4508 μόνον,
2426 4443 2494 4492 τά
2533 4440 2696 4493 λοιπά
2732 4442 2912 4494 πάντα
2949 4443 3171 4510 ἄκοσμά
3203 4461 3262 4496 τε
3291 4446 3386 4496 καὶ
3413 4445 3597 4513 γυμνά
3626 4465 3785 4500 κατα-

2209 4530 2376 4584 λίποι.
2424 4531 2706 4602 ’Υπακοῆς
2747 4534 2804 4586 δὲ
2835 4535 2997 4604 χάριν
3021 4537 3115 4600 καὶ
3141 4535 3236 4589 τοῦ
3283 4539 3406 4600 ταῖς
3438 4540 3640 4607 ἀρχαῖς
3675 4541 3791 4591 πεξ-

517 4633 574 4678 et
617 4621 767 4692 quod
821 4629 1080 4690 Oporteat
1125 4617 1544 4688 magisuatibus
1576 4629 1792 4684 parere,
1824 4610 1939 4664 bare
1969 4625 2098 4678 quo‘

2210 4623 2398 4677 οεσἾαι
2449 4626 2759 4694 προσετίθει
2815 4629 2910 4678 καὶ
2962 4627 3155 4691 ταῦτα,
3198 4630 3281 4681 δτι
3324 4632 3430 4682 κάν
3472 4631 3583 4693 τοῖς
3618 4631 3796 4700 βιωτι-

513 4730 626 4786 que
657 4713 878 4783 adjecit.
912 4711 1090 4766 Etiam
1124 4711 1180 4766 in
1215 4711 1284 4765 iis
1313 4726 1432 4778 qua:
1467 4708 1536 4762 ad
1569 4707 1739 4760 vitam
1772 4702 2104 4758 mundanam

520 4810 825 4880 pertinent,
861 4809 968 4864 hoc
999 4815 1104 4873 est,
1139 4805 1285 4876 quod
1318 4804 1504 4860 omnia
1538 4800 1776 4856 maxime
1810 4797 2058 4852 continet
2086 4810 2102 4848 :

520 4915 576 4960 et
620 4904 767 4974 quod
812 4905 1084 4973 imperare
1126 4901 1345 4967 quidem
1377 4896 1512 4951 facit
1552 4897 1968 4964 imperatorem,
2008 4904 2106 4959 pa-

514 5011 643 5051 rere
694 5005 879 5052 autem
928 5010 1081 5057 eum,
1123 4993 1216 5064 qui
1258 4998 1344 5046 est
1383 4990 1432 5045 ei
1474 4989 1780 5057 subjectus.
1816 4982 1954 5037 Etsi
1997 4981 2100 5035 hoc

517 5086 840 5153 sustuleris,
873 5085 1126 5143 ordinem
1167 5099 1390 5156 quoque
1422 5079 1723 5144 sustulisti,
1763 5086 1818 5133 et
1855 5091 1978 5132 cum
2008 5089 2104 5130 no-

519 5183 766 5237 minibus
791 5181 1008 5237 scilicet
1030 5195 1126 5235 res
1149 5193 1371 5249 quoque
1400 5174 1727 5232 confudisti.
1757 5170 1946 5241 Neque
1971 5183 2100 5225 vero

516 5275 566 5329 ei
602 5275 830 5328 deerant
867 5275 1116 5342 exempla
1154 5275 1236 5329 sic
1269 5270 1501 5325 dicenti.

587 5363 781 5420 XXVI.
824 5367 1072 5419 Accessit
1121 5359 1422 5432 aliquando
1463 5357 1687 5430 quidam
1728 5354 1798 5411 ad
1835 5372 2098 5429 magnum

515 5460 809 5528 quemdam
838 5475 1048 5522 senem,
1095 5458 1216 5522 ejus
1259 5455 1495 5511 studens
1531 5453 1648 5507 lieri
1681 5451 2015 5522 discipulus.
2049 5451 2100 5507 ls

517 5560 700 5604 autem
755 5553 822 5601 ab
882 5551 1042 5603 initio
1101 5549 1426 5610 ostendens,
1461 5545 1678 5614 qualem
1725 5552 1944 5614 oportet
1978 5557 2103 5598 esse

516 5641 873 5713 discipulum,
903 5644 1072 5710 jussit
1104 5657 1230 5696 eum
1261 5635 1525 5703 statuam,
1556 5653 1676 5706 qme
1703 5650 1871 5706 prape
1895 5637 2099 5703 stabat,

519 5746 787 5800 quantum
815 5743 1002 5802 posset
1037 5735 1355 5794 verberare,
1383 5740 1437 5786 et
1466 5730 1515 5782 ei
1544 5730 1812 5785 insultare
1833 5729 2098 5783 calcibus.

516 5829 819 5897 Postquam
877 5844 1010 5891 vero
1074 5828 1259 5899 paruit
1316 5824 1664 5890 adolescens,
1733 5823 2091 5894 interrogavit

2205 4721 2322 4781 κοῖς
2360 4717 2520 4772 τοῦτό
2563 4721 2680 4772 ἐστι
2715 4720 2776 4773 τδ
2820 4721 3057 4790 μάλιστα
3086 4723 3263 4776 πάντα
3299 4725 3541 4794 συνέχον,
3578 4726 3670 4776 καὶ
3700 4723 3795 4793 βα-

2206 4810 2356 4865 σιλέα
2406 4812 2508 4882 μὲν
2550 4813 2854 4882 ἀποφαῖνον
2895 4816 2988 4866 τὸν
3049 4815 3295 4884 βασιλέα,
3349 4817 3592 4887 ὑπήκοον
3629 4818 3686 4870 δὲ
3732 4818 3794 4868 τὺ

2205 4903 2450 4974 ὑπήκοον
2473 4918 2489 4936 ⁶
2516 4904 2620 4958 κᾶν
2651 4905 2810 4958 τοῦτο
2846 4906 3062 4978 ἀνέλῃς,
3099 4909 3310 4972 ἀνεῖλες
3346 4909 3411 4978 δὴ
3445 4911 3538 4963 καὶ
3578 4909 3676 4980 τὴν
3700 4911 3794 4964 τά-

2209 4993 2314 5060 ξιν,
2342 4997 2434 5048 καὶ
2463 4995 2602 5066 μετά
2635 4997 2747 5051 τῶν
2771 4999 3055 5068 ὀνομάτων
3091 5001 3346 5072 συνέχεες
3377 5002 3580 5074 δηλαδὴ
3609 5005 3701 5056 καὶ
3722 5007 3792 5058 τά

2207 5087 2533 5159 πράγματα.
2564 5089 2680 5144 Οὐκ
2731 5091 2932 5162 ἠπόρει
2965 5091 3019 5145 δὲ
3051 5095 3147 5148 καὶ
3193 5095 3660 5167 παραδειγμάτων
3704 5099 3795 5150 ού·-

2206 5185 2343 5235 τωσὶ
2373 5181 2633 5250 λέγουσα.

2275 5361 2422 5430 KC;
2449 5362 2586 5416 Ποτέ
2616 5381 2700 5427 τις
2731 5367 3004 5438 προσῆλθε
3025 5369 3243 5441 γέροντι
3278 5371 3502 5442 μεγάλῳ
3527 5373 3794 5443 φοιτητὴς

2207 5452 2374 5506 αὑτοῦ
2424 5454 2685 5522 γενέσθαι
2731 5457 3080 5522 σπουδάζων.
3121 5461 3230 5516 Τοῦ
3280 5463 3339 5516 δὲ
3389 5467 3454 5517 ἐκ
3491 5467 3798 5535 προοιμίων

2208 5540 2322 5601 οἷον
2351 5543 2491 5601 εἶναι
2529 5547 2634 5618 χρὴ
2664 5548 2754 5601 τὸν
2777 5552 3042 5623 φοιτητὴν
3065 5553 3509 5625 ύπεμφαίνοντος
3541 5558 3796 5612 κελεῦσαι

2209 5639 2500 5711 ἀνδριάντα
2528 5642 2694 5694 αὑτοῦ
2726 5660 2832 5696 που
2869 5646 3098 5716 πλησίον
3122 5649 3356 5716 ἑστῶτα,
3389 5651 3466 5715 ὡς
3493 5651 3560 5704 ἂν
3589 5655 3798 5713 ὶκεῖνος

2209 5734 2445 5799 δύναιτο,
2496 5734 2661 5806 τύψαι
2693 5755 2753 5790 τε
2791 5742 2886 5792 καὶ
2928 5741 3300 5800 διαλακτίσαι.
3342 5745 3498 5799 Ἐπεὶ
3527 5746 3586 5799 δὲ
3619 5748 3646 5799 ὁ
3677 5746 3797 5808 νέος

2199 5825 2535 5898 ὑπήκουσεν,
2587 5827 2811 5898 ἐρέσθαι
2853 5832 2941 5884 τὸν
2972 5832 3202 5904 γέροντα
3239 5837 3292 5890 εί
3330 5854 3378 5890 τι
3429 5836 3798 5910 πληττόμενος
