4128 6384
489 347 601 409 ’ἷ83

1721 340 2012 400 MENSIS
2056 341 2500 405 DECEMBER.

3656 349 3759 413 78t

485 465 697 518 lonore
742 471 796 516 et
845 458 1055 512 oliicii-s.
1092 455 1400 510 Civitatum
1451 453 1595 507 enim
1651 453 1968 508 sacerdotes
2023 468 2042 507 ε

2145 499 2151 517 λ
2179 471 2237 507 τε
2275 459 2473 526 σεμναὶ
2506 455 2614 509 τῶν
2647 456 2934 528 παρθένων
2978 461 3072 513 καὶ
3116 459 3143 511 ὅ
3177 475 3340 530 τιπερ
3370 454 3438 530 ἦν
3468 459 3577 512 τῶν
3604 477 3764 525 μονα-

489 557 778 628 pontifices
829 569 948 607 eam
1000 557 1107 604 non
1152 562 1322 619 μοινο
1376 546 1586 600 honore
1646 544 1975 610 atlicicbant,
2015 557 2068 600 et

483 646 812 705 veneranda:
850 643 1093 715 virgines
1128 649 1184 698 et
1217 651 1490 714 quotquot
1520 645 1678 695 erant
1710 639 1914 709 egregii
1949 655 2071 694 mo-

483 744 668 806 nachi,
697 757 817 796 eam
866 738 1174 795 adorabant
1205 745 1260 791 et
1291 735 1633 800 salutabant,
1669 741 1720 788 ct
1749 744 2006 803 tanquam
2039 748 2069 788 e

477 835 622 890 coelo
657 834 972 888 venientem
1017 828 1429 899 adspiciebaut.
1860 869 1889 889 .

550 949 792 1004 XXVI".
837 946 974 1003 Cum
1022 956 1202 999 autem
1255 943 1498 999 venisset
1549 940 1975 1007 Chalcedonem,
2016 949 2071 996 et

478 1047 548 1099 ad
578 1043 760 1112 ipsum
800 1038 982 1094 sinum
1017 1035 1211 1100 maris,
1242 1032 1539 1087 verebatur
1569 1030 1805 1102 ingredi,
1836 1037 1891 1084 et
1920 1028 2068 1134 vide-

476 1140 642 1195 hatur
677 1130 1019 1207 perturbata.
1053 1128 1296 1183 Ventura
1331 1127 1476 1182 enim
1511 1127 1567 1180 in
1601 1125 1894 1180 maximam
1929 1125 2066 1229 civi—

477 1241 670 1294 tatem,
711 1227 912 1282 mulier
951 1237 1072 1294 qute
1111 1221 1326 1277 vixerat
1357 1220 1411 1274 in
1443 1219 1863 1300 exercitatione,
1906 1219 2065 1287 quie-

477 1324 656 1394 tisque
682 1327 738 1374 et
764 1315 968 1372 silentii
1002 1314 1296 1369 maximam
1332 1326 1520 1367 curam
1555 1317 1826 1382 gesserat,
1865 1316 1918 1363 ct
1950 1324 2062 1412 non

475 1416 792 1485 gustaverat
826 1407 1136 1468 tumultus,
1175 1406 1266 1474 qui
1311 1412 1440 1459 sunt
1482 1405 1534 1457 in
1567 1403 1819 1468 civitate,
1864 1403 2064 1456 merito

473 1502 862 1561 extimescebat
890 1508 942 1554 et
970 1497 1303 1566 refugiebat.
1338 1498 1515 1564 Atque
1546 1495 1776 1550 divertit
1815 1494 2062 1564 quidem,

475 1596 570 1651 ubi
611 1602 732 1650 erat
768 1590 1035 1660 templum
1073 1585 1224 1642 omni
1259 1601 1325 1640 ex
1366 1595 1518 1656 parte
1561 1585 1862 1639 benedicta:
1912 1597 2060 1638 mar-

470 1689 610 1760 tyris
670 1681 987 1752 Euphemiae
1042 1697 1057 1734 :
1115 1680 1263 1734 circa
1319 1677 1553 1731 mediam
1609 1688 1789 1731 autem
1842 1687 2062 1731 noctem

471 1791 680 1848 martyr
732 1791 842 1830 non
884 1788 1078 1844 parum
1121 1785 1187 1826 ex
1223 1785 1282 1825 se
1310 1769 1542 1824 eﬂundit
1579 1770 1894 1825 suavissimi
1924 1768 2060 1824 odo-
2094 1773 2137 1830 Β

471 1872 567 1936 tis,
615 1879 669 1924 et
712 1867 1002 1935 voluptate
1057 1861 1255 1932 repleti
1295 1860 1579 1916 ineﬂabili.
1612 1860 1881 1928 Quocirca
1910 1861 2052 1916 bona

468 1971 734 2031 concepta
767 1959 990 2024 fiducia,
1025 1956 1271 2012 diluculo
1303 1954 1501 2009 fretum
1531 1955 1793 2010 audacter
1817 1953 2051 2022 trajecit,

465 2064 524 2110 et
556 2055 806 2123 ingressa
833 2061 918 2106 est
950 2049 1298 2120 Byzantium.
1341 2046 1592 2117 lluspitio
1619 2061 1750 2103 vero
1777 2049 2053 2118 excipitur

465 2164 497 2203 τι
549 2147 786 2217 quodam
840 2145 960 2200 viro
1009 2142 1212 2196 illustri
1264 2150 1318 2196 et
1369 2141 1571 2210 alioqui
1619 2141 1784 2207 bono,
1827 2140 2051 2196 nomine

463 2241 688 2311 quidem
754 2237 980 2299 Lauso,
1050 2234 1141 2305 qui
1211 2234 1278 2289 ad
1338 2237 1718 2306 praepositum
1781 2235 2048 2290 honorem

463 2329 810 2385 ascenderat.
859 2323 1075 2378 Invenit
1120 2330 1302 2378 autem
1341 2339 1501 2379 suum
1538 2340 1758 2395 quoque
1788 2333 2045 2395 patruum

459 2420 820 2478 Volusianum
851 2418 1003 2489 gravi
1043 2417 1231 2472 morbo
1259 2433 1608 2488 Oppressum,
1640 2421 1731 2490 qui
1757 2421 1872 2490 ejus
1895 2419 2049 2475 babi-

459 2525 581 2568 tum
630 2512 958 2573 admiratus,
1017 2509 1320 2580 formaeque
1367 2521 1420 2564 et
1455 2513 1686 2566 vestitus
1731 2512 2045 2568 incredibili

460 2613 518 2661 et
568 2605 851 2673 inopinata
901 2601 1245 2672 stupefactus
1316 2604 1620 2658 mutatione
1677 2608 2045 2675 (extenuatus

461 2697 608 2753 enim
650 2703 770 2751 erat
797 2694 940 2764 ,ejus
991 2693 1172 2748 vultus
1219 2695 1642 2768 exercitatione)
1678 2713 1874 2769 magna
1913 2715 2046 2756 voce

433 2781 786 2846 exclamavit
821 2805 834 2842 :
875 2785 920 2841 Ο
974 2785 1190 2855 qualem
1228 2801 1291 2840 ex
1341 2787 1487 2858 quali
1528 2797 1582 2844 te
1630 2789 1789 2845 video
1834 2787 2046 2845 Melana

461 2873 823 2940 charissima.
875 2880 968 2933 Illa
1026 2895 1156 2934 vero
1212 2895 1279 2935 ex
1339 2881 1458 2952 ejus
1519 2899 1776 2939 sermone
1827 2895 2042 2956 sumpta

457 2976 772 3038 occasione,
831 2977 877 3026 A
919 2986 1004 3026 me
1043 2985 1175 3043 ergo
1215 2980 1271 3026 tu
1338 2987 1582 3044 quoque,
1632 2975 1826 3047 inquit,
1865 2977 2040 3042 disce,

459 3082 493 3122 ο
543 3067 706 3121 beate
756 3073 990 3134 patrue,
1041 3070 1096 3119 et
1159 3063 1352 3135 accipe
1397 3065 1664 3120 indicium
1728 3069 2042 3122 futurorum

455 3154 749 3210 bonorum.
777 3153 913 3208 Nam
957 3167 1057 3207 nee
1093 3166 1193 3224 ego
1228 3159 1434 3207 tantam
1474 3154 1784 3225 despicatui
1819 3156 2043 3227 gloriam
2074 3139 2114 3194 (ἶ

455 3246 802 3312 habuissem,
855 3260 956 3300 nec
997 3245 1308 3316 pecuniam,
1349 3259 1452 3303 nec
1490 3245 1817 3317 abjeeissem
1849 3265 2039 3304 curam

455 3337 632 3408 ipsius
667 3338 940 3408 corporis,
986 3336 1092 3392 nisi
1137 3352 1464 3406 persuasum
1503 3339 1786 3407 haberem,
1823 3356 1911 3398 me
1950 3341 2038 3398 his

455 3430 772 3502 propediem
824 3429 984 3499 longe
1023 3429 1231 3497 majora
1286 3439 1660 3501 accepturam.
1691 3432 1809 3488 Non
1846 3451 1942 3506 per
1975 3451 2036 3491 se

451 3531 636 3576 autem
671 3520 866 3584 solam,
898 3521 998 3577 sed
1031 3537 1130 3593 per
1161 3521 1365 3578 multos
1400 3538 1621 3594 quoque
1650 3526 1788 3582 alios
1821 3528 1875 3582 in
1911 3530 2031 3600 ejus

451 3623 692 3668 mentem
749 3613 952 3668 sensim
1000 3613 1277 3685 irrepebat
1309 3613 1371 3669 Β.
1411 3615 1645 3682 Melana,
1684 3627 1741 3673 et
1773 3619 1894 3689 ejus
1931 3621 2035 3675 fal-

448 3719 569 3759 sam
614 3703 934 3773 religionem
983 3705 1239 3760 studebat
1290 3705 1645 3772 labefactare,
1693 3713 1840 3765 sicut
1870 3713 2036 3767 etiam

451 3812 551 3867 per
586 3796 1061 3866 sapientissimum
1093 3796 1374 3864 Proclum,
1412 3799 1572 3870 cujus
1602 3800 1726 3856 ﬁdei
1764 3812 1896 3858 tunc
1919 3812 2038 3858 erat

437 3888 694 3944 creditus
713 3903 869 3943 sacer
893 3888 1081 3944 clavus
1105 3890 1372 3946 Ecclesiae
1392 3891 2033 3966 Constantinopolitame.

440 3978 549 4047 Qui
599 3997 732 4034 cum
789 3982 856 4036 ad
898 3997 1024 4038 eum
1072 3985 1338 4052 venisset,
1391 3995 1444 4043 et
1488 4004 1659 4047 suasu
1709 3990 1772 4048 Β.
1810 3992 2036 4048 Melana;

439 4085 567 4126 cum
600 4073 666 4127 ad
720 4075 973 4143 pietatem
1006 4074 1292 4144 dirigeret,
1345 4080 1392 4134 is
1446 4080 1648 4136 dicitur
1685 4083 1837 4139 illum
1890 4087 2029 4143 adeo

447 4179 572 4219 esse
631 4165 952 4232 admiratus,
1014 4179 1071 4220 ut
1126 4168 1291 4222 etiam
1349 4169 1549 4225 dixerit
1598 4184 1722 4242 post
1784 4177 2023 4246 agnitam

442 4257 750 4322 vanitatem,
803 4259 946 4327 quod
999 4259 1047 4313 si
1104 4259 1277 4316 Roma
1327 4271 1435 4319 tres
1490 4265 1716 4322 haberet
1768 4271 1930 4341 tales,

444 4347 550 4401 Sed
586 4351 697 4402 haec
727 4350 948 4417 quidem
977 4361 1190 4418 postea.

514 4435 708 4492 XXIX.
751 4441 1048 4511 Postquam
1089 4458 1271 4503 autem
1319 4448 1661 4511 Volusianus
1707 4457 1880 4513 sensit
1914 4458 2028 4516 Me-

440 4530 623 4584 lanam
666 4532 805 4585 velle
853 4533 1244 4604 imperatorem
1287 4559 1506 4614 quoque
1557 4548 1623 4602 ad
1672 4548 1725 4602 id
1769 4550 2024 4620 incitare,

438 4621 646 4676 veritus
675 4622 952 4690 prmiuus,
985 4641 1054 4680 ne
1087 4627 1390 4686 violentum
1421 4643 1476 4688 et
1507 4650 1618 4691 non
1653 4639 2024 4699 voluntarium

436 4723 792 4786 reputaretur
809 4731 930 4774 esse
955 4720 1249 4790 baptisma,
1273 4735 1329 4780 et
1359 4742 1522 4797 quam
1541 4744 1606 4784 ex
1628 4745 1693 4786 eo
1722 4743 1869 4789 esset
1892 4750 2027 4790 con-

438 4817 755 4876 secuturus,
790 4811 906 4879 ipse
960 4815 1215 4870 mercede
1243 4818 1556 4887 privaretur
1581 4861 1596 4887 ,
1623 4840 1743 4878 eam
1782 4842 1812 4879 a
1845 4838 2026 4898 coepto

435 4899 738 4967 prohibuit.
783 4901 851 4956 Et
896 4903 941 4957 is
988 4906 1235 4975 quidem,
1285 4919 1343 4965 ut
1391 4913 1642 4969 dicemus
1677 4919 1840 4986 paulo
1872 4930 2020 4989 post,

441 5007 554 5047 rem
600 5010 628 5048 a
670 5010 730 5050 se
766 4997 832 5049 ad
868 4997 1136 5066 implevit,
1167 5009 1217 5056 et
1252 5001 1505 5070 abjurata
1560 5009 1847 5082 gentilium
1901 5013 2021 5085 epi-

437 5085 627 5153 nione,
670 5089 956 5145 traductus
1003 5103 1084 5146 est
1131 5094 1200 5147 ad
1248 5095 1556 5155 Christum.
1589 5099 1678 5154 Illa
1708 5113 1890 5159 autem
1917 5122 2019 5162 nec

435 5179 672 5236 aliorum
703 5196 921 5251 quoque
947 5199 1138 5239 curam
1171 5186 1396 5257 abjecit.
1426 5189 1533 5245 Sed
1557 5207 1682 5247 eum
1711 5205 1842 5252 tunc
1871 5209 2018 5255 esset

436 5280 624 5325 exorta
669 5263 910 5328 Nestorii
951 5276 1310 5348 blasphemia,
1342 5294 1392 5338 et
1428 5284 1700 5355 malignus
1727 5290 1930 5346 multos
1957 5292 2013 5347 in

387 5361 390 5365 ’
435 5355 679 5416 errorem
714 5363 1010 5423 adduceret
1039 5371 1204 5424 etiam
1233 5386 1301 5426 ex
1330 5373 1400 5429 iis
1432 5377 1524 5446 qui
1561 5392 1720 5434 erant
1764 5382 1817 5436 in
1850 5385 2015 5440 verbo

435 5454 705 5517 veritatis,
758 5456 875 5526 ipsa
929 5469 1045 5514 erat
1097 5477 1220 5533 quae
1277 5481 1535 5536 magnum
1584 5471 1851 5529 adversus
1889 5491 2010 5530 eum

435 5542 612 5599 inibat
648 5558 950 5617 certamen,
980 5567 1293 5626 vanumque
1322 5568 1375 5613 et
1407 5561 1569 5617 inane
1600 5566 1861 5621 reddebat
1892 5569 2011 5639 ejus

437 5636 742 5704 sophisma,
772 5650 823 5692 et
855 5642 923 5694 ab
951 5658 1150 5699 aurora
1178 5660 1350 5718 usque
1378 5667 1657 5723 vesperam
1691 5659 1757 5715 iis
1787 5676 2008 5727 restion-

434 5729 591 5793 deus,
628 5731 719 5799 qui
761 5749 878 5786 eam
917 5735 1352 5806 interrogabant,
1389 5749 1688 5816 inuitisque
1721 5767 1785 5805 ex
1821 5753 1886 5808 iis
1911 5756 2006 5824 qui

429 5821 642 5891 decepti
693 5822 946 5897 fuerant,
1008 5831 1383 5900 persuadens,
1441 5845 1493 5889 ct
1554 5853 1649 5894 eos
1712 5821 2004 5903 reducens.

2172 548 2283 616 χῶν
2317 549 2570 620 ἔκκριτον
2649 549 3027 619 προσεκύνουν
3061 568 3135 604 ,τε
3170 553 3266 604 καὶ
3309 552 3642 620 ἠσπάζοντο,
3672 557 3765 608 καὶ

2171 640 2245 702 ὡς
2271 639 2328 704 ἐξ
2357 639 2590 711 οὐρανοῦ
2617 641 2861 711 ἥκουσαν
2889 640 3062 704 οὕτως
3093 641 3302 712 ἐώρων.

2242 902 2380 957 KH'.
2419 902 2508 966 Ὠς
2536 902 2592 955 δὲ
2624 903 2766 958 κατὰ
2817 921 2880 957 τε
2929 903 3028 975 τὴν
3067 906 3389 977 Χαλκηδόνα
3424 908 3636 964 καὶτὸν
3664 909 3760 965 τοῦ

2173 995 2377 1048 Πόντου
2415 996 2616 1066 αὐχένα
2651 998 2894 1066 γέγονεν,
2927 999 3222 1068 ηὑλαὸεῖτο
3255 1002 3356 1073 τὴν
3400 1004 3628 1071 εἴσοδον,
3664 1009 3758 1062 καὶ

2170 1089 2550 1159 τεταραγμένῃ
2582 1088 2764 1160 ἐῴκει.
2792 1090 3077 1143 Μέλλουσα
3103 1092 3212 1163 γὰρ
3245 1093 3326 1156 είς
3354 1095 3455 1164 τὴν
3491 1098 3759 1168 μεγίστην

2169 1179 2277 1232 τῶν
2307 1180 2517 1233 πόλεων
2551 1180 2843 1250 παρελθεῖν
2871 1182 3011 1251 γυνὴ
3043 1185 3099 1236 ἐν
3141 1185 3378 1255 ἀσκήσει
3403 1186 3597 1254 βιοῦσι
3626 1192 3759 1259 ήσυο

2168 1270 2292 1340 χίας
2324 1288 2382 1323 τε
2409 1273 2643 1341 μάλιστα
2670 1272 2886 1327 πάντων
2912 1275 3247 1346 φροντίσασα
3272 1278 3498 1333 καὶτῶν
3522 1282 3580 1332 ἐν
3605 1282 3758 1335 ἀστει

2170 1361 2418 1433 θορύϐων
2466 1364 2731 1432 ἄγευστος
2779 1365 3030 1430 εἰκότως,
3077 1364 3268 1437 ὥσπερ
3308 1368 3441 1434 ἔδει,
3482 1371 3754 1440 μαίνεται,

2171 1456 2267 1506 xal
2297 1453 2572 1506 ἀνεδύετο.
2617 1454 2897 1508 Καταλύει
2931 1457 3031 1526 μὲν
3071 1453 3165 1511 οὖν
3205 1459 3338 1512 ἔνθα
3369 1460 3428 1513 τὸ
3469 1462 3614 1532 ἱερὸν
3659 1464 3759 1535 τῆς

2170 1547 2532 1615 πανευφήμου
2576 1548 2856 1619 μάρτυρος
2903 1549 3235 1619 Εὐφημίαςο
3275 1553 3424 1621 ἀμφὶ
3471 1553 3527 1606 δὲ
3565 1555 3626 1607 τδ
3658 1557 3755 1626 τῆς

2169 1638 2368 1701 νυκτὸς
2400 1638 2564 1707 μέσον
2607 1640 2708 1691 οὐκ
2758 1639 2950 1709 ὀλίγην
2993 1641 3025 1710 ή
3080 1641 3291 1710 μάρτυς
3324 1645 3494 1712 αὐτῆς
3525 1644 3754 1700 εὐωδίαν

2168 1745 2228 1780 τε
2251 1732 2484 1798 καταχεί
2509 1731 2608 1784 xal
2633 1729 2830 1798 ἡδονῆς
2852 1730 3192 1802 ἐμπίπλησιν
3219 1734 3561 1806 ἀπορρήτου.
3595 1739 3755 1792 Ὀθεν

2163 1820 2230 1890 δὴ
2280 1822 2376 1874 καὶ
2439 1819 2877 1892 άναθαρῤήσασα
2916 1821 3016 1892 τῆς
3065 1825 3277 1895 ἡμέρας
3327 1826 3444 1894 ἅμα
3488 1830 3754 1900 φανείσης

2160 1912 2255 1964 τόν
2279 1929 2336 1964 τε
2362 1911 2607 1982 πορθμὸν
2627 1911 3239 1987 διεπέρασε,’καὶείσῄει
3265 1919 3323 1979 ἐς
3341 1917 3404 1970 τὸ
3429 1917 3746 1984 Βυζάντιον.

2163 2005 2444 2071 Ξενίζεται
2474 2005 2533 2060 δέ
2563 2025 2673 2061 τινι
2697 2007 2852 2080 ἀνδρὶ
2878 2009 3136 2076 ἐπιφανεῖ
3173 2013 3268 2065 καὶ
3303 2011 3480 2078 ἄλλως
3506 2015 3749 2087 χρηστῷ,

2161 2099 2366 2170 Λαύσῳ
2399 2099 2499 2170 μὲν
2541 2099 2804 2171 τοῦνομα,
2847 2105 2928 2166 είς
2971 2102 3029 2156 δὲ
3069 2103 3169 2173 τὴν
3201 2106 3581 2175 πραιποσίτων
3623 2110 3752 2164 ἀνα-

2162 2185 2421 2255 ϐεϐηκότι
2471 2188 2662 2258 τιμήν.
2701 2189 2962 2258 Εὑρίσκει
2995 2191 3052 2244 δὲ
3096 2196 3192 2248 καὶ
3219 2193 3312 2248 τὸν
3390 2195 3533 2250 θεῖον
3583 2201 3751 2270 αὐτῆς

2160 2275 2481 2330 Βολοσιανὸν
2539 2279 2751 2349 χαλεπῇ
2794 2281 2934 2352 νόσῳ
2988 2288 3424 2356 κεκρατημένον,
3452 2288 3511 2352 ὃς
3562 2291 3656 2344 τοῦ
3687 2310 3748 2346 τε

2161 2365 2443 2434 σχήματος
2479 2367 2649 2438 αὐτὴν
2691 2370 2989 2439 ἐκπλαγεὶς
3031 2377 3126 2428 καὶ
3156 2376 3258 2446 τῆς
3293 2394 3354 2430 τε
3391 2380 3611 2450 μορφῆς
3655 2385 3750 2438 καὶ

2159 2456 2355 2526 στολῆς
2386 2458 2678 2529 θαυμάσας
2703 2461 2802 2534 τὴν
2832 2465 3135 2534 παράδοξον
3163 2470 3472 2541 μεταϐολὴν
3502 2474 3748 2545 (ἐτετρύ-

2157 2567 2299 2620 χωτο
2329 2549 2437 2620 γὰρ
2466 2555 2532 2623 τῇ
2568 2553 2801 2626 ἀσκήσει
2835 2557 2976 2610 πάνυ
3005 2559 3104 2628 τὴν
3135 2560 3277 2629 ὄψιν)
3309 2564 3451 2632 μέγα
3483 2560 3598 2619 οἷον
3629 2569 3750 2622 ἀνέσ-

2156 2657 2365 2711 κραγεν
2391 2654 2406 2670 ·
2447 2645 2510 2695 Ὢ
2543 2645 2662 2698 οἵαν
2694 2663 2776 2712 σε,
2812 2648 3034 2719 Μελάνη
3072 2652 3326 2722 φιλτάτη,
3363 2655 3422 2722 ἐξ
3451 2658 3569 2720 οἵας
3598 2659 3743 2728 ὀρῶί

2169 2731 2235 2782 Ἠ
2267 2730 2322 2783 δὲ
2347 2732 2620 2802 πρόφασιν
2641 2737 2880 2806 εὑροῦσα
2910 2739 3002 2791 τὸν
3033 2739 3213 2809 λόγον,
3254 2743 3342 2808 Ἐξ
3373 2747 3509 2816 ἐμοῦ
3540 2749 3688 2803 τοίνυ
3702 2769 3742 2815 ι,

2156 2817 2302 2887 εἷπε,
2339 2827 2435 2879 κα)⁸
2468 2827 2555 2891 σὺ,
2585 2821 2628 2879 ὦ
2665 2829 2905 2900 μακάριε
2935 2831 3070 2900 θεῖε,
3108 2836 3384 2903 παιδεύου,
3425 2843 3520 2894 καὶ
3548 2841 3744 2912 δεῖγμα

2153 2913 2265 2968 τῶν
2305 2916 2610 2986 μελλόντων
2633 2921 2851 2989 ἀγαθῶν
2871 2923 3139 2994 λάμϐανε.
3177 2927 3266 2992 Ὠς
3295 2930 3407 2983 οὐδ’
3429 2930 3495 2984 ἂν
3519 2933 3631 3001 ἐγὼ
3655 2953 3744 2988 το-

2157 3005 2362 3077 σαύτης
2396 3007 2820 3084 ὐπερεφρόνησα
2850 3013 3031 3086 δόξης,
3057 3018 3168 3071 οὐδ’
3192 3018 3257 3072 ἂν
3285 3037 3389 3090 χρη
3401 3022 3610 3092 μάτων,
3633 3025 3742 3078 οὐδ’

2150 3094 2218 3146 ἂν
2272 3095 2448 3162 οὕτως
2487 3101 2651 3154 αὐτοῦ
2707 3107 3054 3176 κατημέλουν
3116 3109 3210 3163 τοῦ
3269 3115 3546 3182 σώματος,
3584 3118 3741 3189 είμὴ
3789 3097 3802 3113 ’

2148 3185 2333 3259 πολλῷ
2365 3191 2572 3245 τούτων
2606 3196 2954 3270 ἐπεπείσμην
3006 3202 3229 3272 μείζονα
3261 3206 3401 3275 μετά
3438 3207 3615 3279 βραχὺ
3644 3185 3740 3282 κήξ

2138 3275 2361 3345 ψεσθαι.
2396 3281 2471 3333 Οὐ
2502 3281 2567 3335 δι’
2600 3284 2802 3356 ἐαυτῆς
2836 3287 2892 3341 δέ
2923 3290 3108 3360 μόνον,
3131 3288 3270 3346 ἀλλά
3290 3298 3386 3350 καὶ
3411 3275 3500 3352 διά
3526 3275 3738 3356 πολλάν

2136 3368 2311 3423 ἄλλων
2351 3372 2513 3444 ὑπῄει
2543 3375 2633 3430 τὸν
2679 3378 2849 3448 ἄνδρα
2967 3386 3212 3457 μακαρία
3235 3430 3250 3452 ,
3283 3394 3380 3446 καὶ
3419 3392 3482 3446 τὸ
3519 3396 3732 3450 ἐκείνου

2134 3460 2296 3524 σέϐας
2335 3463 2676 3524 διασαλεύειν
2709 3471 3046 3542 ἐσπούδαζε,
3099 3479 3247 3534 καθά
3278 3481 3344 3553 δὴ
3375 3487 3472 3540 καὶ
3515 3486 3608 3542 διὰ
3636 3487 3730 3542 τοῦ

2132 3553 2443 3620 σοφωτάτου
2471 3557 2738 3629 Πρόκλου,
2779 3565 3417 3639 Κωνσταντινουπὸλεως
3445 3577 3569 3632 τότε
3597 3582 3730 3644 τοὺς

2137 3641 2320 3711 ἱεροὺς
2347 3643 2540 3710 οἴακας
2576 3658 3014 3728 πεπιστευμένου
3043 3663 3144 3732 τῆς
3187 3662 3540 3736 Ἐκκλησίας,
3574 3671 3635 3724 ὃν
3665 3672 3729 3744 δὴ

2135 3737 2229 3789 καὶ
2257 3738 2392 3807 πρὸς
2427 3740 2590 3794 αὑτὸν
2622 3743 2953 3813 ἀφικόμενον
2984 3750 3288 3824 ὑποθήκαις
3309 3774 3370 3810 τε
3390 3759 3493 3830 τῆς
3516 3737 3730 3834 θαυμαλ

2139 3825 2260 3890 σίας
2317 3831 2570 3904 Μελάνης
2631 3839 2770 3908 πρὸς
2831 3841 3114 3900 εὐσέϐειαν
3175 3825 3494 3920 ίθυνόμενον
3554 3825 3728 3920 οὕτως

2135 3914 2345 3973 ἐκεῖνον
2371 3920 2653 3994 θαυμάσαι
2689 3929 2930 3998 λέγεται,
2967 3935 3109 3990 ὥστε
3150 3938 3215 4008 δὴ
3247 3914 3344 3997 καῖ
3376 3945 3549 3998 είπεῖν
3586 3914 3726 4016 μετά

2135 4006 2235 4078 τήν
2258 4011 2552 4082 ἐπίγνωσιν
2578 4021 2677 4088 τῆς
2707 4022 2968 4094 ἀληθείας
2994 4027 3091 4096 ὡς,
3117 4006 3252 4100 εἴγε
3285 4037 3558 4102 τοιούτους
3577 4006 3727 4111 τρεῖς

2133 4099 2502 4199 ’ξδ’-Ῥωμαίων
2554 4109 2721 4183 εῖχεν,
2779 4115 2891 4170 οὐδ’
2943 4118 3012 4173 ἂν
3061 4099 3344 4179 curiosas
3380 4099 3556 4199 ὄνομά
3593 4099 3724 4186 ποτε

2147 4186 2413 4262 Ἑλλήνων
2439 4201 2584 4265 τινὸς
2611 4204 2864 4274 ἠκούετο.
2917 4209 3083 4266 Ἀλλὰ
3118 4215 3293 4270 ταῦτα
3341 4219 3442 4290 μὲν
3475 4186 3720 4295 ῖιστερον.

1991 4289 2061 4332 ηε
2101 4277 2213 4339 illic
2258 4288 2486 4376 quidem
2522 4310 2726 4354 nomen
2779 4316 3026 4375 unquam
3062 4277 3355 4366 audiretur
3413 4277 3720 4383 gentilium.

2059 4464 2106 4521 Β
2207 4470 2338 4526 ΚΘ’.
2389 4473 2544 4531 Ἐπεὶ
2577 4479 2636 4532 δὲ
2668 4479 2868 4551 ᾔσθετο
2916 4485 3017 4552 τὴν
3051 4489 3306 4570 Μελάνην
3335 4493 3361 4544 ὁ
3401 4493 3694 4552 Βολοσιανδ

2138 4562 2232 4614 καὶ
2261 4560 2488 4631 βασιλέα
2518 4567 2810 4637 βούλεσθαι
2841 4576 2978 4646 πρὸς
3026 4579 3185 4634 τοῦτο
3224 4560 3571 4656 παρακινεῖν,
3617 4589 3721 4642 δεί-

2137 4667 2235 4716 σας
2277 4653 2440 4721 εὐθὺς
2481 4660 2557 4731 μὴ
2604 4662 2729 4732 βίας
2772 4667 2993 4735 μᾶλλον,
3047 4671 3164 4725 ἀλλ’
3216 4653 3338 4746 οὑχλ⁸
3388 4679 3618 4758 γνώμης
3659 4683 3721 4735 τὸ

2137 4741 2424 4818 βάπτισμα
2457 4754 2763 4827 νομισθείη,
2798 4760 3026 4815 καὶτῶν
3057 4763 3151 4819 ἐπὶ
3181 4741 3354 4838 τούτῳ
3394 4741 3721 4840 μισθῶνιαύ-

2133 4835 2225 4901 τὸς
2259 4842 2570 4914 στερηθείη,
2607 4846 2864 4917 ἀπεῖρξεν
2914 4851 3084 4923 αὐτὴν
3133 4855 3234 4926 τῆς
3279 4835 3478 4930 ορμῆς,
3522 4866 3615 4918 καὶ
3643 4865 3716 4929 ὡς

2138 4932 2256 4999 μετ’
2301 4931 2482 5002 ὀλίγον
2519 4937 2771 5008 ἐροῦμεν,
2819 4942 2914 5012 ἀφ’
2951 4945 3146 4999 ἑαυτοῦ
3182 4947 3240 5000 τὸ
3279 4953 3516 5021 πρᾶγμα
3550 4955 3718 5026 ἐπλή-

2135 5038 2249 5094 ρου,
2294 5029 2389 5082 καὶ
2427 5027 2524 5098 τὴν
2575 5030 2775 5102 ἐλληνα
2824 5035 2983 5102 δόξαν
3026 5040 3432 5114 ἐξομοσάμενος
3482 5049 3619 5119 πρὸς
3649 5051 3716 5104 τα

2128 5112 2473 5184 Χριστιανῶν
2493 5125 2851 5191 μετετάξατο.
2869 5129 2933 5183 Ἢ
2955 5130 3011 5185 δὲ
3035 5133 3157 5186 οὐδὲ
3184 5112 3296 5190 τῶν
3321 5139 3494 5192 ἄλλων
3522 5112 3583 5195 τὸ
3603 5112 3715 5196 πα-

2131 5207 2311 5275 ράπαν
2338 5209 2549 5279 ἡμέλει,
2593 5215 2730 5270 ἀλλὰ
2768 5222 2862 5274 καὶ
2912 5221 3011 5292 τῆς
3061 5224 3359 5298 Νεστορίου
3387 5233 3507 5284 τότε
3541 5233 3710 5302 βλασο

2127 5299 2334 5368 φημίας
2369 5303 2598 5374 φυείσης
2643 5312 2741 5364 καὶ
2774 5310 2868 5363 τοῦ
2915 5317 3158 5387 πονηροῦ
3197 5320 3426 5385 πολλοὺς
3476 5299 3572 5380 καί
3599 5326 3710 5379 τῶν

2120 5390 2177 5442 ἐν
2206 5390 2350 5462 λόγῳ
2381 5394 2481 5460 τῆς
2520 5395 2778 5466 ἀληθείας
2811 5401 3262 5474 ἀποπλανῶντος,
3293 5411 3434 5483 αὕτη
3467 5409 3588 5487 ἦνή
3616 5431 3714 5470 πο·

2121 5483 2216 5538 λὺν
2264 5487 2414 5557 αὑτῷ
2452 5490 2543 5544 τὸν
2585 5491 2776 5560 ἀγῶνα
2852 5505 3195 5571 περιιστῶσα
3256 5510 3353 5564 καὶ
3402 5516 3712 5580 ματαιοῦσα

2119 5575 2179 5630 τὸ
2205 5579 2447 5649 σόφισμα
2470 5584 2530 5647 ἐξ
2562 5585 2637 5638 ἐω
2661 5603 2718 5639 τε
2755 5589 2948 5661 μέχρις
2977 5595 3238 5668 ἑσπέρας,
3267 5605 3382 5665 τοῖς
3403 5575 3553 5673 ⁷περ).
3583 5607 3711 5660 τού-

2119 5688 2227 5724 των
2267 5673 2544 5743 ἐρωτῶσιν
2567 5677 2973 5755 ἀποκρινομένη
3026 5689 3120 5742 καὶ
3160 5690 3390 5756 πολλοὺς
3427 5693 3537 5746 τῶν
3570 5696 3706 5765 ἡπα-

2117 5762 2365 5828 τημένων
2423 5770 2828 5835 μεταπείθουσά
2868 5790 2926 5826 τε
2978 5779 3074 5832 καὶ⁸
3121 5780 3501 5850 ἐπανάγοντα.
3543 5785 3706 5839 ὐἓεν

2113 5855 2140 5906 ὁ
2169 5856 2402 5927 πονηρὸς
2430 5857 2525 5929 τὴν
2554 5856 2722 5932 ἧτταν
2748 5862 2823 5934 μὴ
2848 5865 3050 5938 φέρων,
3073 5870 3152 5935 είς
3174 5871 3344 5944 ἄνδρα
3383 5875 3704 5944 μεταϐαλὼν
