4128 6384
500 288 610 355 785

1768 288 1943 349 VlTA
1988 287 2049 351 S.
2096 285 2452 353 MELANzE.

3665 281 3771 371 πει

496 407 689 462 ἑαυτὸν
724 410 820 462 καλ⁵
836 407 1084 472 ἐλεεινὸς
1106 407 1294 477 ὀφθεὶς
1329 405 1427 461 σὺν
1453 403 1684 479 μελαίνῃ
1705 409 1803 462 καὶ
1830 405 2078 477 πενθίμῳ

2186 401 2557 471 Quamobrem
2586 407 2862 479 malignus
2894 422 2956 466 se
3001 408 3070 464 ab
3115 423 3180 464 ea
3224 406 3369 462 vinei
3403 418 3512 460 non
3559 405 3765 472 ferens,

495 499 657 571 στολῇ
697 499 987 568 ἐφίσταται
1036 499 1220 569 φοϐῶν
1273 499 1445 570 αὐτὴν
1474 502 1572 555 καὶ
1607 499 1673 553 τά
1718 499 2078 570 χαλεπώτατα

491 590 773 644 ἀπειλῶν·
816 595 913 648 καὶ
953 591 1150 664 πρῶτα
1186 591 1286 664 μὲν
1319 591 1489 646 αὐτοῦ
1542 592 1805 663 βασιλέως
1847 594 2079 649 καὶτῶν

492 684 843 755 θεραπόντων
880 683 1049 737 αὑτοῦ
1094 684 1214 755 τὴνηι
1235 683 1465 755 καρδίαν
1513 683 1842 754 μεταϐαλεῖν
1880 686 1975 739 καὶ¹
2000 686 2079 750 είς

491 777 549 828 τδ
579 775 817 845 ἔμπαλιν
849 774 1197 845 μεταθεῖναι,
1223 775 1415 829 ἔπειτα
1442 774 1501 828 δὲ
1530 774 1790 846 οἰκτίστῳ
1818 774 1962 829 τέλει
1986 774 2081 828 τὸν

490 866 610 938 βίον
643 868 936 920 ἀπολιπεῖν
967 867 1170 939 ταύτην
1195 869 1639 940 παρασκευάσαι,
1671 867 1884 931 ὀδύναις
1917 867 2083 941 βαρυ-

490 960 681 1029 τάταις
706 958 1201 1031 κατεργασθείσαν.
1237 960 1304 1012 Ἦ
1326 959 1383 1013 δέ
1401 960 1597 1030 τέχνην
1623 956 1763 1013 εἶναι
1791 959 1965 1014 ταῦτα
1982 959 2078 1013 τοῦ

490 1052 731 1123 πονηροῦ
772 1055 1016 1118 συνεῖσα,
1061 1051 1123 1106 τδ
1169 1051 1264 1105 τοῦ
1303 1050 1541 1124 Χριστοῦ
1575 1051 1751 1124 ὄνομα
1780 1053 1878 1124 τὴν
1910 1055 2083 1124 βαρυ-

486 1144 656 1215 τάτην
686 1144 895 1197 ἐκείνου
939 1143 1183 1213 μάστιγα
1233 1142 1358 1197 κατ’
1406 1142 1574 1198 αὑτοῦ
1616 1143 1859 1197 καλοῦσα
1896 1145 2079 1217 ἀφανῆ

487 1237 681 1303 τοῦτον
705 1236 1054 1307 παραχρῆμα
1078 1235 1255 1290 ἐποίει
1275 1252 1290 1269 ο
1321 1230 1443 1290 εἶτα
1474 1236 1946 1308 μεταστειλαμένη
1966 1237 2087 1308 διη-

489 1330 703 1396 γεῖσθαι
745 1330 893 1398 ἃπερ
933 1326 1042 1384 εἶδέ
1080 1346 1141 1382 τε
1189 1331 1289 1385 καὶ
1324 1329 1565 1399 ἀκήκοεν
1596 1329 1751 1400 ἀφνω
1784 1329 1845 1383 τὸ
1906 1332 2079 1401 ἰσχίον

486 1422 649 1495 ὀδύνῃ
678 1421 931 1492 βάλλεται
959 1425 1055 1478 καὶ
1081 1420 1227 1476 οὕτω
1265 1422 1515 1495 δριμείᾳ,
1552 1423 1629 1487 ῶς
1655 1424 1872 1491 ἀφωνόν
1891 1440 1951 1477 τε
1982 1425 2082 1478 αύ-

489 1513 585 1584 τὴν
616 1514 780 1577 εὐθὺς
818 1515 1204 1585 καταστῆναι,
1244 1518 1339 1572 καλ⁸
1376 1516 1567 1587 μηδενὶ
1601 1516 1725 1587 μηδ’
1767 1517 1904 1579 ὅλως
1934 1512 2077 1571 εἴναι

488 1604 916 1675 διαμφισάλλειν
939 1607 1021 1658 ὅτι
1055 1606 1132 1676 μὴ
1167 1606 1454 1677 προφανὴς
1481 1602 1549 1673 ἦν
1589 1606 1686 1659 τοῦ
1722 1606 1919 1678 ἐχθροῦ
1954 1608 2079 1662 ἐπί-

2192 496 2249 551 in
2274 497 2449 552 virum
2478 498 2601 569 ejus
2633 514 2962 569 conversus,
2988 508 3043 557 et
3066 500 3114 556 ei
3142 514 3412 572 apparens
3441 496 3772 551 miserabilis

2193 588 2317 644 cum
2355 590 2572 662 lugubri
2622 600 2678 649 et
2723 594 2878 665 nigra
2927 603 3099 659 veste,
3136 590 3350 649 accedit
3378 606 3499 646 eam
3528 599 3771 649 terrens.

2192 688 2248 737 et
2291 682 2479 753 gravia
2529 684 2815 750 minitans,
2860 693 2914 739 et
2974 685 3215 756 primum
3246 682 3463 753 quidem
3503 695 3565 736 se
3595 678 3773 749 ipsius

2192 773 2547 841 imperatoris
2585 782 2639 829 et
2670 774 2791 844 ejus
2823 773 3155 830 famulorum
3191 788 3290 828 cor
3319 778 3688 835 mutaturum,
3718 778 3772 823 et

2192 865 2247 920 in
2280 866 2620 921 contrarium
2655 869 3038 923 traducturum
3070 885 3085 933 ;
3134 864 3332 921 deinde
3378 864 3547 919 etiam
3579 871 3641 917 ut
3672 860 3775 915 mi-

2190 959 2411 1014 serabili
2442 958 2594 1013 exitu
2626 959 2795 1014 vitam
2827 957 3028 1024 (iniret,
3071 966 3521 1029 procuraturum,
3553 955 3771 1025 gravis-

2190 1051 2347 1107 simis
2396 1051 2649 1108 confecta
2713 1052 3020 1109 doloribus.
3071 1052 3173 1108 illa
3226 1060 3407 1106 autem
3466 1050 3583 1105 haec
3648 1063 3773 1103 esse

2189 1150 2363 1197 artem
2409 1145 2636 1215 maligni
2685 1144 3023 1216 intelligens,
3075 1143 3280 1200 Christi
3338 1155 3562 1202 nomen.
3618 1140 3767 1210 quod

2188 1234 2573 1303 gravissimam
2609 1234 2688 1289 illi
2724 1235 2939 1305 plagam
2972 1233 3151 1300 aﬂ'ert,
3183 1234 3470 1297 invocans,
3500 1229 3682 1285 eﬂ'ecit
3711 1238 3770 1284 ut

2136 1318 2141 1322 ’
2188 1323 2239 1381 is
2292 1325 2479 1381 statim
2550 1336 2927 1382 evanesceret.
2985 1324 3190 1381 Deinde
3257 1338 3383 1379 cum
3438 1320 3772 1376 accersisset

2189 1432 2312 1472 eum
2345 1416 2442 1487 qui
2486 1426 2605 1472 erat
2638 1433 2761 1473 cum
2800 1419 2943 1489 ipsa,
2982 1417 3354 1479 sacerdotem,
3385 1425 3439 1470 et
3474 1413 3771 1484 incepissct

2164 1520 2418 1565 “narrare
2452 1522 2513 1565 ea
2546 1525 2674 1580 quae
2698 1509 2911 1565 viderat
2943 1518 2997 1564 ct
3021 1508 3297 1568 audierat.
3346 1506 3515 1562 sentit
3542 1514 3769 1575 repente

2189 1601 2438 1658 dolorem
2495 1602 2550 1657 in
2604 1602 2926 1668 coxendice,
2989 1615 3231 1671 eumque
3283 1599 3420 1655 adeo
3458 1614 3664 1665 acrem,
3710 1608 3772 1651 ut

489 1696 663 1761 θεσις.
694 1696 851 1750 Οῦτω
873 1697 971 1767 τῆς
999 1697 1196 1770 ὀδύνης
1224 1699 1365 1769 αὐτῇ
1406 1701 1502 1752 καὶ
1540 1698 1621 1761 είς
1650 1697 1712 1764 ἐξ
1746 1700 2078 1771 παραταθεί-

2189 1708 2253 1747 ca
2296 1708 2484 1749 vocem
2528 1696 2798 1761 amiserit,
2849 1703 2905 1749 et
2956 1709 3120 1749 nemo
3165 1692 3502 1748 dubitaverit
3536 1690 3589 1746 id
3644 1705 3769 1745 esse

490 1806 591 1859 tm;
623 1789 835 1859 ἡμέρας
872 1792 969 1843 καὶ
1000 1790 1123 1841 κατ’
1159 1788 1379 1859 ἐκείνην
1406 1789 1641 1860 μάλιστα
1667 1789 1764 1859 τὴν
1794 1789 1945 1861 ὥραν
1984 1790 2078 1844 τοῦ

2183 1785 2532 1843 manifestum
2575 1786 2781 1851 inimici
2829 1788 3116 1845 insultum.
3169 1786 3306 1843 Cum
3356 1787 3440 1843 sic
3478 1786 3529 1841 ei
3563 1786 3763 1856 produ-

487 1880 664 1934 δεινοῦ
693 1880 794 1953 τὴν
822 1880 1112 1934 ἐπίστασιν
1141 1881 1459 1953 δεχομένου,
1494 1883 1553 1937 ἐν
1652 1884 1747 1936 τόν
1778 1900 1837 1936 τε
1872 1884 2080 1953 μέλανα

487 1967 596 2027 εἶδε
624 1973 720 2027 καὶ
741 1973 840 2035 τὰς
879 1972 1113 2038 ἀπειλάς
1138 1974 1398 2046 ἧκουσεν,
1427 1976 1553 2029 ἐπεὶ
1580 1975 1674 2028 καὶ
1697 1975 1731 2044 ή
1752 1972 1953 2045 ἐὸδόμη
1980 1994 2082 2028 πα-

493 2063 592 2135 ρῆν
631 2066 726 2120 καὶ
772 2064 806 2134 ἡ
841 2063 1070 2134 τελευτὴ
1119 2063 1489 2135 προσδόκιμος
1530 2059 1623 2135 ἦν,
1662 2064 1950 2135 ἐφίσταταί
1995 2083 2079 2129 τις

488 2155 848 2225 ἀπαγγέλλων
881 2155 1044 2226 αὐτῇ,
1074 2154 1256 2227 ἀθρόῳ
1287 2155 1432 2210 τέλει
1465 2154 1571 2209 τδν-
1598 2152 1740 2210 θεῖον
1762 2155 1887 2209 ὅσον
1927 2154 2085 2210 οὔπω

486 2246 822 2303 κινδυνεύειν
842 2246 1161 2305 ἀποθανεῖν.

558 2428 640 2482 A’.
670 2425 843 2480 Τοῦτο
879 2426 1063 2498 ἐκείνη
1092 2427 1319 2500 ήκουσε,
1369 2426 1549 2482 καίτοι
1589 2429 1781 2500 σχεδὸν
1804 2429 2082 2500 ἀκινήτως

487 2519 690 2590 ἔχουσα
722 2521 787 2591 τῇ
826 2517 922 2572 τοῦ
971 2519 1148 2590 ἰσχίου
1183 2520 1394 2591 πληγῇ,
1437 2520 1757 2592 παραυτίκα
1807 2520 2080 2593 βασταζο-

492 2613 629 2684 μένη
655 2610 815 2684 χερσὶ
842 2611 938 2667 καὶ
965 2611 1175 2684 φορείῳ
1207 2611 1343 2682 παρ’
1380 2612 1543 2667 αὐτὸν
1565 2612 1807 2669 ἄπεισιν.
1851 2613 2075 2669 Ἐλύπει

488 2706 601 2775 γὰρ
655 2706 824 2776 αὐτὴν
874 2705 1079 2777 σφόδρα
1118 2706 1180 2760 ού
1198 2706 1260 2760 τὸ
1302 2706 1558 2776 θνήσκειν
1604 2706 1813 2760 ἐκεῖνον
1862 2707 2073 2773 ἁπλῶς,

489 2796 631 2853 ἀλλὰ
657 2798 718 2851 τὸ
741 2796 1003 2868 θνήσκειν
1028 2795 1174 2851 οῦτω
1198 2795 1292 2850 τὸν
1320 2796 1420 2866 τῆς
1439 2796 1622 2868 ψυχῆς
1643 2796 1898 2864 θάνατον,
1922 2798 2077 2854 οὔπω

487 2891 588 2960 τῆς
636 2890 703 2943 ἐκ
768 2889 863 2943 τοῦ
923 2888 1308 2959 βαπτίσματος
1369 2889 1688 2960 ἀφθαρσίας
1746 2889 2075 2962 ἠξιωμένον.

492 2983 726 3039 Ἔπειτα
755 2980 951 3052 φθάνει
982 2998 1069 3045 τις
1100 2980 1289 3053 ἕτερος
1341 2979 1570 3051 μηνύων
1626 2981 1769 3053 αὐτῇ
1814 2982 2077 3053 βεϐαπτί-

2178 1887 2305 1935 ctus
2355 1888 2504 1936 esset
2553 1880 2713 1935 dolor
2743 1882 2810 1935 ad
2847 1896 2945 1938 sex
2979 1896 3153 1951 usque
3200 1881 3341 1944 dies,
3389 1886 3443 1935 et
3492 1879 3584 1933 illa
3628 1878 3764 1933 hora

2177 1971 2421 2025 maxime
2447 1970 2653 2026 malum
2690 1962 3088 2037 intenderetur,
3133 1985 3243 2042 qua
3285 1970 3502 2038 nigrum
3539 1982 3772 2039 aspexe-

2179 2071 2268 2119 rat
2296 2072 2354 2120 et
2412 2067 2591 2122 minas
2650 2067 2933 2125 audiverat
2979 2066 3194 2137 (aderat
3238 2066 3386 2121 enim
3436 2064 3551 2120 dies
3600 2063 3770 2135 septi-

2180 2157 2355 2229 mus),
2384 2160 2602 2216 accedit
2627 2160 2850 2232 aliquis,
2897 2162 3224 2217 renuntians
3259 2169 3513 2231 patruum
3551 2159 3770 2215 venisse

2178 2249 2234 2303 in
2297 2251 2650 2323 periculum,
2711 2267 2780 2309 ue
2839 2253 3129 2327 repentina
3196 2262 3372 2319 morte
3423 2250 3589 2307 vitam
3640 2265 3769 2306 mox

2180 2339 2389 2397 (iniret.

2252 2431 2422 2487 XXX.
2464 2433 2582 2490 Hoc
2626 2441 2917 2506 postquam
2966 2434 3057 2489 illa
3092 2434 3322 2501 audivit,
3377 2436 3478 2491 etsi
3546 2442 3771 2506 propter

2183 2522 2430 2581 dolorem
2480 2526 2802 2582 coxendicis
2837 2527 2923 2582 vix
2982 2543 3045 2584 se
3087 2536 3275 2598 posset
3317 2541 3559 2593 movere,
3598 2527 3771 2581 mani-

2182 2615 2288 2672 bus
2323 2625 2378 2672 et
2417 2618 2610 2674 lectica
2642 2620 2895 2690 protinus
2924 2622 2991 2675 ad
3019 2636 3142 2676 eum
3174 2627 3325 2675 vecta
3375 2617 3764 2691 proﬁciscitur.

2181 2707 2353 2765 Valde
2397 2713 2546 2767 enim
2585 2712 2890 2784 angebatur
2920 2714 2974 2768 in
3008 2729 3091 2780 se,
3141 2729 3251 2768 non
3288 2714 3432 2785 quod
3462 2712 3552 2767 ille
3586 2725 3768 2767 more-

2185 2810 2357 2869 retur,
2405 2804 2501 2858 sed
2553 2805 2700 2874 quod
2751 2815 2984 2861 mortem
3037 2805 3250 2860 subiret
3301 2806 3519 2870 animae,
3571 2812 3629 2858 ut
3671 2803 3766 2873 qui

2185 2881 2441 2963 baptismi
2484 2896 2954 2967 incorruptionem
2990 2899 3231 2952 nondum
3279 2908 3425 2953 esset
3454 2905 3765 2954 assecutus.

2184 2985 2391 3042 Deinde
2439 2990 2594 3044 venit
2651 2989 2876 3060 quidam
2928 2991 3091 3057 alius,
3139 2991 3188 3046 ei
3239 2989 3558 3061 signiﬁcans
3587 2990 3764 3044 virum

488 3075 612 3129 σθαι
636 3075 729 3128 τὸν
754 3073 946 3144 ἀνδρα,
969 3074 1065 3127 καὶ
1085 3073 1406 3141 ὅτι,ταύτην
1421 3073 1609 3144 ἐπειδὴ
1632 3075 1808 3130 πολλά
1829 3074 2075 3147 ζητήσας

2182 3082 2538 3153 baptizatum,
2574 3094 2628 3139 et
2657 3085 2803 3156 quod
2836 3100 2959 3140 cum
2995 3100 3116 3140 eam
3149 3099 3294 3156 saepe
3328 3083 3611 3155 quaesitam
3652 3097 3764 3138 non

485 3169 585 3238 οὐχ
610 3163 793 3236 εὗρεν,
821 3166 958 3220 ἀλλά
978 3168 1120 3237 νόσῳ
1136 3166 1463 3237 κατέχεσθαι
1492 3184 1557 3237 με
1568 3166 1830 3239 μαθήκοι,
1859 3169 2071 3241 ὁδηγῶν

487 3262 650 3315 πάλιν
676 3260 886 3330 ἐτέρων
906 3259 1109 3330 τυχὼν,
1135 3260 1315 3329 φωτὸς
1338 3260 1408 3314 δι’
1438 3260 1664 3314 ἐκείνων
1695 3262 1811 3326 υίὸς
1831 3263 2067 3331 γίνεται,

486 3354 583 3409 καὶ
608 3353 703 3407 τοῦ
734 3352 1115 3425 βαπτίσματος
1145 3349 1419 3415 ἀξιοῦται.
1461 3352 1683 3406 Τούτων
1727 3353 1868 3425 πρὸς
1897 3354 2070 3428 αὐτὴν

487 3446 763 3519 ῥηθέντων
799 3444 1019 3515 σύναμα
1048 3446 1115 3514 τῇ
1142 3443 1245 3515 τῆς
1278 3443 1457 3514 ψυχῆς
1494 3444 1750 3514 ἀλγηδόνι
1786 3445 1881 3499 καὶ
1908 3446 1942 3516 ἡ
1972 3446 2067 3500 τοῦ

486 3538 745 3610 σώματος
789 3537 958 3602 εὐθὺς
1004 3536 1250 3608 ύπέληγε
1302 3536 1478 3600 νόσος.
1521 3537 1634 3591 Καὶ
1681 3538 1715 3609 ή
1766 3539 1866 3609 μὲν
1898 3539 2076 3611 ὀσφὺς

483 3630 777 3696 ἀνωδύνως
820 3626 968 3700 εἶχεν
994 3646 1008 3659 ·
1052 3631 1082 3684 ό
1125 3628 1183 3682 δὲ
1230 3627 1368 3692 ποῦς
1405 3629 1664 3697 ἐκινεῖτο,
1704 3635 1796 3684 καὶ
1829 3632 1858 3684 ό
1895 3633 2076 3696 κοινὸς

487 3726 771 3795 πολέμιος,
808 3723 1042 3794 αἰσχύνῃ
1079 3722 1543 3788 συνεκαλύπτετο,
1595 3722 1737 3777 ὥστε
1780 3725 1840 3777 τὸ
1887 3725 2077 3780 λοιπὸν

485 3820 586 3891 τῆς
611 3818 735 3872 ὁδοῦ
761 3818 903 3888 αὐτή
933 3834 995 3871 τε
1025 3816 1093 3871 δι’
1124 3815 1452 3887 ἐαυτῆςῇει,
1477 3816 1574 3871 καὶ
1591 3819 1640 3870 oi
1663 3818 1927 3887 φέροντες
1954 3819 2078 3873 ἀντὶ

486 3911 580 3966 τοῦ
609 3911 906 3982 βαστάζειν
949 3911 1049 3974 τὰς
1099 3912 1289 3981 χεῖρας
1352 3910 1448 3963 ἐπὶ
1504 3910 1569 3964 τὸ
1624 3910 1874 3976 δοξάζειν
1915 3913 2080 3977 εὐθὺς

487 4006 715 4063 ἔτεινον.
750 3999 887 4058 Εἶτα
934 4004 1030 4058 καὶ
1071 4004 1210 4072 πρὸς
1260 4003 1357 4067 τὸν
1408 4002 1553 4057 θεῖον
1599 4004 1931 4076 ἀφικομένη,
1983 4007 2080 4061 καὶ

486 4097 669 4167 λόγοις
701 4096 867 4151 αὐτὸν
897 4096 1285 4167 ἐπιρῤὠσασα,
1318 4095 1493 4148 πολλά
1524 4112 1585 4148 τε
1613 4097 1743 4168 περὶ
1772 4097 1955 4169 ψυχῆς
1982 4098 2079 4153 καὶ

486 4192 589 4260 τῆς
619 4190 834 4245 ἐκεῖθεν
864 4187 1217 4259 διαλεχθεῖσα
1246 4188 1418 4259 ζωῆς,
1449 4187 1687 4260 εὔθυμόν
1714 4206 1774 4242 τε
1808 4191 1901 4243 καὶ
1924 4188 2076 4245 26a).-

486 4302 585 4340 πιν
609 4285 705 4338 ἐπὶ
734 4282 835 4353 τὴν
872 4283 954 4345 εἰς
988 4281 1123 4336 Θεὸν
1168 4279 1493 4347 ἀπάγουσαν
1538 4281 1928 4352 παραπέμπει,
1964 4284 2075 4345 τοῖς

487 4373 802 4435 καλλίστοις
822 4370 989 4425 αύτὺν
1018 4369 1257 4439 ἐφοδίοις
1282 4368 1360 4440 τῷ
1386 4369 1555 4440 τιμίῳ
1584 4367 1825 4438 Χριστοῦ
1860 4366 2081 4438 σώματί

2177 3173 2504 3239 invenisset,
2529 3174 2623 3230 sed
2652 3189 2772 3229 eam
2793 3176 2984 3230 morbo
3007 3175 3238 3231 detineri
3264 3175 3565 3239 didicisset,
3596 3173 3764 3228 alium

2177 3264 2370 3320 ducem
2408 3282 2604 3323 rursus
2647 3276 2864 3332 nactus,
2911 3281 3009 3337 per
3038 3266 3192 3322 illum
3246 3266 3302 3321 iit
3344 3267 3482 3322 lucis
3512 3267 3677 3330 (ilius,
3709 3276 3767 3321 et

2175 3357 2512 3427 baptismum
2557 3361 2942 3429 consequitur.
2976 3359 3114 3414 Cum
3157 3358 3275 3413 hinc
3303 3358 3352 3414 ei
3377 3359 3522 3414 dicta
3546 3367 3761 3425 essent,

2182 3432 2307 3504 cium
2346 3449 2537 3506 dolore
2570 3450 2768 3505 anima:
2794 3451 3047 3522 protinus
3082 3451 3321 3506 cessavit
3348 3450 3513 3505 etiam
3543 3450 3768 3505 morbus

2182 3545 2476 3616 corporis:
2516 3553 2572 3600 et
2605 3545 2826 3601 lumbus
2867 3545 3088 3616 quidem
3139 3544 3360 3601 carebat
3404 3544 3619 3609 dolore,
3671 3559 3767 3613 pes

2180 3644 2366 3691 autem
2419 3638 2764 3705 movebatur,
2816 3645 2871 3692 et
2917 3637 3229 3693 communis
3264 3635 3522 3691 inimicus
3566 3632 3767 3689 allicie-

2184 3728 2346 3782 batur
2379 3728 2691 3785 dedecore:
2722 3728 2857 3784 adeo
2884 3739 2944 3784 ut
3000 3729 3101 3783 via:
3133 3728 3402 3797 reliquum
3435 3726 3553 3796 ipsa
3587 3739 3679 3796 per
3705 3740 3767 3781 se

2185 3819 2507 3882 conﬁceret,
2527 3826 2584 3873 et
2604 3816 2696 3887 qui
2722 3817 3031 3887 portabant,
3061 3829 3160 3887 pro
3184 3829 3250 3871 eo
3272 3814 3419 3885 quod
3449 3815 3600 3885 prius
3630 3828 3763 3884 por-

2186 3914 2405 3975 tabant,
2424 3911 2490 3965 ad
2512 3909 2685 3965 Deum
2710 3908 3042 3963 laudandum
3064 3907 3254 3962 statim
3284 3920 3478 3960 manus
3501 3904 3766 3960 extende-

2187 4007 2339 4060 bant.
2358 4004 2561 4060 Deinde
2579 4019 2703 4060 cum
2724 4002 3040 4060 venissetad
3067 4011 3342 4071 patruum,
3363 4007 3415 4053 et
3439 3998 3622 4055 verbis
3636 4013 3763 4054 eum

2186 4097 2593 4159 confirmasset,
2639 4105 2693 4151 et
2727 4096 2793 4151 de
2818 4110 2883 4151 ea
2914 4110 3038 4165 qua:
3067 4093 3182 4147 illic
3210 4100 3296 4148 est
3330 4092 3438 4147 vita
3468 4092 3765 4149 disseruis-

2185 4201 2290 4257 set,
2325 4196 2506 4247 lzetum
2550 4198 2605 4246 et
2649 4190 2792 4245 bona
2844 4204 2941 4259 spe
2989 4188 3274 4259 praeditum
3329 4186 3655 4242 transmittit
3694 4184 3763 4241 ad

2184 4286 2355 4352 viam,
2382 4300 2503 4356 quae
2532 4283 2687 4340 ducit
2721 4283 2789 4338 ad
2840 4283 3034 4348 Deum,
3075 4296 3199 4336 cum
3231 4278 3606 4351 pulcherrimo
3636 4280 3765 4335 via-

2185 4378 2318 4444 tico,
2351 4391 2548 4447 nempe
2584 4376 2829 4448 pretioso
2859 4372 3067 4429 Christi
3117 4387 3353 4443 corpore
3392 4380 3448 4428 et
3473 4372 3762 4444 sanguine,

486 4484 547 4523 τε
586 4467 684 4520 καὶ
730 4465 927 4536 αἵματι
982 4461 1389 4533 καταρτίσασα,
1440 4460 1539 4514 καὶ
1588 4458 1763 4524 οὕτως
1814 4459 2076 4529 ἀσφαλῶς

2183 4484 2310 4524 eum
2362 4467 2742 4532 instruxisset,
2770 4474 2825 4521 et
2851 4467 2932 4521 sic
2967 4474 3027 4521 ut
3057 4472 3177 4520 tuto
3215 4465 3533 4531 recederet,
3579 4466 3761 4535 perfe-

485 4558 733 4630 οἴχεσθαι
786 4554 1294 4625 παρασκευάσασα.
1349 4554 1462 4607 Καὶ
1503 4550 1683 4605 ταῦτα
1733 4551 1836 4621 μέν
1888 4551 2078 4604 τοῦτον

2182 4562 2371 4617 cisset.
2407 4561 2473 4616 Et
2513 4561 2628 4615 lucc
2678 4558 2898 4629 quidem
2947 4558 3055 4613 hoc
3103 4558 3265 4612 modo
3295 4566 3448 4625 gesta
3477 4567 3628 4612 sunt.
3665 4557 3763 4612 illa

486 4649 821 4723 ᾠκονομήθη
863 4648 953 4703 τὸν
990 4647 1228 4720 τρόπον’
1272 4647 1307 4716 ή
1346 4645 1406 4700 δὲ
1447 4646 1687 4700 ἐνταῦθα
1737 4644 2078 4714 διαγαγοῦσα

2182 4660 2365 4708 autem
2385 4666 2511 4706 cum
2533 4648 2679 4706 haud
2697 4648 3120 4720 multosquidem
3136 4647 3254 4703 dies
3271 4648 3359 4704 hic
3377 4649 3762 4718 transegisset,

492 4746 590 4815 μὲν
620 4743 838 4814 ἡμέρας
880 4741 1003 4810 οὐχὶ
1044 4738 1269 4809 συχνὰς,
1310 4736 1482 4791 πολλὰ
1511 4737 1568 4791 δέ
1607 4737 1665 4789 ἐν
1695 4735 1909 4803 ὀλίγαις
1945 4736 2076 4790 πολ-

2182 4745 2237 4800 in
2297 4743 2490 4815 paucis
2537 4758 2667 4798 vero
2722 4741 2913 4797 multis
2966 4741 3266 4812 plurimum
3316 4738 3646 4808 profuisset,
3704 4746 3762 4794 et

487 4839 612 4900 λνιῦς
642 4835 1001 4905 ὠφελήσασα,
1038 4831 1136 4886 καὶ
1180 4830 1290 4905 πρό
1331 4847 1395 4897 γε
1435 4829 1545 4883 τῶν
1577 4828 1754 4884 ἀλλων
1782 4829 1910 4891 τοὺς
1949 4829 2078 4899 περὶ

2182 4845 2310 4893 ante
2357 4837 2492 4891 alios
2535 4834 2875 4906 imperatrici
2902 4842 2959 4889 et
2987 4833 3092 4903 ipsi
3128 4831 3450 4902 imperatori
3474 4832 3545 4902 (is
3571 4837 3757 4885 autem

487 4933 587 5001 τὴν
639 4927 891 4998 βασιλίδα
918 4927 1012 4978 καὶ
1049 4922 1397 4994 τὸνβασιλέα
1434 4921 1738 4991 (Θεοδόσιος
1792 4914 1949 4984 οὗτος
1982 4917 2078 4992 ἦν)

2182 4935 2299 4982 erat
2328 4925 2720 4993 Theodosius),
2749 4939 2873 4979 nam
2911 4924 2948 4979 ii
2980 4923 3172 4990 majori
3197 4936 3336 4991 Opus
3366 4918 3641 4975 habebant
3666 4933 3764 4974 cu-

491 5022 614 5076 ἐπεὶ
660 5021 759 5077 καὶ
825 5017 1099 5089 δεομένων
1138 5015 1387 5079 πλείονος
1432 5008 1582 5069 οὗτοι
1632 5014 1733 5085 τῆς
1775 5013 2079 5085 θεραπείας

490 5114 723 5179 ἐδέοντο,
774 5111 871 5167 ἀτε
914 5112 1013 5164 καὶ
1042 5108 1290 5173 πλείονος
1334 5110 1403 5179 τῇ
1428 5107 1522 5162 τοῦ
1545 5107 1755 5179 κόσμου
1786 5108 1918 5181 δόξῃ
1949 5107 2077 5162 δια-

493 5204 690 5276 χαυνού
699 5220 852 5275 μενοι
874 5202 974 5266 τὰς
996 5202 1192 5272 ψυχάς.

561 5298 687 5353 AA'.
724 5294 917 5350 Ταῦτα
947 5292 1132 5356 καλῶς
1162 5292 1348 5364 ἐκείνη
1381 5292 1476 5347 καὶ
1521 5291 1786 5361 θεοφιλῶς
1815 5292 2077 5363 πράξασα

492 5392 593 5463 τῆς
619 5389 830 5449 πόλεως
868 5384 1108 5456 ἐξορμᾷ·
1136 5385 1328 5451 δεινῶς
1359 5386 1469 5456 γάρ
1492 5385 1666 5456 αὐτὴν
1686 5381 1790 5457 ἦγε
1827 5388 1927 5455 τῆς
1952 5388 2086 5457 ήσυ-

496 5484 621 5556 χίας
654 5481 816 5553 ἔρως,
834 5480 929 5533 καὶ
963 5477 1065 5547 ἤδη
1083 5475 1193 5529 τῶν
1217 5478 1379 5549 ἱερῶν
1413 5478 1855 5548 ἀνεμιμνῄσκετο
1876 5478 2083 5534 τόπων.

501 5576 701 5644 Ἔτυχε
731 5572 789 5625 δέ
812 5570 936 5624 τότε
969 5569 1064 5623 καὶ
1096 5564 1250 5638 χιόνα
1299 5568 1721 5639 καταρραγῆναι
1760 5568 1961 5639 πολλὴν
1989 5567 2086 5622 καὶ

495 5663 665 5734 ψῦχος
695 5660 911 5734 ἄμαχόν
941 5677 994 5712 τι
1019 5656 1278 5726 γενέσθαι
1303 5656 1395 5710 καὶ
1430 5656 1894 5728 δυσκαρτέρητον.
1941 5656 2002 5710 Ἦ
2027 5656 2085 5711 δὲ

502 5756 597 5811 καί
624 5755 776 5824 ὥρας
817 5753 912 5809 καὶ
955 5751 1134 5827 χιόνος
1178 5748 1274 5804 καὶ
1322 5747 1542 5820 ήλικίας
1575 5751 1670 5804 καὶ
1709 5747 1943 5816 τακεροῦ
1982 5747 2084 5803 σώ-

2180 5018 2413 5082 ratione,
2443 5026 2503 5070 ut
2529 5031 2762 5089 quorum
2785 5014 2955 5069 animi
2996 5012 3208 5082 majore
3242 5011 3435 5066 mundi
3471 5010 3643 5081 gloria
3673 5024 3760 5065 es-

2177 5119 2301 5163 sent
2332 5109 2546 5164 tumidi.

2248 5283 2441 5340 XXXI.
2483 5283 2619 5339 Cum
2666 5283 2781 5335 base
2831 5279 2931 5334 illa
2980 5277 3209 5348 pulchre
3259 5285 3314 5332 et
3363 5276 3452 5346 pie
3508 5273 3755 5342 fecisset,

2179 5378 2460 5448 egreditur
2486 5375 2769 5447 ecivitate
2793 5388 2808 5437 ;
2846 5371 3139 5427 tenebatur
3165 5369 3311 5425 enim
3345 5382 3544 5438 magno
3570 5382 3758 5425 amore

2180 5467 2386 5523 silentii
2429 5476 2482 5522 et
2517 5463 2744 5535 quietis,
2786 5470 2841 5517 et
2890 5477 3044 5519 sacra
3077 5464 3201 5517 loca
3248 5460 3299 5516 ei
3356 5459 3649 5515 veniebant
3695 5460 3752 5516 in

2182 5564 2439 5612 mentem.
2485 5555 2773 5611 Acciderat
2839 5566 3022 5609 autem
3084 5560 3217 5608 tunc
3267 5552 3410 5607 nivis
3460 5552 3754 5621 plurimum

2180 5649 2473 5715 cecidisse,
2497 5656 2551 5705 et
2573 5656 2829 5703 exortum
2853 5662 2978 5703 esse
3002 5646 3176 5717 irigns
3202 5643 3746 5702 vehementissimun:

2168 5748 2239 5800 ἐι
2267 5742 2335 5799 ad
2372 5740 2717 5800 tolerandum
2767 5737 3166 5795 difﬁcillimum.
3195 5735 3290 5792 illa
3322 5745 3504 5793 autem
3539 5743 3593 5791 et
3616 5743 3757 5790 tem-

3794 759 3809 789 Ι
