  <div class='ocr_page' id='page_1' title='image "/cluster/home/n/w/nwhite01/storage/ocr_20150623/116/hvd.32044073502221/400.png"; bbox 0 0 4120 6378; ppageno 0'>
   <div class='ocr_carea' id='block_1_1' title="bbox 461 334 571 407">
    <p class='ocr_par' dir='ltr' id='par_1_1' title="bbox 461 334 571 407">
     <span class='ocr_line' id='line_1_1' title="bbox 461 334 571 407; baseline -0.009 -1"><span class='ocrx_word' id='word_1_1' title='bbox 461 334 571 407; x_wconf 74' lang='lat'><strong>789</strong></span> 
     </span>
    </p>
   </div>
   <div class='ocr_carea' id='block_1_2' title="bbox 1748 343 2435 415">
    <p class='ocr_par' dir='ltr' id='par_1_2' title="bbox 1748 343 2435 415">
     <span class='ocr_line' id='line_1_2' title="bbox 1748 343 2435 415; baseline 0.01 -8"><span class='ocrx_word' id='word_1_2' title='bbox 1748 343 1927 408; x_wconf 73' lang='lat' dir='ltr'><strong>VITA</strong></span> <span class='ocrx_word' id='word_1_3' title='bbox 1971 350 2032 412; x_wconf 84' lang='lat' dir='ltr'><strong>S.</strong></span> <span class='ocrx_word' id='word_1_4' title='bbox 2077 346 2435 415; x_wconf 70' lang='lat' dir='ltr'><strong>MELAN/BZ</strong></span> 
     </span>
    </p>
   </div>
   <div class='ocr_carea' id='block_1_3' title="bbox 3622 318 3730 418">
    <p class='ocr_par' dir='ltr' id='par_1_3' title="bbox 3622 318 3730 418">
     <span class='ocr_line' id='line_1_3' title="bbox 3622 318 3730 418; baseline 0 -1"><span class='ocrx_word' id='word_1_5' title='bbox 3622 318 3730 418; x_wconf 70' lang='grc' dir='ltr'><strong>πο</strong></span> 
     </span>
    </p>
   </div>
   <div class='ocr_carea' id='block_1_4' title="bbox 461 453 2068 531">
    <p class='ocr_par' dir='ltr' id='par_1_4' title="bbox 461 453 2041 531">
     <span class='ocr_line' id='line_1_4' title="bbox 461 453 2041 531; baseline 0.004 -23"><span class='ocrx_word' id='word_1_6' title='bbox 461 453 558 508; x_wconf 79' lang='grc' dir='ltr'><strong>τοῦ</strong></span> <span class='ocrx_word' id='word_1_7' title='bbox 599 453 774 509; x_wconf 86' lang='grc' dir='ltr'>κακοῦ</span> <span class='ocrx_word' id='word_1_8' title='bbox 803 453 1103 527; x_wconf 85' lang='grc' dir='ltr'>κρατῆσαι,</span> <span class='ocrx_word' id='word_1_9' title='bbox 1130 454 1257 510; x_wconf 61' lang='lat' dir='ltr'><strong>[ml</strong></span> <span class='ocrx_word' id='word_1_10' title='bbox 1281 454 1489 526; x_wconf 86' lang='grc' dir='ltr'>μάταια</span> <span class='ocrx_word' id='word_1_11' title='bbox 1514 454 1695 511; x_wconf 84' lang='grc' dir='ltr'>πάντα</span> <span class='ocrx_word' id='word_1_12' title='bbox 1725 460 1819 513; x_wconf 67' lang='grc' dir='ltr'><strong>καὶ</strong></span> <span class='ocrx_word' id='word_1_13' title='bbox 1843 460 1904 514; x_wconf 82' lang='grc' dir='ltr'>τὸ</span> <span class='ocrx_word' id='word_1_14' title='bbox 1939 478 2041 531; x_wconf 77' lang='grc' dir='ltr'>μηο</span> 
     </span>
    </p>
   </div>
   <div class='ocr_carea' id='block_1_5' title="bbox 2171 453 3731 531">
    <p class='ocr_par' dir='ltr' id='par_1_5' title="bbox 2171 454 3731 531">
     <span class='ocr_line' id='line_1_5' title="bbox 2171 454 3731 531; baseline 0.003 -13"><span class='ocrx_word' id='word_1_15' title='bbox 2171 479 2312 531; x_wconf 79' lang='lat' dir='ltr'><strong>[uatn</strong></span> <span class='ocrx_word' id='word_1_16' title='bbox 2365 465 2548 520; x_wconf 99' lang='lat' dir='ltr'><strong>omnia</strong></span> <span class='ocrx_word' id='word_1_17' title='bbox 2598 464 3076 520; x_wconf 84' lang='lat' dir='ltr'><strong>convincebantur</strong></span> <span class='ocrx_word' id='word_1_18' title='bbox 3119 480 3245 521; x_wconf 85' lang='lat' dir='ltr'><strong>esse</strong></span> <span class='ocrx_word' id='word_1_19' title='bbox 3286 463 3473 521; x_wconf 76' lang='lat' dir='ltr'><strong>Inanis</strong></span> <span class='ocrx_word' id='word_1_20' title='bbox 3507 476 3562 522; x_wconf 88' lang='lat' dir='ltr'><strong>et</strong></span> <span class='ocrx_word' id='word_1_21' title='bbox 3596 454 3731 524; x_wconf 73' lang='lat' dir='ltr'><strong>niliil</strong></span> 
     </span>
    </p>
   </div>
   <div class='ocr_carea' id='block_1_6' title="bbox 462 542 2042 625">
    <p class='ocr_par' dir='ltr' id='par_1_6' title="bbox 462 542 2042 625">
     <span class='ocr_line' id='line_1_6' title="bbox 462 542 2042 625; baseline 0.003 -24"><span class='ocrx_word' id='word_1_22' title='bbox 462 546 554 601; x_wconf 73' lang='grc' dir='ltr'>δὲν</span> <span class='ocrx_word' id='word_1_23' title='bbox 591 542 733 600; x_wconf 74' lang='grc' dir='ltr'>εἶναι</span> <span class='ocrx_word' id='word_1_24' title='bbox 775 546 1091 617; x_wconf 70' lang='grc' dir='ltr'>ἠλέγχοντο,</span> <span class='ocrx_word' id='word_1_25' title='bbox 1133 547 1463 614; x_wconf 77' lang='grc' dir='ltr'><strong>ἀπειπόντες</strong></span> <span class='ocrx_word' id='word_1_26' title='bbox 1509 553 1559 605; x_wconf 79' lang='lat' dir='ltr'><strong>oi</strong></span> <span class='ocrx_word' id='word_1_27' title='bbox 1597 551 1803 622; x_wconf 80' lang='grc' dir='ltr'><strong>ταύτης</strong></span> <span class='ocrx_word' id='word_1_28' title='bbox 1836 553 2042 625; x_wconf 78' lang='grc' dir='ltr'>προσή-</span> 
     </span>
    </p>
   </div>
   <div class='ocr_carea' id='block_1_7' title="bbox 464 637 2049 714">
    <p class='ocr_par' dir='ltr' id='par_1_7' title="bbox 464 637 2049 714">
     <span class='ocr_line' id='line_1_7' title="bbox 464 637 2049 714; baseline 0.004 -23"><span class='ocrx_word' id='word_1_29' title='bbox 464 656 655 703; x_wconf 83' lang='grc' dir='ltr'>κοντες</span> <span class='ocrx_word' id='word_1_30' title='bbox 692 640 830 709; x_wconf 74' lang='grc' dir='ltr'>πρὸς</span> <span class='ocrx_word' id='word_1_31' title='bbox 872 638 1001 709; x_wconf 83' lang='grc' dir='ltr'>μίαν</span> <span class='ocrx_word' id='word_1_32' title='bbox 1033 637 1224 712; x_wconf 75' lang='grc' dir='ltr'>ἑώρων</span> <span class='ocrx_word' id='word_1_33' title='bbox 1252 640 1510 712; x_wconf 74' lang='grc' dir='ltr'>βοήθειαν</span> <span class='ocrx_word' id='word_1_34' title='bbox 1538 645 1640 712; x_wconf 77' lang='grc' dir='ltr'>τὴν</span> <span class='ocrx_word' id='word_1_35' title='bbox 1666 644 1766 714; x_wconf 81' lang='grc' dir='ltr'>τῆς</span> <span class='ocrx_word' id='word_1_36' title='bbox 1801 644 2049 714; x_wconf 78' lang='grc' dir='ltr'><strong>μεγάλης</strong></span> 
     </span>
    </p>
   </div>
   <div class='ocr_carea' id='block_1_8' title="bbox 464 726 2049 805">
    <p class='ocr_par' dir='ltr' id='par_1_8' title="bbox 464 726 2049 805">
     <span class='ocr_line' id='line_1_8' title="bbox 464 726 2049 805; baseline 0.004 -25"><span class='ocrx_word' id='word_1_37' title='bbox 464 729 655 798; x_wconf 74' lang='grc' dir='ltr'>εὐχήν.</span> <span class='ocrx_word' id='word_1_38' title='bbox 692 730 960 799; x_wconf 80' lang='grc' dir='ltr'>Φέρουσιν</span> <span class='ocrx_word' id='word_1_39' title='bbox 988 726 1081 784; x_wconf 73' lang='grc' dir='ltr'>οὖν</span> <span class='ocrx_word' id='word_1_40' title='bbox 1109 731 1279 802; x_wconf 76' lang='grc' dir='ltr'>αὐτὴν</span> <span class='ocrx_word' id='word_1_41' title='bbox 1312 735 1502 804; x_wconf 71' lang='grc' dir='ltr'>χερσὶν</span> <span class='ocrx_word' id='word_1_42' title='bbox 1537 734 1808 803; x_wconf 78' lang='grc' dir='ltr'>αἴροντες,</span> <span class='ocrx_word' id='word_1_43' title='bbox 1834 735 2049 805; x_wconf 86' lang='grc' dir='ltr'>δάκρυά</span> 
     </span>
    </p>
   </div>
   <div class='ocr_carea' id='block_1_9' title="bbox 463 822 2047 899">
    <p class='ocr_par' dir='ltr' id='par_1_9' title="bbox 463 822 2047 899">
     <span class='ocr_line' id='line_1_9' title="bbox 463 822 2047 899; baseline 0.005 -27"><span class='ocrx_word' id='word_1_44' title='bbox 463 837 526 873; x_wconf 85' lang='grc' dir='ltr'><strong>τε</strong></span> <span class='ocrx_word' id='word_1_45' title='bbox 575 822 687 873; x_wconf 83' lang='grc' dir='ltr'>τῶν</span> <span class='ocrx_word' id='word_1_46' title='bbox 731 822 1031 892; x_wconf 73' lang='grc' dir='ltr'><strong>ὀφθαλμῶν</strong></span> <span class='ocrx_word' id='word_1_47' title='bbox 1064 824 1467 890; x_wconf 83' lang='grc' dir='ltr'>ἀποστάζοντες</span> <span class='ocrx_word' id='word_1_48' title='bbox 1519 829 1617 882; x_wconf 68' lang='grc' dir='ltr'><strong>καὶ</strong></span> <span class='ocrx_word' id='word_1_49' title='bbox 1661 830 1884 899; x_wconf 78' lang='grc' dir='ltr'>ῥήματα</span> <span class='ocrx_word' id='word_1_50' title='bbox 1937 829 2047 880; x_wconf 84' lang='grc' dir='ltr'>τῶν</span> 
     </span>
    </p>
   </div>
   <div class='ocr_carea' id='block_1_10' title="bbox 463 914 2045 998">
    <p class='ocr_par' dir='ltr' id='par_1_10' title="bbox 463 914 2045 998">
     <span class='ocr_line' id='line_1_10' title="bbox 463 914 2045 998; baseline 0.005 -32"><span class='ocrx_word' id='word_1_51' title='bbox 463 914 720 985; x_wconf 77' lang='grc' dir='ltr'><strong>δακρύων</strong></span> <span class='ocrx_word' id='word_1_52' title='bbox 749 917 1094 998; x_wconf 28' lang='grc' dir='ltr'>ὲλεεινότειρα</span> <span class='ocrx_word' id='word_1_53' title='bbox 1136 920 1477 991; x_wconf 83' lang='grc' dir='ltr'>προϊέμενοι.</span> <span class='ocrx_word' id='word_1_54' title='bbox 1519 922 1585 974; x_wconf 83' lang='grc' dir='ltr'><strong>Ἦ</strong></span> <span class='ocrx_word' id='word_1_55' title='bbox 1619 922 1673 975; x_wconf 74' lang='grc' dir='ltr'>δὲ</span> <span class='ocrx_word' id='word_1_56' title='bbox 1697 923 1816 991; x_wconf 75' lang='grc' dir='ltr'>(καὶ</span> <span class='ocrx_word' id='word_1_57' title='bbox 1851 922 1957 991; x_wconf 73' lang='grc' dir='ltr'><strong>γάρ</strong></span> <span class='ocrx_word' id='word_1_58' title='bbox 1987 921 2045 988; x_wconf 80' lang='grc' dir='ltr'>ἐξ</span> 
     </span>
    </p>
   </div>
   <div class='ocr_carea' id='block_1_11' title="bbox 466 1006 2049 1084">
    <p class='ocr_par' dir='ltr' id='par_1_11' title="bbox 466 1006 2049 1084">
     <span class='ocr_line' id='line_1_11' title="bbox 466 1006 2049 1084; baseline 0.008 -26"><span class='ocrx_word' id='word_1_59' title='bbox 466 1006 776 1076; x_wconf 82' lang='grc' dir='ltr'>ἀνθρώπων</span> <span class='ocrx_word' id='word_1_60' title='bbox 803 1008 965 1074; x_wconf 72' lang='grc' dir='ltr'>δόξαν</span> <span class='ocrx_word' id='word_1_61' title='bbox 998 1012 1074 1075; x_wconf 88' lang='grc' dir='ltr'><strong>ὡς</strong></span> <span class='ocrx_word' id='word_1_62' title='bbox 1094 1012 1161 1064; x_wconf 72' lang='grc' dir='ltr'><strong>τὰ</strong></span> <span class='ocrx_word' id='word_1_63' title='bbox 1194 1014 1409 1082; x_wconf 86' lang='grc' dir='ltr'>μεγάλα</span> <span class='ocrx_word' id='word_1_64' title='bbox 1440 1013 1786 1083; x_wconf 77' lang='grc' dir='ltr'><strong>βλάπτουσαν</strong></span> <span class='ocrx_word' id='word_1_65' title='bbox 1813 1016 2049 1084; x_wconf 71' lang='grc' dir='ltr'>ἐφυλάτο</span> 
     </span>
    </p>
   </div>
   <div class='ocr_carea' id='block_1_12' title="bbox 465 1107 2043 1182">
    <p class='ocr_par' dir='ltr' id='par_1_12' title="bbox 465 1107 2043 1182">
     <span class='ocr_line' id='line_1_12' title="bbox 465 1107 2043 1182; baseline 0.006 -27"><span class='ocrx_word' id='word_1_66' title='bbox 465 1120 610 1165; x_wconf 79' lang='grc' dir='ltr'>τετο,</span> <span class='ocrx_word' id='word_1_67' title='bbox 641 1107 735 1156; x_wconf 72' lang='grc' dir='ltr'><strong>καὶ</strong></span> <span class='ocrx_word' id='word_1_68' title='bbox 760 1112 1176 1177; x_wconf 81' lang='grc' dir='ltr'>μετριοφρονεῖν</span> <span class='ocrx_word' id='word_1_69' title='bbox 1204 1109 1519 1178; x_wconf 80' lang='grc' dir='ltr'>ἠπίστατο),</span> <span class='ocrx_word' id='word_1_70' title='bbox 1548 1111 1734 1165; x_wconf 86' lang='grc' dir='ltr'>Ταῦτα</span> <span class='ocrx_word' id='word_1_71' title='bbox 1763 1113 1863 1182; x_wconf 78' lang='grc' dir='ltr'>μὲν</span> <span class='ocrx_word' id='word_1_72' title='bbox 1896 1114 2043 1182; x_wconf 74' lang='grc' dir='ltr'>ἐμοὶ,</span> 
     </span>
    </p>
   </div>
   <div class='ocr_carea' id='block_1_13' title="bbox 466 1194 2049 1276">
    <p class='ocr_par' dir='ltr' id='par_1_13' title="bbox 466 1194 2049 1276">
     <span class='ocr_line' id='line_1_13' title="bbox 466 1194 2049 1276; baseline 0.008 -30"><span class='ocrx_word' id='word_1_73' title='bbox 466 1194 641 1262; x_wconf 73' lang='grc' dir='ltr'>λέγει,</span> <span class='ocrx_word' id='word_1_74' title='bbox 678 1196 918 1252; x_wconf 85' lang='grc' dir='ltr'>ἀδύνατα</span> <span class='ocrx_word' id='word_1_75' title='bbox 942 1215 958 1231; x_wconf 89' lang='grc'><strong>·</strong></span> <span class='ocrx_word' id='word_1_76' title='bbox 992 1202 1038 1253; x_wconf 84' lang='lat' dir='ltr'><strong>oi</strong></span> <span class='ocrx_word' id='word_1_77' title='bbox 1067 1200 1121 1252; x_wconf 83' lang='grc' dir='ltr'>δὲ</span> <span class='ocrx_word' id='word_1_78' title='bbox 1166 1203 1262 1254; x_wconf 88' lang='grc' dir='ltr'><strong>τοῦ</strong></span> <span class='ocrx_word' id='word_1_79' title='bbox 1292 1204 1530 1271; x_wconf 78' lang='grc' dir='ltr'><strong>Χριστοῦ</strong></span> <span class='ocrx_word' id='word_1_80' title='bbox 1567 1204 1846 1276; x_wconf 84' lang='grc' dir='ltr'>μάρτυρες</span> <span class='ocrx_word' id='word_1_81' title='bbox 1879 1205 2049 1259; x_wconf 70' lang='grc' dir='ltr'>πολλὰ</span> 
     </span>
    </p>
   </div>
   <div class='ocr_carea' id='block_1_14' title="bbox 388 1289 2047 1370">
    <p class='ocr_par' dir='ltr' id='par_1_14' title="bbox 388 1289 2047 1370">
     <span class='ocr_line' id='line_1_14' title="bbox 388 1289 2047 1370; baseline 0.008 -30"><span class='ocrx_word' id='word_1_82' title='bbox 388 1366 393 1370; x_wconf 13' lang='grc' dir='ltr'><strong><em>ἢ</em></strong></span> <span class='ocrx_word' id='word_1_83' title='bbox 470 1289 540 1341; x_wconf 81' lang='grc' dir='ltr'>ἂν</span> <span class='ocrx_word' id='word_1_84' title='bbox 566 1290 792 1344; x_wconf 89' lang='grc' dir='ltr'>τοιαῦτα</span> <span class='ocrx_word' id='word_1_85' title='bbox 819 1293 911 1344; x_wconf 70' lang='grc' dir='ltr'><strong>καὶ</strong></span> <span class='ocrx_word' id='word_1_86' title='bbox 935 1292 1157 1362; x_wconf 79' lang='grc' dir='ltr'>μείζονα</span> <span class='ocrx_word' id='word_1_87' title='bbox 1180 1294 1388 1349; x_wconf 89' lang='grc' dir='ltr'>τούτων</span> <span class='ocrx_word' id='word_1_88' title='bbox 1430 1298 1771 1366; x_wconf 81' lang='grc' dir='ltr'>ἐργάσασθαι</span> <span class='ocrx_word' id='word_1_89' title='bbox 1808 1299 2047 1354; x_wconf 86' lang='grc' dir='ltr'>δυνατοί.</span> 
     </span>
    </p>
   </div>
   <div class='ocr_carea' id='block_1_15' title="bbox 468 1380 2052 1463">
    <p class='ocr_par' dir='ltr' id='par_1_15' title="bbox 468 1380 2052 1463">
     <span class='ocr_line' id='line_1_15' title="bbox 468 1380 2052 1463; baseline 0.008 -30"><span class='ocrx_word' id='word_1_90' title='bbox 468 1380 658 1446; x_wconf 77' lang='grc' dir='ltr'>Οὖτως</span> <span class='ocrx_word' id='word_1_91' title='bbox 695 1384 926 1437; x_wconf 76' lang='grc' dir='ltr'>εἰποῦσα</span> <span class='ocrx_word' id='word_1_92' title='bbox 960 1386 1042 1448; x_wconf 83' lang='grc' dir='ltr'><strong>είς</strong></span> <span class='ocrx_word' id='word_1_93' title='bbox 1078 1386 1171 1438; x_wconf 85' lang='grc' dir='ltr'>τὸν</span> <span class='ocrx_word' id='word_1_94' title='bbox 1206 1387 1334 1440; x_wconf 78' lang='grc' dir='ltr'>ναὸν</span> <span class='ocrx_word' id='word_1_95' title='bbox 1371 1388 1529 1457; x_wconf 78' lang='grc' dir='ltr'>ἄγειν</span> <span class='ocrx_word' id='word_1_96' title='bbox 1563 1389 1775 1443; x_wconf 81' lang='grc' dir='ltr'><strong>κελεύει</strong></span> <span class='ocrx_word' id='word_1_97' title='bbox 1802 1392 1901 1463; x_wconf 84' lang='grc' dir='ltr'><strong>τὴν</strong></span> <span class='ocrx_word' id='word_1_98' title='bbox 1933 1392 2052 1445; x_wconf 84' lang='grc' dir='ltr'>δαι-</span> 
     </span>
    </p>
   </div>
   <div class='ocr_carea' id='block_1_16' title="bbox 473 1475 2052 1546">
    <p class='ocr_par' dir='ltr' id='par_1_16' title="bbox 473 1475 2052 1546">
     <span class='ocr_line' id='line_1_16' title="bbox 473 1475 2052 1546; baseline 0.007 -20"><span class='ocrx_word' id='word_1_99' title='bbox 473 1475 748 1543; x_wconf 84' lang='grc' dir='ltr'>μονῶσαν.</span> <span class='ocrx_word' id='word_1_100' title='bbox 796 1476 905 1530; x_wconf 88' lang='grc' dir='ltr'><strong>Τοῦ</strong></span> <span class='ocrx_word' id='word_1_101' title='bbox 946 1476 1002 1530; x_wconf 84' lang='grc' dir='ltr'>δὲ</span> <span class='ocrx_word' id='word_1_102' title='bbox 1040 1477 1147 1530; x_wconf 82' lang='grc' dir='ltr'>τῶν</span> <span class='ocrx_word' id='word_1_103' title='bbox 1176 1479 1347 1546; x_wconf 84' lang='grc' dir='ltr'>ἀγίων</span> <span class='ocrx_word' id='word_1_104' title='bbox 1384 1480 1547 1546; x_wconf 82' lang='grc' dir='ltr'>εὐθὺς</span> <span class='ocrx_word' id='word_1_105' title='bbox 1595 1483 1777 1536; x_wconf 80' lang='grc' dir='ltr'>ἐλαίου</span> <span class='ocrx_word' id='word_1_106' title='bbox 1809 1483 2052 1537; x_wconf 75' lang='grc' dir='ltr'>λαϐοῦσα</span> 
     </span>
    </p>
   </div>
   <div class='ocr_carea' id='block_1_17' title="bbox 469 1569 2050 1647">
    <p class='ocr_par' dir='ltr' id='par_1_17' title="bbox 469 1569 2050 1647">
     <span class='ocr_line' id='line_1_17' title="bbox 469 1569 2050 1647; baseline 0.006 -27"><span class='ocrx_word' id='word_1_107' title='bbox 469 1569 567 1622; x_wconf 71' lang='grc' dir='ltr'><strong>καὶ</strong></span> <span class='ocrx_word' id='word_1_108' title='bbox 621 1570 717 1622; x_wconf 80' lang='grc' dir='ltr'><strong>τοῦ</strong></span> <span class='ocrx_word' id='word_1_109' title='bbox 765 1572 864 1640; x_wconf 77' lang='grc' dir='ltr'>τῆς</span> <span class='ocrx_word' id='word_1_110' title='bbox 897 1571 1217 1638; x_wconf 73' lang='grc' dir='ltr'><strong>καμνούσης</strong></span> <span class='ocrx_word' id='word_1_111' title='bbox 1268 1574 1539 1642; x_wconf 85' lang='grc' dir='ltr'>στόματος</span> <span class='ocrx_word' id='word_1_112' title='bbox 1588 1574 1844 1645; x_wconf 77' lang='grc' dir='ltr'><strong>ἁψαμένη</strong></span> <span class='ocrx_word' id='word_1_113' title='bbox 1906 1576 2050 1647; x_wconf 78' lang='grc' dir='ltr'>λαμο·</span> 
     </span>
    </p>
   </div>
   <div class='ocr_carea' id='block_1_18' title="bbox 470 1660 2052 1738">
    <p class='ocr_par' dir='ltr' id='par_1_18' title="bbox 470 1660 2052 1738">
     <span class='ocr_line' id='line_1_18' title="bbox 470 1660 2052 1738; baseline 0.007 -27"><span class='ocrx_word' id='word_1_114' title='bbox 470 1660 617 1730; x_wconf 74' lang='grc' dir='ltr'>πρὰν</span> <span class='ocrx_word' id='word_1_115' title='bbox 646 1661 900 1731; x_wconf 81' lang='grc' dir='ltr'><strong>ἐπιφέρει</strong></span> <span class='ocrx_word' id='word_1_116' title='bbox 943 1663 1149 1732; x_wconf 81' lang='grc' dir='ltr'>φωνὴν,</span> <span class='ocrx_word' id='word_1_117' title='bbox 1208 1664 1299 1718; x_wconf 84' lang='grc' dir='ltr'>Ἐν</span> <span class='ocrx_word' id='word_1_118' title='bbox 1323 1665 1402 1736; x_wconf 80' lang='grc' dir='ltr'>τῷ</span> <span class='ocrx_word' id='word_1_119' title='bbox 1438 1666 1666 1735; x_wconf 88' lang='grc' dir='ltr'>ὀνόματι</span> <span class='ocrx_word' id='word_1_120' title='bbox 1706 1667 1882 1738; x_wconf 83' lang='grc' dir='ltr'>Ἰησοῦ</span> <span class='ocrx_word' id='word_1_121' title='bbox 1914 1669 2052 1738; x_wconf 84' lang='grc' dir='ltr'>Χρι-</span> 
     </span>
    </p>
   </div>
   <div class='ocr_carea' id='block_1_19' title="bbox 473 1753 2052 1829">
    <p class='ocr_par' dir='ltr' id='par_1_19' title="bbox 473 1753 2052 1829">
     <span class='ocr_line' id='line_1_19' title="bbox 473 1753 2052 1829; baseline 0.005 -23"><span class='ocrx_word' id='word_1_122' title='bbox 473 1754 623 1816; x_wconf 83' lang='grc' dir='ltr'>στοῦ,</span> <span class='ocrx_word' id='word_1_123' title='bbox 652 1753 909 1822; x_wconf 75' lang='grc' dir='ltr'><strong>λέγουσα,</strong></span> <span class='ocrx_word' id='word_1_124' title='bbox 950 1755 1218 1823; x_wconf 77' lang='grc' dir='ltr'>διάνοιξόν</span> <span class='ocrx_word' id='word_1_125' title='bbox 1257 1774 1352 1811; x_wconf 87' lang='grc' dir='ltr'><strong>σου</strong></span> <span class='ocrx_word' id='word_1_126' title='bbox 1385 1758 1447 1812; x_wconf 80' lang='grc' dir='ltr'><strong>τὸ</strong></span> <span class='ocrx_word' id='word_1_127' title='bbox 1493 1760 1689 1829; x_wconf 81' lang='grc' dir='ltr'>στόμα.</span> <span class='ocrx_word' id='word_1_128' title='bbox 1736 1761 2052 1814; x_wconf 77' lang='grc' dir='ltr'>Ἠκολούθει</span> 
     </span>
    </p>
   </div>
   <div class='ocr_carea' id='block_1_20' title="bbox 472 1847 2054 1925">
    <p class='ocr_par' dir='ltr' id='par_1_20' title="bbox 472 1847 2054 1925">
     <span class='ocr_line' id='line_1_20' title="bbox 472 1847 2054 1925; baseline 0.005 -25"><span class='ocrx_word' id='word_1_129' title='bbox 472 1847 529 1901; x_wconf 75' lang='grc' dir='ltr'>δὲ</span> <span class='ocrx_word' id='word_1_130' title='bbox 567 1848 907 1918; x_wconf 84' lang='grc' dir='ltr'>παραχρῆμα</span> <span class='ocrx_word' id='word_1_131' title='bbox 935 1851 998 1919; x_wconf 83' lang='grc' dir='ltr'>τῇ</span> <span class='ocrx_word' id='word_1_132' title='bbox 1028 1852 1177 1920; x_wconf 80' lang='grc' dir='ltr'>φωνῇ</span> <span class='ocrx_word' id='word_1_133' title='bbox 1211 1852 1244 1921; x_wconf 78' lang='grc' dir='ltr'><strong>ἡ</strong></span> <span class='ocrx_word' id='word_1_134' title='bbox 1278 1852 1454 1922; x_wconf 80' lang='grc' dir='ltr'>φωνὴ,</span> <span class='ocrx_word' id='word_1_135' title='bbox 1478 1856 1545 1923; x_wconf 83' lang='grc' dir='ltr'>τῇ</span> <span class='ocrx_word' id='word_1_136' title='bbox 1577 1853 1731 1925; x_wconf 81' lang='grc' dir='ltr'>παρὰ</span> <span class='ocrx_word' id='word_1_137' title='bbox 1760 1855 1859 1923; x_wconf 77' lang='grc' dir='ltr'>τῆς</span> <span class='ocrx_word' id='word_1_138' title='bbox 1890 1855 2054 1923; x_wconf 85' lang='grc' dir='ltr'>ἁγίας</span> 
     </span>
    </p>
   </div>
   <div class='ocr_carea' id='block_1_21' title="bbox 475 1938 2055 2016">
    <p class='ocr_par' dir='ltr' id='par_1_21' title="bbox 475 1938 2055 2016">
     <span class='ocr_line' id='line_1_21' title="bbox 475 1938 2055 2016; baseline 0.007 -26"><span class='ocrx_word' id='word_1_139' title='bbox 475 1938 635 2009; x_wconf 76' lang='grc' dir='ltr'>ήτῆς</span> <span class='ocrx_word' id='word_1_140' title='bbox 684 1938 974 2010; x_wconf 81' lang='grc' dir='ltr'>νοσούσης,</span> <span class='ocrx_word' id='word_1_141' title='bbox 1023 1942 1118 1994; x_wconf 72' lang='grc' dir='ltr'><strong>καὶ</strong></span> <span class='ocrx_word' id='word_1_142' title='bbox 1157 1942 1191 2012; x_wconf 85' lang='grc' dir='ltr'>ὴ</span> <span class='ocrx_word' id='word_1_143' title='bbox 1240 1942 1457 2010; x_wconf 82' lang='grc' dir='ltr'>γλῶττα</span> <span class='ocrx_word' id='word_1_144' title='bbox 1507 1944 1644 2015; x_wconf 76' lang='grc' dir='ltr'>πρὸς</span> <span class='ocrx_word' id='word_1_145' title='bbox 1695 1946 2055 2016; x_wconf 78' lang='grc' dir='ltr'>εὐχαριστίαν</span> 
     </span>
    </p>
   </div>
   <div class='ocr_carea' id='block_1_22' title="bbox 474 2031 2058 2110">
    <p class='ocr_par' dir='ltr' id='par_1_22' title="bbox 474 2031 2058 2110">
     <span class='ocr_line' id='line_1_22' title="bbox 474 2031 2058 2110; baseline 0.007 -26"><span class='ocrx_word' id='word_1_146' title='bbox 474 2031 758 2103; x_wconf 73' lang='grc' dir='ltr'>ἠρέθιστο,</span> <span class='ocrx_word' id='word_1_147' title='bbox 799 2033 896 2086; x_wconf 85' lang='grc' dir='ltr'><strong>καὶ</strong></span> <span class='ocrx_word' id='word_1_148' title='bbox 923 2033 951 2084; x_wconf 90' lang='grc' dir='ltr'><strong>ὀ</strong></span> <span class='ocrx_word' id='word_1_149' title='bbox 972 2032 1184 2102; x_wconf 87' lang='grc' dir='ltr'>δαίμων</span> <span class='ocrx_word' id='word_1_150' title='bbox 1212 2035 1379 2105; x_wconf 84' lang='grc' dir='ltr'>ἀπῆν,</span> <span class='ocrx_word' id='word_1_151' title='bbox 1412 2039 1509 2098; x_wconf 77' lang='grc' dir='ltr'><strong>καὶ</strong></span> <span class='ocrx_word' id='word_1_152' title='bbox 1543 2039 1576 2107; x_wconf 81' lang='grc' dir='ltr'><strong>ἡ</strong></span> <span class='ocrx_word' id='word_1_153' title='bbox 1622 2039 1798 2110; x_wconf 82' lang='grc' dir='ltr'>τροφὴ</span> <span class='ocrx_word' id='word_1_154' title='bbox 1840 2039 2058 2110; x_wconf 86' lang='grc' dir='ltr'>σύναμα</span> 
     </span>
    </p>
   </div>
   <div class='ocr_carea' id='block_1_23' title="bbox 478 2122 2057 2203">
    <p class='ocr_par' dir='ltr' id='par_1_23' title="bbox 478 2122 2057 2203">
     <span class='ocr_line' id='line_1_23' title="bbox 478 2122 2057 2203; baseline 0.006 -28"><span class='ocrx_word' id='word_1_155' title='bbox 478 2125 682 2194; x_wconf 77' lang='grc' dir='ltr'>παρῆν,</span> <span class='ocrx_word' id='word_1_156' title='bbox 734 2126 828 2177; x_wconf 75' lang='grc' dir='ltr'>καὶ</span> <span class='ocrx_word' id='word_1_157' title='bbox 886 2122 947 2176; x_wconf 66' lang='grc' dir='ltr'>τὸ</span> <span class='ocrx_word' id='word_1_158' title='bbox 980 2123 1125 2178; x_wconf 78' lang='grc' dir='ltr'>θεῖον</span> <span class='ocrx_word' id='word_1_159' title='bbox 1178 2125 1246 2180; x_wconf 87' lang='grc' dir='ltr'>δι’</span> <span class='ocrx_word' id='word_1_160' title='bbox 1297 2127 1468 2198; x_wconf 80' lang='grc' dir='ltr'>αὐτὴν</span> <span class='ocrx_word' id='word_1_161' title='bbox 1526 2127 1706 2199; x_wconf 78' lang='grc' dir='ltr'>ὄνομα</span> <span class='ocrx_word' id='word_1_162' title='bbox 1759 2130 2057 2203; x_wconf 78' lang='grc' dir='ltr'>δοξαζόμε-</span> 
     </span>
    </p>
   </div>
   <div class='ocr_carea' id='block_1_24' title="bbox 480 2212 700 2288">
    <p class='ocr_par' dir='ltr' id='par_1_24' title="bbox 480 2212 700 2288">
     <span class='ocr_line' id='line_1_24' title="bbox 480 2212 700 2288; baseline -0.005 -18"><span class='ocrx_word' id='word_1_163' title='bbox 480 2234 573 2270; x_wconf 86' lang='grc' dir='ltr'>νον</span> <span class='ocrx_word' id='word_1_164' title='bbox 610 2212 700 2288; x_wconf 77' lang='grc' dir='ltr'>ἦν.</span> 
     </span>
    </p>
   </div>
   <div class='ocr_carea' id='block_1_25' title="bbox 549 2308 2059 2386">
    <p class='ocr_par' dir='ltr' id='par_1_25' title="bbox 549 2308 2059 2386">
     <span class='ocr_line' id='line_1_25' title="bbox 549 2308 2059 2386; baseline 0.005 -23"><span class='ocrx_word' id='word_1_165' title='bbox 549 2308 675 2365; x_wconf 82' lang='lat' dir='ltr'><strong>Al&#39;&quot;.</strong></span> <span class='ocrx_word' id='word_1_166' title='bbox 720 2312 894 2382; x_wconf 75' lang='grc' dir='ltr'>’Ἄλλη</span> <span class='ocrx_word' id='word_1_167' title='bbox 934 2330 1019 2376; x_wconf 90' lang='grc' dir='ltr'><strong>τις</strong></span> <span class='ocrx_word' id='word_1_168' title='bbox 1050 2313 1190 2382; x_wconf 80' lang='grc' dir='ltr'>γυνὴ</span> <span class='ocrx_word' id='word_1_169' title='bbox 1221 2313 1427 2368; x_wconf 86' lang='grc' dir='ltr'>κύουσα</span> <span class='ocrx_word' id='word_1_170' title='bbox 1472 2314 1791 2386; x_wconf 87' lang='grc' dir='ltr'>πικροτέρῳ</span> <span class='ocrx_word' id='word_1_171' title='bbox 1827 2317 2059 2372; x_wconf 90' lang='grc' dir='ltr'>θανάτου</span> 
     </span>
    </p>
   </div>
   <div class='ocr_carea' id='block_1_26' title="bbox 480 2404 2067 2479">
    <p class='ocr_par' dir='ltr' id='par_1_26' title="bbox 480 2404 2067 2479">
     <span class='ocr_line' id='line_1_26' title="bbox 480 2404 2067 2479; baseline 0.004 -24"><span class='ocrx_word' id='word_1_172' title='bbox 480 2404 775 2474; x_wconf 72' lang='grc' dir='ltr'>περιέτυχε</span> <span class='ocrx_word' id='word_1_173' title='bbox 812 2407 978 2476; x_wconf 85' lang='grc' dir='ltr'>τόκῳ.</span> <span class='ocrx_word' id='word_1_174' title='bbox 1031 2405 1177 2474; x_wconf 83' lang='grc' dir='ltr'>Πρὸς</span> <span class='ocrx_word' id='word_1_175' title='bbox 1207 2406 1316 2475; x_wconf 78' lang='grc' dir='ltr'>γὰρ</span> <span class='ocrx_word' id='word_1_176' title='bbox 1354 2406 1432 2476; x_wconf 82' lang='grc' dir='ltr'><strong>τῷ</strong></span> <span class='ocrx_word' id='word_1_177' title='bbox 1469 2407 1677 2461; x_wconf 78' lang='grc' dir='ltr'>τίκτειν</span> <span class='ocrx_word' id='word_1_178' title='bbox 1712 2408 1883 2478; x_wconf 83' lang='grc' dir='ltr'>αὐτῆς</span> <span class='ocrx_word' id='word_1_179' title='bbox 1911 2425 2067 2479; x_wconf 81' lang='grc' dir='ltr'>γενο-</span> 
     </span>
    </p>
   </div>
   <div class='ocr_carea' id='block_1_27' title="bbox 483 2496 2061 2569">
    <p class='ocr_par' dir='ltr' id='par_1_27' title="bbox 483 2496 2061 2569">
     <span class='ocr_line' id='line_1_27' title="bbox 483 2496 2061 2569; baseline 0.004 -22"><span class='ocrx_word' id='word_1_180' title='bbox 483 2496 655 2565; x_wconf 76' lang='grc' dir='ltr'>μένης</span> <span class='ocrx_word' id='word_1_181' title='bbox 701 2498 764 2549; x_wconf 76' lang='grc' dir='ltr'>τὸ</span> <span class='ocrx_word' id='word_1_182' title='bbox 796 2496 1033 2567; x_wconf 77' lang='grc' dir='ltr'>ἔμϐρυον</span> <span class='ocrx_word' id='word_1_183' title='bbox 1081 2497 1229 2551; x_wconf 81' lang='grc' dir='ltr'>ἔνδον</span> <span class='ocrx_word' id='word_1_184' title='bbox 1282 2496 1438 2551; x_wconf 75' lang='grc' dir='ltr'>οὔπω</span> <span class='ocrx_word' id='word_1_185' title='bbox 1470 2499 1734 2569; x_wconf 81' lang='grc' dir='ltr'>προελθὸν</span> <span class='ocrx_word' id='word_1_186' title='bbox 1780 2499 2061 2565; x_wconf 74' lang='grc' dir='ltr'>ἐτελεύτα,</span> 
     </span>
    </p>
   </div>
   <div class='ocr_carea' id='block_1_28' title="bbox 482 2584 2064 2664">
    <p class='ocr_par' dir='ltr' id='par_1_28' title="bbox 482 2584 2064 2664">
     <span class='ocr_line' id='line_1_28' title="bbox 482 2584 2064 2664; baseline 0.002 -22"><span class='ocrx_word' id='word_1_187' title='bbox 482 2588 579 2642; x_wconf 74' lang='grc' dir='ltr'><strong>καὶ</strong></span> <span class='ocrx_word' id='word_1_188' title='bbox 617 2584 687 2660; x_wconf 77' lang='grc' dir='ltr'><strong>ἦν</strong></span> <span class='ocrx_word' id='word_1_189' title='bbox 715 2590 749 2659; x_wconf 82' lang='grc' dir='ltr'>ἠ</span> <span class='ocrx_word' id='word_1_190' title='bbox 775 2589 993 2660; x_wconf 84' lang='grc' dir='ltr'>γαστὴρ</span> <span class='ocrx_word' id='word_1_191' title='bbox 1030 2591 1129 2659; x_wconf 76' lang='grc' dir='ltr'>τῆς</span> <span class='ocrx_word' id='word_1_192' title='bbox 1166 2589 1371 2659; x_wconf 72' lang='grc' dir='ltr'>μητρὸς</span> <span class='ocrx_word' id='word_1_193' title='bbox 1414 2589 1494 2658; x_wconf 83' lang='grc' dir='ltr'>τῷ</span> <span class='ocrx_word' id='word_1_194' title='bbox 1542 2590 1695 2643; x_wconf 71' lang='grc' dir='ltr'>παιδὶ</span> <span class='ocrx_word' id='word_1_195' title='bbox 1718 2591 1889 2660; x_wconf 88' lang='grc' dir='ltr'>τάφος</span> <span class='ocrx_word' id='word_1_196' title='bbox 1911 2610 1926 2623; x_wconf 63' lang='grc' dir='ltr'><strong>θ</strong></span> <span class='ocrx_word' id='word_1_197' title='bbox 1959 2586 2064 2664; x_wconf 74' lang='grc' dir='ltr'>ἧκε</span> 
     </span>
    </p>
   </div>
   <div class='ocr_carea' id='block_1_29' title="bbox 481 2681 2063 2755">
    <p class='ocr_par' dir='ltr' id='par_1_29' title="bbox 481 2681 2063 2755">
     <span class='ocr_line' id='line_1_29' title="bbox 481 2681 2063 2755; baseline 0.003 -22"><span class='ocrx_word' id='word_1_198' title='bbox 481 2681 775 2752; x_wconf 75' lang='grc' dir='ltr'>τοιγαροῦν</span> <span class='ocrx_word' id='word_1_199' title='bbox 814 2685 847 2751; x_wconf 74' lang='grc' dir='ltr'>ἠ</span> <span class='ocrx_word' id='word_1_200' title='bbox 873 2682 973 2750; x_wconf 81' lang='grc' dir='ltr'>τῆς</span> <span class='ocrx_word' id='word_1_201' title='bbox 997 2681 1262 2749; x_wconf 74' lang='grc' dir='ltr'>γυναικὸς</span> <span class='ocrx_word' id='word_1_202' title='bbox 1303 2681 1562 2751; x_wconf 75' lang='grc' dir='ltr'>συμφορὰ</span> <span class='ocrx_word' id='word_1_203' title='bbox 1613 2683 1707 2736; x_wconf 78' lang='grc' dir='ltr'><strong>καὶ</strong></span> <span class='ocrx_word' id='word_1_204' title='bbox 1760 2684 1923 2755; x_wconf 81' lang='grc' dir='ltr'>μέχρι</span> <span class='ocrx_word' id='word_1_205' title='bbox 1948 2686 2063 2738; x_wconf 80' lang='grc' dir='ltr'><strong>Με-</strong></span> 
     </span>
    </p>
   </div>
   <div class='ocr_carea' id='block_1_30' title="bbox 481 2770 2068 2846">
    <p class='ocr_par' dir='ltr' id='par_1_30' title="bbox 481 2770 2068 2846">
     <span class='ocr_line' id='line_1_30' title="bbox 481 2770 2068 2846; baseline 0.003 -21"><span class='ocrx_word' id='word_1_206' title='bbox 481 2772 669 2842; x_wconf 82' lang='grc' dir='ltr'>λάνης.</span> <span class='ocrx_word' id='word_1_207' title='bbox 718 2770 783 2825; x_wconf 84' lang='lat' dir='ltr'><strong>&#39;H</strong></span> <span class='ocrx_word' id='word_1_208' title='bbox 812 2771 869 2824; x_wconf 80' lang='grc' dir='ltr'>δὲ</span> <span class='ocrx_word' id='word_1_209' title='bbox 923 2773 1047 2826; x_wconf 90' lang='grc' dir='ltr'>λίαν</span> <span class='ocrx_word' id='word_1_210' title='bbox 1083 2773 1386 2844; x_wconf 82' lang='grc' dir='ltr'>περιαλγὴς</span> <span class='ocrx_word' id='word_1_211' title='bbox 1428 2776 1688 2841; x_wconf 83' lang='grc' dir='ltr'>γεγονυῖα</span> <span class='ocrx_word' id='word_1_212' title='bbox 1722 2776 1818 2828; x_wconf 74' lang='grc' dir='ltr'><strong>καὶ</strong></span> <span class='ocrx_word' id='word_1_213' title='bbox 1869 2776 2068 2846; x_wconf 76' lang='grc' dir='ltr'>ἐπίσης</span> 
     </span>
    </p>
   </div>
   <div class='ocr_carea' id='block_1_31' title="bbox 485 2863 2067 2938">
    <p class='ocr_par' dir='ltr' id='par_1_31' title="bbox 485 2863 2067 2938">
     <span class='ocr_line' id='line_1_31' title="bbox 485 2863 2067 2938; baseline 0.001 -20"><span class='ocrx_word' id='word_1_214' title='bbox 485 2866 553 2935; x_wconf 84' lang='grc' dir='ltr'><strong>τῇ</strong></span> <span class='ocrx_word' id='word_1_215' title='bbox 590 2864 889 2936; x_wconf 45' lang='grc' dir='ltr'>πασχούσῃ,</span> <span class='ocrx_word' id='word_1_216' title='bbox 931 2865 1032 2934; x_wconf 83' lang='grc' dir='ltr'><strong>τὴν</strong></span> <span class='ocrx_word' id='word_1_217' title='bbox 1071 2864 1304 2934; x_wconf 89' lang='grc' dir='ltr'>καρδίαν</span> <span class='ocrx_word' id='word_1_218' title='bbox 1350 2863 1698 2935; x_wconf 78' lang='grc' dir='ltr'>ὀδυνηθείσα,</span> <span class='ocrx_word' id='word_1_219' title='bbox 1729 2867 1828 2938; x_wconf 82' lang='grc' dir='ltr'>τὴν</span> <span class='ocrx_word' id='word_1_220' title='bbox 1888 2867 2067 2921; x_wconf 85' lang='grc' dir='ltr'>οἰκίαν</span> 
     </span>
    </p>
   </div>
   <div class='ocr_carea' id='block_1_32' title="bbox 484 2956 2068 3028">
    <p class='ocr_par' dir='ltr' id='par_1_32' title="bbox 484 2956 2068 3028">
     <span class='ocr_line' id='line_1_32' title="bbox 484 2956 2068 3028; baseline 0.003 -17"><span class='ocrx_word' id='word_1_221' title='bbox 484 2958 562 3021; x_wconf 82' lang='grc' dir='ltr'>ὡς</span> <span class='ocrx_word' id='word_1_222' title='bbox 590 2958 753 3027; x_wconf 79' lang='grc' dir='ltr'>τάχος</span> <span class='ocrx_word' id='word_1_223' title='bbox 788 2956 1206 3027; x_wconf 76' lang='grc' dir='ltr'>καταλαμϐάνει</span> <span class='ocrx_word' id='word_1_224' title='bbox 1232 2956 1361 3010; x_wconf 76' lang='grc' dir='ltr'>ἔνθα</span> <span class='ocrx_word' id='word_1_225' title='bbox 1387 2958 1477 3013; x_wconf 80' lang='grc' dir='ltr'><strong>τὸν</strong></span> <span class='ocrx_word' id='word_1_226' title='bbox 1508 2957 1757 3014; x_wconf 88' lang='grc' dir='ltr'>κίνδυνον</span> <span class='ocrx_word' id='word_1_227' title='bbox 1794 2958 2068 3028; x_wconf 77' lang='grc' dir='ltr'>ὑπέμενεν</span> 
     </span>
    </p>
   </div>
   <div class='ocr_carea' id='block_1_33' title="bbox 487 3049 2072 3123">
    <p class='ocr_par' dir='ltr' id='par_1_33' title="bbox 487 3049 2072 3123">
     <span class='ocr_line' id='line_1_33' title="bbox 487 3049 2072 3123; baseline 0.003 -22"><span class='ocrx_word' id='word_1_228' title='bbox 487 3051 520 3119; x_wconf 78' lang='grc' dir='ltr'><strong>ὴ</strong></span> <span class='ocrx_word' id='word_1_229' title='bbox 562 3050 725 3118; x_wconf 82' lang='grc' dir='ltr'>γυνὴ,</span> <span class='ocrx_word' id='word_1_230' title='bbox 762 3050 857 3103; x_wconf 75' lang='grc' dir='ltr'>καὶ</span> <span class='ocrx_word' id='word_1_231' title='bbox 898 3050 959 3102; x_wconf 75' lang='grc' dir='ltr'>τὸ</span> <span class='ocrx_word' id='word_1_232' title='bbox 1001 3049 1144 3119; x_wconf 83' lang='grc' dir='ltr'>μέγα</span> <span class='ocrx_word' id='word_1_233' title='bbox 1181 3049 1480 3120; x_wconf 84' lang='grc' dir='ltr'>φάρμακον</span> <span class='ocrx_word' id='word_1_234' title='bbox 1527 3050 1819 3117; x_wconf 78' lang='grc' dir='ltr'>ὲσκεύαζε,</span> <span class='ocrx_word' id='word_1_235' title='bbox 1848 3052 1949 3123; x_wconf 77' lang='grc' dir='ltr'>τὴν</span> <span class='ocrx_word' id='word_1_236' title='bbox 1983 3053 2072 3106; x_wconf 83' lang='grc' dir='ltr'>εὐ-</span> 
     </span>
    </p>
   </div>
   <div class='ocr_carea' id='block_1_34' title="bbox 2150 553 3728 626">
    <p class='ocr_par' dir='ltr' id='par_1_34' title="bbox 2150 553 3728 626">
     <span class='ocr_line' id='line_1_34' title="bbox 2150 553 3728 626; baseline 0.003 -19"><span class='ocrx_word' id='word_1_237' title='bbox 2150 568 2333 624; x_wconf 86' lang='lat' dir='ltr'><strong>posse,</strong></span> <span class='ocrx_word' id='word_1_238' title='bbox 2375 553 2659 626; x_wconf 76' lang='lat' dir='ltr'><strong>defatigati</strong></span> <span class='ocrx_word' id='word_1_239' title='bbox 2689 557 2783 625; x_wconf 86' lang='lat' dir='ltr'><strong>qui</strong></span> <span class='ocrx_word' id='word_1_240' title='bbox 2817 557 2885 610; x_wconf 90' lang='lat' dir='ltr'><strong>ad</strong></span> <span class='ocrx_word' id='word_1_241' title='bbox 2924 570 3044 611; x_wconf 90' lang='lat' dir='ltr'><strong>earn</strong></span> <span class='ocrx_word' id='word_1_242' title='bbox 3084 556 3414 624; x_wconf 89' lang='lat' dir='ltr'><strong>attinebant,</strong></span> <span class='ocrx_word' id='word_1_243' title='bbox 3461 558 3528 612; x_wconf 91' lang='lat' dir='ltr'><strong>ad</strong></span> <span class='ocrx_word' id='word_1_244' title='bbox 3560 575 3728 613; x_wconf 87' lang='lat' dir='ltr'><strong>unum</strong></span> 
     </span>
    </p>
   </div>
   <div class='ocr_carea' id='block_1_35' title="bbox 2151 646 3733 722">
    <p class='ocr_par' dir='ltr' id='par_1_35' title="bbox 2151 646 3733 722">
     <span class='ocr_line' id='line_1_35' title="bbox 2151 646 3733 722; baseline 0.004 -22"><span class='ocrx_word' id='word_1_245' title='bbox 2151 646 2513 701; x_wconf 88' lang='lat' dir='ltr'><strong>intuebantur</strong></span> <span class='ocrx_word' id='word_1_246' title='bbox 2563 649 2875 715; x_wconf 85' lang='lat' dir='ltr'><strong>auxilium,</strong></span> <span class='ocrx_word' id='word_1_247' title='bbox 2924 664 3121 718; x_wconf 85' lang='lat' dir='ltr'><strong>nempe</strong></span> <span class='ocrx_word' id='word_1_248' title='bbox 3167 650 3234 703; x_wconf 88' lang='lat' dir='ltr'><strong>ad</strong></span> <span class='ocrx_word' id='word_1_249' title='bbox 3287 664 3479 719; x_wconf 86' lang='lat' dir='ltr'><strong>preces</strong></span> <span class='ocrx_word' id='word_1_250' title='bbox 3522 667 3733 722; x_wconf 64' lang='lat' dir='ltr'><strong>magna</strong></span> 
     </span>
    </p>
   </div>
   <div class='ocr_carea' id='block_1_36' title="bbox 2150 737 3731 811">
    <p class='ocr_par' dir='ltr' id='par_1_36' title="bbox 2150 737 3731 811">
     <span class='ocr_line' id='line_1_36' title="bbox 2150 737 3731 811; baseline 0.003 -17"><span class='ocrx_word' id='word_1_251' title='bbox 2150 739 2397 794; x_wconf 70' lang='lat' dir='ltr'><strong>Melanzc.</strong></span> <span class='ocrx_word' id='word_1_252' title='bbox 2443 737 2575 793; x_wconf 86' lang='lat' dir='ltr'><strong>Eam</strong></span> <span class='ocrx_word' id='word_1_253' title='bbox 2630 742 2815 809; x_wconf 85' lang='lat' dir='ltr'><strong>itaque</strong></span> <span class='ocrx_word' id='word_1_254' title='bbox 2855 740 3093 797; x_wconf 79' lang='lat' dir='ltr'><strong>afferunt</strong></span> <span class='ocrx_word' id='word_1_255' title='bbox 3146 743 3401 798; x_wconf 84' lang='lat' dir='ltr'><strong>tollentes</strong></span> <span class='ocrx_word' id='word_1_256' title='bbox 3452 745 3731 811; x_wconf 67' lang='lat' dir='ltr'><strong>manilius,</strong></span> 
     </span>
    </p>
   </div>
   <div class='ocr_carea' id='block_1_37' title="bbox 2152 833 3734 903">
    <p class='ocr_par' dir='ltr' id='par_1_37' title="bbox 2152 833 3734 903">
     <span class='ocr_line' id='line_1_37' title="bbox 2152 833 3734 903; baseline 0.002 -16"><span class='ocrx_word' id='word_1_257' title='bbox 2152 833 2423 903; x_wconf 81' lang='lat' dir='ltr'><strong>lacrymas</strong></span> <span class='ocrx_word' id='word_1_258' title='bbox 2465 836 2642 889; x_wconf 85' lang='lat' dir='ltr'><strong>oculis</strong></span> <span class='ocrx_word' id='word_1_259' title='bbox 2678 833 3054 898; x_wconf 79' lang='lat' dir='ltr'><strong>eli&#39;undentes,</strong></span> <span class='ocrx_word' id='word_1_260' title='bbox 3104 844 3158 889; x_wconf 90' lang='lat' dir='ltr'><strong>et</strong></span> <span class='ocrx_word' id='word_1_261' title='bbox 3202 835 3370 889; x_wconf 78' lang='lat' dir='ltr'><strong>vetba</strong></span> <span class='ocrx_word' id='word_1_262' title='bbox 3415 835 3734 890; x_wconf 87' lang='lat' dir='ltr'><strong>emittentes</strong></span> 
     </span>
    </p>
   </div>
   <div class='ocr_carea' id='block_1_38' title="bbox 2151 922 3733 999">
    <p class='ocr_par' dir='ltr' id='par_1_38' title="bbox 2151 922 3733 999">
     <span class='ocr_line' id='line_1_38' title="bbox 2151 922 3733 999; baseline 0.002 -22"><span class='ocrx_word' id='word_1_263' title='bbox 2151 922 2413 996; x_wconf 82' lang='lat' dir='ltr'><strong>lacrymis</strong></span> <span class='ocrx_word' id='word_1_264' title='bbox 2449 927 2624 996; x_wconf 79' lang='lat' dir='ltr'><strong>magis</strong></span> <span class='ocrx_word' id='word_1_265' title='bbox 2663 926 3021 982; x_wconf 84' lang='lat' dir='ltr'><strong>miserabilia.</strong></span> <span class='ocrx_word' id='word_1_266' title='bbox 3076 927 3169 980; x_wconf 83' lang='lat' dir='ltr'><strong>Illa</strong></span> <span class='ocrx_word' id='word_1_267' title='bbox 3203 939 3382 981; x_wconf 87' lang='lat' dir='ltr'><strong>autem</strong></span> <span class='ocrx_word' id='word_1_268' title='bbox 3424 929 3733 999; x_wconf 84' lang='lat' dir='ltr'><strong>(hominum</strong></span> 
     </span>
    </p>
   </div>
   <div class='ocr_carea' id='block_1_39' title="bbox 2151 1017 3736 1088">
    <p class='ocr_par' dir='ltr' id='par_1_39' title="bbox 2151 1017 3736 1088">
     <span class='ocr_line' id='line_1_39' title="bbox 2151 1017 3736 1088; baseline 0.001 -16"><span class='ocrx_word' id='word_1_269' title='bbox 2151 1018 2294 1072; x_wconf 89' lang='lat' dir='ltr'><strong>enim</strong></span> <span class='ocrx_word' id='word_1_270' title='bbox 2341 1018 2547 1071; x_wconf 66' lang='lat' dir='ltr'><strong>vitabat</strong></span> <span class='ocrx_word' id='word_1_271' title='bbox 2593 1017 2863 1087; x_wconf 81' lang='lat' dir='ltr'><strong>gloriam,</strong></span> <span class='ocrx_word' id='word_1_272' title='bbox 2922 1026 2981 1070; x_wconf 89' lang='lat' dir='ltr'><strong>ut</strong></span> <span class='ocrx_word' id='word_1_273' title='bbox 3033 1033 3152 1085; x_wconf 64' lang='lat' dir='ltr'><strong>quae</strong></span> <span class='ocrx_word' id='word_1_274' title='bbox 3206 1033 3465 1088; x_wconf 82' lang='lat' dir='ltr'><strong>magnum</strong></span> <span class='ocrx_word' id='word_1_275' title='bbox 3516 1020 3736 1075; x_wconf 81' lang='lat' dir='ltr'><strong>aﬂ&#39;erret</strong></span> 
     </span>
    </p>
   </div>
   <div class='ocr_carea' id='block_1_40' title="bbox 2153 1107 3730 1179">
    <p class='ocr_par' dir='ltr' id='par_1_40' title="bbox 2153 1107 3730 1179">
     <span class='ocr_line' id='line_1_40' title="bbox 2153 1107 3730 1179; baseline 0.002 -18"><span class='ocrx_word' id='word_1_276' title='bbox 2153 1107 2452 1168; x_wconf 82' lang='lat' dir='ltr'><strong>damnum,</strong></span> <span class='ocrx_word' id='word_1_277' title='bbox 2509 1108 2865 1177; x_wconf 84' lang='lat' dir='ltr'><strong>modesteque</strong></span> <span class='ocrx_word' id='word_1_278' title='bbox 2909 1122 2975 1162; x_wconf 87' lang='lat' dir='ltr'><strong>ac</strong></span> <span class='ocrx_word' id='word_1_279' title='bbox 3014 1107 3301 1162; x_wconf 79' lang='lat' dir='ltr'><strong>moderate</strong></span> <span class='ocrx_word' id='word_1_280' title='bbox 3345 1122 3405 1162; x_wconf 80' lang='lat' dir='ltr'><strong>se</strong></span> <span class='ocrx_word' id='word_1_281' title='bbox 3446 1110 3730 1179; x_wconf 79' lang='lat' dir='ltr'><strong>gerebat).</strong></span> 
     </span>
    </p>
   </div>
   <div class='ocr_carea' id='block_1_41' title="bbox 2152 1198 3730 1270">
    <p class='ocr_par' dir='ltr' id='par_1_41' title="bbox 2152 1198 3730 1270">
     <span class='ocr_line' id='line_1_41' title="bbox 2152 1198 3730 1270; baseline 0 -17"><span class='ocrx_word' id='word_1_282' title='bbox 2152 1198 2278 1253; x_wconf 72' lang='lat' dir='ltr'><strong>llzcc</strong></span> <span class='ocrx_word' id='word_1_283' title='bbox 2324 1199 2568 1269; x_wconf 82' lang='lat' dir='ltr'><strong>quidem,</strong></span> <span class='ocrx_word' id='word_1_284' title='bbox 2629 1201 2829 1269; x_wconf 87' lang='lat' dir='ltr'><strong>inquit,</strong></span> <span class='ocrx_word' id='word_1_285' title='bbox 2887 1214 2917 1253; x_wconf 92' lang='lat' dir='ltr'><strong>a</strong></span> <span class='ocrx_word' id='word_1_286' title='bbox 2984 1214 3069 1254; x_wconf 87' lang='lat' dir='ltr'><strong>me</strong></span> <span class='ocrx_word' id='word_1_287' title='bbox 3130 1214 3240 1253; x_wconf 93' lang='lat' dir='ltr'><strong>non</strong></span> <span class='ocrx_word' id='word_1_288' title='bbox 3299 1211 3530 1270; x_wconf 87' lang='lat' dir='ltr'><strong>possunt</strong></span> <span class='ocrx_word' id='word_1_289' title='bbox 3588 1202 3730 1267; x_wconf 79' lang='lat' dir='ltr'><strong>ﬁeri,</strong></span> 
     </span>
    </p>
   </div>
   <div class='ocr_carea' id='block_1_42' title="bbox 2155 1281 3739 1367">
    <p class='ocr_par' dir='ltr' id='par_1_42' title="bbox 2155 1281 3739 1367">
     <span class='ocr_line' id='line_1_42' title="bbox 2155 1281 3739 1367; baseline 0.003 -19"><span class='ocrx_word' id='word_1_290' title='bbox 2155 1294 2363 1348; x_wconf 83' lang='lat' dir='ltr'><strong>Christi</strong></span> <span class='ocrx_word' id='word_1_291' title='bbox 2409 1310 2542 1349; x_wconf 80' lang='lat' dir='ltr'><strong>vero</strong></span> <span class='ocrx_word' id='word_1_292' title='bbox 2587 1304 2857 1365; x_wconf 76' lang='lat' dir='ltr'><strong>martyres</strong></span> <span class='ocrx_word' id='word_1_293' title='bbox 2899 1295 3018 1349; x_wconf 65' lang='lat' dir='ltr'><strong>ltmc</strong></span> <span class='ocrx_word' id='word_1_294' title='bbox 3065 1304 3119 1349; x_wconf 90' lang='lat' dir='ltr'><strong>et</strong></span> <span class='ocrx_word' id='word_1_295' title='bbox 3155 1295 3241 1350; x_wconf 86' lang='lat' dir='ltr'><strong>bis</strong></span> <span class='ocrx_word' id='word_1_296' title='bbox 3273 1296 3479 1367; x_wconf 82' lang='lat' dir='ltr'><strong>majora</strong></span> <span class='ocrx_word' id='word_1_297' title='bbox 3508 1281 3739 1367; x_wconf 85' lang='lat' dir='ltr'><strong>possunt</strong></span> 
     </span>
    </p>
   </div>
   <div class='ocr_carea' id='block_1_43' title="bbox 2156 1380 3741 1457">
    <p class='ocr_par' dir='ltr' id='par_1_43' title="bbox 2156 1380 3741 1457">
     <span class='ocr_line' id='line_1_43' title="bbox 2156 1380 3741 1457; baseline 0.005 -22"><span class='ocrx_word' id='word_1_298' title='bbox 2156 1380 2360 1438; x_wconf 81' lang='lat' dir='ltr'><strong>facere.</strong></span> <span class='ocrx_word' id='word_1_299' title='bbox 2394 1382 2532 1437; x_wconf 88' lang='lat' dir='ltr'><strong>Cum</strong></span> <span class='ocrx_word' id='word_1_300' title='bbox 2564 1383 2644 1437; x_wconf 90' lang='lat' dir='ltr'><strong>sic</strong></span> <span class='ocrx_word' id='word_1_301' title='bbox 2690 1384 2950 1451; x_wconf 83' lang='lat' dir='ltr'><strong>dixisset,</strong></span> <span class='ocrx_word' id='word_1_302' title='bbox 2999 1384 3394 1440; x_wconf 71' lang='lat' dir='ltr'><strong>daztnoniacam</strong></span> <span class='ocrx_word' id='word_1_303' title='bbox 3428 1387 3554 1443; x_wconf 84' lang='lat' dir='ltr'><strong>duci</strong></span> <span class='ocrx_word' id='word_1_304' title='bbox 3584 1388 3741 1457; x_wconf 85' lang='lat' dir='ltr'><strong>jubet</strong></span> 
     </span>
    </p>
   </div>
   <div class='ocr_carea' id='block_1_44' title="bbox 2154 1472 3740 1545">
    <p class='ocr_par' dir='ltr' id='par_1_44' title="bbox 2154 1472 3740 1545">
     <span class='ocr_line' id='line_1_44' title="bbox 2154 1472 3740 1545; baseline 0.006 -19"><span class='ocrx_word' id='word_1_305' title='bbox 2154 1472 2211 1526; x_wconf 92' lang='lat' dir='ltr'><strong>in</strong></span> <span class='ocrx_word' id='word_1_306' title='bbox 2261 1476 2551 1545; x_wconf 87' lang='lat' dir='ltr'><strong>templum.</strong></span> <span class='ocrx_word' id='word_1_307' title='bbox 2604 1475 2738 1531; x_wconf 85' lang='lat' dir='ltr'><strong>Cum</strong></span> <span class='ocrx_word' id='word_1_308' title='bbox 2765 1478 2832 1531; x_wconf 89' lang='lat' dir='ltr'><strong>de</strong></span> <span class='ocrx_word' id='word_1_309' title='bbox 2868 1486 3191 1532; x_wconf 87' lang='lat' dir='ltr'><strong>sanctorum</strong></span> <span class='ocrx_word' id='word_1_310' title='bbox 3223 1487 3407 1534; x_wconf 85' lang='lat' dir='ltr'><strong>autem</strong></span> <span class='ocrx_word' id='word_1_311' title='bbox 3436 1480 3557 1534; x_wconf 90' lang='lat' dir='ltr'><strong>oleo</strong></span> <span class='ocrx_word' id='word_1_312' title='bbox 3582 1496 3740 1536; x_wconf 88' lang='lat' dir='ltr'><strong>sum-</strong></span> 
     </span>
    </p>
   </div>
   <div class='ocr_carea' id='block_1_45' title="bbox 2154 1565 3742 1640">
    <p class='ocr_par' dir='ltr' id='par_1_45' title="bbox 2154 1565 3742 1640">
     <span class='ocr_line' id='line_1_45' title="bbox 2154 1565 3742 1640; baseline 0.008 -23"><span class='ocrx_word' id='word_1_313' title='bbox 2154 1565 2377 1634; x_wconf 87' lang='lat' dir='ltr'><strong>psisset,</strong></span> <span class='ocrx_word' id='word_1_314' title='bbox 2407 1574 2461 1621; x_wconf 90' lang='lat' dir='ltr'><strong>et</strong></span> <span class='ocrx_word' id='word_1_315' title='bbox 2502 1582 2566 1623; x_wconf 92' lang='lat' dir='ltr'><strong>os</strong></span> <span class='ocrx_word' id='word_1_316' title='bbox 2600 1568 2907 1624; x_wconf 86' lang='lat' dir='ltr'><strong>laborantis</strong></span> <span class='ocrx_word' id='word_1_317' title='bbox 2973 1570 3274 1640; x_wconf 77' lang='lat' dir='ltr'><strong>tetigisset,</strong></span> <span class='ocrx_word' id='word_1_318' title='bbox 3299 1572 3504 1627; x_wconf 89' lang='lat' dir='ltr'><strong>claram</strong></span> <span class='ocrx_word' id='word_1_319' title='bbox 3534 1574 3742 1629; x_wconf 88' lang='lat' dir='ltr'><strong>emittit</strong></span> 
     </span>
    </p>
   </div>
   <div class='ocr_carea' id='block_1_46' title="bbox 2157 1659 3739 1729">
    <p class='ocr_par' dir='ltr' id='par_1_46' title="bbox 2157 1659 3739 1729">
     <span class='ocr_line' id='line_1_46' title="bbox 2157 1659 3739 1729; baseline 0.009 -20"><span class='ocrx_word' id='word_1_320' title='bbox 2157 1673 2351 1713; x_wconf 84' lang='lat' dir='ltr'><strong>vocem</strong></span> <span class='ocrx_word' id='word_1_321' title='bbox 2402 1679 2417 1715; x_wconf 87' lang='lat'><strong>:</strong></span> <span class='ocrx_word' id='word_1_322' title='bbox 2464 1659 2523 1713; x_wconf 91' lang='lat' dir='ltr'><strong>ln</strong></span> <span class='ocrx_word' id='word_1_323' title='bbox 2563 1663 2786 1716; x_wconf 85' lang='lat' dir='ltr'><strong>nomine</strong></span> <span class='ocrx_word' id='word_1_324' title='bbox 2825 1660 2955 1717; x_wconf 77' lang='lat' dir='ltr'><strong>Jesu</strong></span> <span class='ocrx_word' id='word_1_325' title='bbox 2985 1662 3218 1728; x_wconf 86' lang='lat' dir='ltr'><strong>Christi,</strong></span> <span class='ocrx_word' id='word_1_326' title='bbox 3245 1665 3453 1729; x_wconf 89' lang='lat' dir='ltr'><strong>dicens,</strong></span> <span class='ocrx_word' id='word_1_327' title='bbox 3487 1683 3550 1722; x_wconf 91' lang='lat' dir='ltr'><strong>os</strong></span> <span class='ocrx_word' id='word_1_328' title='bbox 3584 1676 3739 1723; x_wconf 90' lang='lat' dir='ltr'><strong>tuum</strong></span> 
     </span>
    </p>
   </div>
   <div class='ocr_carea' id='block_1_47' title="bbox 2157 1749 3740 1831">
    <p class='ocr_par' dir='ltr' id='par_1_47' title="bbox 2157 1749 3740 1831">
     <span class='ocr_line' id='line_1_47' title="bbox 2157 1749 3740 1831; baseline 0.01 -30"><span class='ocrx_word' id='word_1_329' title='bbox 2157 1752 2330 1819; x_wconf 86' lang='lat' dir='ltr'><strong>aperi.</strong></span> <span class='ocrx_word' id='word_1_330' title='bbox 2382 1749 2585 1808; x_wconf 70' lang='lat' dir='ltr'><strong>Vocem</strong></span> <span class='ocrx_word' id='word_1_331' title='bbox 2646 1764 2826 1808; x_wconf 82' lang='lat' dir='ltr'><strong>autem</strong></span> <span class='ocrx_word' id='word_1_332' title='bbox 2889 1770 2994 1809; x_wconf 77' lang='lat' dir='ltr'><strong>vox</strong></span> <span class='ocrx_word' id='word_1_333' title='bbox 3050 1756 3236 1811; x_wconf 82' lang='lat' dir='ltr'><strong>statim</strong></span> <span class='ocrx_word' id='word_1_334' title='bbox 3288 1768 3373 1813; x_wconf 83' lang='lat' dir='ltr'><strong>est</strong></span> <span class='ocrx_word' id='word_1_335' title='bbox 3415 1773 3740 1831; x_wconf 80' lang='lat' dir='ltr'><strong>consecuta,</strong></span> 
     </span>
    </p>
   </div>
   <div class='ocr_carea' id='block_1_48' title="bbox 2159 1850 3743 1924">
    <p class='ocr_par' dir='ltr' id='par_1_48' title="bbox 2159 1850 3743 1924">
     <span class='ocr_line' id='line_1_48' title="bbox 2159 1850 3743 1924; baseline 0.006 -26"><span class='ocrx_word' id='word_1_336' title='bbox 2159 1853 2367 1901; x_wconf 71' lang='lat' dir='ltr'><strong>sancta:</strong></span> <span class='ocrx_word' id='word_1_337' title='bbox 2412 1859 2603 1900; x_wconf 86' lang='lat' dir='ltr'><strong>vocem</strong></span> <span class='ocrx_word' id='word_1_338' title='bbox 2648 1862 2755 1900; x_wconf 82' lang='lat' dir='ltr'><strong>vox</strong></span> <span class='ocrx_word' id='word_1_339' title='bbox 2796 1856 3042 1918; x_wconf 71' lang='lat' dir='ltr'><strong>trgrottc.</strong></span> <span class='ocrx_word' id='word_1_340' title='bbox 3090 1859 3143 1903; x_wconf 91' lang='lat' dir='ltr'><strong>et</strong></span> <span class='ocrx_word' id='word_1_341' title='bbox 3184 1850 3411 1905; x_wconf 87' lang='lat' dir='ltr'><strong>incitata</strong></span> <span class='ocrx_word' id='word_1_342' title='bbox 3439 1863 3523 1908; x_wconf 90' lang='lat' dir='ltr'><strong>est</strong></span> <span class='ocrx_word' id='word_1_343' title='bbox 3557 1853 3743 1924; x_wconf 79' lang='lat' dir='ltr'><strong>lingua</strong></span> 
     </span>
    </p>
   </div>
   <div class='ocr_carea' id='block_1_49' title="bbox 2158 1937 3743 2009">
    <p class='ocr_par' dir='ltr' id='par_1_49' title="bbox 2158 1937 3743 2009">
     <span class='ocr_line' id='line_1_49' title="bbox 2158 1937 3743 2009; baseline 0.008 -17"><span class='ocrx_word' id='word_1_344' title='bbox 2158 1937 2517 2008; x_wconf 83' lang='lat' dir='ltr'><strong>ad&#39;agendas</strong></span> <span class='ocrx_word' id='word_1_345' title='bbox 2566 1940 2795 2009; x_wconf 86' lang='lat' dir='ltr'><strong>gratias,</strong></span> <span class='ocrx_word' id='word_1_346' title='bbox 2850 1950 2907 1995; x_wconf 93' lang='lat' dir='ltr'><strong>et</strong></span> <span class='ocrx_word' id='word_1_347' title='bbox 2955 1942 3168 1996; x_wconf 83' lang='lat' dir='ltr'><strong>daemon</strong></span> <span class='ocrx_word' id='word_1_348' title='bbox 3221 1943 3432 2009; x_wconf 84' lang='lat' dir='ltr'><strong>aberat,</strong></span> <span class='ocrx_word' id='word_1_349' title='bbox 3481 1956 3535 1999; x_wconf 85' lang='lat' dir='ltr'><strong>et</strong></span> <span class='ocrx_word' id='word_1_350' title='bbox 3584 1946 3743 2004; x_wconf 77' lang='lat' dir='ltr'><strong>cibus</strong></span> 
     </span>
    </p>
   </div>
   <div class='ocr_carea' id='block_1_50' title="bbox 2160 2032 3744 2111">
    <p class='ocr_par' dir='ltr' id='par_1_50' title="bbox 2160 2032 3744 2111">
     <span class='ocr_line' id='line_1_50' title="bbox 2160 2032 3744 2111; baseline 0.004 -25"><span class='ocrx_word' id='word_1_351' title='bbox 2160 2032 2325 2086; x_wconf 87' lang='lat' dir='ltr'><strong>simul</strong></span> <span class='ocrx_word' id='word_1_352' title='bbox 2356 2032 2568 2099; x_wconf 85' lang='lat' dir='ltr'><strong>aderat,</strong></span> <span class='ocrx_word' id='word_1_353' title='bbox 2597 2042 2653 2090; x_wconf 89' lang='lat' dir='ltr'><strong>et</strong></span> <span class='ocrx_word' id='word_1_354' title='bbox 2696 2034 2940 2089; x_wconf 87' lang='lat' dir='ltr'><strong>divinum</strong></span> <span class='ocrx_word' id='word_1_355' title='bbox 2971 2050 3170 2092; x_wconf 89' lang='lat' dir='ltr'><strong>nomen</strong></span> <span class='ocrx_word' id='word_1_356' title='bbox 3206 2052 3301 2108; x_wconf 91' lang='lat' dir='ltr'><strong>per</strong></span> <span class='ocrx_word' id='word_1_357' title='bbox 3328 2038 3502 2108; x_wconf 86' lang='lat' dir='ltr'><strong>ipsam</strong></span> <span class='ocrx_word' id='word_1_358' title='bbox 3537 2039 3744 2111; x_wconf 83' lang='lat' dir='ltr'><strong>glorill-</strong></span> 
     </span>
    </p>
   </div>
   <div class='ocr_carea' id='block_1_51' title="bbox 2160 2122 2410 2178">
    <p class='ocr_par' dir='ltr' id='par_1_51' title="bbox 2160 2122 2410 2178">
     <span class='ocr_line' id='line_1_51' title="bbox 2160 2122 2410 2178; baseline 0 0"><span class='ocrx_word' id='word_1_359' title='bbox 2160 2122 2410 2178; x_wconf 86' lang='lat' dir='ltr'><strong>cabatur.</strong></span> 
     </span>
    </p>
   </div>
   <div class='ocr_carea' id='block_1_52' title="bbox 2237 2306 3745 2385">
    <p class='ocr_par' dir='ltr' id='par_1_52' title="bbox 2237 2306 3745 2385">
     <span class='ocr_line' id='line_1_52' title="bbox 2237 2306 3745 2385; baseline 0.004 -22"><span class='ocrx_word' id='word_1_360' title='bbox 2237 2306 2775 2374; x_wconf 43' lang='lat' dir='ltr'><strong>XXXlll.‘Qumdam</strong></span> <span class='ocrx_word' id='word_1_361' title='bbox 2817 2308 2919 2362; x_wconf 84' lang='lat' dir='ltr'><strong>alia</strong></span> <span class='ocrx_word' id='word_1_362' title='bbox 2962 2309 3161 2364; x_wconf 87' lang='lat' dir='ltr'><strong>mulier</strong></span> <span class='ocrx_word' id='word_1_363' title='bbox 3190 2309 3412 2382; x_wconf 86' lang='lat' dir='ltr'><strong>gravida</strong></span> <span class='ocrx_word' id='word_1_364' title='bbox 3441 2311 3497 2367; x_wconf 93' lang='lat' dir='ltr'><strong>ln</strong></span> <span class='ocrx_word' id='word_1_365' title='bbox 3528 2320 3745 2385; x_wconf 78' lang='lat' dir='ltr'><strong>partum</strong></span> 
     </span>
    </p>
   </div>
   <div class='ocr_carea' id='block_1_53' title="bbox 2166 2399 3747 2476">
    <p class='ocr_par' dir='ltr' id='par_1_53' title="bbox 2166 2399 3747 2476">
     <span class='ocr_line' id='line_1_53' title="bbox 2166 2399 3747 2476; baseline 0.001 -21"><span class='ocrx_word' id='word_1_366' title='bbox 2166 2401 2359 2456; x_wconf 88' lang='lat' dir='ltr'><strong>incidit</strong></span> <span class='ocrx_word' id='word_1_367' title='bbox 2396 2408 2571 2456; x_wconf 89' lang='lat' dir='ltr'><strong>morte</strong></span> <span class='ocrx_word' id='word_1_368' title='bbox 2599 2399 2965 2459; x_wconf 88' lang='lat' dir='ltr'><strong>acerbiorem.</strong></span> <span class='ocrx_word' id='word_1_369' title='bbox 2991 2402 3130 2457; x_wconf 90' lang='lat' dir='ltr'><strong>Nam</strong></span> <span class='ocrx_word' id='word_1_370' title='bbox 3181 2419 3303 2459; x_wconf 90' lang='lat' dir='ltr'><strong>cum</strong></span> <span class='ocrx_word' id='word_1_371' title='bbox 3339 2404 3452 2473; x_wconf 83' lang='lat' dir='ltr'><strong>jam</strong></span> <span class='ocrx_word' id='word_1_372' title='bbox 3506 2416 3747 2476; x_wconf 86' lang='lat' dir='ltr'><strong>pareret,</strong></span> 
     </span>
    </p>
   </div>
   <div class='ocr_carea' id='block_1_54' title="bbox 2168 2493 3747 2564">
    <p class='ocr_par' dir='ltr' id='par_1_54' title="bbox 2168 2493 3747 2564">
     <span class='ocr_line' id='line_1_54' title="bbox 2168 2493 3747 2564; baseline 0.004 -17"><span class='ocrx_word' id='word_1_373' title='bbox 2168 2493 2354 2559; x_wconf 73' lang='lat' dir='ltr'><strong>l&#39;tntus,</strong></span> <span class='ocrx_word' id='word_1_374' title='bbox 2377 2493 2469 2563; x_wconf 89' lang='lat' dir='ltr'><strong>qui</strong></span> <span class='ocrx_word' id='word_1_375' title='bbox 2496 2493 2738 2548; x_wconf 87' lang='lat' dir='ltr'><strong>nondum</strong></span> <span class='ocrx_word' id='word_1_376' title='bbox 2762 2506 3127 2564; x_wconf 80' lang='lat' dir='ltr'><strong>processerat,</strong></span> <span class='ocrx_word' id='word_1_377' title='bbox 3149 2497 3299 2551; x_wconf 88' lang='lat' dir='ltr'><strong>intus</strong></span> <span class='ocrx_word' id='word_1_378' title='bbox 3320 2505 3441 2551; x_wconf 89' lang='lat' dir='ltr'><strong>erat</strong></span> <span class='ocrx_word' id='word_1_379' title='bbox 3472 2505 3747 2564; x_wconf 87' lang='lat' dir='ltr'><strong>mortuus,</strong></span> 
     </span>
    </p>
   </div>
   <div class='ocr_carea' id='block_1_55' title="bbox 2165 2585 3752 2657">
    <p class='ocr_par' dir='ltr' id='par_1_55' title="bbox 2165 2585 3752 2657">
     <span class='ocr_line' id='line_1_55' title="bbox 2165 2585 3752 2657; baseline 0.004 -18"><span class='ocrx_word' id='word_1_380' title='bbox 2165 2593 2393 2655; x_wconf 70' lang='lat' dir='ltr'><strong>eratque</strong></span> <span class='ocrx_word' id='word_1_381' title='bbox 2461 2585 2656 2639; x_wconf 83' lang='lat' dir='ltr'><strong>matris</strong></span> <span class='ocrx_word' id='word_1_382' title='bbox 2705 2594 2898 2642; x_wconf 90' lang='lat' dir='ltr'><strong>uterus</strong></span> <span class='ocrx_word' id='word_1_383' title='bbox 2947 2587 3260 2657; x_wconf 85' lang='lat' dir='ltr'><strong>sepulcrum</strong></span> <span class='ocrx_word' id='word_1_384' title='bbox 3313 2586 3432 2642; x_wconf 80' lang='lat' dir='ltr'><strong>lilii;</strong></span> <span class='ocrx_word' id='word_1_385' title='bbox 3493 2588 3752 2645; x_wconf 77' lang='lat' dir='ltr'><strong>Pervenit</strong></span> 
     </span>
    </p>
   </div>
   <div class='ocr_carea' id='block_1_56' title="bbox 2168 2676 3745 2749">
    <p class='ocr_par' dir='ltr' id='par_1_56' title="bbox 2168 2676 3745 2749">
     <span class='ocr_line' id='line_1_56' title="bbox 2168 2676 3745 2749; baseline 0.004 -18"><span class='ocrx_word' id='word_1_386' title='bbox 2168 2676 2351 2747; x_wconf 88' lang='lat' dir='ltr'><strong>itaque</strong></span> <span class='ocrx_word' id='word_1_387' title='bbox 2394 2678 2679 2733; x_wconf 86' lang='lat' dir='ltr'><strong>calamitas</strong></span> <span class='ocrx_word' id='word_1_388' title='bbox 2716 2679 2910 2734; x_wconf 85' lang='lat' dir='ltr'><strong>matris</strong></span> <span class='ocrx_word' id='word_1_389' title='bbox 2963 2694 3140 2749; x_wconf 89' lang='lat' dir='ltr'><strong>usque</strong></span> <span class='ocrx_word' id='word_1_390' title='bbox 3165 2679 3259 2733; x_wconf 84' lang='lat' dir='ltr'><strong>ad“</strong></span> <span class='ocrx_word' id='word_1_391' title='bbox 3287 2694 3451 2735; x_wconf 85' lang='lat' dir='ltr'><strong>aures</strong></span> <span class='ocrx_word' id='word_1_392' title='bbox 3494 2678 3745 2737; x_wconf 57' lang='lat' dir='ltr'><strong>Melana.</strong></span> 
     </span>
    </p>
   </div>
   <div class='ocr_carea' id='block_1_57' title="bbox 2168 2771 3751 2843">
    <p class='ocr_par' dir='ltr' id='par_1_57' title="bbox 2168 2771 3751 2843">
     <span class='ocr_line' id='line_1_57' title="bbox 2168 2771 3751 2843; baseline 0.002 -17"><span class='ocrx_word' id='word_1_393' title='bbox 2168 2771 2263 2826; x_wconf 86' lang='lat' dir='ltr'><strong>Illa</strong></span> <span class='ocrx_word' id='word_1_394' title='bbox 2288 2781 2472 2827; x_wconf 87' lang='lat' dir='ltr'><strong>autem</strong></span> <span class='ocrx_word' id='word_1_395' title='bbox 2507 2772 2663 2826; x_wconf 86' lang='lat' dir='ltr'><strong>valde</strong></span> <span class='ocrx_word' id='word_1_396' title='bbox 2691 2773 2844 2843; x_wconf 89' lang='lat' dir='ltr'><strong>gravi</strong></span> <span class='ocrx_word' id='word_1_397' title='bbox 2878 2772 3069 2827; x_wconf 90' lang='lat' dir='ltr'><strong>dolore</strong></span> <span class='ocrx_word' id='word_1_398' title='bbox 3096 2772 3313 2837; x_wconf 76' lang='lat' dir='ltr'><strong>ali‘ecta,</strong></span> <span class='ocrx_word' id='word_1_399' title='bbox 3348 2781 3401 2827; x_wconf 91' lang='lat' dir='ltr'><strong>et</strong></span> <span class='ocrx_word' id='word_1_400' title='bbox 3431 2774 3659 2843; x_wconf 83' lang='lat' dir='ltr'><strong>perinde</strong></span> <span class='ocrx_word' id='word_1_401' title='bbox 3684 2788 3751 2829; x_wconf 85' lang='lat' dir='ltr'><strong>ac</strong></span> 
     </span>
    </p>
   </div>
   <div class='ocr_carea' id='block_1_58' title="bbox 2169 2861 3750 2934">
    <p class='ocr_par' dir='ltr' id='par_1_58' title="bbox 2169 2861 3750 2934">
     <span class='ocr_line' id='line_1_58' title="bbox 2169 2861 3750 2934; baseline 0 -16"><span class='ocrx_word' id='word_1_402' title='bbox 2169 2863 2290 2934; x_wconf 87' lang='lat' dir='ltr'><strong>ipsa</strong></span> <span class='ocrx_word' id='word_1_403' title='bbox 2319 2878 2439 2933; x_wconf 64' lang='lat' dir='ltr'><strong>quae</strong></span> <span class='ocrx_word' id='word_1_404' title='bbox 2469 2862 2781 2933; x_wconf 87' lang='lat' dir='ltr'><strong>patiebatur</strong></span> <span class='ocrx_word' id='word_1_405' title='bbox 2805 2861 3076 2927; x_wconf 86' lang='lat' dir='ltr'><strong>cruciata,</strong></span> <span class='ocrx_word' id='word_1_406' title='bbox 3100 2861 3251 2916; x_wconf 87' lang='lat' dir='ltr'><strong>venit</strong></span> <span class='ocrx_word' id='word_1_407' title='bbox 3273 2863 3460 2917; x_wconf 88' lang='lat' dir='ltr'><strong>statim</strong></span> <span class='ocrx_word' id='word_1_408' title='bbox 3493 2862 3560 2916; x_wconf 86' lang='lat' dir='ltr'><strong>ad</strong></span> <span class='ocrx_word' id='word_1_409' title='bbox 3577 2861 3750 2931; x_wconf 66' lang='lat' dir='ltr'><strong>mdes,</strong></span> 
     </span>
    </p>
   </div>
   <div class='ocr_carea' id='block_1_59' title="bbox 2172 2953 3754 3026">
    <p class='ocr_par' dir='ltr' id='par_1_59' title="bbox 2172 2953 3754 3026">
     <span class='ocr_line' id='line_1_59' title="bbox 2172 2953 3754 3026; baseline 0 -16"><span class='ocrx_word' id='word_1_410' title='bbox 2172 2957 2227 3010; x_wconf 88' lang='lat' dir='ltr'><strong>in</strong></span> <span class='ocrx_word' id='word_1_411' title='bbox 2255 2956 2457 3026; x_wconf 89' lang='lat' dir='ltr'><strong>quibus</strong></span> <span class='ocrx_word' id='word_1_412' title='bbox 2496 2954 2803 3025; x_wconf 89' lang='lat' dir='ltr'><strong>periculum</strong></span> <span class='ocrx_word' id='word_1_413' title='bbox 2851 2954 3040 3008; x_wconf 84' lang='lat' dir='ltr'><strong>adibat</strong></span> <span class='ocrx_word' id='word_1_414' title='bbox 3095 2953 3315 3021; x_wconf 90' lang='lat' dir='ltr'><strong>mulier,</strong></span> <span class='ocrx_word' id='word_1_415' title='bbox 3379 2967 3754 3024; x_wconf 78' lang='lat' dir='ltr'><strong>magnumque</strong></span> 
     </span>
    </p>
   </div>
   <div class='ocr_carea' id='block_1_60' title="bbox 2173 3044 3752 3116">
    <p class='ocr_par' dir='ltr' id='par_1_60' title="bbox 2173 3044 3752 3116">
     <span class='ocr_line' id='line_1_60' title="bbox 2173 3044 3752 3116; baseline -0.003 -13"><span class='ocrx_word' id='word_1_416' title='bbox 2173 3049 2634 3103; x_wconf 88' lang='lat' dir='ltr'><strong>medicamentum</strong></span> <span class='ocrx_word' id='word_1_417' title='bbox 2680 3046 2894 3116; x_wconf 85' lang='lat' dir='ltr'><strong>paravit</strong></span> <span class='ocrx_word' id='word_1_418' title='bbox 2939 3046 3266 3100; x_wconf 82' lang='lat' dir='ltr'><strong>orationem.</strong></span> <span class='ocrx_word' id='word_1_419' title='bbox 3317 3044 3461 3112; x_wconf 73' lang='lat' dir='ltr'><strong>Quae</strong></span> <span class='ocrx_word' id='word_1_420' title='bbox 3491 3060 3623 3103; x_wconf 84' lang='lat' dir='ltr'><strong>vero</strong></span> <span class='ocrx_word' id='word_1_421' title='bbox 3667 3047 3752 3101; x_wconf 82' lang='lat' dir='ltr'><strong>la-</strong></span> 
     </span>
    </p>
   </div>
   <div class='ocr_carea' id='block_1_61' title="bbox 486 3135 2068 3215">
    <p class='ocr_par' dir='ltr' id='par_1_61' title="bbox 486 3140 2068 3215">
     <span class='ocr_line' id='line_1_61' title="bbox 486 3140 2068 3215; baseline 0.003 -21"><span class='ocrx_word' id='word_1_422' title='bbox 486 3141 611 3215; x_wconf 86' lang='grc' dir='ltr'>χήν.</span> <span class='ocrx_word' id='word_1_423' title='bbox 655 3142 803 3195; x_wconf 76' lang='grc' dir='ltr'><strong>Ἡδὲ</strong></span> <span class='ocrx_word' id='word_1_424' title='bbox 835 3140 1139 3213; x_wconf 41' lang='grc' dir='ltr'>κάλμνουσα,</span> <span class='ocrx_word' id='word_1_425' title='bbox 1186 3143 1340 3211; x_wconf 83' lang='grc' dir='ltr'>μόλις</span> <span class='ocrx_word' id='word_1_426' title='bbox 1366 3143 1436 3195; x_wconf 78' lang='grc' dir='ltr'>τὰ</span> <span class='ocrx_word' id='word_1_427' title='bbox 1464 3142 1618 3214; x_wconf 83' lang='grc' dir='ltr'>χείλη</span> <span class='ocrx_word' id='word_1_428' title='bbox 1649 3143 2068 3213; x_wconf 85' lang='grc' dir='ltr'>διασαλεύουσα,</span> 
     </span>
    </p>
   </div>
   <div class='ocr_carea' id='block_1_62' title="bbox 2171 3135 3753 3215">
    <p class='ocr_par' dir='ltr' id='par_1_62' title="bbox 2175 3136 3753 3208">
     <span class='ocr_line' id='line_1_62' title="bbox 2175 3136 3753 3208; baseline -0.002 -13"><span class='ocrx_word' id='word_1_429' title='bbox 2175 3140 2428 3203; x_wconf 86' lang='lat' dir='ltr'><strong>borabat,</strong></span> <span class='ocrx_word' id='word_1_430' title='bbox 2459 3139 2546 3193; x_wconf 80' lang='lat' dir='ltr'><strong>vix</strong></span> <span class='ocrx_word' id='word_1_431' title='bbox 2590 3137 2835 3192; x_wconf 90' lang='lat' dir='ltr'><strong>membra</strong></span> <span class='ocrx_word' id='word_1_432' title='bbox 2860 3151 3107 3202; x_wconf 86' lang='lat' dir='ltr'><strong>movens,</strong></span> <span class='ocrx_word' id='word_1_433' title='bbox 3149 3151 3255 3191; x_wconf 91' lang='lat' dir='ltr'><strong>non</strong></span> <span class='ocrx_word' id='word_1_434' title='bbox 3287 3136 3753 3208; x_wconf 51' lang='lat' dir='ltr'><strong>poterat-quidem</strong></span> 
     </span>
    </p>
   </div>
   <div class='ocr_carea' id='block_1_63' title="bbox 490 3230 2077 3308">
    <p class='ocr_par' dir='ltr' id='par_1_63' title="bbox 490 3230 2077 3308">
     <span class='ocr_line' id='line_1_63' title="bbox 490 3230 2077 3308; baseline 0.003 -21"><span class='ocrx_word' id='word_1_435' title='bbox 490 3234 831 3304; x_wconf 80' lang='grc' dir='ltr'>φθέγγεσθαι</span> <span class='ocrx_word' id='word_1_436' title='bbox 883 3237 982 3305; x_wconf 81' lang='grc' dir='ltr'>μὲν</span> <span class='ocrx_word' id='word_1_437' title='bbox 1020 3237 1123 3308; x_wconf 81' lang='grc' dir='ltr'><strong>οὐκ</strong></span> <span class='ocrx_word' id='word_1_438' title='bbox 1160 3230 1298 3306; x_wconf 77' lang='grc' dir='ltr'>εἶχε,</span> <span class='ocrx_word' id='word_1_439' title='bbox 1345 3234 1423 3306; x_wconf 82' lang='grc' dir='ltr'>τῷ</span> <span class='ocrx_word' id='word_1_440' title='bbox 1458 3236 1703 3306; x_wconf 81' lang='grc' dir='ltr'>σχήματι</span> <span class='ocrx_word' id='word_1_441' title='bbox 1749 3237 1811 3292; x_wconf 77' lang='grc' dir='ltr'><strong>δὲ’</strong></span> <span class='ocrx_word' id='word_1_442' title='bbox 1838 3238 2077 3302; x_wconf 80' lang='grc' dir='ltr'>καὶ’τοῑς</span> 
     </span>
    </p>
   </div>
   <div class='ocr_carea' id='block_1_64' title="bbox 487 3328 2075 3403">
    <p class='ocr_par' dir='ltr' id='par_1_64' title="bbox 487 3328 2075 3403">
     <span class='ocr_line' id='line_1_64' title="bbox 487 3328 2075 3403; baseline 0.003 -24"><span class='ocrx_word' id='word_1_443' title='bbox 487 3328 793 3399; x_wconf 84' lang='grc' dir='ltr'>ὀφθαλμοῖς</span> <span class='ocrx_word' id='word_1_444' title='bbox 851 3330 1070 3402; x_wconf 81' lang='grc' dir='ltr'>οίκτρόν</span> <span class='ocrx_word' id='word_1_445' title='bbox 1136 3346 1188 3384; x_wconf 89' lang='grc' dir='ltr'><strong>τι</strong></span> <span class='ocrx_word' id='word_1_446' title='bbox 1245 3329 1342 3384; x_wconf 68' lang='grc' dir='ltr'>καὶ</span> <span class='ocrx_word' id='word_1_447' title='bbox 1403 3331 1711 3403; x_wconf 79' lang='grc' dir='ltr'>περιπαθὲς</span> <span class='ocrx_word' id='word_1_448' title='bbox 1773 3330 2075 3401; x_wconf 77' lang='grc' dir='ltr'>βλέπουσα,</span> 
     </span>
    </p>
   </div>
   <div class='ocr_carea' id='block_1_65' title="bbox 500 3421 2078 3496">
    <p class='ocr_par' dir='ltr' id='par_1_65' title="bbox 500 3421 2078 3496">
     <span class='ocr_line' id='line_1_65' title="bbox 500 3421 2078 3496; baseline 0.003 -22"><span class='ocrx_word' id='word_1_449' title='bbox 500 3421 777 3491; x_wconf 75' lang='grc' dir='ltr'>Ἐλέησον,</span> <span class='ocrx_word' id='word_1_450' title='bbox 830 3423 1011 3491; x_wconf 86' lang='grc' dir='ltr'>λέγειν</span> <span class='ocrx_word' id='word_1_451' title='bbox 1066 3424 1252 3495; x_wconf 79' lang='grc' dir='ltr'>ἐῴκει.</span> <span class='ocrx_word' id='word_1_452' title='bbox 1286 3423 1352 3478; x_wconf 87' lang='grc' dir='ltr'>Τί</span> <span class='ocrx_word' id='word_1_453' title='bbox 1387 3424 1482 3478; x_wconf 77' lang='grc' dir='ltr'>οὖν</span> <span class='ocrx_word' id='word_1_454' title='bbox 1538 3425 1571 3496; x_wconf 81' lang='grc' dir='ltr'>ἡ</span> <span class='ocrx_word' id='word_1_455' title='bbox 1637 3425 1889 3495; x_wconf 77' lang='grc' dir='ltr'>μεγάλης</span> <span class='ocrx_word' id='word_1_456' title='bbox 1933 3425 2078 3495; x_wconf 82' lang='grc' dir='ltr'>Πρὸς</span> 
     </span>
    </p>
   </div>
   <div class='ocr_carea' id='block_1_66' title="bbox 489 3514 2079 3588">
    <p class='ocr_par' dir='ltr' id='par_1_66' title="bbox 489 3514 2079 3588">
     <span class='ocr_line' id='line_1_66' title="bbox 489 3514 2079 3588; baseline 0.003 -21"><span class='ocrx_word' id='word_1_457' title='bbox 489 3514 717 3586; x_wconf 79' lang='grc' dir='ltr'>οὐρανὸν</span> <span class='ocrx_word' id='word_1_458' title='bbox 745 3516 806 3568; x_wconf 76' lang='grc' dir='ltr'>τὸ</span> <span class='ocrx_word' id='word_1_459' title='bbox 830 3515 985 3587; x_wconf 82' lang='grc' dir='ltr'>δμμα</span> <span class='ocrx_word' id='word_1_460' title='bbox 1010 3517 1248 3587; x_wconf 75' lang='grc' dir='ltr'>διάρασα</span> <span class='ocrx_word' id='word_1_461' title='bbox 1290 3518 1384 3572; x_wconf 79' lang='grc' dir='ltr'>καὶ</span> <span class='ocrx_word' id='word_1_462' title='bbox 1419 3518 1515 3588; x_wconf 82' lang='grc' dir='ltr'>τὴν</span> <span class='ocrx_word' id='word_1_463' title='bbox 1547 3517 1749 3587; x_wconf 80' lang='grc' dir='ltr'>ἑαυτῆς</span> <span class='ocrx_word' id='word_1_464' title='bbox 1781 3517 1961 3588; x_wconf 78' lang='grc' dir='ltr'>ζώνην</span> <span class='ocrx_word' id='word_1_465' title='bbox 1983 3517 2079 3571; x_wconf 85' lang='grc' dir='ltr'>λύ-</span> 
     </span>
    </p>
   </div>
   <div class='ocr_carea' id='block_1_67' title="bbox 492 3605 2078 3680">
    <p class='ocr_par' dir='ltr' id='par_1_67' title="bbox 492 3605 2078 3680">
     <span class='ocr_line' id='line_1_67' title="bbox 492 3605 2078 3680; baseline 0.001 -21"><span class='ocrx_word' id='word_1_466' title='bbox 492 3623 634 3662; x_wconf 88' lang='grc' dir='ltr'>σασα</span> <span class='ocrx_word' id='word_1_467' title='bbox 657 3610 724 3679; x_wconf 80' lang='grc' dir='ltr'>τῇ</span> <span class='ocrx_word' id='word_1_468' title='bbox 760 3609 948 3678; x_wconf 75' lang='grc' dir='ltr'>σχεδὸν</span> <span class='ocrx_word' id='word_1_469' title='bbox 988 3611 1162 3680; x_wconf 81' lang='grc' dir='ltr'>νεκρᾷ</span> <span class='ocrx_word' id='word_1_470' title='bbox 1194 3609 1359 3672; x_wconf 78' lang='grc' dir='ltr'>εὐθὺς</span> <span class='ocrx_word' id='word_1_471' title='bbox 1398 3609 1747 3678; x_wconf 74' lang='grc' dir='ltr'>ἐπιτίθησιν·</span> <span class='ocrx_word' id='word_1_472' title='bbox 1781 3605 1925 3672; x_wconf 79' lang='grc' dir='ltr'>εἶτα,</span> <span class='ocrx_word' id='word_1_473' title='bbox 1965 3608 2078 3661; x_wconf 60' lang='grc' dir='ltr'><strong>Καὶ⁵</strong></span> 
     </span>
    </p>
   </div>
   <div class='ocr_carea' id='block_1_68' title="bbox 491 3699 2079 3773">
    <p class='ocr_par' dir='ltr' id='par_1_68' title="bbox 491 3699 2079 3773">
     <span class='ocr_line' id='line_1_68' title="bbox 491 3699 2079 3773; baseline 0.001 -19"><span class='ocrx_word' id='word_1_474' title='bbox 491 3699 655 3771; x_wconf 81' lang='grc' dir='ltr'>αὕτη,</span> <span class='ocrx_word' id='word_1_475' title='bbox 691 3701 878 3771; x_wconf 77' lang='grc' dir='ltr'>φησὶν,</span> <span class='ocrx_word' id='word_1_476' title='bbox 908 3702 942 3771; x_wconf 75' lang='grc' dir='ltr'><strong>ἡ</strong></span> <span class='ocrx_word' id='word_1_477' title='bbox 969 3701 1116 3771; x_wconf 74' lang='grc' dir='ltr'>ζώνη</span> <span class='ocrx_word' id='word_1_478' title='bbox 1163 3702 1401 3773; x_wconf 77' lang='grc' dir='ltr'>μεγάλου</span> <span class='ocrx_word' id='word_1_479' title='bbox 1437 3720 1527 3771; x_wconf 74' lang='grc' dir='ltr'><strong>μοι</strong></span> <span class='ocrx_word' id='word_1_480' title='bbox 1556 3701 1732 3772; x_wconf 85' lang='grc' dir='ltr'>δῶρον</span> <span class='ocrx_word' id='word_1_481' title='bbox 1759 3701 1973 3771; x_wconf 76' lang='grc' dir='ltr'>ἀνδρὸς,</span> <span class='ocrx_word' id='word_1_482' title='bbox 2003 3702 2079 3755; x_wconf 88' lang='grc' dir='ltr'>εί-</span> 
     </span>
    </p>
   </div>
   <div class='ocr_carea' id='block_1_69' title="bbox 493 3791 2077 3864">
    <p class='ocr_par' dir='ltr' id='par_1_69' title="bbox 493 3791 2077 3864">
     <span class='ocr_line' id='line_1_69' title="bbox 493 3791 2077 3864; baseline 0.001 -20"><span class='ocrx_word' id='word_1_483' title='bbox 493 3791 726 3863; x_wconf 85' lang='grc' dir='ltr'>πούσης.</span> <span class='ocrx_word' id='word_1_484' title='bbox 752 3793 848 3846; x_wconf 76' lang='grc' dir='ltr'>καὶ</span> <span class='ocrx_word' id='word_1_485' title='bbox 877 3794 906 3846; x_wconf 84' lang='grc' dir='ltr'><strong>ὃ</strong></span> <span class='ocrx_word' id='word_1_486' title='bbox 928 3809 993 3861; x_wconf 88' lang='grc' dir='ltr'><strong>γε</strong></span> <span class='ocrx_word' id='word_1_487' title='bbox 1022 3792 1229 3861; x_wconf 86' lang='grc' dir='ltr'>ταύτης</span> <span class='ocrx_word' id='word_1_488' title='bbox 1255 3792 1434 3863; x_wconf 85' lang='grc' dir='ltr'>τυχὼν</span> <span class='ocrx_word' id='word_1_489' title='bbox 1460 3794 1562 3847; x_wconf 83' lang='grc' dir='ltr'>οὐκ</span> <span class='ocrx_word' id='word_1_490' title='bbox 1586 3791 1949 3857; x_wconf 81' lang='grc' dir='ltr'>ἀποτεύξεται</span> <span class='ocrx_word' id='word_1_491' title='bbox 1975 3794 2077 3864; x_wconf 75' lang='grc' dir='ltr'>τῆς</span> 
     </span>
    </p>
   </div>
   <div class='ocr_carea' id='block_1_70' title="bbox 497 3883 2081 3955">
    <p class='ocr_par' dir='ltr' id='par_1_70' title="bbox 497 3883 2081 3955">
     <span class='ocr_line' id='line_1_70' title="bbox 497 3883 2081 3955; baseline 0.001 -21"><span class='ocrx_word' id='word_1_492' title='bbox 497 3883 717 3949; x_wconf 77' lang='grc' dir='ltr'>ίάσεως,</span> <span class='ocrx_word' id='word_1_493' title='bbox 760 3885 963 3938; x_wconf 75' lang='grc' dir='ltr'>αὐτίκα</span> <span class='ocrx_word' id='word_1_494' title='bbox 999 3884 1093 3937; x_wconf 79' lang='grc' dir='ltr'><strong>καὶ</strong></span> <span class='ocrx_word' id='word_1_495' title='bbox 1125 3884 1219 3937; x_wconf 78' lang='grc' dir='ltr'><strong>τὸν</strong></span> <span class='ocrx_word' id='word_1_496' title='bbox 1247 3884 1445 3955; x_wconf 78' lang='grc' dir='ltr'>νεκρὸν</span> <span class='ocrx_word' id='word_1_497' title='bbox 1469 3883 1693 3953; x_wconf 80' lang='grc' dir='ltr'>ὲξέθορέ</span> <span class='ocrx_word' id='word_1_498' title='bbox 1720 3900 1781 3936; x_wconf 89' lang='grc' dir='ltr'><strong>τε</strong></span> <span class='ocrx_word' id='word_1_499' title='bbox 1828 3883 1922 3937; x_wconf 78' lang='grc' dir='ltr'><strong>καὶ</strong></span> <span class='ocrx_word' id='word_1_500' title='bbox 1946 3883 2081 3936; x_wconf 76' lang='grc' dir='ltr'>άπε-</span> 
     </span>
    </p>
   </div>
   <div class='ocr_carea' id='block_1_71' title="bbox 494 3978 2077 4053">
    <p class='ocr_par' dir='ltr' id='par_1_71' title="bbox 494 3978 2077 4053">
     <span class='ocr_line' id='line_1_71' title="bbox 494 3978 2077 4053; baseline -0.003 -19"><span class='ocrx_word' id='word_1_501' title='bbox 494 3980 729 4044; x_wconf 82' lang='grc' dir='ltr'>τίκτετο,</span> <span class='ocrx_word' id='word_1_502' title='bbox 780 3982 873 4035; x_wconf 77' lang='grc' dir='ltr'><strong>καὶ</strong></span> <span class='ocrx_word' id='word_1_503' title='bbox 910 3984 944 4053; x_wconf 77' lang='grc' dir='ltr'><strong>η</strong></span> <span class='ocrx_word' id='word_1_504' title='bbox 986 3982 1217 4053; x_wconf 85' lang='grc' dir='ltr'>κειμένη</span> <span class='ocrx_word' id='word_1_505' title='bbox 1270 3981 1618 4051; x_wconf 80' lang='grc' dir='ltr'>παραχρῆμα</span> <span class='ocrx_word' id='word_1_506' title='bbox 1656 3978 1840 4049; x_wconf 83' lang='grc' dir='ltr'>πάσης</span> <span class='ocrx_word' id='word_1_507' title='bbox 1880 3978 2077 4048; x_wconf 81' lang='grc' dir='ltr'>ὀδύνης</span> 
     </span>
    </p>
   </div>
   <div class='ocr_carea' id='block_1_72' title="bbox 497 4069 2079 4142">
    <p class='ocr_par' dir='ltr' id='par_1_72' title="bbox 497 4069 2079 4142">
     <span class='ocr_line' id='line_1_72' title="bbox 497 4069 2079 4142; baseline -0.002 -17"><span class='ocrx_word' id='word_1_508' title='bbox 497 4072 843 4142; x_wconf 83' lang='grc' dir='ltr'>ἀπήλλακτο.</span> <span class='ocrx_word' id='word_1_509' title='bbox 877 4072 1117 4126; x_wconf 78' lang='grc' dir='ltr'>Τοιαῦτα</span> <span class='ocrx_word' id='word_1_510' title='bbox 1144 4073 1241 4125; x_wconf 74' lang='grc' dir='ltr'><strong>καὶ</strong></span> <span class='ocrx_word' id='word_1_511' title='bbox 1265 4071 1500 4142; x_wconf 77' lang='grc' dir='ltr'>διά-τῆς</span> <span class='ocrx_word' id='word_1_512' title='bbox 1532 4069 1710 4140; x_wconf 76' lang='grc' dir='ltr'>ζώνης</span> <span class='ocrx_word' id='word_1_513' title='bbox 1747 4070 1779 4138; x_wconf 85' lang='grc' dir='ltr'>ὴ</span> <span class='ocrx_word' id='word_1_514' title='bbox 1830 4071 2079 4141; x_wconf 89' lang='grc' dir='ltr'>μακαρία</span> 
     </span>
    </p>
   </div>
   <div class='ocr_carea' id='block_1_73' title="bbox 498 4159 2080 4233">
    <p class='ocr_par' dir='ltr' id='par_1_73' title="bbox 498 4159 2080 4233">
     <span class='ocr_line' id='line_1_73' title="bbox 498 4159 2080 4233; baseline -0.003 -18"><span class='ocrx_word' id='word_1_515' title='bbox 498 4162 782 4233; x_wconf 87' lang='grc' dir='ltr'>θαυμάσια</span> <span class='ocrx_word' id='word_1_516' title='bbox 831 4163 1015 4233; x_wconf 85' lang='grc' dir='ltr'>δρῶσα</span> <span class='ocrx_word' id='word_1_517' title='bbox 1062 4162 1163 4225; x_wconf 84' lang='grc' dir='ltr'>τὰς</span> <span class='ocrx_word' id='word_1_518' title='bbox 1212 4162 1447 4232; x_wconf 84' lang='grc' dir='ltr'>χάριτας</span> <span class='ocrx_word' id='word_1_519' title='bbox 1491 4159 1601 4213; x_wconf 85' lang='grc' dir='ltr'><strong>τῶν</strong></span> <span class='ocrx_word' id='word_1_520' title='bbox 1647 4159 1945 4229; x_wconf 84' lang='grc' dir='ltr'>θαυμάτων</span> <span class='ocrx_word' id='word_1_521' title='bbox 1997 4160 2080 4223; x_wconf 90' lang='grc' dir='ltr'><strong>είς</strong></span> 
     </span>
    </p>
   </div>
   <div class='ocr_carea' id='block_1_74' title="bbox 499 4245 2080 4327">
    <p class='ocr_par' dir='ltr' id='par_1_74' title="bbox 499 4245 2080 4327">
     <span class='ocr_line' id='line_1_74' title="bbox 499 4245 2080 4327; baseline -0.003 -19"><span class='ocrx_word' id='word_1_522' title='bbox 499 4255 720 4327; x_wconf 77' lang='grc' dir='ltr'>ἐτέρους</span> <span class='ocrx_word' id='word_1_523' title='bbox 750 4255 942 4325; x_wconf 81' lang='grc' dir='ltr'>ἀνῆγε.</span> <span class='ocrx_word' id='word_1_524' title='bbox 980 4255 1128 4308; x_wconf 80' lang='grc' dir='ltr'>Πόσα</span> <span class='ocrx_word' id='word_1_525' title='bbox 1159 4255 1376 4324; x_wconf 74' lang='grc' dir='ltr'>ἐκείνης</span> <span class='ocrx_word' id='word_1_526' title='bbox 1413 4251 1661 4316; x_wconf 83' lang='grc' dir='ltr'>τοιαῦτα,</span> <span class='ocrx_word' id='word_1_527' title='bbox 1702 4245 1778 4306; x_wconf 74' lang='grc' dir='ltr'><strong>ὧν</strong></span> <span class='ocrx_word' id='word_1_528' title='bbox 1808 4252 1869 4305; x_wconf 84' lang='grc' dir='ltr'>ού</span> <span class='ocrx_word' id='word_1_529' title='bbox 1912 4268 2080 4323; x_wconf 86' lang='grc' dir='ltr'>προσ-</span> 
     </span>
    </p>
   </div>
   <div class='ocr_carea' id='block_1_75' title="bbox 499 4342 2075 4419">
    <p class='ocr_par' dir='ltr' id='par_1_75' title="bbox 499 4342 2075 4419">
     <span class='ocr_line' id='line_1_75' title="bbox 499 4342 2075 4419; baseline -0.004 -17"><span class='ocrx_word' id='word_1_530' title='bbox 499 4351 624 4419; x_wconf 82' lang='grc' dir='ltr'>ήκει</span> <span class='ocrx_word' id='word_1_531' title='bbox 657 4366 749 4418; x_wconf 85' lang='grc' dir='ltr'><strong>μοι</strong></span> <span class='ocrx_word' id='word_1_532' title='bbox 786 4347 882 4401; x_wconf 86' lang='grc' dir='ltr'>νῦν</span> <span class='ocrx_word' id='word_1_533' title='bbox 920 4346 1213 4414; x_wconf 73' lang='grc' dir='ltr'>ἅπτεσθαι,</span> <span class='ocrx_word' id='word_1_534' title='bbox 1238 4349 1300 4398; x_wconf 87' lang='grc' dir='ltr'><strong>τδ</strong></span> <span class='ocrx_word' id='word_1_535' title='bbox 1338 4348 1513 4417; x_wconf 84' lang='grc' dir='ltr'>μῆκος</span> <span class='ocrx_word' id='word_1_536' title='bbox 1541 4342 1739 4415; x_wconf 79' lang='grc' dir='ltr'>ὁρῶντι</span> <span class='ocrx_word' id='word_1_537' title='bbox 1769 4342 1864 4397; x_wconf 85' lang='grc' dir='ltr'><strong>τοῦ</strong></span> <span class='ocrx_word' id='word_1_538' title='bbox 1913 4344 2075 4411; x_wconf 79' lang='grc' dir='ltr'>λόγου</span> 
     </span>
    </p>
   </div>
   <div class='ocr_carea' id='block_1_76' title="bbox 500 4436 2076 4510">
    <p class='ocr_par' dir='ltr' id='par_1_76' title="bbox 500 4436 2076 4510">
     <span class='ocr_line' id='line_1_76' title="bbox 500 4436 2076 4510; baseline -0.003 -16"><span class='ocrx_word' id='word_1_539' title='bbox 500 4442 595 4494; x_wconf 80' lang='grc' dir='ltr'><strong>καὶ</strong></span> <span class='ocrx_word' id='word_1_540' title='bbox 626 4441 828 4495; x_wconf 78' lang='grc' dir='ltr'>ἄτοπον</span> <span class='ocrx_word' id='word_1_541' title='bbox 858 4440 958 4510; x_wconf 72' lang='grc' dir='ltr'>ἤδη</span> <span class='ocrx_word' id='word_1_542' title='bbox 990 4438 1069 4508; x_wconf 85' lang='grc' dir='ltr'>τῷ</span> <span class='ocrx_word' id='word_1_543' title='bbox 1099 4437 1294 4510; x_wconf 78' lang='grc' dir='ltr'>πλήθει</span> <span class='ocrx_word' id='word_1_544' title='bbox 1325 4437 1433 4490; x_wconf 83' lang='grc' dir='ltr'>τῶν</span> <span class='ocrx_word' id='word_1_545' title='bbox 1467 4436 1776 4507; x_wconf 83' lang='grc' dir='ltr'>εἰρημένων</span> <span class='ocrx_word' id='word_1_546' title='bbox 1821 4436 2076 4500; x_wconf 73' lang='grc' dir='ltr'>πνέοντις</span> 
     </span>
    </p>
   </div>
   <div class='ocr_carea' id='block_1_77' title="bbox 513 4529 2093 4604">
    <p class='ocr_par' dir='ltr' id='par_1_77' title="bbox 513 4529 2093 4604">
     <span class='ocr_line' id='line_1_77' title="bbox 513 4529 2093 4604; baseline -0.003 -17"><span class='ocrx_word' id='word_1_547' title='bbox 513 4533 655 4587; x_wconf 76' lang='grc' dir='ltr'>Ἀλλ’</span> <span class='ocrx_word' id='word_1_548' title='bbox 683 4534 827 4604; x_wconf 76' lang='grc' dir='ltr'>ὑμᾶς</span> <span class='ocrx_word' id='word_1_549' title='bbox 855 4550 919 4602; x_wconf 89' lang='grc' dir='ltr'><strong>γε</strong></span> <span class='ocrx_word' id='word_1_550' title='bbox 939 4536 1055 4594; x_wconf 72' lang='grc' dir='ltr'>τοῖς</span> <span class='ocrx_word' id='word_1_551' title='bbox 1084 4533 1185 4604; x_wconf 72' lang='grc' dir='ltr'>ἤδη</span> <span class='ocrx_word' id='word_1_552' title='bbox 1217 4530 1454 4602; x_wconf 87' lang='grc' dir='ltr'>λεχθεῖσι</span> <span class='ocrx_word' id='word_1_553' title='bbox 1485 4532 1581 4584; x_wconf 77' lang='grc' dir='ltr'><strong>καὶ</strong></span> <span class='ocrx_word' id='word_1_554' title='bbox 1613 4529 1744 4595; x_wconf 66' lang='grc' dir='ltr'><strong>περ)⁵</strong></span> <span class='ocrx_word' id='word_1_555' title='bbox 1768 4529 1878 4582; x_wconf 84' lang='grc' dir='ltr'>τῶν</span> <span class='ocrx_word' id='word_1_556' title='bbox 1902 4529 2093 4584; x_wconf 86' lang='grc' dir='ltr'>ἄλλων-</span> 
     </span>
    </p>
   </div>
   <div class='ocr_carea' id='block_1_78' title="bbox 498 4619 2082 4696">
    <p class='ocr_par' dir='ltr' id='par_1_78' title="bbox 498 4619 2082 4696">
     <span class='ocr_line' id='line_1_78' title="bbox 498 4619 2082 4696; baseline -0.003 -16"><span class='ocrx_word' id='word_1_557' title='bbox 498 4625 743 4691; x_wconf 79' lang='grc' dir='ltr'>εἰκάζειν</span> <span class='ocrx_word' id='word_1_558' title='bbox 789 4625 959 4690; x_wconf 74' lang='grc' dir='ltr'>είκδς,</span> <span class='ocrx_word' id='word_1_559' title='bbox 1001 4623 1191 4696; x_wconf 85' lang='grc' dir='ltr'>ὥσπερ</span> <span class='ocrx_word' id='word_1_560' title='bbox 1234 4623 1292 4690; x_wconf 78' lang='grc' dir='ltr'>ἐξ</span> <span class='ocrx_word' id='word_1_561' title='bbox 1340 4622 1524 4690; x_wconf 78' lang='grc' dir='ltr'>ὀλίγου</span> <span class='ocrx_word' id='word_1_562' title='bbox 1572 4619 1852 4689; x_wconf 85' lang='grc' dir='ltr'>γεύματος</span> <span class='ocrx_word' id='word_1_563' title='bbox 1879 4620 1939 4673; x_wconf 83' lang='grc' dir='ltr'><strong>τὸ</strong></span> <span class='ocrx_word' id='word_1_564' title='bbox 1972 4622 2082 4675; x_wconf 80' lang='grc' dir='ltr'>πᾶν</span> 
     </span>
    </p>
   </div>
   <div class='ocr_carea' id='block_1_79' title="bbox 499 4710 2081 4788">
    <p class='ocr_par' dir='ltr' id='par_1_79' title="bbox 499 4710 2081 4788">
     <span class='ocr_line' id='line_1_79' title="bbox 499 4710 2081 4788; baseline -0.004 -18"><span class='ocrx_word' id='word_1_565' title='bbox 499 4718 766 4787; x_wconf 75' lang='grc' dir='ltr'>ἐγνωκόσι</span> <span class='ocrx_word' id='word_1_566' title='bbox 792 4735 805 4748; x_wconf 82' lang='grc'><em>’</em></span> <span class='ocrx_word' id='word_1_567' title='bbox 835 4716 930 4770; x_wconf 86' lang='grc' dir='ltr'><strong>τοῦ</strong></span> <span class='ocrx_word' id='word_1_568' title='bbox 963 4716 1072 4788; x_wconf 68' lang='grc' dir='ltr'><strong>γὰρ</strong></span> <span class='ocrx_word' id='word_1_569' title='bbox 1104 4714 1271 4769; x_wconf 83' lang='grc' dir='ltr'>αὐτοῦ</span> <span class='ocrx_word' id='word_1_570' title='bbox 1312 4713 1495 4779; x_wconf 84' lang='grc' dir='ltr'>πίθου,</span> <span class='ocrx_word' id='word_1_571' title='bbox 1524 4710 1720 4782; x_wconf 83' lang='grc' dir='ltr'>φήσειέ</span> <span class='ocrx_word' id='word_1_572' title='bbox 1748 4727 1855 4774; x_wconf 88' lang='grc' dir='ltr'>τις,</span> <span class='ocrx_word' id='word_1_573' title='bbox 1885 4711 1988 4764; x_wconf 70' lang='grc' dir='ltr'><strong>καὶ⁸</strong></span> <span class='ocrx_word' id='word_1_574' title='bbox 2018 4712 2081 4765; x_wconf 84' lang='grc' dir='ltr'>τὸ</span> 
     </span>
    </p>
   </div>
   <div class='ocr_carea' id='block_1_80' title="bbox 498 4802 2084 4880">
    <p class='ocr_par' dir='ltr' id='par_1_80' title="bbox 498 4802 2084 4880">
     <span class='ocr_line' id='line_1_80' title="bbox 498 4802 2084 4880; baseline -0.004 -16"><span class='ocrx_word' id='word_1_575' title='bbox 498 4810 723 4867; x_wconf 79' lang='grc' dir='ltr'>λοιπόν.-</span> <span class='ocrx_word' id='word_1_576' title='bbox 758 4811 919 4864; x_wconf 87' lang='grc' dir='ltr'>ἰτέον</span> <span class='ocrx_word' id='word_1_577' title='bbox 971 4811 1154 4863; x_wconf 85' lang='grc' dir='ltr'>τοίνυν</span> <span class='ocrx_word' id='word_1_578' title='bbox 1199 4809 1296 4862; x_wconf 73' lang='grc' dir='ltr'>ἐπὶ</span> <span class='ocrx_word' id='word_1_579' title='bbox 1329 4809 1428 4880; x_wconf 83' lang='grc' dir='ltr'>τὴν</span> <span class='ocrx_word' id='word_1_580' title='bbox 1460 4804 1721 4876; x_wconf 75' lang='grc' dir='ltr'>τελευτὴν</span> <span class='ocrx_word' id='word_1_581' title='bbox 1747 4802 1907 4872; x_wconf 82' lang='grc' dir='ltr'>ὀλίγα</span> <span class='ocrx_word' id='word_1_582' title='bbox 1941 4805 2084 4874; x_wconf 82' lang='grc' dir='ltr'>πρό-</span> 
     </span>
    </p>
   </div>
   <div class='ocr_carea' id='block_1_81' title="bbox 498 4901 1484 4974">
    <p class='ocr_par' dir='ltr' id='par_1_81' title="bbox 498 4901 1484 4974">
     <span class='ocr_line' id='line_1_81' title="bbox 498 4901 1484 4974; baseline -0.001 -19"><span class='ocrx_word' id='word_1_583' title='bbox 498 4919 659 4974; x_wconf 86' lang='grc' dir='ltr'>τερον</span> <span class='ocrx_word' id='word_1_584' title='bbox 692 4901 1033 4971; x_wconf 84' lang='grc' dir='ltr'>προσθέντας</span> <span class='ocrx_word' id='word_1_585' title='bbox 1060 4901 1137 4971; x_wconf 84' lang='grc' dir='ltr'><strong>τῷ</strong></span> <span class='ocrx_word' id='word_1_586' title='bbox 1161 4901 1484 4971; x_wconf 84' lang='grc' dir='ltr'>διηγήματι.</span> 
     </span>
    </p>
   </div>
   <div class='ocr_carea' id='block_1_82' title="bbox 571 4992 2085 5067">
    <p class='ocr_par' dir='ltr' id='par_1_82' title="bbox 571 4992 2085 5067">
     <span class='ocr_line' id='line_1_82' title="bbox 571 4992 2085 5067; baseline -0.003 -16"><span class='ocrx_word' id='word_1_587' title='bbox 571 4994 694 5054; x_wconf 83' lang='grc' dir='ltr'><strong>ΔΔ⁹.</strong></span> <span class='ocrx_word' id='word_1_588' title='bbox 743 4995 899 5049; x_wconf 78' lang='grc' dir='ltr'>Ἐπεὶ</span> <span class='ocrx_word' id='word_1_589' title='bbox 938 4997 1047 5065; x_wconf 86' lang='grc' dir='ltr'>γὰρ</span> <span class='ocrx_word' id='word_1_590' title='bbox 1102 4997 1420 5067; x_wconf 75' lang='grc' dir='ltr'>ἐφειστήκει</span> <span class='ocrx_word' id='word_1_591' title='bbox 1452 4996 1513 5048; x_wconf 83' lang='grc' dir='ltr'>τὸ</span> <span class='ocrx_word' id='word_1_592' title='bbox 1560 4997 1737 5061; x_wconf 82' lang='grc' dir='ltr'>τέλος,</span> <span class='ocrx_word' id='word_1_593' title='bbox 1793 4992 2085 5050; x_wconf 68' lang='grc' dir='ltr'>καὶτοῦτο</span> 
     </span>
    </p>
   </div>
   <div class='ocr_carea' id='block_1_83' title="bbox 504 5086 2086 5161">
    <p class='ocr_par' dir='ltr' id='par_1_83' title="bbox 504 5086 2086 5161">
     <span class='ocr_line' id='line_1_83' title="bbox 504 5086 2086 5161; baseline -0.004 -17"><span class='ocrx_word' id='word_1_594' title='bbox 504 5089 856 5160; x_wconf 81' lang='grc' dir='ltr'>προέγνωστο</span> <span class='ocrx_word' id='word_1_595' title='bbox 892 5092 959 5160; x_wconf 79' lang='grc' dir='ltr'>τῇ</span> <span class='ocrx_word' id='word_1_596' title='bbox 1003 5087 1249 5161; x_wconf 83' lang='grc' dir='ltr'>Μελάνῃ,</span> <span class='ocrx_word' id='word_1_597' title='bbox 1287 5086 1478 5159; x_wconf 82' lang='grc' dir='ltr'>ὥσπερ</span> <span class='ocrx_word' id='word_1_598' title='bbox 1503 5106 1588 5153; x_wconf 91' lang='grc' dir='ltr'><strong>τις</strong></span> <span class='ocrx_word' id='word_1_599' title='bbox 1627 5088 1871 5160; x_wconf 81' lang='grc' dir='ltr'>ἀθλητὴς</span> <span class='ocrx_word' id='word_1_600' title='bbox 1919 5088 2086 5155; x_wconf 70' lang='grc' dir='ltr'>ἔγγυ-</span> 
     </span>
    </p>
   </div>
   <div class='ocr_carea' id='block_1_84' title="bbox 501 5175 2087 5251">
    <p class='ocr_par' dir='ltr' id='par_1_84' title="bbox 501 5175 2087 5251">
     <span class='ocr_line' id='line_1_84' title="bbox 501 5175 2087 5251; baseline -0.004 -17"><span class='ocrx_word' id='word_1_601' title='bbox 501 5182 648 5251; x_wconf 83' lang='grc' dir='ltr'>τέρω</span> <span class='ocrx_word' id='word_1_602' title='bbox 680 5180 973 5251; x_wconf 80' lang='grc' dir='ltr'>γενόμενος</span> <span class='ocrx_word' id='word_1_603' title='bbox 998 5178 1093 5234; x_wconf 85' lang='grc' dir='ltr'><strong>τοῦ</strong></span> <span class='ocrx_word' id='word_1_604' title='bbox 1128 5178 1420 5248; x_wconf 83' lang='grc' dir='ltr'>στεφάνου,</span> <span class='ocrx_word' id='word_1_605' title='bbox 1467 5179 1673 5247; x_wconf 83' lang='grc' dir='ltr'>μᾶλλον</span> <span class='ocrx_word' id='word_1_606' title='bbox 1711 5177 1963 5239; x_wconf 77' lang='grc' dir='ltr'>ἔσπευδε,</span> <span class='ocrx_word' id='word_1_607' title='bbox 1991 5175 2087 5228; x_wconf 78' lang='grc' dir='ltr'>καὶ</span> 
     </span>
    </p>
   </div>
   <div class='ocr_carea' id='block_1_85' title="bbox 502 5267 2089 5346">
    <p class='ocr_par' dir='ltr' id='par_1_85' title="bbox 502 5267 2089 5346">
     <span class='ocr_line' id='line_1_85' title="bbox 502 5267 2089 5346; baseline -0.005 -19"><span class='ocrx_word' id='word_1_608' title='bbox 502 5274 581 5346; x_wconf 76' lang='grc' dir='ltr'><strong>τῷ</strong></span> <span class='ocrx_word' id='word_1_609' title='bbox 607 5274 709 5345; x_wconf 66' lang='grc' dir='ltr'>ήδη</span> <span class='ocrx_word' id='word_1_610' title='bbox 751 5275 1008 5344; x_wconf 78' lang='grc' dir='ltr'>παρεῖναι</span> <span class='ocrx_word' id='word_1_611' title='bbox 1039 5273 1247 5342; x_wconf 75' lang='grc' dir='ltr'>ἔχαιρε,</span> <span class='ocrx_word' id='word_1_612' title='bbox 1280 5271 1573 5341; x_wconf 78' lang='grc' dir='ltr'>περιιοῦσα</span> <span class='ocrx_word' id='word_1_613' title='bbox 1610 5271 1705 5324; x_wconf 68' lang='grc' dir='ltr'><strong>καλ⁵</strong></span> <span class='ocrx_word' id='word_1_614' title='bbox 1733 5271 1869 5331; x_wconf 67' lang='grc' dir='ltr'>τοὺς</span> <span class='ocrx_word' id='word_1_615' title='bbox 1890 5267 2089 5331; x_wconf 82' lang='grc' dir='ltr'>ἄλλους</span> 
     </span>
    </p>
   </div>
   <div class='ocr_carea' id='block_1_86' title="bbox 502 5361 2091 5437">
    <p class='ocr_par' dir='ltr' id='par_1_86' title="bbox 502 5361 2091 5437">
     <span class='ocr_line' id='line_1_86' title="bbox 502 5361 2091 5437; baseline -0.006 -16"><span class='ocrx_word' id='word_1_616' title='bbox 502 5368 606 5437; x_wconf 78' lang='grc' dir='ltr'><strong>τῆς</strong></span> <span class='ocrx_word' id='word_1_617' title='bbox 651 5365 1015 5436; x_wconf 76' lang='grc' dir='ltr'>Ἰερουσαλὴμ</span> <span class='ocrx_word' id='word_1_618' title='bbox 1061 5365 1283 5428; x_wconf 79' lang='grc' dir='ltr'>τόπους,</span> <span class='ocrx_word' id='word_1_619' title='bbox 1340 5362 1591 5434; x_wconf 78' lang='grc' dir='ltr'>Βηθλεέμ</span> <span class='ocrx_word' id='word_1_620' title='bbox 1636 5378 1699 5413; x_wconf 89' lang='grc' dir='ltr'><strong>τε</strong></span> <span class='ocrx_word' id='word_1_621' title='bbox 1745 5362 1961 5432; x_wconf 77' lang='grc' dir='ltr'>ἐκείνην</span> <span class='ocrx_word' id='word_1_622' title='bbox 1994 5361 2091 5414; x_wconf 73' lang='grc' dir='ltr'>καὶ</span> 
     </span>
    </p>
   </div>
   <div class='ocr_carea' id='block_1_87' title="bbox 506 5452 2090 5526">
    <p class='ocr_par' dir='ltr' id='par_1_87' title="bbox 506 5452 2090 5526">
     <span class='ocr_line' id='line_1_87' title="bbox 506 5452 2090 5526; baseline -0.006 -13"><span class='ocrx_word' id='word_1_623' title='bbox 506 5457 803 5513; x_wconf 86' lang='grc' dir='ltr'>Γαλιλαίαν</span> <span class='ocrx_word' id='word_1_624' title='bbox 834 5459 932 5514; x_wconf 73' lang='grc' dir='ltr'><strong>καὶ</strong></span> <span class='ocrx_word' id='word_1_625' title='bbox 982 5458 1084 5511; x_wconf 70' lang='grc' dir='ltr'><strong>ὅσα</strong></span> <span class='ocrx_word' id='word_1_626' title='bbox 1132 5456 1241 5509; x_wconf 85' lang='grc' dir='ltr'><strong>τῶν</strong></span> <span class='ocrx_word' id='word_1_627' title='bbox 1270 5454 1432 5526; x_wconf 83' lang='grc' dir='ltr'>πέριξ</span> <span class='ocrx_word' id='word_1_628' title='bbox 1481 5455 1577 5507; x_wconf 71' lang='grc' dir='ltr'><strong>καὶ</strong></span> <span class='ocrx_word' id='word_1_629' title='bbox 1620 5452 1806 5524; x_wconf 84' lang='grc' dir='ltr'>κύκλῳ</span> <span class='ocrx_word' id='word_1_630' title='bbox 1859 5468 2090 5523; x_wconf 81' lang='grc' dir='ltr'>περιπο·</span> 
     </span>
    </p>
   </div>
   <div class='ocr_carea' id='block_1_88' title="bbox 507 5544 2083 5621">
    <p class='ocr_par' dir='ltr' id='par_1_88' title="bbox 507 5544 2083 5621">
     <span class='ocr_line' id='line_1_88' title="bbox 507 5544 2083 5621; baseline -0.004 -17"><span class='ocrx_word' id='word_1_631' title='bbox 507 5552 713 5612; x_wconf 74' lang='grc' dir='ltr'>λοῦσα,</span> <span class='ocrx_word' id='word_1_632' title='bbox 766 5549 1026 5620; x_wconf 84' lang='grc' dir='ltr'>καθάπερ</span> <span class='ocrx_word' id='word_1_633' title='bbox 1079 5546 1360 5621; x_wconf 66' lang='grc' dir='ltr'>ἐμψύχους</span> <span class='ocrx_word' id='word_1_634' title='bbox 1411 5548 1543 5617; x_wconf 75' lang='grc' dir='ltr'>περὶ</span> <span class='ocrx_word' id='word_1_635' title='bbox 1598 5547 1697 5617; x_wconf 77' lang='grc' dir='ltr'><strong>τὴν</strong></span> <span class='ocrx_word' id='word_1_636' title='bbox 1767 5544 2083 5615; x_wconf 85' lang='grc' dir='ltr'>ἀποδημίαν</span> 
     </span>
    </p>
   </div>
   <div class='ocr_carea' id='block_1_89' title="bbox 508 5637 2093 5713">
    <p class='ocr_par' dir='ltr' id='par_1_89' title="bbox 508 5637 2093 5713">
     <span class='ocr_line' id='line_1_89' title="bbox 508 5637 2093 5713; baseline -0.005 -17"><span class='ocrx_word' id='word_1_637' title='bbox 508 5643 816 5713; x_wconf 73' lang='grc' dir='ltr'>ἠσπάζετο.</span> <span class='ocrx_word' id='word_1_638' title='bbox 849 5643 962 5712; x_wconf 80' lang='grc' dir='ltr'><strong>Τῆς</strong></span> <span class='ocrx_word' id='word_1_639' title='bbox 989 5640 1100 5694; x_wconf 83' lang='grc' dir='ltr'>τῶν</span> <span class='ocrx_word' id='word_1_640' title='bbox 1132 5638 1426 5707; x_wconf 82' lang='grc' dir='ltr'>γενεθλίων</span> <span class='ocrx_word' id='word_1_641' title='bbox 1462 5638 1519 5692; x_wconf 72' lang='grc' dir='ltr'>δὲ</span> <span class='ocrx_word' id='word_1_642' title='bbox 1562 5639 1657 5692; x_wconf 82' lang='grc' dir='ltr'><strong>τοῦ</strong></span> <span class='ocrx_word' id='word_1_643' title='bbox 1683 5638 1935 5709; x_wconf 77' lang='grc' dir='ltr'>Σωτῆρος</span> <span class='ocrx_word' id='word_1_644' title='bbox 1966 5637 2093 5689; x_wconf 85' lang='grc' dir='ltr'>ὲπι-</span> 
     </span>
    </p>
   </div>
   <div class='ocr_carea' id='block_1_90' title="bbox 515 5728 2094 5806">
    <p class='ocr_par' dir='ltr' id='par_1_90' title="bbox 515 5728 2094 5806">
     <span class='ocr_line' id='line_1_90' title="bbox 515 5728 2094 5806; baseline -0.004 -18"><span class='ocrx_word' id='word_1_645' title='bbox 515 5735 726 5806; x_wconf 82' lang='grc' dir='ltr'>στάσης</span> <span class='ocrx_word' id='word_1_646' title='bbox 770 5734 986 5806; x_wconf 73' lang='grc' dir='ltr'>ἡμέρας</span> <span class='ocrx_word' id='word_1_647' title='bbox 1038 5732 1134 5784; x_wconf 74' lang='grc' dir='ltr'><strong>ἐπὶ</strong></span> <span class='ocrx_word' id='word_1_648' title='bbox 1179 5730 1281 5801; x_wconf 77' lang='grc' dir='ltr'>τὴν</span> <span class='ocrx_word' id='word_1_649' title='bbox 1332 5732 1541 5801; x_wconf 82' lang='grc' dir='ltr'>φάτνην</span> <span class='ocrx_word' id='word_1_650' title='bbox 1571 5731 1666 5784; x_wconf 73' lang='grc' dir='ltr'><strong>καὶ</strong></span> <span class='ocrx_word' id='word_1_651' title='bbox 1712 5729 1773 5783; x_wconf 75' lang='grc' dir='ltr'>τὸ</span> <span class='ocrx_word' id='word_1_652' title='bbox 1825 5728 2094 5801; x_wconf 76' lang='grc' dir='ltr'>σπήλαιον</span> 
     </span>
    </p>
   </div>
   <div class='ocr_carea' id='block_1_91' title="bbox 2178 3229 3761 3302">
    <p class='ocr_par' dir='ltr' id='par_1_91' title="bbox 2178 3229 3761 3302">
     <span class='ocr_line' id='line_1_91' title="bbox 2178 3229 3761 3302; baseline -0.001 -14"><span class='ocrx_word' id='word_1_653' title='bbox 2178 3233 2374 3302; x_wconf 72' lang='lat' dir='ltr'><strong>loqui;</strong></span> <span class='ocrx_word' id='word_1_654' title='bbox 2406 3231 2597 3286; x_wconf 80' lang='lat' dir='ltr'><strong>habitu</strong></span> <span class='ocrx_word' id='word_1_655' title='bbox 2629 3241 2813 3285; x_wconf 87' lang='lat' dir='ltr'><strong>autem</strong></span> <span class='ocrx_word' id='word_1_656' title='bbox 2853 3238 2908 3284; x_wconf 88' lang='lat' dir='ltr'><strong>et</strong></span> <span class='ocrx_word' id='word_1_657' title='bbox 2966 3230 3146 3285; x_wconf 88' lang='lat' dir='ltr'><strong>oculis</strong></span> <span class='ocrx_word' id='word_1_658' title='bbox 3175 3229 3434 3285; x_wconf 78' lang='lat' dir='ltr'><strong>ﬂebiliter</strong></span> <span class='ocrx_word' id='word_1_659' title='bbox 3488 3241 3544 3287; x_wconf 92' lang='lat' dir='ltr'><strong>et</strong></span> <span class='ocrx_word' id='word_1_660' title='bbox 3593 3231 3761 3287; x_wconf 84' lang='lat' dir='ltr'><strong>mise-</strong></span> 
     </span>
    </p>
   </div>
   <div class='ocr_carea' id='block_1_92' title="bbox 2174 3319 3760 3389">
    <p class='ocr_par' dir='ltr' id='par_1_92' title="bbox 2174 3319 3760 3389">
     <span class='ocr_line' id='line_1_92' title="bbox 2174 3319 3760 3389; baseline 0 -10"><span class='ocrx_word' id='word_1_661' title='bbox 2174 3324 2424 3380; x_wconf 88' lang='lat' dir='ltr'><strong>rabiliter</strong></span> <span class='ocrx_word' id='word_1_662' title='bbox 2460 3325 2680 3379; x_wconf 88' lang='lat' dir='ltr'><strong>intuens</strong></span> <span class='ocrx_word' id='word_1_663' title='bbox 2701 3365 2716 3389; x_wconf 88' lang='lat'><strong>,</strong></span> <span class='ocrx_word' id='word_1_664' title='bbox 2751 3321 3043 3376; x_wconf 80' lang='lat' dir='ltr'><strong>videbatur</strong></span> <span class='ocrx_word' id='word_1_665' title='bbox 3067 3321 3273 3389; x_wconf 88' lang='lat' dir='ltr'><strong>dicere,</strong></span> <span class='ocrx_word' id='word_1_666' title='bbox 3302 3319 3585 3378; x_wconf 76' lang='lat' dir='ltr'><strong>Miserere.</strong></span> <span class='ocrx_word' id='word_1_667' title='bbox 3612 3322 3760 3389; x_wconf 85' lang='lat' dir='ltr'><strong>Quid</strong></span> 
     </span>
    </p>
   </div>
   <div class='ocr_carea' id='block_1_93' title="bbox 2175 3412 3759 3486">
    <p class='ocr_par' dir='ltr' id='par_1_93' title="bbox 2175 3412 3759 3486">
     <span class='ocr_line' id='line_1_93' title="bbox 2175 3412 3759 3486; baseline 0.001 -16"><span class='ocrx_word' id='word_1_668' title='bbox 2175 3429 2307 3486; x_wconf 79' lang='lat' dir='ltr'><strong>ergo</strong></span> <span class='ocrx_word' id='word_1_669' title='bbox 2332 3430 2524 3484; x_wconf 87' lang='lat' dir='ltr'><strong>magna</strong></span> <span class='ocrx_word' id='word_1_670' title='bbox 2583 3412 2841 3468; x_wconf 80' lang='lat' dir='ltr'><strong>Melana?</strong></span> <span class='ocrx_word' id='word_1_671' title='bbox 2884 3412 3074 3468; x_wconf 84' lang='lat' dir='ltr'><strong>Oculis</strong></span> <span class='ocrx_word' id='word_1_672' title='bbox 3132 3413 3187 3468; x_wconf 93' lang='lat' dir='ltr'><strong>in</strong></span> <span class='ocrx_word' id='word_1_673' title='bbox 3234 3415 3437 3469; x_wconf 64' lang='lat' dir='ltr'><strong>caelum</strong></span> <span class='ocrx_word' id='word_1_674' title='bbox 3503 3414 3759 3479; x_wconf 86' lang='lat' dir='ltr'><strong>sublatis,</strong></span> 
     </span>
    </p>
   </div>
   <div class='ocr_carea' id='block_1_94' title="bbox 2175 3505 3765 3578">
    <p class='ocr_par' dir='ltr' id='par_1_94' title="bbox 2175 3505 3765 3578">
     <span class='ocr_line' id='line_1_94' title="bbox 2175 3505 3765 3578; baseline -0.001 -15"><span class='ocrx_word' id='word_1_675' title='bbox 2175 3524 2299 3563; x_wconf 91' lang='lat' dir='ltr'><strong>cum</strong></span> <span class='ocrx_word' id='word_1_676' title='bbox 2342 3522 2536 3563; x_wconf 85' lang='lat' dir='ltr'><strong>zonam</strong></span> <span class='ocrx_word' id='word_1_677' title='bbox 2566 3521 2723 3563; x_wconf 89' lang='lat' dir='ltr'><strong>suam</strong></span> <span class='ocrx_word' id='word_1_678' title='bbox 2760 3505 3039 3570; x_wconf 83' lang='lat' dir='ltr'><strong>solvisset,</strong></span> <span class='ocrx_word' id='word_1_679' title='bbox 3066 3508 3253 3561; x_wconf 88' lang='lat' dir='ltr'><strong>statim</strong></span> <span class='ocrx_word' id='word_1_680' title='bbox 3298 3506 3534 3578; x_wconf 85' lang='lat' dir='ltr'><strong>imponit</strong></span> <span class='ocrx_word' id='word_1_681' title='bbox 3562 3506 3610 3561; x_wconf 91' lang='lat' dir='ltr'><strong>ei</strong></span> <span class='ocrx_word' id='word_1_682' title='bbox 3643 3522 3765 3575; x_wconf 77' lang='lat' dir='ltr'><strong>quae</strong></span> 
     </span>
    </p>
   </div>
   <div class='ocr_carea' id='block_1_95' title="bbox 2174 3593 3769 3667">
    <p class='ocr_par' dir='ltr' id='par_1_95' title="bbox 2174 3593 3769 3667">
     <span class='ocr_line' id='line_1_95' title="bbox 2174 3593 3769 3667; baseline 0.001 -17"><span class='ocrx_word' id='word_1_683' title='bbox 2174 3604 2297 3650; x_wconf 86' lang='lat' dir='ltr'><strong>erat</strong></span> <span class='ocrx_word' id='word_1_684' title='bbox 2331 3595 2445 3649; x_wconf 80' lang='lat' dir='ltr'><strong>fere</strong></span> <span class='ocrx_word' id='word_1_685' title='bbox 2487 3604 2727 3649; x_wconf 89' lang='lat' dir='ltr'><strong>mortua.</strong></span> <span class='ocrx_word' id='word_1_686' title='bbox 2765 3593 2975 3649; x_wconf 90' lang='lat' dir='ltr'><strong>Deinde</strong></span> <span class='ocrx_word' id='word_1_687' title='bbox 3008 3610 3132 3649; x_wconf 89' lang='lat' dir='ltr'><strong>cum</strong></span> <span class='ocrx_word' id='word_1_688' title='bbox 3159 3594 3426 3651; x_wconf 77' lang='lat' dir='ltr'><strong>dixisset:</strong></span> <span class='ocrx_word' id='word_1_689' title='bbox 3483 3595 3608 3667; x_wconf 81' lang='lat' dir='ltr'><strong>ipsa</strong></span> <span class='ocrx_word' id='word_1_690' title='bbox 3656 3598 3769 3653; x_wconf 82' lang='lat' dir='ltr'><strong>fuit</strong></span> 
     </span>
    </p>
   </div>
   <div class='ocr_carea' id='block_1_96' title="bbox 2176 3674 3766 3758">
    <p class='ocr_par' dir='ltr' id='par_1_96' title="bbox 2176 3674 3766 3758">
     <span class='ocr_line' id='line_1_96' title="bbox 2176 3674 3766 3758; baseline 0.002 -16"><span class='ocrx_word' id='word_1_691' title='bbox 2176 3688 2309 3742; x_wconf 82' lang='lat' dir='ltr'><strong>mihi</strong></span> <span class='ocrx_word' id='word_1_692' title='bbox 2342 3687 2548 3743; x_wconf 88' lang='lat' dir='ltr'><strong>donum</strong></span> <span class='ocrx_word' id='word_1_693' title='bbox 2583 3687 2765 3757; x_wconf 85' lang='lat' dir='ltr'><strong>magni</strong></span> <span class='ocrx_word' id='word_1_694' title='bbox 2807 3674 3022 3753; x_wconf 25' lang='lat' dir='ltr'><strong>viri,.et</strong></span> <span class='ocrx_word' id='word_1_695' title='bbox 3057 3687 3150 3758; x_wconf 90' lang='lat' dir='ltr'><strong>qui</strong></span> <span class='ocrx_word' id='word_1_696' title='bbox 3184 3702 3306 3743; x_wconf 88' lang='lat' dir='ltr'><strong>eam</strong></span> <span class='ocrx_word' id='word_1_697' title='bbox 3343 3687 3511 3744; x_wconf 80' lang='lat' dir='ltr'><strong>fuerit</strong></span> <span class='ocrx_word' id='word_1_698' title='bbox 3562 3703 3766 3745; x_wconf 74' lang='lat' dir='ltr'><strong>consc-</strong></span> 
     </span>
    </p>
   </div>
   <div class='ocr_carea' id='block_1_97' title="bbox 2175 3777 3765 3846">
    <p class='ocr_par' dir='ltr' id='par_1_97' title="bbox 2175 3777 3765 3846">
     <span class='ocr_line' id='line_1_97' title="bbox 2175 3777 3765 3846; baseline -0.001 -10"><span class='ocrx_word' id='word_1_699' title='bbox 2175 3790 2362 3846; x_wconf 89' lang='lat' dir='ltr'><strong>cutus,</strong></span> <span class='ocrx_word' id='word_1_700' title='bbox 2388 3795 2498 3835; x_wconf 90' lang='lat' dir='ltr'><strong>non</strong></span> <span class='ocrx_word' id='word_1_701' title='bbox 2532 3778 2897 3834; x_wconf 85' lang='lat' dir='ltr'><strong>l‘rttstrabitur</strong></span> <span class='ocrx_word' id='word_1_702' title='bbox 2932 3777 3241 3846; x_wconf 87' lang='lat' dir='ltr'><strong>curatione,</strong></span> <span class='ocrx_word' id='word_1_703' title='bbox 3276 3777 3463 3834; x_wconf 87' lang='lat' dir='ltr'><strong>statim</strong></span> <span class='ocrx_word' id='word_1_704' title='bbox 3512 3789 3569 3834; x_wconf 91' lang='lat' dir='ltr'><strong>et</strong></span> <span class='ocrx_word' id='word_1_705' title='bbox 3611 3794 3765 3835; x_wconf 81' lang='lat' dir='ltr'><strong>mor-</strong></span> 
     </span>
    </p>
   </div>
   <div class='ocr_carea' id='block_1_98' title="bbox 2178 3871 3766 3944">
    <p class='ocr_par' dir='ltr' id='par_1_98' title="bbox 2178 3871 3766 3944">
     <span class='ocr_line' id='line_1_98' title="bbox 2178 3871 3766 3944; baseline 0 -17"><span class='ocrx_word' id='word_1_706' title='bbox 2178 3881 2341 3928; x_wconf 91' lang='lat' dir='ltr'><strong>tuum</strong></span> <span class='ocrx_word' id='word_1_707' title='bbox 2386 3873 2549 3944; x_wconf 84' lang='lat' dir='ltr'><strong>ejecit</strong></span> <span class='ocrx_word' id='word_1_708' title='bbox 2576 3880 2633 3927; x_wconf 89' lang='lat' dir='ltr'><strong>et</strong></span> <span class='ocrx_word' id='word_1_709' title='bbox 2664 3871 2896 3942; x_wconf 83' lang='lat' dir='ltr'><strong>peperit,</strong></span> <span class='ocrx_word' id='word_1_710' title='bbox 2932 3880 2988 3925; x_wconf 84' lang='lat' dir='ltr'><strong>et</strong></span> <span class='ocrx_word' id='word_1_711' title='bbox 3022 3886 3145 3942; x_wconf 70' lang='lat' dir='ltr'><strong>qua:</strong></span> <span class='ocrx_word' id='word_1_712' title='bbox 3172 3871 3411 3943; x_wconf 85' lang='lat' dir='ltr'><strong>jacebat,</strong></span> <span class='ocrx_word' id='word_1_713' title='bbox 3446 3872 3551 3926; x_wconf 78' lang='lat' dir='ltr'><strong>{nit</strong></span> <span class='ocrx_word' id='word_1_714' title='bbox 3574 3872 3766 3927; x_wconf 83' lang='lat' dir='ltr'><strong>statim</strong></span> 
     </span>
    </p>
   </div>
   <div class='ocr_carea' id='block_1_99' title="bbox 2175 3961 3766 4031">
    <p class='ocr_par' dir='ltr' id='par_1_99' title="bbox 2175 3961 3766 4031">
     <span class='ocr_line' id='line_1_99' title="bbox 2175 3961 3766 4031; baseline -0.002 -9"><span class='ocrx_word' id='word_1_715' title='bbox 2175 3968 2245 4022; x_wconf 89' lang='lat' dir='ltr'><strong>ab</strong></span> <span class='ocrx_word' id='word_1_716' title='bbox 2271 3965 2419 4020; x_wconf 90' lang='lat' dir='ltr'><strong>omni</strong></span> <span class='ocrx_word' id='word_1_717' title='bbox 2444 3965 2635 4019; x_wconf 89' lang='lat' dir='ltr'><strong>dolore</strong></span> <span class='ocrx_word' id='word_1_718' title='bbox 2678 3962 2932 4017; x_wconf 87' lang='lat' dir='ltr'><strong>liberata.</strong></span> <span class='ocrx_word' id='word_1_719' title='bbox 2988 3961 3114 4016; x_wconf 80' lang='lat' dir='ltr'><strong>Haec</strong></span> <span class='ocrx_word' id='word_1_720' title='bbox 3161 3962 3246 4016; x_wconf 86' lang='lat' dir='ltr'><strong>vel</strong></span> <span class='ocrx_word' id='word_1_721' title='bbox 3301 3977 3398 4031; x_wconf 85' lang='lat' dir='ltr'><strong>per</strong></span> <span class='ocrx_word' id='word_1_722' title='bbox 3449 3978 3645 4016; x_wconf 86' lang='lat' dir='ltr'><strong>zonam</strong></span> <span class='ocrx_word' id='word_1_723' title='bbox 3700 3962 3766 4019; x_wconf 84' lang='grc' dir='ltr'>Β.</span> 
     </span>
    </p>
   </div>
   <div class='ocr_carea' id='block_1_100' title="bbox 2178 4054 3767 4119">
    <p class='ocr_par' dir='ltr' id='par_1_100' title="bbox 2178 4054 3767 4119">
     <span class='ocr_line' id='line_1_100' title="bbox 2178 4054 3767 4119; baseline 0.002 -7"><span class='ocrx_word' id='word_1_724' title='bbox 2178 4058 2389 4113; x_wconf 78' lang='lat' dir='ltr'><strong>Melana</strong></span> <span class='ocrx_word' id='word_1_725' title='bbox 2456 4056 2669 4111; x_wconf 81' lang='lat' dir='ltr'><strong>faciens</strong></span> <span class='ocrx_word' id='word_1_726' title='bbox 2729 4054 3039 4119; x_wconf 85' lang='lat' dir='ltr'><strong>miracula,</strong></span> <span class='ocrx_word' id='word_1_727' title='bbox 3097 4069 3159 4109; x_wconf 89' lang='lat' dir='ltr'><strong>ea</strong></span> <span class='ocrx_word' id='word_1_728' title='bbox 3214 4054 3342 4109; x_wconf 84' lang='lat' dir='ltr'><strong>aliis</strong></span> <span class='ocrx_word' id='word_1_729' title='bbox 3400 4054 3767 4115; x_wconf 86' lang='lat' dir='ltr'><strong>attribuebat.</strong></span> 
     </span>
    </p>
   </div>
   <div class='ocr_carea' id='block_1_101' title="bbox 2177 4144 3768 4216">
    <p class='ocr_par' dir='ltr' id='par_1_101' title="bbox 2177 4144 3768 4216">
     <span class='ocr_line' id='line_1_101' title="bbox 2177 4144 3768 4216; baseline 0 -13"><span class='ocrx_word' id='word_1_730' title='bbox 2177 4149 2353 4216; x_wconf 86' lang='lat' dir='ltr'><strong>Quam</strong></span> <span class='ocrx_word' id='word_1_731' title='bbox 2384 4147 2551 4202; x_wconf 91' lang='lat' dir='ltr'><strong>multa</strong></span> <span class='ocrx_word' id='word_1_732' title='bbox 2588 4146 2731 4202; x_wconf 80' lang='lat' dir='ltr'><strong>facta</strong></span> <span class='ocrx_word' id='word_1_733' title='bbox 2771 4155 2897 4201; x_wconf 87' lang='lat' dir='ltr'><strong>sunt</strong></span> <span class='ocrx_word' id='word_1_734' title='bbox 2943 4145 3057 4201; x_wconf 90' lang='lat' dir='ltr'><strong>illic</strong></span> <span class='ocrx_word' id='word_1_735' title='bbox 3104 4144 3404 4215; x_wconf 81' lang='lat' dir='ltr'><strong>ejusmodi,</strong></span> <span class='ocrx_word' id='word_1_736' title='bbox 3460 4162 3584 4216; x_wconf 65' lang='lat' dir='ltr'><strong>quae</strong></span> <span class='ocrx_word' id='word_1_737' title='bbox 3626 4147 3768 4204; x_wconf 76' lang='lat' dir='ltr'><strong>milii</strong></span> 
     </span>
    </p>
   </div>
   <div class='ocr_carea' id='block_1_102' title="bbox 2185 4238 3765 4308">
    <p class='ocr_par' dir='ltr' id='par_1_102' title="bbox 2185 4238 3765 4308">
     <span class='ocr_line' id='line_1_102' title="bbox 2185 4238 3765 4308; baseline -0.001 -10"><span class='ocrx_word' id='word_1_738' title='bbox 2185 4259 2298 4298; x_wconf 87' lang='lat' dir='ltr'><strong>non</strong></span> <span class='ocrx_word' id='word_1_739' title='bbox 2332 4242 2458 4297; x_wconf 90' lang='lat' dir='ltr'><strong>licet</strong></span> <span class='ocrx_word' id='word_1_740' title='bbox 2482 4256 2630 4296; x_wconf 92' lang='lat' dir='ltr'><strong>nunc</strong></span> <span class='ocrx_word' id='word_1_741' title='bbox 2687 4239 2980 4308; x_wconf 76' lang='lat' dir='ltr'><strong>attingere,</strong></span> <span class='ocrx_word' id='word_1_742' title='bbox 3031 4253 3156 4294; x_wconf 90' lang='lat' dir='ltr'><strong>cum</strong></span> <span class='ocrx_word' id='word_1_743' title='bbox 3217 4238 3485 4307; x_wconf 82' lang='lat' dir='ltr'><strong>prolixam</strong></span> <span class='ocrx_word' id='word_1_744' title='bbox 3538 4254 3765 4297; x_wconf 86' lang='lat' dir='ltr'><strong>cernam</strong></span> 
     </span>
    </p>
   </div>
   <div class='ocr_carea' id='block_1_103' title="bbox 2184 4328 3768 4404">
    <p class='ocr_par' dir='ltr' id='par_1_103' title="bbox 2184 4328 3768 4404">
     <span class='ocr_line' id='line_1_103' title="bbox 2184 4328 3768 4404; baseline -0.004 -10"><span class='ocrx_word' id='word_1_745' title='bbox 2184 4338 2518 4401; x_wconf 88' lang='lat' dir='ltr'><strong>orationem,</strong></span> <span class='ocrx_word' id='word_1_746' title='bbox 2550 4347 2603 4390; x_wconf 90' lang='lat' dir='ltr'><strong>et</strong></span> <span class='ocrx_word' id='word_1_747' title='bbox 2632 4335 2900 4390; x_wconf 84' lang='lat' dir='ltr'><strong>remissus</strong></span> <span class='ocrx_word' id='word_1_748' title='bbox 2957 4333 3070 4404; x_wconf 89' lang='lat' dir='ltr'><strong>jam</strong></span> <span class='ocrx_word' id='word_1_749' title='bbox 3097 4331 3231 4386; x_wconf 87' lang='lat' dir='ltr'><strong>mihi</strong></span> <span class='ocrx_word' id='word_1_750' title='bbox 3259 4333 3333 4386; x_wconf 89' lang='lat' dir='ltr'><strong>sit</strong></span> <span class='ocrx_word' id='word_1_751' title='bbox 3371 4328 3604 4403; x_wconf 80' lang='lat' dir='ltr'><strong>spiritus</strong></span> <span class='ocrx_word' id='word_1_752' title='bbox 3639 4347 3768 4403; x_wconf 88' lang='lat' dir='ltr'><strong>pro-</strong></span> 
     </span>
    </p>
   </div>
   <div class='ocr_carea' id='block_1_104' title="bbox 2185 4422 3769 4501">
    <p class='ocr_par' dir='ltr' id='par_1_104' title="bbox 2185 4422 3769 4501">
     <span class='ocr_line' id='line_1_104' title="bbox 2185 4422 3769 4501; baseline 0.001 -16"><span class='ocrx_word' id='word_1_753' title='bbox 2185 4439 2307 4501; x_wconf 89' lang='lat' dir='ltr'><strong>pter</strong></span> <span class='ocrx_word' id='word_1_754' title='bbox 2337 4427 2749 4485; x_wconf 85' lang='lat' dir='ltr'><strong>multitudinem</strong></span> <span class='ocrx_word' id='word_1_755' title='bbox 2784 4440 2977 4480; x_wconf 87' lang='lat' dir='ltr'><strong>eorutn</strong></span> <span class='ocrx_word' id='word_1_756' title='bbox 3009 4437 3130 4495; x_wconf 72' lang='lat' dir='ltr'><strong>quae</strong></span> <span class='ocrx_word' id='word_1_757' title='bbox 3180 4422 3327 4477; x_wconf 89' lang='lat' dir='ltr'><strong>dicta</strong></span> <span class='ocrx_word' id='word_1_758' title='bbox 3380 4434 3531 4480; x_wconf 90' lang='lat' dir='ltr'><strong>sunt.</strong></span> <span class='ocrx_word' id='word_1_759' title='bbox 3566 4425 3673 4483; x_wconf 82' lang='lat' dir='ltr'><strong>Sed</strong></span> <span class='ocrx_word' id='word_1_760' title='bbox 3699 4445 3769 4487; x_wconf 77' lang='lat' dir='ltr'><strong>ex</strong></span> 
     </span>
    </p>
   </div>
   <div class='ocr_carea' id='block_1_105' title="bbox 2185 4515 3773 4595">
    <p class='ocr_par' dir='ltr' id='par_1_105' title="bbox 2185 4515 3773 4595">
     <span class='ocr_line' id='line_1_105' title="bbox 2185 4515 3773 4595; baseline 0 -16"><span class='ocrx_word' id='word_1_761' title='bbox 2185 4526 2274 4588; x_wconf 88' lang='lat' dir='ltr'><strong>iis,</strong></span> <span class='ocrx_word' id='word_1_762' title='bbox 2304 4539 2427 4595; x_wconf 67' lang='lat' dir='ltr'><strong>quae</strong></span> <span class='ocrx_word' id='word_1_763' title='bbox 2448 4523 2595 4577; x_wconf 88' lang='lat' dir='ltr'><strong>dicta</strong></span> <span class='ocrx_word' id='word_1_764' title='bbox 2624 4527 2776 4583; x_wconf 87' lang='lat' dir='ltr'><strong>sunt,</strong></span> <span class='ocrx_word' id='word_1_765' title='bbox 2808 4519 2966 4572; x_wconf 85' lang='lat' dir='ltr'><strong>vobis</strong></span> <span class='ocrx_word' id='word_1_766' title='bbox 2991 4516 3148 4572; x_wconf 82' lang='lat' dir='ltr'><strong>facile</strong></span> <span class='ocrx_word' id='word_1_767' title='bbox 3177 4515 3308 4570; x_wconf 85' lang='lat' dir='ltr'><strong>licet</strong></span> <span class='ocrx_word' id='word_1_768' title='bbox 3344 4517 3558 4588; x_wconf 84' lang='lat' dir='ltr'><strong>reliqua</strong></span> <span class='ocrx_word' id='word_1_769' title='bbox 3594 4525 3773 4594; x_wconf 83' lang='lat' dir='ltr'><strong>conji-</strong></span> 
     </span>
    </p>
   </div>
   <div class='ocr_carea' id='block_1_106' title="bbox 2185 4611 3768 4684">
    <p class='ocr_par' dir='ltr' id='par_1_106' title="bbox 2185 4611 3768 4684">
     <span class='ocr_line' id='line_1_106' title="bbox 2185 4611 3768 4684; baseline -0.003 -13"><span class='ocrx_word' id='word_1_770' title='bbox 2185 4630 2331 4678; x_wconf 83' lang='lat' dir='ltr'><strong>cere,</strong></span> <span class='ocrx_word' id='word_1_771' title='bbox 2357 4622 2417 4669; x_wconf 89' lang='lat' dir='ltr'><strong>ut</strong></span> <span class='ocrx_word' id='word_1_772' title='bbox 2456 4613 2549 4684; x_wconf 91' lang='lat' dir='ltr'><strong>qui</strong></span> <span class='ocrx_word' id='word_1_773' title='bbox 2575 4629 2643 4668; x_wconf 81' lang='lat' dir='ltr'><strong>ex</strong></span> <span class='ocrx_word' id='word_1_774' title='bbox 2682 4611 2897 4667; x_wconf 86' lang='lat' dir='ltr'><strong>modico</strong></span> <span class='ocrx_word' id='word_1_775' title='bbox 2926 4619 3087 4681; x_wconf 84' lang='lat' dir='ltr'><strong>gustu</strong></span> <span class='ocrx_word' id='word_1_776' title='bbox 3124 4617 3299 4662; x_wconf 74' lang='lat' dir='ltr'><strong>telum</strong></span> <span class='ocrx_word' id='word_1_777' title='bbox 3353 4614 3768 4683; x_wconf 79' lang='lat' dir='ltr'><strong>cognoveritis;</strong></span> 
     </span>
    </p>
   </div>
   <div class='ocr_carea' id='block_1_107' title="bbox 2186 4698 3771 4768">
    <p class='ocr_par' dir='ltr' id='par_1_107' title="bbox 2186 4698 3771 4768">
     <span class='ocr_line' id='line_1_107' title="bbox 2186 4698 3771 4768; baseline -0.008 -8"><span class='ocrx_word' id='word_1_778' title='bbox 2186 4722 2253 4761; x_wconf 76' lang='lat' dir='ltr'><strong>ex</strong></span> <span class='ocrx_word' id='word_1_779' title='bbox 2278 4706 2471 4760; x_wconf 86' lang='lat' dir='ltr'><strong>eodem</strong></span> <span class='ocrx_word' id='word_1_780' title='bbox 2518 4704 2664 4759; x_wconf 88' lang='lat' dir='ltr'><strong>enim</strong></span> <span class='ocrx_word' id='word_1_781' title='bbox 2697 4702 2867 4768; x_wconf 83' lang='lat' dir='ltr'><strong>dolio,</strong></span> <span class='ocrx_word' id='word_1_782' title='bbox 2902 4700 3103 4754; x_wconf 74' lang='lat' dir='ltr'><strong>dixerit</strong></span> <span class='ocrx_word' id='word_1_783' title='bbox 3147 4698 3451 4767; x_wconf 86' lang='lat' dir='ltr'><strong>quispiam,</strong></span> <span class='ocrx_word' id='word_1_784' title='bbox 3497 4711 3580 4756; x_wconf 88' lang='lat' dir='ltr'><strong>est</strong></span> <span class='ocrx_word' id='word_1_785' title='bbox 3640 4704 3771 4759; x_wconf 80' lang='lat' dir='ltr'><strong>reli-</strong></span> 
     </span>
    </p>
   </div>
   <div class='ocr_carea' id='block_1_108' title="bbox 2189 4787 3769 4865">
    <p class='ocr_par' dir='ltr' id='par_1_108' title="bbox 2189 4787 3769 4865">
     <span class='ocr_line' id='line_1_108' title="bbox 2189 4787 3769 4865; baseline 0.003 -21"><span class='ocrx_word' id='word_1_786' title='bbox 2189 4811 2380 4865; x_wconf 81' lang='lat' dir='ltr'><strong>quum.</strong></span> <span class='ocrx_word' id='word_1_787' title='bbox 2415 4793 2669 4848; x_wconf 82' lang='lat' dir='ltr'><strong>Eundum</strong></span> <span class='ocrx_word' id='word_1_788' title='bbox 2703 4801 2788 4847; x_wconf 85' lang='lat' dir='ltr'><strong>est</strong></span> <span class='ocrx_word' id='word_1_789' title='bbox 2830 4804 2962 4861; x_wconf 84' lang='lat' dir='ltr'><strong>ergo</strong></span> <span class='ocrx_word' id='word_1_790' title='bbox 3028 4788 3096 4843; x_wconf 89' lang='lat' dir='ltr'><strong>ad</strong></span> <span class='ocrx_word' id='word_1_791' title='bbox 3149 4787 3463 4854; x_wconf 88' lang='lat' dir='ltr'><strong>decessum,</strong></span> <span class='ocrx_word' id='word_1_792' title='bbox 3520 4790 3568 4845; x_wconf 84' lang='lat' dir='ltr'><strong>si</strong></span> <span class='ocrx_word' id='word_1_793' title='bbox 3616 4793 3769 4863; x_wconf 81' lang='lat' dir='ltr'><strong>prius</strong></span> 
     </span>
    </p>
   </div>
   <div class='ocr_carea' id='block_1_109' title="bbox 2188 4881 3116 4954">
    <p class='ocr_par' dir='ltr' id='par_1_109' title="bbox 2188 4881 3116 4954">
     <span class='ocr_line' id='line_1_109' title="bbox 2188 4881 3116 4954; baseline -0.005 -14"><span class='ocrx_word' id='word_1_794' title='bbox 2188 4886 2487 4941; x_wconf 85' lang='lat' dir='ltr'><strong>narrationi</strong></span> <span class='ocrx_word' id='word_1_795' title='bbox 2527 4900 2699 4954; x_wconf 88' lang='lat' dir='ltr'><strong>pauca</strong></span> <span class='ocrx_word' id='word_1_796' title='bbox 2726 4881 3116 4951; x_wconf 88' lang='lat' dir='ltr'><strong>adjecerimns.</strong></span> 
     </span>
    </p>
   </div>
   <div class='ocr_carea' id='block_1_110' title="bbox 2258 4974 3774 5041">
    <p class='ocr_par' dir='ltr' id='par_1_110' title="bbox 2258 4974 3774 5041">
     <span class='ocr_line' id='line_1_110' title="bbox 2258 4974 3774 5041; baseline 0.001 -12"><span class='ocrx_word' id='word_1_797' title='bbox 2258 4975 2504 5030; x_wconf 73' lang='lat' dir='ltr'><strong>XXXIV.</strong></span> <span class='ocrx_word' id='word_1_798' title='bbox 2532 4975 2669 5031; x_wconf 87' lang='lat' dir='ltr'><strong>Cum</strong></span> <span class='ocrx_word' id='word_1_799' title='bbox 2707 4974 2853 5030; x_wconf 89' lang='lat' dir='ltr'><strong>enim</strong></span> <span class='ocrx_word' id='word_1_800' title='bbox 2884 4977 3102 5029; x_wconf 80' lang='lat' dir='ltr'><strong>adesset</strong></span> <span class='ocrx_word' id='word_1_801' title='bbox 3132 4975 3279 5041; x_wconf 84' lang='lat' dir='ltr'><strong>linis,</strong></span> <span class='ocrx_word' id='word_1_802' title='bbox 3310 4984 3366 5030; x_wconf 88' lang='lat' dir='ltr'><strong>et</strong></span> <span class='ocrx_word' id='word_1_803' title='bbox 3386 4976 3435 5031; x_wconf 89' lang='lat' dir='ltr'><strong>is</strong></span> <span class='ocrx_word' id='word_1_804' title='bbox 3483 4983 3632 5030; x_wconf 86' lang='lat' dir='ltr'><strong>esset</strong></span> <span class='ocrx_word' id='word_1_805' title='bbox 3664 4974 3774 5030; x_wconf 75' lang='lat' dir='ltr'><strong>Me-</strong></span> 
     </span>
    </p>
   </div>
   <div class='ocr_carea' id='block_1_111' title="bbox 2189 5067 3771 5138">
    <p class='ocr_par' dir='ltr' id='par_1_111' title="bbox 2189 5067 3771 5138">
     <span class='ocr_line' id='line_1_111' title="bbox 2189 5067 3771 5138; baseline -0.001 -15"><span class='ocrx_word' id='word_1_806' title='bbox 2189 5068 2328 5123; x_wconf 71' lang='lat' dir='ltr'><strong>lana:</strong></span> <span class='ocrx_word' id='word_1_807' title='bbox 2356 5070 2749 5138; x_wconf 65' lang='lat' dir='ltr'><strong>praecognitus,</strong></span> <span class='ocrx_word' id='word_1_808' title='bbox 2768 5076 2821 5122; x_wconf 92' lang='lat' dir='ltr'><strong>et</strong></span> <span class='ocrx_word' id='word_1_809' title='bbox 2847 5077 3104 5137; x_wconf 78' lang='lat' dir='ltr'><strong>tanquam</strong></span> <span class='ocrx_word' id='word_1_810' title='bbox 3129 5069 3334 5121; x_wconf 84' lang='lat' dir='ltr'><strong>athleta</strong></span> <span class='ocrx_word' id='word_1_811' title='bbox 3362 5067 3634 5137; x_wconf 80' lang='lat' dir='ltr'><strong>quispiam</strong></span> <span class='ocrx_word' id='word_1_812' title='bbox 3661 5082 3771 5122; x_wconf 86' lang='lat' dir='ltr'><strong>non</strong></span> 
     </span>
    </p>
   </div>
   <div class='ocr_carea' id='block_1_112' title="bbox 2190 5159 3769 5233">
    <p class='ocr_par' dir='ltr' id='par_1_112' title="bbox 2190 5159 3769 5233">
     <span class='ocr_line' id='line_1_112' title="bbox 2190 5159 3769 5233; baseline -0.004 -17"><span class='ocrx_word' id='word_1_813' title='bbox 2190 5164 2381 5233; x_wconf 85' lang='lat' dir='ltr'><strong>procul</strong></span> <span class='ocrx_word' id='word_1_814' title='bbox 2411 5162 2631 5216; x_wconf 88' lang='lat' dir='ltr'><strong>abesset</strong></span> <span class='ocrx_word' id='word_1_815' title='bbox 2659 5176 2689 5213; x_wconf 87' lang='lat' dir='ltr'><strong>a</strong></span> <span class='ocrx_word' id='word_1_816' title='bbox 2721 5174 2947 5222; x_wconf 87' lang='lat' dir='ltr'><strong>corona,</strong></span> <span class='ocrx_word' id='word_1_817' title='bbox 2983 5160 3156 5229; x_wconf 77' lang='lat' dir='ltr'><strong>magis</strong></span> <span class='ocrx_word' id='word_1_818' title='bbox 3191 5159 3508 5219; x_wconf 80' lang='lat' dir='ltr'><strong>festinabat,</strong></span> <span class='ocrx_word' id='word_1_819' title='bbox 3552 5167 3606 5212; x_wconf 90' lang='lat' dir='ltr'><strong>ct</strong></span> <span class='ocrx_word' id='word_1_820' title='bbox 3642 5173 3769 5213; x_wconf 86' lang='lat' dir='ltr'><strong>eum</strong></span> 
     </span>
    </p>
   </div>
   <div class='ocr_carea' id='block_1_113' title="bbox 2184 5249 3776 5326">
    <p class='ocr_par' dir='ltr' id='par_1_113' title="bbox 2184 5249 3776 5326">
     <span class='ocr_line' id='line_1_113' title="bbox 2184 5249 3776 5326; baseline -0.003 -17"><span class='ocrx_word' id='word_1_821' title='bbox 2184 5256 2298 5326; x_wconf 87' lang='lat' dir='ltr'><strong>jam</strong></span> <span class='ocrx_word' id='word_1_822' title='bbox 2353 5256 2550 5312; x_wconf 85' lang='lat' dir='ltr'><strong>adesse</strong></span> <span class='ocrx_word' id='word_1_823' title='bbox 2586 5254 2877 5311; x_wconf 66' lang='lat' dir='ltr'><strong>letabatur</strong></span> <span class='ocrx_word' id='word_1_824' title='bbox 2919 5270 2934 5308; x_wconf 91' lang='lat'><strong>:</strong></span> <span class='ocrx_word' id='word_1_825' title='bbox 2970 5261 3021 5308; x_wconf 89' lang='lat' dir='ltr'><strong>et</strong></span> <span class='ocrx_word' id='word_1_826' title='bbox 3055 5252 3248 5308; x_wconf 89' lang='lat' dir='ltr'><strong>obiens</strong></span> <span class='ocrx_word' id='word_1_827' title='bbox 3280 5253 3384 5306; x_wconf 81' lang='lat' dir='ltr'><strong>alia</strong></span> <span class='ocrx_word' id='word_1_828' title='bbox 3428 5252 3548 5305; x_wconf 90' lang='lat' dir='ltr'><strong>loca</strong></span> <span class='ocrx_word' id='word_1_829' title='bbox 3578 5249 3776 5306; x_wconf 79' lang='lat' dir='ltr'><strong>Hiero-</strong></span> 
     </span>
    </p>
   </div>
   <div class='ocr_carea' id='block_1_114' title="bbox 2191 5339 3778 5420">
    <p class='ocr_par' dir='ltr' id='par_1_114' title="bbox 2191 5339 3778 5420">
     <span class='ocr_line' id='line_1_114' title="bbox 2191 5339 3778 5420; baseline -0.005 -16"><span class='ocrx_word' id='word_1_830' title='bbox 2191 5350 2552 5420; x_wconf 86' lang='lat' dir='ltr'><strong>solymorum,</strong></span> <span class='ocrx_word' id='word_1_831' title='bbox 2607 5355 2661 5400; x_wconf 88' lang='lat' dir='ltr'><strong>et</strong></span> <span class='ocrx_word' id='word_1_832' title='bbox 2688 5345 2971 5400; x_wconf 81' lang='lat' dir='ltr'><strong>Bethleem</strong></span> <span class='ocrx_word' id='word_1_833' title='bbox 3031 5344 3177 5397; x_wconf 87' lang='lat' dir='ltr'><strong>illam</strong></span> <span class='ocrx_word' id='word_1_834' title='bbox 3238 5354 3291 5398; x_wconf 89' lang='lat' dir='ltr'><strong>et</strong></span> <span class='ocrx_word' id='word_1_835' title='bbox 3358 5339 3665 5407; x_wconf 72' lang='lat' dir='ltr'><strong>Galilaeam,</strong></span> <span class='ocrx_word' id='word_1_836' title='bbox 3720 5349 3778 5397; x_wconf 83' lang='lat' dir='ltr'><strong>et</strong></span> 
     </span>
    </p>
   </div>
   <div class='ocr_carea' id='block_1_115' title="bbox 2191 5437 3780 5515">
    <p class='ocr_par' dir='ltr' id='par_1_115' title="bbox 2191 5437 3780 5515">
     <span class='ocr_line' id='line_1_115' title="bbox 2191 5437 3780 5515; baseline -0.003 -18"><span class='ocrx_word' id='word_1_837' title='bbox 2191 5457 2536 5515; x_wconf 70' lang='lat' dir='ltr'><strong>qnzccunque</strong></span> <span class='ocrx_word' id='word_1_838' title='bbox 2568 5441 2624 5495; x_wconf 93' lang='lat' dir='ltr'><strong>in</strong></span> <span class='ocrx_word' id='word_1_839' title='bbox 2657 5440 2849 5495; x_wconf 89' lang='lat' dir='ltr'><strong>orbem</strong></span> <span class='ocrx_word' id='word_1_840' title='bbox 2892 5438 3242 5504; x_wconf 87' lang='lat' dir='ltr'><strong>circumibat,</strong></span> <span class='ocrx_word' id='word_1_841' title='bbox 3270 5454 3333 5493; x_wconf 89' lang='lat' dir='ltr'><strong>ea</strong></span> <span class='ocrx_word' id='word_1_842' title='bbox 3372 5450 3629 5507; x_wconf 89' lang='lat' dir='ltr'><strong>tanquam</strong></span> <span class='ocrx_word' id='word_1_843' title='bbox 3655 5437 3780 5492; x_wconf 83' lang='lat' dir='ltr'><strong>anl-</strong></span> 
     </span>
    </p>
   </div>
   <div class='ocr_carea' id='block_1_116' title="bbox 2193 5526 3779 5600">
    <p class='ocr_par' dir='ltr' id='par_1_116' title="bbox 2193 5526 3779 5600">
     <span class='ocr_line' id='line_1_116' title="bbox 2193 5526 3779 5600; baseline -0.004 -10"><span class='ocrx_word' id='word_1_844' title='bbox 2193 5545 2341 5591; x_wconf 87' lang='lat' dir='ltr'><strong>mata</strong></span> <span class='ocrx_word' id='word_1_845' title='bbox 2398 5532 2675 5588; x_wconf 86' lang='lat' dir='ltr'><strong>salutabat</strong></span> <span class='ocrx_word' id='word_1_846' title='bbox 2717 5531 2770 5584; x_wconf 90' lang='lat' dir='ltr'><strong>in</strong></span> <span class='ocrx_word' id='word_1_847' title='bbox 2803 5527 3263 5600; x_wconf 85' lang='lat' dir='ltr'><strong>peregrinatione.</strong></span> <span class='ocrx_word' id='word_1_848' title='bbox 3293 5528 3431 5584; x_wconf 86' lang='lat' dir='ltr'><strong>Cum</strong></span> <span class='ocrx_word' id='word_1_849' title='bbox 3460 5526 3779 5583; x_wconf 80' lang='lat' dir='ltr'><strong>advenisset</strong></span> 
     </span>
    </p>
   </div>
   <div class='ocr_carea' id='block_1_117' title="bbox 2197 5619 3782 5693">
    <p class='ocr_par' dir='ltr' id='par_1_117' title="bbox 2197 5619 3782 5693">
     <span class='ocr_line' id='line_1_117' title="bbox 2197 5619 3782 5693; baseline -0.006 -10"><span class='ocrx_word' id='word_1_850' title='bbox 2197 5636 2382 5683; x_wconf 90' lang='lat' dir='ltr'><strong>autem</strong></span> <span class='ocrx_word' id='word_1_851' title='bbox 2428 5625 2546 5680; x_wconf 88' lang='lat' dir='ltr'><strong>dies</strong></span> <span class='ocrx_word' id='word_1_852' title='bbox 2603 5622 2805 5678; x_wconf 86' lang='lat' dir='ltr'><strong>natalis</strong></span> <span class='ocrx_word' id='word_1_853' title='bbox 2862 5619 3197 5687; x_wconf 89' lang='lat' dir='ltr'><strong>Servatoris,</strong></span> <span class='ocrx_word' id='word_1_854' title='bbox 3252 5620 3321 5677; x_wconf 85' lang='lat' dir='ltr'><strong>ad</strong></span> <span class='ocrx_word' id='word_1_855' title='bbox 3376 5633 3623 5693; x_wconf 68' lang='lat' dir='ltr'><strong>praesepe</strong></span> <span class='ocrx_word' id='word_1_856' title='bbox 3682 5633 3782 5675; x_wconf 83' lang='lat' dir='ltr'><strong>cu-</strong></span> 
     </span>
    </p>
   </div>
   <div class='ocr_carea' id='block_1_118' title="bbox 2199 5712 3776 5789">
    <p class='ocr_par' dir='ltr' id='par_1_118' title="bbox 2199 5712 3776 5789">
     <span class='ocr_line' id='line_1_118' title="bbox 2199 5712 3776 5789; baseline -0.005 -13"><span class='ocrx_word' id='word_1_857' title='bbox 2199 5721 2379 5777; x_wconf 90' lang='lat' dir='ltr'><strong>currit</strong></span> <span class='ocrx_word' id='word_1_858' title='bbox 2416 5727 2473 5775; x_wconf 91' lang='lat' dir='ltr'><strong>et</strong></span> <span class='ocrx_word' id='word_1_859' title='bbox 2518 5716 2862 5789; x_wconf 84' lang='lat' dir='ltr'><strong>speluncam,</strong></span> <span class='ocrx_word' id='word_1_860' title='bbox 2907 5725 2962 5771; x_wconf 87' lang='lat' dir='ltr'><strong>et</strong></span> <span class='ocrx_word' id='word_1_861' title='bbox 2992 5715 3339 5771; x_wconf 72' lang='lat' dir='ltr'><strong>consobrina:</strong></span> <span class='ocrx_word' id='word_1_862' title='bbox 3375 5712 3528 5778; x_wconf 88' lang='lat' dir='ltr'><strong>dicit,</strong></span> <span class='ocrx_word' id='word_1_863' title='bbox 3575 5727 3637 5768; x_wconf 89' lang='lat' dir='ltr'><strong>se</strong></span> <span class='ocrx_word' id='word_1_864' title='bbox 3661 5726 3776 5768; x_wconf 86' lang='lat' dir='ltr'><strong>non</strong></span> 
     </span>
    </p>
   </div>
   <div class='ocr_carea' id='block_1_119' title="bbox 510 5800 2068 5901">
    <p class='ocr_par' dir='ltr' id='par_1_119' title="bbox 510 5800 2065 5901">
     <span class='ocr_line' id='line_1_119' title="bbox 510 5800 2065 5901; baseline -0.005 -21"><span class='ocrx_word' id='word_1_865' title='bbox 510 5826 654 5895; x_wconf 63' lang='grc' dir='ltr'>ιοκ,</span> <span class='ocrx_word' id='word_1_866' title='bbox 680 5800 1166 5901; x_wconf 41' lang='lat' dir='ltr'><strong>saviationes?)</strong></span> <span class='ocrx_word' id='word_1_867' title='bbox 1197 5822 1397 5897; x_wconf 73' lang='grc' dir='ltr'>φράξει</span> <span class='ocrx_word' id='word_1_868' title='bbox 1429 5800 1505 5888; x_wconf 61' lang='grc' dir='ltr'>«ι.</span> <span class='ocrx_word' id='word_1_869' title='bbox 1536 5821 1721 5878; x_wconf 78' lang='grc' dir='ltr'>οὐκέτι</span> <span class='ocrx_word' id='word_1_870' title='bbox 1750 5800 1959 5894; x_wconf 86' lang='grc' dir='ltr'>ταύτην</span> <span class='ocrx_word' id='word_1_871' title='bbox 2000 5820 2065 5874; x_wconf 75' lang='grc' dir='ltr'>αὖ</span> 
     </span>
    </p>
   </div>
   <div class='ocr_carea' id='block_1_120' title="bbox 2171 5800 3776 5901">
    <p class='ocr_par' dir='ltr' id='par_1_120' title="bbox 2200 5800 3776 5886">
     <span class='ocr_line' id='line_1_120' title="bbox 2200 5800 3776 5886; baseline -0.008 -14"><span class='ocrx_word' id='word_1_872' title='bbox 2200 5813 2437 5886; x_wconf 80' lang='lat' dir='ltr'><strong>amplius</strong></span> <span class='ocrx_word' id='word_1_873' title='bbox 2470 5825 2592 5871; x_wconf 74' lang='lat' dir='ltr'><strong>esse</strong></span> <span class='ocrx_word' id='word_1_874' title='bbox 2628 5808 2827 5868; x_wconf 77' lang='lat' dir='ltr'><strong>festum</strong></span> <span class='ocrx_word' id='word_1_875' title='bbox 2869 5824 2991 5865; x_wconf 84' lang='lat' dir='ltr'><strong>cum</strong></span> <span class='ocrx_word' id='word_1_876' title='bbox 3055 5806 3137 5865; x_wconf 83' lang='lat' dir='ltr'><strong>eis</strong></span> <span class='ocrx_word' id='word_1_877' title='bbox 3166 5806 3589 5865; x_wconf 83' lang='lat' dir='ltr'><strong>celebraturam.</strong></span> <span class='ocrx_word' id='word_1_878' title='bbox 3635 5800 3776 5861; x_wconf 63' lang='lat' dir='ltr'><strong>Cum</strong></span> 
     </span>
    </p>
   </div>
  </div>
