  <div class='ocr_page' id='page_1' title='image "/cluster/home/n/w/nwhite01/storage/ocr_20150623/116/hvd.32044073502221/401.png"; bbox 0 0 4120 6378; ppageno 0'>
   <div class='ocr_carea' id='block_1_1' title="bbox 453 294 558 387">
    <p class='ocr_par' dir='ltr' id='par_1_1' title="bbox 453 294 558 387">
     <span class='ocr_line' id='line_1_1' title="bbox 453 294 558 387; baseline 0.048 -27"><span class='ocrx_word' id='word_1_1' title='bbox 453 294 558 387; x_wconf 69' lang='grc' dir='ltr'><strong>τευ</strong></span> 
     </span>
    </p>
   </div>
   <div class='ocr_carea' id='block_1_2' title="bbox 1351 308 2832 391">
    <p class='ocr_par' dir='ltr' id='par_1_2' title="bbox 1351 308 2832 391">
     <span class='ocr_line' id='line_1_2' title="bbox 1351 308 2832 391; baseline 0.014 -24"><span class='ocrx_word' id='word_1_2' title='bbox 1351 308 1638 371; x_wconf 80' lang='lat' dir='ltr'><strong>MENSIS</strong></span> <span class='ocrx_word' id='word_1_3' title='bbox 1677 313 2119 382; x_wconf 80' lang='lat' dir='ltr'><strong>DECEMBER.</strong></span> <span class='ocrx_word' id='word_1_4' title='bbox 2159 319 2340 391; x_wconf 79' lang='grc' dir='ltr'><strong>νΙΤΑ</strong></span> <span class='ocrx_word' id='word_1_5' title='bbox 2378 323 2438 384; x_wconf 90' lang='lat' dir='ltr'><strong>S.</strong></span> <span class='ocrx_word' id='word_1_6' title='bbox 2482 322 2832 387; x_wconf 70' lang='grc' dir='ltr'><strong>ΜΕΕΑΝᾸΞ.</strong></span> 
     </span>
    </p>
   </div>
   <div class='ocr_carea' id='block_1_3' title="bbox 3599 323 3708 389">
    <p class='ocr_par' dir='ltr' id='par_1_3' title="bbox 3599 323 3708 389">
     <span class='ocr_line' id='line_1_3' title="bbox 3599 323 3708 389; baseline 0 0"><span class='ocrx_word' id='word_1_7' title='bbox 3599 323 3708 389; x_wconf 71' lang='lat'><strong>792</strong></span> 
     </span>
    </p>
   </div>
   <div class='ocr_carea' id='block_1_4' title="bbox 394 413 2006 509">
    <p class='ocr_par' dir='ltr' id='par_1_4' title="bbox 394 413 2006 493">
     <span class='ocr_line' id='line_1_4' title="bbox 394 413 2006 493; baseline 0.007 -22"><span class='ocrx_word' id='word_1_8' title='bbox 394 457 402 471; x_wconf 58' lang='grc' dir='ltr'><em>ς</em></span> <span class='ocrx_word' id='word_1_9' title='bbox 443 425 580 482; x_wconf 73' lang='lat' dir='ltr'><strong>ergo</strong></span> <span class='ocrx_word' id='word_1_10' title='bbox 616 417 732 465; x_wconf 87' lang='lat' dir='ltr'><strong>tota</strong></span> <span class='ocrx_word' id='word_1_11' title='bbox 767 420 929 469; x_wconf 87' lang='lat' dir='ltr'><strong>nocte</strong></span> <span class='ocrx_word' id='word_1_12' title='bbox 959 413 1069 468; x_wconf 86' lang='lat' dir='ltr'><strong>illic</strong></span> <span class='ocrx_word' id='word_1_13' title='bbox 1098 415 1382 491; x_wconf 73' lang='lat' dir='ltr'><strong>vigilasset</strong></span> <span class='ocrx_word' id='word_1_14' title='bbox 1410 421 1464 475; x_wconf 86' lang='lat' dir='ltr'><strong>in</strong></span> <span class='ocrx_word' id='word_1_15' title='bbox 1493 423 1775 493; x_wconf 86' lang='lat' dir='ltr'><strong>spelunca,</strong></span> <span class='ocrx_word' id='word_1_16' title='bbox 1808 427 1897 482; x_wconf 82' lang='lat' dir='ltr'><strong>die</strong></span> <span class='ocrx_word' id='word_1_17' title='bbox 1932 443 2006 483; x_wconf 42' lang='lat' dir='ltr'><strong>se‘</strong></span> 
     </span>
    </p>
   </div>
   <div class='ocr_carea' id='block_1_5' title="bbox 2113 413 3702 509">
    <p class='ocr_par' dir='ltr' id='par_1_5' title="bbox 2125 434 3702 509">
     <span class='ocr_line' id='line_1_5' title="bbox 2125 434 3702 509; baseline 0.003 -22"><span class='ocrx_word' id='word_1_18' title='bbox 2125 438 2236 499; x_wconf 87' lang='grc' dir='ltr'>τοῖς</span> <span class='ocrx_word' id='word_1_19' title='bbox 2261 437 2615 507; x_wconf 88' lang='grc' dir='ltr'>συνεορτάσοι</span> <span class='ocrx_word' id='word_1_20' title='bbox 2640 436 2741 509; x_wconf 82' lang='grc' dir='ltr'><strong>τὴν</strong></span> <span class='ocrx_word' id='word_1_21' title='bbox 2777 434 3027 506; x_wconf 75' lang='grc' dir='ltr'>τελετήν.</span> <span class='ocrx_word' id='word_1_22' title='bbox 3068 434 3280 503; x_wconf 73' lang='grc' dir='ltr'>Νυκτὸς</span> <span class='ocrx_word' id='word_1_23' title='bbox 3310 436 3405 492; x_wconf 77' lang='grc' dir='ltr'><strong>οῦν</strong></span> <span class='ocrx_word' id='word_1_24' title='bbox 3428 437 3558 508; x_wconf 81' lang='grc' dir='ltr'>ὅλης</span> <span class='ocrx_word' id='word_1_25' title='bbox 3584 438 3702 492; x_wconf 73' lang='grc' dir='ltr'>ἐκεῖ</span> 
     </span>
    </p>
   </div>
   <div class='ocr_carea' id='block_1_6' title="bbox 448 503 2027 585">
    <p class='ocr_par' dir='ltr' id='par_1_6' title="bbox 448 503 2027 585">
     <span class='ocr_line' id='line_1_6' title="bbox 448 503 2027 585; baseline 0.013 -30"><span class='ocrx_word' id='word_1_26' title='bbox 448 504 638 571; x_wconf 85' lang='lat' dir='ltr'><strong>queuti</strong></span> <span class='ocrx_word' id='word_1_27' title='bbox 670 503 821 559; x_wconf 92' lang='lat' dir='ltr'><strong>vadit</strong></span> <span class='ocrx_word' id='word_1_28' title='bbox 851 505 917 560; x_wconf 92' lang='lat' dir='ltr'><strong>ad</strong></span> <span class='ocrx_word' id='word_1_29' title='bbox 955 505 1125 560; x_wconf 65' lang='lat' dir='ltr'><strong>aedem</strong></span> <span class='ocrx_word' id='word_1_30' title='bbox 1159 508 1319 577; x_wconf 81' lang='lat' dir='ltr'><strong>primi</strong></span> <span class='ocrx_word' id='word_1_31' title='bbox 1360 515 1639 585; x_wconf 85' lang='lat' dir='ltr'><strong>martyris,</strong></span> <span class='ocrx_word' id='word_1_32' title='bbox 1675 526 1730 571; x_wconf 90' lang='lat' dir='ltr'><strong>et</strong></span> <span class='ocrx_word' id='word_1_33' title='bbox 1756 532 1879 574; x_wconf 88' lang='lat' dir='ltr'><strong>cum</strong></span> <span class='ocrx_word' id='word_1_34' title='bbox 1914 520 2027 578; x_wconf 91' lang='lat' dir='ltr'><strong>illic</strong></span> 
     </span>
    </p>
   </div>
   <div class='ocr_carea' id='block_1_7' title="bbox 449 597 2023 678">
    <p class='ocr_par' dir='ltr' id='par_1_7' title="bbox 449 597 2023 678">
     <span class='ocr_line' id='line_1_7' title="bbox 449 597 2023 678; baseline 0.014 -30"><span class='ocrx_word' id='word_1_35' title='bbox 449 605 850 663; x_wconf 87' lang='lat' dir='ltr'><strong>pernoctasset,</strong></span> <span class='ocrx_word' id='word_1_36' title='bbox 884 606 939 653; x_wconf 91' lang='lat' dir='ltr'><strong>et</strong></span> <span class='ocrx_word' id='word_1_37' title='bbox 986 597 1189 655; x_wconf 85' lang='lat' dir='ltr'><strong>librum</strong></span> <span class='ocrx_word' id='word_1_38' title='bbox 1225 605 1553 676; x_wconf 82' lang='lat' dir='ltr'><strong>sumpsisset</strong></span> <span class='ocrx_word' id='word_1_39' title='bbox 1583 609 1637 663; x_wconf 88' lang='lat' dir='ltr'><strong>in</strong></span> <span class='ocrx_word' id='word_1_40' title='bbox 1669 625 1890 678; x_wconf 88' lang='lat' dir='ltr'><strong>manus,</strong></span> <span class='ocrx_word' id='word_1_41' title='bbox 1942 613 2023 670; x_wconf 84' lang='lat' dir='ltr'><strong>eis</strong></span> 
     </span>
    </p>
   </div>
   <div class='ocr_carea' id='block_1_8' title="bbox 446 688 2025 773">
    <p class='ocr_par' dir='ltr' id='par_1_8' title="bbox 446 688 2025 773">
     <span class='ocr_line' id='line_1_8' title="bbox 446 688 2025 773; baseline 0.014 -32"><span class='ocrx_word' id='word_1_42' title='bbox 446 688 573 756; x_wconf 87' lang='lat' dir='ltr'><strong>legit</strong></span> <span class='ocrx_word' id='word_1_43' title='bbox 604 699 834 744; x_wconf 86' lang='lat' dir='ltr'><strong>mortem</strong></span> <span class='ocrx_word' id='word_1_44' title='bbox 865 689 1028 760; x_wconf 83' lang='lat' dir='ltr'><strong>primi</strong></span> <span class='ocrx_word' id='word_1_45' title='bbox 1060 697 1340 766; x_wconf 79' lang='lat' dir='ltr'><strong>martyris.</strong></span> <span class='ocrx_word' id='word_1_46' title='bbox 1372 696 1581 756; x_wconf 85' lang='lat' dir='ltr'><strong>Deinde</strong></span> <span class='ocrx_word' id='word_1_47' title='bbox 1618 718 1742 758; x_wconf 91' lang='lat' dir='ltr'><strong>cum</strong></span> <span class='ocrx_word' id='word_1_48' title='bbox 1793 704 2025 773; x_wconf 85' lang='lat' dir='ltr'><strong>adjecis-</strong></span> 
     </span>
    </p>
   </div>
   <div class='ocr_carea' id='block_1_9' title="bbox 446 785 2022 867">
    <p class='ocr_par' dir='ltr' id='par_1_9' title="bbox 446 785 2022 867">
     <span class='ocr_line' id='line_1_9' title="bbox 446 785 2022 867; baseline 0.015 -36"><span class='ocrx_word' id='word_1_49' title='bbox 446 786 681 846; x_wconf 78' lang='lat' dir='ltr'><strong>set,‘eas</strong></span> <span class='ocrx_word' id='word_1_50' title='bbox 720 797 829 849; x_wconf 89' lang='lat' dir='ltr'><strong>non</strong></span> <span class='ocrx_word' id='word_1_51' title='bbox 854 785 1091 859; x_wconf 83' lang='lat' dir='ltr'><strong>amplius</strong></span> <span class='ocrx_word' id='word_1_52' title='bbox 1139 804 1264 845; x_wconf 90' lang='lat' dir='ltr'><strong>esse</strong></span> <span class='ocrx_word' id='word_1_53' title='bbox 1295 790 1446 846; x_wconf 86' lang='lat' dir='ltr'><strong>illam</strong></span> <span class='ocrx_word' id='word_1_54' title='bbox 1501 794 1791 852; x_wconf 84' lang='lat' dir='ltr'><strong>audituras</strong></span> <span class='ocrx_word' id='word_1_55' title='bbox 1832 798 2022 867; x_wconf 86' lang='lat' dir='ltr'><strong>legen-</strong></span> 
     </span>
    </p>
   </div>
   <div class='ocr_carea' id='block_1_10' title="bbox 446 878 2023 960">
    <p class='ocr_par' dir='ltr' id='par_1_10' title="bbox 446 878 2023 960">
     <span class='ocr_line' id='line_1_10' title="bbox 446 878 2023 960; baseline 0.013 -36"><span class='ocrx_word' id='word_1_56' title='bbox 446 883 581 939; x_wconf 76' lang='lat' dir='ltr'><strong>tem,</strong></span> <span class='ocrx_word' id='word_1_57' title='bbox 613 883 904 946; x_wconf 82' lang='lat' dir='ltr'><strong>postquam</strong></span> <span class='ocrx_word' id='word_1_58' title='bbox 946 878 1084 934; x_wconf 80' lang='lat' dir='ltr'><strong>vidit</strong></span> <span class='ocrx_word' id='word_1_59' title='bbox 1129 897 1222 938; x_wconf 90' lang='lat' dir='ltr'><strong>eas</strong></span> <span class='ocrx_word' id='word_1_60' title='bbox 1250 885 1498 954; x_wconf 79' lang='lat' dir='ltr'><strong>graviter</strong></span> <span class='ocrx_word' id='word_1_61' title='bbox 1540 886 1706 954; x_wconf 82' lang='lat' dir='ltr'><strong>ferre,</strong></span> <span class='ocrx_word' id='word_1_62' title='bbox 1742 890 1889 960; x_wconf 91' lang='lat' dir='ltr'><strong>quod</strong></span> <span class='ocrx_word' id='word_1_63' title='bbox 1936 890 2023 945; x_wconf 89' lang='lat' dir='ltr'><strong>di-</strong></span> 
     </span>
    </p>
   </div>
   <div class='ocr_carea' id='block_1_11' title="bbox 445 966 2023 1047">
    <p class='ocr_par' dir='ltr' id='par_1_11' title="bbox 445 966 2023 1047">
     <span class='ocr_line' id='line_1_11' title="bbox 445 966 2023 1047; baseline 0.014 -29"><span class='ocrx_word' id='word_1_64' title='bbox 445 973 595 1021; x_wconf 86' lang='lat' dir='ltr'><strong>ctum</strong></span> <span class='ocrx_word' id='word_1_65' title='bbox 630 966 812 1023; x_wconf 80' lang='lat' dir='ltr'><strong>fuerat</strong></span> <span class='ocrx_word' id='word_1_66' title='bbox 841 968 1176 1041; x_wconf 87' lang='lat' dir='ltr'><strong>(sentiebant</strong></span> <span class='ocrx_word' id='word_1_67' title='bbox 1199 976 1344 1031; x_wconf 82' lang='lat' dir='ltr'><strong>enim</strong></span> <span class='ocrx_word' id='word_1_68' title='bbox 1374 977 1507 1047; x_wconf 88' lang='lat' dir='ltr'><strong>quid</strong></span> <span class='ocrx_word' id='word_1_69' title='bbox 1539 980 1645 1035; x_wconf 88' lang='lat' dir='ltr'><strong>sibi</strong></span> <span class='ocrx_word' id='word_1_70' title='bbox 1695 982 1857 1037; x_wconf 87' lang='lat' dir='ltr'><strong>vellet</strong></span> <span class='ocrx_word' id='word_1_71' title='bbox 1907 983 2023 1040; x_wconf 64' lang='lat' dir='ltr'><strong>haec</strong></span> 
     </span>
    </p>
   </div>
   <div class='ocr_carea' id='block_1_12' title="bbox 447 1057 2022 1140">
    <p class='ocr_par' dir='ltr' id='par_1_12' title="bbox 447 1057 2022 1140">
     <span class='ocr_line' id='line_1_12' title="bbox 447 1057 2022 1140; baseline 0.013 -29"><span class='ocrx_word' id='word_1_72' title='bbox 447 1057 668 1131; x_wconf 87' lang='lat' dir='ltr'><strong>dicens)</strong></span> <span class='ocrx_word' id='word_1_73' title='bbox 703 1077 719 1114; x_wconf 89' lang='lat'><strong>:</strong></span> <span class='ocrx_word' id='word_1_74' title='bbox 753 1061 844 1116; x_wconf 86' lang='lat' dir='ltr'><strong>illa</strong></span> <span class='ocrx_word' id='word_1_75' title='bbox 881 1079 1078 1121; x_wconf 89' lang='lat' dir='ltr'><strong>rursus</strong></span> <span class='ocrx_word' id='word_1_76' title='bbox 1106 1069 1276 1139; x_wconf 59' lang='lat' dir='ltr'><strong>coepit</strong></span> <span class='ocrx_word' id='word_1_77' title='bbox 1308 1071 1474 1126; x_wconf 87' lang='lat' dir='ltr'><strong>verba</strong></span> <span class='ocrx_word' id='word_1_78' title='bbox 1504 1074 1571 1127; x_wconf 89' lang='lat' dir='ltr'><strong>ad</strong></span> <span class='ocrx_word' id='word_1_79' title='bbox 1603 1088 1698 1128; x_wconf 90' lang='lat' dir='ltr'><strong>eas</strong></span> <span class='ocrx_word' id='word_1_80' title='bbox 1721 1072 1921 1140; x_wconf 79' lang='lat' dir='ltr'><strong>facere,</strong></span> <span class='ocrx_word' id='word_1_81' title='bbox 1965 1086 2022 1131; x_wconf 86' lang='lat' dir='ltr'><strong>et</strong></span> 
     </span>
    </p>
   </div>
   <div class='ocr_carea' id='block_1_13' title="bbox 444 1153 2019 1240">
    <p class='ocr_par' dir='ltr' id='par_1_13' title="bbox 444 1153 2019 1240">
     <span class='ocr_line' id='line_1_13' title="bbox 444 1153 2019 1240; baseline 0.012 -35"><span class='ocrx_word' id='word_1_82' title='bbox 444 1153 614 1209; x_wconf 86' lang='lat' dir='ltr'><strong>corda</strong></span> <span class='ocrx_word' id='word_1_83' title='bbox 638 1168 823 1210; x_wconf 89' lang='lat' dir='ltr'><strong>earum</strong></span> <span class='ocrx_word' id='word_1_84' title='bbox 860 1160 1143 1215; x_wconf 88' lang='lat' dir='ltr'><strong>consolata</strong></span> <span class='ocrx_word' id='word_1_85' title='bbox 1161 1172 1247 1217; x_wconf 89' lang='lat' dir='ltr'><strong>est</strong></span> <span class='ocrx_word' id='word_1_86' title='bbox 1280 1160 1462 1220; x_wconf 80' lang='lat' dir='ltr'><strong>verbis</strong></span> <span class='ocrx_word' id='word_1_87' title='bbox 1496 1165 1873 1236; x_wconf 87' lang='lat' dir='ltr'><strong>spiritalibus:</strong></span> <span class='ocrx_word' id='word_1_88' title='bbox 1904 1168 2019 1240; x_wconf 86' lang='lat' dir='ltr'><strong>Ego</strong></span> 
     </span>
    </p>
   </div>
   <div class='ocr_carea' id='block_1_14' title="bbox 441 1245 2014 1328">
    <p class='ocr_par' dir='ltr' id='par_1_14' title="bbox 441 1245 2014 1328">
     <span class='ocr_line' id='line_1_14' title="bbox 441 1245 2014 1328; baseline 0.011 -28"><span class='ocrx_word' id='word_1_89' title='bbox 441 1245 686 1316; x_wconf 84' lang='lat' dir='ltr'><strong>quidem,</strong></span> <span class='ocrx_word' id='word_1_90' title='bbox 726 1248 940 1318; x_wconf 91' lang='lat' dir='ltr'><strong>dicens,</strong></span> <span class='ocrx_word' id='word_1_91' title='bbox 967 1266 1000 1306; x_wconf 92' lang='grc' dir='ltr'><strong>ο</strong></span> <span class='ocrx_word' id='word_1_92' title='bbox 1019 1254 1379 1319; x_wconf 85' lang='lat' dir='ltr'><strong>charissimae,</strong></span> <span class='ocrx_word' id='word_1_93' title='bbox 1409 1270 1439 1311; x_wconf 89' lang='lat' dir='ltr'><strong>a</strong></span> <span class='ocrx_word' id='word_1_94' title='bbox 1466 1257 1624 1313; x_wconf 86' lang='lat' dir='ltr'><strong>vobis</strong></span> <span class='ocrx_word' id='word_1_95' title='bbox 1649 1259 1762 1328; x_wconf 83' lang='lat' dir='ltr'><strong>jam</strong></span> <span class='ocrx_word' id='word_1_96' title='bbox 1795 1261 2014 1327; x_wconf 85' lang='lat' dir='ltr'><strong>recedo,</strong></span> 
     </span>
    </p>
   </div>
   <div class='ocr_carea' id='block_1_15' title="bbox 437 1339 2016 1409">
    <p class='ocr_par' dir='ltr' id='par_1_15' title="bbox 437 1339 2016 1409">
     <span class='ocr_line' id='line_1_15' title="bbox 437 1339 2016 1409; baseline 0.012 -18"><span class='ocrx_word' id='word_1_97' title='bbox 437 1353 564 1393; x_wconf 79' lang='lat' dir='ltr'><strong>eum</strong></span> <span class='ocrx_word' id='word_1_98' title='bbox 599 1339 705 1397; x_wconf 91' lang='lat' dir='ltr'><strong>hoc</strong></span> <span class='ocrx_word' id='word_1_99' title='bbox 736 1342 811 1396; x_wconf 91' lang='lat' dir='ltr'><strong>ita</strong></span> <span class='ocrx_word' id='word_1_100' title='bbox 845 1343 958 1399; x_wconf 92' lang='lat' dir='ltr'><strong>Deo</strong></span> <span class='ocrx_word' id='word_1_101' title='bbox 986 1345 1164 1402; x_wconf 89' lang='lat' dir='ltr'><strong>visum</strong></span> <span class='ocrx_word' id='word_1_102' title='bbox 1197 1348 1290 1405; x_wconf 88' lang='lat' dir='ltr'><strong>sit.</strong></span> <span class='ocrx_word' id='word_1_103' title='bbox 1348 1347 1462 1406; x_wconf 76' lang='lat' dir='ltr'><strong>Vos</strong></span> <span class='ocrx_word' id='word_1_104' title='bbox 1511 1365 1646 1406; x_wconf 89' lang='lat' dir='ltr'><strong>vero</strong></span> <span class='ocrx_word' id='word_1_105' title='bbox 1713 1352 1787 1407; x_wconf 85' lang='lat' dir='ltr'><strong>ita</strong></span> <span class='ocrx_word' id='word_1_106' title='bbox 1846 1353 2016 1409; x_wconf 86' lang='lat' dir='ltr'><strong>vitam</strong></span> 
     </span>
    </p>
   </div>
   <div class='ocr_carea' id='block_1_16' title="bbox 439 1433 2014 1523">
    <p class='ocr_par' dir='ltr' id='par_1_16' title="bbox 439 1433 2014 1523">
     <span class='ocr_line' id='line_1_16' title="bbox 439 1433 2014 1523; baseline 0.01 -37"><span class='ocrx_word' id='word_1_107' title='bbox 439 1433 607 1505; x_wconf 84' lang='lat' dir='ltr'><strong>agite,</strong></span> <span class='ocrx_word' id='word_1_108' title='bbox 666 1444 924 1506; x_wconf 86' lang='lat' dir='ltr'><strong>tanquam</strong></span> <span class='ocrx_word' id='word_1_109' title='bbox 987 1441 1352 1509; x_wconf 75' lang='lat' dir='ltr'><strong>praesentibus</strong></span> <span class='ocrx_word' id='word_1_110' title='bbox 1391 1452 1448 1498; x_wconf 90' lang='lat' dir='ltr'><strong>et</strong></span> <span class='ocrx_word' id='word_1_111' title='bbox 1511 1443 1857 1523; x_wconf 80' lang='lat' dir='ltr'><strong>intuentibus</strong></span> <span class='ocrx_word' id='word_1_112' title='bbox 1921 1447 2014 1504; x_wconf 88' lang='lat' dir='ltr'><strong>Dei</strong></span> 
     </span>
    </p>
   </div>
   <div class='ocr_carea' id='block_1_17' title="bbox 437 1523 2020 1597">
    <p class='ocr_par' dir='ltr' id='par_1_17' title="bbox 437 1523 2020 1597">
     <span class='ocr_line' id='line_1_17' title="bbox 437 1523 2020 1597; baseline 0.01 -20"><span class='ocrx_word' id='word_1_113' title='bbox 437 1523 633 1593; x_wconf 85' lang='lat' dir='ltr'><strong>oculis,</strong></span> <span class='ocrx_word' id='word_1_114' title='bbox 667 1526 761 1597; x_wconf 87' lang='lat' dir='ltr'><strong>qui</strong></span> <span class='ocrx_word' id='word_1_115' title='bbox 796 1528 1157 1594; x_wconf 78' lang='lat' dir='ltr'><strong>cogitationes</strong></span> <span class='ocrx_word' id='word_1_116' title='bbox 1195 1541 1475 1587; x_wconf 81' lang='lat' dir='ltr'><strong>scrutatur</strong></span> <span class='ocrx_word' id='word_1_117' title='bbox 1526 1541 1579 1589; x_wconf 89' lang='lat' dir='ltr'><strong>et</strong></span> <span class='ocrx_word' id='word_1_118' title='bbox 1632 1535 1782 1591; x_wconf 89' lang='lat' dir='ltr'><strong>videt</strong></span> <span class='ocrx_word' id='word_1_119' title='bbox 1831 1537 2020 1593; x_wconf 84' lang='lat' dir='ltr'><strong>corda.</strong></span> 
     </span>
    </p>
   </div>
   <div class='ocr_carea' id='block_1_18' title="bbox 435 1611 2017 1692">
    <p class='ocr_par' dir='ltr' id='par_1_18' title="bbox 435 1611 2017 1692">
     <span class='ocr_line' id='line_1_18' title="bbox 435 1611 2017 1692; baseline 0.009 -24"><span class='ocrx_word' id='word_1_120' title='bbox 435 1611 576 1669; x_wconf 79' lang='lat' dir='ltr'><strong>Eum</strong></span> <span class='ocrx_word' id='word_1_121' title='bbox 608 1631 758 1687; x_wconf 85' lang='lat' dir='ltr'><strong>ergo,</strong></span> <span class='ocrx_word' id='word_1_122' title='bbox 795 1626 856 1672; x_wconf 86' lang='lat' dir='ltr'><strong>ut</strong></span> <span class='ocrx_word' id='word_1_123' title='bbox 880 1619 1018 1673; x_wconf 89' lang='lat' dir='ltr'><strong>dicit</strong></span> <span class='ocrx_word' id='word_1_124' title='bbox 1048 1620 1321 1692; x_wconf 75' lang='lat' dir='ltr'><strong>Propheta</strong></span> <span class='ocrx_word' id='word_1_125' title='bbox 1356 1625 1397 1688; x_wconf 81' lang='grc'>³,</span> <span class='ocrx_word' id='word_1_126' title='bbox 1431 1625 1589 1681; x_wconf 84' lang='lat' dir='ltr'><strong>vobis</strong></span> <span class='ocrx_word' id='word_1_127' title='bbox 1615 1634 1744 1681; x_wconf 90' lang='lat' dir='ltr'><strong>ante</strong></span> <span class='ocrx_word' id='word_1_128' title='bbox 1772 1637 2017 1683; x_wconf 85' lang='lat' dir='ltr'><strong>vestrum</strong></span> 
     </span>
    </p>
   </div>
   <div class='ocr_carea' id='block_1_19' title="bbox 433 1717 2011 1782">
    <p class='ocr_par' dir='ltr' id='par_1_19' title="bbox 433 1717 2011 1782">
     <span class='ocr_line' id='line_1_19' title="bbox 433 1717 2011 1782; baseline 0.008 -21"><span class='ocrx_word' id='word_1_129' title='bbox 433 1717 793 1778; x_wconf 86' lang='lat' dir='ltr'><strong>conspectum</strong></span> <span class='ocrx_word' id='word_1_130' title='bbox 833 1721 1225 1782; x_wconf 89' lang='lat' dir='ltr'><strong>proponentes,</strong></span> <span class='ocrx_word' id='word_1_131' title='bbox 1258 1725 1316 1770; x_wconf 90' lang='lat' dir='ltr'><strong>et</strong></span> <span class='ocrx_word' id='word_1_132' title='bbox 1347 1725 1530 1773; x_wconf 87' lang='lat' dir='ltr'><strong>castas</strong></span> <span class='ocrx_word' id='word_1_133' title='bbox 1565 1719 1776 1776; x_wconf 89' lang='lat' dir='ltr'><strong>animas</strong></span> <span class='ocrx_word' id='word_1_134' title='bbox 1810 1728 1863 1774; x_wconf 91' lang='lat' dir='ltr'><strong>et</strong></span> <span class='ocrx_word' id='word_1_135' title='bbox 1884 1735 2011 1775; x_wconf 70' lang='lat' dir='ltr'><strong>COT-</strong></span> 
     </span>
    </p>
   </div>
   <div class='ocr_carea' id='block_1_20' title="bbox 433 1790 2007 1884">
    <p class='ocr_par' dir='ltr' id='par_1_20' title="bbox 433 1790 2007 1884">
     <span class='ocr_line' id='line_1_20' title="bbox 433 1790 2007 1884; baseline 0.008 -30"><span class='ocrx_word' id='word_1_136' title='bbox 433 1813 571 1870; x_wconf 84' lang='lat' dir='ltr'><strong>pora</strong></span> <span class='ocrx_word' id='word_1_137' title='bbox 602 1801 673 1859; x_wconf 87' lang='lat' dir='ltr'><strong>ab</strong></span> <span class='ocrx_word' id='word_1_138' title='bbox 701 1803 851 1858; x_wconf 91' lang='lat' dir='ltr'><strong>omni</strong></span> <span class='ocrx_word' id='word_1_139' title='bbox 894 1804 1017 1860; x_wconf 85' lang='lat' dir='ltr'><strong>labe</strong></span> <span class='ocrx_word' id='word_1_140' title='bbox 1043 1804 1245 1860; x_wconf 90' lang='lat' dir='ltr'><strong>munda</strong></span> <span class='ocrx_word' id='word_1_141' title='bbox 1279 1820 1636 1866; x_wconf 84' lang='lat' dir='ltr'><strong>conservate:</strong></span> <span class='ocrx_word' id='word_1_142' title='bbox 1661 1818 1716 1865; x_wconf 85' lang='lat' dir='ltr'><strong>et</strong></span> <span class='ocrx_word' id='word_1_143' title='bbox 1761 1790 1820 1867; x_wconf 82' lang='lat' dir='ltr'><strong>si</strong></span> <span class='ocrx_word' id='word_1_144' title='bbox 1874 1828 2007 1884; x_wconf 87' lang='lat' dir='ltr'><strong>por-</strong></span> 
     </span>
    </p>
   </div>
   <div class='ocr_carea' id='block_1_21' title="bbox 2128 514 3708 604">
    <p class='ocr_par' dir='ltr' id='par_1_21' title="bbox 2128 514 3708 604">
     <span class='ocr_line' id='line_1_21' title="bbox 2128 514 3708 604; baseline 0.002 -20"><span class='ocrx_word' id='word_1_145' title='bbox 2128 530 2207 601; x_wconf 83' lang='grc' dir='ltr'>τῷ</span> <span class='ocrx_word' id='word_1_146' title='bbox 2244 530 2498 602; x_wconf 81' lang='grc' dir='ltr'><strong>σπηλαίῳ</strong></span> <span class='ocrx_word' id='word_1_147' title='bbox 2520 531 3001 603; x_wconf 73' lang='grc' dir='ltr'>ἐπαγρυπνήσασα</span> <span class='ocrx_word' id='word_1_148' title='bbox 3023 533 3094 602; x_wconf 79' lang='grc' dir='ltr'>τῇ</span> <span class='ocrx_word' id='word_1_149' title='bbox 3125 533 3269 601; x_wconf 82' lang='grc' dir='ltr'><strong>μετά</strong></span> <span class='ocrx_word' id='word_1_150' title='bbox 3301 533 3507 604; x_wconf 84' lang='grc' dir='ltr'>ταύτην</span> <span class='ocrx_word' id='word_1_151' title='bbox 3538 535 3620 596; x_wconf 80' lang='grc' dir='ltr'><strong>είς</strong></span> <span class='ocrx_word' id='word_1_152' title='bbox 3642 514 3708 587; x_wconf 55' lang='grc' dir='ltr'>τὸ</span> 
     </span>
    </p>
   </div>
   <div class='ocr_carea' id='block_1_22' title="bbox 2127 624 3704 697">
    <p class='ocr_par' dir='ltr' id='par_1_22' title="bbox 2127 624 3704 697">
     <span class='ocr_line' id='line_1_22' title="bbox 2127 624 3704 697; baseline 0.002 -19"><span class='ocrx_word' id='word_1_153' title='bbox 2127 624 2222 678; x_wconf 86' lang='grc' dir='ltr'><strong>τοῦ</strong></span> <span class='ocrx_word' id='word_1_154' title='bbox 2274 625 2746 696; x_wconf 86' lang='grc' dir='ltr'>πρωτομάρτυρος</span> <span class='ocrx_word' id='word_1_155' title='bbox 2797 625 2947 697; x_wconf 76' lang='grc' dir='ltr'>ἱερὸν</span> <span class='ocrx_word' id='word_1_156' title='bbox 2996 626 3338 695; x_wconf 80' lang='grc' dir='ltr'>ἀφικνεῖται,</span> <span class='ocrx_word' id='word_1_157' title='bbox 3386 628 3616 681; x_wconf 75' lang='grc' dir='ltr'>κάκεῖσέ</span> <span class='ocrx_word' id='word_1_158' title='bbox 3645 643 3704 681; x_wconf 79' lang='grc' dir='ltr'><strong>τε</strong></span> 
     </span>
    </p>
   </div>
   <div class='ocr_carea' id='block_1_23' title="bbox 2126 714 3706 789">
    <p class='ocr_par' dir='ltr' id='par_1_23' title="bbox 2126 714 3706 789">
     <span class='ocr_line' id='line_1_23' title="bbox 2126 714 3706 789; baseline 0.001 -20"><span class='ocrx_word' id='word_1_159' title='bbox 2126 715 2629 788; x_wconf 85' lang='grc' dir='ltr'>διανυκτερεύσασα</span> <span class='ocrx_word' id='word_1_160' title='bbox 2676 717 2770 770; x_wconf 72' lang='grc' dir='ltr'><strong>καὶ</strong></span> <span class='ocrx_word' id='word_1_161' title='bbox 2813 718 2972 787; x_wconf 81' lang='grc' dir='ltr'>χερσὶ</span> <span class='ocrx_word' id='word_1_162' title='bbox 3018 716 3079 770; x_wconf 78' lang='grc' dir='ltr'>τὸ</span> <span class='ocrx_word' id='word_1_163' title='bbox 3112 717 3318 789; x_wconf 88' lang='grc' dir='ltr'>βιϐλίον</span> <span class='ocrx_word' id='word_1_164' title='bbox 3347 716 3591 771; x_wconf 83' lang='grc' dir='ltr'>λαϐοῦσα</span> <span class='ocrx_word' id='word_1_165' title='bbox 3613 714 3706 771; x_wconf 73' lang='grc' dir='ltr'>τὸν</span> 
     </span>
    </p>
   </div>
   <div class='ocr_carea' id='block_1_24' title="bbox 2126 806 3701 882">
    <p class='ocr_par' dir='ltr' id='par_1_24' title="bbox 2126 806 3701 882">
     <span class='ocr_line' id='line_1_24' title="bbox 2126 806 3701 882; baseline -0.001 -19"><span class='ocrx_word' id='word_1_166' title='bbox 2126 809 2223 864; x_wconf 87' lang='grc' dir='ltr'><strong>τοῦ</strong></span> <span class='ocrx_word' id='word_1_167' title='bbox 2251 811 2724 882; x_wconf 82' lang='grc' dir='ltr'>πρωτομάρτυρος</span> <span class='ocrx_word' id='word_1_168' title='bbox 2749 811 2945 875; x_wconf 74' lang='grc' dir='ltr'>αὐταῖς</span> <span class='ocrx_word' id='word_1_169' title='bbox 2976 810 3207 866; x_wconf 89' lang='grc' dir='ltr'>θάνατον</span> <span class='ocrx_word' id='word_1_170' title='bbox 3229 807 3538 877; x_wconf 76' lang='grc' dir='ltr'>ὑπανέγνω.</span> <span class='ocrx_word' id='word_1_171' title='bbox 3566 806 3701 862; x_wconf 74' lang='grc' dir='ltr'>Εἶτα</span> 
     </span>
    </p>
   </div>
   <div class='ocr_carea' id='block_1_25' title="bbox 2127 897 3706 970">
    <p class='ocr_par' dir='ltr' id='par_1_25' title="bbox 2127 897 3706 970">
     <span class='ocr_line' id='line_1_25' title="bbox 2127 897 3706 970; baseline 0.001 -20"><span class='ocrx_word' id='word_1_172' title='bbox 2127 897 2430 969; x_wconf 81' lang='grc' dir='ltr'><strong>προσθεῖσα</strong></span> <span class='ocrx_word' id='word_1_173' title='bbox 2457 897 2533 961; x_wconf 86' lang='grc' dir='ltr'>ὡς</span> <span class='ocrx_word' id='word_1_174' title='bbox 2561 899 2748 953; x_wconf 77' lang='grc' dir='ltr'>οὐκέτι</span> <span class='ocrx_word' id='word_1_175' title='bbox 2774 899 2981 969; x_wconf 81' lang='grc' dir='ltr'><strong>ταύτης</strong></span> <span class='ocrx_word' id='word_1_176' title='bbox 3020 897 3509 970; x_wconf 81' lang='grc' dir='ltr'><strong>ἀναγινωσκούσης</strong></span> <span class='ocrx_word' id='word_1_177' title='bbox 3541 898 3706 954; x_wconf 67' lang='grc' dir='ltr'>ἀκούς-</span> 
     </span>
    </p>
   </div>
   <div class='ocr_carea' id='block_1_26' title="bbox 2127 987 3736 1061">
    <p class='ocr_par' dir='ltr' id='par_1_26' title="bbox 2127 987 3736 1061">
     <span class='ocr_line' id='line_1_26' title="bbox 2127 987 3736 1061; baseline 0.002 -20"><span class='ocrx_word' id='word_1_178' title='bbox 2127 1005 2333 1053; x_wconf 89' lang='grc' dir='ltr'>σονται,</span> <span class='ocrx_word' id='word_1_179' title='bbox 2359 989 2482 1042; x_wconf 78' lang='grc' dir='ltr'>ἐπεὶ</span> <span class='ocrx_word' id='word_1_180' title='bbox 2503 988 2650 1059; x_wconf 83' lang='grc' dir='ltr'>ἑώρα</span> <span class='ocrx_word' id='word_1_181' title='bbox 2683 989 2897 1060; x_wconf 87' lang='grc' dir='ltr'>βαρέως</span> <span class='ocrx_word' id='word_1_182' title='bbox 2924 989 3096 1053; x_wconf 81' lang='grc' dir='ltr'>αὑτὰς</span> <span class='ocrx_word' id='word_1_183' title='bbox 3124 989 3185 1043; x_wconf 80' lang='grc' dir='ltr'>τὺ</span> <span class='ocrx_word' id='word_1_184' title='bbox 3208 989 3372 1061; x_wconf 76' lang='grc' dir='ltr'>ῥηθὲν</span> <span class='ocrx_word' id='word_1_185' title='bbox 3399 987 3704 1059; x_wconf 79' lang='grc' dir='ltr'>δεξαμένας</span> <span class='ocrx_word' id='word_1_186' title='bbox 3727 1011 3736 1061; x_wconf 59' lang='grc' dir='ltr'>ς</span> 
     </span>
    </p>
   </div>
   <div class='ocr_carea' id='block_1_27' title="bbox 2130 1054 3741 1167">
    <p class='ocr_par' dir='ltr' id='par_1_27' title="bbox 2130 1054 3741 1167">
     <span class='ocr_line' id='line_1_27' title="bbox 2130 1054 3741 1167; baseline -0.002 -34"><span class='ocrx_word' id='word_1_187' title='bbox 2130 1079 2379 1151; x_wconf 75' lang='grc' dir='ltr'>(ᾔσθοντο</span> <span class='ocrx_word' id='word_1_188' title='bbox 2414 1079 2523 1151; x_wconf 84' lang='grc' dir='ltr'>γὰρ</span> <span class='ocrx_word' id='word_1_189' title='bbox 2550 1054 2604 1133; x_wconf 71' lang='grc' dir='ltr'>τί</span> <span class='ocrx_word' id='word_1_190' title='bbox 2661 1054 2908 1149; x_wconf 67' lang='grc' dir='ltr'>βούλεται</span> <span class='ocrx_word' id='word_1_191' title='bbox 2952 1078 3148 1153; x_wconf 83' lang='grc' dir='ltr'>δηλοῦν</span> <span class='ocrx_word' id='word_1_192' title='bbox 3193 1054 3369 1134; x_wconf 71' lang='grc' dir='ltr'>ταῦτα</span> <span class='ocrx_word' id='word_1_193' title='bbox 3420 1054 3741 1167; x_wconf 50' lang='grc' dir='ltr'>λέγουσα),ξ</span> 
     </span>
    </p>
   </div>
   <div class='ocr_carea' id='block_1_28' title="bbox 2128 1170 3744 1243">
    <p class='ocr_par' dir='ltr' id='par_1_28' title="bbox 2128 1170 3744 1243">
     <span class='ocr_line' id='line_1_28' title="bbox 2128 1170 3744 1243; baseline -0.002 -16"><span class='ocrx_word' id='word_1_194' title='bbox 2128 1172 2313 1240; x_wconf 76' lang='grc' dir='ltr'>ἐκείνη</span> <span class='ocrx_word' id='word_1_195' title='bbox 2341 1173 2435 1226; x_wconf 90' lang='grc' dir='ltr'><strong>τόν</strong></span> <span class='ocrx_word' id='word_1_196' title='bbox 2468 1190 2527 1227; x_wconf 89' lang='grc' dir='ltr'><strong>τε</strong></span> <span class='ocrx_word' id='word_1_197' title='bbox 2556 1172 2717 1242; x_wconf 84' lang='grc' dir='ltr'>λόγον</span> <span class='ocrx_word' id='word_1_198' title='bbox 2743 1172 2907 1235; x_wconf 79' lang='grc' dir='ltr'>εὐθὺς</span> <span class='ocrx_word' id='word_1_199' title='bbox 2949 1171 3321 1243; x_wconf 85' lang='grc' dir='ltr'>ἀνελάμϐανε,</span> <span class='ocrx_word' id='word_1_200' title='bbox 3352 1172 3448 1226; x_wconf 71' lang='grc' dir='ltr'>καὶ</span> <span class='ocrx_word' id='word_1_201' title='bbox 3470 1170 3572 1235; x_wconf 82' lang='grc' dir='ltr'>τὰς</span> <span class='ocrx_word' id='word_1_202' title='bbox 3608 1170 3707 1225; x_wconf 81' lang='grc' dir='ltr'><strong>αὖ·</strong></span> <span class='ocrx_word' id='word_1_203' title='bbox 3735 1178 3744 1235; x_wconf 65' lang='grc' dir='ltr'><strong>ἶ</strong></span> 
     </span>
    </p>
   </div>
   <div class='ocr_carea' id='block_1_29' title="bbox 2124 1256 3749 1334">
    <p class='ocr_par' dir='ltr' id='par_1_29' title="bbox 2124 1256 3749 1334">
     <span class='ocr_line' id='line_1_29' title="bbox 2124 1256 3749 1334; baseline 0.002 -17"><span class='ocrx_word' id='word_1_204' title='bbox 2124 1263 2237 1317; x_wconf 83' lang='grc' dir='ltr'>τῶν</span> <span class='ocrx_word' id='word_1_205' title='bbox 2266 1262 2493 1333; x_wconf 80' lang='grc' dir='ltr'>καρδίας</span> <span class='ocrx_word' id='word_1_206' title='bbox 2524 1266 2734 1334; x_wconf 73' lang='grc' dir='ltr'>ῥήμασι</span> <span class='ocrx_word' id='word_1_207' title='bbox 2766 1266 3167 1334; x_wconf 84' lang='grc' dir='ltr'>πνευματικοῖς</span> <span class='ocrx_word' id='word_1_208' title='bbox 3190 1262 3519 1334; x_wconf 80' lang='grc' dir='ltr'><strong>παρεκάλει,</strong></span> <span class='ocrx_word' id='word_1_209' title='bbox 3562 1259 3704 1328; x_wconf 84' lang='grc' dir='ltr'>Ἐγὼ</span> <span class='ocrx_word' id='word_1_210' title='bbox 3740 1256 3749 1320; x_wconf 62' lang='grc' dir='ltr'><strong>ί</strong></span> 
     </span>
    </p>
   </div>
   <div class='ocr_carea' id='block_1_30' title="bbox 2127 1355 3700 1430">
    <p class='ocr_par' dir='ltr' id='par_1_30' title="bbox 2127 1355 3700 1430">
     <span class='ocr_line' id='line_1_30' title="bbox 2127 1355 3700 1430; baseline -0.003 -18"><span class='ocrx_word' id='word_1_211' title='bbox 2127 1359 2250 1430; x_wconf 82' lang='grc' dir='ltr'>μὲν,</span> <span class='ocrx_word' id='word_1_212' title='bbox 2282 1357 2327 1412; x_wconf 85' lang='grc' dir='ltr'><strong>ὧ</strong></span> <span class='ocrx_word' id='word_1_213' title='bbox 2356 1358 2629 1428; x_wconf 79' lang='grc' dir='ltr'>φίλταται,</span> <span class='ocrx_word' id='word_1_214' title='bbox 2660 1358 2901 1428; x_wconf 79' lang='grc' dir='ltr'>φήσασα,</span> <span class='ocrx_word' id='word_1_215' title='bbox 2936 1358 3204 1427; x_wconf 78' lang='grc' dir='ltr'>ἀφ’ύμῶν</span> <span class='ocrx_word' id='word_1_216' title='bbox 3227 1358 3329 1429; x_wconf 71' lang='grc' dir='ltr'>ἤδη</span> <span class='ocrx_word' id='word_1_217' title='bbox 3368 1355 3700 1427; x_wconf 81' lang='grc' dir='ltr'>πορεύομαι,</span> 
     </span>
    </p>
   </div>
   <div class='ocr_carea' id='block_1_31' title="bbox 2122 1447 3702 1524">
    <p class='ocr_par' dir='ltr' id='par_1_31' title="bbox 2122 1447 3702 1524">
     <span class='ocr_line' id='line_1_31' title="bbox 2122 1447 3702 1524; baseline -0.003 -18"><span class='ocrx_word' id='word_1_218' title='bbox 2122 1453 2201 1524; x_wconf 83' lang='grc' dir='ltr'>τῷ</span> <span class='ocrx_word' id='word_1_219' title='bbox 2225 1452 2343 1520; x_wconf 84' lang='grc' dir='ltr'><strong>Θεῷ</strong></span> <span class='ocrx_word' id='word_1_220' title='bbox 2373 1453 2533 1506; x_wconf 87' lang='grc' dir='ltr'>τοῦτο</span> <span class='ocrx_word' id='word_1_221' title='bbox 2587 1449 2812 1505; x_wconf 60' lang='grc' dir='ltr'>δοκοῦν</span> <span class='ocrx_word' id='word_1_222' title='bbox 2859 1452 3021 1520; x_wconf 82' lang='grc' dir='ltr'>ὑμεῖς</span> <span class='ocrx_word' id='word_1_223' title='bbox 3042 1449 3098 1504; x_wconf 69' lang='grc' dir='ltr'>δὲ</span> <span class='ocrx_word' id='word_1_224' title='bbox 3144 1449 3263 1504; x_wconf 84' lang='grc' dir='ltr'>ἀλλ’</span> <span class='ocrx_word' id='word_1_225' title='bbox 3304 1449 3409 1503; x_wconf 80' lang='grc' dir='ltr'>ὑπὸ</span> <span class='ocrx_word' id='word_1_226' title='bbox 3442 1450 3557 1512; x_wconf 84' lang='grc' dir='ltr'>τοῖς</span> <span class='ocrx_word' id='word_1_227' title='bbox 3605 1447 3702 1501; x_wconf 87' lang='grc' dir='ltr'><strong>τοῦ</strong></span> 
     </span>
    </p>
   </div>
   <div class='ocr_carea' id='block_1_32' title="bbox 2120 1539 3703 1614">
    <p class='ocr_par' dir='ltr' id='par_1_32' title="bbox 2120 1539 3703 1614">
     <span class='ocr_line' id='line_1_32' title="bbox 2120 1539 3703 1614; baseline -0.004 -15"><span class='ocrx_word' id='word_1_228' title='bbox 2120 1544 2257 1599; x_wconf 82' lang='grc' dir='ltr'>Θεοῦ</span> <span class='ocrx_word' id='word_1_229' title='bbox 2306 1542 2514 1614; x_wconf 79' lang='grc' dir='ltr'>ζὴσατε</span> <span class='ocrx_word' id='word_1_230' title='bbox 2546 1542 2874 1614; x_wconf 78' lang='grc' dir='ltr'>ὀφθαλμοῖς,</span> <span class='ocrx_word' id='word_1_231' title='bbox 2918 1542 2979 1606; x_wconf 81' lang='grc' dir='ltr'>ὃς</span> <span class='ocrx_word' id='word_1_232' title='bbox 3011 1543 3108 1598; x_wconf 77' lang='grc' dir='ltr'>καὶ</span> <span class='ocrx_word' id='word_1_233' title='bbox 3156 1541 3455 1611; x_wconf 76' lang='grc' dir='ltr'>λογισμοὺς</span> <span class='ocrx_word' id='word_1_234' title='bbox 3502 1539 3703 1612; x_wconf 76' lang='grc' dir='ltr'>ἐρευνᾷ</span> 
     </span>
    </p>
   </div>
   <div class='ocr_carea' id='block_1_33' title="bbox 2117 1631 3700 1707">
    <p class='ocr_par' dir='ltr' id='par_1_33' title="bbox 2117 1631 3700 1707">
     <span class='ocr_line' id='line_1_33' title="bbox 2117 1631 3700 1707; baseline 0.001 -17"><span class='ocrx_word' id='word_1_235' title='bbox 2117 1638 2215 1690; x_wconf 70' lang='grc' dir='ltr'><strong>καὶ</strong></span> <span class='ocrx_word' id='word_1_236' title='bbox 2263 1635 2495 1707; x_wconf 79' lang='grc' dir='ltr'>καρδίας</span> <span class='ocrx_word' id='word_1_237' title='bbox 2528 1637 2653 1707; x_wconf 80' lang='grc' dir='ltr'><strong>ὁρᾷ.</strong></span> <span class='ocrx_word' id='word_1_238' title='bbox 2687 1635 2859 1691; x_wconf 88' lang='grc' dir='ltr'>Τοῦτο</span> <span class='ocrx_word' id='word_1_239' title='bbox 2901 1631 2994 1692; x_wconf 81' lang='grc' dir='ltr'><strong>οῦν</strong></span> <span class='ocrx_word' id='word_1_240' title='bbox 3043 1637 3133 1691; x_wconf 81' lang='grc' dir='ltr'><strong>διὰ</strong></span> <span class='ocrx_word' id='word_1_241' title='bbox 3186 1636 3389 1701; x_wconf 78' lang='grc' dir='ltr'>παντὸς</span> <span class='ocrx_word' id='word_1_242' title='bbox 3427 1636 3572 1690; x_wconf 89' lang='grc' dir='ltr'><strong>κατὰ</strong></span> <span class='ocrx_word' id='word_1_243' title='bbox 3607 1635 3700 1691; x_wconf 74' lang='grc' dir='ltr'>τὸν</span> 
     </span>
    </p>
   </div>
   <div class='ocr_carea' id='block_1_34' title="bbox 2115 1727 3699 1800">
    <p class='ocr_par' dir='ltr' id='par_1_34' title="bbox 2115 1727 3699 1800">
     <span class='ocr_line' id='line_1_34' title="bbox 2115 1727 3699 1800; baseline 0.001 -18"><span class='ocrx_word' id='word_1_244' title='bbox 2115 1728 2433 1799; x_wconf 81' lang='grc' dir='ltr'>Προφήτην,</span> <span class='ocrx_word' id='word_1_245' title='bbox 2461 1728 2694 1782; x_wconf 77' lang='grc' dir='ltr'>ἐνώπιον</span> <span class='ocrx_word' id='word_1_246' title='bbox 2747 1727 3136 1800; x_wconf 79' lang='grc' dir='ltr'>προορώμεναι</span> <span class='ocrx_word' id='word_1_247' title='bbox 3177 1730 3277 1792; x_wconf 86' lang='grc' dir='ltr'><strong>τάς</strong></span> <span class='ocrx_word' id='word_1_248' title='bbox 3316 1745 3377 1782; x_wconf 84' lang='grc' dir='ltr'><strong>τε</strong></span> <span class='ocrx_word' id='word_1_249' title='bbox 3429 1727 3610 1799; x_wconf 80' lang='grc' dir='ltr'>ψυχὰς</span> <span class='ocrx_word' id='word_1_250' title='bbox 3638 1729 3699 1783; x_wconf 74' lang='grc' dir='ltr'>ἐν</span> 
     </span>
    </p>
   </div>
   <div class='ocr_carea' id='block_1_35' title="bbox 2112 1815 3699 1889">
    <p class='ocr_par' dir='ltr' id='par_1_35' title="bbox 2112 1815 3699 1889">
     <span class='ocr_line' id='line_1_35' title="bbox 2112 1815 3699 1889; baseline -0.003 -14"><span class='ocrx_word' id='word_1_251' title='bbox 2112 1818 2306 1889; x_wconf 78' lang='grc' dir='ltr'>ἁγνείᾳ</span> <span class='ocrx_word' id='word_1_252' title='bbox 2336 1818 2435 1872; x_wconf 78' lang='grc' dir='ltr'><strong>καὶ</strong></span> <span class='ocrx_word' id='word_1_253' title='bbox 2463 1818 2607 1872; x_wconf 88' lang='grc' dir='ltr'>αύτά</span> <span class='ocrx_word' id='word_1_254' title='bbox 2630 1834 2695 1887; x_wconf 90' lang='grc' dir='ltr'><strong>γε</strong></span> <span class='ocrx_word' id='word_1_255' title='bbox 2727 1817 2796 1871; x_wconf 77' lang='grc' dir='ltr'><strong>τά</strong></span> <span class='ocrx_word' id='word_1_256' title='bbox 2834 1817 3064 1889; x_wconf 84' lang='grc' dir='ltr'>σώματα</span> <span class='ocrx_word' id='word_1_257' title='bbox 3116 1817 3290 1889; x_wconf 77' lang='grc' dir='ltr'>ῥύπου</span> <span class='ocrx_word' id='word_1_258' title='bbox 3323 1818 3525 1881; x_wconf 84' lang='grc' dir='ltr'>παντὸς</span> <span class='ocrx_word' id='word_1_259' title='bbox 3552 1815 3699 1871; x_wconf 84' lang='grc' dir='ltr'>ἀνώ-</span> 
     </span>
    </p>
   </div>
   <div class='ocr_carea' id='block_1_36' title="bbox 430 1894 2006 1984">
    <p class='ocr_par' dir='ltr' id='par_1_36' title="bbox 430 1894 2006 1974">
     <span class='ocr_line' id='line_1_36' title="bbox 430 1894 2006 1974; baseline 0.008 -26"><span class='ocrx_word' id='word_1_260' title='bbox 430 1901 559 1965; x_wconf 75' lang='lat' dir='ltr'><strong>pter</strong></span> <span class='ocrx_word' id='word_1_261' title='bbox 589 1907 766 1948; x_wconf 89' lang='lat' dir='ltr'><strong>meam</strong></span> <span class='ocrx_word' id='word_1_262' title='bbox 817 1894 1185 1964; x_wconf 82' lang='lat' dir='ltr'><strong>privationem</strong></span> <span class='ocrx_word' id='word_1_263' title='bbox 1237 1899 1464 1955; x_wconf 81' lang='lat' dir='ltr'><strong>tristitia</strong></span> <span class='ocrx_word' id='word_1_264' title='bbox 1498 1905 1664 1958; x_wconf 87' lang='lat' dir='ltr'><strong>corda</strong></span> <span class='ocrx_word' id='word_1_265' title='bbox 1695 1912 1876 1962; x_wconf 88' lang='lat' dir='ltr'><strong>vestra</strong></span> <span class='ocrx_word' id='word_1_266' title='bbox 1914 1920 2006 1974; x_wconf 91' lang='lat' dir='ltr'><strong>pu-</strong></span> 
     </span>
    </p>
   </div>
   <div class='ocr_carea' id='block_1_37' title="bbox 2113 1894 3700 1984">
    <p class='ocr_par' dir='ltr' id='par_1_37' title="bbox 2115 1907 3700 1984">
     <span class='ocr_line' id='line_1_37' title="bbox 2115 1907 3700 1984; baseline -0.001 -19"><span class='ocrx_word' id='word_1_267' title='bbox 2115 1928 2252 1983; x_wconf 83' lang='grc' dir='ltr'>τερα</span> <span class='ocrx_word' id='word_1_268' title='bbox 2283 1911 2672 1984; x_wconf 83' lang='grc' dir='ltr'>συντηρήσατε</span> <span class='ocrx_word' id='word_1_269' title='bbox 2697 1926 2713 1942; x_wconf 77' lang='grc' dir='ltr'><strong><em>ο</em></strong></span> <span class='ocrx_word' id='word_1_270' title='bbox 2752 1911 2856 1965; x_wconf 74' lang='grc' dir='ltr'><strong>κάν</strong></span> <span class='ocrx_word' id='word_1_271' title='bbox 2885 1927 2939 1963; x_wconf 85' lang='grc' dir='ltr'><strong>τι</strong></span> <span class='ocrx_word' id='word_1_272' title='bbox 2971 1909 3062 1965; x_wconf 76' lang='grc' dir='ltr'><strong>διὰ</strong></span> <span class='ocrx_word' id='word_1_273' title='bbox 3105 1910 3207 1976; x_wconf 77' lang='grc' dir='ltr'><strong>τὴν</strong></span> <span class='ocrx_word' id='word_1_274' title='bbox 3242 1908 3386 1981; x_wconf 77' lang='grc' dir='ltr'>ἐμὴν</span> <span class='ocrx_word' id='word_1_275' title='bbox 3437 1907 3700 1979; x_wconf 77' lang='grc' dir='ltr'>στέρησιν</span> 
     </span>
    </p>
   </div>
   <div class='ocr_carea' id='block_1_38' title="bbox 431 1984 2006 2077">
    <p class='ocr_par' dir='ltr' id='par_1_38' title="bbox 431 1984 2006 2069">
     <span class='ocr_line' id='line_1_38' title="bbox 431 1984 2006 2069; baseline 0.013 -33"><span class='ocrx_word' id='word_1_276' title='bbox 431 1987 673 2057; x_wconf 73' lang='lat' dir='ltr'><strong>pingerit,</strong></span> <span class='ocrx_word' id='word_1_277' title='bbox 702 1984 749 2042; x_wconf 89' lang='lat' dir='ltr'><strong>si</strong></span> <span class='ocrx_word' id='word_1_278' title='bbox 773 1986 922 2045; x_wconf 93' lang='lat' dir='ltr'><strong>illius</strong></span> <span class='ocrx_word' id='word_1_279' title='bbox 950 1989 1106 2047; x_wconf 90' lang='lat' dir='ltr'><strong>vobis</strong></span> <span class='ocrx_word' id='word_1_280' title='bbox 1130 1992 1317 2048; x_wconf 86' lang='lat' dir='ltr'><strong>veniat</strong></span> <span class='ocrx_word' id='word_1_281' title='bbox 1341 1992 1397 2048; x_wconf 92' lang='lat' dir='ltr'><strong>in</strong></span> <span class='ocrx_word' id='word_1_282' title='bbox 1440 2005 1700 2069; x_wconf 90' lang='lat' dir='ltr'><strong>mentem,</strong></span> <span class='ocrx_word' id='word_1_283' title='bbox 1755 1999 2006 2068; x_wconf 82' lang='lat' dir='ltr'><strong>protinus</strong></span> 
     </span>
    </p>
   </div>
   <div class='ocr_carea' id='block_1_39' title="bbox 2113 1984 3700 2077">
    <p class='ocr_par' dir='ltr' id='par_1_39' title="bbox 2118 1999 3700 2077">
     <span class='ocr_line' id='line_1_39' title="bbox 2118 1999 3700 2077; baseline -0.004 -19"><span class='ocrx_word' id='word_1_284' title='bbox 2118 2003 2327 2077; x_wconf 78' lang='grc' dir='ltr'>ἠλύπη</span> <span class='ocrx_word' id='word_1_285' title='bbox 2375 2004 2477 2067; x_wconf 83' lang='grc' dir='ltr'>τὰς</span> <span class='ocrx_word' id='word_1_286' title='bbox 2524 2002 2681 2072; x_wconf 78' lang='grc' dir='ltr'>ὑμῶν</span> <span class='ocrx_word' id='word_1_287' title='bbox 2727 2000 2968 2072; x_wconf 78' lang='grc' dir='ltr'>δριμύξῃ</span> <span class='ocrx_word' id='word_1_288' title='bbox 3016 2000 3267 2073; x_wconf 78' lang='grc' dir='ltr'>καρδίας,</span> <span class='ocrx_word' id='word_1_289' title='bbox 3313 1999 3432 2054; x_wconf 76' lang='grc' dir='ltr'>ἀλλ’</span> <span class='ocrx_word' id='word_1_290' title='bbox 3489 1999 3700 2054; x_wconf 67' lang='grc' dir='ltr'>δκεῖνον</span> 
     </span>
    </p>
   </div>
   <div class='ocr_carea' id='block_1_40' title="bbox 431 2079 2006 2168">
    <p class='ocr_par' dir='ltr' id='par_1_40' title="bbox 431 2079 1656 2153">
     <span class='ocr_line' id='line_1_40' title="bbox 431 2079 1656 2153; baseline 0.006 -18"><span class='ocrx_word' id='word_1_291' title='bbox 431 2079 572 2137; x_wconf 85' lang='lat' dir='ltr'><strong>satis</strong></span> <span class='ocrx_word' id='word_1_292' title='bbox 595 2095 851 2153; x_wconf 86' lang='lat' dir='ltr'><strong>magnam</strong></span> <span class='ocrx_word' id='word_1_293' title='bbox 873 2081 1169 2141; x_wconf 86' lang='lat' dir='ltr'><strong>invenietis</strong></span> <span class='ocrx_word' id='word_1_294' title='bbox 1198 2087 1656 2144; x_wconf 84' lang='lat' dir='ltr'><strong>consolationem.</strong></span> 
     </span>
    </p>
   </div>
   <div class='ocr_carea' id='block_1_41' title="bbox 2113 2079 3698 2168">
    <p class='ocr_par' dir='ltr' id='par_1_41' title="bbox 2120 2092 3698 2168">
     <span class='ocr_line' id='line_1_41' title="bbox 2120 2092 3698 2168; baseline -0.002 -17"><span class='ocrx_word' id='word_1_295' title='bbox 2120 2097 2212 2152; x_wconf 71' lang='grc' dir='ltr'>ἐπὶ</span> <span class='ocrx_word' id='word_1_296' title='bbox 2249 2097 2378 2151; x_wconf 87' lang='grc' dir='ltr'>νοῦν</span> <span class='ocrx_word' id='word_1_297' title='bbox 2425 2097 2649 2168; x_wconf 81' lang='grc' dir='ltr'>ἔχουσαι</span> <span class='ocrx_word' id='word_1_298' title='bbox 2681 2094 2879 2164; x_wconf 73' lang='grc' dir='ltr'>ἱκανὴν</span> <span class='ocrx_word' id='word_1_299' title='bbox 2909 2092 3116 2158; x_wconf 81' lang='grc' dir='ltr'>εὐθέως</span> <span class='ocrx_word' id='word_1_300' title='bbox 3162 2093 3430 2166; x_wconf 77' lang='grc' dir='ltr'>εὑρήσετε</span> <span class='ocrx_word' id='word_1_301' title='bbox 3457 2093 3559 2166; x_wconf 77' lang='grc' dir='ltr'><strong>τὴν</strong></span> <span class='ocrx_word' id='word_1_302' title='bbox 3587 2108 3698 2148; x_wconf 83' lang='grc' dir='ltr'>πα-</span> 
     </span>
    </p>
   </div>
   <div class='ocr_carea' id='block_1_42' title="bbox 2160 2190 2493 2261">
    <p class='ocr_par' dir='ltr' id='par_1_42' title="bbox 2160 2190 2493 2261">
     <span class='ocr_line' id='line_1_42' title="bbox 2160 2190 2493 2261; baseline -0.015 -16"><span class='ocrx_word' id='word_1_303' title='bbox 2160 2190 2409 2261; x_wconf 82' lang='grc' dir='ltr'>άκλησιν.</span> <span class='ocrx_word' id='word_1_304' title='bbox 2482 2228 2493 2240; x_wconf 52' lang='grc' dir='ltr'><strong>κ</strong></span> 
     </span>
    </p>
   </div>
   <div class='ocr_carea' id='block_1_43' title="bbox 501 2208 2006 2351">
    <p class='ocr_par' dir='ltr' id='par_1_43' title="bbox 501 2261 2006 2341">
     <span class='ocr_line' id='line_1_43' title="bbox 501 2261 2006 2341; baseline 0.007 -23"><span class='ocrx_word' id='word_1_305' title='bbox 501 2261 727 2320; x_wconf 79' lang='lat' dir='ltr'><strong>XXXV.</strong></span> <span class='ocrx_word' id='word_1_306' title='bbox 790 2264 929 2321; x_wconf 85' lang='lat' dir='ltr'><strong>Cum</strong></span> <span class='ocrx_word' id='word_1_307' title='bbox 982 2265 1066 2321; x_wconf 90' lang='lat' dir='ltr'><strong>sic</strong></span> <span class='ocrx_word' id='word_1_308' title='bbox 1139 2266 1422 2336; x_wconf 79' lang='lat' dir='ltr'><strong>dixisset,</strong></span> <span class='ocrx_word' id='word_1_309' title='bbox 1459 2270 1724 2341; x_wconf 83' lang='lat' dir='ltr'><strong>templum</strong></span> <span class='ocrx_word' id='word_1_310' title='bbox 1774 2270 2006 2341; x_wconf 79' lang='lat' dir='ltr'><strong>ingredi-</strong></span> 
     </span>
    </p>
   </div>
   <div class='ocr_carea' id='block_1_44' title="bbox 2113 2208 3701 2351">
    <p class='ocr_par' dir='ltr' id='par_1_44' title="bbox 2123 2208 3701 2351">
     <span class='ocr_line' id='line_1_44' title="bbox 2234 2208 2493 2245; baseline -0.004 -2"><span class='ocrx_word' id='word_1_311' title='bbox 2234 2208 2262 2243; x_wconf 82' lang='lat' dir='ltr'><strong>I.</strong></span> <span class='ocrx_word' id='word_1_312' title='bbox 2395 2229 2409 2245; x_wconf 94' lang='lat'><strong>.</strong></span> <span class='ocrx_word' id='word_1_313' title='bbox 2482 2228 2493 2240; x_wconf 54' lang='grc' dir='ltr'><strong>κ</strong></span> 
     </span>
     <span class='ocr_line' id='line_1_45' title="bbox 2123 2208 3701 2351; baseline -0.001 -15"><span class='ocrx_word' id='word_1_314' title='bbox 2123 2208 2551 2344; x_wconf 54' lang='grc' dir='ltr'>ραῗίέῗιόῦτως</span> <span class='ocrx_word' id='word_1_315' title='bbox 2603 2279 2836 2335; x_wconf 74' lang='grc' dir='ltr'>εἰποῦσα</span> <span class='ocrx_word' id='word_1_316' title='bbox 2895 2278 3125 2334; x_wconf 71' lang='grc' dir='ltr'>εἴσεισιν</span> <span class='ocrx_word' id='word_1_317' title='bbox 3163 2280 3245 2350; x_wconf 73' lang='grc' dir='ltr'><strong>εἰς</strong></span> <span class='ocrx_word' id='word_1_318' title='bbox 3295 2278 3361 2334; x_wconf 74' lang='grc' dir='ltr'>τὸ</span> <span class='ocrx_word' id='word_1_319' title='bbox 3407 2278 3555 2351; x_wconf 76' lang='grc' dir='ltr'>ἱερὸν</span> <span class='ocrx_word' id='word_1_320' title='bbox 3602 2279 3701 2334; x_wconf 85' lang='grc' dir='ltr'>καὶ</span> 
     </span>
    </p>
   </div>
   <div class='ocr_carea' id='block_1_45' title="bbox 430 2362 2006 2447">
    <p class='ocr_par' dir='ltr' id='par_1_45' title="bbox 430 2362 2006 2437">
     <span class='ocr_line' id='line_1_46' title="bbox 430 2362 2006 2437; baseline -0.001 -17"><span class='ocrx_word' id='word_1_321' title='bbox 430 2376 542 2430; x_wconf 87' lang='lat' dir='ltr'><strong>tur,</strong></span> <span class='ocrx_word' id='word_1_322' title='bbox 581 2369 796 2421; x_wconf 86' lang='lat' dir='ltr'><strong>etcum</strong></span> <span class='ocrx_word' id='word_1_323' title='bbox 847 2362 917 2418; x_wconf 92' lang='lat' dir='ltr'><strong>ad</strong></span> <span class='ocrx_word' id='word_1_324' title='bbox 967 2365 1302 2437; x_wconf 88' lang='lat' dir='ltr'><strong>precandum</strong></span> <span class='ocrx_word' id='word_1_325' title='bbox 1339 2363 1722 2419; x_wconf 79' lang='lat' dir='ltr'><strong>constitisset:</strong></span> <span class='ocrx_word' id='word_1_326' title='bbox 1789 2365 2006 2419; x_wconf 66' lang='lat' dir='ltr'><strong>Domine</strong></span> 
     </span>
    </p>
   </div>
   <div class='ocr_carea' id='block_1_46' title="bbox 2113 2362 3698 2447">
    <p class='ocr_par' dir='ltr' id='par_1_46' title="bbox 2124 2372 3698 2447">
     <span class='ocr_line' id='line_1_47' title="bbox 2124 2372 3698 2447; baseline -0.003 -17"><span class='ocrx_word' id='word_1_327' title='bbox 2124 2375 2264 2447; x_wconf 76' lang='grc' dir='ltr'>πρὸς</span> <span class='ocrx_word' id='word_1_328' title='bbox 2302 2375 2657 2446; x_wconf 76' lang='grc' dir='ltr'>εὐχαριστίαν</span> <span class='ocrx_word' id='word_1_329' title='bbox 2700 2376 2897 2440; x_wconf 77' lang='grc' dir='ltr'>στᾶσα,</span> <span class='ocrx_word' id='word_1_330' title='bbox 2945 2373 3212 2441; x_wconf 85' lang='grc' dir='ltr'>Δέσποτα,</span> <span class='ocrx_word' id='word_1_331' title='bbox 3246 2373 3455 2442; x_wconf 69' lang='grc' dir='ltr'>ἔλεγεν,</span> <span class='ocrx_word' id='word_1_332' title='bbox 3487 2373 3515 2426; x_wconf 79' lang='grc' dir='ltr'><strong>ό</strong></span> <span class='ocrx_word' id='word_1_333' title='bbox 3546 2372 3698 2438; x_wconf 68' lang='grc' dir='ltr'>Θεὸς,</span> 
     </span>
    </p>
   </div>
   <div class='ocr_carea' id='block_1_47' title="bbox 431 2452 2006 2538">
    <p class='ocr_par' dir='ltr' id='par_1_47' title="bbox 431 2452 2006 2528">
     <span class='ocr_line' id='line_1_48' title="bbox 431 2452 2006 2528; baseline 0.004 -23"><span class='ocrx_word' id='word_1_334' title='bbox 431 2452 628 2522; x_wconf 86' lang='lat' dir='ltr'><strong>Deus,</strong></span> <span class='ocrx_word' id='word_1_335' title='bbox 695 2455 974 2520; x_wconf 87' lang='lat' dir='ltr'><strong>dicebat,</strong></span> <span class='ocrx_word' id='word_1_336' title='bbox 1038 2471 1200 2526; x_wconf 80' lang='lat' dir='ltr'><strong>quem</strong></span> <span class='ocrx_word' id='word_1_337' title='bbox 1270 2471 1371 2528; x_wconf 83' lang='lat' dir='ltr'><strong>cgo</strong></span> <span class='ocrx_word' id='word_1_338' title='bbox 1458 2457 1594 2526; x_wconf 82' lang='lat' dir='ltr'><strong>elegi</strong></span> <span class='ocrx_word' id='word_1_339' title='bbox 1663 2456 1733 2511; x_wconf 86' lang='lat' dir='ltr'><strong>ab</strong></span> <span class='ocrx_word' id='word_1_340' title='bbox 1806 2457 2006 2523; x_wconf 76' lang='lat' dir='ltr'><strong>initio,</strong></span> 
     </span>
    </p>
   </div>
   <div class='ocr_carea' id='block_1_48' title="bbox 2113 2452 3697 2538">
    <p class='ocr_par' dir='ltr' id='par_1_48' title="bbox 2121 2463 3697 2538">
     <span class='ocr_line' id='line_1_49' title="bbox 2121 2463 3697 2538; baseline -0.003 -16"><span class='ocrx_word' id='word_1_341' title='bbox 2121 2468 2181 2523; x_wconf 75' lang='grc' dir='ltr'>ὃν</span> <span class='ocrx_word' id='word_1_342' title='bbox 2219 2468 2330 2538; x_wconf 74' lang='grc' dir='ltr'>ἐγὼ</span> <span class='ocrx_word' id='word_1_343' title='bbox 2358 2468 2418 2533; x_wconf 78' lang='grc' dir='ltr'>ἐξ</span> <span class='ocrx_word' id='word_1_344' title='bbox 2444 2468 2621 2538; x_wconf 83' lang='grc' dir='ltr'>ἀρχῆς</span> <span class='ocrx_word' id='word_1_345' title='bbox 2644 2467 2893 2538; x_wconf 78' lang='grc' dir='ltr'>εἱλόμην,</span> <span class='ocrx_word' id='word_1_346' title='bbox 2924 2466 2985 2520; x_wconf 82' lang='grc' dir='ltr'>ὃν</span> <span class='ocrx_word' id='word_1_347' title='bbox 3013 2466 3109 2519; x_wconf 74' lang='grc' dir='ltr'><strong>καὶ</strong></span> <span class='ocrx_word' id='word_1_348' title='bbox 3132 2466 3313 2535; x_wconf 83' lang='grc' dir='ltr'>γάμου</span> <span class='ocrx_word' id='word_1_349' title='bbox 3342 2466 3439 2519; x_wconf 81' lang='grc' dir='ltr'>καὶ</span> <span class='ocrx_word' id='word_1_350' title='bbox 3462 2463 3697 2519; x_wconf 80' lang='grc' dir='ltr'>πλούτου</span> 
     </span>
    </p>
   </div>
   <div class='ocr_carea' id='block_1_49' title="bbox 427 2548 2006 2631">
    <p class='ocr_par' dir='ltr' id='par_1_49' title="bbox 427 2548 2006 2629">
     <span class='ocr_line' id='line_1_50' title="bbox 427 2548 2006 2629; baseline 0.004 -29"><span class='ocrx_word' id='word_1_351' title='bbox 427 2562 595 2618; x_wconf 85' lang='lat' dir='ltr'><strong>quem</strong></span> <span class='ocrx_word' id='word_1_352' title='bbox 640 2561 743 2629; x_wconf 83' lang='lat' dir='ltr'><strong>ego</strong></span> <span class='ocrx_word' id='word_1_353' title='bbox 789 2556 846 2604; x_wconf 92' lang='lat' dir='ltr'><strong>et</strong></span> <span class='ocrx_word' id='word_1_354' title='bbox 880 2550 1090 2619; x_wconf 87' lang='lat' dir='ltr'><strong>nuptiis</strong></span> <span class='ocrx_word' id='word_1_355' title='bbox 1142 2556 1198 2603; x_wconf 90' lang='lat' dir='ltr'><strong>et</strong></span> <span class='ocrx_word' id='word_1_356' title='bbox 1261 2548 1467 2604; x_wconf 87' lang='lat' dir='ltr'><strong>divitiis</strong></span> <span class='ocrx_word' id='word_1_357' title='bbox 1517 2556 1571 2602; x_wconf 90' lang='lat' dir='ltr'><strong>et</strong></span> <span class='ocrx_word' id='word_1_358' title='bbox 1621 2550 1807 2619; x_wconf 68' lang='lat' dir='ltr'><strong>gloriae</strong></span> <span class='ocrx_word' id='word_1_359' title='bbox 1872 2566 2006 2621; x_wconf 63' lang='lat' dir='ltr'><strong>prte-</strong></span> 
     </span>
    </p>
   </div>
   <div class='ocr_carea' id='block_1_50' title="bbox 2113 2548 3695 2631">
    <p class='ocr_par' dir='ltr' id='par_1_50' title="bbox 2122 2552 3695 2631">
     <span class='ocr_line' id='line_1_51' title="bbox 2122 2552 3695 2631; baseline 0.004 -15"><span class='ocrx_word' id='word_1_360' title='bbox 2122 2563 2220 2617; x_wconf 68' lang='grc' dir='ltr'><strong>καὶ</strong></span> <span class='ocrx_word' id='word_1_361' title='bbox 2247 2561 2408 2630; x_wconf 77' lang='grc' dir='ltr'>δόξης</span> <span class='ocrx_word' id='word_1_362' title='bbox 2436 2560 2531 2615; x_wconf 83' lang='grc' dir='ltr'><strong>καὶ</strong></span> <span class='ocrx_word' id='word_1_363' title='bbox 2553 2560 2760 2631; x_wconf 85' lang='grc' dir='ltr'>ἡδονῶν</span> <span class='ocrx_word' id='word_1_364' title='bbox 2790 2559 3160 2630; x_wconf 80' lang='grc' dir='ltr'>προετίμησα,</span> <span class='ocrx_word' id='word_1_365' title='bbox 3191 2552 3347 2628; x_wconf 83' lang='grc' dir='ltr'>ᾧπερ</span> <span class='ocrx_word' id='word_1_366' title='bbox 3373 2559 3438 2614; x_wconf 79' lang='grc' dir='ltr'>ἐκ</span> <span class='ocrx_word' id='word_1_367' title='bbox 3466 2558 3695 2628; x_wconf 80' lang='grc' dir='ltr'>γενετῆς</span> 
     </span>
    </p>
   </div>
   <div class='ocr_carea' id='block_1_51' title="bbox 428 2639 2006 2724">
    <p class='ocr_par' dir='ltr' id='par_1_51' title="bbox 428 2639 2006 2711">
     <span class='ocr_line' id='line_1_52' title="bbox 428 2639 2006 2711; baseline 0.004 -21"><span class='ocrx_word' id='word_1_368' title='bbox 428 2639 529 2694; x_wconf 84' lang='lat' dir='ltr'><strong>tuli</strong></span> <span class='ocrx_word' id='word_1_369' title='bbox 590 2647 645 2696; x_wconf 94' lang='lat' dir='ltr'><strong>et</strong></span> <span class='ocrx_word' id='word_1_370' title='bbox 703 2639 1092 2710; x_wconf 89' lang='lat' dir='ltr'><strong>voluptatibus,</strong></span> <span class='ocrx_word' id='word_1_371' title='bbox 1146 2641 1238 2698; x_wconf 87' lang='lat' dir='ltr'><strong>cui</strong></span> <span class='ocrx_word' id='word_1_372' title='bbox 1298 2641 1369 2699; x_wconf 90' lang='lat' dir='ltr'><strong>ab</strong></span> <span class='ocrx_word' id='word_1_373' title='bbox 1423 2650 1550 2696; x_wconf 85' lang='lat' dir='ltr'><strong>ortu</strong></span> <span class='ocrx_word' id='word_1_374' title='bbox 1606 2656 1807 2711; x_wconf 91' lang='lat' dir='ltr'><strong>corpus</strong></span> <span class='ocrx_word' id='word_1_375' title='bbox 1864 2658 2006 2698; x_wconf 90' lang='lat' dir='ltr'><strong>com-</strong></span> 
     </span>
    </p>
   </div>
   <div class='ocr_carea' id='block_1_52' title="bbox 2113 2639 3698 2724">
    <p class='ocr_par' dir='ltr' id='par_1_52' title="bbox 2118 2645 3698 2724">
     <span class='ocr_line' id='line_1_53' title="bbox 2118 2645 3698 2724; baseline -0.003 -17"><span class='ocrx_word' id='word_1_376' title='bbox 2118 2655 2211 2708; x_wconf 77' lang='grc' dir='ltr'>καὶ</span> <span class='ocrx_word' id='word_1_377' title='bbox 2252 2654 2413 2724; x_wconf 82' lang='grc' dir='ltr'>σῶμα</span> <span class='ocrx_word' id='word_1_378' title='bbox 2441 2652 2766 2724; x_wconf 81' lang='grc' dir='ltr'>παρεθέμην</span> <span class='ocrx_word' id='word_1_379' title='bbox 2796 2651 2894 2705; x_wconf 74' lang='grc' dir='ltr'><strong>καὶ</strong></span> <span class='ocrx_word' id='word_1_380' title='bbox 2935 2650 3176 2721; x_wconf 83' lang='grc' dir='ltr'>πνεῦμα,</span> <span class='ocrx_word' id='word_1_381' title='bbox 3215 2645 3276 2706; x_wconf 78' lang='grc' dir='ltr'>οὗ</span> <span class='ocrx_word' id='word_1_382' title='bbox 3316 2650 3396 2723; x_wconf 82' lang='grc' dir='ltr'>τῷ</span> <span class='ocrx_word' id='word_1_383' title='bbox 3429 2650 3580 2722; x_wconf 79' lang='grc' dir='ltr'>φόϐῳ</span> <span class='ocrx_word' id='word_1_384' title='bbox 3608 2647 3698 2703; x_wconf 75' lang='grc' dir='ltr'>διὰ</span> 
     </span>
    </p>
   </div>
   <div class='ocr_carea' id='block_1_53' title="bbox 427 2730 2006 2816">
    <p class='ocr_par' dir='ltr' id='par_1_53' title="bbox 427 2730 2006 2806">
     <span class='ocr_line' id='line_1_54' title="bbox 427 2730 2006 2806; baseline 0.006 -26"><span class='ocrx_word' id='word_1_385' title='bbox 427 2730 678 2787; x_wconf 79' lang='lat' dir='ltr'><strong>mendavi</strong></span> <span class='ocrx_word' id='word_1_386' title='bbox 738 2738 795 2786; x_wconf 79' lang='lat' dir='ltr'><strong>et</strong></span> <span class='ocrx_word' id='word_1_387' title='bbox 857 2733 1152 2803; x_wconf 88' lang='lat' dir='ltr'><strong>spiritum,</strong></span> <span class='ocrx_word' id='word_1_388' title='bbox 1225 2731 1385 2803; x_wconf 86' lang='lat' dir='ltr'><strong>cujus</strong></span> <span class='ocrx_word' id='word_1_389' title='bbox 1429 2743 1576 2789; x_wconf 90' lang='lat' dir='ltr'><strong>metu</strong></span> <span class='ocrx_word' id='word_1_390' title='bbox 1629 2735 1770 2791; x_wconf 86' lang='lat' dir='ltr'><strong>ossis</strong></span> <span class='ocrx_word' id='word_1_391' title='bbox 1803 2749 2006 2806; x_wconf 84' lang='lat' dir='ltr'><strong>semper</strong></span> 
     </span>
    </p>
   </div>
   <div class='ocr_carea' id='block_1_54' title="bbox 2113 2730 3694 2816">
    <p class='ocr_par' dir='ltr' id='par_1_54' title="bbox 2115 2743 3694 2816">
     <span class='ocr_line' id='line_1_55' title="bbox 2115 2743 3694 2816; baseline -0.003 -15"><span class='ocrx_word' id='word_1_392' title='bbox 2115 2746 2321 2810; x_wconf 83' lang='grc' dir='ltr'>παντὸς</span> <span class='ocrx_word' id='word_1_393' title='bbox 2365 2744 2637 2816; x_wconf 81' lang='grc' dir='ltr'>ἐκολλήθη</span> <span class='ocrx_word' id='word_1_394' title='bbox 2697 2761 2798 2813; x_wconf 87' lang='grc' dir='ltr'><strong>μου</strong></span> <span class='ocrx_word' id='word_1_395' title='bbox 2833 2744 2893 2798; x_wconf 76' lang='grc' dir='ltr'>τὸ</span> <span class='ocrx_word' id='word_1_396' title='bbox 2937 2743 3129 2797; x_wconf 83' lang='grc' dir='ltr'>ὀστοῦν</span> <span class='ocrx_word' id='word_1_397' title='bbox 3165 2746 3230 2815; x_wconf 83' lang='grc' dir='ltr'>τῇ</span> <span class='ocrx_word' id='word_1_398' title='bbox 3266 2745 3454 2814; x_wconf 73' lang='grc' dir='ltr'>σαρκὶ,</span> <span class='ocrx_word' id='word_1_399' title='bbox 3491 2744 3520 2796; x_wconf 85' lang='grc' dir='ltr'><strong>ό</strong></span> <span class='ocrx_word' id='word_1_400' title='bbox 3555 2761 3694 2815; x_wconf 85' lang='grc' dir='ltr'>κρα-</span> 
     </span>
    </p>
   </div>
   <div class='ocr_carea' id='block_1_55' title="bbox 424 2822 2006 2910">
    <p class='ocr_par' dir='ltr' id='par_1_55' title="bbox 424 2822 2006 2901">
     <span class='ocr_line' id='line_1_56' title="bbox 424 2822 2006 2901; baseline 0.004 -24"><span class='ocrx_word' id='word_1_401' title='bbox 424 2822 659 2901; x_wconf 67' lang='lat' dir='ltr'><strong>adhaesit</strong></span> <span class='ocrx_word' id='word_1_402' title='bbox 720 2825 879 2891; x_wconf 84' lang='lat' dir='ltr'><strong>carni</strong></span> <span class='ocrx_word' id='word_1_403' title='bbox 974 2840 1156 2892; x_wconf 64' lang='lat' dir='ltr'><strong>mea,</strong></span> <span class='ocrx_word' id='word_1_404' title='bbox 1239 2828 1337 2899; x_wconf 88' lang='lat' dir='ltr'><strong>qui</strong></span> <span class='ocrx_word' id='word_1_405' title='bbox 1412 2826 1635 2882; x_wconf 89' lang='lat' dir='ltr'><strong>tenuisti</strong></span> <span class='ocrx_word' id='word_1_406' title='bbox 1734 2827 2006 2883; x_wconf 81' lang='lat' dir='ltr'><strong>dexteram</strong></span> 
     </span>
    </p>
   </div>
   <div class='ocr_carea' id='block_1_56' title="bbox 2113 2822 3689 2910">
    <p class='ocr_par' dir='ltr' id='par_1_56' title="bbox 2113 2832 3689 2910">
     <span class='ocr_line' id='line_1_57' title="bbox 2113 2832 3689 2910; baseline -0.004 -17"><span class='ocrx_word' id='word_1_407' title='bbox 2113 2839 2288 2910; x_wconf 83' lang='grc' dir='ltr'>τήσας</span> <span class='ocrx_word' id='word_1_408' title='bbox 2338 2854 2442 2908; x_wconf 86' lang='grc' dir='ltr'><strong>μου</strong></span> <span class='ocrx_word' id='word_1_409' title='bbox 2472 2836 2571 2905; x_wconf 77' lang='grc' dir='ltr'>τῆς</span> <span class='ocrx_word' id='word_1_410' title='bbox 2620 2834 2799 2901; x_wconf 79' lang='grc' dir='ltr'>δεξιᾶς</span> <span class='ocrx_word' id='word_1_411' title='bbox 2833 2835 2931 2888; x_wconf 74' lang='grc' dir='ltr'>καὶ</span> <span class='ocrx_word' id='word_1_412' title='bbox 2984 2834 3043 2887; x_wconf 80' lang='grc' dir='ltr'>ἐν</span> <span class='ocrx_word' id='word_1_413' title='bbox 3089 2837 3155 2905; x_wconf 79' lang='grc' dir='ltr'>τῇ</span> <span class='ocrx_word' id='word_1_414' title='bbox 3209 2833 3377 2905; x_wconf 83' lang='grc' dir='ltr'>βουλῇ</span> <span class='ocrx_word' id='word_1_415' title='bbox 3411 2832 3689 2904; x_wconf 73' lang='grc' dir='ltr'>ὁδηγήσας</span> 
     </span>
    </p>
   </div>
   <div class='ocr_carea' id='block_1_57' title="bbox 423 2917 2006 3002">
    <p class='ocr_par' dir='ltr' id='par_1_57' title="bbox 423 2917 2006 2991">
     <span class='ocr_line' id='line_1_58' title="bbox 423 2917 2006 2991; baseline 0.003 -22"><span class='ocrx_word' id='word_1_416' title='bbox 423 2932 626 2991; x_wconf 79' lang='lat' dir='ltr'><strong>meam,</strong></span> <span class='ocrx_word' id='word_1_417' title='bbox 652 2926 706 2974; x_wconf 89' lang='lat' dir='ltr'><strong>et</strong></span> <span class='ocrx_word' id='word_1_418' title='bbox 728 2917 784 2973; x_wconf 91' lang='lat' dir='ltr'><strong>in</strong></span> <span class='ocrx_word' id='word_1_419' title='bbox 817 2919 1056 2974; x_wconf 89' lang='lat' dir='ltr'><strong>consilio</strong></span> <span class='ocrx_word' id='word_1_420' title='bbox 1080 2927 1173 2985; x_wconf 91' lang='lat' dir='ltr'><strong>tuo</strong></span> <span class='ocrx_word' id='word_1_421' title='bbox 1206 2917 1483 2975; x_wconf 79' lang='lat' dir='ltr'><strong>deduxisti</strong></span> <span class='ocrx_word' id='word_1_422' title='bbox 1536 2933 1645 2985; x_wconf 89' lang='lat' dir='ltr'><strong>me,</strong></span> <span class='ocrx_word' id='word_1_423' title='bbox 1674 2925 1734 2973; x_wconf 88' lang='lat' dir='ltr'><strong>tu</strong></span> <span class='ocrx_word' id='word_1_424' title='bbox 1785 2933 2006 2990; x_wconf 90' lang='lat' dir='ltr'><strong>quoque</strong></span> 
     </span>
    </p>
   </div>
   <div class='ocr_carea' id='block_1_58' title="bbox 2113 2917 3698 3002">
    <p class='ocr_par' dir='ltr' id='par_1_58' title="bbox 2115 2923 3698 3002">
     <span class='ocr_line' id='line_1_59' title="bbox 2115 2923 3698 3002; baseline -0.004 -18"><span class='ocrx_word' id='word_1_425' title='bbox 2115 2948 2209 3002; x_wconf 87' lang='grc' dir='ltr'><strong>με,</strong></span> <span class='ocrx_word' id='word_1_426' title='bbox 2240 2930 2405 2994; x_wconf 87' lang='grc' dir='ltr'>αύτός</span> <span class='ocrx_word' id='word_1_427' title='bbox 2441 2945 2546 2997; x_wconf 87' lang='grc' dir='ltr'><strong>μου</strong></span> <span class='ocrx_word' id='word_1_428' title='bbox 2580 2927 2677 2981; x_wconf 66' lang='grc' dir='ltr'>καὶ</span> <span class='ocrx_word' id='word_1_429' title='bbox 2716 2926 2814 2980; x_wconf 88' lang='grc' dir='ltr'><strong>νῦν</strong></span> <span class='ocrx_word' id='word_1_430' title='bbox 2854 2925 3180 2987; x_wconf 79' lang='grc' dir='ltr'>εἰσάκουσον</span> <span class='ocrx_word' id='word_1_431' title='bbox 3221 2925 3322 2996; x_wconf 80' lang='grc' dir='ltr'>τῆς</span> <span class='ocrx_word' id='word_1_432' title='bbox 3356 2924 3562 2995; x_wconf 82' lang='grc' dir='ltr'>φωνῆς,</span> <span class='ocrx_word' id='word_1_433' title='bbox 3600 2923 3698 2977; x_wconf 77' lang='grc' dir='ltr'><strong>καὶ</strong></span> 
     </span>
    </p>
   </div>
   <div class='ocr_carea' id='block_1_59' title="bbox 423 3006 2006 3095">
    <p class='ocr_par' dir='ltr' id='par_1_59' title="bbox 423 3009 2006 3082">
     <span class='ocr_line' id='line_1_60' title="bbox 423 3009 2006 3082; baseline 0.002 -19"><span class='ocrx_word' id='word_1_434' title='bbox 423 3024 577 3066; x_wconf 88' lang='lat' dir='ltr'><strong>nunc</strong></span> <span class='ocrx_word' id='word_1_435' title='bbox 609 3009 809 3066; x_wconf 76' lang='lat' dir='ltr'><strong>exaudi</strong></span> <span class='ocrx_word' id='word_1_436' title='bbox 845 3011 1034 3067; x_wconf 85' lang='lat' dir='ltr'><strong>vocem</strong></span> <span class='ocrx_word' id='word_1_437' title='bbox 1092 3026 1293 3076; x_wconf 89' lang='lat' dir='ltr'><strong>meam,</strong></span> <span class='ocrx_word' id='word_1_438' title='bbox 1339 3022 1395 3067; x_wconf 92' lang='lat' dir='ltr'><strong>et</strong></span> <span class='ocrx_word' id='word_1_439' title='bbox 1437 3011 1522 3067; x_wconf 68' lang='lat' dir='ltr'><strong>bas</strong></span> <span class='ocrx_word' id='word_1_440' title='bbox 1572 3011 1831 3082; x_wconf 76' lang='lat' dir='ltr'><strong>lacrymae</strong></span> <span class='ocrx_word' id='word_1_441' title='bbox 1885 3027 2006 3066; x_wconf 88' lang='lat' dir='ltr'><strong>mo-</strong></span> 
     </span>
    </p>
   </div>
   <div class='ocr_carea' id='block_1_60' title="bbox 2113 3006 3698 3095">
    <p class='ocr_par' dir='ltr' id='par_1_60' title="bbox 2115 3006 3698 3095">
     <span class='ocr_line' id='line_1_61' title="bbox 2115 3006 3698 3095; baseline -0.006 -18"><span class='ocrx_word' id='word_1_442' title='bbox 2115 3023 2330 3095; x_wconf 80' lang='grc' dir='ltr'>δάκρυα</span> <span class='ocrx_word' id='word_1_443' title='bbox 2363 3021 2539 3077; x_wconf 88' lang='grc' dir='ltr'>ταῦτα</span> <span class='ocrx_word' id='word_1_444' title='bbox 2565 3020 2668 3091; x_wconf 78' lang='grc' dir='ltr'>τῆς</span> <span class='ocrx_word' id='word_1_445' title='bbox 2714 3018 2818 3088; x_wconf 85' lang='grc' dir='ltr'>σῆς</span> <span class='ocrx_word' id='word_1_446' title='bbox 2860 3006 3268 3087; x_wconf 74' lang='grc' dir='ltr'>εὐσπλαγχνίας</span> <span class='ocrx_word' id='word_1_447' title='bbox 3316 3016 3598 3086; x_wconf 77' lang='grc' dir='ltr'>κινησᾱιτω</span> <span class='ocrx_word' id='word_1_448' title='bbox 3625 3013 3698 3068; x_wconf 76' lang='grc' dir='ltr'>τὰ</span> 
     </span>
    </p>
   </div>
   <div class='ocr_carea' id='block_1_61' title="bbox 420 3102 2006 3190">
    <p class='ocr_par' dir='ltr' id='par_1_61' title="bbox 420 3102 2006 3177">
     <span class='ocr_line' id='line_1_62' title="bbox 420 3102 2006 3177; baseline 0.003 -20"><span class='ocrx_word' id='word_1_449' title='bbox 420 3110 584 3159; x_wconf 83' lang='lat' dir='ltr'><strong>veant</strong></span> <span class='ocrx_word' id='word_1_450' title='bbox 624 3102 832 3159; x_wconf 80' lang='lat' dir='ltr'><strong>ﬂuenta</strong></span> <span class='ocrx_word' id='word_1_451' title='bbox 885 3114 992 3160; x_wconf 74' lang='lat' dir='ltr'><strong>tuae</strong></span> <span class='ocrx_word' id='word_1_452' title='bbox 1039 3104 1458 3170; x_wconf 71' lang='lat' dir='ltr'><strong>misericordiae,</strong></span> <span class='ocrx_word' id='word_1_453' title='bbox 1488 3112 1545 3161; x_wconf 88' lang='lat' dir='ltr'><strong>et</strong></span> <span class='ocrx_word' id='word_1_454' title='bbox 1598 3105 1842 3160; x_wconf 90' lang='lat' dir='ltr'><strong>omnium</strong></span> <span class='ocrx_word' id='word_1_455' title='bbox 1875 3121 2006 3177; x_wconf 88' lang='lat' dir='ltr'><strong>pec-</strong></span> 
     </span>
    </p>
   </div>
   <div class='ocr_carea' id='block_1_62' title="bbox 2113 3102 3698 3190">
    <p class='ocr_par' dir='ltr' id='par_1_62' title="bbox 2117 3106 3698 3190">
     <span class='ocr_line' id='line_1_63' title="bbox 2117 3106 3698 3190; baseline -0.006 -19"><span class='ocrx_word' id='word_1_456' title='bbox 2117 3116 2311 3190; x_wconf 79' lang='grc' dir='ltr'>ρεἶθρα</span> <span class='ocrx_word' id='word_1_457' title='bbox 2341 3114 2438 3170; x_wconf 75' lang='grc' dir='ltr'>καὶ</span> <span class='ocrx_word' id='word_1_458' title='bbox 2483 3113 2610 3176; x_wconf 75' lang='grc' dir='ltr'>τοὺς</span> <span class='ocrx_word' id='word_1_459' title='bbox 2642 3111 2852 3183; x_wconf 79' lang='grc' dir='ltr'>ῥύπους</span> <span class='ocrx_word' id='word_1_460' title='bbox 2900 3112 3015 3164; x_wconf 79' lang='grc' dir='ltr'>ὅσοι</span> <span class='ocrx_word' id='word_1_461' title='bbox 3060 3110 3122 3164; x_wconf 86' lang='grc' dir='ltr'><strong>τέ</strong></span> <span class='ocrx_word' id='word_1_462' title='bbox 3164 3127 3269 3179; x_wconf 90' lang='grc' dir='ltr'><strong>μου</strong></span> <span class='ocrx_word' id='word_1_463' title='bbox 3308 3108 3551 3163; x_wconf 79' lang='grc' dir='ltr'>ἑκούσιοι</span> <span class='ocrx_word' id='word_1_464' title='bbox 3599 3106 3698 3162; x_wconf 81' lang='grc' dir='ltr'>καὶ</span> 
     </span>
    </p>
   </div>
   <div class='ocr_carea' id='block_1_63' title="bbox 421 3183 2006 3295">
    <p class='ocr_par' dir='ltr' id='par_1_63' title="bbox 421 3183 2006 3271">
     <span class='ocr_line' id='line_1_64' title="bbox 421 3183 2006 3271; baseline 0.002 -20"><span class='ocrx_word' id='word_1_465' title='bbox 421 3206 673 3265; x_wconf 85' lang='lat' dir='ltr'><strong>calorum</strong></span> <span class='ocrx_word' id='word_1_466' title='bbox 700 3196 891 3253; x_wconf 89' lang='lat' dir='ltr'><strong>sordes</strong></span> <span class='ocrx_word' id='word_1_467' title='bbox 916 3183 1030 3252; x_wconf 72' lang='lat' dir='ltr'><strong>tam</strong></span> <span class='ocrx_word' id='word_1_468' title='bbox 1054 3196 1393 3252; x_wconf 90' lang='lat' dir='ltr'><strong>voluntarias</strong></span> <span class='ocrx_word' id='word_1_469' title='bbox 1417 3212 1578 3271; x_wconf 86' lang='lat' dir='ltr'><strong>quam</strong></span> <span class='ocrx_word' id='word_1_470' title='bbox 1608 3198 2006 3254; x_wconf 80' lang='lat' dir='ltr'><strong>involuutarias</strong></span> 
     </span>
    </p>
   </div>
   <div class='ocr_carea' id='block_1_64' title="bbox 2113 3183 3696 3295">
    <p class='ocr_par' dir='ltr' id='par_1_64' title="bbox 2113 3183 3696 3273">
     <span class='ocr_line' id='line_1_65' title="bbox 2113 3183 3696 3273; baseline -0.008 -11"><span class='ocrx_word' id='word_1_471' title='bbox 2113 3183 2506 3263; x_wconf 54' lang='lat' dir='ltr'><strong>daordxoﬁmor</strong></span> <span class='ocrx_word' id='word_1_472' title='bbox 2535 3204 2645 3258; x_wconf 81' lang='grc' dir='ltr'><strong>τῶν</strong></span> <span class='ocrx_word' id='word_1_473' title='bbox 2660 3202 3104 3273; x_wconf 79' lang='grc' dir='ltr'>ἁμαρτημάτων,</span> <span class='ocrx_word' id='word_1_474' title='bbox 3122 3200 3363 3273; x_wconf 84' lang='grc' dir='ltr'>κάθαρον</span> <span class='ocrx_word' id='word_1_475' title='bbox 3383 3216 3399 3232; x_wconf 90' lang='grc'><strong>·</strong></span> <span class='ocrx_word' id='word_1_476' title='bbox 3425 3198 3523 3270; x_wconf 79' lang='grc' dir='ltr'>τὴν</span> <span class='ocrx_word' id='word_1_477' title='bbox 3555 3196 3696 3269; x_wconf 86' lang='grc' dir='ltr'>πρός</span> 
     </span>
    </p>
   </div>
   <div class='ocr_carea' id='block_1_65' title="bbox 421 3286 2002 3359">
    <p class='ocr_par' dir='ltr' id='par_1_65' title="bbox 421 3286 2002 3359">
     <span class='ocr_line' id='line_1_66' title="bbox 421 3286 2002 3359; baseline 0.002 -19"><span class='ocrx_word' id='word_1_478' title='bbox 421 3303 666 3359; x_wconf 76' lang='lat' dir='ltr'><strong>expurga</strong></span> <span class='ocrx_word' id='word_1_479' title='bbox 695 3307 711 3345; x_wconf 88' lang='lat'><strong>:</strong></span> <span class='ocrx_word' id='word_1_480' title='bbox 752 3287 935 3359; x_wconf 64' lang='lat' dir='ltr'><strong>praebe</strong></span> <span class='ocrx_word' id='word_1_481' title='bbox 970 3287 1104 3341; x_wconf 87' lang='lat' dir='ltr'><strong>mihi</strong></span> <span class='ocrx_word' id='word_1_482' title='bbox 1137 3286 1205 3342; x_wconf 91' lang='lat' dir='ltr'><strong>ad</strong></span> <span class='ocrx_word' id='word_1_483' title='bbox 1238 3294 1289 3342; x_wconf 92' lang='lat' dir='ltr'><strong>te</strong></span> <span class='ocrx_word' id='word_1_484' title='bbox 1321 3286 1427 3342; x_wconf 89' lang='lat' dir='ltr'><strong>iter</strong></span> <span class='ocrx_word' id='word_1_485' title='bbox 1475 3289 1679 3357; x_wconf 86' lang='lat' dir='ltr'><strong>absque</strong></span> <span class='ocrx_word' id='word_1_486' title='bbox 1734 3288 1843 3343; x_wconf 92' lang='lat' dir='ltr'><strong>ulla</strong></span> <span class='ocrx_word' id='word_1_487' title='bbox 1879 3302 2002 3358; x_wconf 87' lang='lat' dir='ltr'><strong>per-</strong></span> 
     </span>
    </p>
   </div>
   <div class='ocr_carea' id='block_1_66' title="bbox 424 3372 2002 3447">
    <p class='ocr_par' dir='ltr' id='par_1_66' title="bbox 424 3372 2002 3447">
     <span class='ocr_line' id='line_1_67' title="bbox 424 3372 2002 3447; baseline 0.003 -16"><span class='ocrx_word' id='word_1_488' title='bbox 424 3372 740 3434; x_wconf 82' lang='lat' dir='ltr'><strong>turbatione</strong></span> <span class='ocrx_word' id='word_1_489' title='bbox 766 3384 820 3434; x_wconf 91' lang='lat' dir='ltr'><strong>et</strong></span> <span class='ocrx_word' id='word_1_490' title='bbox 853 3377 993 3437; x_wconf 89' lang='lat' dir='ltr'><strong>citra</strong></span> <span class='ocrx_word' id='word_1_491' title='bbox 1030 3377 1204 3431; x_wconf 91' lang='lat' dir='ltr'><strong>ullum</strong></span> <span class='ocrx_word' id='word_1_492' title='bbox 1265 3378 1742 3447; x_wconf 87' lang='lat' dir='ltr'><strong>impedimentum.</strong></span> <span class='ocrx_word' id='word_1_493' title='bbox 1800 3377 1879 3434; x_wconf 84' lang='lat' dir='ltr'><strong>Nc</strong></span> <span class='ocrx_word' id='word_1_494' title='bbox 1916 3396 2002 3436; x_wconf 92' lang='lat' dir='ltr'><strong>me</strong></span> 
     </span>
    </p>
   </div>
   <div class='ocr_carea' id='block_1_67' title="bbox 423 3469 2001 3539">
    <p class='ocr_par' dir='ltr' id='par_1_67' title="bbox 423 3469 2001 3539">
     <span class='ocr_line' id='line_1_68' title="bbox 423 3469 2001 3539; baseline 0.004 -19"><span class='ocrx_word' id='word_1_495' title='bbox 423 3470 695 3525; x_wconf 88' lang='lat' dir='ltr'><strong>retineant</strong></span> <span class='ocrx_word' id='word_1_496' title='bbox 725 3469 893 3539; x_wconf 80' lang='lat' dir='ltr'><strong>huius</strong></span> <span class='ocrx_word' id='word_1_497' title='bbox 922 3469 1071 3524; x_wconf 88' lang='lat' dir='ltr'><strong>aeris</strong></span> <span class='ocrx_word' id='word_1_498' title='bbox 1108 3469 1235 3524; x_wconf 84' lang='lat' dir='ltr'><strong>mali</strong></span> <span class='ocrx_word' id='word_1_499' title='bbox 1262 3469 1560 3525; x_wconf 84' lang='lat' dir='ltr'><strong>daemones.</strong></span> <span class='ocrx_word' id='word_1_500' title='bbox 1595 3471 1746 3527; x_wconf 84' lang='lat' dir='ltr'><strong>Nosti</strong></span> <span class='ocrx_word' id='word_1_501' title='bbox 1774 3473 2001 3527; x_wconf 84' lang='lat' dir='ltr'><strong>mortale</strong></span> 
     </span>
    </p>
   </div>
   <div class='ocr_carea' id='block_1_68' title="bbox 423 3558 1993 3627">
    <p class='ocr_par' dir='ltr' id='par_1_68' title="bbox 423 3558 1993 3627">
     <span class='ocr_line' id='line_1_69' title="bbox 423 3558 1993 3627; baseline 0.001 -13"><span class='ocrx_word' id='word_1_502' title='bbox 423 3577 456 3614; x_wconf 82' lang='grc' dir='ltr'><strong>ο</strong></span> <span class='ocrx_word' id='word_1_503' title='bbox 487 3558 840 3624; x_wconf 87' lang='lat' dir='ltr'><strong>immortalis,</strong></span> <span class='ocrx_word' id='word_1_504' title='bbox 867 3560 977 3615; x_wconf 86' lang='lat' dir='ltr'><strong>scis</strong></span> <span class='ocrx_word' id='word_1_505' title='bbox 1001 3574 1034 3613; x_wconf 94' lang='grc' dir='ltr'><strong>ο</strong></span> <span class='ocrx_word' id='word_1_506' title='bbox 1066 3558 1357 3615; x_wconf 89' lang='lat' dir='ltr'><strong>hominum</strong></span> <span class='ocrx_word' id='word_1_507' title='bbox 1382 3572 1613 3627; x_wconf 85' lang='lat' dir='ltr'><strong>amator,</strong></span> <span class='ocrx_word' id='word_1_508' title='bbox 1656 3563 1865 3617; x_wconf 90' lang='lat' dir='ltr'><strong>nullum</strong></span> <span class='ocrx_word' id='word_1_509' title='bbox 1898 3564 1993 3618; x_wconf 87' lang='lat' dir='ltr'><strong>bo-</strong></span> 
     </span>
    </p>
   </div>
   <div class='ocr_carea' id='block_1_69' title="bbox 422 3654 1995 3729">
    <p class='ocr_par' dir='ltr' id='par_1_69' title="bbox 422 3654 1995 3729">
     <span class='ocr_line' id='line_1_70' title="bbox 422 3654 1995 3729; baseline 0.002 -19"><span class='ocrx_word' id='word_1_510' title='bbox 422 3655 624 3711; x_wconf 89' lang='lat' dir='ltr'><strong>miuem</strong></span> <span class='ocrx_word' id='word_1_511' title='bbox 655 3669 778 3710; x_wconf 89' lang='lat' dir='ltr'><strong>esse</strong></span> <span class='ocrx_word' id='word_1_512' title='bbox 808 3654 929 3710; x_wconf 88' lang='lat' dir='ltr'><strong>sine</strong></span> <span class='ocrx_word' id='word_1_513' title='bbox 959 3655 1239 3713; x_wconf 83' lang='lat' dir='ltr'><strong>sordibus.</strong></span> <span class='ocrx_word' id='word_1_514' title='bbox 1259 3655 1455 3711; x_wconf 86' lang='lat' dir='ltr'><strong>Nullus</strong></span> <span class='ocrx_word' id='word_1_515' title='bbox 1479 3664 1583 3723; x_wconf 90' lang='lat' dir='ltr'><strong>est,</strong></span> <span class='ocrx_word' id='word_1_516' title='bbox 1615 3657 1667 3710; x_wconf 91' lang='lat' dir='ltr'><strong>in</strong></span> <span class='ocrx_word' id='word_1_517' title='bbox 1698 3672 1858 3729; x_wconf 89' lang='lat' dir='ltr'><strong>quem</strong></span> <span class='ocrx_word' id='word_1_518' title='bbox 1889 3674 1995 3713; x_wconf 92' lang='lat' dir='ltr'><strong>non</strong></span> 
     </span>
    </p>
   </div>
   <div class='ocr_carea' id='block_1_70' title="bbox 421 3745 2003 3817">
    <p class='ocr_par' dir='ltr' id='par_1_70' title="bbox 421 3745 2003 3817">
     <span class='ocr_line' id='line_1_71' title="bbox 421 3745 2003 3817; baseline 0.002 -17"><span class='ocrx_word' id='word_1_519' title='bbox 421 3748 599 3814; x_wconf 84' lang='lat' dir='ltr'><strong>possit</strong></span> <span class='ocrx_word' id='word_1_520' title='bbox 634 3745 880 3817; x_wconf 87' lang='lat' dir='ltr'><strong>arripere</strong></span> <span class='ocrx_word' id='word_1_521' title='bbox 908 3760 1098 3801; x_wconf 88' lang='lat' dir='ltr'><strong>ansam</strong></span> <span class='ocrx_word' id='word_1_522' title='bbox 1159 3747 1535 3813; x_wconf 89' lang='lat' dir='ltr'><strong>adversarius,</strong></span> <span class='ocrx_word' id='word_1_523' title='bbox 1586 3758 1687 3803; x_wconf 84' lang='lat' dir='ltr'><strong>nec</strong></span> <span class='ocrx_word' id='word_1_524' title='bbox 1745 3748 1791 3806; x_wconf 88' lang='lat' dir='ltr'><strong>si</strong></span> <span class='ocrx_word' id='word_1_525' title='bbox 1837 3750 2003 3804; x_wconf 68' lang='lat' dir='ltr'><strong>vitam</strong></span> 
     </span>
    </p>
   </div>
   <div class='ocr_carea' id='block_1_71' title="bbox 420 3839 2000 3913">
    <p class='ocr_par' dir='ltr' id='par_1_71' title="bbox 420 3839 2000 3913">
     <span class='ocr_line' id='line_1_72' title="bbox 420 3839 2000 3913; baseline 0.001 -18"><span class='ocrx_word' id='word_1_526' title='bbox 420 3839 641 3911; x_wconf 83' lang='lat' dir='ltr'><strong>quidem</strong></span> <span class='ocrx_word' id='word_1_527' title='bbox 668 3839 864 3896; x_wconf 90' lang='lat' dir='ltr'><strong>haheat</strong></span> <span class='ocrx_word' id='word_1_528' title='bbox 903 3855 1015 3896; x_wconf 91' lang='lat' dir='ltr'><strong>uno</strong></span> <span class='ocrx_word' id='word_1_529' title='bbox 1043 3840 1132 3897; x_wconf 87' lang='lat' dir='ltr'><strong>die</strong></span> <span class='ocrx_word' id='word_1_530' title='bbox 1182 3839 1512 3897; x_wconf 88' lang='lat' dir='ltr'><strong>dimensam.</strong></span> <span class='ocrx_word' id='word_1_531' title='bbox 1538 3841 1645 3898; x_wconf 86' lang='lat' dir='ltr'><strong>Sed</strong></span> <span class='ocrx_word' id='word_1_532' title='bbox 1689 3853 1742 3897; x_wconf 88' lang='lat' dir='ltr'><strong>tu</strong></span> <span class='ocrx_word' id='word_1_533' title='bbox 1781 3844 2000 3913; x_wconf 85' lang='lat' dir='ltr'><strong>quidem</strong></span> 
     </span>
    </p>
   </div>
   <div class='ocr_carea' id='block_1_72' title="bbox 418 3922 2002 4002">
    <p class='ocr_par' dir='ltr' id='par_1_72' title="bbox 418 3922 2002 4002">
     <span class='ocr_line' id='line_1_73' title="bbox 418 3922 2002 4002; baseline 0.001 -13"><span class='ocrx_word' id='word_1_534' title='bbox 418 3949 545 3989; x_wconf 89' lang='lat' dir='ltr'><strong>cum</strong></span> <span class='ocrx_word' id='word_1_535' title='bbox 575 3948 693 3989; x_wconf 83' lang='lat' dir='ltr'><strong>mea</strong></span> <span class='ocrx_word' id='word_1_536' title='bbox 721 3933 907 3988; x_wconf 85' lang='lat' dir='ltr'><strong>omnia</strong></span> <span class='ocrx_word' id='word_1_537' title='bbox 939 3922 1279 4002; x_wconf 80' lang='lat' dir='ltr'><strong>despexeris,</strong></span> <span class='ocrx_word' id='word_1_538' title='bbox 1309 3933 1445 3990; x_wconf 88' lang='lat' dir='ltr'><strong>siste</strong></span> <span class='ocrx_word' id='word_1_539' title='bbox 1469 3949 1556 3990; x_wconf 92' lang='lat' dir='ltr'><strong>me</strong></span> <span class='ocrx_word' id='word_1_540' title='bbox 1586 3935 1845 3991; x_wconf 77' lang='lat' dir='ltr'><strong>mundam</strong></span> <span class='ocrx_word' id='word_1_541' title='bbox 1875 3947 2002 3991; x_wconf 89' lang='lat' dir='ltr'><strong>aute</strong></span> 
     </span>
    </p>
   </div>
   <div class='ocr_carea' id='block_1_73' title="bbox 421 4023 1997 4099">
    <p class='ocr_par' dir='ltr' id='par_1_73' title="bbox 421 4023 1997 4099">
     <span class='ocr_line' id='line_1_74' title="bbox 421 4023 1997 4099; baseline -0.001 -18"><span class='ocrx_word' id='word_1_542' title='bbox 421 4037 576 4082; x_wconf 90' lang='lat' dir='ltr'><strong>tuum</strong></span> <span class='ocrx_word' id='word_1_543' title='bbox 607 4024 873 4095; x_wconf 85' lang='lat' dir='ltr'><strong>tribunal.</strong></span> <span class='ocrx_word' id='word_1_544' title='bbox 902 4023 980 4095; x_wconf 80' lang='lat' dir='ltr'><strong>Ea</strong></span> <span class='ocrx_word' id='word_1_545' title='bbox 1009 4024 1092 4080; x_wconf 90' lang='lat' dir='ltr'><strong>sic</strong></span> <span class='ocrx_word' id='word_1_546' title='bbox 1123 4034 1386 4095; x_wconf 84' lang='lat' dir='ltr'><strong>precante</strong></span> <span class='ocrx_word' id='word_1_547' title='bbox 1408 4041 1531 4081; x_wconf 90' lang='lat' dir='ltr'><strong>cum</strong></span> <span class='ocrx_word' id='word_1_548' title='bbox 1566 4027 1846 4099; x_wconf 86' lang='lat' dir='ltr'><strong>lacrymis,</strong></span> <span class='ocrx_word' id='word_1_549' title='bbox 1875 4044 1997 4082; x_wconf 86' lang='lat' dir='ltr'><strong>cum</strong></span> 
     </span>
    </p>
   </div>
   <div class='ocr_carea' id='block_1_74' title="bbox 420 4117 2008 4195">
    <p class='ocr_par' dir='ltr' id='par_1_74' title="bbox 420 4117 2008 4195">
     <span class='ocr_line' id='line_1_75' title="bbox 420 4117 2008 4195; baseline 0 -20"><span class='ocrx_word' id='word_1_550' title='bbox 420 4120 666 4176; x_wconf 86' lang='lat' dir='ltr'><strong>nondum</strong></span> <span class='ocrx_word' id='word_1_551' title='bbox 697 4124 971 4195; x_wconf 75' lang='lat' dir='ltr'><strong>cessasset</strong></span> <span class='ocrx_word' id='word_1_552' title='bbox 998 4132 1184 4185; x_wconf 86' lang='lat' dir='ltr'><strong>orare,</strong></span> <span class='ocrx_word' id='word_1_553' title='bbox 1214 4117 1409 4173; x_wconf 85' lang='lat' dir='ltr'><strong>horror</strong></span> <span class='ocrx_word' id='word_1_554' title='bbox 1436 4133 1639 4189; x_wconf 87' lang='lat' dir='ltr'><strong>corpus</strong></span> <span class='ocrx_word' id='word_1_555' title='bbox 1685 4120 1806 4189; x_wconf 84' lang='lat' dir='ltr'><strong>ejus</strong></span> <span class='ocrx_word' id='word_1_556' title='bbox 1849 4120 2008 4175; x_wconf 82' lang='lat' dir='ltr'><strong>inva-</strong></span> 
     </span>
    </p>
   </div>
   <div class='ocr_carea' id='block_1_75' title="bbox 421 4207 2003 4280">
    <p class='ocr_par' dir='ltr' id='par_1_75' title="bbox 421 4207 2003 4280">
     <span class='ocr_line' id='line_1_76' title="bbox 421 4207 2003 4280; baseline 0.001 -18"><span class='ocrx_word' id='word_1_557' title='bbox 421 4210 527 4277; x_wconf 90' lang='lat' dir='ltr'><strong>dit,</strong></span> <span class='ocrx_word' id='word_1_558' title='bbox 564 4216 620 4271; x_wconf 82' lang='lat' dir='ltr'><strong>et</strong></span> <span class='ocrx_word' id='word_1_559' title='bbox 646 4209 843 4280; x_wconf 86' lang='lat' dir='ltr'><strong>incipit</strong></span> <span class='ocrx_word' id='word_1_560' title='bbox 874 4207 1098 4280; x_wconf 91' lang='lat' dir='ltr'><strong>quidem</strong></span> <span class='ocrx_word' id='word_1_561' title='bbox 1137 4215 1432 4277; x_wconf 66' lang='lat' dir='ltr'><strong>aegrotare,</strong></span> <span class='ocrx_word' id='word_1_562' title='bbox 1456 4223 1569 4263; x_wconf 89' lang='lat' dir='ltr'><strong>non</strong></span> <span class='ocrx_word' id='word_1_563' title='bbox 1603 4217 1787 4264; x_wconf 83' lang='lat' dir='ltr'><strong>cessat</strong></span> <span class='ocrx_word' id='word_1_564' title='bbox 1818 4216 2003 4265; x_wconf 86' lang='lat' dir='ltr'><strong>autem</strong></span> 
     </span>
    </p>
   </div>
   <div class='ocr_carea' id='block_1_76' title="bbox 420 4300 2002 4379">
    <p class='ocr_par' dir='ltr' id='par_1_76' title="bbox 420 4300 2002 4379">
     <span class='ocr_line' id='line_1_77' title="bbox 420 4300 2002 4379; baseline 0.001 -22"><span class='ocrx_word' id='word_1_565' title='bbox 420 4302 704 4369; x_wconf 84' lang='lat' dir='ltr'><strong>laborare;</strong></span> <span class='ocrx_word' id='word_1_566' title='bbox 734 4300 830 4358; x_wconf 84' lang='lat' dir='ltr'><strong>sed</strong></span> <span class='ocrx_word' id='word_1_567' title='bbox 877 4300 1132 4372; x_wconf 81' lang='lat' dir='ltr'><strong>quamvis</strong></span> <span class='ocrx_word' id='word_1_568' title='bbox 1178 4301 1259 4357; x_wconf 88' lang='lat' dir='ltr'><strong>ita</strong></span> <span class='ocrx_word' id='word_1_569' title='bbox 1306 4310 1455 4358; x_wconf 90' lang='lat' dir='ltr'><strong>esset</strong></span> <span class='ocrx_word' id='word_1_570' title='bbox 1509 4301 1725 4368; x_wconf 78' lang='lat' dir='ltr'><strong>ali‘ecta,</strong></span> <span class='ocrx_word' id='word_1_571' title='bbox 1775 4303 1888 4359; x_wconf 89' lang='lat' dir='ltr'><strong>ibat</strong></span> <span class='ocrx_word' id='word_1_572' title='bbox 1935 4303 2002 4379; x_wconf 84' lang='lat' dir='ltr'><strong>ad</strong></span> 
     </span>
    </p>
   </div>
   <div class='ocr_carea' id='block_1_77' title="bbox 419 4392 2004 4465">
    <p class='ocr_par' dir='ltr' id='par_1_77' title="bbox 419 4392 2004 4465">
     <span class='ocr_line' id='line_1_78' title="bbox 419 4392 2004 4465; baseline -0.001 -16"><span class='ocrx_word' id='word_1_573' title='bbox 419 4402 684 4449; x_wconf 89' lang='lat' dir='ltr'><strong>consueta</strong></span> <span class='ocrx_word' id='word_1_574' title='bbox 714 4394 953 4459; x_wconf 90' lang='lat' dir='ltr'><strong>cantica,</strong></span> <span class='ocrx_word' id='word_1_575' title='bbox 987 4398 1043 4447; x_wconf 85' lang='lat' dir='ltr'><strong>et</strong></span> <span class='ocrx_word' id='word_1_576' title='bbox 1068 4392 1233 4448; x_wconf 91' lang='lat' dir='ltr'><strong>simul</strong></span> <span class='ocrx_word' id='word_1_577' title='bbox 1287 4394 1522 4465; x_wconf 83' lang='lat' dir='ltr'><strong>hymnos</strong></span> <span class='ocrx_word' id='word_1_578' title='bbox 1568 4393 1839 4465; x_wconf 88' lang='lat' dir='ltr'><strong>psallebat</strong></span> <span class='ocrx_word' id='word_1_579' title='bbox 1888 4408 2004 4448; x_wconf 86' lang='lat' dir='ltr'><strong>ma-</strong></span> 
     </span>
    </p>
   </div>
   <div class='ocr_carea' id='block_1_78' title="bbox 2110 3289 3699 3370">
    <p class='ocr_par' dir='ltr' id='par_1_78' title="bbox 2110 3289 3699 3370">
     <span class='ocr_line' id='line_1_79' title="bbox 2110 3289 3699 3370; baseline -0.008 -14"><span class='ocrx_word' id='word_1_580' title='bbox 2110 3319 2172 3356; x_wconf 91' lang='grc' dir='ltr'><strong>σε</strong></span> <span class='ocrx_word' id='word_1_581' title='bbox 2210 3299 2441 3370; x_wconf 83' lang='grc' dir='ltr'>πορείαν</span> <span class='ocrx_word' id='word_1_582' title='bbox 2497 3297 2773 3367; x_wconf 73' lang='grc' dir='ltr'>ἀτάραχόν</span> <span class='ocrx_word' id='word_1_583' title='bbox 2828 3313 2923 3365; x_wconf 89' lang='grc' dir='ltr'><strong>μοι</strong></span> <span class='ocrx_word' id='word_1_584' title='bbox 2973 3294 3261 3366; x_wconf 81' lang='grc' dir='ltr'>παράσχου</span> <span class='ocrx_word' id='word_1_585' title='bbox 3311 3293 3409 3347; x_wconf 58' lang='grc' dir='ltr'><strong>καὶ⁸</strong></span> <span class='ocrx_word' id='word_1_586' title='bbox 3449 3289 3699 3363; x_wconf 77' lang='grc' dir='ltr'>ἀνεμπό-</span> 
     </span>
    </p>
   </div>
   <div class='ocr_carea' id='block_1_79' title="bbox 2104 3382 3695 3463">
    <p class='ocr_par' dir='ltr' id='par_1_79' title="bbox 2104 3382 3695 3463">
     <span class='ocr_line' id='line_1_80' title="bbox 2104 3382 3695 3463; baseline -0.006 -17"><span class='ocrx_word' id='word_1_587' title='bbox 2104 3393 2285 3446; x_wconf 85' lang='grc' dir='ltr'>διστον</span> <span class='ocrx_word' id='word_1_588' title='bbox 2316 3390 2391 3463; x_wconf 75' lang='grc' dir='ltr'>μὴ</span> <span class='ocrx_word' id='word_1_589' title='bbox 2410 3388 2726 3459; x_wconf 84' lang='grc' dir='ltr'>κατάσχωσί</span> <span class='ocrx_word' id='word_1_590' title='bbox 2755 3404 2818 3457; x_wconf 83' lang='grc' dir='ltr'><strong>με</strong></span> <span class='ocrx_word' id='word_1_591' title='bbox 2845 3387 2895 3441; x_wconf 85' lang='grc' dir='ltr'>οἱ</span> <span class='ocrx_word' id='word_1_592' title='bbox 2927 3385 3021 3440; x_wconf 88' lang='grc' dir='ltr'><strong>τοῦ</strong></span> <span class='ocrx_word' id='word_1_593' title='bbox 3052 3386 3212 3456; x_wconf 83' lang='grc' dir='ltr'>ἀέρος</span> <span class='ocrx_word' id='word_1_594' title='bbox 3235 3383 3427 3439; x_wconf 86' lang='grc' dir='ltr'>τούτου</span> <span class='ocrx_word' id='word_1_595' title='bbox 3460 3382 3695 3455; x_wconf 69' lang='grc' dir='ltr'>πονηροὶ</span> 
     </span>
    </p>
   </div>
   <div class='ocr_carea' id='block_1_80' title="bbox 2105 3472 3696 3554">
    <p class='ocr_par' dir='ltr' id='par_1_80' title="bbox 2105 3472 3696 3554">
     <span class='ocr_line' id='line_1_81' title="bbox 2105 3472 3696 3554; baseline -0.006 -16"><span class='ocrx_word' id='word_1_596' title='bbox 2105 3484 2381 3554; x_wconf 88' lang='grc' dir='ltr'>δαίμονες,</span> <span class='ocrx_word' id='word_1_597' title='bbox 2397 3480 2947 3551; x_wconf 75' lang='grc' dir='ltr'>ἔγνωκας,ἁθάνατε,</span> <span class='ocrx_word' id='word_1_598' title='bbox 2965 3480 3057 3533; x_wconf 78' lang='grc' dir='ltr'><strong>τὸν</strong></span> <span class='ocrx_word' id='word_1_599' title='bbox 3089 3478 3283 3548; x_wconf 86' lang='grc' dir='ltr'>θνητόν</span> <span class='ocrx_word' id='word_1_600' title='bbox 3302 3495 3319 3512; x_wconf 78' lang='grc' dir='ltr'><strong><em>ο</em></strong></span> <span class='ocrx_word' id='word_1_601' title='bbox 3337 3472 3558 3541; x_wconf 77' lang='grc' dir='ltr'>οἷδαςτὰ</span> <span class='ocrx_word' id='word_1_602' title='bbox 3583 3476 3696 3529; x_wconf 85' lang='grc' dir='ltr'>τῶν</span> 
     </span>
    </p>
   </div>
   <div class='ocr_carea' id='block_1_81' title="bbox 2103 3563 3694 3643">
    <p class='ocr_par' dir='ltr' id='par_1_81' title="bbox 2103 3563 3694 3643">
     <span class='ocr_line' id='line_1_82' title="bbox 2103 3563 3694 3643; baseline -0.006 -16"><span class='ocrx_word' id='word_1_603' title='bbox 2103 3572 2433 3642; x_wconf 83' lang='grc' dir='ltr'>ἀνθρώπων,</span> <span class='ocrx_word' id='word_1_604' title='bbox 2468 3571 2843 3643; x_wconf 73' lang='grc' dir='ltr'>φιλάνθρωπε,</span> <span class='ocrx_word' id='word_1_605' title='bbox 2887 3569 2964 3634; x_wconf 84' lang='grc' dir='ltr'>ὡς</span> <span class='ocrx_word' id='word_1_606' title='bbox 3001 3568 3174 3632; x_wconf 75' lang='grc' dir='ltr'>οὐδεὶς</span> <span class='ocrx_word' id='word_1_607' title='bbox 3215 3566 3480 3631; x_wconf 82' lang='grc' dir='ltr'>ἄσπιλος,</span> <span class='ocrx_word' id='word_1_608' title='bbox 3516 3563 3694 3628; x_wconf 75' lang='grc' dir='ltr'>οὐδεὶς</span> 
     </span>
    </p>
   </div>
   <div class='ocr_carea' id='block_1_82' title="bbox 2104 3656 3694 3736">
    <p class='ocr_par' dir='ltr' id='par_1_82' title="bbox 2104 3656 3694 3736">
     <span class='ocr_line' id='line_1_83' title="bbox 2104 3656 3694 3736; baseline -0.008 -15"><span class='ocrx_word' id='word_1_609' title='bbox 2104 3667 2348 3736; x_wconf 83' lang='grc' dir='ltr'>ἄληπτος</span> <span class='ocrx_word' id='word_1_610' title='bbox 2382 3667 2502 3728; x_wconf 81' lang='grc' dir='ltr'>ταῖς</span> <span class='ocrx_word' id='word_1_611' title='bbox 2529 3664 2621 3717; x_wconf 79' lang='grc' dir='ltr'><strong>τοῦ</strong></span> <span class='ocrx_word' id='word_1_612' title='bbox 2649 3664 3033 3733; x_wconf 80' lang='grc' dir='ltr'>ἀντικειμένου</span> <span class='ocrx_word' id='word_1_613' title='bbox 3058 3661 3253 3725; x_wconf 88' lang='grc' dir='ltr'>λαϐαῖς</span> <span class='ocrx_word' id='word_1_614' title='bbox 3277 3660 3388 3714; x_wconf 82' lang='grc' dir='ltr'>οὐδ’</span> <span class='ocrx_word' id='word_1_615' title='bbox 3423 3658 3489 3713; x_wconf 80' lang='grc' dir='ltr'><strong>ἂν</strong></span> <span class='ocrx_word' id='word_1_616' title='bbox 3507 3656 3694 3730; x_wconf 80' lang='grc' dir='ltr'>ἡμέρᾳ</span> 
     </span>
    </p>
   </div>
   <div class='ocr_carea' id='block_1_83' title="bbox 2109 3749 3691 3828">
    <p class='ocr_par' dir='ltr' id='par_1_83' title="bbox 2109 3749 3691 3828">
     <span class='ocr_line' id='line_1_84' title="bbox 2109 3749 3691 3828; baseline -0.005 -19"><span class='ocrx_word' id='word_1_617' title='bbox 2109 3759 2209 3828; x_wconf 83' lang='grc' dir='ltr'>μιᾷ</span> <span class='ocrx_word' id='word_1_618' title='bbox 2250 3757 2348 3826; x_wconf 80' lang='grc' dir='ltr'>τὴν</span> <span class='ocrx_word' id='word_1_619' title='bbox 2387 3756 2534 3825; x_wconf 82' lang='grc' dir='ltr'>ζωὴν</span> <span class='ocrx_word' id='word_1_620' title='bbox 2567 3756 2721 3826; x_wconf 81' lang='grc' dir='ltr'>σχοίη</span> <span class='ocrx_word' id='word_1_621' title='bbox 2761 3754 3282 3826; x_wconf 86' lang='grc' dir='ltr'>συμμετρουμένην.</span> <span class='ocrx_word' id='word_1_622' title='bbox 3340 3752 3503 3806; x_wconf 79' lang='grc' dir='ltr'>Ἀλλὰ</span> <span class='ocrx_word' id='word_1_623' title='bbox 3532 3749 3595 3803; x_wconf 91' lang='grc' dir='ltr'><strong>σύ</strong></span> <span class='ocrx_word' id='word_1_624' title='bbox 3628 3766 3691 3818; x_wconf 81' lang='grc' dir='ltr'><strong>γε</strong></span> 
     </span>
    </p>
   </div>
   <div class='ocr_carea' id='block_1_84' title="bbox 2105 3844 3689 3920">
    <p class='ocr_par' dir='ltr' id='par_1_84' title="bbox 2105 3844 3689 3920">
     <span class='ocr_line' id='line_1_85' title="bbox 2105 3844 3689 3920; baseline -0.005 -15"><span class='ocrx_word' id='word_1_625' title='bbox 2105 3851 2283 3905; x_wconf 82' lang='grc' dir='ltr'>πάντα</span> <span class='ocrx_word' id='word_1_626' title='bbox 2322 3866 2423 3920; x_wconf 91' lang='grc' dir='ltr'><strong>μου</strong></span> <span class='ocrx_word' id='word_1_627' title='bbox 2455 3849 2702 3919; x_wconf 87' lang='grc' dir='ltr'>παριδὼν</span> <span class='ocrx_word' id='word_1_628' title='bbox 2732 3848 2983 3917; x_wconf 84' lang='grc' dir='ltr'>καθαρὰν</span> <span class='ocrx_word' id='word_1_629' title='bbox 3009 3846 3089 3917; x_wconf 83' lang='grc' dir='ltr'>τῷ</span> <span class='ocrx_word' id='word_1_630' title='bbox 3126 3845 3205 3917; x_wconf 81' lang='grc' dir='ltr'>σῷ</span> <span class='ocrx_word' id='word_1_631' title='bbox 3233 3864 3301 3917; x_wconf 91' lang='grc' dir='ltr'><strong>με</strong></span> <span class='ocrx_word' id='word_1_632' title='bbox 3334 3844 3689 3914; x_wconf 86' lang='grc' dir='ltr'>παράστησον</span> 
     </span>
    </p>
   </div>
   <div class='ocr_carea' id='block_1_85' title="bbox 2106 3936 3692 4013">
    <p class='ocr_par' dir='ltr' id='par_1_85' title="bbox 2106 3936 3692 4013">
     <span class='ocr_line' id='line_1_86' title="bbox 2106 3936 3692 4013; baseline -0.005 -17"><span class='ocrx_word' id='word_1_633' title='bbox 2106 3944 2333 4013; x_wconf 69' lang='grc' dir='ltr'>βήματι.</span> <span class='ocrx_word' id='word_1_634' title='bbox 2376 3941 2614 3996; x_wconf 84' lang='grc' dir='ltr'>Τοιαῦτα</span> <span class='ocrx_word' id='word_1_635' title='bbox 2648 3941 2789 4012; x_wconf 78' lang='grc' dir='ltr'>μετᾶ</span> <span class='ocrx_word' id='word_1_636' title='bbox 2825 3940 3077 4011; x_wconf 84' lang='grc' dir='ltr'>δακρύων</span> <span class='ocrx_word' id='word_1_637' title='bbox 3111 3936 3559 4010; x_wconf 78' lang='grc' dir='ltr'>προσευχομένης</span> <span class='ocrx_word' id='word_1_638' title='bbox 3597 3936 3692 3990; x_wconf 75' lang='grc' dir='ltr'>καὶ</span> 
     </span>
    </p>
   </div>
   <div class='ocr_carea' id='block_1_86' title="bbox 2104 4028 3694 4106">
    <p class='ocr_par' dir='ltr' id='par_1_86' title="bbox 2104 4028 3694 4106">
     <span class='ocr_line' id='line_1_87' title="bbox 2104 4028 3694 4106; baseline -0.003 -18"><span class='ocrx_word' id='word_1_639' title='bbox 2104 4035 2256 4088; x_wconf 80' lang='grc' dir='ltr'>οῦτιω</span> <span class='ocrx_word' id='word_1_640' title='bbox 2286 4034 2385 4103; x_wconf 80' lang='grc' dir='ltr'>τῆς</span> <span class='ocrx_word' id='word_1_641' title='bbox 2430 4035 2597 4104; x_wconf 77' lang='grc' dir='ltr'>εὐχῆς</span> <span class='ocrx_word' id='word_1_642' title='bbox 2636 4032 3024 4104; x_wconf 79' lang='grc' dir='ltr'>παυσαμένης,</span> <span class='ocrx_word' id='word_1_643' title='bbox 3061 4033 3234 4106; x_wconf 79' lang='grc' dir='ltr'>φρίκη</span> <span class='ocrx_word' id='word_1_644' title='bbox 3277 4030 3340 4084; x_wconf 74' lang='grc' dir='ltr'>τὸ</span> <span class='ocrx_word' id='word_1_645' title='bbox 3374 4030 3537 4103; x_wconf 83' lang='grc' dir='ltr'>σῶμα</span> <span class='ocrx_word' id='word_1_646' title='bbox 3562 4028 3694 4083; x_wconf 83' lang='grc' dir='ltr'>ταύ-</span> 
     </span>
    </p>
   </div>
   <div class='ocr_carea' id='block_1_87' title="bbox 2107 4112 3689 4196">
    <p class='ocr_par' dir='ltr' id='par_1_87' title="bbox 2107 4112 3689 4196">
     <span class='ocr_line' id='line_1_88' title="bbox 2107 4112 3689 4196; baseline -0.004 -17"><span class='ocrx_word' id='word_1_647' title='bbox 2107 4142 2207 4194; x_wconf 82' lang='grc' dir='ltr'><strong>της</strong></span> <span class='ocrx_word' id='word_1_648' title='bbox 2236 4124 2612 4196; x_wconf 77' lang='grc' dir='ltr'>ὑπολαμϐάνει</span> <span class='ocrx_word' id='word_1_649' title='bbox 2633 4140 2648 4157; x_wconf 77' lang='grc'><em>’</em></span> <span class='ocrx_word' id='word_1_650' title='bbox 2685 4112 2784 4177; x_wconf 65' lang='grc' dir='ltr'>καῖ</span> <span class='ocrx_word' id='word_1_651' title='bbox 2811 4121 2906 4176; x_wconf 88' lang='grc' dir='ltr'><strong>τοῦ</strong></span> <span class='ocrx_word' id='word_1_652' title='bbox 2954 4123 3054 4191; x_wconf 83' lang='grc' dir='ltr'>μὲν</span> <span class='ocrx_word' id='word_1_653' title='bbox 3102 4123 3281 4175; x_wconf 81' lang='grc' dir='ltr'>νοσεῖν</span> <span class='ocrx_word' id='word_1_654' title='bbox 3311 4121 3565 4194; x_wconf 77' lang='grc' dir='ltr'>ἄρχεται,</span> <span class='ocrx_word' id='word_1_655' title='bbox 3591 4121 3689 4172; x_wconf 86' lang='grc' dir='ltr'><strong>τοῦ</strong></span> 
     </span>
    </p>
   </div>
   <div class='ocr_carea' id='block_1_88' title="bbox 2103 4211 3691 4288">
    <p class='ocr_par' dir='ltr' id='par_1_88' title="bbox 2103 4211 3691 4288">
     <span class='ocr_line' id='line_1_89' title="bbox 2103 4211 3691 4288; baseline -0.004 -16"><span class='ocrx_word' id='word_1_656' title='bbox 2103 4218 2161 4272; x_wconf 82' lang='grc' dir='ltr'>δὲ</span> <span class='ocrx_word' id='word_1_657' title='bbox 2200 4220 2383 4270; x_wconf 86' lang='grc' dir='ltr'>πονεῖν</span> <span class='ocrx_word' id='word_1_658' title='bbox 2443 4216 2566 4270; x_wconf 80' lang='grc' dir='ltr'>οὐδὲ</span> <span class='ocrx_word' id='word_1_659' title='bbox 2621 4217 2799 4288; x_wconf 82' lang='grc' dir='ltr'>βραχὺ</span> <span class='ocrx_word' id='word_1_660' title='bbox 2858 4214 3118 4279; x_wconf 86' lang='grc' dir='ltr'>παύεται,</span> <span class='ocrx_word' id='word_1_661' title='bbox 3174 4212 3310 4269; x_wconf 85' lang='grc' dir='ltr'>ἀλλὰ</span> <span class='ocrx_word' id='word_1_662' title='bbox 3362 4212 3458 4266; x_wconf 75' lang='grc' dir='ltr'><strong>καὶ</strong></span> <span class='ocrx_word' id='word_1_663' title='bbox 3514 4211 3691 4276; x_wconf 76' lang='grc' dir='ltr'>οὕτως</span> 
     </span>
    </p>
   </div>
   <div class='ocr_carea' id='block_1_89' title="bbox 2104 4302 3689 4379">
    <p class='ocr_par' dir='ltr' id='par_1_89' title="bbox 2104 4302 3689 4379">
     <span class='ocr_line' id='line_1_90' title="bbox 2104 4302 3689 4379; baseline -0.006 -16"><span class='ocrx_word' id='word_1_664' title='bbox 2104 4308 2308 4379; x_wconf 73' lang='grc' dir='ltr'>ἔχουσα</span> <span class='ocrx_word' id='word_1_665' title='bbox 2343 4308 2437 4361; x_wconf 76' lang='grc' dir='ltr'><strong>ἐπὶ</strong></span> <span class='ocrx_word' id='word_1_666' title='bbox 2466 4309 2565 4372; x_wconf 74' lang='grc' dir='ltr'>τὰς</span> <span class='ocrx_word' id='word_1_667' title='bbox 2593 4306 2851 4378; x_wconf 77' lang='grc' dir='ltr'>συνήθεις</span> <span class='ocrx_word' id='word_1_668' title='bbox 2883 4304 2971 4376; x_wconf 72' lang='grc' dir='ltr'>ᾔει</span> <span class='ocrx_word' id='word_1_669' title='bbox 3002 4304 3167 4376; x_wconf 78' lang='grc' dir='ltr'>ᾠδὰς,</span> <span class='ocrx_word' id='word_1_670' title='bbox 3217 4303 3313 4358; x_wconf 75' lang='grc' dir='ltr'>καὶ</span> <span class='ocrx_word' id='word_1_671' title='bbox 3344 4303 3471 4367; x_wconf 78' lang='grc' dir='ltr'>τοὺς</span> <span class='ocrx_word' id='word_1_672' title='bbox 3501 4302 3689 4372; x_wconf 83' lang='grc' dir='ltr'>ὀρθρι-</span> 
     </span>
    </p>
   </div>
   <div class='ocr_carea' id='block_1_90' title="bbox 2103 4394 3689 4470">
    <p class='ocr_par' dir='ltr' id='par_1_90' title="bbox 2103 4394 3689 4470">
     <span class='ocr_line' id='line_1_91' title="bbox 2103 4394 3689 4470; baseline -0.006 -14"><span class='ocrx_word' id='word_1_673' title='bbox 2103 4403 2229 4466; x_wconf 85' lang='grc' dir='ltr'>νοὺς</span> <span class='ocrx_word' id='word_1_674' title='bbox 2259 4399 2592 4467; x_wconf 83' lang='grc' dir='ltr'>συνέψαλλεν</span> <span class='ocrx_word' id='word_1_675' title='bbox 2631 4401 2836 4470; x_wconf 79' lang='grc' dir='ltr'>ὕμνους</span> <span class='ocrx_word' id='word_1_676' title='bbox 2858 4413 2872 4428; x_wconf 86' lang='grc'><strong>·</strong></span> <span class='ocrx_word' id='word_1_677' title='bbox 2905 4397 3004 4452; x_wconf 78' lang='grc' dir='ltr'>καὶ</span> <span class='ocrx_word' id='word_1_678' title='bbox 3034 4395 3210 4450; x_wconf 85' lang='grc' dir='ltr'>πολλά</span> <span class='ocrx_word' id='word_1_679' title='bbox 3254 4394 3385 4466; x_wconf 88' lang='grc' dir='ltr'>περί</span> <span class='ocrx_word' id='word_1_680' title='bbox 3415 4412 3475 4448; x_wconf 85' lang='grc' dir='ltr'><strong>τε</strong></span> <span class='ocrx_word' id='word_1_681' title='bbox 3506 4395 3689 4465; x_wconf 80' lang='grc' dir='ltr'>ψυχῆς</span> 
     </span>
    </p>
   </div>
   <div class='ocr_carea' id='block_1_91' title="bbox 424 4483 2006 4571">
    <p class='ocr_par' dir='ltr' id='par_1_91' title="bbox 424 4483 1999 4555">
     <span class='ocr_line' id='line_1_92' title="bbox 424 4483 1999 4555; baseline 0 -18"><span class='ocrx_word' id='word_1_682' title='bbox 424 4486 632 4541; x_wconf 88' lang='lat' dir='ltr'><strong>tutiuos</strong></span> <span class='ocrx_word' id='word_1_683' title='bbox 659 4501 673 4539; x_wconf 89' lang='lat'><strong>:</strong></span> <span class='ocrx_word' id='word_1_684' title='bbox 715 4498 952 4555; x_wconf 89' lang='lat' dir='ltr'><strong>cumque</strong></span> <span class='ocrx_word' id='word_1_685' title='bbox 982 4483 1052 4540; x_wconf 93' lang='lat' dir='ltr'><strong>de</strong></span> <span class='ocrx_word' id='word_1_686' title='bbox 1079 4486 1266 4541; x_wconf 92' lang='lat' dir='ltr'><strong>anima</strong></span> <span class='ocrx_word' id='word_1_687' title='bbox 1297 4491 1353 4541; x_wconf 89' lang='lat' dir='ltr'><strong>et</strong></span> <span class='ocrx_word' id='word_1_688' title='bbox 1384 4485 1561 4541; x_wconf 88' lang='lat' dir='ltr'><strong>salute</strong></span> <span class='ocrx_word' id='word_1_689' title='bbox 1589 4484 1817 4540; x_wconf 79' lang='lat' dir='ltr'><strong>multum</strong></span> <span class='ocrx_word' id='word_1_690' title='bbox 1850 4493 1999 4540; x_wconf 91' lang='lat' dir='ltr'><strong>esset</strong></span> 
     </span>
    </p>
   </div>
   <div class='ocr_carea' id='block_1_92' title="bbox 2113 4483 3688 4571">
    <p class='ocr_par' dir='ltr' id='par_1_92' title="bbox 2113 4487 3688 4566">
     <span class='ocr_line' id='line_1_93' title="bbox 2113 4487 3688 4566; baseline -0.008 -13"><span class='ocrx_word' id='word_1_691' title='bbox 2113 4497 2203 4553; x_wconf 75' lang='grc' dir='ltr'>καὶ</span> <span class='ocrx_word' id='word_1_692' title='bbox 2259 4496 2537 4566; x_wconf 85' lang='grc' dir='ltr'>σωτηρίας</span> <span class='ocrx_word' id='word_1_693' title='bbox 2581 4492 3000 4564; x_wconf 79' lang='grc' dir='ltr'>φιλοσοφήσασα</span> <span class='ocrx_word' id='word_1_694' title='bbox 3028 4491 3127 4545; x_wconf 73' lang='grc' dir='ltr'>καὶ</span> <span class='ocrx_word' id='word_1_695' title='bbox 3160 4489 3240 4561; x_wconf 82' lang='grc' dir='ltr'>τῷ</span> <span class='ocrx_word' id='word_1_696' title='bbox 3286 4488 3527 4559; x_wconf 85' lang='grc' dir='ltr'>ποιμνίῳ</span> <span class='ocrx_word' id='word_1_697' title='bbox 3558 4487 3688 4541; x_wconf 84' lang='grc' dir='ltr'>ταύ-</span> 
     </span>
    </p>
   </div>
   <div class='ocr_carea' id='block_1_93' title="bbox 422 4576 1992 4648">
    <p class='ocr_par' dir='ltr' id='par_1_93' title="bbox 422 4576 1992 4648">
     <span class='ocr_line' id='line_1_94' title="bbox 422 4576 1992 4648; baseline 0.001 -17"><span class='ocrx_word' id='word_1_698' title='bbox 422 4576 829 4648; x_wconf 81' lang='lat' dir='ltr'><strong>philosopltata,</strong></span> <span class='ocrx_word' id='word_1_699' title='bbox 884 4583 939 4632; x_wconf 89' lang='lat' dir='ltr'><strong>et</strong></span> <span class='ocrx_word' id='word_1_700' title='bbox 991 4591 1148 4632; x_wconf 88' lang='lat' dir='ltr'><strong>suum</strong></span> <span class='ocrx_word' id='word_1_701' title='bbox 1183 4592 1400 4648; x_wconf 86' lang='lat' dir='ltr'><strong>gregem</strong></span> <span class='ocrx_word' id='word_1_702' title='bbox 1441 4578 1703 4644; x_wconf 88' lang='lat' dir='ltr'><strong>allocuta,</strong></span> <span class='ocrx_word' id='word_1_703' title='bbox 1745 4592 1871 4633; x_wconf 90' lang='lat' dir='ltr'><strong>eum</strong></span> <span class='ocrx_word' id='word_1_704' title='bbox 1924 4576 1992 4632; x_wconf 90' lang='lat' dir='ltr'><strong>ad</strong></span> 
     </span>
    </p>
   </div>
   <div class='ocr_carea' id='block_1_94' title="bbox 419 4670 1997 4745">
    <p class='ocr_par' dir='ltr' id='par_1_94' title="bbox 419 4670 1997 4745">
     <span class='ocr_line' id='line_1_95' title="bbox 419 4670 1997 4745; baseline 0.001 -20"><span class='ocrx_word' id='word_1_705' title='bbox 419 4672 676 4727; x_wconf 78' lang='lat' dir='ltr'><strong>virtutem</strong></span> <span class='ocrx_word' id='word_1_706' title='bbox 713 4670 1020 4733; x_wconf 83' lang='lat' dir='ltr'><strong>incitasset,</strong></span> <span class='ocrx_word' id='word_1_707' title='bbox 1072 4671 1160 4728; x_wconf 89' lang='lat' dir='ltr'><strong>bis</strong></span> <span class='ocrx_word' id='word_1_708' title='bbox 1205 4671 1376 4745; x_wconf 77' lang='lat' dir='ltr'><strong>[initis</strong></span> <span class='ocrx_word' id='word_1_709' title='bbox 1430 4686 1554 4727; x_wconf 93' lang='lat' dir='ltr'><strong>cum</strong></span> <span class='ocrx_word' id='word_1_710' title='bbox 1621 4686 1682 4726; x_wconf 89' lang='lat' dir='ltr'><strong>se</strong></span> <span class='ocrx_word' id='word_1_711' title='bbox 1727 4671 1997 4727; x_wconf 87' lang='lat' dir='ltr'><strong>sensisset</strong></span> 
     </span>
    </p>
   </div>
   <div class='ocr_carea' id='block_1_95' title="bbox 415 4762 1999 4832">
    <p class='ocr_par' dir='ltr' id='par_1_95' title="bbox 415 4762 1999 4832">
     <span class='ocr_line' id='line_1_96' title="bbox 415 4762 1999 4832; baseline -0.001 -16"><span class='ocrx_word' id='word_1_712' title='bbox 415 4762 588 4819; x_wconf 83' lang='lat' dir='ltr'><strong>veluti</strong></span> <span class='ocrx_word' id='word_1_713' title='bbox 620 4762 990 4827; x_wconf 83' lang='lat' dir='ltr'><strong>deﬁcientem,</strong></span> <span class='ocrx_word' id='word_1_714' title='bbox 1019 4762 1250 4818; x_wconf 87' lang='lat' dir='ltr'><strong>vidisset</strong></span> <span class='ocrx_word' id='word_1_715' title='bbox 1284 4773 1467 4818; x_wconf 89' lang='lat' dir='ltr'><strong>autem</strong></span> <span class='ocrx_word' id='word_1_716' title='bbox 1493 4777 1588 4818; x_wconf 83' lang='lat' dir='ltr'><strong>eas</strong></span> <span class='ocrx_word' id='word_1_717' title='bbox 1611 4776 1734 4832; x_wconf 56' lang='lat' dir='ltr'><strong>(iure</strong></span> <span class='ocrx_word' id='word_1_718' title='bbox 1792 4762 1843 4816; x_wconf 90' lang='lat' dir='ltr'><strong>ei</strong></span> <span class='ocrx_word' id='word_1_719' title='bbox 1903 4776 1999 4831; x_wconf 85' lang='lat' dir='ltr'><strong>pa-</strong></span> 
     </span>
    </p>
   </div>
   <div class='ocr_carea' id='block_1_96' title="bbox 418 4854 2000 4927">
    <p class='ocr_par' dir='ltr' id='par_1_96' title="bbox 418 4854 2000 4927">
     <span class='ocr_line' id='line_1_97' title="bbox 418 4854 2000 4927; baseline 0.001 -18"><span class='ocrx_word' id='word_1_720' title='bbox 418 4856 636 4921; x_wconf 88' lang='lat' dir='ltr'><strong>rebaut,</strong></span> <span class='ocrx_word' id='word_1_721' title='bbox 693 4856 1010 4921; x_wconf 89' lang='lat' dir='ltr'><strong>monacbas,</strong></span> <span class='ocrx_word' id='word_1_722' title='bbox 1044 4855 1289 4927; x_wconf 78' lang='lat' dir='ltr'><strong>graviter</strong></span> <span class='ocrx_word' id='word_1_723' title='bbox 1340 4855 1483 4910; x_wconf 83' lang='lat' dir='ltr'><strong>terre</strong></span> <span class='ocrx_word' id='word_1_724' title='bbox 1540 4870 1601 4910; x_wconf 90' lang='lat' dir='ltr'><strong>se</strong></span> <span class='ocrx_word' id='word_1_725' title='bbox 1649 4854 1717 4909; x_wconf 87' lang='lat' dir='ltr'><strong>ab</strong></span> <span class='ocrx_word' id='word_1_726' title='bbox 1771 4870 1832 4910; x_wconf 89' lang='lat' dir='ltr'><strong>ea</strong></span> <span class='ocrx_word' id='word_1_727' title='bbox 1885 4856 2000 4910; x_wconf 86' lang='lat' dir='ltr'><strong>dis-</strong></span> 
     </span>
    </p>
   </div>
   <div class='ocr_carea' id='block_1_97' title="bbox 412 4946 1997 5021">
    <p class='ocr_par' dir='ltr' id='par_1_97' title="bbox 412 4946 1997 5021">
     <span class='ocr_line' id='line_1_98' title="bbox 412 4946 1997 5021; baseline 0.001 -21"><span class='ocrx_word' id='word_1_728' title='bbox 412 4947 593 5017; x_wconf 78' lang='lat' dir='ltr'><strong>juugi,</strong></span> <span class='ocrx_word' id='word_1_729' title='bbox 626 4947 815 5021; x_wconf 76' lang='lat' dir='ltr'><strong>multis</strong></span> <span class='ocrx_word' id='word_1_730' title='bbox 872 4948 1059 5002; x_wconf 79' lang='lat' dir='ltr'><strong>verbis</strong></span> <span class='ocrx_word' id='word_1_731' title='bbox 1112 4962 1206 5003; x_wconf 89' lang='lat' dir='ltr'><strong>eas</strong></span> <span class='ocrx_word' id='word_1_732' title='bbox 1265 4946 1575 5012; x_wconf 86' lang='lat' dir='ltr'><strong>consolata,</strong></span> <span class='ocrx_word' id='word_1_733' title='bbox 1634 4946 1826 5003; x_wconf 90' lang='lat' dir='ltr'><strong>dicens</strong></span> <span class='ocrx_word' id='word_1_734' title='bbox 1886 4962 1997 5001; x_wconf 90' lang='lat' dir='ltr'><strong>non</strong></span> 
     </span>
    </p>
   </div>
   <div class='ocr_carea' id='block_1_98' title="bbox 418 5040 1997 5111">
    <p class='ocr_par' dir='ltr' id='par_1_98' title="bbox 418 5040 1997 5111">
     <span class='ocr_line' id='line_1_99' title="bbox 418 5040 1997 5111; baseline 0.004 -21"><span class='ocrx_word' id='word_1_735' title='bbox 418 5047 676 5111; x_wconf 80' lang='lat' dir='ltr'><strong>oportere</strong></span> <span class='ocrx_word' id='word_1_736' title='bbox 708 5041 782 5095; x_wconf 87' lang='lat' dir='ltr'><strong>ita</strong></span> <span class='ocrx_word' id='word_1_737' title='bbox 817 5056 1054 5097; x_wconf 68' lang='lat' dir='ltr'><strong>moerere</strong></span> <span class='ocrx_word' id='word_1_738' title='bbox 1099 5049 1155 5097; x_wconf 89' lang='lat' dir='ltr'><strong>et</strong></span> <span class='ocrx_word' id='word_1_739' title='bbox 1210 5040 1430 5111; x_wconf 80' lang='lat' dir='ltr'><strong>lugere,</strong></span> <span class='ocrx_word' id='word_1_740' title='bbox 1485 5041 1614 5096; x_wconf 85' lang='lat' dir='ltr'><strong>dato</strong></span> <span class='ocrx_word' id='word_1_741' title='bbox 1662 5041 1773 5111; x_wconf 83' lang='lat' dir='ltr'><strong>jam</strong></span> <span class='ocrx_word' id='word_1_742' title='bbox 1826 5041 1997 5097; x_wconf 90' lang='lat' dir='ltr'><strong>desu-</strong></span> 
     </span>
    </p>
   </div>
   <div class='ocr_carea' id='block_1_99' title="bbox 417 5133 2002 5205">
    <p class='ocr_par' dir='ltr' id='par_1_99' title="bbox 417 5133 2002 5205">
     <span class='ocr_line' id='line_1_100' title="bbox 417 5133 2002 5205; baseline 0.001 -17"><span class='ocrx_word' id='word_1_743' title='bbox 417 5148 515 5201; x_wconf 87' lang='lat' dir='ltr'><strong>per</strong></span> <span class='ocrx_word' id='word_1_744' title='bbox 558 5133 718 5203; x_wconf 83' lang='lat' dir='ltr'><strong>signo</strong></span> <span class='ocrx_word' id='word_1_745' title='bbox 768 5133 1171 5205; x_wconf 87' lang='lat' dir='ltr'><strong>emigralionis,</strong></span> <span class='ocrx_word' id='word_1_746' title='bbox 1212 5133 1399 5188; x_wconf 89' lang='lat' dir='ltr'><strong>divina</strong></span> <span class='ocrx_word' id='word_1_747' title='bbox 1437 5133 1642 5191; x_wconf 82' lang='lat' dir='ltr'><strong>Christi</strong></span> <span class='ocrx_word' id='word_1_748' title='bbox 1708 5136 1877 5191; x_wconf 88' lang='lat' dir='ltr'><strong>sumit</strong></span> <span class='ocrx_word' id='word_1_749' title='bbox 1912 5152 2002 5192; x_wconf 85' lang='lat' dir='ltr'><strong>su-</strong></span> 
     </span>
    </p>
   </div>
   <div class='ocr_carea' id='block_1_100' title="bbox 417 5237 719 5283">
    <p class='ocr_par' dir='ltr' id='par_1_100' title="bbox 417 5237 719 5283">
     <span class='ocr_line' id='line_1_101' title="bbox 417 5237 719 5283; baseline 0.007 -2"><span class='ocrx_word' id='word_1_750' title='bbox 417 5237 719 5283; x_wconf 80' lang='lat' dir='ltr'><strong>eramenta.</strong></span> 
     </span>
    </p>
   </div>
   <div class='ocr_carea' id='block_1_101' title="bbox 489 5316 1988 5391">
    <p class='ocr_par' dir='ltr' id='par_1_101' title="bbox 489 5316 1988 5391">
     <span class='ocr_line' id='line_1_102' title="bbox 489 5316 1988 5391; baseline -0.001 -18"><span class='ocrx_word' id='word_1_751' title='bbox 489 5316 897 5375; x_wconf 80' lang='lat' dir='ltr'><strong>XXXVI.Cum</strong></span> <span class='ocrx_word' id='word_1_752' title='bbox 934 5326 1118 5374; x_wconf 88' lang='lat' dir='ltr'><strong>autem</strong></span> <span class='ocrx_word' id='word_1_753' title='bbox 1171 5335 1296 5376; x_wconf 91' lang='lat' dir='ltr'><strong>cum</strong></span> <span class='ocrx_word' id='word_1_754' title='bbox 1363 5320 1616 5391; x_wconf 85' lang='lat' dir='ltr'><strong>puntilice</strong></span> <span class='ocrx_word' id='word_1_755' title='bbox 1670 5318 1988 5374; x_wconf 83' lang='lat' dir='ltr'><strong>Eleuthero-</strong></span> 
     </span>
    </p>
   </div>
   <div class='ocr_carea' id='block_1_102' title="bbox 410 5396 1996 5484">
    <p class='ocr_par' dir='ltr' id='par_1_102' title="bbox 410 5396 1996 5484">
     <span class='ocr_line' id='line_1_103' title="bbox 410 5396 1996 5484; baseline -0.001 -17"><span class='ocrx_word' id='word_1_756' title='bbox 410 5413 577 5484; x_wconf 86' lang='lat' dir='ltr'><strong>polis,</strong></span> <span class='ocrx_word' id='word_1_757' title='bbox 602 5412 698 5482; x_wconf 88' lang='lat' dir='ltr'><strong>qui</strong></span> <span class='ocrx_word' id='word_1_758' title='bbox 744 5415 811 5467; x_wconf 89' lang='lat' dir='ltr'><strong>ad</strong></span> <span class='ocrx_word' id='word_1_759' title='bbox 843 5429 963 5469; x_wconf 87' lang='lat' dir='ltr'><strong>eam</strong></span> <span class='ocrx_word' id='word_1_760' title='bbox 991 5427 1116 5469; x_wconf 87' lang='lat' dir='ltr'><strong>cum</strong></span> <span class='ocrx_word' id='word_1_761' title='bbox 1157 5424 1272 5470; x_wconf 89' lang='lat' dir='ltr'><strong>toto</strong></span> <span class='ocrx_word' id='word_1_762' title='bbox 1327 5415 1474 5469; x_wconf 87' lang='lat' dir='ltr'><strong>clero</strong></span> <span class='ocrx_word' id='word_1_763' title='bbox 1515 5396 1756 5479; x_wconf 83' lang='lat' dir='ltr'><strong>venerat,</strong></span> <span class='ocrx_word' id='word_1_764' title='bbox 1787 5413 1880 5468; x_wconf 93' lang='lat' dir='ltr'><strong>diu</strong></span> <span class='ocrx_word' id='word_1_765' title='bbox 1916 5412 1996 5466; x_wconf 90' lang='lat' dir='ltr'><strong>lo-</strong></span> 
     </span>
    </p>
   </div>
   <div class='ocr_carea' id='block_1_103' title="bbox 412 5508 1995 5581">
    <p class='ocr_par' dir='ltr' id='par_1_103' title="bbox 412 5508 1995 5581">
     <span class='ocr_line' id='line_1_104' title="bbox 412 5508 1995 5581; baseline -0.001 -18"><span class='ocrx_word' id='word_1_766' title='bbox 412 5518 542 5564; x_wconf 87' lang='lat' dir='ltr'><strong>cuta</strong></span> <span class='ocrx_word' id='word_1_767' title='bbox 577 5510 645 5564; x_wconf 92' lang='lat' dir='ltr'><strong>de</strong></span> <span class='ocrx_word' id='word_1_768' title='bbox 681 5509 799 5565; x_wconf 89' lang='lat' dir='ltr'><strong>suis</strong></span> <span class='ocrx_word' id='word_1_769' title='bbox 837 5510 1099 5581; x_wconf 73' lang='lat' dir='ltr'><strong>gregibus</strong></span> <span class='ocrx_word' id='word_1_770' title='bbox 1133 5513 1303 5565; x_wconf 89' lang='lat' dir='ltr'><strong>multa</strong></span> <span class='ocrx_word' id='word_1_771' title='bbox 1349 5508 1604 5565; x_wconf 86' lang='lat' dir='ltr'><strong>mandata</strong></span> <span class='ocrx_word' id='word_1_772' title='bbox 1638 5510 1901 5573; x_wconf 86' lang='lat' dir='ltr'><strong>dedisset,</strong></span> <span class='ocrx_word' id='word_1_773' title='bbox 1940 5517 1995 5564; x_wconf 89' lang='lat' dir='ltr'><strong>et</strong></span> 
     </span>
    </p>
   </div>
   <div class='ocr_carea' id='block_1_104' title="bbox 410 5600 1990 5675">
    <p class='ocr_par' dir='ltr' id='par_1_104' title="bbox 410 5600 1990 5675">
     <span class='ocr_line' id='line_1_105' title="bbox 410 5600 1990 5675; baseline 0.001 -19"><span class='ocrx_word' id='word_1_774' title='bbox 410 5616 535 5657; x_wconf 83' lang='lat' dir='ltr'><strong>cum</strong></span> <span class='ocrx_word' id='word_1_775' title='bbox 559 5600 720 5657; x_wconf 90' lang='lat' dir='ltr'><strong>multi</strong></span> <span class='ocrx_word' id='word_1_776' title='bbox 743 5618 968 5675; x_wconf 85' lang='lat' dir='ltr'><strong>quoque</strong></span> <span class='ocrx_word' id='word_1_777' title='bbox 993 5605 1085 5663; x_wconf 78' lang='lat' dir='ltr'><strong>alii</strong></span> <span class='ocrx_word' id='word_1_778' title='bbox 1113 5604 1513 5663; x_wconf 79' lang='lat' dir='ltr'><strong>conﬂuxissent</strong></span> <span class='ocrx_word' id='word_1_779' title='bbox 1540 5604 1817 5673; x_wconf 79' lang='lat' dir='ltr'><strong>(exceptis</strong></span> <span class='ocrx_word' id='word_1_780' title='bbox 1845 5603 1990 5658; x_wconf 90' lang='lat' dir='ltr'><strong>enim</strong></span> 
     </span>
    </p>
   </div>
   <div class='ocr_carea' id='block_1_105' title="bbox 481 5781 925 5855">
    <p class='ocr_par' dir='ltr' id='par_1_105' title="bbox 481 5781 925 5855">
     <span class='ocr_line' id='line_1_106' title="bbox 481 5781 925 5855; baseline 0.009 -12"><span class='ocrx_word' id='word_1_781' title='bbox 481 5781 508 5843; x_wconf 50' lang='grc' dir='ltr'><strong>ἢ</strong></span> <span class='ocrx_word' id='word_1_782' title='bbox 534 5781 680 5840; x_wconf 83' lang='lat' dir='ltr'><strong>Psal.</strong></span> <span class='ocrx_word' id='word_1_783' title='bbox 703 5800 817 5855; x_wconf 78' lang='lat' dir='ltr'><strong>xvr,</strong></span> <span class='ocrx_word' id='word_1_784' title='bbox 843 5786 925 5853; x_wconf 66' lang='lat'><strong>15.</strong></span> 
     </span>
    </p>
   </div>
   <div class='ocr_carea' id='block_1_106' title="bbox 2102 4579 3683 4658">
    <p class='ocr_par' dir='ltr' id='par_1_106' title="bbox 2102 4579 3683 4658">
     <span class='ocr_line' id='line_1_107' title="bbox 2102 4579 3683 4658; baseline -0.008 -15"><span class='ocrx_word' id='word_1_785' title='bbox 2102 4605 2206 4658; x_wconf 87' lang='grc' dir='ltr'><strong>της</strong></span> <span class='ocrx_word' id='word_1_786' title='bbox 2261 4586 2605 4657; x_wconf 85' lang='grc' dir='ltr'>διαλεχθεῖσα</span> <span class='ocrx_word' id='word_1_787' title='bbox 2673 4584 2772 4639; x_wconf 77' lang='grc' dir='ltr'>καὶ</span> <span class='ocrx_word' id='word_1_788' title='bbox 2833 4582 2972 4654; x_wconf 74' lang='grc' dir='ltr'>πρὸς</span> <span class='ocrx_word' id='word_1_789' title='bbox 3036 4580 3237 4653; x_wconf 78' lang='grc' dir='ltr'>ἀρετὴν</span> <span class='ocrx_word' id='word_1_790' title='bbox 3297 4579 3683 4651; x_wconf 80' lang='grc' dir='ltr'>παραθήξασα,</span> 
     </span>
    </p>
   </div>
   <div class='ocr_carea' id='block_1_107' title="bbox 2111 4674 3687 4756">
    <p class='ocr_par' dir='ltr' id='par_1_107' title="bbox 2111 4674 3687 4756">
     <span class='ocr_line' id='line_1_108' title="bbox 2111 4674 3687 4756; baseline -0.008 -21"><span class='ocrx_word' id='word_1_791' title='bbox 2111 4683 2251 4756; x_wconf 75' lang='grc' dir='ltr'>μετὰ</span> <span class='ocrx_word' id='word_1_792' title='bbox 2289 4681 2351 4736; x_wconf 76' lang='grc' dir='ltr'>τὺ</span> <span class='ocrx_word' id='word_1_793' title='bbox 2384 4680 2541 4746; x_wconf 81' lang='grc' dir='ltr'>τέλος</span> <span class='ocrx_word' id='word_1_794' title='bbox 2590 4677 2798 4733; x_wconf 86' lang='grc' dir='ltr'>τούτων</span> <span class='ocrx_word' id='word_1_795' title='bbox 2833 4676 3198 4745; x_wconf 75' lang='grc' dir='ltr'>ἐκλειπούσης</span> <span class='ocrx_word' id='word_1_796' title='bbox 3247 4674 3436 4745; x_wconf 79' lang='grc' dir='ltr'>ὥσπερ</span> <span class='ocrx_word' id='word_1_797' title='bbox 3484 4674 3687 4743; x_wconf 82' lang='grc' dir='ltr'>ἑαυτῆς</span> 
     </span>
    </p>
   </div>
   <div class='ocr_carea' id='block_1_108' title="bbox 2109 4760 3687 4843">
    <p class='ocr_par' dir='ltr' id='par_1_108' title="bbox 2109 4760 3687 4843">
     <span class='ocr_line' id='line_1_109' title="bbox 2109 4760 3687 4843; baseline -0.009 -15"><span class='ocrx_word' id='word_1_798' title='bbox 2109 4772 2432 4843; x_wconf 73' lang='grc' dir='ltr'>αἰσθομένη,</span> <span class='ocrx_word' id='word_1_799' title='bbox 2486 4771 2611 4825; x_wconf 71' lang='grc' dir='ltr'>ἐπεὶ</span> <span class='ocrx_word' id='word_1_800' title='bbox 2657 4770 2780 4834; x_wconf 88' lang='grc' dir='ltr'>ταῖς</span> <span class='ocrx_word' id='word_1_801' title='bbox 2828 4768 2923 4821; x_wconf 83' lang='grc' dir='ltr'>ὑπ’</span> <span class='ocrx_word' id='word_1_802' title='bbox 2981 4767 3151 4836; x_wconf 76' lang='grc' dir='ltr'>αὐτὴν</span> <span class='ocrx_word' id='word_1_803' title='bbox 3196 4763 3559 4843; x_wconf 64' lang='grc' dir='ltr'>μοναζούσαις</span> <span class='ocrx_word' id='word_1_804' title='bbox 3596 4760 3687 4831; x_wconf 87' lang='grc' dir='ltr'><strong>βα-</strong></span> 
     </span>
    </p>
   </div>
   <div class='ocr_carea' id='block_1_109' title="bbox 2114 4834 3686 4935">
    <p class='ocr_par' dir='ltr' id='par_1_109' title="bbox 2114 4834 3686 4935">
     <span class='ocr_line' id='line_1_110' title="bbox 2114 4834 3686 4935; baseline -0.007 -17"><span class='ocrx_word' id='word_1_805' title='bbox 2114 4834 2355 4935; x_wconf 70' lang='grc' dir='ltr'>ρυτάτην</span> <span class='ocrx_word' id='word_1_806' title='bbox 2385 4834 2556 4935; x_wconf 76' lang='grc' dir='ltr'>αὐτῆς</span> <span class='ocrx_word' id='word_1_807' title='bbox 2588 4861 2739 4934; x_wconf 77' lang='grc' dir='ltr'>ἑώρα</span> <span class='ocrx_word' id='word_1_808' title='bbox 2772 4859 2871 4932; x_wconf 76' lang='grc' dir='ltr'><strong>την</strong></span> <span class='ocrx_word' id='word_1_809' title='bbox 2905 4834 3178 4926; x_wconf 72' lang='grc' dir='ltr'>διάζευξιν</span> <span class='ocrx_word' id='word_1_810' title='bbox 3198 4834 3527 4928; x_wconf 15' lang='grc' dir='ltr'>ήγινομέιῖην,</span> <span class='ocrx_word' id='word_1_811' title='bbox 3553 4854 3686 4907; x_wconf 87' lang='grc' dir='ltr'>πολ-</span> 
     </span>
    </p>
   </div>
   <div class='ocr_carea' id='block_1_110' title="bbox 2102 4947 3684 5026">
    <p class='ocr_par' dir='ltr' id='par_1_110' title="bbox 2102 4947 3684 5026">
     <span class='ocr_line' id='line_1_111' title="bbox 2102 4947 3684 5026; baseline -0.009 -13"><span class='ocrx_word' id='word_1_812' title='bbox 2102 4957 2231 5022; x_wconf 81' lang='grc' dir='ltr'>λοὺς</span> <span class='ocrx_word' id='word_1_813' title='bbox 2266 4956 2363 5010; x_wconf 74' lang='grc' dir='ltr'>καὶ</span> <span class='ocrx_word' id='word_1_814' title='bbox 2395 4955 2552 5020; x_wconf 67' lang='grc' dir='ltr'>αὖθις</span> <span class='ocrx_word' id='word_1_815' title='bbox 2579 4956 2661 5018; x_wconf 77' lang='grc' dir='ltr'><strong>είς</strong></span> <span class='ocrx_word' id='word_1_816' title='bbox 2694 4954 3020 5026; x_wconf 85' lang='grc' dir='ltr'>παραίνεσιν</span> <span class='ocrx_word' id='word_1_817' title='bbox 3047 4952 3235 5022; x_wconf 84' lang='grc' dir='ltr'>λόγους</span> <span class='ocrx_word' id='word_1_818' title='bbox 3269 4955 3565 5022; x_wconf 79' lang='grc' dir='ltr'>κινήσασα,</span> <span class='ocrx_word' id='word_1_819' title='bbox 3589 4947 3684 5001; x_wconf 79' lang='grc' dir='ltr'>καὶ</span> 
     </span>
    </p>
   </div>
   <div class='ocr_carea' id='block_1_111' title="bbox 2107 5038 3682 5124">
    <p class='ocr_par' dir='ltr' id='par_1_111' title="bbox 2107 5038 3682 5124">
     <span class='ocr_line' id='line_1_112' title="bbox 2107 5038 3682 5124; baseline -0.008 -19"><span class='ocrx_word' id='word_1_820' title='bbox 2107 5051 2185 5124; x_wconf 83' lang='grc' dir='ltr'>μὴ</span> <span class='ocrx_word' id='word_1_821' title='bbox 2219 5050 2330 5104; x_wconf 87' lang='grc' dir='ltr'>δεῖν</span> <span class='ocrx_word' id='word_1_822' title='bbox 2357 5049 2530 5115; x_wconf 70' lang='grc' dir='ltr'>οὕτως</span> <span class='ocrx_word' id='word_1_823' title='bbox 2570 5046 2865 5119; x_wconf 88' lang='grc' dir='ltr'>ὀδύρεσθαι</span> <span class='ocrx_word' id='word_1_824' title='bbox 2907 5046 3004 5099; x_wconf 75' lang='grc' dir='ltr'>καὶ</span> <span class='ocrx_word' id='word_1_825' title='bbox 3040 5045 3259 5098; x_wconf 86' lang='grc' dir='ltr'>πενθεῖν</span> <span class='ocrx_word' id='word_1_826' title='bbox 3311 5044 3560 5108; x_wconf 77' lang='grc' dir='ltr'>εἰποῦσα,</span> <span class='ocrx_word' id='word_1_827' title='bbox 3586 5038 3682 5093; x_wconf 85' lang='grc' dir='ltr'><strong>τοῦ</strong></span> 
     </span>
    </p>
   </div>
   <div class='ocr_carea' id='block_1_112' title="bbox 2108 5131 3684 5212">
    <p class='ocr_par' dir='ltr' id='par_1_112' title="bbox 2108 5131 3684 5212">
     <span class='ocr_line' id='line_1_113' title="bbox 2108 5131 3684 5212; baseline -0.007 -16"><span class='ocrx_word' id='word_1_828' title='bbox 2108 5142 2379 5212; x_wconf 85' lang='grc' dir='ltr'>συμϐόλου</span> <span class='ocrx_word' id='word_1_829' title='bbox 2400 5140 2501 5211; x_wconf 77' lang='grc' dir='ltr'>ἤδη</span> <span class='ocrx_word' id='word_1_830' title='bbox 2526 5140 2622 5210; x_wconf 83' lang='grc' dir='ltr'><strong>τῆς</strong></span> <span class='ocrx_word' id='word_1_831' title='bbox 2655 5138 2963 5208; x_wconf 84' lang='grc' dir='ltr'>ἀποδημίας</span> <span class='ocrx_word' id='word_1_832' title='bbox 2990 5137 3219 5205; x_wconf 88' lang='grc' dir='ltr'>ἄνωθεν,</span> <span class='ocrx_word' id='word_1_833' title='bbox 3254 5136 3546 5206; x_wconf 84' lang='grc' dir='ltr'>δεδομένου</span> <span class='ocrx_word' id='word_1_834' title='bbox 3574 5131 3684 5186; x_wconf 83' lang='grc' dir='ltr'><strong>τῶν</strong></span> 
     </span>
    </p>
   </div>
   <div class='ocr_carea' id='block_1_113' title="bbox 2109 5220 3503 5304">
    <p class='ocr_par' dir='ltr' id='par_1_113' title="bbox 2109 5220 3503 5304">
     <span class='ocr_line' id='line_1_114' title="bbox 2109 5220 3503 5304; baseline -0.008 -13"><span class='ocrx_word' id='word_1_835' title='bbox 2109 5220 2271 5291; x_wconf 77' lang='grc' dir='ltr'>θείων</span> <span class='ocrx_word' id='word_1_836' title='bbox 2311 5232 2724 5304; x_wconf 85' lang='grc' dir='ltr'>μεταλαμϐάνει</span> <span class='ocrx_word' id='word_1_837' title='bbox 2755 5231 2850 5285; x_wconf 86' lang='grc' dir='ltr'><strong>τοῦ</strong></span> <span class='ocrx_word' id='word_1_838' title='bbox 2878 5230 3120 5304; x_wconf 88' lang='grc' dir='ltr'>Χριστοῦ</span> <span class='ocrx_word' id='word_1_839' title='bbox 3164 5229 3503 5301; x_wconf 84' lang='grc' dir='ltr'>μυστηρίων.</span> 
     </span>
    </p>
   </div>
   <div class='ocr_carea' id='block_1_114' title="bbox 2176 5318 3685 5395">
    <p class='ocr_par' dir='ltr' id='par_1_114' title="bbox 2176 5318 3685 5395">
     <span class='ocr_line' id='line_1_115' title="bbox 2176 5318 3685 5395; baseline -0.005 -16"><span class='ocrx_word' id='word_1_840' title='bbox 2176 5328 2318 5393; x_wconf 65' lang='lat' dir='ltr'><strong>AG’.</strong></span> <span class='ocrx_word' id='word_1_841' title='bbox 2350 5324 2791 5395; x_wconf 81' lang='grc' dir='ltr'>Παραγενομένῳ</span> <span class='ocrx_word' id='word_1_842' title='bbox 2824 5321 2883 5375; x_wconf 82' lang='grc' dir='ltr'>δὲ</span> <span class='ocrx_word' id='word_1_843' title='bbox 2939 5325 3035 5376; x_wconf 80' lang='grc' dir='ltr'>καὶ</span> <span class='ocrx_word' id='word_1_844' title='bbox 3081 5320 3160 5393; x_wconf 83' lang='grc' dir='ltr'><strong>τῷ</strong></span> <span class='ocrx_word' id='word_1_845' title='bbox 3209 5322 3464 5392; x_wconf 85' lang='grc' dir='ltr'>ἀρχιερεῖ</span> <span class='ocrx_word' id='word_1_846' title='bbox 3501 5318 3685 5373; x_wconf 85' lang='grc' dir='ltr'>Ἐλευ-</span> 
     </span>
    </p>
   </div>
   <div class='ocr_carea' id='block_1_115' title="bbox 2106 5412 3686 5489">
    <p class='ocr_par' dir='ltr' id='par_1_115' title="bbox 2106 5412 3686 5489">
     <span class='ocr_line' id='line_1_116' title="bbox 2106 5412 3686 5489; baseline -0.004 -18"><span class='ocrx_word' id='word_1_847' title='bbox 2106 5417 2483 5489; x_wconf 83' lang='grc' dir='ltr'>θερουπόλεως</span> <span class='ocrx_word' id='word_1_848' title='bbox 2515 5417 2614 5469; x_wconf 83' lang='grc' dir='ltr'><strong>σὺν</strong></span> <span class='ocrx_word' id='word_1_849' title='bbox 2645 5416 2812 5469; x_wconf 72' lang='grc' dir='ltr'>παντὶ</span> <span class='ocrx_word' id='word_1_850' title='bbox 2853 5415 2931 5487; x_wconf 81' lang='grc' dir='ltr'>τῷ</span> <span class='ocrx_word' id='word_1_851' title='bbox 2964 5414 3174 5486; x_wconf 86' lang='grc' dir='ltr'>κλήρῳ,</span> <span class='ocrx_word' id='word_1_852' title='bbox 3228 5413 3401 5466; x_wconf 83' lang='grc' dir='ltr'>πολλὰ</span> <span class='ocrx_word' id='word_1_853' title='bbox 3442 5412 3686 5484; x_wconf 74' lang='grc' dir='ltr'>κάκείνῳ</span> 
     </span>
    </p>
   </div>
   <div class='ocr_carea' id='block_1_116' title="bbox 2108 5505 3682 5580">
    <p class='ocr_par' dir='ltr' id='par_1_116' title="bbox 2108 5505 3682 5580">
     <span class='ocr_line' id='line_1_117' title="bbox 2108 5505 3682 5580; baseline -0.001 -19"><span class='ocrx_word' id='word_1_854' title='bbox 2108 5509 2601 5580; x_wconf 80' lang='grc' dir='ltr'>προσδιαλεχθεῖσα</span> <span class='ocrx_word' id='word_1_855' title='bbox 2632 5509 2727 5561; x_wconf 62' lang='grc' dir='ltr'><strong>καὶ</strong></span> <span class='ocrx_word' id='word_1_856' title='bbox 2764 5507 3027 5579; x_wconf 75' lang='grc' dir='ltr'>περὶτῶν</span> <span class='ocrx_word' id='word_1_857' title='bbox 3058 5507 3327 5576; x_wconf 89' lang='grc' dir='ltr'>ποιμνίων</span> <span class='ocrx_word' id='word_1_858' title='bbox 3366 5505 3533 5574; x_wconf 79' lang='grc' dir='ltr'>αὐτῆς</span> <span class='ocrx_word' id='word_1_859' title='bbox 3564 5506 3682 5560; x_wconf 83' lang='grc' dir='ltr'>ἐπι·</span> 
     </span>
    </p>
   </div>
   <div class='ocr_carea' id='block_1_117' title="bbox 2109 5595 3685 5675">
    <p class='ocr_par' dir='ltr' id='par_1_117' title="bbox 2109 5595 3685 5675">
     <span class='ocr_line' id='line_1_118' title="bbox 2109 5595 3685 5675; baseline -0.001 -24"><span class='ocrx_word' id='word_1_860' title='bbox 2109 5597 2392 5671; x_wconf 57' lang='grc' dir='ltr'>σκήψασα,</span> <span class='ocrx_word' id='word_1_861' title='bbox 2453 5596 2666 5652; x_wconf 79' lang='grc' dir='ltr'>πολλῶν</span> <span class='ocrx_word' id='word_1_862' title='bbox 2723 5598 2779 5651; x_wconf 76' lang='grc' dir='ltr'>δὲ</span> <span class='ocrx_word' id='word_1_863' title='bbox 2834 5597 2930 5652; x_wconf 68' lang='grc' dir='ltr'>καὶ</span> <span class='ocrx_word' id='word_1_864' title='bbox 2982 5596 3161 5652; x_wconf 82' lang='grc' dir='ltr'>ἄλλων</span> <span class='ocrx_word' id='word_1_865' title='bbox 3217 5595 3685 5675; x_wconf 71' lang='grc' dir='ltr'>συνερρυηκότων</span> 
     </span>
    </p>
   </div>
  </div>
