4128 6384
342 333 445 394 793

1060 331 1064 335 ⁷
1151 332 1529 393 ADDENDA.
1573 357 1645 368 --
1683 333 2160 399 MARTYRIUM
2200 336 2262 397 S.
2308 334 2763 397 SEBASTIANI

3507 335 3615 401 79$

342 444 509 516 (πλὴν
549 442 660 513 γὰρ
686 439 885 508 ὀλίγων
918 439 1119 511 μικροῦ
1151 441 1356 507 πάντες
1386 444 1437 496 οἱ
1470 444 1635 515 πέριξ
1670 445 1928 517 συνέδρα-
1955 453 1984 507 Α

2045 445 2325 502 admodum
2352 446 2568 513 paucis,
2601 461 2794 502 omnes
2850 446 2943 516 qui
2977 444 3345 502 circumcirca
3391 445 3614 503 habita-

346 554 449 607 μον
475 537 601 589 ὅσον
623 551 684 587 τε
715 534 776 587 ἑν
808 534 1061 601 ἀσκήσει,
1091 535 1187 587 καὶ
1217 535 1340 588 ὅσον
1367 537 1424 588 ἐν
1459 537 1657 607 μιγάσι
1689 538 1779 590 καὶ
1809 538 1935 591 ὅσον

344 632 405 682 ἐν
434 629 604 705 ἱεροῖς
645 625 678 696 ἢ
717 625 814 678 καὶ
842 625 1019 688 ἄλλως
1052 626 1113 678 ἐν
1143 627 1444 692 πολιτικοῖς
1473 624 1590 705 ἧνλ,
1622 629 1937 698 κοινωφελῆ

345 717 618 794 καὶπρὸς
672 717 902 778 τούτους
951 717 1298 789 ποιησαμένη
1353 700 1700 788 παραίεὲσιν,
1733 718 1941 792 ἔξαιρε.

346 827 456 873 τως
488 808 544 862 δὲ
575 807 715 873 πρὸς
735 808 837 876 τὴν
869 806 1185 877 ἀδελφιδῆν,
1216 810 1536 878 περιπαθῶς
1577 812 1717 879 ἄγαν
1744 811 1836 865 ἐπὶ
1861 812 1940 882 τῷ

346 899 618 971 χωρισμῷ
648 898 854 970 ταύτης
883 899 1263 971 διακειμένην,
1294 900 1485 954 ἔπειτα
1513 903 1609 955 καὶ
1639 901 1776 973 πρὸς
1810 904 1945 956 πάν-

345 1009 446 1053 τας
493 991 776 1062 ὀδυνηρῶς
810 990 1058 1061 ἔχοντας,
1090 991 1331 1062 ἐσχάτην
1384 991 1592 1064 ταύτην
1642 992 1942 1047 ἀνειποῦσα

348 1085 565 1155 φωνὴν.
596 1083 688 1154 Τῷ
733 1084 930 1155 Κυρίῳ
976 1084 1182 1152 ἔδοξεν,
1232 1083 1377 1138 οὕτω
1420 1085 1517 1139 καὶ
1552 1087 1790 1154 ἐγένετο,
1844 1086 1945 1155 τὴν

351 1174 519 1243 ἁγίαν
549 1173 771 1242 ἐκείνην
799 1174 896 1227 καὶ
924 1173 1079 1244 ἱερὰν
1109 1173 1293 1245 ἀφῆκε
1321 1174 1524 1245 ψυχὴν,
1545 1175 1647 1246 ήδη
1683 1175 1812 1245 περὶ
1842 1175 1942 1244 τὴν

350 1268 595 1338 ἐσχάτην
625 1266 722 1322 τοῦ
777 1267 1127 1341 Δεκεμϐρίου
1164 1267 1358 1338 μηνὸς,
1393 1269 1550 1327 δντος
1595 1269 1781 1340 ἡμέρᾳ
1829 1268 1944 1320 Κυ-

354 1363 546 1432 ριακῇ.
583 1360 695 1414 Τοῦ
719 1360 775 1414 δὲ
811 1362 906 1414 καὶ
934 1361 1028 1413 τὸν
1063 1362 1255 1432 νεκρὸν
1286 1360 1476 1436 ῶσπερ
1516 1360 1639 1423 ἔθος
1667 1360 1943 1431 εὐσχημό-

349 1469 460 1512 νως
488 1451 713 1522 τεθῆναι
746 1452 901 1505 οὐδὲν
946 1453 1085 1516 ὅλως
1122 1453 1425 1523 ἀλλοτρίων
1458 1452 1664 1525 χειρῶν
1696 1452 1942 1522 ἐδέησεν,

354 1544 477 1598 ἀλλ’
508 1545 658 1598 αἵτε
703 1548 891 1616 χεῖρες
919 1546 1248 1617 αὐτομάτως
1293 1548 1431 1619 αὐτῇ
1462 1547 1541 1618 τῷ
1580 1545 1765 1616 στήθει
1801 1544 1949 1600 κατὰ

355 1640 547 1710 σχῆμα
589 1639 882 1709 ἐτέθησαν,
916 1638 1011 1692 καὶ
1040 1641 1089 1692 οἱ
1134 1639 1295 1703 πόδες
1341 1639 1484 1710 μάλα
1526 1638 1744 1709 σεμνῶς
1769 1638 1948 1692 διετά-

354 1730 551 1801 θησαν,
587 1732 655 1785 τὰ
687 1731 936 1802 βλέφαρά
968 1748 1025 1783 τε
1066 1730 1257 1803 ῶσπερ
1294 1733 1374 1793 εἰς
1418 1731 1496 1784 ἔτι
1528 1730 1703 1795 ζῶσα,
1731 1729 1950 1800 εὐφυῶς

354 1822 500 1890 ἄγαν
530 1823 840 1893 φιλοσόφως
870 1824 1092 1894 μύσασα
1118 1818 1209 1895 ἦν.
1239 1825 1317 1877 Δι’
1346 1823 1476 1895 ὅλης
1509 1818 1603 1878 οὖν
1626 1823 1725 1894 τῆς
1747 1822 1941 1886 νυκτὸς

2038 537 2191 603 bant,
2230 545 2344 592 tam
2371 537 2464 608 qui
2498 553 2557 593 se
2587 537 2883 607 separatim
2910 540 3265 603 exercebant,
3323 554 3488 609 qttam
3516 542 3610 611 qui

2039 628 2411 707 communiter
2447 629 2727 697 vivebant,
2759 638 2813 687 et
2847 630 3162 701 quicunque
3215 639 3372 686 erant
3407 634 3611 686 sacrati

2038 720 2274 785 ordinis,
2294 729 2459 791 atque
2486 721 2625 779 adeo
2645 721 2736 793 qui
2764 733 2921 777 erant
2977 722 3142 776 etiam
3200 722 3352 777 cives
3408 723 3612 792 Oppida

2041 813 2377 881 habitantes)
2428 828 2555 868 eum
2605 814 2670 867 ad
2702 828 2798 869 eos
2831 814 2887 868 in
2917 829 3209 871 commune
3239 817 3430 869 utilem
3460 815 3618 869 iecis-

2041 914 2123 975 set
2149 903 2611 972 admonitionem,
2634 906 2905 974 praecipue
2931 921 3064 961 vero
3104 905 3171 960 ad
3203 908 3615 969 consobrinam,

2039 1011 2160 1067 quze
2189 1005 2412 1069 propter
2434 997 2557 1067 eius
2585 998 2990 1068 separationem
3032 999 3196 1053 valde
3245 1009 3366 1053 erat
3398 1005 3619 1068 pertur—

2040 1088 2189 1154 bata,
2223 1098 2278 1144 et
2303 1088 2502 1145 deinde
2524 1089 2591 1145 ad
2622 1103 2841 1157 omnes,
2874 1089 2966 1161 qui
2995 1089 3184 1155 dolore
3222 1089 3618 1152 aﬂiciebantur,

2039 1190 2343 1236 extremam
2369 1183 2511 1236 hanc
2535 1196 2725 1236 vocem
2757 1180 2958 1236 eﬂ'ata:
2986 1181 3141 1236 Sicut
3175 1180 3406 1236 Domino
3442 1180 3620 1235 visum

2045 1279 2151 1337 est,
2185 1271 2258 1326 ita
2288 1271 2493 1327 factum
2518 1278 2625 1337 est,
2662 1281 2909 1328 sanctam
2939 1272 3091 1328 illam
3122 1281 3178 1326 et
3202 1286 3414 1327 sacram
3439 1270 3624 1326 emisit

2047 1364 2310 1429 animam,
2340 1364 2538 1419 ultimo
2567 1365 2656 1419 die
2684 1364 2892 1420 mensis
2924 1364 3265 1429 Decembris,
3316 1378 3442 1419 cum
3476 1371 3626 1439 esset

2047 1454 2165 1509 dies
2200 1453 2539 1510 Dominicus.
2568 1453 2638 1509 Ut
2661 1463 2846 1509 autem
2871 1468 3075 1523 corpus
3106 1462 3251 1523 apte,
3285 1462 3345 1506 ut
3374 1461 3493 1506 mos
3515 1460 3620 1513 est,

2050 1557 2104 1601 et
2132 1546 2332 1600 decore
2387 1557 2826 1616 componeretur,
2878 1545 3016 1600 nihil
3072 1561 3211 1616 Opus
3270 1544 3373 1600 l’nit
3428 1543 3627 1599 alienis

2006 1672 2007 1675 η
2048 1636 2329 1713 manibus,
2371 1636 2469 1692 sed
2517 1646 2574 1690 et
2604 1652 2800 1693 manus
2842 1652 2957 1692 sua:
3002 1647 3199 1709 sponte
3263 1636 3470 1706 pectori
3526 1635 3627 1689 ho-

2048 1736 2205 1784 neste
2237 1737 2396 1784 erant
2427 1728 2723 1800 impositae,
2762 1730 2930 1799 pedes
2959 1736 3153 1783 autem
3188 1737 3349 1782 erant
3386 1724 3627 1805 exteysi,

2053 1820 2401 1888 utdecebat;
2464 1822 2758 1893 supercilia
2792 1837 2923 1877 vero
2957 1820 3187 1892 perinde
3219 1833 3283 1873 ac
3337 1819 3384 1875 si
3441 1817 3627 1874 adhuc

354 1914 589 1987 ᾄσαντες
622 1917 709 1969 ἐπ’
751 1916 892 1988 αὐτῇ
942 1916 1014 1970 τὰ
1061 1916 1458 1987 νενομισμένα,
1500 1916 1629 1987 ἄρτι
1677 1915 1809 1987 περὶ
1849 1914 1984 1988 ’τὴν⁴

2051 1914 2282 1977 viveret,
2312 1919 2435 1984 apte
2462 1921 2517 1969 et
2546 1914 2827 1986 eleganter
2852 1921 3009 1979 erant
3054 1912 3265 1967 clausa.
3315 1910 3452 1967 Cum
3496 1925 3626 1980 ergo

354 2005 432 2058 ἕω
461 2008 529 2076 τῇ
564 2008 636 2077 γῇ
672 2005 981 2077 κρύπτουσι
1009 2010 1111 2077 τὴν
1143 2007 1254 2061 τῶν
1283 2006 1539 2081 οὐρανῶν
1567 2006 1740 2070 ὅντως
1766 2005 1952 2071 ἀξίαν,

354 2098 473 2161 τοῖς
507 2099 622 2151 ἐκεῖ
659 2097 930 2170 θαλάμοις
967 2100 1229 2174 οἰκοῦσαν
1264 2101 1361 2155 καὶ
1404 2099 1500 2155 τοῦ
1529 2097 1709 2170 φωτὸς
1733 2097 1950 2152 ἐκείνου

2050 2010 2162 2059 tota
2196 2011 2358 2059 nocte
2389 2019 2556 2074 super
2588 2019 2709 2059 eam
2747 2018 2845 2075 pro
2877 2018 3032 2059 more
3056 2002 3418 2070 cecinissent,
3474 2001 3625 2056 circa

2049 2110 2307 2151 auroram
2336 2111 2456 2151 eam
2490 2105 2652 2152 terra:
2676 2096 2962 2162 mandant,
2994 2112 3116 2166 qua:
3142 2096 3303 2153 cmlis
3348 2105 3469 2151 erat
3500 2109 3629 2150 vere

354 2190 627 2259 διηνεκῶς
670 2190 1059 2259 ἀπολαύουσαν
1098 2195 1180 2257 είς
1219 2192 1376 2258 δόξαν
1407 2191 1645 2262 Πατρδς,
1696 2189 1829 2243 Υίοῦ
1856 2189 1953 2242 καὶ

2049 2186 2238 2256 digna,
2268 2197 2323 2242 et
2351 2204 2473 2259 qua:
2500 2189 2612 2244 illic
2639 2190 2694 2243 in
2721 2189 2976 2247 thalamis
2999 2189 3232 2255 habitat,
3276 2195 3333 2243 et
3383 2188 3506 2243 luce
3535 2185 3630 2241 illa

357 2282 520 2350 ἁγίου
566 2283 917 2354 Πνεύματος,
943 2285 1038 2340 νῦν
1068 2286 1165 2342 καὶ
1212 2284 1301 2339 ἀεὶ
1332 2286 1427 2339 καὶ
1467 2283 1550 2347 εἰς
1577 2280 1707 2345 τοὺς
1747 2280 1955 2345 αἰῶνας

354 2372 469 2433 τῶν
493 2376 726 2453 αἰώνιόν.
770 2379 966 2449 Ἀμήν.

2051 2282 2278 2336 assidue
2301 2280 2523 2345 fruitur,
2556 2280 2624 2335 ad
2661 2281 2892 2355 gloriam
2921 2279 3099 2336 Patris
3142 2291 3198 2336 et
3245 2278 3369 2334 Filii
3401 2289 3458 2335 et
3499 2277 3629 2348 Spi-

2055 2373 2197 2427 ritus
2226 2372 2423 2438 sancti,
2456 2385 2603 2426 nunc
2637 2382 2692 2427 et
2721 2386 2942 2449 semper
2974 2380 3030 2428 ct
3052 2372 3108 2427 in
3138 2370 3343 2428 saecula
3395 2368 3630 2427 saeculo-

2054 2480 2202 2519 rum.
2240 2463 2433 2517 Amen.

1324 2870 2683 3107 ADDENDA.

999 3389 1703 3549 MENSIS
1868 3384 2995 3591 JANUARIUS.

581 3768 1219 3921 MAPTYPION
1253 3828 1485 3918 ΤΟΥ
1520 3826 1863 3915 AI‘IOY
1924 3827 1984 3912 Ε

2045 3827 2122 3908 Π
2194 3824 2341 3908 ΕΝ
2348 3810 2734 3909 ΔΟΞΟΥ
2805 3810 3390 3906 ΜΑΡΤΥΡΟΣ

671 4430 1409 4524 MABTYBIUM
1484 4427 1901 4518 SANCTI
1960 4425 2110 4515 ET
2169 4415 2669 4514 INCLYTI
2727 4405 3387 4525 MARTYBIS.

1435 4634 2578 4800 SEBASTIANI

917 4934 1014 4995 ET
1055 4930 1247 4993 EJUS
1294 4921 1742 4998 SOCIORUM',
1773 4926 1983 4996 ZOES,
2026 4921 2410 4985 TRAGLINI
2461 4907 3107 4990 [TRANQUILLINI],

584 5054 1045 5124 NICOSTRATI
1113 5050 1474 5123 CLAUDII,
1549 5046 1944 5118 CASTOBIS,
2017 5040 2387 5105 TIBURTII
2483 5036 2861 5100 CASTULLI
2957 5023 3441 5095 MARCELLINI

1795 5160 1894 5226 ET
1951 5157 2218 5222 MARCI.

1064 5304 1265 5371 (Latine
1291 5318 1371 5369 ap.
1401 5305 1600 5357 Surium
1622 5302 1685 5353 ad
1714 5300 1851 5353 diem
1868 5299 1931 5351 20
1949 5297 2155 5350 Ianuar.
2181 5296 2355 5350 Grece
2372 5307 2440 5347 ex
2463 5292 2574 5345 cod.
2603 5290 2762 5342 Paris.
2789 5284 2953 5349 1193.)

452 5604 535 5658 A’.
574 5599 796 5656 Πολλῶν
816 5597 958 5653 κατὰ
979 5594 1276 5669 διαφόρως
1297 5597 1523 5666 καιροὺς
1547 5592 1689 5648 κατὰ
1712 5590 1954 5664 Χριστοῦ

380 5694 482 5746 καὶ
512 5689 624 5744 τῶν
658 5688 868 5742 ἐκείνου
907 5686 1192 5758 μανέντων
1222 5683 1596 5756 θεραπευτῶν,
1637 5683 1956 5752 Διοκλητια-

390 5782 485 5846 νὶς
510 5780 606 5836 καὶ
630 5776 979 5847 Μαξιμιανὸς
1025 5777 1060 5847 ἡ
1093 5773 1366 5847 ιπίσημος
1410 5775 1468 5832 ἐν
1501 5776 1692 5839 κακοῖς
1728 5772 1959 5841 ξυνωρὶς

2132 5584 2176 5638 Ι.
2224 5579 2365 5637 Cum
2437 5574 2595 5631 multi
2647 5571 2887 5629 diversis
2950 5564 3317 5637 temporibus,
3370 5561 3649 5617 adversus

2072 5674 2357 5733 Christum
2404 5678 2462 5726 et
2513 5667 2781 5722 adversus
2828 5662 2975 5718 illius
3031 5657 3268 5714 asseclas
3313 5652 3646 5710 insanierint

2069 5764 2442 5831 Diocletianus
2474 5771 2530 5818 ct
2576 5756 2958 5829 Maximianus,
2991 5752 3049 5811 in
3088 5749 3252 5805 malis
3284 5763 3385 5819 par
3440 5746 3645 5817 imprm
