4120 6378
491 409 596 474 ’795

1621 378 2000 470 ADDENDA.
2041 433 2113 444 ——
2149 410 2615 472 JANUARIUS.

3648 411 3751 477 793

485 527 642 590 bum.
663 537 872 582 tantum
897 543 1089 582 omnes
1111 528 1245 582 alios
1267 533 1599 597 superarunt
1626 524 1682 577 in
1709 524 2063 594 producenda
2092 577 2094 583 ,

2200 525 2332 577 ;λέον
2356 526 2464 579 τῶν
2497 525 2672 578 ἄλλων
2701 526 2779 588 εἰς
2807 525 3062 578 τοσοῦτον
3089 524 3180 580 τὸν
3210 528 3334 580 καθ’
3364 529 3521 599 ἡμῶν
3551 531 3726 596 ἑξέτει
3745 568 3758 579 .

487 622 542 672 in
580 634 678 672 nos
707 618 1096 687 persecutione
1130 629 1188 674 ut
1233 620 1442 674 nullum
1486 621 1722 689 posteris
1756 621 1940 674 locum
1980 636 2065 674 re-

488 708 774 777 liquerint,
813 723 922 776 quo
954 723 1051 762 eos
1103 709 1157 762 in
1193 713 1380 764 furore
1443 718 1670 780 possent
1713 710 2066 764 antecellere.

487 797 621 852 Nam
681 814 806 852 cum
880 799 1100 870 tyranni
1147 801 1491 870 accepissent
1545 801 1884 870 imperium,
1923 801 2072 870 quod

489 892 900 961 snil‘ragabatur
951 905 1144 946 eorum
1201 895 1478 957 amentiae,
1511 902 1567 948 et
1625 909 1822 948 secure
1889 894 2074 948 omnia

487 984 786 1046 auderent,
833 985 1245 1039 contendebant
1309 987 1508 1055 partim
1559 985 1783 1055 quidem
1863 984 2081 1039 blandi-

489 1077 582 1129 tiis
636 1083 692 1128 et
747 1076 933 1130 verbis
993 1077 1302 1142 fallacibus,
1356 1078 1550 1146 partim
1599 1087 1781 1131 autem
1816 1075 1978 1130 minis
2017 1086 2074 1131 et

2171 634 2269 668 ναν
2318 617 2602 687 διωγμὸν,
2645 616 2722 680 ὡς
2771 617 2961 687 μηδενὶ
3014 618 3122 670 τῶν
3171 618 3393 673 πώποτε
3447 623 3756 692 γενομένων

2175 709 2463 762 ἀπολιπὼν
2498 710 2694 778 μανίας
2719 711 3064 782 ὑπερϐολήνο
3098 711 3198 783 τὴν
3224 713 3329 784 γὰρ
3363 715 3624 782 τύραννον
3658 721 3759 790 ἀρ-

2177 801 2278 871 χὴν
2297 805 2701 872 συναιρομένην
2731 805 2912 867 αὑτοῖς
2940 804 3041 873 τῆς
3079 805 3341 869 ἀπονοίας
3370 807 3609 876 ἔχοντες.
3641 813 3758 879 ἐφι-

2177 896 2462 948 λονείκουν
2498 898 2632 949 πᾶσι
2673 899 2898 968 τρόποις
2935 898 3026 950 τοῦ
3060 897 3214 961 ὄντος
3264 900 3400 952 Θεοῦ
3431 903 3490 953 τὸ
3519 902 3758 974 ὑπήκοον

2182 989 2519 1058 ἀποστῆσαι,
2554 991 2652 1042 καὶ
2685 992 2750 1044 τὸ
2772 991 2870 1060 τῆς
2903 990 3158 1055 ἀσεῆείας
3193 993 3581 1058 ἀναδείξασθαι
3627 1000 3763 1068 κρᾶ-

2181 1097 2292 1142 τος.

490 1169 664 1238 piagis
693 1170 1058 1237 gravissimis,
1093 1187 1188 1225 eos
1227 1172 1322 1240 qui
1377 1171 1612 1240 subjecti
1651 1179 1810 1225 erant
1850 1171 2071 1224 illorum
2150 1172 2384 1243 imperio
2417 1192 2449 1230 a
2514 1176 2630 1232 Deo
2687 1191 2820 1232 vero
2877 1177 3174 1240 abducere.
3231 1189 3288 1236 et
3339 1180 3406 1235 ad
3462 1181 3762 1250 impietatis

490 1262 756 1315 ditionem
794 1263 1104 1318 traducere.
1140 1263 1352 1332 Ubique
1395 1264 1577 1333 itaque
1613 1279 1710 1332 per
1735 1279 1894 1317 suum
1923 1264 2288 1334 principatum
2320 1285 2419 1323 eos
2483 1285 2676 1325 omnes
2745 1271 3279 1341 comprehendentes
3343 1275 3436 1342 qui
3495 1275 3760 1332 Christia'

492 1369 615 1408 nam
667 1354 969 1408 tuebantur
1007 1357 1350 1426 religionem,
1400 1357 1454 1410 in
1501 1357 1782 1410 custodias
1821 1357 2544 1427 tradiderantetcarceres,
2577 1374 2638 1419 ut
2693 1365 2958 1434 paulatim
3022 1366 3151 1420 torti
3213 1367 3475 1434 majorem
3537 1383 3760 1422 sensum

490 1457 751 1516 raperent
791 1448 1196 1517 perpessionis:
1231 1459 1286 1504 et
1314 1450 1574 1518 pietatem
1606 1449 1830 1519 quidem
1891 1461 2181 1520 negantes,
2226 1455 2480 1512 viderent
2538 1457 2682 1512 hanc
2719 1459 2937 1524 lucem,
3001 1459 3057 1512 in
3090 1474 3200 1513 non
3250 1470 3513 1534 parentes
3577 1471 3761 1516 autem

493 1541 688 1596 mortis
723 1540 963 1594 ferretur
996 1544 1294 1598 sententia.

564 1635 626 1689 ll.
671 1633 807 1690 Cum
834 1635 952 1689 hinc
983 1635 1062 1689 sic
1089 1636 1284 1690 fierent
1318 1637 1541 1706 quidam
1579 1638 1959 1699 Sebastianus,
1986 1637 2072 1692 vir

491 1738 542 1781 ct
580 1745 784 1798 genere
833 1730 1016 1784 clarus
1071 1739 1126 1784 et
1159 1730 1330 1801 gloria
1379 1732 1632 1801 insignis,
1685 1743 1840 1786 ortus
1870 1731 2079 1786 Medio-

2253 1635 2328 1691 B'.
2367 1637 2584 1689 Τούτων
2603 1638 2743 1690 οὑτω
2770 1638 3072 1708 γινομένων
3097 1639 3456 1704 Σεϐαστιανος
3485 1659 3592 1705 τις,
3624 1643 3761 1712 ἀνὴρ

2185 1730 2280 1781 καὶ
2300 1729 2449 1796 γένει
2487 1730 2792 1800 περιφανὴς
2819 1735 2912 1784 καὶ
2946 1733 3076 1805 δόξῃ
3106 1733 3489 1802 περίϐλεπτος,
3527 1738 3625 1804 τῆς
3653 1737 3764 1789 Με-

494 1820 604 1873 lani
637 1819 737 1890 (l),
774 1820 1027 1890 tyrannis
1058 1829 1176 1872 erat
1215 1821 1355 1875 adeo
1412 1820 1782 1884 venerandus,
1817 1821 1962 1890 quod
1997 1821 2081 1875 vi-

2200 1821 2450 1874 Ξιολάνων
2465 1821 2811 1891 ὁρμώμενος,
2831 1824 3084 1878 τοσοῦτον
3117 1827 3230 1887 τοῖς
3259 1827 3542 1895 τυράννοις
3561 1828 3764 1880 αἰδέσι-

494 1915 723 1967 deretur
753 1913 809 1966 in
849 1912 1109 1967 omnibus
1139 1913 1226 1966 vir
1259 1920 1542 1982 spectatus
1592 1921 1649 1966 et
1698 1911 1988 1982 probatus,
2021 1921 2082 1968 ut

495 2016 993 2060 eonnumeraretur
1017 2005 1163 2060 inter
1197 2005 1404 2060 amicos
1438 2005 1756 2069 fidissimos,
1787 2015 1843 2060 et
1875 2005 2082 2074 primas

497 2107 685 2167 partes
722 2105 939 2151 teneret
980 2097 1034 2150 in
1068 2112 1302 2151 numero
1339 2097 1589 2150 militari.
1623 2097 1677 2151 Is
1701 2113 1825 2150 cum
1852 2096 2084 2151 didicis-

495 2198 579 2244 set
609 2203 794 2243 veram
832 2189 954 2243 fidei
993 2189 1287 2252 rationem,
1314 2198 1370 2243 et
1395 2189 1557 2244 vellet
1588 2205 1698 2243 non
1729 2190 1905 2244 solum
1934 2189 2082 2260 seip-

496 2295 640 2345 sum,
691 2279 784 2334 sed
819 2280 984 2333 etiam
1037 2279 1174 2334 alios
1223 2280 1287 2334 ad
1338 2279 1618 2334 Christum
1671 2280 1946 2334 adducere
1983 2295 2084 2348 per

497 2374 848 2443 martyrium,
883 2375 1192 2428 conabatur
1233 2373 1460 2442 quidem
1505 2374 1560 2427 in
1593 2373 1876 2444 principio
1909 2374 2084 2428 latere

498 2477 554 2522 et
585 2484 643 2523 se
674 2470 854 2523 celare
879 2509 894 2534 ,
931 2485 1041 2523 non
1089 2467 1240 2539 quod
1277 2469 1500 2524 timeret
1555 2468 1861 2532 cruciatus,
1897 2468 1992 2523 sed
2027 2477 2087 2523 ut

498 2575 625 2614 cum
663 2559 1019 2614 simulatione
1051 2559 1375 2614 crederetur
1412 2559 1636 2626 impius,
1678 2568 1829 2613 esset
1859 2573 1918 2612 re
1956 2574 2089 2612 vera

499 2652 694 2720 aliptes
732 2652 1063 2706 Christianis
1089 2694 1104 2719 ,
1138 2661 1194 2708 et
1221 2652 1304 2707 sic
1347 2652 1654 2721 permultos
1703 2650 1996 2706 induceret
2024 2649 2090 2704 ad

2192 1931 2292 1984 μος
2314 1911 2382 1983 ἦν
2406 1914 2494 1967 διὰ
2524 1915 2624 1984 τὴν
2647 1915 2812 1968 αὑτοῦ
2834 1916 3170 1987 δοκιμὸτητα
3191 1921 3265 1982 ὡς
3287 1922 3398 1982 τοῖς
3422 1922 3762 1983 πιστοτάτοις

2189 2008 2366 2075 φίλοις
2405 2007 2844 2078 ἐναριθμεῖσθαι,
2903 2017 3000 2063 καὶ
3029 2013 3124 2064 τοῦ
3169 2013 3568 2083 στρατιωτικοῦ
3597 2029 3763 2066 κατα-

2188 2099 2348 2168 λόγου
2389 2102 2691 2171 προτελεῖν.
2726 2095 2894 2164 Οὗτος
2945 2103 3036 2156 τὸν
3068 2103 3256 2170 ὑγιοῦς
3285 2107 3382 2174 τῆς
3415 2106 3652 2165 πίστεως
3685 2104 3764 2157 διο

2190 2191 2414 2261 δαχθεὶς
2482 2192 2640 2260 λόγον
2697 2193 2793 2246 καὶ
2849 2192 3176 2264 βουλόμενος
3239 2195 3388 2264 μετὰ,
3443 2197 3540 2248 καὶ
3593 2194 3766 2250 ἄλλων

2191 2283 2458 2338 πλειόνων
2487 2283 2869 2354 ὑπεραθλῆσαι
2895 2285 3132 2354 Χριστοῦ
3180 2287 3300 2340 κατ’
3333 2288 3506 2357 ἀρχὰς
3543 2288 3766 2339 ἔσπευδε

2189 2373 2498 2438 λανθάνειν,
2523 2377 2584 2428 οὑ
2618 2377 2716 2440 τὰς
2746 2380 3013 2448 τιμωρίας
3048 2377 3323 2443 δεδοικὼς,
3355 2380 3489 2432 ἀλλὰ
3516 2381 3659 2442 ὅπως
3701 2381 3769 2448 τῇ

2195 2465 2481 2535 ὑποκρίσει
2534 2466 2610 2530 ὡς
2669 2468 2935 2537 δυσσεϐὴς
2989 2467 3402 2537 πιστευόμενος,
3449 2466 3771 2530 διδάσκαλος

2197 2557 2284 2626 εἴη
2314 2558 2414 2626 τῆς
2447 2558 2706 2625 ἀληθείας
2737 2561 2779 2612 Χ
2789 2563 3110 2627 ριστιανοίς,
3145 2563 3240 2612 καὶ
3269 2559 3498 2622 πολλοὺς
3521 2558 3771 2612 ἐντεῦθεν

2200 2651 2384 2720 ἐνάγοι
2408 2653 2542 2722 πρὸς
2567 2653 2666 2720 τὴν
2701 2652 3011 2706 εὐσέϐειαν.

501 2745 780 2815 pietatem.
832 2744 970 2800 Cum
1026 2761 1159 2800 vero
1205 2745 1474 2801 evasisset
1529 2752 1778 2815 tempore
1830 2743 2090 2799 omnibus
2126 2745 2476 2807 manifestus,
2512 2754 2567 2799 et
2600 2755 2912 2816 postremus
2949 2745 3200 2814 martyrii
3269 2744 3533 2799 subiisset
3591 2753 3773 2799 certa-

503 2856 647 2904 men,
683 2840 844 2909 longe
876 2839 1308 2911 pulcherrimam
1379 2847 1670 2895 assecutus
1731 2847 1818 2893 est
1851 2838 2160 2905 victoriam,
2198 2853 2322 2907 quae
2354 2839 2498 2894 bona
2525 2841 2773 2895 caelestia
2817 2840 2868 2893 ei
2900 2839 3234 2894 conciliavit.
3267 2839 3375 2894 Sed
3409 2839 3525 2893 haec
3549 2838 3772 2908 quidem

503 2944 716 3004 postea.

573 3029 662 3082 lll.
695 3027 852 3083 Tunc
867 3037 1051 3084 autem
1090 3029 1335 3100 quando.
1363 3030 1508 3085 sicut
1540 3028 1751 3084 dictum
1785 3036 1888 3094 est,
1922 3044 2094 3084 cona-

505 3119 672 3174 batur
702 3120 894 3180 latere.
928 3130 984 3174 et
1025 3121 1266 3191 fingebat
1301 3135 1359 3175 se
1404 3135 1469 3175 ea
1524 3120 1801 3175 honorare
1829 3136 1950 3190 quae
1985 3120 2092 3174 im-

2266 3025 2337 3078 f".
2378 3024 2508 3088 Τοῖς
2547 3023 2952 3093 δεσμωτηρίοις
3003 3021 3113 3092 γὰρ
3145 3020 3409 3090 προσιὼν,
3463 3019 3592 3073 ἔνθα
3651 3020 3776 3089 ἐτηο

2194 3118 2385 3188 ροῦντο
2416 3118 2532 3170 ὅσοι
2585 3117 2932 3188 Χριστιανῶν
2978 3115 3378 3184 συλληφθέντες
3441 3114 3775 3181 ἐτύγχανον,

505 3221 811 3282 peratores,
844 3211 1116 3266 accedens
1165 3211 1223 3266 in
1274 3225 1527 3266 carceres
1577 3212 1630 3264 in
1666 3211 1868 3281 quibus
1905 3225 2093 3266 serva-

2200 3212 2378 3280 λόγοις
2412 3212 2610 3271 αὐτοὺς
2642 3211 2893 3264 εὐσεϐέσι
2929 3209 3066 3280 πρὸς
3101 3210 3228 3268 τοὺς
3263 3206 3459 3267 ἄθλους
3505 3206 3599 3258 τοὺ
3639 3221 3778 3274 μαρ-

507 3311 715 3365 bantur
745 3311 1064 3379 quicunque
1105 3317 1266 3364 erant
1301 3308 1448 3377 capti
1481 3323 1549 3362 ex
1581 3306 1938 3372 Christianis,
1985 3307 2094 3376 piis

507 3417 604 3455 eos
634 3399 821 3455 verbis
851 3399 1255 3455 adhortabatur
1293 3398 1363 3453 ad
1394 3398 1750 3469 suscipienda
1789 3397 2096 3453 certamina

509 3493 1134 3564 martyrii,praesentem
1167 3495 1337 3551 vitam
1365 3507 1490 3549 cum
1529 3491 1716 3546 futura
1741 3506 2095 3566 comparans,

507 3601 565 3646 ct
596 3590 836 3645 suadens
871 3588 1013 3643 hanc
1065 3587 1290 3658 quidem
1324 3597 1680 3642 contemnere
1732 3596 1794 3641 ut
1845 3585 2097 3657 fragilem

509 3697 568 3742 et
603 3687 770 3740 morti
810 3684 1125 3746 obnoxiam,
1163 3682 1313 3736 illam
1360 3689 1546 3736 autem
1601 3680 1772 3734 solam
1805 3679 2009 3734 intueri
2043 3687 2100 3735 et

513 3778 702 3833 omnia
753 3778 934 3832 facere
986 3791 1055 3830 ne
1109 3773 1433 3830 exciderent
1475 3789 1504 3827 a
1560 3773 1722 3826 bonis
1752 3772 1806 3827 in
1838 3787 1961 3841 quae
1990 3787 2099 3826 non

510 3872 662 3926 cadit
690 3870 972 3924 interitus.
1007 3867 1104 3922 llis
1139 3865 1326 3922 verbis
1370 3873 1428 3918 et
1461 3864 1665 3918 multos
1705 3862 1931 3932 quidem
1962 3863 2104 3917 alios

512 3967 750 4028 induxit.
791 3975 850 4019 ut
882 3981 1005 4034 quae
1044 3970 1175 4018 sunt
1211 3961 1394 4032 gravia
1431 3969 1488 4014 et
1522 3975 1716 4029 aspera
1772 3959 1983 4013 ferrent
2013 3973 2103 4013 us-

511 4076 620 4130 que
654 4061 721 4113 ad
757 4070 1018 4123 mortem,
1062 4065 1120 4111 et
1170 4072 1279 4109 non
1317 4054 1614 4124 perderent
1673 4052 1935 4121 pietatem
1962 4069 1980 4117 ;
2007 4050 2103 4120 qui

515 4166 698 4210 autem
728 4163 888 4208 erant
914 4167 1116 4222 genere
1142 4158 1199 4204 et
1230 4149 1430 4218 opibus
1461 4147 1708 4200 omnium
1740 4143 2031 4198 clarissimi
2067 4142 2106 4197 ii

512 4249 742 4303 fuerunt
774 4246 1122 4300 Marcellinus
1150 4253 1211 4296 et
1249 4241 1484 4307 Marcus,
1529 4253 1764 4309 quorum
1796 4246 1954 4306 pater
1983 4235 2109 4305 qni-

516 4343 640 4395 dem
673 4349 794 4395 erat
827 4339 1266 4408 Tranquillinus,
1319 4345 1498 4390 mater
1542 4348 1673 4388 vero
1709 4331 1954 4395 Marcia;
1995 4343 2108 4383 non

513 4435 698 4490 minus
736 4441 919 4486 autem
955 4431 1180 4486 fuerunt
1227 4427 1354 4483 vitae
1403 4425 1658 4482 instituto
1701 4424 1902 4478 fratres
1943 4437 2109 4493 quam

513 4526 865 4598 corporibus.
880 4523 1096 4590 Quibus
1125 4538 1275 4583 cum,
1295 4529 1587 4592 pestquam
1619 4517 1713 4572 diu
1759 4515 1993 4570 fuissent
2022 4515 2110 4568 in-

2197 3304 2384 3374 τυρίου
2423 3302 2715 3371 ὑπήλειφε,
2751 3301 2954 3354 πείθων
3001 3297 3097 3352 τοῦ
3132 3298 3230 3366 μὲν
3259 3297 3528 3366 παρόντος
3560 3295 3674 3366 βίου
3704 3294 3779 3356 ὡς

2199 3396 2472 3465 ἐπικήρου
2501 3397 2894 3464 καταφρονεῖν,
2922 3394 3060 3464 πρὸς
3088 3392 3178 3444 τὸν
3218 3391 3482 3460 μέλλοντα
3526 3389 3584 3442 δὲ
3617 3391 3780 3456 μόνον

2198 3489 2352 3559 ὁρᾷν,
2383 3489 2477 3541 καὶ
2507 3488 2774 3557 πράττειν
2805 3487 2985 3540 πάντα
3016 3485 3164 3546 ὅπως
3208 3483 3275 3536 ἂν
3323 3482 3432 3535 τῶν
3485 3481 3783 3550 ἀκηράτων

2205 3579 2279 3650 μὴ
2307 3582 2683 3650 διαμάρτωσιν
2716 3578 2958 3647 ἀγαθῶν.
2992 3577 3215 3640 Τούτοις
3256 3579 3370 3638 τοῖς
3413 3575 3624 3646 ῥήμασι
3655 3573 3786 3626 πολ-ι

2201 3672 2327 3736 λοὺς
2364 3674 2465 3737 μὲν
2502 3674 2594 3726 καὶ
2626 3673 2821 3734 ἄλλους
2851 3671 3094 3740 ὑπήγετο
3120 3669 3226 3733 ἓως
3254 3667 3488 3721 Θανάτου
3525 3669 3637 3729 τοῖς
3672 3668 3785 3718 δει-

2203 3767 2315 3828 νοῖς
2347 3767 2724 3836 ἐγκαρτερεῖνο
2757 3765 2806 3817 οἱ
2837 3764 2894 3816 δὲ
2922 3764 3141 3817 πάντων
3167 3761 3255 3814 διὰ
3291 3763 3453 3828 γένος
3492 3761 3586 3812 καὶ
3622 3757 3784 3810 πλοῦ·

2203 3877 2300 3914 τον
2342 3861 2740 3929 ἐπισημότατοι
2789 3855 3164 3927 Μαρκελλῖνος
3217 3853 3312 3907 καὶ
3350 3854 3578 3918 Μάρκος
3610 3847 3783 3920 ἦσαν,

2206 3950 2415 4021 πατρὸς
2450 3951 2548 4020 μὲν
2587 3945 2990 4020 Τραγκυλινοῦ,
3025 3947 3231 4016 μητρὸς
3262 3944 3319 3998 δέ
3363 3944 3640 4013 Μαρκίας,
3688 3942 3785 4010 οὑχ

2205 4040 2369 4116 ἦττον
2403 4041 2626 4110 ἀδελφοὶ
2657 4042 2756 4110 τὴν
2806 4040 3128 4110 προαίρεσιν
3161 4033 3554 4106 δεδειγμένοιῆ
3587 4034 3655 4085 τὰ
3686 4033 3788 4084 σώ-

2211 4154 2382 4208 ματα.
2407 4131 2502 4199 Οἷς
2535 4133 2675 4204 μετὰ
2703 4132 2802 4203 τὴν
2838 4133 3052 4202 χρόνιον
3079 4128 3364 4196 κάθειρξιν
3395 4128 3489 4180 καὶ
3528 4126 3628 4196 τὴν
3658 4124 3787 4178 πο).-

2208 4231 2307 4298 λὴν
2333 4229 2440 4281 τῶν
2474 4227 2722 4297 βασάνων
2750 4225 2923 4295 φορὰν
2961 4224 3062 4294 ἤδη
3089 4224 3154 4292 τῇ
3185 4219 3472 4288 τελευταίᾳ
3509 4219 3789 4289 μέλλουσιν

2212 4319 2524 4387 ὑπάγεσθαι
2569 4318 2662 4370 τοῦ
2699 4319 2889 4385 ξίφους
2922 4315 3102 4383 πληγῇ
3141 4313 3470 4382 Χρωμάτιος
3511 4313 3539 4362 ὁ
3567 4312 3667 4380 τῆς
3697 4309 3792 4362 πό-

2212 4414 2350 4476 λεως
2382 4413 2646 4484 ἔπαρχος,
2685 4408 3025 4480 προθεσμίας
3061 4407 3280 4478 ἡμέρας
3317 4405 3616 4474 τριάκοντα
3647 4404 3791 4465 δοὺς,

2215 4508 2430 4562 ἐκέλευε
2489 4508 2698 4566 πάντας
2743 4505 2868 4565 τοὺς
2898 4502 3040 4557 κατὰ
3089 4501 3242 4567 γένος
3273 4499 3456 4559 αὑτοῖς
3491 4497 3794 4567 προσήκον·

513 4623 652 4679 clusi
689 4622 744 4674 in
789 4634 1034 4682 carcere,
1084 4627 1142 4672 et
1177 4616 1415 4686 plurima
1463 4619 1866 4668 tormentorum
1901 4622 2094 4676 genera

2217 4620 2317 4665 τας
2350 4599 2697 4669 ἀφικνεῖσθαι
2725 4597 2819 4650 καὶ
2857 4595 3081 4656 τούτους
3104 4595 3260 4663 ὁρᾷν,
3295 4592 3370 4654 ὡς
3404 4593 3470 4643 ἂν
3495 4589 3575 4658 τῷ
3617 4588 3798 4658 χρόνῳ

515 4715 896 4787 pertulissent.
925 4722 982 4767 et
1007 4712 1118 4783 jam
1157 4710 1405 4764 ultimam
1452 4706 1668 4776 plagam
1710 4702 1877 4773 gladii
1912 4707 2106 4755 essent

516 4807 820 4877 accepturi,
852 4803 1210 4859 Chromatius
1250 4799 1544 4870 priefectus
1572 4795 1727 4850 urbis
1764 4795 1830 4848 iis
1861 4793 2106 4848 dedisset

2217 4697 2312 4750 καὶ
2354 4697 2475 4756 ταῖς
2509 4693 2778 4762 οἰμωγαῖς
2827 4690 2937 4742 τῶν
2995 4686 3319 4757 ἐπιτηδείων
3369 4680 3800 4753 μαλακισθέντες

2216 4787 2409 4841 ἐνδῶσι
2441 4785 2578 4854 πρὸς
2602 4783 2702 4850 τὴν
2727 4779 3066 4835 δυσσέϐειαν.

515 4869 752 4971 spati-um
807 4869 1043 4970 triginta
1129 4869 1388 4958 dierum,
1424 4892 1592 4963 jussit
1646 4904 1839 4944 onmes
1901 4886 2167 4942 accedere
2228 4882 2325 4952 qui
2387 4880 2453 4933 ad
2516 4893 2613 4932 eos
2657 4891 2874 4971 genere
2937 4875 3266 4971 allinsbanl.
3344 4881 3404 4971 ξι
3461 4874 3544 4928 eis
3611 4869 3802 4925 νοηῖτθ

517 4967 570 5048 in
603 4967 982 5063 conspectuin,
1016 5001 1076 5046 ut
1116 5001 1368 5059 tempore
1403 4996 1458 5042 et
1491 4983 1933 5040 necessariorum
1970 4995 2202 5036 suorum
2238 4974 2435 5030 molliti
2473 4970 2800 5043 ejulatibus,
2831 4968 3100 5038 impietati
3149 4967 3547 5063 concederent.

591 5088 674 5143 IV.
707 5088 843 5145 Cum
872 5101 1004 5157 ergo
1045 5087 1162 5140 haec
1190 5085 1333 5139 facta
1363 5089 1552 5138 essent
1586 5088 1642 5134 et
1683 5093 1878 5132 omnes
1913 5090 2108 5130 acces-

519 5182 740 5246 sissent,
775 5191 931 5251 pater
965 5177 1190 5249 quidem
1224 5176 1277 5230 in
1335 5183 1636 5244 conspectu
1671 5171 1913 5224 filiorum
1948 5183 2106 5223 suam

522 5275 758 5330 deﬂebat
797 5273 1120 5331 orbitatem.
1155 5269 1346 5324 dicens
1388 5267 1478 5321 illa
1517 5265 1682 5320 verba
1718 5260 2054 5317 miserabilia
2094 5277 2108 5314 :

525 5369 662 5435 Quis
694 5384 726 5423 ο
758 5368 876 5430 filii,
906 5367 1014 5421 erit
1041 5362 1176 5418 mihi
1235 5361 1466 5415 baculus
1493 5355 1829 5414 senectutis?
1867 5354 2002 5419 Quis
2031 5350 2128 5407 me

529 5471 809 5516 mortuum
837 5455 1322 5528 componet?Quis
1348 5454 1452 5506 hoc
1480 5452 1739 5506 miserum
1768 5447 2116 5517 ctabjectum

525 5568 729 5623 corpus
764 5551 1050 5606 mandabit
1077 5546 1413 5620 sepultum?
1439 5544 1767 5599 Miseremini
1793 5541 1922 5604 mei,
1942 5555 1974 5592 ο
1995 5537 2113 5600 filii,

532 5662 672 5715 quos
702 5647 888 5716 genui,
917 5659 1058 5715 quos
1091 5641 1224 5707 alui,
1261 5655 1401 5710 quos
1433 5638 1500 5692 ad
1535 5638 1677 5691 hanc
1699 5650 1873 5705 usque
1896 5640 2114 5687 aetatem

2280 5068 2354 5125 A'.
2388 5070 2498 5121 Καὶ
2550 5066 2767 5136 πρῶτος
2815 5067 2843 5116 ὁ
2896 5063 3083 5131 πατὴρ
3113 5063 3170 5113 ἐν
3196 5060 3319 5130 ὄψει
3354 5060 3652 5129 γενόμενος
3685 5056 3800 5110 τῶν

2213 5163 2347 5221 υἱῶν
2397 5161 2497 5230 τὴν
2531 5155 2793 5212 ἀπαιδίαν
2828 5154 3089 5221 ὠδύρετο,
3125 5152 3221 5214 Τίς
3256 5169 3367 5222 μοι⁹
3398 5146 3442 5204 ὦ
3474 5151 3664 5210 τέκνα,
3709 5147 3803 5200 λέ-

2215 5273 2351 5324 γων,
2383 5253 2683 5324 βακτὴριον
2727 5249 2820 5302 τοῦ
2855 5249 3042 5316 γήρως
3073 5247 3397 5316 γενήσεται;
3447 5243 3545 5305 Τίς
3597 5240 3806 5296 ἀποθα-

2219 5351 2380 5404 νόντα
2414 5346 2756 5416 περιστελεί;
2795 5342 2891 5407 Τίς
2914 5341 3079 5394 δώσει
3107 5343 3251 5409 ταφῇ
3279 5340 3338 5391 τὸ
3366 5335 3623 5390 ταπεινὸν
3648 5335 3806 5387 τοῦτο

2225 5442 2319 5494 καὶ
2348 5438 2694 5504 ταλαίπωρον
2724 5434 2882 5502 σῶμα
2909 5449 2923 5497 ;
2956 5432 3052 5494 Τίς
3087 5430 3393 5495 διαδέξεται
3418 5429 3510 5480 τὸν
3537 5428 3808 5496 ὑμέτερον

2225 5536 2469 5604 κλῆρον;
2506 5529 2815 5598 Οἰκτείρατ³
2850 5529 2950 5596 ἐμὲ
2976 5567 2991 5592 ,
3042 5521 3087 5579 ὧ
3125 5526 3350 5588 παῖδεςς
3402 5523 3664 5592 φείσασθε
3707 5523 3808 5591 τῆς

2225 5630 2478 5698 νεότητος
2529 5626 2626 5678 καὶ
2660 5623 2760 5691 τῆς
2794 5621 2943 5693 ὥρας
2999 5619 3176 5689 ὑμῶν.
3234 5619 3327 5688 Μὴ
3382 5617 3650 5689 παρίδητε
3707 5615 3806 5683 ἐμὲ

613 5860 690 5921 (1)
718 5860 776 5910 S.
800 5855 1187 5912 Sebastianum
1215 5852 1473 5908 Narbone
1507 5848 1804 5921 oriundum
1859 5843 2312 5921 lilediolaiiii_vero
2344 5839 2639 5921 educatum
2687 5833 2879 5921 habet.
2903 5833 3193 5921 Barenius.
3307 5830 3564 5921 Ambros.
3582 5829 3636 5883 in
3661 5825 3806 5882 l'sal.

547 5904 1434 5992 cxi-ii.fiJrETEOYEEniBaiis
1455 5904 1827 5985 Narbonensi,
1861 5927 1916 5972 et
1955 5925 2132 5970 matre
2161 5907 2581 5971 Mediolanensi,
2610 5917 2799 5961 natum
2835 5904 3126 5961 Mediolani
3162 5911 3435 5960 astruunt.
