4120 6378
343 416 458 483 ’ΞΠ

352 529 456 598 μὲν
498 528 710 603 ἔρημον
745 536 953 595 παίδων
984 544 1303 616 γενόμενον,
1338 553 1438 624 τὴν
1484 554 1540 609 δὲ
1565 558 1746 612 οίκίαν
1791 561 1931 633 πρὸς

346 621 669 694 ἀλλοτρίους
700 630 1023 697 μεταϐᾶσαν
1043 674 1058 702 ,
1089 640 1184 692 καὶ
1218 638 1348 706 ἴσως
1383 647 1509 710 τοὺς
1554 652 1938 720 μισουμένους,

346 713 445 752 κστ

351 807 455 873 μὲν
508 812 695 880 πατὴρ
725 816 993 884 τοιούτοις
1041 827 1189 878 τισὶν
1241 829 1482 900 ἐπλήρου
1535 835 1627 888 τὸν
1691 836 1935 908 θρῆνον⁶

344 900 577 970 ἑτέρωθι
605 904 659 956 δὲ
691 907 724 976 ἡ
758 912 944 980 μήτηρ
971 919 1082 976 τοῖς
1113 918 1261 985 ὄνυξι
1282 923 1380 994 τὴν
1410 927 1589 999 κόμην
1623 946 1938 1000 σπαραττο-

346 993 490 1060 μένη
522 998 616 1048 καὶ
641 999 738 1052 τοῦ
768 1003 972 1058 κόλπου
1001 1014 1366 1078 προτείνουσα
1398 1020 1523 1081 τοὺς
1553 1025 1937 1090 μαστοὺ;,τῶν

342 1084 554 1140 ὠδίνων
605 1091 700 1144 τοῦ
751 1097 1027 1164 γάλακτος
1076 1105 1170 1157 καὶ
1212 1108 1323 1161 τῶν
1375 1110 1552 1166 ἄλλων
1586 1117 1642 1167 ἐν
1673 1117 1935 1189 δάκρυσιν

343 1178 742 1252 ὑπεμίμνησκε
798 1190 1000 1255 πόνων,
1064 1194 1159 1259 οὓς
1210 1204 1341 1267 περὶ
1390 1204 1492 1273 τὴν
1541 1207 1935 1279 παιδοτροφίαν

339 1270 624 1343 ἠνέσχετο.
659 1279 799 1341 Τοὺς
829 1286 1088 1351 τεκόντας
1118 1290 1175 1342 δὲ
1206 1293 1370 1348 πάλιν
1392 1300 1655 1366 γυναῖκες
1677 1306 1770 1355 καὶ
1803 1304 1934 1357 παί-

340 1362 452 1421 δων
485 1367 685 1437 ἄνηϐος
714 1375 875 1445 χορὸς
915 1377 1202 1452 διεδέχετο,
1240 1388 1296 1439 αί
1333 1362 1432 1458 μὲν
1463 1391 1532 1443 τὰ
1568 1393 1667 1461 τῆς
1708 1396 1935 1465 χηρείας

339 1458 496 1515 δεινὰ
524 1467 950 1535 καταλέγουσαι,
988 1476 1039 1529 oi
1074 1477 1133 1530 δὲ
1165 1481 1502 1551 φθέγγεσθαι
1534 1458 1933 1559 μνῆ-δυνάμενοι

337 1552 588 1608 ἁτενέσιν
614 1557 826 1629 ὄμμασι
875 1567 1004 1630 τοὺς
1055 1572 1305 1643 πατέρας
1339 1578 1801 1646 προσϐλέποντες,
1851 1585 1933 1648 είς

338 1647 567 1715 μνήμην
593 1651 791 1721 αὐτοὺς
832 1657 932 1726 τῆς
964 1661 1235 1731 ὀρφανίας
1271 1667 1562 1738 ἀνέφερον.
1613 1673 1759 1743 Πρὶς
1806 1676 1933 1728 τού-

334 1751 453 1800 τοις
483 1739 671 1810 ὅμιλος
713 1747 997 1816 ὁμηλίκων
1044 1756 1140 1807 καὶ
1194 1759 1365 1825 φίλων
1410 1764 1612 1833 παρῆν,
1663 1766 1935 1836 ’Λναμνή-

335 1828 528 1900 σθητε,
556 1833 832 1906 λέγοντες,
867 1844 969 1914 τῆς
1001 1848 1177 1918 καλῆς
1203 1851 1323 1921 μετ’
1349 1828 1597 1923 ἀλλήλων
1619 1828 1927 1928 διατριέῆς·

308 1530 316 1563 l

1141 434 1626 506 MARTYRIUM
1669 446 1725 510 S.
1773 449 2375 528 SEBASTIANKET
2418 463 2841 532 SOCIORUM.

371 731 446 766 ιτε
477 717 603 780 τοὺς
630 721 868 787 οἰκείους
928 728 1302 804 κληρονόμους
1336 740 1411 809 μὴ
1456 740 1710 810 ἔχουσαν.
1754 747 1862 799 Καὶ
1912 749 1941 801 ό

3532 481 3642 544 798

1959 573 2003 628 Α
2034 568 2293 651 produxi.
2357 572 2468 628 Cur
2498 586 2729 632 mortem
2782 581 3186 651 amplectimini
3221 586 3644 645 voluntariam?

2044 658 2159 714 Cur
2215 649 2280 716 ad
2346 664 2561 721 obitum
2613 649 2890 729 festinatis
2955 677 3369 738 immaturum?
3420 670 3651 739 Parcite.

2045 753 2239 810 formae
2269 766 2486 814 vestrae.
2552 761 2768 819 Parcite
2813 766 3117 837 juventuti.
3156 771 3235 827 Ne
3293 777 3641 846 mequidem

2043 846 2366 918 despiciatis
2403 854 2656 910 orbatum
2718 859 2883 916 filiis:
2920 864 3146 919 domum
3196 878 3380 922 autem
3417 870 3472 923 in
3528 888 3642 942 qua

2041 941 2180 997 estis
2227 945 2470 1010 educati,
2521 957 2901 1009 transeuntem
2938 957 3004 1009 ad
3037 959 3270 1024 alienos,
3307 970 3363 1015 et
3396 978 3494 1017 eos
3523 941 3640 1018 for—

2044 1044 2188 1089 tasse
2230 1039 2321 1106 qui
2357 1039 2518 1093 nobis
2546 1052 2677 1095 sunt
2708 1044 2858 1105 odio.
2891 1056 2951 1100 ut
2977 1063 3101 1117 qum
3135 1064 3267 1104 suos
3298 1067 3407 1106 non
3433 1052 3637 1108 habeat

2040 1126 2313 1183 hmredcs.
2355 1130 2422 1183 Et
2454 1141 2613 1201 pater
2644 1135 2869 1204 quidem
2922 1139 3002 1191 sic
3042 1155 3204 1196 suam
3247 1142 3498 1212 implevit
3551 1144 3634 1200 la-

2040 1219 2463 1276 mentationem.
2527 1222 2603 1276 Ex
2653 1226 2759 1279 alia
2793 1242 2923 1281 vero
2980 1242 3135 1299 parte
3192 1243 3369 1287 mater
3414 1251 3632 1294 comam

2040 1311 2251 1366 vellens
2279 1314 2581 1382 unguibus,
2615 1324 2670 1370 et
2700 1335 2729 1372 e
2759 1319 2885 1373 sinu
2935 1323 3228 1392 porrigens
3264 1324 3455 1390 ubera,
3503 1344 3633 1397 par-

2041 1414 2177 1469 tum,
2212 1417 2267 1460 et
2300 1406 2404 1471 lac,
2449 1418 2504 1462 et
2546 1408 2687 1464 alios
2723 1410 2940 1468 labores
2994 1431 3134 1483 quos
3183 1416 3237 1470 in
3286 1418 3354 1472 iis
3413 1420 3628 1475 alendis

2037 1507 2378 1566 susceperat,
2413 1504 2708 1555 revocabat
2741 1502 2794 1557 in
2828 1507 3151 1562 memoriam
3180 1526 3194 1573 ;
3226 1509 3359 1578 quid
3394 1527 3505 1565 non
3546 1512 3633 1567 di-

2037 1604 2191 1653 cens,
2226 1590 2360 1658 quid
2394 1607 2503 1645 non
2532 1592 2741 1649 faciens
2778 1611 2846 1651 ex
2883 1597 2950 1652 iis
2981 1614 3102 1668 qua:
3138 1612 3372 1668 possunt
3405 1619 3631 1660 movere

2036 1680 2103 1734 ad
2147 1682 2628 1740 misericordiam?
2654 1687 2784 1741 Post
2815 1702 3076 1758 parentes
3105 1707 3290 1749 autem
3325 1712 3518 1751 rursus
3544 1715 3632 1755 se-

2035 1774 2352 1843 quebantur
2386 1793 2587 1833 uxores
2613 1787 2669 1833 et
2704 1780 2910 1837 chorus
2950 1784 3305 1853 impuberum
3345 1788 3628 1855 filiorum;

2036 1863 2140 1917 illae
2156 1864 2378 1934 quidem
2415 1879 2811 1926 enumerantes
2854 1875 2995 1928 mala
3023 1875 3347 1943 viduitatis;
3389 1878 3442 1932 hi
3470 1897 3628 1945 vero,

330 1922 628 1996 ἐννοήσατε
681 1930 743 1983 τὸ
795 1933 972 2002 γλυκὺ
1020 1939 1181 1993 τοῦτο
1221 1944 1374 2011 φῶς,
1430 1942 1491 2000 οὗ
1529 1952 1641 2010 τοῖς
1698 1949 1926 2007 λαϐοῦσι

2173 1922 2188 1934 .
2602 1922 2607 1923 κ
2656 1922 2665 1924 ι
2708 1922 2715 1923 κ
2757 1922 2807 1926 η
2854 1922 2995 1928 πτη-
3035 1922 3347 1943 η--η---νι
3478 1922 3628 1945 mu.

2031 1956 2292 2024 quoniam
2342 1959 2590 2015 nondum
2644 1961 2799 2034 loqui
2830 1973 3111 2034 poterant,
3163 1969 3399 2026 intentis
3443 1973 3630 2031 oculis

334 2021 538 2091 πεῖραν
563 2022 766 2098 ἀνιαρᾶ
789 2029 1008 2095 πάντως
1043 2035 1076 2105 ἠ
1112 2038 1393 2107 στέρησις.
1429 2041 1656 2105 Τούτοις
1687 2043 1835 2097 ἅπαν
1866 2045 1926 2099 τὸ

325 2112 611 2179 δωμάτιον
643 2117 858 2189 θρήνων
890 2124 1163 2198 ἐπλήσθη·
1196 2130 1272 2194 ὠς
1303 2134 1397 2185 καὶ
1426 2133 1553 2196 τοὺς
1598 2135 1925 2205 εἰρημένους

237 2264 258 2282 ο
324 2206 579 2278 ἀθλητὰς
612 2215 794 2282 πηγὰς
833 2217 1055 2286 ἀφιέναι
1084 2221 1361 2292 δακρύων
1412 2227 1550 2298 ὅπερ
1595 2227 1721 2282 ίδὼν
1748 2231 1776 2281 ὁ
1814 2247 1923 2299 μα·

327 2301 526 2369 κάριος
562 2305 951 2378 Σεσαστιανδς,
997 2316 1093 2367 κα⁹ι
1136 2315 1323 2380 δείσας
1365 2319 1440 2391 μὴ
1486 2319 1565 2387 τῷ
1613 2321 1781 2391 οἴκτῳ
1819 2338 1922 2392 μαο

325 2394 687 2462 λακισθέντες
715 2405 957 2473 προδῶσι
986 2408 1086 2480 τὴν
1130 2404 1435 2477 εὗσέϐειαν,
1476 2416 1609 2478 στὰς
1638 2416 1698 2469 ἐν
1743 2415 1943 2488 μέσῳ..

324 2489 421 2540 καὶ
447 2493 560 2554 τοῖς
587 2495 722 2547 πᾶσι
748 2501 1067 2570 καταφανὴς
1095 2503 1335 2570 γεγονὼς
1351 2504 1426 2569 ὡς
1446 2507 1778 2575 Χριστιανὸς
1806 2507 1918 2580 εἴη,
1952 2566 1961 2574 ,

324 2584 554 2636 τοιοῖσδε
598 2587 735 2656 πρὸς
787 2591 917 2653 τοὺς
976 2597 1338 2665 παρεστῶτας
1382 2601 1655 2670 ἐχρήσατο
1696 2601 1877 2669 λόγοις
1903 2614 1921 2633 ’

2033 2045 2317 2102 intuentes
2370 2064 2650 2121 parentes,
2708 2056 3003 2112 orbitatem
3034 2061 3117 2114 eis
3166 2062 3510 2121 reducebant
3561 2066 3623 2121 in

2035 2137 2380 2201 memoriam,
2403 2150 2459 2196 et
2490 2142 2598 2197 alia
2634 2160 2758 2214 qua:
2790 2158 3225 2206 consentaneum
3259 2163 3344 2208 est
3377 2154 3447 2208 iis
3485 2162 3621 2210 ‘eve-

2028 2229 2170 2294 nire,
2206 2234 2302 2301 qui
2339 2234 2392 2288 in
2426 2235 2527 2291 hac
2560 2247 2723 2292 aetate
2755 2256 2865 2295 non
2897 2254 3167 2298 curantur
3203 2256 3259 2302 et
3303 2247 3621 2304 defendun-

2028 2333 2176 2382 tura
2216 2326 2564 2394 parentibus.
2622 2329 2719 2384 His
2752 2333 3054 2389 accedebat
3100 2336 3263 2391 turba
3319 2341 3621 2409 aequalium

2002 2423 2081 2471 -et
2115 2416 2447 2483 amicorum,
2496 2434 2621 2489 qua:
2652 2422 2877 2479 dicebat
2904 2442 2918 2478 :
2947 2425 3339 2484 Recordamini
3374 2432 3623 2500 pulchra:

2022 2515 2081 2562 ct
2107 2507 2367 2576 jucunda:
2398 2510 2527 2566 vitae
2569 2528 2734 2583 quam
2772 2515 2919 2570 inter
2968 2518 3476 2587 nosdegebamus.
3509 2523 3621 2579 Ve-

2025 2598 2142 2653 niat
2170 2600 2329 2655 vobis
2372 2602 2429 2656 in
2460 2613 2699 2659 mentem
2742 2606 2833 2659 lux
2869 2607 3079 2672 suavis,
3133 2624 3299 2678 quam
3356 2611 3452 2680 qui
3491 2621 3623 2669 sunt

322 2679 559 2746 experti.
597 2692 681 2736 est
717 2685 945 2740 omnino
979 2688 1062 2743 eis
1090 2692 1382 2747 molestum
1417 2709 1482 2750 ea
1549 2695 1774 2764 privari.
1837 2693 1975 2749 Cum
2015 2693 2134 2748 haec
2168 2693 2249 2747 sic
2276 2695 2617 2761 dicerentur,
2661 2707 2773 2753 tota
2813 2700 3013 2755 domus
3044 2710 3164 2756 erat
3209 2702 3372 2772 plena
3404 2704 3621 2759 lamen-

324 2772 661 2839 tationibus,
694 2776 832 2831 adeo
862 2790 919 2834 ut
952 2781 1087 2838 dicti
1122 2784 1343 2840 athletae
1372 2788 1689 2842 emitterent
1720 2774 1900 2841 fontes
1941 2786 2330 2857 lacrymarum,
2355 2798 2410 2842 et
2435 2789 2885 2861 discerperentur
2951 2808 3145 2847 eorum
3204 2796 3418 2851 viscera
3461 2812 3617 2852 com-

321 2861 703 2922 miseratione.

785 2870 941 2936 Quod
999 2878 1225 2946 quidem
1280 2896 1408 2934 cum
1459 2881 1949 2936 animadvertisset
1987 2880 2183 2934 beatus
2234 2880 2599 2937 Sebastianus
2638 2893 2695 2938 et
2740 2884 3022 2941 timuisset
3072 2903 3142 2943 ne
3224 2887 3615 2945 misericordia

318 2956 553 3012 emolliti
593 2962 890 3029 proderent
939 2968 1224 3038 pietatem,
1278 2982 1432 3030 stans
1482 2975 1537 3029 in
1594 2975 1798 3039 medio,
1847 2982 1905 3029 et
1977 2981 2165 3043 aperte
2218 2973 2519 3030 ostendens
2559 2976 2824 3032 omnibus
2867 2993 2927 3032 se
2982 2993 3106 3034 esse
3183 2975 3635 3037 Christianum“

317 3062 502 3118 neque
532 3052 682 3107 enim
713 3057 1068 3118 existimabat
1115 3078 1373 3134 oportere
1420 3084 1478 3125 se
1510 3069 1712 3136 celare,
1756 3067 1903 3137 apud
1941 3081 2040 3122 eos
2071 3067 2166 3134 qui
2204 3067 2440 3122 aderant
2472 3069 2658 3125 verbis
2695 3078 2781 3125 est
2814 3086 2948 3127 usus
2982 3073 3265 3141 ejusmodi
3302 3093 3320 3129 :

392 3142 468 3196 E'.
504 3143 564 3197 Ei
604 3147 703 3215 μὲν
731 3151 984 3223 μόνιμος,
1016 3152 1062 3210 ὣ
1095 3154 1264 3223 οὗτοι,
1300 3162 1397 3214 καὶ
1423 3163 1787 3235 ἅτελεὺτητος
1828 3158 1896 3232 ἦν

2080 3159 2141 3215 ν.
2181 3158 2238 3215 Si
2269 3159 2484 3215 stabilis
2510 3162 2736 3231 quidem
2775 3172 2832 3218 et
2878 3163 3058 3229 ﬁrma,
3087 3180 3121 3219 ο
3151 3181 3269 3231 vos,
3304 3174 3454 3222 esset
3484 3168 3609 3227 haec

315 3230 348 3281 ό
379 3232 572 3301 παρὼν
601 3233 738 3302 βίος.
773 3239 1010 3296 ἐδοκεῖτε
1031 3245 1098 3299 ἂν
1128 3246 1258 3312 ἴσως
1280 3250 1470 3304 εἰκότα
1496 3254 1693 3317 ποιεῖν,
1723 3253 1900 3307 τοιοό-
1928 3287 1932 3317 ,

2012 3252 2140 3317 vita,
2172 3261 2227 3307 et
2263 3254 2316 3306 in
2359 3268 2524 3308 omne
2571 3270 2750 3309 azvum
2803 3257 3224 3321 extenderetur,
3271 3259 3608 3315 videremini

316 3338 411 3375 του
446 3326 656 3392 πάθους
683 3334 811 3396 τοὺς
837 3335 1078 3407 ἀθλητὰς
1112 3342 1539 3415 ἀποτρέποντες’
1572 3348 1694 3401 ἐπεὶ
1729 3346 1789 3401 δὲ
1834 3349 1899 3403 τὰ

315 3415 562 3482 παρόντα
615 3422 700 3488 ῥεῖ
729 3426 821 3476 καὶ
853 3431 1218 3499 παρέρχεται,
1252 3437 1347 3490 καὶ
1389 3437 1507 3506 βίος
1538 3440 1679 3510 ἡμῖν
1710 3440 1901 3513 ἕτερος

310 3507 618 3580 διαδέχεται
644 3515 1006 3589 ἀτελεύτητός
1032 3541 1093 3576 τε
1123 3526 1221 3580 καὶ
1251 3507 1593 3600 ἆρῤευστοςς
1623 3532 1769 3599 τίνος
1799 3507 1897 3605 ide

312 3618 400 3668 ριν
436 3602 645 3657 πείθειν
679 3606 1012 3680 ἐπιχειρεῖτε
1064 3616 1192 3680 τοὺς
1248 3622 1534 3687 γενναίους
1590 3625 1900 3693 ἀγωνιστὰς

306 3692 421 3745 τῶν
455 3694 728 3763 μενόντων
760 3704 1081 3772 προκρίνειν
1124 3708 1196 3762 τὰ
1234 3710 1637 3779 διαπίπτοντας
1675 3718 1745 3770 Ἢ
1795 3718 1895 3772 οὐκ

313 3781 431 3835 εστι
465 3785 548 3838 ὅτι
574 3788 636 3839 τὸ
671 3790 774 3858 μὲν
802 3793 997 3848 παθεῖν
1024 3798 1166 3870 ὑπὲρ
1198 3801 1438 3869 Χριστοῦ
1469 3805 1568 3876 τὴν
1599 3808 1708 3861 τῶν
1730 3810 1896 3880 οὐρα·

307 3873 421 3926 νῶν
467 3877 722 3948 προξενεῖ
761 3882 1065 3952 βασιλείαν,
1115 3892 1176 3945 τὸ
1223 3892 1279 3947 δὲ
1335 3896 1685 3967 ἀρνήσασθαι
1730 3901 1894 3954 αὐτὸν

306 3967 410 4035 τὴν
446 3968 648 4040 ταύτης
693 3973 973 4031 ἔκπτωσιν
1022 3984 1137 4046 τοῖς
1182 3987 1623 4058 ἔιπαρνουμένοις
1666 3991 1891 4057 δίδωσις

312 4074 335 4108 ι
371 4060 558 4124 Ὅστις
584 4065 730 4134 γὰρ,
768 4086 787 4118 ι
834 4073 1020 4141 φησὶν,
1077 4093 1097 4128 ι
1133 4077 1431 4149 ἀρνήσεται
1474 4098 1541 4149 με
1583 4082 1894 4151 ἔμπροσθεν

304 4151 418 4204 τῶν
451 4154 777 4226 ἀνθρώπων,
820 4164 1130 4236 ἀρνήσομαι
1184 4170 1347 4224 αὑτὸν
1392 4173 1549 4242 κάγὼ
1577 4174 1890 4245 ἔμπροσθεν

304 4243 404 4296 τοῦ
440 4247 654 4317 Πατρός
692 4270 797 4322 μου
844 4256 942 4310 τοῦ
999 4261 1057 4313 ἐν
1107 4265 1219 4323 τοῖς
1250 4264 1523 4334 οὐρανοῖς.
1556 4285 1576 4319 ι
1628 4266 1790 4321 Ἀλλὰ
1826 4267 1893 4339 δὴ

303 4336 585 4394 δεδοίκατε
643 4345 717 4414 μὴ
752 4348 936 4403 οὐκέτι
986 4352 1201 4409 ἔσονται
1243 4358 1394 4412 τόνδε
1428 4360 1519 4413 τὸν
1553 4359 1669 4432 βίον
1699 4363 1890 4416 ἀπολιο

305 4430 503 4495 πόντες
530 4452 544 4498 ;
589 4436 730 4503 Ἐγὼ
757 4440 948 4495 τούτου
974 4446 1269 4519 ἐγγυητήςο
1290 4450 1373 4503 ὅτι
1402 4453 1484 4514 είς
1519 4430 1714 4520 ἑτέραν
1744 4452 1890 4523 ζωὴν

304 4525 450 4592 μετὰ
481 4526 583 4598 τὴν
615 4532 872 4588 ἐντεῦθεν
919 4538 1250 4610 ἀπαλλαγὴν
1295 4544 1583 4616 γινόμεθα,
1616 4546 1745 4599 ἔνθα
1786 4546 1888 4617 τὴν

2010 3342 2248 3399 fortasse
2297 3343 2482 3399 facere
2527 3356 2926 3414 consentanea,
2969 3347 3038 3403 ab
3093 3348 3182 3405 his
3226 3350 3606 3419 perpetiendis

2004 3444 2324 3491 avertentes
2357 3437 2622 3493 athletas.
2650 3438 2791 3494 Cum
2827 3450 3016 3497 autem
3052 3455 3246 3496 eorum
3302 3456 3426 3511 quae
3474 3453 3606 3497 sunt

2000 3530 2313 3598 praesentia,
2350 3530 2488 3584 nihil
2528 3532 2600 3585 sit
2651 3531 2869 3585 firmum
2906 3547 2971 3587 ac
3000 3533 3220 3598 stabile,
3267 3532 3439 3589 ﬂuant
3472 3549 3604 3589 vero

2002 3638 2067 3678 ac
2115 3623 2369 3677 ferantur
2413 3624 2622 3688 omnia,
2659 3634 2715 3678 et
2747 3625 2853 3680 alia
2906 3640 3007 3679 nos
3035 3626 3145 3680 vita
3174 3626 3442 3696 excipiat,
3476 3641 3602 3696 qua

2000 3731 2113 3769 non
2165 3725 2251 3771 est
2307 3716 2450 3772 ﬂuxa
2498 3732 2601 3771 nec
2645 3733 2887 3787 unquam
2942 3717 3183 3773 desinit:
3233 3734 3334 3773 cur
3379 3717 3449 3774 ad
3486 3719 3601 3775 haec

1996 3809 2280 3863 attrahitis
2313 3809 2485 3865 fortes
2513 3820 2571 3865 et
2601 3825 2906 3879 generosos
2945 3810 3208 3875 athletas,
3238 3812 3322 3866 eis
3355 3811 3599 3867 suaden-

1996 3909 2082 3955 tes
2129 3910 2188 3953 ut
2225 3912 2485 3956 maneant
2538 3901 2592 3955 in
2651 3902 2718 3956 iis
2753 3918 2875 3970 que
2926 3902 3210 3965 videntur.
3267 3912 3324 3958 et
3362 3920 3425 3959 ca
3468 3920 3596 3973 qua

1996 3993 2265 4047 decidunt
2315 3993 2615 4061 prxfernnt
2664 3993 2732 4047 iis
2755 4009 2879 4063 qua:
2928 3995 3198 4049 manent?
3244 3996 3327 4048 An
3364 3994 3595 4051 nescitis

1995 4090 2141 4155 quod
2174 4100 2273 4154 pro
2311 4084 2535 4138 Christo
2562 4083 2786 4152 quidem
2829 4085 2943 4154 pati
2998 4084 3322 4139 conciliabit
3357 4099 3591 4156 regnum

1994 4176 2266 4232 cwlorum
2300 4194 2313 4230 :
2343 4189 2471 4230 eum
2490 4184 2675 4232 autem
2701 4191 2903 4247 negare
2936 4186 2993 4232 et
3022 4177 3259 4246 prodere
3282 4186 3587 4246 certamen,

1994 4269 2128 4324 facit
2180 4277 2239 4323 ut
2289 4268 2384 4337 qui
2423 4268 2503 4323 sic
2534 4267 2849 4338 cogitarunt
2878 4267 2949 4321 ab
2991 4282 3058 4322 eo
3095 4267 3403 4323 excidant?
3451 4269 3587 4336 «υυι

1992 4361 2166 4422 enim,
2196 4360 2399 4430 inquit,
2432 4377 2519 4416 me
2555 4361 2841 4430 negaverit
2869 4375 3059 4415 coram
3088 4359 3435 4425 hominibus,
3482 4377 3589 4431 ego

1994 4469 2217 4524 quoque
2257 4469 2384 4508 eum
2427 4453 2643 4523 negabo
2676 4468 2862 4508 coram
2911 4453 3075 4508 Patre
3108 4468 3256 4518 meo,
3293 4453 3387 4523 qui
3422 4453 3589 4511 estin

1995 4544 2215 4600 cmlis'.
2262 4563 2281 4597 ι
2324 4544 2431 4599 Sed
2483 4544 2691 4599 timetis
2718 4560 2787 4599 ne
2816 4542 2930 4599 sint
2977 4545 3208 4599 omnino
3257 4545 3490 4615 perituri
3529 4554 3589 4602 et

300 4618 541 4688 ἀμοιϐὴν
572 4624 680 4677 τῶν
710 4624 889 4697 ἔργων
918 4630 1151 4696 ἕκαστος
1179 4636 1430 4706 λήψεται,
1461 4637 1587 4692 ἔνθα
1625 4641 1718 4693 καὶ
1743 4634 1890 4695 οὗτοι
1922 4644 1932 4697 1

2012 4655 2105 4694 ton
2145 4638 2384 4709 amplius
2408 4637 2582 4692 futuri
2619 4637 2716 4708 qui
2746 4637 2915 4692 vitam
2963 4646 3288 4704 praesentem
3340 4637 3587 4706 relique-

300 4714 781 4784 κατασκηνοῦντες
820 4724 913 4775 καὶ
949 4725 1174 4798 Χριστῷ
1203 4729 1625 4800 εὐφραινόμενοι
1673 4732 1889 4801 μεμνήσ-

301 4819 487 4857 σονται
537 4809 633 4860 καὶ
687 4814 888 4877 γονέων
940 4820 1034 4869 καὶ
1087 4819 1298 4872 παίδων
1354 4822 1448 4873 καὶ
1481 4822 1784 4889 γυναικῶν,
1813 4822 1885 4876 τὰ

295 4898 513 4965 χρηστά
545 4900 731 4964 αὐτοῖς
772 4904 1134 4974 ἐξαιτοῦντες.
1179 4911 1468 4966 Παύσασθε
1497 4909 1591 4966 οὖν
1621 4913 1889 4983 δακρύον-

296 5003 392 5049 τες
428 4991 521 5041 καὶ
551 4993 981 5066 μαλακωτέρους
1015 5006 1136 5059 ταῖς
1183 5005 1519 5072 προθυμίαις
1551 5006 1753 5065 αὐτοὺς
1792 5007 1883 5074 ἑρ-

298 5078 619 5147 γαξάμειοι.
651 5085 908 5141 Ἔσονται
939 5091 1047 5163 γὰρ
1072 5094 1200 5162 ὑμῖν
1224 5096 1471 5164 σωτῆρες
1498 5095 1590 5147 καὶ
1618 5096 1885 5165 φύλακες,

297 5167 398 5223 νῦν
455 5174 554 5241 μὲν
607 5176 860 5247 ἀοράτως
893 5184 1314 5253 ἐπιφοιτῶντες,
1373 5188 1510 5257 μετὰ
1543 5189 1737 5258 δὲτὴν
1788 5189 1884 5242 τοῦ

298 5262 421 5331 βίου
454 5268 757 5324 κατάλυσιν
806 5275 887 5338 είς
925 5276 1026 5340 τὰς
1055 5280 1313 5345 αἰωνίους
1358 5282 1644 5351 δεχόμενοι
1679 5282 1885 5350 σκηνάς

298 5364 840 5431 συγκοινωνήσοντας
903 5370 1089 5433 αὐτοῖς
1161 5373 1258 5442 τῆς
1318 5376 1710 5445 τερπνότητοςο
1773 5374 1883 5426 Καὶ

292 5446 470 5501 ταῦτα
504 5452 606 5518 μὲν
634 5456 772 5525 πρὸς
795 5460 922 5523 τοὺς
953 5461 1309 5532 ἐληλυθότας.

1991 4731 2164 4787 runt?
2187 4730 2293 4786 Sed
2323 4746 2426 4800 ego
2456 4730 2623 4801 hujus
2650 4745 2773 4784 sum
2802 4728 3095 4801 fidejussor
3119 4750 3133 4784 :
3166 4745 3270 4801 ego
3298 4730 3450 4785 hunc
3480 4744 3583 4783 vo-

1990 4822 2076 4876 bis
2121 4833 2330 4876 metum
2364 4822 2571 4876 adimo.
2607 4819 2736 4876 Haec
2766 4831 2851 4876 est
2886 4821 3038 4876 enim
3084 4835 3298 4876 summa
3329 4829 3386 4875 et
3412 4828 3583 4888 caput

1990 4924 2193 4971 nostrae
2246 4916 2406 4971 fidei:
2449 4916 2558 4972 hoc
2598 4916 2900 4985 persuadet
2934 4926 2997 4970 ut
3041 4924 3262 4970 terrena
3307 4912 3583 4982 despicia-

1990 5024 2136 5073 mus,
2168 5008 2316 5079 quod
2356 5017 2647 5079 postquam
2677 5010 2807 5064 hinc
2836 5009 3264 5071 excesserimtts,
3312 5004 3383 5060 ad
3410 5004 3577 5060 aliam

1987 5117 2183 5157 sumus
2235 5102 2399 5156 vitam
2456 5102 2767 5165 transituri,
2801 5104 2855 5157 in
2912 5118 3021 5172 qua
3076 5099 3478 5157 convenienter
3506 5097 3579 5154 iis

1989 5210 2113 5266 quae
2134 5194 2366 5264 gesserit
2382 5194 2619 5264 accipiet
2640 5196 3027 5266 unusquisque
3047 5195 3573 5259 remunerationem,

1987 5289 2084 5344 ubi
2122 5288 2174 5343 hi
2206 5302 2427 5358 quoque
2460 5287 2780 5343 habitantes
2818 5296 2874 5342 et
2906 5304 3031 5342 cum
3069 5286 3293 5343 Christo
3324 5286 3574 5343 laetantes

1986 5378 2432 5434 recordabuntur
2453 5384 2507 5431 et
2537 5387 2832 5446 parentum
2859 5386 2916 5431 et
2950 5376 3192 5430 filiorum
3222 5384 3280 5430 et
3305 5391 3570 5440 uxorum,

1984 5470 2129 5526 bona
2159 5471 2226 5525 iis
2258 5468 2625 5538 postulantes,
2662 5477 2720 5522 et
2751 5468 2868 5522 suis
2901 5467 2968 5522 ad
3004 5467 3175 5522 Deum
3216 5466 3575 5538 supplicatio—

295 5538 465 5595 nibus
498 5544 712 5603 facilem
756 5550 840 5605 eis
885 5554 1056 5609 vitam
1095 5558 1425 5627 praebentes.
1459 5563 1704 5621 Desinite
1748 5578 1881 5635 ergo
1920 5563 2054 5619 ﬂere
2082 5573 2139 5619 et
2189 5562 2428 5616 athletas
2478 5560 2753 5626 emollire,
2787 5570 2845 5615 et
2890 5577 2922 5615 a
2953 5568 3210 5631 prompto
3274 5569 3331 5615 et
3403 5560 3571 5617 alacri

293 5631 469 5687 animi
498 5637 686 5694 studio
723 5646 1027 5703 retardare.
1062 5648 1185 5704 Non
1221 5653 1370 5708 enim
1399 5670 1499 5712 vos
1522 5658 1762 5714 omnino
1797 5631 2131 5728 relinquent,
2156 5655 2324 5712 etiam
2392 5654 2438 5709 si
2510 5652 2617 5709 hoc
2673 5652 2945 5719 videatur,
3015 5652 3112 5707 sed
3165 5661 3328 5708 erunt
3382 5666 3569 5708 serva-

296 5732 450 5780 tores
477 5735 533 5782 et
571 5735 851 5806 custodes,
883 5755 1034 5798 nunc
1068 5744 1296 5814 quidem
1365 5748 1440 5804 ita
1504 5749 1868 5807 adventantes
1899 5758 1959 5807 ut
1993 5765 2106 5806 non
2131 5748 2331 5807 cadant
2361 5749 2465 5806 sub
2489 5754 2793 5818 aSpectum,
2820 5753 2944 5816 post
2972 5744 3094 5802 vita:
3122 5754 3305 5802 autem
3336 5744 3565 5813 exitum,

372 5905 390 5940 ⁸
414 5903 609 5966 Matth.
640 5924 697 5980 x,
721 5912 812 5970 55.

2504 6000 2528 6019 ο
