4128 6384
533 392 642 455 799

1674 391 2052 452 ADDENDA.
2101 415 2162 428 ’-
2211 392 2671 454 JANUABIUS.

3695 388 3820 450 800'

533 507 590 562 in
628 518 858 562 aeternas
907 503 1606 574 suscipientesmansiones
1653 522 1776 560 cum
1809 504 1892 559 eis
1947 504 2328 560 delectationis
2365 506 2582 562 futuros
2602 503 2923 576 participes.
2990 504 3057 558 Et
3088 503 3204 558 hac
3271 501 3494 572 quidem
3569 499 3633 552 ad
3701 516 3807 554 eos

531 601 624 669 qui
669 607 950 653 venerant-

606 691 690 743 Vl.
755 689 1071 744 Orationem
1138 704 1274 743 vero
1354 705 1546 742 rursus
1619 699 1948 744 convertens
2043 691 2193 754 adA

531 781 705 835 fortes
757 790 812 834 et
862 795 1159 848 generosos
1208 780 1463 842 athletas,
1546 779 1684 834 dixit
1734 795 1748 833 :
1806 781 2012 837 Videtis
2087 801 2121 838 ο

530 871 1043 944 Christi.militcs,
1129 873 1324 927 callida
1409 874 1629 942 maligni
1701 875 1946 940 inventa,
2025 893 2122 946 per

532 980 654 1034 quas
729 975 960 1018 conatur
1037 980 1134 1018 vos
1187 981 1217 1019 a
1301 976 1480 1020 vestra
1546 967 1720 1021 salute
1801 967 2122 1022 abducere?

533 1055 690 1120 Quod
731 1056 876 1108 enim
923 1071 1021 1124 per
1077 1064 1343 1110 tormenta
1397 1057 1575 1112 facere
1622 1074 1729 1112 non
1766 1059 1963 1130 potuit,
2018 1061 2124 1115 hoc

537 1155 711 1200 tentat
773 1146 988 1202 edicere
1043 1163 1140 1216 per
1206 1159 1416 1204 vestros
1464 1154 1825 1208 necessarios.
1889 1153 1994 1210 Sed
2053 1171 2124 1210 ne

536 1237 802 1306 ignoretis
833 1254 929 1292 vos
973 1241 1094 1309 eius
1135 1241 1385 1302 consilia.
1415 1242 1652 1297 scientes
1700 1260 1826 1298 eum
1862 1244 2123 1300 omnibus

538 1329 718 1382 modis
747 1331 1020 1392 insidiari,
1057 1341 1111 1386 et
1139 1332 1400 1386 omnibus
1427 1349 1523 1386 vos
1561 1335 1781 1404 aggredi
1830 1337 2118 1399 machinis,

536 1420 630 1488 qui
661 1435 808 1473 nunc
850 1436 1069 1490 quoque
1100 1438 1225 1476 cum
1272 1422 1412 1476 vidit
1458 1439 1555 1477 vos
1584 1426 1800 1480 venisse
1838 1426 1904 1479 ad
1955 1427 2120 1480 linem

538 1513 927 1579 certaminum,
960 1524 1014 1568 et
1047 1531 1155 1569 non
1179 1516 1363 1570 ferens
1390 1517 1631 1573 dedecus
1653 1519 1799 1588 quod
1832 1521 1903 1574 sit
1943 1522 2121 1574 victus

538 1612 830 1672 postquam
872 1606 1042 1659 multa
1077 1607 1235 1660 vobis
1265 1609 1405 1662 mala
1439 1609 1644 1672 intulit,
1673 1611 1860 1664 studet
1889 1620 2012 1680 post
2039 1612 2120 1664 vi-

539 1696 770 1749 ctoriam
801 1712 900 1750 vos
932 1698 1149 1765 privare
1185 1701 1448 1768 prtemiis,
1477 1709 1536 1753 ut
1569 1711 1768 1769 praeter
1801 1703 1850 1755 id
1882 1704 2030 1772 quod
2055 1720 2124 1759 ex

539 1785 780 1852 acceptis
811 1786 984 1854 plagis
1037 1787 1176 1841 nihil
1211 1790 1412 1843 essetis
1460 1790 1820 1851 Ittcrifacturi.
1859 1804 2122 1860 praetcrea

540 1872 820 1926 Christum
885 1891 1106 1944 quoque
1167 1879 1455 1932 amittatis.
1506 1878 1620 1934 Hoc
1664 1890 1746 1934 cst
1775 1882 1923 1934 enim
1973 1882 2121 1936 illius

542 1977 702 2031 opus,
738 1972 794 2017 et
827 1964 1012 2032 gravia
1043 1966 1266 2032 inferre,
1301 1977 1354 2021 et
1383 1985 1509 2030 eam.
1536 1986 1654 2038 qua:
1687 1971 1816 2025 hinc
1850 1973 2122 2041 accipitur

2293 697 2384 761 ς’.
2433 695 2575 764 Πρὸς
2627 691 2684 746 δὲ
2735 695 2863 756 τοὺς
2890 689 3170 759 γενναίους
3200 689 3535 759 ἀγωνιστὰς,
3583 687 3813 754 Ὁρᾶτε,

2231 782 2406 851 εἶπεν,
2437 780 2482 839 ὦ
2517 785 2846 855 στρατιῶται
2874 785 2971 837 τοῦ
3001 782 3263 854 Χριστοῦ,
3300 783 3368 834 τὰ
3413 779 3506 833 τοῦ
3563 775 3813 846 πονηροῦ

2231 878 2546 945 σοφίσματα
2573 876 2638 928 δι’
2669 870 2742 932 ὧν
2767 876 2911 938 ὑμᾶς
2939 874 3040 944 τῆς
3067 874 3340 945 σωτηρίας
3368 869 3816 937 ἀποϐουκολῆσαι

2231 969 2418 1036 ζητεῖς
2457 971 2522 1021 Ὃ
2553 969 2662 1037 γὰρ
2685 968 2775 1020 διὰ
2815 967 2920 1021 τῶν
2975 967 3228 1036 βασάνων
3260 967 3362 1018 οὐκ
3389 963 3618 1033 ἔπραξε,
3651 962 3819 1014 τοῦτο

2231 1059 2317 1112 διὰ
2343 1060 2452 1112 τῶν
2485 1060 2810 1128 ἐπιτηδείων
2842 1059 3038 1113 ἀνῦσαι
3095 1060 3374 1130 πειρᾶται.
3439 1057 3583 1108 Ἀλλ’
3651 1055 3820 1122 ὑμεῖς

2229 1170 2294 1222 γε
2351 1152 2428 1221 μὴ
2472 1152 2778 1220 ἀγηοήσητε
2848 1150 3015 1204 αὐτοῦ
3069 1149 3140 1202 τὰ
3199 1147 3568 1218 βουλεύματα,
3608 1144 3817 1204 εἰδότες

2230 1245 2313 1297 ὅτι
2363 1245 2500 1296 πᾶσι
2548 1243 2772 1310 τρόποις
2822 1243 2952 1312 ἡμῖν
3010 1239 3392 1303 ἐπιϐουλεύει,
3445 1237 3503 1300 ὃς
3550 1236 3647 1290 νῦν
3689 1235 3818 1287 ίδὼν

2231 1336 2366 1406 πρὸς
2421 1335 2483 1387 τὸ
2539 1334 2690 1398 τέλος
2750 1335 2858 1386 τῶν
2900 1332 3127 1399 ἀγώνων
3181 1332 3438 1393 ἐλθόντας
3501 1329 3686 1398 ὑμᾶς.
3718 1326 3820 1379 καὶ

2229 1426 2330 1497 τὴν
2369 1420 2538 1495 ἧτταν
2575 1423 2650 1494 μὴ
2705 1424 2886 1492 φέρων
2914 1423 3132 1476 σπεύδει
3173 1422 3314 1492 μετά
3345 1422 3441 1490 τὴν
3482 1420 3592 1471 τῶν
3621 1418 3818 1470 δεινῶν

2230 1515 2530 1585 καρτερίαν
2567 1519 2832 1584 στερῆσαι
2861 1515 2967 1568 τῶν
3023 1516 3318 1586 βραϐείων,
3352 1517 3432 1569 ἔτι
3464 1516 3522 1568 δέ
3551 1516 3646 1569 καὶ
3679 1515 3819 1585 Χρι-

2232 1608 2380 1661 στοῦ·
2403 1607 2560 1660 τοῦτο
2585 1608 2694 1677 γὰρ
2722 1607 2884 1675 ἔργον
2914 1606 3080 1660 αὐτοῦ
3109 1609 3202 1661 καὶ
3229 1608 3298 1660 τά
3330 1607 3481 1661 δεινὰ
3502 1606 3814 1676 ἐπιφέρειν.

2243 1698 2388 1752 Ἀλλ’
2419 1698 2580 1767 ὑμεῖς
2618 1699 2780 1766 στῆτε
2807 1699 3072 1766 γενναίως
3096 1697 3236 1751 κατά
3263 1697 3364 1764 τῆς
3399 1697 3682 1767 μεθοδείας
3716 1695 3815 1748 τού

2228 1789 2497 1854 διαὸόλου,
2540 1790 2633 1841 καλ⁹
2671 1789 2744 1858 μὴ
2779 1789 2857 1859 τῷ
2893 1790 3044 1859 φόϐῳ
3094 1789 3192 1858 τῆς
3241 1789 3558 1851 τελευταίας
3600 1788 3813 1856 πληγῆς

2227 1878 2296 1954 ἧς
2333 1884 2498 1951 μόνης
2525 1883 2552 1933 ὁ
2579 1881 2772 1948 ἐχθρὸς
2806 1881 3014 1950 κύριος,
3039 1881 3139 1949 τὴν
3168 1881 3278 1934 τῶν
3293 1880 3541 1948 οὐρανῶν
3573 1879 3816 1951 πρόησθε

2233 1971 2539 2041 βασιλείαν,
2573 1966 2640 2040 ἧς
2686 1974 2868 2040 τυχεῖν
2912 1973 3011 2040 μὲν
3042 1973 3223 2026 καλῶν
3252 1973 3311 2025 τὸ
3337 1973 3662 2042 ἀκρότατον,
3697 1972 3816 2026 δια-

541 2053 838 2109 utilitatcm
904 2057 1240 2113 intercidere
1291 2061 1357 2114 iis
1408 2062 1501 2129 qui
1553 2061 1826 2116 laborant.
1883 2063 1990 2118 Sed
2024 2080 2119 2118 vos

2238 2062 2520 2133 μαρτῖτσαι
2555 2063 2609 2115 δέ
2658 2063 2811 2116 οὐδὲν
2858 2062 3210 2131 ἀθλιώτερον.
3251 2061 3476 2126 Τούτοις
3507 2062 3600 2116 τοῦ
3634 2080 3818 2132 μακαο

542 2161 666 2200 cum
688 2150 802 2201 hmc
824 2150 1032 2215 sciatis,
1049 2153 1290 2206 resistite
1315 2151 1534 2208 fortiter
1559 2154 1773 2209 insidiis
1798 2155 2126 2220 adversarii,

542 2253 722 2306 neque
749 2243 957 2308 parcite
989 2242 1250 2297 carnibus
1291 2259 1411 2311 qua:
1449 2244 1611 2313 paulo
1633 2255 1757 2314 post
1787 2255 1915 2300 sunt
1960 2247 2129 2300 inter-

546 2327 746 2392 itura};
795 2346 976 2400 neque
1017 2344 1165 2387 metu
1210 2335 1418 2388 ultima:
1472 2337 1756 2408 plagae(ea
1805 2338 1952 2391 enim
2011 2338 2130 2391 soia

543 2431 628 2476 est
667 2421 719 2475 in
755 2423 965 2478 inimici
1005 2429 1297 2497 potestate)
1333 2429 1550 2498 prodite
1589 2445 1820 2500 regnum
1861 2431 2127 2485 cmlorum

548 2521 606 2566 et
627 2514 854 2580 gloriam
885 2516 938 2569 in
968 2519 1165 2572 smcula
1195 2530 1638 2590 permanentem,
1667 2538 1832 2592 quam
1866 2539 2127 2592 magnum

545 2605 769 2674 quidem
802 2616 886 2662 est
935 2610 1154 2680 assequi
1189 2620 1243 2666 ct
1268 2627 1586 2680 supremum
1619 2613 1892 2668 bonorum
1923 2631 1937 2680 ;
1969 2615 2038 2668 ab
2067 2629 2132 2668 ca

546 2704 733 2750 autem
781 2699 1045 2753 recedere
1083 2711 1168 2756 cst
1205 2702 1365 2774 longe
1417 2705 1813 2759 miserrimum.
1854 2708 1977 2759 "me
2009 2721 2133 2759 cum

548 2784 760 2841 diceret
791 2786 989 2844 beatus
1018 2790 1402 2859 Sebastianus,
1433 2804 1491 2848 et
1522 2804 1838 2864 promptum
1864 2804 1919 2849 et
1949 2795 2133 2848 alacre

2229 2154 2347 2226 ρίου
2381 2153 2744 2206 Σεϐαστιανοῦ
2792 2153 3332 2224 προθυμοποιοῦντος
3386 2155 3516 2215 τοὺς
3568 2152 3811 2222 ἀθλητὰς

2227 2244 2322 2298 τοῦ
2370 2243 2638 2313 Χριστοῦ,
2691 2244 2805 2312 φῶς
2841 2243 3134 2313 οὐρανόθεν
3170 2243 3335 2296 αὐτὸν
3384 2240 3805 2311 περιήστραψε,
3898 2273 3911 2284 ο

2227 2337 2322 2389 καὶ
2367 2334 2583 2396 νεανίας
2643 2333 2798 2404 ὤφθη
2851 2334 3264 2404 λαμπροφορῶν
3321 2332 3512 2386 τούτου
3567 2332 3800 2402 πλησίον

2228 2423 2420 2491 ἑστὼς,
2457 2425 2532 2488 ὡς
2563 2427 2770 2488 πάντας
2819 2427 2943 2488 τοὺς
2978 2426 3182 2488 ίδῦντας
3231 2426 3684 2493 καταπλαγῆναι,
3713 2427 3817 2479 καὶ

2227 2520 2326 2587 τῆς
2357 2517 2565 2572 ἄνωθεν
2597 2519 2818 2588 χάριτος
2845 2518 3009 2588 ἔργον
3029 2519 3188 2571 τοῦτο
3212 2518 3546 2587 ὁμολογῆσαι
3572 2520 3822 2590 ἐπιμαρ-

2227 2608 2502 2682 τυ-ρούσης
2537 2609 2614 2680 τῷ
2668 2611 2824 2678 ἀνδρὶ
2861 2612 2962 2679 τὴν
3011 2610 3301 2680 ἀλήθειαν.
3364 2609 3821 2678 Ἐπηκολούθησε

2235 2705 2292 2758 δέ
2328 2721 2381 2756 τι
2414 2703 2508 2756 καὶ
2537 2702 2748 2772 ἕτερον,
2787 2702 2815 2754 ὃ
2861 2703 3098 2770 μάλιστα
3149 2703 3276 2764 τοὺς
3311 2703 3589 2773 παρόντας
3625 2703 3822 2757 ἔπεισε

2243 2795 2388 2864 μόνῳ
2411 2793 2488 2863 τῷ
2522 2793 2763 2863 ἀληθινῷ
2797 2793 3162 2863 προσανέχειν
3201 2792 3343 2864 Θεῷ.

547 2879 716 2932 animi
773 2881 1016 2936 studium
1074 2887 1430 2940 conﬁrmaret
1500 2888 1705 2943 Christi
1784 2889 2048 2954 athletis,
2109 2887 2315 2941 dicitur
2373 2888 2552 2942 lucem
2608 2902 2734 2940 eum
2793 2885 3249 2952 circumfulsisse,
3321 2893 3378 2941 et
3459 2885 3639 2942 visum
3699 2901 3821 2942 esse

549 2977 782 3026 stantem
806 2990 978 3044 prope
999 2978 1505 3047 eumjuvcnem,ct
1559 2996 1755 3051 magno
1816 2981 1987 3036 vestis
2046 2981 2338 3049 splendore
2425 2979 2811 3045 refulgentem,
2884 2978 3024 3033 adeo
3074 2988 3132 3034 ut
3193 2993 3386 3034 omnes
3429 2979 3523 3048 qui
3562 2977 3825 3033 viderunt

547 3061 961 3135 obstupuerint,
985 3079 1041 3123 ct
1063 3085 1316 3140 superna:
1344 3075 1531 3142 gratia:
1556 3073 1661 3128 hoc
1681 3089 1804 3129 esse
1831 3090 1970 3143 opus
1997 3073 2232 3128 confessi
2268 3073 2494 3134 fuerint,
2521 3089 2644 3142 quae
2707 3072 3084 3127 testimonium
3149 3071 3362 3126 ferebat
3421 3088 3546 3126 cum
3614 3072 3824 3131 dixisse

547 3155 861 3212 veritatem.
901 3158 1024 3214 llaec
1055 3162 1201 3215 aliud
1243 3179 1461 3234 quoque
1497 3174 1580 3218 est
1635 3173 1992 3220 consecutum
2049 3165 2272 3236 dignum
2316 3165 2462 3235 quod
2536 3165 2756 3218 dicatur
2832 3175 2887 3220 et
2939 3164 3219 3220 memoriae
3283 3164 3608 3230 mandetur;
3675 3165 3825 3236 quod

550 3247 770 3314 quidem
801 3265 896 3303 eos
923 3252 1016 3320 qui
1050 3254 1280 3310 aderant
1309 3259 1544 3312 maxime
1575 3257 1642 3311 ad
1684 3259 1846 3312 fidem
1882 3259 2129 3324 adduxit,
2173 3268 2228 3314 et
2265 3257 2542 3328 persuasit
2571 3266 2630 3312 ut
2667 3258 2840 3312 solum
2875 3258 3046 3310 Deum
3077 3257 3447 3311 attendereut.

623 3339 733 3394 Vll.
772 3341 1032 3406 Quasdam
1079 3348 1227 3400 enim
1258 3349 1457 3402 mulier
1491 3348 1600 3404 Zoe
1636 3351 1882 3412 nomine,
1922 3352 2126 3421 coniux

551 3427 873 3496 Nicostrati,
910 3435 1002 3504 qui
1061 3437 1309 3492 ordinem
1351 3439 1636 3494 obtinebat
1687 3441 1990 3511 primicerii
2024 3443 2131 3514 (cst

2309 3350 2385 3404 Z'.
2414 3351 2556 3420 Γυνὴ
2589 3351 2695 3422 γάρ
2727 3367 2811 3413 τις
2831 3349 2951 3421 Ζωὴ
2981 3348 3224 3420 τοῦνομα
3247 3349 3483 3416 σύζυγος
3507 3350 3827 3420 Νικοστρά-

2235 3462 2353 3509 του,
2378 3443 2434 3507 ὃς
2476 3443 2574 3514 τὴν
2599 3441 2692 3496 τοῦ
2726 3441 3145 3512 πριμικηρινίου
3186 3444 3339 3507 τάξιν
3373 3443 3591 3512 ἐπεῖχεν
3637 3441 3716 3512 (ἓν
3765 3443 3825 3496 δὲ

553 3531 736 3575 autem
765 3523 882 3578 lucc
919 3542 1023 3580 una
1054 3527 1294 3597 dignitas
1319 3546 1387 3584 ex
1417 3531 1486 3586 iis
1518 3547 1642 3601 qua:
1675 3541 1806 3587 sunt
1828 3533 1934 3588 sub
1985 3551 2130 3603 pra:-

2238 3538 2332 3590 καὶ
2359 3536 2518 3590 τοῦτο
2540 3537 2648 3588 τῶν
2679 3535 2783 3588 ὐπὸ
2806 3535 2904 3606 τὴν
2929 3534 3234 3604 ἐπαρχικὴν
3260 3535 3416 3604 χεῖρα
3442 3532 3821 3602 ἀξιωμάτων),

555 3611 812 3688 fectura),
841 3633 964 3673 cum
994 3620 1048 3674 in
1095 3637 1312 3692 gravem
1365 3625 1620 3679 morbum
1677 3625 1984 3693 incidisset,
2017 3643 2132 3682 non

556 3714 768 3774 poterat
791 3710 1012 3778 quidem
1041 3713 1190 3782 loqui
1224 3731 1401 3785 neque
1422 3717 1604 3772 cordis
1626 3727 1807 3774 motus
1833 3719 2132 3788 explicare:

556 3797 866 3871 intelligere
899 3819 1030 3859 vero
1065 3815 1119 3860 ct
1159 3808 1354 3863 audire
1394 3826 1515 3877 qum
1546 3811 1876 3866 dicebantur
1920 3821 2137 3881 poterat

557 3890 695 3945 citra
764 3894 934 3949 ullum
993 3896 1471 3968 impedimentum.
1534 3903 1611 3958 Ea
1674 3913 1858 3958 mente
1925 3905 2139 3974 agitans

557 3983 725 4038 verba
758 3985 903 4041 beati
957 3988 1267 4047 Sebastiani
1324 3996 1806 4064 (custodiebantur
1831 3999 1981 4052 enim
2009 4014 2138 4053 san-

558 4077 630 4130 cti
675 4079 727 4132 in
772 4081 892 4150 ejus
927 4083 1112 4154 domo)
1153 4101 1278 4141 cum
1323 4088 1414 4142 illa
1459 4105 1570 4143 non
1622 4101 1808 4160 posset
1831 4092 2014 4161 lingua
2043 4093 2140 4146 ad-

559 4168 744 4224 mirari
780 4182 837 4226 ut
865 4190 986 4243 qua:
1024 4187 1172 4231 recte
1225 4177 1370 4233 dicta
1400 4188 1612 4246 essent,
1667 4182 1842 4236 oculis
1885 4199 2141 4237 annuens

561 4263 840 4328 omnibus,
885 4276 942 4320 et
969 4282 1190 4322 manum
1221 4272 1478 4340 quatiens
1521 4289 1585 4328 ac
1615 4275 1789 4328 sancti
1826 4274 1995 4343 pedes
2023 4284 2140 4328 tan-

562 4367 718 4421 gens,
757 4359 1157 4425 propemodum
1194 4365 1471 4431 per1muta
1502 4363 1645 4417 facta
1696 4379 1884 4418 vocem
1920 4364 2139 4427 edebat.

563 4452 620 4496 et
653 4453 842 4501 tacens
867 4458 987 4503 erat
1015 4452 1364 4520 prwdicatrix
1394 4455 1637 4524 pietatis.
1668 4454 1805 4510 Cum
1841 4467 2025 4511 autem
2058 4458 2144 4511 in-

563 4535 866 4592 tellexisset
902 4541 984 4595 vir
1036 4544 1128 4598 llle
1165 4545 1386 4600 divinus
1448 4563 1558 4602 non
1607 4549 1728 4604 sine
1778 4551 1874 4604 Dei
1916 4552 2142 4607 numine

563 4633 771 4685 m0veri
805 4633 1118 4698 mulierem,
1148 4647 1204 4692 et
1233 4639 1400 4694 vellet
1443 4640 1510 4693 ad
1566 4641 1906 4709 agnitionem
1940 4645 2143 4698 multos

563 4719 840 4776 adducere
897 4739 995 4794 per
1027 4727 1375 4796 miraculum,
1405 4731 1565 4801 jubet
1613 4748 1733 4788 eam
1774 4744 1918 4790 stare
1953 4736 2004 4790 in
2033 4753 2146 4792 me-

563 4807 680 4874 dio,
709 4820 764 4865 et
789 4811 1009 4869 Christo
1037 4819 1263 4872 nomine
1296 4819 1571 4884 invocato,
1613 4821 1661 4875 ei
1693 4823 2144 4893 statim.largitur

2240 3631 2510 3701 νοσήματι
2559 3627 2935 3700 περιπεσοῦσα
2985 3627 3168 3697 δεινῷ,
3195 3627 3532 3695 φθέγγεσθαι
3579 3626 3680 3696 μὲν
3723 3627 3826 3679 οὐκ

2241 3719 2496 3786 ἐδύνατο,
2531 3721 2773 3773 συνιέναι
2823 3719 2881 3772 δὲ
2931 3720 3024 3771 καὶ
3074 3718 3296 3772 ἀκούειν
3340 3718 3456 3770 τῶν
3510 3717 3824 3785 λεγομένων

2241 3809 2522 3864 ἀκώλυτον
2559 3805 2672 3880 εἶχε
2716 3810 2816 3880 τὴν
2851 3811 3123 3880 αἴσθησιν.
3160 3808 3331 3878 Αὐτη,
3384 3809 3442 3859 ἐν
3475 3809 3551 3878 νῷ
3582 3808 3824 3862 λαϐοῦσα

2242 3910 2309 3963 τὰ
2339 3902 2436 3956 τοῦ
2489 3902 2760 3974 μακαρίου
2815 3902 3180 3955 Σεϐαστιανοῦ
3232 3901 3454 3970 ῥήματα
3495 3901 3571 3970 (ἐν
3606 3900 3714 3968 γὰρ
3753 3901 3817 3970 τῇ

2241 3997 2391 4065 οἰκία
2423 3997 2591 4066 αὐτῆς
2623 3994 2919 4064 ἐτηροῦντο
2957 3994 3007 4046 oi
3037 3990 3230 4061 ἅγιοι),
3262 3993 3376 4054 τοῖς
3404 3990 3703 4060 ὀφθαλμοῖς
3735 3991 3826 4041 ὲν-

2242 4087 2474 4140 νεύουσα
2505 4090 2662 4150 πᾶσι,
2690 4089 2790 4156 τὴν
2817 4088 2978 4158 χεῖρά
3004 4103 3062 4139 τε
3094 4084 3432 4149 ἐπισείουσα,
3466 4083 3564 4135 καὶ
3591 4082 3704 4134 τῶν
3728 4080 3823 4133 τοῦ

2243 4178 2398 4245 ἁγίου
2450 4178 2623 4230 ποδων
2677 4177 2982 4247 ἁπτομένη.
3035 4177 3211 4247 κῆρυξ
3266 4176 3363 4229 καὶ
3417 4175 3684 4228 σιωπῶσα
3727 4174 3826 4242 τῆς

2245 4269 2506 4340 ἀληθείας
2554 4269 2790 4337 ἐγίνετο.
2847 4270 3036 4332 Συνεὶς
3079 4267 3172 4321 οὖν
3202 4271 3412 4332 ἐκεῖνος
3441 4270 3469 4322 ὁ
3505 4266 3650 4328 θεῖος
3685 4266 3824 4338 ἀνὴρ

2245 4364 2316 4426 ὠς
2347 4362 2642 4432 οὐρανόθεν
2682 4358 2752 4433 ἦν
2782 4361 2876 4415 τοῦ
2903 4361 3131 4429 γυναίου
3166 4364 3197 4428 ἡ
3231 4361 3450 4430 κίνησις
3472 4399 3487 4424 ,
3520 4360 3616 4412 καὶ
3657 4359 3825 4412 θέλων

2245 4456 2476 4517 πολλοὺς
2506 4454 2589 4518 είς
2617 4454 2918 4522 ἐπίγνωσιν
2958 4453 3048 4507 διὰ
3099 4452 3191 4506 τοῦ
3247 4452 3529 4520 θαύματος
3564 4453 3817 4519 ἀγαγειν,

2245 4551 2324 4610 εἰς
2373 4548 2533 4617 μέσον
2579 4545 2750 4618 αὐτὴν
2803 4548 2995 4616 στῆναι
3049 4545 3286 4611 κελεύει,
3321 4544 3416 4597 καὶ
3461 4544 3553 4596 τὸν
3587 4542 3822 4613 Χριστὸν

2245 4639 2522 4709 ὁνομήσας
2550 4641 2611 4690 τὸ
2657 4639 2840 4692 λαλεῖν
2893 4639 3029 4708 αὐτῇ
3086 4636 3437 4707 παραχρῆμα
3492 4635 3820 4706 χαρίζεται·

2244 4733 2382 4803 ὅπερ
2435 4735 2464 4786 ὁ
2518 4734 2892 4803 Νικόστρατος
2943 4733 3066 4786 ἰδὼν
3097 4735 3266 4802 ἀνῆκε
3325 4733 3423 4803 μὲν
3457 4731 3565 4786 τῶν
3607 4730 3826 4798 δεσμῶν

2247 4826 2372 4888 τοὺς
2407 4825 2616 4892 ἁγίους,
2658 4825 2992 4894 συγγνώμην
3041 4823 3099 4876 δὲ
3143 4818 3219 4880 ὧν
3248 4825 3329 4886 είς
3368 4823 3570 4886 αὐτοὺς
3613 4824 3824 4893 ἐπλημ-

563 4907 628 4952 ut
654 4900 932 4971 loquatur.
966 4905 1122 4970 Quod
1163 4909 1388 4978 quidem
1424 4920 1484 4965 ut
1512 4913 1741 4968 vidisset
1767 4914 2134 4977 Nicostratus.

2249 4917 2450 4986 μέλησε
2501 4916 2634 4986 πρὶν
2685 4917 3098 4986 αἰτιασάμενος,
3158 4915 3314 4986 ἠξίου
3364 4914 3587 4968 ἀπιέναι
3639 4915 3827 4987 πόρρω

565 5004 788 5049 sanctos
821 4997 1043 5066 quidem
1077 5000 1282 5056 laxavit
1310 5019 1339 5058 e
1365 5003 1623 5070 vinculis,
1669 5007 1836 5076 petita
1867 5019 2049 5064 autem
2075 5011 2144 5065 ab

563 5083 648 5137 eis
668 5087 827 5140 venia
856 5091 1002 5158 quod
1038 5090 1090 5145 in
1122 5108 1217 5148 eos
1251 5096 1403 5163 prius
1437 5097 1784 5168 deliquisset,
1813 5102 2025 5170 rogavit
2047 5118 2145 5157 eos

566 5184 627 5229 ut
657 5177 876 5234 abirent
923 5184 1116 5251 procul
1150 5201 1179 5239 a
1213 5187 1456 5243 civitate.
1484 5189 1594 5244 lllis
1627 5173 1759 5245 vero
1807 5209 2000 5263 preces
2027 5195 2148 5264 ejus

564 5283 675 5322 non
731 5271 1190 5343 admittentibus,
1241 5280 1335 5334 sed
1391 5281 1711 5337 dicentibus
1749 5299 1808 5338 se
1859 5301 1966 5339 non
2023 5301 2146 5342 esse

565 5376 720 5416 suam
767 5365 1086 5434 prodituros
1127 5371 1493 5438 nobilitatem,
1525 5390 1626 5430 nec
1667 5376 1890 5431 coronis
1938 5388 2145 5448 marty-

566 5457 632 5511 rii
666 5459 792 5515 aliis
839 5476 960 5516 esse
989 5477 1266 5533 cessuros,
1317 5466 1508 5522 Essem
1548 5469 1661 5534 ille,
1699 5469 1896 5540 inquit,
1951 5487 2148 5528 revera

567 5549 718 5616 felix,
744 5553 789 5607 si
822 5568 986 5610 causa
1023 5566 1218 5613 vestra:
1265 5559 1460 5615 salutis
1492 5561 1816 5616 athleticum
1864 5572 2144 5617 certamen

569 5646 934 5715 suscepissem
966 5657 1022 5703 et
1081 5666 1264 5705 meum
1304 5654 1630 5723 sanguinem
1689 5669 1790 5724 pro
1820 5655 1981 5709 vobis
2008 5651 2146 5707 effu-

570 5735 795 5797 dissem,
823 5747 883 5792 ut
901 5741 1093 5794 sordes
1117 5743 1388 5796 malorum
1415 5743 1694 5800 abluerem
1721 5762 1858 5815 quas
1878 5747 1986 5814 jam
2015 5745 2146 5798 mihi

573 5825 770 5879 inussit
815 5827 1126 5882 daznionum
1162 5830 1553 5885 ministerium.
1586 5833 1689 5886 Sed
1719 5833 1762 5886 si
1794 5833 1918 5896 hoc,
1967 5833 2144 5896 aiunt,

2246 5008 2340 5063 τοῦ
2367 5009 2583 5072 ἄστεος.
2614 5009 2734 5061 Τῶν
2763 5009 2820 5061 δέ
2855 5010 2929 5078 μὴ
2981 5008 3354 5078 βουλομένων,
3391 5007 3526 5060 ἀλλὰ
3557 5006 3825 5073 λεγόντων

2247 5102 2320 5165 ὡς
2344 5102 2419 5154 Οὐ
2455 5101 2562 5152 τῶν
2598 5100 2956 5171 μαρτυρικῶν
3001 5101 3286 5168 στεφάνων
3315 5097 3526 5168 ἑτέροις
3565 5114 3826 5167 παραχω-

2249 5194 2512 5262 ρήσομεν,
2540 5187 2617 5242 Ἶι
2649 5191 2778 5260 γὰρ,
2821 5190 3200 5260 Νικόστρατος
3259 5188 3384 5258 ἔφη,
3443 5187 3716 5257 μακάριος
3759 5187 3825 5240 ἂν

2247 5283 2387 5352 εἵην,
2421 5283 2468 5335 εί
2506 5283 2604 5350 τῆς
2639 5282 2794 5351 ὐμῶν
2822 5280 3006 5333 ἕνεκεν
3043 5279 3322 5349 σωτηρίας
3369 5279 3428 5330 τὸ
3481 5278 3639 5349 ἡμῶν
3688 5271 3826 5347 αἷμα

2248 5376 2458 5445 ἐξέχεα,
2485 5375 2624 5428 ὥστε
2661 5373 3078 5429 ἀποπλύνασθαι
3105 5374 3198 5425 τὸν
3227 5373 3398 5442 ῥύπον
3426 5374 3485 5425 ὃν
3535 5388 3626 5440 μοι
3659 5387 3823 5440 προε-

2252 5467 2478 5536 ξένησεν
2505 5469 2536 5536 ἡ
2565 5466 2674 5519 τῶν
2706 5466 2978 5535 δαιμόνων
3012 5467 3310 5536 ὑπηρεσία.
3355 5464 3496 5518 Ἀλλ’
3527 5464 3576 5516 εί
3609 5462 3822 5529 τούτου,

2250 5555 2402 5624 φασὶ,
2438 5555 2618 5625 βούλει
2649 5558 2854 5626 τυχεῖν,
2886 5557 2992 5628 χρὴ
3016 5557 3285 5628 πρότερον
3309 5556 3436 5618 τοὺς
3462 5557 3521 5606 ἐν
3546 5553 3822 5623 διαφόροις

2248 5649 2493 5716 εἱρκταῖς
2544 5648 2919 5720 τηρουμένους
2975 5649 3210 5702 ἐνταῦθα
3276 5647 3667 5714 συναθροῖσαι,
3730 5644 3824 5696 καὶ

2251 5741 2424 5810 δῶρον
2450 5739 2646 5802 αὐτοὺς
2692 5739 2770 5809 τῷ
2825 5740 2944 5810 Θεῷ
2997 5743 3397 5811 προσαγαγεῖν,
3421 5734 3544 5792 εἷτα
3567 5738 3661 5790 καὶ
3693 5736 3822 5805 πρὸς

2257 5833 2315 5885 τὸ
2351 5832 2689 5903 ποθούμενον
2713 5832 2866 5894 τέλος
2895 5831 3092 5885 ἐλθεῖν.

572 5917 654 5981 vis
685 5919 968 5987 consequi,
998 5935 1219 5975 necesse
1241 5933 1326 5977 est
1353 5934 1411 5976 ut
1437 5923 1522 5977 hic
1545 5922 1698 5994 prius
1727 5939 2025 5996 congreges
2044 5939 2137 5981 eos
2178 5925 2272 5995 qui
2305 5925 2358 5979 in
2391 5923 2627 5980 diversis
2661 5933 2949 5978 servantur
2990 5923 3308 5977 carceribus
3369 5930 3425 5977 et
3491 5938 3589 5978 eos
3620 5921 3818 5977 donum
