4120 6378
379 378 485 441 $01

1141 350 1144 353 ’
1184 384 1663 449 MARTYRIUM
1707 388 1771 450 s.
1815 386 2276 457 SEBASTIANI
2318 395 2418 458 ET
2457 396 2876 461 SOCIORUM.

3549 403 3661 471 832

378 488 495 545 lico
531 489 752 545 offeras.
784 488 995 546 Deinde
1043 492 1209 549 etiam
1251 495 1444 553 venias
1494 497 1563 552 ad
1606 497 1770 555 ﬁnem
1799 515 1965 572 quem
2005 502 2318 571 desideras,
2380 512 2441 561 ut
2489 507 2620 565 hinc
2664 508 2928 580 majorem
2972 509 3175 568 habeas
3249 512 3528 583 ﬁduciam,
3597 533 3659 578 ut

379 582 476 652 qui
529 599 637 638 non
671 583 851 638 solum
894 584 1009 654 ipse
1066 601 1166 656 pro
1213 586 1433 645 Christo
1476 593 1831 659 sacriﬁceris,
1870 595 1966 650 sed
2005 597 2171 652 etiam
2213 608 2387 654 totum
2426 602 2688 672 populum
2720 602 2769 658 ei
2805 619 2904 673 per
2938 602 3095 658 ﬁdem
3129 607 3413 663 concilies.

452 674 537 731 ΙΨ.
570 676 749 741 Εὐθὺς
781 677 876 731 οὖν
916 681 945 731 ὁ
980 676 1355 753 Νικόστρατος
1384 683 1562 738 ἐτέλει
1597 686 1658 739 τὸ
1691 703 1959 758 προστατ-

2146 690 2284 746 Vill.
2309 692 2446 748 Cum
2499 693 2614 750 haec
2640 695 2809 751 verba
2838 696 3082 753 audisset
3109 699 3480 768 Nicostratus,
3514 704 3653 760 nihil

377 771 634 841 τὸμενον,
665 771 759 824 καὶ
791 771 1003 836 πάντας
1053 776 1181 837 τοὺς
1228 775 1286 828 ὲν
1336 775 1554 846 δεσμοῖς
1585 780 1664 843 είς
1694 780 1787 833 τὸν
1817 777 1965 835 οἷκον

378 860 546 917 αὐτοῦ
576 862 826 930 ἀγαγὼν,
850 867 962 928 τοῖς
989 866 1171 919 ἐκεῖσε
1200 867 1550 938 Χριστιανοῖς
1574 870 1961 941 ἐγκατέμιξεν.

379 955 444 1009 Οἳ
477 958 626 1027 παρά
656 956 751 1010 τοῦ
806 957 1079 1029 μακαρίου
1116 958 1485 1014 Σεϐαστηνοῦ
1534 961 1627 1015 τὸν
1679 963 1839 1031 λόγον
1885 965 1965 1018 διο

377 1047 671 1120 δαχθέντες
701 1050 797 1119 τῆς
827 1050 1113 1114 εὐσεϐείας
1138 1052 1609 1126 προεκαθαίροντο
1641 1058 1721 1120 είς
1772 1057 1965 1111 67.066-

377 1141 487 1211 χὴν
516 1140 610 1194 τοῦ
657 1140 1061 1211 βαπτίσματος.
1102 1144 1434 1215 Χρωμάτιος
1466 1147 1520 1200 δὲ
1562 1149 1590 1200 ό
1624 1147 1725 1218 τῆς
1755 1147 1964 1211 πόλεως

379 1233 644 1303 ἔπαρχος,
684 1233 859 1286 ταῦτα
891 1233 1101 1305 μαθὼν,
1154 1240 1251 1291 σιν
1278 1239 1416 1309 ὀργῇ
1466 1239 1680 1294 κελεύει
1712 1242 1964 1315 Κλαυδίῳ

349 1299 823 1419 ξΚομευταρησίῳ
884 1299 1096 1397 ταχέως
1146 1329 1238 1382 τὸν
1288 1299 1665 1404 Νικόστρατον
1697 1299 1962 1406 ἀγαγεῖνί,

380 1421 471 1472 καὶ
502 1412 727 1491 ἀχθὲν-ει
782 1420 937 1490 λέγει
991 1422 1145 1491 αὐτῷ
1169 1435 1185 1452 ⁸
1218 1423 1339 1480 Ἵνα
1367 1425 1444 1493 τί,
1483 1428 1674 1481 ἀνοσία
1707 1431 1964 1502 κεφαλὴ,

376 1511 505 1575 τοὺς
536 1514 594 1566 ὲν
646 1512 1049 1585 δεσμωτηρίοις
1082 1515 1295 1580 πάντας
1323 1519 1381 1579 ὲν
1426 1518 1504 1587 τῷ
1540 1519 1619 1592 σῷ
1654 1519 1789 1592 οἴκῳ
1839 1540 1964 1577 συν-

377 1602 675 1674 ήθροισαςς
717 1602 779 1657 Ὀ
813 1603 870 1656 δὲ
920 1606 1421 1676 παρακρούσασθαι
1468 1609 1605 1673 τέως
1642 1611 1803 1665 αὐτδν
1843 1613 1966 1685 βου-

376 1693 631 1764 λόμενος,
663 1693 809 1749 οὕτω
844 1698 1113 1769 νουνεχῶς
1142 1698 1503 1771 ἀποκρίνεται
1524 1716 1538 1730 '
1571 1703 1646 1757 Οὐ
1682 1721 1963 1775 καταφροο

376 1787 509 1855 νῶν,
542 1782 587 1843 ὦ
616 1789 869 1856 δικαστά,
905 1791 1007 1862 τῆς
1037 1791 1137 1862 σῆς
1175 1791 1428 1861 ἐξουσίας
1456 1796 1537 1859 είς
1577 1796 1738 1850 τοῦτο
1774 1793 1961 1870 ἦλθον,

377 1879 518 1934 ἀλλὰ
556 1880 781 1952 μείζονα
810 1882 1167 1955 Χριστιανοῖς
1200 1885 1489 1940 ἐπιτείνων
1521 1888 1615 1941 τὸν
1644 1888 1811 1958 φόϐον
1831 1931 1845 1957 ,
1876 1890 1963 1943 ἴνα

374 1974 477 2038 τὰς
507 1975 901 2047 ὲπηρτημένας
937 1978 1122 2040 αὐτοῖς
1157 1977 1428 2048 βασάνους
1452 1981 1510 2032 ὲν
1541 1981 1755 2051 ἑτέροις
1784 1978 1960 2053 ὀρῶν-

373 2084 469 2132 τες
502 2070 619 2132 τοῖς
644 2068 753 2122 τῶν
790 2068 1058 2140 βασιλέων
1122 2072 1384 2127 πεισθῶσι
1435 2073 1799 2144 θεσπίσμασι.
1852 2077 1961 2146 Τῆς

375 2158 624 2224 ἐπινοίας
658 2161 838 2214 τοίνυν
875 2159 1165 2233 θαυμάσας
1214 2164 1379 2217 αὐτὸν
1429 2167 1456 2219 6
1501 2164 1764 2237 ἔπαρχος,
1809 2165 1962 2219 οὐπω

373 2255 490 2325 γὰρ
509 2254 609 2326 τὴν
634 2255 852 2326 ἀπάτην
881 2256 1074 2322 συνίει,
1117 2256 1254 2328 πρὸς
1286 2257 1378 2311 τὸν
1412 2253 1561 2310 οἷκον
1602 2256 1827 2312 ἀπιέναι
1869 2274 1962 2312 κε-

371 2347 550 2401 λεύει*
582 2345 642 2402 Ὀ
665 2345 720 2400 δὲ
740 2346 999 2420 Κλαυδίῳ
1016 2348 1450 2419 Κομενταρησίῳ
1469 2348 1655 2402 οἴκαδε
1681 2348 1962 2404 συναπιὼν

372 2442 618 2514 διηγεῖτο
643 2441 703 2495 τὸ
726 2439 820 2493 τοῦ
858 2441 1136 2513 μακαρίου
1166 2440 1531 2496 Σεϐαστιανοῦ
1565 2441 1837 2512 φιλόθεον,
1865 2442 1959 2496 καὶ

372 2530 524 2594 ὅπως
570 2530 640 2584 τὰ
680 2531 919 2602 μέγιστα
968 2534 1120 2603 παρά
1158 2535 1272 2594 τοῖς
1323 2531 1609 2603 βασιλεῦσι
1659 2533 1960 2603 δυνάμενος

376 2624 604 2696 παρεῖδε
642 2624 738 2678 καὶ
765 2624 926 2688 δόξαν
950 2624 1046 2678 καὶ
1098 2624 1335 2678 πλοῦτον
1362 2626 1456 2679 καὶ
1490 2624 1834 2692 δυναστείαν,
1863 2626 1961 2678 καὶ

371 2716 473 2770 νῦν
506 2717 725 2770 σύνεστι
745 2716 1117 2786 Χριστιανοῖς,
1148 2717 1417 2772 διδάσκων
1442 2719 1643 2782 αὐτοὺς
1674 2717 1773 2788 τὴν
1805 2717 1961 2770 εὐσέ-

374 2810 531 2862 ϐειαν
564 2809 659 2865 καὶ
695 2810 788 2862 τὸν
828 2809 988 2878 λόγον
1019 2812 1119 2881 τῆς
1165 2810 1427 2881 ἀληθείας
1458 2810 1786 2881 παραδόξοις
1827 2809 1961 2864 θαύ-

376 2917 513 2970 μασι
546 2899 803 2971 βεϐαιῶν.
1396 2893 1398 2896 ’

2072 792 2367 839 cunctatus
2387 783 2519 839 fecit
2546 785 2694 855 quod
2718 786 3025 857 jubebatur
3053 806 3068 843 :
3092 800 3148 845 et
3173 808 3299 847 cum
3329 809 3524 851 omnes
3555 797 3653 868 qui

2069 884 2231 931 erant
2258 876 2315 931 in
2354 878 2592 933 vinculis
2619 879 2867 935 duxisset
2898 881 2954 935 in
2978 883 3204 936 domum
3234 901 3413 951 suam,
3444 890 3653 945 admis-

2069 968 2269 1024 cuitiis
2297 969 2390 1039 qni
2421 970 2534 1025 illic
2560 981 2721 1026 erant
2746 971 3101 1028 Christianis.
3133 976 3235 1041 Qui
3272 992 3397 1032 cum
3428 995 3458 1033 a
3483 981 3648 1037 beato

2069 1059 2733 1133 Sebastianojdidicissent
2759 1064 2990 1119 verbum
3011 1068 3280 1135 veritatis,
3304 1070 3407 1139 ipsi
3432 1073 3656 1142 quidem

2063 1153 2294 1225 jejuniis
2332 1166 2591 1211 vacantes
2644 1167 2699 1211 et
2739 1158 3021 1226 precibus,
3051 1163 3547 1232 przepurgabantur
3585 1168 3652 1220 ad

2068 1247 2481 1318 suscipiendum
2502 1247 2858 1319 baptismum.
2882 1248 3018 1306 Cum
3040 1264 3223 1308 autem
3247 1254 3541 1324 praefectus
3566 1273 3658 1311 ur-

2067 1337 2155 1395 bis
2188 1340 2544 1396 Chromatius
2609 1341 2913 1398 audivisset
2946 1360 3139 1400 omues
3174 1361 3301 1401 reos
3348 1363 3379 1401 a
3417 1348 3658 1405 vinculis

2066 1432 2281 1488 laxatos
2309 1434 2517 1489 versari
2541 1433 2598 1489 in
2629 1434 2794 1491 domo
2828 1436 3156 1503 Nicostrati,
3194 1438 3388 1495 dolore
3418 1440 3657 1496 allectus

2064 1524 2223 1593 jubet
2261 1523 2494 1581 Claudio
2526 1526 3026 1584 Commentariensi
3063 1545 3190 1587 eum
3220 1532 3499 1590 adducere
3535 1550 3656 1589 ma-

2068 1631 2171 1686 gna
2201 1615 2506 1672 celeritate.
2546 1618 2648 1684 Qui
2682 1633 2809 1673 cum
2850 1619 3050 1675 fuisset
3098 1621 3372 1677 adductus
3426 1623 3546 1679 haec
3593 1627 3649 1680 ei

2068 1706 2203 1762 dicit
2238 1707 2411 1773 :Cur,
2442 1724 2475 1763 ο
2506 1718 2673 1778 caput
2721 1710 2973 1779 impium,
3007 1727 3103 1768 eos
3131 1715 3226 1782 qui
3257 1724 3416 1769 erant
3447 1715 3504 1770 in
3536 1726 3657 1772 car-

2068 1802 2290 1856 ceribus
2330 1805 2652 1874 congregari
2707 1804 2890 1860 fecisti
2919 1804 3069 1860 domi
3099 1816 3205 1860 tua:
3229 1807 3251 1860 ?
3280 1808 3375 1862 Ille
3401 1824 3531 1864 vero
3559 1825 3656 1865 vo-

2069 1882 2189 1940 lens
2236 1883 2459 1940 interim
2511 1902 2637 1940 eum
2684 1886 2961 1957 decipere,
2990 1887 3273 1957 sapienter
3302 1890 3382 1945 sic
3418 1907 3653 1962 respon-

2069 1975 2198 2037 dit:
2246 1977 2368 2033 Non
2410 1989 2583 2045 tuam,
2614 1994 2647 2034 ο
2688 1980 2879 2052 judex,
2936 1980 3254 2052 despiciens
3292 1992 3649 2054 potestatem;

1990 2054 2038 2114 Β
2066 2069 2190 2138 quis
2213 2070 2360 2124 enim
2387 2080 2537 2125 tanta
2560 2079 2705 2127 esset
2725 2072 2957 2128 audacia
2977 2072 3000 2125 ’ί
3022 2073 3119 2128 sed
3142 2073 3438 2131 intendens
3489 2077 3655 2131 Chri-

2063 2157 2264 2214 stianis
2294 2162 2559 2230 majorem
2593 2171 2802 2217 metum
2829 2163 3113 2233 supplicii,
3140 2163 3247 2219 hoc
3272 2181 3394 2220 sum
3431 2181 3655 2237 aggres-
3736 2174 3744 2183 '

2061 2267 2200 2308 sus:
2242 2261 2301 2307 ut
2353 2268 2475 2323 qure
2539 2254 2620 2308 cis
2668 2252 3035 2310 imminebant
3087 2265 3362 2312 tormenta
3401 2258 3655 2314 videntes

2063 2342 2118 2397 in
2154 2342 2302 2407 aliis,
2329 2343 2718 2410 extimescant,
2755 2354 2811 2398 et
2856 2354 3088 2414 parcant
3122 2345 3366 2401 decretis
3411 2347 3653 2418 impera-

2063 2444 2267 2490 torum.
2324 2436 2459 2507 Ejus
2514 2438 2704 2506 itaque
2756 2436 2965 2507 ingenii
3012 2437 3298 2492 solertiam
3344 2439 3654 2496 admiratus

2062 2529 2359 2599 praefectus
2411 2528 2586 2595 urbis,
2626 2528 2880 2583 fraudem
2931 2529 3081 2584 enim
3134 2546 3243 2585 non
3307 2530 3655 2605 iutelligebat

2014 2632 2018 2637 ‘
2060 2620 2227 2691 jussit
2262 2620 2446 2676 redire
2480 2620 2728 2678 domum.
2758 2620 2856 2676 Ille
2885 2630 3073 2677 autem
3105 2620 3331 2678 domum
3362 2640 3654 2682 revertens

2065 2711 2233 2767 simul
2295 2727 2422 2767 cum
2476 2711 2711 2768 Claudio
2744 2712 3273 2778 Commentariensi,
3316 2718 3566 2771 narravit
3597 2719 3650 2773 ei

2062 2805 2322 2876 pietatem
2355 2804 2501 2860 beati
2527 2804 2837 2860 Sebastiani
2864 2822 2878 2860 :
2904 2805 3131 2876 etquod
3165 2823 3290 2861 cum
3314 2818 3460 2863 esset
3486 2819 3656 2865 notus

2063 2899 2495 2970 imperatoribus
2519 2907 2575 2953 et
2595 2897 2646 2952 ei
2670 2898 2741 2953 ab
2765 2899 2875 2954 illis
2904 2899 3140 2954 maxima
3167 2901 3473 2958 haberetur
3508 2902 3650 2959 ﬁdes

370 2993 687 3063 despexerit
743 2993 996 3063 gloriam,
1059 3001 1117 3049 et
1175 3009 1332 3065 opes,
1369 3002 1425 3049 et
1482 2994 1808 3065 potentiam,
1835 3002 1891 3049 et
1920 2984 2070 3048 nunc
2108 3001 2361 3048 versetur
2387 3006 2513 3046 cum
2543 2989 2899 3056 Christianis,
2928 3006 3027 3047 eos
3092 2992 3432 3060 exhortans;
3463 3004 3518 3050 et
3567 3011 3651 3052 eis

370 3086 618 3141 animum
666 3085 878 3143 addens
906 3086 974 3141 ad
1015 3087 1303 3159 pietatem,
1335 3096 1391 3143 et
1436 3087 1609 3159 signis
1658 3101 1780 3157 quae
1819 3097 1951 3142 sunt
1988 3095 2181 3143 contra
2214 3086 2559 3157 opinionem,
2599 3093 2658 3140 et
2687 3083 2972 3140 miraculis
3028 3084 3261 3140 verbum
3316 3085 3654 3145 conﬁrmans

369 3180 642 3237 veritatis.

444 3272 524 3329 ϐ’.
543 3276 764 3331 Τούτων
791 3275 1034 3341 ἀκούσας
1059 3276 1087 3330 6
1116 3276 1385 3343 Κλαύδιος
1415 3278 1673 3351 δρομαῖος
1705 3280 1954 3350 ἀφικνεῖ-
1979 3284 2025 3348 c

368 3385 463 3423 ται
498 3370 636 3441 πρὸς
664 3370 764 3441 τὴν
802 3369 1005 3435 οίκίαν,
1039 3371 1136 3423 καὶ
1170 3370 1300 3435 τούς
1331 3372 1428 3425 δύο
1455 3372 1639 3427 λαϐὼν
1672 3374 1843 3438 υίούς,
1880 3367 1956 3425 ὧν

367 3462 395 3515 6
430 3460 531 3532 μὲν
573 3465 848 3533 νοσήματι
890 3462 1116 3535 χαλεπῷ
1149 3462 1211 3516 τὸ
1255 3463 1352 3517 τοῦ
1384 3463 1638 3534 ὕδρωπος
1673 3466 1958 3537 προσεπά-

367 3553 541 3619 λαιεν,
568 3554 597 3606 6
634 3553 690 3607 δὲ
725 3555 847 3619 ὅλος
890 3555 1245 3627 τραυματίας
1286 3552 1355 3625 ἦν
1386 3558 1484 3611 καὶ
1516 3557 1954 3630 λελεπρωμένος,

365 3641 502 3720 ἦλθε
532 3646 666 3715 πρὸς
713 3646 1111 3719 Νικόστρατον,
1144 3647 1275 3703 ἔνθα
1307 3645 1453 3720 ἦσαν
1507 3650 1605 3704 καὶ
1651 3650 1819 3720 ἆγιοι,
1864 3650 1958 3705 καὶ

370 3737 558 3794 πεσὼν
591 3741 672 3804 είς
731 3741 836 3810 γῆν
885 3742 1216 3812 προσεκύνει
1264 3743 1487 3809 αὐτοὺς,
1521 3745 1802 3816 ὁμολογῶν
1853 3744 1958 3815 τὴν

368 3832 655 3887 εὐσέϐειαν
703 3834 801 3889 καὶ
850 3834 962 3889 τῶν
998 3835 1134 3889 υίῶν
1181 3835 1482 3907 θεραπείαν
1521 3836 1820 3907 ἐπιζητῶν.
1867 3837 1957 3900 Ὠς

367 3923 463 3980 οὖν
493 3926 638 3981 ἅπαν
674 3925 736 3977 τὸ
774 3926 983 3997 οἴκημα
1034 3926 1244 3997 ἀνδρῶν
1291 3929 1385 3980 καὶ
1432 3926 1712 3997 γυναικῶν
1744 3927 1954 3998 πλῆρες

366 4012 440 4087 ἦν
466 4016 575 4070 τῶν
602 4016 914 4088 δεξαμένων
945 4020 1038 4072 τὸν
1062 4017 1223 4090 λόγον
1245 4019 1343 4089 τῆς
1373 4020 1635 4084 πίστεως,
1668 4019 1958 4091 Πολύχαρ-

369 4110 472 4173 πός
496 4128 579 4174 τις
612 4111 752 4183 ἀνὴρ
784 4111 1020 4183 εὐσεϐὴς
1068 4114 1164 4166 καὶ
1210 4112 1589 4182 πρεσϐύτερος
1618 4113 1718 4185 τὴν
1753 4114 1958 4184 ἱερατι-

366 4201 475 4275 κὴν
503 4203 695 4274 στολὴν
750 4204 1114 4274 ἐνδυσάμενος
1169 4206 1264 4258 καὶ
1295 4203 1394 4268 τὰς
1426 4204 1681 4274 συνήθεις
1728 4205 1957 4270 τελέσας

366 4295 539 4366 εὐχὰς
587 4295 667 4367 τῷ
703 4296 832 4367 θείῳ
873 4294 1083 4359 πάντας
1135 4294 1476 4368 βαπτίσματι
1503 4297 1725 4351 τελειοῖ·
1766 4295 1887 4369 μεθ’
1928 4298 1957 4351 ὃ

366 4389 497 4453 τοὺς
526 4389 585 4442 ὲν
632 4387 944 4453 ἀσθενείαις
992 4388 1421 4461 ἐξεταζομένους
1476 4386 1545 4462 ἦν
1603 4391 1732 4444 ἰδεῖν
1787 4390 1957 4461 ρῶσιν

366 4483 639 4546 λαϐόντας
666 4483 762 4536 καὶ
790 4482 1058 4553 ἀλλήλους
1079 4484 1216 4554 πρδς
1237 4484 1336 4556 τὴν
1360 4483 1589 4555 ἄθλησιν
1611 4483 1957 4553 παραθήγον-

364 4593 490 4639 τας.
544 4575 701 4639 Ἐπεὶ
730 4574 787 4628 δὲ
809 4576 841 4628 6
868 4574 1049 4639 δοθεὶς
1100 4576 1286 4638 αὐτοῖς
1333 4576 1524 4647 καιρὸς
1555 4576 1651 4645 τῆς
1678 4575 1956 4645 ἀναϐολῆς

2131 3268 2222 3326 IX.
2252 3268 2380 3324 Haec
2399 3283 2524 3324 cum
2557 3266 2862 3323 audivisset
2884 3264 3152 3322 Claudius
3171 3275 3229 3321 et
3248 3275 3394 3322 esset
3414 3280 3620 3323 eonsau
3637 3296 3653 3309 ο

2060 3367 2240 3421 ciatus
2285 3361 2489 3418 Christi
2538 3359 2842 3426 desiderio,
2873 3358 3079 3413 cursim
3128 3359 3354 3415 domum
3387 3361 3559 3420 venit,
3594 3366 3654 3415 et

2061 3458 2293 3514 duobus.
2341 3455 2590 3525 acceptis
2648 3452 2802 3517 ﬁliis,
2842 3468 2910 3508 ex
2975 3452 3179 3523 quibus
3235 3451 3377 3507 alter
3422 3451 3651 3522 quidem

2060 3549 2484 3608 conﬂictabatur
2541 3563 2669 3603 cum
2731 3545 2884 3617 gravi
2938 3542 3135 3598 morbo
3190 3543 3474 3615 liydropis.
3509 3543 3653 3597 alter

2060 3652 2245 3697 autem
2278 3648 2399 3695 erat
2428 3648 2576 3695 totus
2610 3638 2900 3693 ulcerosus
2928 3646 2985 3691 et
3015 3635 3292 3704 leprosus,
3325 3635 3541 3691 accedit
3580 3632 3650 3688 ad

2059 3735 2433 3790 Nicosuatum
2491 3730 2638 3801 apud
2689 3741 2855 3799 quem
2920 3739 3084 3782 erant
3135 3726 3347 3794 sancti;
3399 3736 3456 3783 et
3518 3741 3649 3782 cum

2061 3827 2355 3883 cecidisset
2408 3825 2463 3878 in
2518 3834 2746 3887 terram,
2807 3820 3077 3876 adorabat
3131 3822 3312 3890 ipsos,
3377 3819 3653 3876 conﬁtens

2061 3922 2346 3991 pietatem,
2388 3928 2444 3973 et
2474 3926 2669 3987 petens
2698 3924 2757 3970 ut
2804 3924 3138 3969 curarentur
3190 3912 3306 3966 lilii.
3341 3911 3479 3967 Cum
3516 3926 3652 3982 ergo

2062 4023 2176 4070 tota
2204 4012 2401 4067 domus
2420 4021 2563 4080 esset
2592 4011 2753 4079 plena
2775 4006 2910 4061 viris
2938 4014 2991 4060 el
3026 4004 3373 4070 mulieribus,
3395 4008 3489 4074 qui
3520 4019 3648 4057 ver-

2060 4107 2192 4163 bum
2220 4104 2351 4160 ﬁdei
2373 4111 2751 4174 susceperant,
2778 4099 3006 4170 quidam
3031 4094 3371 4169 Polycarpus
3399 4096 3647 4165 virpius,

2059 4211 2117 4258 et
2140 4199 2555 4272 presbyteratus
2587 4196 2910 4264 dignitatem
2943 4198 3255 4255 assecutus,
3286 4188 3429 4244 stola
3459 4203 3646 4242 sacer-

2061 4293 2232 4349 dotali
2275 4292 2527 4355 indutus,
2570 4284 2810 4358 peractis
2849 4282 3136 4339 conSuetis
3187 4282 3469 4352 precibus,
3521 4296 3655 4352 per-

2061 4385 2174 4442 ﬁcit
2204 4400 2398 4440 omnes
2437 4382 2627 4438 divino
2658 4379 3015 4450 baptismate.
3052 4376 3353 4447 Postquam
3394 4390 3522 4430 eum
3552 4374 3649 4446 qui

2061 4484 2256 4535 morbo
2305 4475 2631 4533 laborabant
2660 4474 2956 4528 sanitatem
2988 4478 3437 4540 recuperassent,
3487 4478 3544 4525 et
3590 4483 3656 4524 se

2064 4572 2300 4627 invicem
2373 4567 2810 4622 exhortarentur
2878 4562 2944 4617 ad
3010 4560 3364 4631 suscipienda
3426 4559 3650 4617 fortiter

364 4668 708 4740 διέῤῥευσεν,
739 4669 766 4721 6
798 4665 1040 4738 ἔπαρχος
1068 4642 1445 4737 Τραγκυλῖνον
1499 4642 1958 4736 μετακαλεσάμε-

2062 4662 2391 4727 rertamina,
2416 4660 2682 4730 quoniam
2734 4650 3169 4727 pratterlluxerat
3196 4654 3344 4724 quod
3376 4653 3429 4708 ei
3457 4654 3645 4708 datum

365 4779 457 4825 νος
483 4763 577 4815 τὸν
608 4760 991 4833 Μαρκελλίνου
1020 4762 1114 4814 καὶ
1135 4761 1369 4832 Μάρκου
1397 4760 1632 4831 πατέρα,
1662 4759 1816 4812 οΰπω
1845 4760 1954 4829 γάρ

366 4852 487 4924 ᾔδει
514 4853 598 4905 ὃτι
629 4852 884 4915 κάκεῖνος
912 4852 1246 4924 Χριστιανός
1277 4854 1416 4917 ἐστι,
1441 4852 1595 4920 λέγει
1630 4850 1799 4921 αὐτῷ’
1832 4851 1951 4904 Ἔτι

366 4946 419 4999 oi
451 4947 557 4999 υίοί
592 4963 686 4999 σου
723 4946 1016 5001 ἀπειθοῦσι
1052 4945 1216 5000 θῦσαι
1254 4949 1367 5009 τοῖς
1398 4944 1583 5010 θεοῖς;
1626 4942 1687 4997 Ὀ
1717 4943 1772 4995 δὲ
1817 4944 1952 5013 πρὶς

367 5039 560 5098 αὐτῗιν,
599 5039 904 5108 Μακάριοι,
943 5035 1121 5103 εἶπεν,
1154 5041 1354 5091 ἐκεῖνοι
1387 5037 1486 5105 τῆς
1521 5035 1777 5105 τοιαύτης
1808 5034 1952 5103 γνώ-

370 5151 503 5204 μης,
535 5133 618 5186 ὃτι
656 5134 753 5204 τῆς
807 5134 1018 5204 πλάνης
1056 5132 1492 5200 ἀπαλλαγέντες,
1542 5131 1641 5201 τὴν
1689 5126 1952 5199 ἀλήθειαν

366 5225 639 5292 ἔγνωσαν,
665 5225 813 5296 κάμὲ
844 5224 982 5295 πρὸς
1010 5225 1217 5295 ταύτην
1245 5223 1557 5294 ὡδήγησαν.
1615 5218 1673 5273 Ὀ
1715 5221 1953 5292 ἔπαρχος

363 5316 541 5372 εἶπεν·
589 5318 801 5381 Ὄντως
832 5317 896 5389 δὴ
927 5315 1023 5369 καὶ
1065 5316 1229 5380 αὐτὸς
1269 5314 1573 5385 ἡλλοιὼθης
1604 5314 1703 5378 τὰς
1749 5316 1952 5385 φρένας

362 5409 551 5479 λόγοις
606 5408 907 5481 ἀπατηλοῖς
961 5408 1102 5481 πρὸς
1153 5408 1253 5480 τὴν
1312 5408 1691 5478 κακοδαίμονα
1745 5405 1954 5477 ταύτην

365 5502 671 5573 θρησκείαν
701 5501 1070 5573 μεταϐαλὼν;
1121 5503 1236 5556 Καὶ
1284 5502 1312 5555 6
1359 5500 1758 5571 Τραγκυλῖνος,
1792 5493 1954 5569 Εἶχον

368 5597 496 5665 μὲν,
522 5596 679 5667 φησὶ,
705 5596 801 5651 καὶ
827 5597 989 5662 αὐτός
1017 5613 1150 5650 ποτε
1185 5595 1330 5649 οὓτω
1354 5593 1603 5666 γνώμης,
1627 5588 1672 5647 ὦ
1697 5594 1952 5658 δικαστά,

361 5689 465 5743 καὶ
507 5689 877 5758 Χριστιανοὺς
925 5685 1245 5743 ἀπατᾶσθαι
1285 5686 1541 5757 ἐνόμιζον
1565 5703 1580 5719 ·
1612 5688 1737 5739 ἐπεὶ
1767 5682 1825 5739 δὲ
1877 5684 1955 5754 τῷ

358 5780 601 5847 γενναίῳ
646 5780 901 5852 ἐνέτυχον
929 5776 1282 5850 Σεϐαστιανῷ
1325 5776 1481 5847 ἀνδρὶ
1524 5777 1819 5846 περιφανεῖ
1860 5776 1957 5828 καὶ

346 5868 664 5940 ’προσφιλεῖ
712 5878 826 5939 τοῖς
881 5872 1168 5941 κρατοῦσι,
1230 5870 1363 5943 παρ’
1411 5868 1577 5925 αὐτοῦ
1628 5884 1686 5920 τε
1735 5868 1803 5923 τὰ
1858 5868 1957 5940 τῆς

2059 4756 2240 4812 fuerat
2268 4763 2486 4823 tempus
2516 4749 2821 4810 dilationis,
2846 4746 3138 4818 praefectus
3165 4745 3441 4800 accersito
3469 4742 3649 4798 Tran-

2060 4849 2296 4921 quillino
2352 4857 2508 4918 patre
2558 4840 2861 4900 Marcellini
2893 4848 2951 4894 et
2985 4838 3175 4904 Marci,
3213 4839 3461 4893 nondum
3493 4836 3647 4891 enim

2061 4944 2273 5000 sciebat
2308 4945 2461 4998 illum
2492 4942 2815 5011 religionem
2843 4951 3032 4992 tenere
3058 4934 3433 4990 Christianam
3465 4930 3649 5001 ejecto

2061 5040 2214 5095 cultu
2258 5036 2708 5097 simulacrorum,
2748 5032 2883 5086 dicit
2919 5029 2972 5084 ei
3023 5045 3036 5082 :
3086 5026 3355 5081 Adbucne
3403 5023 3483 5079 tui
3543 5022 3645 5079 ﬁlii

2059 5126 2319 5186 recusant
2351 5127 2420 5183 iis
2465 5123 2781 5182 sacriﬁcare
2815 5128 3244 5178 contemnentes
3277 5117 3429 5188 jussa
3470 5115 3645 5185 impe-

2058 5222 2341 5280 ratorum?
2359 5220 2453 5277 llle
2472 5235 2603 5274 vero
2622 5217 2778 5277 dixit.
2803 5211 3146 5285 respondens
3168 5229 3180 5266 :
3202 5209 3352 5264 Beati
3379 5208 3480 5274 illi,
3499 5208 3648 5278 quod

2056 5317 2169 5372 sint
2207 5314 2261 5369 in
2289 5312 2393 5368 hac
2424 5310 2726 5375 sententia,
2772 5316 2828 5364 et
2870 5306 2941 5361 ab
2976 5320 3167 5360 errore
3210 5301 3432 5356 liberati
3467 5302 3648 5369 ipsam

2058 5404 2384 5478 agnoverint
2423 5403 2743 5466 veritatem,
2788 5408 2844 5455 et
2893 5399 2984 5452 vix
3036 5412 3123 5453 me
3170 5396 3391 5450 tandem
3421 5391 3491 5447 ad
3522 5408 3645 5447 eam

2058 5497 2415 5558 deduxerint.
2440 5495 2589 5551 Dixit
2616 5493 2909 5566 praefectus
2932 5491 3130 5557 urbis:
3160 5486 3306 5560 Ergo
3330 5497 3389 5563 tu
3421 5502 3646 5559 quoque

2061 5604 2256 5646 revela
2320 5588 2649 5641 immutatus
2706 5599 2736 5638 a
2800 5590 2989 5639 mente
3064 5579 3392 5645 discessisti,
3459 5574 3648 5634 verbis

2062 5680 2295 5738 credens
2326 5674 2643 5742 fallacibus,
2673 5685 2731 5730 et
2777 5675 2846 5730 ad
2869 5676 3011 5729 hanc
3043 5672 3328 5729 infelicem
3356 5666 3648 5725 traductus

2064 5770 2429 5844 religionem?
2449 5770 2597 5826 Dixit
2624 5768 3047 5840 Tranquillinus
3070 5785 3085 5823 :
3113 5766 3277 5823 Eram
3303 5778 3405 5836 ego
3421 5777 3645 5834 quoque

2064 5867 2365 5939 aliquando
2396 5864 2453 5921 in
2496 5866 2600 5924 hac
2649 5865 2927 5923 sententia
2966 5878 2999 5920 o
3040 5860 3234 5929 iudex,
3270 5866 3328 5915 et
3375 5856 3471 5926 qui
3504 5855 3643 5912 reli-
