  <div class='ocr_page' id='page_1' title='image "/cluster/home/n/w/nwhite01/storage/ocr_20150623/116/hvd.32044073502221/407.png"; bbox 0 0 4120 6378; ppageno 0'>
   <div class='ocr_carea' id='block_1_1' title="bbox 518 369 629 434">
    <p class='ocr_par' dir='ltr' id='par_1_1' title="bbox 518 369 629 434">
     <span class='ocr_line' id='line_1_1' title="bbox 518 369 629 434; baseline 0.027 -3"><span class='ocrx_word' id='word_1_1' title='bbox 518 369 629 434; x_wconf 65' lang='lat'><strong>$.03</strong></span> 
     </span>
    </p>
   </div>
   <div class='ocr_carea' id='block_1_2' title="bbox 1649 341 2642 417">
    <p class='ocr_par' dir='ltr' id='par_1_2' title="bbox 1649 341 2642 417">
     <span class='ocr_line' id='line_1_2' title="bbox 1649 341 2642 417; baseline 0 -3"><span class='ocrx_word' id='word_1_2' title='bbox 1649 353 2033 417; x_wconf 75' lang='lat' dir='ltr'><strong>ADDENDA.</strong></span> <span class='ocrx_word' id='word_1_3' title='bbox 2077 372 2145 387; x_wconf 68' lang='grc'><strong>-</strong></span> <span class='ocrx_word' id='word_1_4' title='bbox 2183 341 2642 414; x_wconf 72' lang='lat' dir='ltr'><strong>JANUARIUS.</strong></span> 
     </span>
    </p>
   </div>
   <div class='ocr_carea' id='block_1_3' title="bbox 3693 341 3801 409">
    <p class='ocr_par' dir='ltr' id='par_1_3' title="bbox 3693 341 3801 409">
     <span class='ocr_line' id='line_1_3' title="bbox 3693 341 3801 409; baseline -0.056 0"><span class='ocrx_word' id='word_1_5' title='bbox 3693 341 3801 409; x_wconf 64' lang='lat'><strong>802</strong></span> 
     </span>
    </p>
   </div>
   <div class='ocr_carea' id='block_1_4' title="bbox 521 456 2124 552">
    <p class='ocr_par' dir='ltr' id='par_1_4' title="bbox 521 463 2097 552">
     <span class='ocr_line' id='line_1_4' title="bbox 521 463 2097 552; baseline -0.011 -18"><span class='ocrx_word' id='word_1_6' title='bbox 521 481 742 552; x_wconf 75' lang='lat' dir='ltr'><strong>gionem</strong></span> <span class='ocrx_word' id='word_1_7' title='bbox 779 471 1134 531; x_wconf 84' lang='lat' dir='ltr'><strong>sectabantur</strong></span> <span class='ocrx_word' id='word_1_8' title='bbox 1156 468 1530 525; x_wconf 70' lang='lat' dir='ltr'><strong>Christianam</strong></span> <span class='ocrx_word' id='word_1_9' title='bbox 1556 465 1868 521; x_wconf 80' lang='lat' dir='ltr'><strong>arbitrabar</strong></span> <span class='ocrx_word' id='word_1_10' title='bbox 1893 463 2097 533; x_wconf 89' lang='lat' dir='ltr'><strong>decipi,</strong></span> 
     </span>
    </p>
   </div>
   <div class='ocr_carea' id='block_1_5' title="bbox 2225 456 3788 552">
    <p class='ocr_par' dir='ltr' id='par_1_5' title="bbox 2225 456 3788 545">
     <span class='ocr_line' id='line_1_5' title="bbox 2225 456 3788 545; baseline -0.003 -30"><span class='ocrx_word' id='word_1_11' title='bbox 2225 461 2444 526; x_wconf 68' lang='grc' dir='ltr'>πίστεως</span> <span class='ocrx_word' id='word_1_12' title='bbox 2484 461 2659 530; x_wconf 73' lang='grc' dir='ltr'>ἔγνων</span> <span class='ocrx_word' id='word_1_13' title='bbox 2689 459 2766 524; x_wconf 80' lang='grc' dir='ltr'><strong>ὡς</strong></span> <span class='ocrx_word' id='word_1_14' title='bbox 2815 457 2994 529; x_wconf 84' lang='grc' dir='ltr'>σεμνά</span> <span class='ocrx_word' id='word_1_15' title='bbox 3031 474 3157 513; x_wconf 89' lang='grc' dir='ltr'>τινα</span> <span class='ocrx_word' id='word_1_16' title='bbox 3212 457 3308 514; x_wconf 69' lang='grc' dir='ltr'><strong>καὶ</strong></span> <span class='ocrx_word' id='word_1_17' title='bbox 3338 458 3633 530; x_wconf 78' lang='grc' dir='ltr'>σεδάσμια,</span> 
     </span>
    </p>
   </div>
   <div class='ocr_carea' id='block_1_6' title="bbox 523 556 2107 631">
    <p class='ocr_par' dir='ltr' id='par_1_6' title="bbox 523 556 2107 631">
     <span class='ocr_line' id='line_1_6' title="bbox 523 556 2107 631; baseline -0.009 -7"><span class='ocrx_word' id='word_1_18' title='bbox 523 581 579 624; x_wconf 85' lang='lat' dir='ltr'><strong>et</strong></span> <span class='ocrx_word' id='word_1_19' title='bbox 601 585 709 624; x_wconf 89' lang='lat' dir='ltr'><strong>non</strong></span> <span class='ocrx_word' id='word_1_20' title='bbox 735 583 857 623; x_wconf 84' lang='lat' dir='ltr'><strong>esse</strong></span> <span class='ocrx_word' id='word_1_21' title='bbox 879 582 1024 621; x_wconf 79' lang='lat' dir='ltr'><strong>sana:</strong></span> <span class='ocrx_word' id='word_1_22' title='bbox 1043 563 1265 619; x_wconf 90' lang='lat' dir='ltr'><strong>mentis.</strong></span> <span class='ocrx_word' id='word_1_23' title='bbox 1288 563 1585 631; x_wconf 78' lang='lat' dir='ltr'><strong>Postquam</strong></span> <span class='ocrx_word' id='word_1_24' title='bbox 1614 567 1799 614; x_wconf 89' lang='lat' dir='ltr'><strong>autem</strong></span> <span class='ocrx_word' id='word_1_25' title='bbox 1826 556 2107 627; x_wconf 76' lang='lat' dir='ltr'><strong>egregium</strong></span> 
     </span>
    </p>
   </div>
   <div class='ocr_carea' id='block_1_7' title="bbox 523 649 2109 722">
    <p class='ocr_par' dir='ltr' id='par_1_7' title="bbox 523 649 2109 722">
     <span class='ocr_line' id='line_1_7' title="bbox 523 649 2109 722; baseline -0.009 -6"><span class='ocrx_word' id='word_1_26' title='bbox 523 661 763 716; x_wconf 82' lang='lat' dir='ltr'><strong>conveni</strong></span> <span class='ocrx_word' id='word_1_27' title='bbox 801 658 1212 717; x_wconf 88' lang='lat' dir='ltr'><strong>Sebastianum,</strong></span> <span class='ocrx_word' id='word_1_28' title='bbox 1243 654 1432 708; x_wconf 83' lang='lat' dir='ltr'><strong>virum.</strong></span> <span class='ocrx_word' id='word_1_29' title='bbox 1457 651 1753 722; x_wconf 82' lang='lat' dir='ltr'><strong>insignem,</strong></span> <span class='ocrx_word' id='word_1_30' title='bbox 1788 662 1845 705; x_wconf 91' lang='lat' dir='ltr'><strong>et</strong></span> <span class='ocrx_word' id='word_1_31' title='bbox 1871 649 1966 718; x_wconf 90' lang='lat' dir='ltr'><strong>qui</strong></span> <span class='ocrx_word' id='word_1_32' title='bbox 2001 656 2109 712; x_wconf 88' lang='lat' dir='ltr'><strong>est,</strong></span> 
     </span>
    </p>
   </div>
   <div class='ocr_carea' id='block_1_8' title="bbox 524 738 2110 821">
    <p class='ocr_par' dir='ltr' id='par_1_8' title="bbox 524 738 2110 821">
     <span class='ocr_line' id='line_1_8' title="bbox 524 738 2110 821; baseline -0.009 -13"><span class='ocrx_word' id='word_1_33' title='bbox 524 762 587 808; x_wconf 92' lang='lat' dir='ltr'><strong>ut</strong></span> <span class='ocrx_word' id='word_1_34' title='bbox 608 753 737 817; x_wconf 88' lang='lat' dir='ltr'><strong>scis,</strong></span> <span class='ocrx_word' id='word_1_35' title='bbox 755 765 950 821; x_wconf 78' lang='lat' dir='ltr'><strong>magno</strong></span> <span class='ocrx_word' id='word_1_36' title='bbox 965 738 1152 804; x_wconf 78' lang='lat' dir='ltr'><strong>studio</strong></span> <span class='ocrx_word' id='word_1_37' title='bbox 1172 745 1619 817; x_wconf 83' lang='lat' dir='ltr'><strong>imperatoribus,</strong></span> <span class='ocrx_word' id='word_1_38' title='bbox 1639 753 1693 797; x_wconf 87' lang='lat' dir='ltr'><strong>et</strong></span> <span class='ocrx_word' id='word_1_39' title='bbox 1717 743 1785 797; x_wconf 91' lang='lat' dir='ltr'><strong>ab</strong></span> <span class='ocrx_word' id='word_1_40' title='bbox 1809 742 1928 813; x_wconf 90' lang='lat' dir='ltr'><strong>ipso</strong></span> <span class='ocrx_word' id='word_1_41' title='bbox 1942 740 2110 795; x_wconf 87' lang='lat' dir='ltr'><strong>didici</strong></span> 
     </span>
    </p>
   </div>
   <div class='ocr_carea' id='block_1_9' title="bbox 527 835 2112 915">
    <p class='ocr_par' dir='ltr' id='par_1_9' title="bbox 527 835 2112 915">
     <span class='ocr_line' id='line_1_9' title="bbox 527 835 2112 915; baseline -0.009 -17"><span class='ocrx_word' id='word_1_42' title='bbox 527 860 694 915; x_wconf 87' lang='lat' dir='ltr'><strong>quam</strong></span> <span class='ocrx_word' id='word_1_43' title='bbox 735 842 809 897; x_wconf 85' lang='lat' dir='ltr'><strong>sit</strong></span> <span class='ocrx_word' id='word_1_44' title='bbox 858 842 1093 895; x_wconf 86' lang='lat' dir='ltr'><strong>honesta</strong></span> <span class='ocrx_word' id='word_1_45' title='bbox 1145 850 1201 894; x_wconf 86' lang='lat' dir='ltr'><strong>et</strong></span> <span class='ocrx_word' id='word_1_46' title='bbox 1251 836 1563 892; x_wconf 82' lang='lat' dir='ltr'><strong>veneranda</strong></span> <span class='ocrx_word' id='word_1_47' title='bbox 1612 835 1766 892; x_wconf 90' lang='lat' dir='ltr'><strong>fides.</strong></span> <span class='ocrx_word' id='word_1_48' title='bbox 1812 844 2014 888; x_wconf 88' lang='lat' dir='ltr'><strong>etnon</strong></span> <span class='ocrx_word' id='word_1_49' title='bbox 2051 840 2112 885; x_wconf 90' lang='lat' dir='ltr'><strong>ut</strong></span> 
     </span>
    </p>
   </div>
   <div class='ocr_carea' id='block_1_10' title="bbox 523 924 2116 1004">
    <p class='ocr_par' dir='ltr' id='par_1_10' title="bbox 523 924 2116 1004">
     <span class='ocr_line' id='line_1_10' title="bbox 523 924 2116 1004; baseline -0.009 -11"><span class='ocrx_word' id='word_1_50' title='bbox 523 948 719 992; x_wconf 83' lang='lat' dir='ltr'><strong>nostra</strong></span> <span class='ocrx_word' id='word_1_51' title='bbox 757 932 1101 1004; x_wconf 84' lang='lat' dir='ltr'><strong>superstitio,</strong></span> <span class='ocrx_word' id='word_1_52' title='bbox 1143 930 1366 987; x_wconf 87' lang='lat' dir='ltr'><strong>sordida</strong></span> <span class='ocrx_word' id='word_1_53' title='bbox 1397 939 1454 983; x_wconf 87' lang='lat' dir='ltr'><strong>et</strong></span> <span class='ocrx_word' id='word_1_54' title='bbox 1498 929 1710 995; x_wconf 89' lang='lat' dir='ltr'><strong>odiosa,</strong></span> <span class='ocrx_word' id='word_1_55' title='bbox 1744 924 1914 982; x_wconf 84' lang='lat' dir='ltr'><strong>didici</strong></span> <span class='ocrx_word' id='word_1_56' title='bbox 1944 941 2116 996; x_wconf 78' lang='lat' dir='ltr'><strong>expc-</strong></span> 
     </span>
    </p>
   </div>
   <div class='ocr_carea' id='block_1_11' title="bbox 525 1018 2110 1097">
    <p class='ocr_par' dir='ltr' id='par_1_11' title="bbox 525 1018 2110 1097">
     <span class='ocr_line' id='line_1_11' title="bbox 525 1018 2110 1097; baseline -0.007 -15"><span class='ocrx_word' id='word_1_57' title='bbox 525 1029 725 1083; x_wconf 84' lang='lat' dir='ltr'><strong>rientia</strong></span> <span class='ocrx_word' id='word_1_58' title='bbox 771 1041 934 1097; x_wconf 83' lang='lat' dir='ltr'><strong>quem</strong></span> <span class='ocrx_word' id='word_1_59' title='bbox 980 1018 1155 1078; x_wconf 86' lang='lat' dir='ltr'><strong>Deum</strong></span> <span class='ocrx_word' id='word_1_60' title='bbox 1212 1023 1396 1078; x_wconf 88' lang='lat' dir='ltr'><strong>colere</strong></span> <span class='ocrx_word' id='word_1_61' title='bbox 1444 1028 1717 1091; x_wconf 74' lang='lat' dir='ltr'><strong>oporteat.</strong></span> <span class='ocrx_word' id='word_1_62' title='bbox 1779 1018 1953 1085; x_wconf 88' lang='lat' dir='ltr'><strong>Quem</strong></span> <span class='ocrx_word' id='word_1_63' title='bbox 2014 1018 2110 1088; x_wconf 87' lang='lat' dir='ltr'><strong>qui</strong></span> 
     </span>
    </p>
   </div>
   <div class='ocr_carea' id='block_1_12' title="bbox 529 1115 2109 1188">
    <p class='ocr_par' dir='ltr' id='par_1_12' title="bbox 529 1115 2109 1188">
     <span class='ocr_line' id='line_1_12' title="bbox 529 1115 2109 1188; baseline -0.005 -15"><span class='ocrx_word' id='word_1_64' title='bbox 529 1118 803 1188; x_wconf 82' lang='lat' dir='ltr'><strong>ignorant.</strong></span> <span class='ocrx_word' id='word_1_65' title='bbox 848 1117 892 1171; x_wconf 89' lang='lat' dir='ltr'><strong>si</strong></span> <span class='ocrx_word' id='word_1_66' title='bbox 938 1115 1020 1170; x_wconf 91' lang='lat' dir='ltr'><strong>fas</strong></span> <span class='ocrx_word' id='word_1_67' title='bbox 1067 1115 1137 1170; x_wconf 88' lang='lat' dir='ltr'><strong>sit</strong></span> <span class='ocrx_word' id='word_1_68' title='bbox 1172 1115 1376 1178; x_wconf 91' lang='lat' dir='ltr'><strong>dicere,</strong></span> <span class='ocrx_word' id='word_1_69' title='bbox 1419 1123 1547 1168; x_wconf 85' lang='lat' dir='ltr'><strong>sunt</strong></span> <span class='ocrx_word' id='word_1_70' title='bbox 1579 1122 1806 1184; x_wconf 86' lang='lat' dir='ltr'><strong>propter</strong></span> <span class='ocrx_word' id='word_1_71' title='bbox 1856 1127 2109 1167; x_wconf 89' lang='lat' dir='ltr'><strong>errorem</strong></span> 
     </span>
    </p>
   </div>
   <div class='ocr_carea' id='block_1_13' title="bbox 527 1202 2111 1277">
    <p class='ocr_par' dir='ltr' id='par_1_13' title="bbox 527 1202 2111 1277">
     <span class='ocr_line' id='line_1_13' title="bbox 527 1202 2111 1277; baseline -0.004 -11"><span class='ocrx_word' id='word_1_72' title='bbox 527 1211 876 1277; x_wconf 79' lang='lat' dir='ltr'><strong>miserabiles</strong></span> <span class='ocrx_word' id='word_1_73' title='bbox 914 1250 928 1276; x_wconf 89' lang='lat'><strong>,</strong></span> <span class='ocrx_word' id='word_1_74' title='bbox 966 1217 1023 1263; x_wconf 88' lang='lat' dir='ltr'><strong>et</strong></span> <span class='ocrx_word' id='word_1_75' title='bbox 1056 1223 1124 1262; x_wconf 92' lang='lat' dir='ltr'><strong>eo</strong></span> <span class='ocrx_word' id='word_1_76' title='bbox 1155 1207 1328 1276; x_wconf 78' lang='lat' dir='ltr'><strong>magis</strong></span> <span class='ocrx_word' id='word_1_77' title='bbox 1355 1209 1499 1276; x_wconf 87' lang='lat' dir='ltr'><strong>quod</strong></span> <span class='ocrx_word' id='word_1_78' title='bbox 1534 1202 1637 1262; x_wconf 85' lang='lat' dir='ltr'><strong>sibi</strong></span> <span class='ocrx_word' id='word_1_79' title='bbox 1668 1206 1962 1260; x_wconf 83' lang='lat' dir='ltr'><strong>videantur</strong></span> <span class='ocrx_word' id='word_1_80' title='bbox 1991 1221 2111 1260; x_wconf 88' lang='lat' dir='ltr'><strong>esse</strong></span> 
     </span>
    </p>
   </div>
   <div class='ocr_carea' id='block_1_14' title="bbox 527 1295 2107 1365">
    <p class='ocr_par' dir='ltr' id='par_1_14' title="bbox 527 1295 2107 1365">
     <span class='ocr_line' id='line_1_14' title="bbox 527 1295 2107 1365; baseline -0.005 -7"><span class='ocrx_word' id='word_1_81' title='bbox 527 1303 669 1365; x_wconf 85' lang='lat' dir='ltr'><strong>sani.</strong></span> <span class='ocrx_word' id='word_1_82' title='bbox 698 1317 822 1356; x_wconf 92' lang='lat' dir='ltr'><strong>cum</strong></span> <span class='ocrx_word' id='word_1_83' title='bbox 848 1315 958 1354; x_wconf 89' lang='lat' dir='ltr'><strong>non</strong></span> <span class='ocrx_word' id='word_1_84' title='bbox 985 1300 1097 1353; x_wconf 90' lang='lat' dir='ltr'><strong>sint</strong></span> <span class='ocrx_word' id='word_1_85' title='bbox 1125 1299 1242 1353; x_wconf 90' lang='lat' dir='ltr'><strong>sani</strong></span> <span class='ocrx_word' id='word_1_86' title='bbox 1280 1298 1558 1353; x_wconf 84' lang='lat' dir='ltr'><strong>sensibus.</strong></span> <span class='ocrx_word' id='word_1_87' title='bbox 1611 1296 1757 1350; x_wconf 81' lang='lat' dir='ltr'><strong>Dixit</strong></span> <span class='ocrx_word' id='word_1_88' title='bbox 1783 1295 1935 1350; x_wconf 89' lang='lat' dir='ltr'><strong>urbis</strong></span> <span class='ocrx_word' id='word_1_89' title='bbox 1964 1312 2107 1365; x_wconf 74' lang='lat' dir='ltr'><strong>pra:-</strong></span> 
     </span>
    </p>
   </div>
   <div class='ocr_carea' id='block_1_15' title="bbox 528 1384 2119 1460">
    <p class='ocr_par' dir='ltr' id='par_1_15' title="bbox 528 1384 2119 1460">
     <span class='ocr_line' id='line_1_15' title="bbox 528 1384 2119 1460; baseline -0.004 -13"><span class='ocrx_word' id='word_1_90' title='bbox 528 1394 744 1449; x_wconf 88' lang='lat' dir='ltr'><strong>l‘ectus:</strong></span> <span class='ocrx_word' id='word_1_91' title='bbox 776 1391 1242 1460; x_wconf 88' lang='lat' dir='ltr'><strong>Dic,‘quibusnam</strong></span> <span class='ocrx_word' id='word_1_92' title='bbox 1269 1390 1452 1445; x_wconf 76' lang='lat' dir='ltr'><strong>verbis</strong></span> <span class='ocrx_word' id='word_1_93' title='bbox 1485 1389 1717 1443; x_wconf 77' lang='lat' dir='ltr'><strong>credens</strong></span> <span class='ocrx_word' id='word_1_94' title='bbox 1749 1396 1844 1442; x_wconf 89' lang='lat' dir='ltr'><strong>aut</strong></span> <span class='ocrx_word' id='word_1_95' title='bbox 1865 1384 2026 1442; x_wconf 83' lang='lat' dir='ltr'><strong>factis</strong></span> <span class='ocrx_word' id='word_1_96' title='bbox 2057 1402 2119 1442; x_wconf 82' lang='lat' dir='ltr'><strong>es</strong></span> 
     </span>
    </p>
   </div>
   <div class='ocr_carea' id='block_1_16' title="bbox 528 1474 2112 1553">
    <p class='ocr_par' dir='ltr' id='par_1_16' title="bbox 528 1474 2112 1553">
     <span class='ocr_line' id='line_1_16' title="bbox 528 1474 2112 1553; baseline -0.003 -14"><span class='ocrx_word' id='word_1_97' title='bbox 528 1486 666 1540; x_wconf 86' lang='lat' dir='ltr'><strong>adeo</strong></span> <span class='ocrx_word' id='word_1_98' title='bbox 701 1494 966 1547; x_wconf 76' lang='lat' dir='ltr'><strong>mutatus,</strong></span> <span class='ocrx_word' id='word_1_99' title='bbox 1009 1492 1072 1537; x_wconf 90' lang='lat' dir='ltr'><strong>ut</strong></span> <span class='ocrx_word' id='word_1_100' title='bbox 1102 1498 1229 1537; x_wconf 91' lang='lat' dir='ltr'><strong>eum</strong></span> <span class='ocrx_word' id='word_1_101' title='bbox 1272 1499 1372 1553; x_wconf 84' lang='lat' dir='ltr'><strong>pro</strong></span> <span class='ocrx_word' id='word_1_102' title='bbox 1420 1474 1535 1537; x_wconf 86' lang='lat' dir='ltr'><strong>Deo</strong></span> <span class='ocrx_word' id='word_1_103' title='bbox 1579 1481 1785 1536; x_wconf 87' lang='lat' dir='ltr'><strong>habeas</strong></span> <span class='ocrx_word' id='word_1_104' title='bbox 1826 1480 1918 1550; x_wconf 91' lang='lat' dir='ltr'><strong>qui</strong></span> <span class='ocrx_word' id='word_1_105' title='bbox 1953 1490 2112 1536; x_wconf 88' lang='lat' dir='ltr'><strong>actus</strong></span> 
     </span>
    </p>
   </div>
   <div class='ocr_carea' id='block_1_17' title="bbox 527 1570 2117 1642">
    <p class='ocr_par' dir='ltr' id='par_1_17' title="bbox 527 1570 2117 1642">
     <span class='ocr_line' id='line_1_17' title="bbox 527 1570 2117 1642; baseline -0.003 -13"><span class='ocrx_word' id='word_1_106' title='bbox 527 1575 633 1629; x_wconf 79' lang='lat' dir='ltr'><strong>fuit</strong></span> <span class='ocrx_word' id='word_1_107' title='bbox 668 1576 723 1627; x_wconf 90' lang='lat' dir='ltr'><strong>in</strong></span> <span class='ocrx_word' id='word_1_108' title='bbox 752 1587 1001 1634; x_wconf 88' lang='lat' dir='ltr'><strong>crucem.</strong></span> <span class='ocrx_word' id='word_1_109' title='bbox 1038 1580 1097 1626; x_wconf 92' lang='lat' dir='ltr'><strong>et</strong></span> <span class='ocrx_word' id='word_1_110' title='bbox 1138 1573 1243 1627; x_wconf 89' lang='lat' dir='ltr'><strong>alia</strong></span> <span class='ocrx_word' id='word_1_111' title='bbox 1284 1586 1485 1642; x_wconf 89' lang='lat' dir='ltr'><strong>passus</strong></span> <span class='ocrx_word' id='word_1_112' title='bbox 1510 1581 1597 1626; x_wconf 92' lang='lat' dir='ltr'><strong>est</strong></span> <span class='ocrx_word' id='word_1_113' title='bbox 1639 1571 1801 1640; x_wconf 91' lang='lat' dir='ltr'><strong>plena</strong></span> <span class='ocrx_word' id='word_1_114' title='bbox 1833 1570 2037 1640; x_wconf 91' lang='lat' dir='ltr'><strong>probro</strong></span> <span class='ocrx_word' id='word_1_115' title='bbox 2059 1578 2117 1625; x_wconf 89' lang='lat' dir='ltr'><strong>et</strong></span> 
     </span>
    </p>
   </div>
   <div class='ocr_carea' id='block_1_18' title="bbox 2216 549 3795 626">
    <p class='ocr_par' dir='ltr' id='par_1_18' title="bbox 2216 549 3795 626">
     <span class='ocr_line' id='line_1_18' title="bbox 2216 549 3795 626; baseline -0.001 -18"><span class='ocrx_word' id='word_1_116' title='bbox 2216 556 2316 626; x_wconf 85' lang='grc' dir='ltr'><strong>οὐχ</strong></span> <span class='ocrx_word' id='word_1_117' title='bbox 2345 549 2433 609; x_wconf 79' lang='grc' dir='ltr'>οἷα</span> <span class='ocrx_word' id='word_1_118' title='bbox 2462 555 2530 610; x_wconf 79' lang='grc' dir='ltr'><strong>τά</strong></span> <span class='ocrx_word' id='word_1_119' title='bbox 2558 553 2825 625; x_wconf 82' lang='grc' dir='ltr'>ὑμέτερα,</span> <span class='ocrx_word' id='word_1_120' title='bbox 2866 553 3091 622; x_wconf 76' lang='grc' dir='ltr'>ῥυπαρά</span> <span class='ocrx_word' id='word_1_121' title='bbox 3121 569 3181 606; x_wconf 88' lang='grc' dir='ltr'><strong>τε</strong></span> <span class='ocrx_word' id='word_1_122' title='bbox 3208 554 3306 606; x_wconf 74' lang='grc' dir='ltr'><strong>καὶ</strong></span> <span class='ocrx_word' id='word_1_123' title='bbox 3339 553 3590 624; x_wconf 79' lang='grc' dir='ltr'>εμμυσα,</span> <span class='ocrx_word' id='word_1_124' title='bbox 3622 553 3795 625; x_wconf 51' lang='grc' dir='ltr'>πείρᾳ.</span> 
     </span>
    </p>
   </div>
   <div class='ocr_carea' id='block_1_19' title="bbox 2221 643 3803 718">
    <p class='ocr_par' dir='ltr' id='par_1_19' title="bbox 2221 643 3803 718">
     <span class='ocr_line' id='line_1_19' title="bbox 2221 643 3803 718; baseline -0.002 -17"><span class='ocrx_word' id='word_1_125' title='bbox 2221 646 2521 718; x_wconf 78' lang='grc' dir='ltr'>μεμάθηκα</span> <span class='ocrx_word' id='word_1_126' title='bbox 2544 647 2669 700; x_wconf 85' lang='grc' dir='ltr'>τίνα</span> <span class='ocrx_word' id='word_1_127' title='bbox 2699 645 2782 699; x_wconf 85' lang='grc' dir='ltr'><strong>δεῖ</strong></span> <span class='ocrx_word' id='word_1_128' title='bbox 2811 644 2994 698; x_wconf 74' lang='grc' dir='ltr'>σέϐειν</span> <span class='ocrx_word' id='word_1_129' title='bbox 3022 644 3182 711; x_wconf 83' lang='grc' dir='ltr'>Θεὸν,</span> <span class='ocrx_word' id='word_1_130' title='bbox 3211 644 3273 698; x_wconf 85' lang='grc' dir='ltr'><strong>δν</strong></span> <span class='ocrx_word' id='word_1_131' title='bbox 3301 646 3352 697; x_wconf 91' lang='grc' dir='ltr'>οἱ</span> <span class='ocrx_word' id='word_1_132' title='bbox 3379 643 3727 712; x_wconf 80' lang='grc' dir='ltr'><strong>ἀγνοοῦντες,</strong></span> <span class='ocrx_word' id='word_1_133' title='bbox 3752 648 3803 698; x_wconf 86' lang='grc' dir='ltr'><strong>εί</strong></span> 
     </span>
    </p>
   </div>
   <div class='ocr_carea' id='block_1_20' title="bbox 2220 737 3806 812">
    <p class='ocr_par' dir='ltr' id='par_1_20' title="bbox 2220 737 3806 812">
     <span class='ocr_line' id='line_1_20' title="bbox 2220 737 3806 812; baseline -0.001 -20"><span class='ocrx_word' id='word_1_134' title='bbox 2220 741 2295 812; x_wconf 81' lang='grc' dir='ltr'>μὴ</span> <span class='ocrx_word' id='word_1_135' title='bbox 2320 739 2594 810; x_wconf 82' lang='grc' dir='ltr'>τολμηρὸν</span> <span class='ocrx_word' id='word_1_136' title='bbox 2618 740 2821 804; x_wconf 73' lang='grc' dir='ltr'>εἰπεῖν,</span> <span class='ocrx_word' id='word_1_137' title='bbox 2846 737 3073 791; x_wconf 64' lang='grc' dir='ltr'>ἐλεεινοί</span> <span class='ocrx_word' id='word_1_138' title='bbox 3105 738 3204 808; x_wconf 81' lang='grc' dir='ltr'>τῆς</span> <span class='ocrx_word' id='word_1_139' title='bbox 3240 737 3473 803; x_wconf 68' lang='grc' dir='ltr'>πλάνης,</span> <span class='ocrx_word' id='word_1_140' title='bbox 3489 737 3806 809; x_wconf 80' lang='grc' dir='ltr'>Ὀἕπαρχος</span> 
     </span>
    </p>
   </div>
   <div class='ocr_carea' id='block_1_21' title="bbox 2165 822 3804 903">
    <p class='ocr_par' dir='ltr' id='par_1_21' title="bbox 2165 822 3804 903">
     <span class='ocr_line' id='line_1_21' title="bbox 2165 822 3804 903; baseline -0.002 -16"><span class='ocrx_word' id='word_1_141' title='bbox 2165 880 2171 886; x_wconf 91' lang='grc'><strong>.</strong></span> <span class='ocrx_word' id='word_1_142' title='bbox 2214 822 2375 887; x_wconf 71' lang='grc' dir='ltr'>εἷπε·</span> <span class='ocrx_word' id='word_1_143' title='bbox 2434 834 2545 886; x_wconf 72' lang='grc' dir='ltr'><strong>Καὶ</strong></span> <span class='ocrx_word' id='word_1_144' title='bbox 2577 835 2688 886; x_wconf 89' lang='grc' dir='ltr'>τίσι</span> <span class='ocrx_word' id='word_1_145' title='bbox 2736 831 2918 900; x_wconf 78' lang='grc' dir='ltr'>λόγοις</span> <span class='ocrx_word' id='word_1_146' title='bbox 2968 832 3001 903; x_wconf 84' lang='grc' dir='ltr'><strong>ἦ</strong></span> <span class='ocrx_word' id='word_1_147' title='bbox 3050 830 3233 901; x_wconf 76' lang='grc' dir='ltr'>ἔργοις</span> <span class='ocrx_word' id='word_1_148' title='bbox 3285 831 3612 900; x_wconf 77' lang='grc' dir='ltr'><strong>πειθόμενος</strong></span> <span class='ocrx_word' id='word_1_149' title='bbox 3661 831 3804 884; x_wconf 84' lang='grc' dir='ltr'>οῦτω</span> 
     </span>
    </p>
   </div>
   <div class='ocr_carea' id='block_1_22' title="bbox 2222 920 3805 993">
    <p class='ocr_par' dir='ltr' id='par_1_22' title="bbox 2222 920 3805 993">
     <span class='ocr_line' id='line_1_22' title="bbox 2222 920 3805 993; baseline 0.001 -20"><span class='ocrx_word' id='word_1_150' title='bbox 2222 921 2561 993; x_wconf 73' lang='grc' dir='ltr'>μετεδλήθης</span> <span class='ocrx_word' id='word_1_151' title='bbox 2592 921 2668 985; x_wconf 83' lang='grc' dir='ltr'>ὼς</span> <span class='ocrx_word' id='word_1_152' title='bbox 2716 922 2814 974; x_wconf 71' lang='grc' dir='ltr'>καὶ</span> <span class='ocrx_word' id='word_1_153' title='bbox 2854 920 2974 991; x_wconf 75' lang='grc' dir='ltr'><strong>Θεῷ</strong></span> <span class='ocrx_word' id='word_1_154' title='bbox 3009 921 3373 991; x_wconf 65' lang='grc' dir='ltr'><strong>προσανέχειν</strong></span> <span class='ocrx_word' id='word_1_155' title='bbox 3427 920 3532 974; x_wconf 81' lang='grc' dir='ltr'><strong>ὑπὸ</strong></span> <span class='ocrx_word' id='word_1_156' title='bbox 3569 923 3805 992; x_wconf 72' lang='grc' dir='ltr'>σταυρὸν</span> 
     </span>
    </p>
   </div>
   <div class='ocr_carea' id='block_1_23' title="bbox 2218 1010 3806 1084">
    <p class='ocr_par' dir='ltr' id='par_1_23' title="bbox 2218 1010 3806 1084">
     <span class='ocr_line' id='line_1_23' title="bbox 2218 1010 3806 1084; baseline -0.002 -16"><span class='ocrx_word' id='word_1_157' title='bbox 2218 1014 2452 1077; x_wconf 77' lang='grc' dir='ltr'>ἐλθόντι,</span> <span class='ocrx_word' id='word_1_158' title='bbox 2483 1015 2577 1066; x_wconf 77' lang='grc' dir='ltr'><strong>καὶ</strong></span> <span class='ocrx_word' id='word_1_159' title='bbox 2592 1013 2763 1067; x_wconf 81' lang='grc' dir='ltr'>τᾶλλα</span> <span class='ocrx_word' id='word_1_160' title='bbox 2783 1013 3009 1066; x_wconf 76' lang='grc' dir='ltr'><strong>παθόντι</strong></span> <span class='ocrx_word' id='word_1_161' title='bbox 3048 1015 3115 1066; x_wconf 83' lang='grc' dir='ltr'>τὰ</span> <span class='ocrx_word' id='word_1_162' title='bbox 3141 1012 3519 1079; x_wconf 82' lang='grc' dir='ltr'>ὲπονείδιστα;</span> <span class='ocrx_word' id='word_1_163' title='bbox 3543 1010 3806 1084; x_wconf 81' lang='grc' dir='ltr'>Τραγκυ-</span> 
     </span>
    </p>
   </div>
   <div class='ocr_carea' id='block_1_24' title="bbox 2217 1098 3807 1176">
    <p class='ocr_par' dir='ltr' id='par_1_24' title="bbox 2217 1098 3807 1176">
     <span class='ocr_line' id='line_1_24' title="bbox 2217 1098 3807 1176; baseline -0.003 -15"><span class='ocrx_word' id='word_1_164' title='bbox 2217 1100 2363 1170; x_wconf 81' lang='grc' dir='ltr'>λῖνος</span> <span class='ocrx_word' id='word_1_165' title='bbox 2387 1101 2561 1174; x_wconf 69' lang='grc' dir='ltr'>εἶπεν·</span> <span class='ocrx_word' id='word_1_166' title='bbox 2588 1098 2651 1158; x_wconf 81' lang='grc' dir='ltr'><strong>Εἰ</strong></span> <span class='ocrx_word' id='word_1_167' title='bbox 2673 1106 3014 1170; x_wconf 73' lang='grc' dir='ltr'>ἀνεξικάκως</span> <span class='ocrx_word' id='word_1_168' title='bbox 3037 1105 3258 1176; x_wconf 73' lang='grc' dir='ltr'>ἤκουες,</span> <span class='ocrx_word' id='word_1_169' title='bbox 3283 1100 3328 1157; x_wconf 71' lang='grc' dir='ltr'>ὦ</span> <span class='ocrx_word' id='word_1_170' title='bbox 3351 1105 3606 1170; x_wconf 79' lang='grc' dir='ltr'>δικαστά,</span> <span class='ocrx_word' id='word_1_171' title='bbox 3627 1106 3807 1169; x_wconf 72' lang='grc' dir='ltr'>ἔδειξα</span> 
     </span>
    </p>
   </div>
   <div class='ocr_carea' id='block_1_25' title="bbox 2217 1189 3807 1268">
    <p class='ocr_par' dir='ltr' id='par_1_25' title="bbox 2217 1189 3807 1268">
     <span class='ocr_line' id='line_1_25' title="bbox 2217 1189 3807 1268; baseline -0.003 -14"><span class='ocrx_word' id='word_1_172' title='bbox 2217 1199 2283 1254; x_wconf 79' lang='grc' dir='ltr'>ἄν</span> <span class='ocrx_word' id='word_1_173' title='bbox 2315 1216 2398 1251; x_wconf 86' lang='grc' dir='ltr'><strong>σοι</strong></span> <span class='ocrx_word' id='word_1_174' title='bbox 2422 1197 2510 1249; x_wconf 83' lang='grc' dir='ltr'><strong>τὸν</strong></span> <span class='ocrx_word' id='word_1_175' title='bbox 2535 1189 2954 1268; x_wconf 72' lang='grc' dir='ltr'><strong>ἐσταυρωμένον</strong></span> <span class='ocrx_word' id='word_1_176' title='bbox 2979 1196 3169 1250; x_wconf 86' lang='grc' dir='ltr'>τοῦτον</span> <span class='ocrx_word' id='word_1_177' title='bbox 3188 1197 3280 1250; x_wconf 90' lang='grc' dir='ltr'><strong>τὸν</strong></span> <span class='ocrx_word' id='word_1_178' title='bbox 3303 1197 3435 1250; x_wconf 86' lang='grc' dir='ltr'>Θεὸν</span> <span class='ocrx_word' id='word_1_179' title='bbox 3465 1197 3596 1250; x_wconf 72' lang='grc' dir='ltr'>ὄντα</span> <span class='ocrx_word' id='word_1_180' title='bbox 3618 1189 3807 1266; x_wconf 75' lang='grc' dir='ltr'>ἀληθι-</span> 
     </span>
    </p>
   </div>
   <div class='ocr_carea' id='block_1_26' title="bbox 2217 1286 3807 1360">
    <p class='ocr_par' dir='ltr' id='par_1_26' title="bbox 2217 1286 3807 1360">
     <span class='ocr_line' id='line_1_26' title="bbox 2217 1286 3807 1360; baseline -0.002 -18"><span class='ocrx_word' id='word_1_181' title='bbox 2217 1286 2309 1343; x_wconf 86' lang='grc' dir='ltr'><strong>νὸν</strong></span> <span class='ocrx_word' id='word_1_182' title='bbox 2338 1291 2436 1343; x_wconf 75' lang='grc' dir='ltr'><strong>καὶ</strong></span> <span class='ocrx_word' id='word_1_183' title='bbox 2469 1289 2653 1360; x_wconf 82' lang='grc' dir='ltr'><strong>πάσης</strong></span> <span class='ocrx_word' id='word_1_184' title='bbox 2684 1290 2923 1359; x_wconf 82' lang='grc' dir='ltr'><strong>ἀοράτου</strong></span> <span class='ocrx_word' id='word_1_185' title='bbox 2961 1288 3057 1342; x_wconf 74' lang='grc' dir='ltr'>καὶ</span> <span class='ocrx_word' id='word_1_186' title='bbox 3085 1289 3287 1358; x_wconf 80' lang='grc' dir='ltr'>ὁρατῆς</span> <span class='ocrx_word' id='word_1_187' title='bbox 3321 1287 3655 1351; x_wconf 76' lang='grc' dir='ltr'><strong>δεσπόζοντα</strong></span> <span class='ocrx_word' id='word_1_188' title='bbox 3689 1288 3807 1339; x_wconf 76' lang='grc' dir='ltr'>κτίο</span> 
     </span>
    </p>
   </div>
   <div class='ocr_carea' id='block_1_27' title="bbox 2225 1375 3808 1452">
    <p class='ocr_par' dir='ltr' id='par_1_27' title="bbox 2225 1375 3808 1452">
     <span class='ocr_line' id='line_1_27' title="bbox 2225 1375 3808 1452; baseline -0.003 -18"><span class='ocrx_word' id='word_1_189' title='bbox 2225 1399 2383 1445; x_wconf 82' lang='grc' dir='ltr'>σεως.</span> <span class='ocrx_word' id='word_1_190' title='bbox 2421 1380 2485 1437; x_wconf 87' lang='grc'><strong>’0</strong></span> <span class='ocrx_word' id='word_1_191' title='bbox 2544 1375 2784 1452; x_wconf 71' lang='grc' dir='ltr'>ἔπαρχος</span> <span class='ocrx_word' id='word_1_192' title='bbox 2836 1376 2998 1433; x_wconf 85' lang='grc' dir='ltr'>εἶπε·</span> <span class='ocrx_word' id='word_1_193' title='bbox 3052 1380 3208 1434; x_wconf 84' lang='grc' dir='ltr'>Μετά</span> <span class='ocrx_word' id='word_1_194' title='bbox 3263 1380 3600 1452; x_wconf 73' lang='grc' dir='ltr'><strong>παρρησίας,</strong></span> <span class='ocrx_word' id='word_1_195' title='bbox 3643 1379 3808 1449; x_wconf 72' lang='grc' dir='ltr'>μηδὶν</span> 
     </span>
    </p>
   </div>
   <div class='ocr_carea' id='block_1_28' title="bbox 2225 1466 3808 1543">
    <p class='ocr_par' dir='ltr' id='par_1_28' title="bbox 2225 1466 3808 1543">
     <span class='ocr_line' id='line_1_28' title="bbox 2225 1466 3808 1543; baseline -0.003 -15"><span class='ocrx_word' id='word_1_196' title='bbox 2225 1466 2688 1543; x_wconf 79' lang='grc' dir='ltr'>ὑποστειλάμενος</span> <span class='ocrx_word' id='word_1_197' title='bbox 2723 1471 2935 1543; x_wconf 80' lang='grc' dir='ltr'>φράσον</span> <span class='ocrx_word' id='word_1_198' title='bbox 2964 1473 3121 1542; x_wconf 74' lang='grc' dir='ltr'>ἡμῖν,</span> <span class='ocrx_word' id='word_1_199' title='bbox 3156 1471 3268 1538; x_wconf 85' lang='grc' dir='ltr'>ἴνα,</span> <span class='ocrx_word' id='word_1_200' title='bbox 3309 1472 3357 1523; x_wconf 87' lang='grc' dir='ltr'><strong>εί</strong></span> <span class='ocrx_word' id='word_1_201' title='bbox 3388 1471 3571 1533; x_wconf 85' lang='grc' dir='ltr'>καλῶς</span> <span class='ocrx_word' id='word_1_202' title='bbox 3603 1472 3713 1540; x_wconf 79' lang='grc' dir='ltr'>εχει</span> <span class='ocrx_word' id='word_1_203' title='bbox 3741 1472 3808 1524; x_wconf 67' lang='grc' dir='ltr'>τὰ</span> 
     </span>
    </p>
   </div>
   <div class='ocr_carea' id='block_1_29' title="bbox 2224 1560 3685 1638">
    <p class='ocr_par' dir='ltr' id='par_1_29' title="bbox 2224 1560 3685 1638">
     <span class='ocr_line' id='line_1_29' title="bbox 2224 1560 3685 1638; baseline -0.001 -17"><span class='ocrx_word' id='word_1_204' title='bbox 2224 1567 2319 1621; x_wconf 87' lang='grc' dir='ltr'><strong>τοῦ</strong></span> <span class='ocrx_word' id='word_1_205' title='bbox 2351 1560 2487 1621; x_wconf 83' lang='grc' dir='ltr'>Θεοῦ</span> <span class='ocrx_word' id='word_1_206' title='bbox 2516 1585 2633 1634; x_wconf 89' lang='grc' dir='ltr'>σου,</span> <span class='ocrx_word' id='word_1_207' title='bbox 2664 1567 3092 1638; x_wconf 81' lang='grc' dir='ltr'>κοινωνήσωμέν</span> <span class='ocrx_word' id='word_1_208' title='bbox 3120 1584 3205 1622; x_wconf 91' lang='grc' dir='ltr'><strong>σοι</strong></span> <span class='ocrx_word' id='word_1_209' title='bbox 3240 1567 3339 1638; x_wconf 85' lang='grc' dir='ltr'>τῆς</span> <span class='ocrx_word' id='word_1_210' title='bbox 3362 1566 3685 1637; x_wconf 76' lang='grc' dir='ltr'>θρησκείας.</span> 
     </span>
    </p>
   </div>
   <div class='ocr_carea' id='block_1_30' title="bbox 530 1658 3804 1734">
    <p class='ocr_par' dir='ltr' id='par_1_30' title="bbox 530 1658 3804 1734">
     <span class='ocr_line' id='line_1_30' title="bbox 530 1658 3804 1734; baseline -0.003 -12"><span class='ocrx_word' id='word_1_211' title='bbox 530 1665 856 1722; x_wconf 87' lang='lat' dir='ltr'><strong>dedecore?</strong></span> <span class='ocrx_word' id='word_1_212' title='bbox 899 1665 1048 1719; x_wconf 77' lang='lat' dir='ltr'><strong>Dixit</strong></span> <span class='ocrx_word' id='word_1_213' title='bbox 1087 1664 1507 1734; x_wconf 88' lang='lat' dir='ltr'><strong>Tranquillinus</strong></span> <span class='ocrx_word' id='word_1_214' title='bbox 1535 1664 1628 1718; x_wconf 86' lang='lat' dir='ltr'><strong>:Si</strong></span> <span class='ocrx_word' id='word_1_215' title='bbox 1673 1679 1782 1718; x_wconf 90' lang='lat' dir='ltr'><strong>non</strong></span> <span class='ocrx_word' id='word_1_216' title='bbox 1832 1662 2118 1726; x_wconf 90' lang='lat' dir='ltr'><strong>iracunde,</strong></span> <span class='ocrx_word' id='word_1_217' title='bbox 2154 1661 2251 1717; x_wconf 90' lang='lat' dir='ltr'><strong>sed</strong></span> <span class='ocrx_word' id='word_1_218' title='bbox 2288 1662 2565 1731; x_wconf 84' lang='lat' dir='ltr'><strong>patienter</strong></span> <span class='ocrx_word' id='word_1_219' title='bbox 2590 1669 2647 1717; x_wconf 88' lang='lat' dir='ltr'><strong>ct</strong></span> <span class='ocrx_word' id='word_1_220' title='bbox 2691 1661 2906 1731; x_wconf 87' lang='lat' dir='ltr'><strong>placide</strong></span> <span class='ocrx_word' id='word_1_221' title='bbox 2958 1676 3045 1716; x_wconf 91' lang='lat' dir='ltr'><strong>me</strong></span> <span class='ocrx_word' id='word_1_222' title='bbox 3114 1660 3451 1725; x_wconf 80' lang='lat' dir='ltr'><strong>&#39;audiveris,</strong></span> <span class='ocrx_word' id='word_1_223' title='bbox 3501 1674 3535 1714; x_wconf 92' lang='grc' dir='ltr'><strong>ο</strong></span> <span class='ocrx_word' id='word_1_224' title='bbox 3615 1658 3804 1728; x_wconf 76' lang='lat' dir='ltr'><strong>judex,</strong></span> 
     </span>
    </p>
   </div>
   <div class='ocr_carea' id='block_1_31' title="bbox 527 1756 2133 1821">
    <p class='ocr_par' dir='ltr' id='par_1_31' title="bbox 527 1756 2133 1821">
     <span class='ocr_line' id='line_1_31' title="bbox 527 1756 2133 1821; baseline -0.003 -7"><span class='ocrx_word' id='word_1_225' title='bbox 527 1758 812 1814; x_wconf 86' lang='lat' dir='ltr'><strong>ostendam</strong></span> <span class='ocrx_word' id='word_1_226' title='bbox 848 1757 944 1810; x_wconf 87' lang='lat' dir='ltr'><strong>tibi</strong></span> <span class='ocrx_word' id='word_1_227' title='bbox 981 1757 1128 1811; x_wconf 91' lang='lat' dir='ltr'><strong>hunc</strong></span> <span class='ocrx_word' id='word_1_228' title='bbox 1151 1756 1474 1811; x_wconf 79' lang='lat' dir='ltr'><strong>crucifixum</strong></span> <span class='ocrx_word' id='word_1_229' title='bbox 1517 1772 1712 1811; x_wconf 76' lang='lat' dir='ltr'><strong>verum</strong></span> <span class='ocrx_word' id='word_1_230' title='bbox 1749 1771 1871 1812; x_wconf 88' lang='lat' dir='ltr'><strong>esse.</strong></span> <span class='ocrx_word' id='word_1_231' title='bbox 1937 1758 2133 1821; x_wconf 90' lang='lat' dir='ltr'><strong>Deum,</strong></span> 
     </span>
    </p>
   </div>
   <div class='ocr_carea' id='block_1_32' title="bbox 531 1849 2143 1920">
    <p class='ocr_par' dir='ltr' id='par_1_32' title="bbox 531 1849 2143 1920">
     <span class='ocr_line' id='line_1_32' title="bbox 531 1849 2143 1920; baseline -0.002 -16"><span class='ocrx_word' id='word_1_232' title='bbox 531 1865 694 1920; x_wconf 88' lang='lat' dir='ltr'><strong>quam</strong></span> <span class='ocrx_word' id='word_1_233' title='bbox 719 1866 842 1920; x_wconf 56' lang='lat' dir='ltr'><strong>qua».</strong></span> <span class='ocrx_word' id='word_1_234' title='bbox 858 1865 969 1903; x_wconf 90' lang='lat' dir='ltr'><strong>non</strong></span> <span class='ocrx_word' id='word_1_235' title='bbox 998 1849 1145 1903; x_wconf 86' lang='lat' dir='ltr'><strong>cadit</strong></span> <span class='ocrx_word' id='word_1_236' title='bbox 1165 1849 1267 1904; x_wconf 90' lang='lat' dir='ltr'><strong>sub</strong></span> <span class='ocrx_word' id='word_1_237' title='bbox 1290 1858 1595 1918; x_wconf 84' lang='lat' dir='ltr'><strong>aspectum.</strong></span> <span class='ocrx_word' id='word_1_238' title='bbox 1626 1849 1773 1903; x_wconf 76' lang='lat' dir='ltr'><strong>Dixit</strong></span> <span class='ocrx_word' id='word_1_239' title='bbox 1796 1849 2087 1919; x_wconf 74' lang='lat' dir='ltr'><strong>przefectus</strong></span> <span class='ocrx_word' id='word_1_240' title='bbox 2131 1866 2143 1902; x_wconf 93' lang='lat'><strong>:</strong></span> 
     </span>
    </p>
   </div>
   <div class='ocr_carea' id='block_1_33' title="bbox 2214 1752 3802 1823">
    <p class='ocr_par' dir='ltr' id='par_1_33' title="bbox 2214 1752 3802 1823">
     <span class='ocr_line' id='line_1_33' title="bbox 2214 1752 3802 1823; baseline -0.003 -14"><span class='ocrx_word' id='word_1_241' title='bbox 2214 1765 2271 1809; x_wconf 87' lang='lat' dir='ltr'><strong>et</strong></span> <span class='ocrx_word' id='word_1_242' title='bbox 2304 1755 2476 1809; x_wconf 89' lang='lat' dir='ltr'><strong>Deum</strong></span> <span class='ocrx_word' id='word_1_243' title='bbox 2511 1758 2680 1808; x_wconf 90' lang='lat' dir='ltr'><strong>totius</strong></span> <span class='ocrx_word' id='word_1_244' title='bbox 2723 1762 2958 1816; x_wconf 73' lang='lat' dir='ltr'><strong>naturae,</strong></span> <span class='ocrx_word' id='word_1_245' title='bbox 2991 1762 3101 1807; x_wconf 92' lang='lat' dir='ltr'><strong>tam</strong></span> <span class='ocrx_word' id='word_1_246' title='bbox 3146 1769 3270 1823; x_wconf 73' lang='lat' dir='ltr'><strong>qua:</strong></span> <span class='ocrx_word' id='word_1_247' title='bbox 3320 1762 3407 1808; x_wconf 88' lang='lat' dir='ltr'><strong>est</strong></span> <span class='ocrx_word' id='word_1_248' title='bbox 3432 1752 3802 1823; x_wconf 86' lang='lat' dir='ltr'><strong>aspectabilis,</strong></span> 
     </span>
    </p>
   </div>
   <div class='ocr_carea' id='block_1_34' title="bbox 2192 1843 3807 1912">
    <p class='ocr_par' dir='ltr' id='par_1_34' title="bbox 2192 1843 3807 1912">
     <span class='ocr_line' id='line_1_34' title="bbox 2192 1843 3807 1912; baseline -0.003 -10"><span class='ocrx_word' id='word_1_249' title='bbox 2192 1848 2288 1902; x_wconf 86' lang='lat' dir='ltr'><strong>Dic</strong></span> <span class='ocrx_word' id='word_1_250' title='bbox 2323 1847 2487 1901; x_wconf 86' lang='lat' dir='ltr'><strong>nobis</strong></span> <span class='ocrx_word' id='word_1_251' title='bbox 2514 1847 2687 1902; x_wconf 88' lang='lat' dir='ltr'><strong>libere</strong></span> <span class='ocrx_word' id='word_1_252' title='bbox 2714 1856 2771 1902; x_wconf 92' lang='lat' dir='ltr'><strong>et</strong></span> <span class='ocrx_word' id='word_1_253' title='bbox 2798 1845 2938 1900; x_wconf 93' lang='lat' dir='ltr'><strong>nihil</strong></span> <span class='ocrx_word' id='word_1_254' title='bbox 2969 1846 3229 1912; x_wconf 83' lang='lat' dir='ltr'><strong>reticens,</strong></span> <span class='ocrx_word' id='word_1_255' title='bbox 3296 1853 3358 1900; x_wconf 92' lang='lat' dir='ltr'><strong>ut</strong></span> <span class='ocrx_word' id='word_1_256' title='bbox 3388 1845 3433 1902; x_wconf 94' lang='lat' dir='ltr'><strong>si</strong></span> <span class='ocrx_word' id='word_1_257' title='bbox 3466 1860 3554 1900; x_wconf 89' lang='lat' dir='ltr'><strong>res</strong></span> <span class='ocrx_word' id='word_1_258' title='bbox 3594 1846 3671 1898; x_wconf 88' lang='lat' dir='ltr'><strong>tui</strong></span> <span class='ocrx_word' id='word_1_259' title='bbox 3712 1843 3807 1899; x_wconf 90' lang='lat' dir='ltr'><strong>Dei</strong></span> 
     </span>
    </p>
   </div>
   <div class='ocr_carea' id='block_1_35' title="bbox 533 1942 2290 2011">
    <p class='ocr_par' dir='ltr' id='par_1_35' title="bbox 533 1942 2290 2011">
     <span class='ocr_line' id='line_1_35' title="bbox 533 1942 2290 2011; baseline -0.001 -14"><span class='ocrx_word' id='word_1_260' title='bbox 533 1942 676 1998; x_wconf 85' lang='lat' dir='ltr'><strong>bene</strong></span> <span class='ocrx_word' id='word_1_261' title='bbox 699 1958 757 1997; x_wconf 88' lang='lat' dir='ltr'><strong>se</strong></span> <span class='ocrx_word' id='word_1_262' title='bbox 792 1943 1051 2005; x_wconf 84' lang='lat' dir='ltr'><strong>habeant,</strong></span> <span class='ocrx_word' id='word_1_263' title='bbox 1082 1942 1257 1997; x_wconf 86' lang='lat' dir='ltr'><strong>simus</strong></span> <span class='ocrx_word' id='word_1_264' title='bbox 1286 1954 1386 1997; x_wconf 89' lang='lat' dir='ltr'><strong>nos</strong></span> <span class='ocrx_word' id='word_1_265' title='bbox 1414 1959 1635 2011; x_wconf 87' lang='lat' dir='ltr'><strong>quoque</strong></span> <span class='ocrx_word' id='word_1_266' title='bbox 1670 1943 1806 1998; x_wconf 88' lang='lat' dir='ltr'><strong>socii</strong></span> <span class='ocrx_word' id='word_1_267' title='bbox 1838 1952 1943 1998; x_wconf 72' lang='lat' dir='ltr'><strong>tuae</strong></span> <span class='ocrx_word' id='word_1_268' title='bbox 1984 1942 2290 2011; x_wconf 75' lang='lat' dir='ltr'><strong>religionis.</strong></span> 
     </span>
    </p>
   </div>
   <div class='ocr_carea' id='block_1_36' title="bbox 603 2023 2124 2105">
    <p class='ocr_par' dir='ltr' id='par_1_36' title="bbox 603 2028 2115 2104">
     <span class='ocr_line' id='line_1_36' title="bbox 603 2028 2115 2104; baseline 0.001 -16"><span class='ocrx_word' id='word_1_269' title='bbox 603 2033 674 2088; x_wconf 74' lang='grc' dir='ltr'>Χ.</span> <span class='ocrx_word' id='word_1_270' title='bbox 725 2034 872 2089; x_wconf 79' lang='lat' dir='ltr'><strong>Dixit</strong></span> <span class='ocrx_word' id='word_1_271' title='bbox 909 2030 1328 2104; x_wconf 88' lang='lat' dir='ltr'><strong>Tranquillinus</strong></span> <span class='ocrx_word' id='word_1_272' title='bbox 1364 2052 1378 2089; x_wconf 90' lang='lat'><strong>:</strong></span> <span class='ocrx_word' id='word_1_273' title='bbox 1412 2028 1681 2101; x_wconf 84' lang='lat' dir='ltr'><strong>Quoniam</strong></span> <span class='ocrx_word' id='word_1_274' title='bbox 1717 2045 1800 2091; x_wconf 89' lang='lat' dir='ltr'><strong>cst</strong></span> <span class='ocrx_word' id='word_1_275' title='bbox 1843 2036 1980 2089; x_wconf 87' lang='lat' dir='ltr'><strong>mihi</strong></span> <span class='ocrx_word' id='word_1_276' title='bbox 2031 2035 2115 2089; x_wconf 84' lang='lat' dir='ltr'><strong>fa-</strong></span> 
     </span>
    </p>
   </div>
   <div class='ocr_carea' id='block_1_37' title="bbox 2225 2023 3806 2105">
    <p class='ocr_par' dir='ltr' id='par_1_37' title="bbox 2290 2023 3806 2105">
     <span class='ocr_line' id='line_1_37' title="bbox 2290 2023 3806 2105; baseline -0.003 -17"><span class='ocrx_word' id='word_1_277' title='bbox 2290 2036 2349 2089; x_wconf 89' lang='lat' dir='ltr'><strong>l’.</strong></span> <span class='ocrx_word' id='word_1_278' title='bbox 2376 2034 2753 2105; x_wconf 84' lang='grc' dir='ltr'>Τραγκυλῖνος</span> <span class='ocrx_word' id='word_1_279' title='bbox 2782 2027 2939 2087; x_wconf 79' lang='grc' dir='ltr'>εἶπεν</span> <span class='ocrx_word' id='word_1_280' title='bbox 2966 2049 2981 2064; x_wconf 77' lang='grc' dir='ltr'><strong>ο</strong></span> <span class='ocrx_word' id='word_1_281' title='bbox 3026 2033 3084 2084; x_wconf 82' lang='lat'><strong>&#39;0</strong></span> <span class='ocrx_word' id='word_1_282' title='bbox 3111 2030 3349 2103; x_wconf 85' lang='grc' dir='ltr'>Χριστὸς</span> <span class='ocrx_word' id='word_1_283' title='bbox 3368 2023 3544 2097; x_wconf 76' lang='grc' dir='ltr'>οὗτος,</span> <span class='ocrx_word' id='word_1_284' title='bbox 3579 2031 3806 2102; x_wconf 73' lang='grc' dir='ltr'>ἔπαρχε,</span> 
     </span>
    </p>
   </div>
   <div class='ocr_carea' id='block_1_38' title="bbox 535 2125 2122 2196">
    <p class='ocr_par' dir='ltr' id='par_1_38' title="bbox 535 2125 2122 2196">
     <span class='ocr_line' id='line_1_38' title="bbox 535 2125 2122 2196; baseline -0.001 -14"><span class='ocrx_word' id='word_1_285' title='bbox 535 2135 626 2182; x_wconf 84' lang='lat' dir='ltr'><strong>cla</strong></span> <span class='ocrx_word' id='word_1_286' title='bbox 682 2126 907 2181; x_wconf 89' lang='lat' dir='ltr'><strong>dicendi</strong></span> <span class='ocrx_word' id='word_1_287' title='bbox 967 2134 1214 2196; x_wconf 86' lang='lat' dir='ltr'><strong>potestas</strong></span> <span class='ocrx_word' id='word_1_288' title='bbox 1274 2142 1305 2180; x_wconf 89' lang='lat' dir='ltr'><strong>a</strong></span> <span class='ocrx_word' id='word_1_289' title='bbox 1358 2137 1449 2181; x_wconf 88' lang='lat' dir='ltr'><strong>tua</strong></span> <span class='ocrx_word' id='word_1_290' title='bbox 1504 2126 1960 2189; x_wconf 84' lang='lat' dir='ltr'><strong>mansuetudine,</strong></span> <span class='ocrx_word' id='word_1_291' title='bbox 1991 2125 2122 2181; x_wconf 90' lang='lat' dir='ltr'><strong>audi</strong></span> 
     </span>
    </p>
   </div>
   <div class='ocr_carea' id='block_1_39' title="bbox 534 2211 2127 2291">
    <p class='ocr_par' dir='ltr' id='par_1_39' title="bbox 534 2211 2127 2291">
     <span class='ocr_line' id='line_1_39' title="bbox 534 2211 2127 2291; baseline 0 -17"><span class='ocrx_word' id='word_1_292' title='bbox 534 2220 732 2291; x_wconf 66' lang='lat' dir='ltr'><strong>paucis</strong></span> <span class='ocrx_word' id='word_1_293' title='bbox 791 2219 1113 2290; x_wconf 84' lang='lat' dir='ltr'><strong>mysterium</strong></span> <span class='ocrx_word' id='word_1_294' title='bbox 1176 2211 1393 2273; x_wconf 80' lang='lat' dir='ltr'><strong>consilii</strong></span> <span class='ocrx_word' id='word_1_295' title='bbox 1448 2228 1505 2274; x_wconf 89' lang='lat' dir='ltr'><strong>et</strong></span> <span class='ocrx_word' id='word_1_296' title='bbox 1572 2220 1895 2275; x_wconf 61' lang='lat' dir='ltr'><strong>oeconomia:</strong></span> <span class='ocrx_word' id='word_1_297' title='bbox 1944 2219 2127 2274; x_wconf 88' lang='lat' dir='ltr'><strong>carnis</strong></span> 
     </span>
    </p>
   </div>
   <div class='ocr_carea' id='block_1_40' title="bbox 537 2300 2123 2378">
    <p class='ocr_par' dir='ltr' id='par_1_40' title="bbox 537 2300 2123 2378">
     <span class='ocr_line' id='line_1_40' title="bbox 537 2300 2123 2378; baseline 0 -14"><span class='ocrx_word' id='word_1_298' title='bbox 537 2318 809 2378; x_wconf 64' lang='lat' dir='ltr'><strong>susceptae</strong></span> <span class='ocrx_word' id='word_1_299' title='bbox 848 2327 861 2362; x_wconf 91' lang='lat'>:</span> <span class='ocrx_word' id='word_1_300' title='bbox 893 2317 950 2363; x_wconf 87' lang='lat' dir='ltr'><strong>et</strong></span> <span class='ocrx_word' id='word_1_301' title='bbox 1001 2310 1150 2363; x_wconf 89' lang='lat' dir='ltr'><strong>scies</strong></span> <span class='ocrx_word' id='word_1_302' title='bbox 1198 2309 1451 2371; x_wconf 90' lang='lat' dir='ltr'><strong>omnino,</strong></span> <span class='ocrx_word' id='word_1_303' title='bbox 1490 2300 1599 2362; x_wconf 85' lang='lat' dir='ltr'><strong>nisi</strong></span> <span class='ocrx_word' id='word_1_304' title='bbox 1634 2300 1775 2363; x_wconf 82' lang='lat' dir='ltr'><strong>velis</strong></span> <span class='ocrx_word' id='word_1_305' title='bbox 1804 2308 1985 2364; x_wconf 89' lang='lat' dir='ltr'><strong>libens</strong></span> <span class='ocrx_word' id='word_1_306' title='bbox 2014 2324 2123 2364; x_wconf 81' lang='lat' dir='ltr'><strong>cae-</strong></span> 
     </span>
    </p>
   </div>
   <div class='ocr_carea' id='block_1_41' title="bbox 541 2401 2124 2471">
    <p class='ocr_par' dir='ltr' id='par_1_41' title="bbox 541 2401 2124 2471">
     <span class='ocr_line' id='line_1_41' title="bbox 541 2401 2124 2471; baseline 0 -16"><span class='ocrx_word' id='word_1_307' title='bbox 541 2401 723 2455; x_wconf 90' lang='lat' dir='ltr'><strong>cutire</strong></span> <span class='ocrx_word' id='word_1_308' title='bbox 768 2401 835 2456; x_wconf 89' lang='lat' dir='ltr'><strong>ad</strong></span> <span class='ocrx_word' id='word_1_309' title='bbox 880 2401 1195 2464; x_wconf 75' lang='lat' dir='ltr'><strong>veritatem,</strong></span> <span class='ocrx_word' id='word_1_310' title='bbox 1230 2401 1439 2455; x_wconf 84' lang='lat' dir='ltr'><strong>nullam</strong></span> <span class='ocrx_word' id='word_1_311' title='bbox 1476 2402 1640 2455; x_wconf 88' lang='lat' dir='ltr'><strong>aliam</strong></span> <span class='ocrx_word' id='word_1_312' title='bbox 1680 2401 2000 2471; x_wconf 79' lang='lat' dir='ltr'><strong>religionem</strong></span> <span class='ocrx_word' id='word_1_313' title='bbox 2028 2418 2124 2456; x_wconf 86' lang='lat' dir='ltr'><strong>ca-</strong></span> 
     </span>
    </p>
   </div>
   <div class='ocr_carea' id='block_1_42' title="bbox 543 2485 2122 2563">
    <p class='ocr_par' dir='ltr' id='par_1_42' title="bbox 543 2485 2122 2563">
     <span class='ocr_line' id='line_1_42' title="bbox 543 2485 2122 2563; baseline 0.001 -19"><span class='ocrx_word' id='word_1_314' title='bbox 543 2504 669 2547; x_wconf 86' lang='lat' dir='ltr'><strong>rere</strong></span> <span class='ocrx_word' id='word_1_315' title='bbox 715 2507 905 2548; x_wconf 90' lang='lat' dir='ltr'><strong>crrore</strong></span> <span class='ocrx_word' id='word_1_316' title='bbox 937 2504 1309 2563; x_wconf 66' lang='lat' dir='ltr'><strong>praeterquam</strong></span> <span class='ocrx_word' id='word_1_317' title='bbox 1356 2492 1603 2547; x_wconf 79' lang='lat' dir='ltr'><strong>solorUm</strong></span> <span class='ocrx_word' id='word_1_318' title='bbox 1655 2485 2122 2549; x_wconf 87' lang='lat' dir='ltr'><strong>Christianorum.</strong></span> 
     </span>
    </p>
   </div>
   <div class='ocr_carea' id='block_1_43' title="bbox 546 2577 2124 2655">
    <p class='ocr_par' dir='ltr' id='par_1_43' title="bbox 546 2577 2124 2655">
     <span class='ocr_line' id='line_1_43' title="bbox 546 2577 2124 2655; baseline 0.001 -18"><span class='ocrx_word' id='word_1_319' title='bbox 546 2582 651 2638; x_wconf 76' lang='lat' dir='ltr'><strong>llic</strong></span> <span class='ocrx_word' id='word_1_320' title='bbox 706 2583 962 2640; x_wconf 83' lang='lat' dir='ltr'><strong>Christus</strong></span> <span class='ocrx_word' id='word_1_321' title='bbox 1006 2601 1171 2655; x_wconf 84' lang='lat' dir='ltr'><strong>quem</strong></span> <span class='ocrx_word' id='word_1_322' title='bbox 1229 2602 1329 2641; x_wconf 89' lang='lat' dir='ltr'><strong>vos</strong></span> <span class='ocrx_word' id='word_1_323' title='bbox 1385 2577 1739 2641; x_wconf 84' lang='lat' dir='ltr'><strong>inscctatnini</strong></span> <span class='ocrx_word' id='word_1_324' title='bbox 1791 2578 2124 2650; x_wconf 83' lang='lat' dir='ltr'><strong>maledictis,</strong></span> 
     </span>
    </p>
   </div>
   <div class='ocr_carea' id='block_1_44' title="bbox 552 2667 2128 2746">
    <p class='ocr_par' dir='ltr' id='par_1_44' title="bbox 552 2667 2128 2746">
     <span class='ocr_line' id='line_1_44' title="bbox 552 2667 2128 2746; baseline 0.002 -19"><span class='ocrx_word' id='word_1_325' title='bbox 552 2686 679 2728; x_wconf 87' lang='lat' dir='ltr'><strong>cum</strong></span> <span class='ocrx_word' id='word_1_326' title='bbox 710 2686 858 2730; x_wconf 85' lang='lat' dir='ltr'><strong>esset</strong></span> <span class='ocrx_word' id='word_1_327' title='bbox 883 2674 1030 2732; x_wconf 90' lang='lat' dir='ltr'><strong>Deus</strong></span> <span class='ocrx_word' id='word_1_328' title='bbox 1060 2677 1127 2730; x_wconf 88' lang='lat' dir='ltr'><strong>ab</strong></span> <span class='ocrx_word' id='word_1_329' title='bbox 1173 2675 1358 2741; x_wconf 89' lang='lat' dir='ltr'><strong>initio,</strong></span> <span class='ocrx_word' id='word_1_330' title='bbox 1406 2672 1462 2730; x_wconf 90' lang='lat' dir='ltr'><strong>in</strong></span> <span class='ocrx_word' id='word_1_331' title='bbox 1506 2692 1670 2746; x_wconf 87' lang='lat' dir='ltr'><strong>quem</strong></span> <span class='ocrx_word' id='word_1_332' title='bbox 1718 2692 1827 2730; x_wconf 91' lang='lat' dir='ltr'><strong>non</strong></span> <span class='ocrx_word' id='word_1_333' title='bbox 1863 2667 2010 2731; x_wconf 85' lang='lat' dir='ltr'><strong>cadit</strong></span> <span class='ocrx_word' id='word_1_334' title='bbox 2038 2677 2128 2731; x_wconf 91' lang='lat' dir='ltr'><strong>in-</strong></span> 
     </span>
    </p>
   </div>
   <div class='ocr_carea' id='block_1_45' title="bbox 547 2764 2129 2837">
    <p class='ocr_par' dir='ltr' id='par_1_45' title="bbox 547 2764 2129 2837">
     <span class='ocr_line' id='line_1_45' title="bbox 547 2764 2129 2837; baseline 0.003 -20"><span class='ocrx_word' id='word_1_335' title='bbox 547 2764 768 2827; x_wconf 85' lang='lat' dir='ltr'><strong>teritus.</strong></span> <span class='ocrx_word' id='word_1_336' title='bbox 817 2774 874 2820; x_wconf 89' lang='lat' dir='ltr'><strong>et</strong></span> <span class='ocrx_word' id='word_1_337' title='bbox 905 2766 1001 2834; x_wconf 87' lang='lat' dir='ltr'><strong>qui</strong></span> <span class='ocrx_word' id='word_1_338' title='bbox 1055 2766 1253 2820; x_wconf 85' lang='lat' dir='ltr'><strong>mutari</strong></span> <span class='ocrx_word' id='word_1_339' title='bbox 1290 2782 1399 2821; x_wconf 90' lang='lat' dir='ltr'><strong>non</strong></span> <span class='ocrx_word' id='word_1_340' title='bbox 1443 2775 1626 2837; x_wconf 90' lang='lat' dir='ltr'><strong>potest</strong></span> <span class='ocrx_word' id='word_1_341' title='bbox 1692 2777 1749 2822; x_wconf 91' lang='lat' dir='ltr'><strong>ct</strong></span> <span class='ocrx_word' id='word_1_342' title='bbox 1792 2768 2037 2833; x_wconf 79' lang='lat' dir='ltr'><strong>alterari,</strong></span> <span class='ocrx_word' id='word_1_343' title='bbox 2072 2775 2129 2821; x_wconf 85' lang='lat' dir='ltr'><strong>et</strong></span> 
     </span>
    </p>
   </div>
   <div class='ocr_carea' id='block_1_46' title="bbox 544 2853 2124 2930">
    <p class='ocr_par' dir='ltr' id='par_1_46' title="bbox 544 2853 2124 2930">
     <span class='ocr_line' id='line_1_46' title="bbox 544 2853 2124 2930; baseline 0.004 -21"><span class='ocrx_word' id='word_1_344' title='bbox 544 2856 642 2924; x_wconf 85' lang='lat' dir='ltr'><strong>qui</strong></span> <span class='ocrx_word' id='word_1_345' title='bbox 675 2865 761 2910; x_wconf 90' lang='lat' dir='ltr'><strong>est</strong></span> <span class='ocrx_word' id='word_1_346' title='bbox 790 2873 1007 2927; x_wconf 84' lang='lat' dir='ltr'><strong>semper</strong></span> <span class='ocrx_word' id='word_1_347' title='bbox 1032 2873 1156 2912; x_wconf 92' lang='lat' dir='ltr'><strong>cum</strong></span> <span class='ocrx_word' id='word_1_348' title='bbox 1192 2858 1352 2914; x_wconf 85' lang='lat' dir='ltr'><strong>Patre</strong></span> <span class='ocrx_word' id='word_1_349' title='bbox 1381 2868 1435 2913; x_wconf 89' lang='lat' dir='ltr'><strong>et</strong></span> <span class='ocrx_word' id='word_1_350' title='bbox 1466 2853 1702 2928; x_wconf 88' lang='lat' dir='ltr'><strong>Spiritu,</strong></span> <span class='ocrx_word' id='word_1_351' title='bbox 1744 2869 1800 2915; x_wconf 90' lang='lat' dir='ltr'><strong>et</strong></span> <span class='ocrx_word' id='word_1_352' title='bbox 1830 2854 1947 2930; x_wconf 90' lang='lat' dir='ltr'><strong>ipse</strong></span> <span class='ocrx_word' id='word_1_353' title='bbox 1997 2872 2124 2914; x_wconf 73' lang='grc' dir='ltr'><strong>οη]-</strong></span> 
     </span>
    </p>
   </div>
   <div class='ocr_carea' id='block_1_47' title="bbox 546 2946 2126 3021">
    <p class='ocr_par' dir='ltr' id='par_1_47' title="bbox 546 2946 2126 3021">
     <span class='ocr_line' id='line_1_47' title="bbox 546 2946 2126 3021; baseline 0.004 -21"><span class='ocrx_word' id='word_1_354' title='bbox 546 2946 638 3001; x_wconf 89' lang='lat' dir='ltr'><strong>nia</strong></span> <span class='ocrx_word' id='word_1_355' title='bbox 683 2948 967 3017; x_wconf 78' lang='lat' dir='ltr'><strong>produxit.</strong></span> <span class='ocrx_word' id='word_1_356' title='bbox 1001 2950 1249 3005; x_wconf 89' lang='lat' dir='ltr'><strong>Primum</strong></span> <span class='ocrx_word' id='word_1_357' title='bbox 1282 2948 1508 3017; x_wconf 83' lang='lat' dir='ltr'><strong>quidem</strong></span> <span class='ocrx_word' id='word_1_358' title='bbox 1561 2948 1846 3021; x_wconf 75' lang='lat' dir='ltr'><strong>angelicas</strong></span> <span class='ocrx_word' id='word_1_359' title='bbox 1881 2960 2126 3021; x_wconf 87' lang='lat' dir='ltr'><strong>potesta-</strong></span> 
     </span>
    </p>
   </div>
   <div class='ocr_carea' id='block_1_48' title="bbox 549 3039 2129 3107">
    <p class='ocr_par' dir='ltr' id='par_1_48' title="bbox 549 3039 2129 3107">
     <span class='ocr_line' id='line_1_48' title="bbox 549 3039 2129 3107; baseline 0.004 -14"><span class='ocrx_word' id='word_1_360' title='bbox 549 3045 635 3095; x_wconf 89' lang='lat' dir='ltr'><strong>tes</strong></span> <span class='ocrx_word' id='word_1_361' title='bbox 696 3040 986 3105; x_wconf 71' lang='lat' dir='ltr'><strong>cmlestcs;</strong></span> <span class='ocrx_word' id='word_1_362' title='bbox 1040 3039 1244 3096; x_wconf 89' lang='lat' dir='ltr'><strong>deinde</strong></span> <span class='ocrx_word' id='word_1_363' title='bbox 1299 3052 1483 3096; x_wconf 90' lang='lat' dir='ltr'><strong>autem</strong></span> <span class='ocrx_word' id='word_1_364' title='bbox 1532 3041 1683 3097; x_wconf 89' lang='lat' dir='ltr'><strong>hunc</strong></span> <span class='ocrx_word' id='word_1_365' title='bbox 1739 3042 2029 3107; x_wconf 90' lang='lat' dir='ltr'><strong>mundum,</strong></span> <span class='ocrx_word' id='word_1_366' title='bbox 2074 3048 2129 3099; x_wconf 84' lang='lat' dir='ltr'><strong>et</strong></span> 
     </span>
    </p>
   </div>
   <div class='ocr_carea' id='block_1_49' title="bbox 546 3149 2127 3226">
    <p class='ocr_par' dir='ltr' id='par_1_49' title="bbox 546 3149 2127 3226">
     <span class='ocr_line' id='line_1_49' title="bbox 546 3149 2127 3226; baseline 0.003 -17"><span class='ocrx_word' id='word_1_367' title='bbox 546 3165 888 3225; x_wconf 89' lang='lat' dir='ltr'><strong>postremum</strong></span> <span class='ocrx_word' id='word_1_368' title='bbox 926 3149 1200 3211; x_wconf 88' lang='lat' dir='ltr'><strong>inducens</strong></span> <span class='ocrx_word' id='word_1_369' title='bbox 1249 3156 1532 3211; x_wconf 89' lang='lat' dir='ltr'><strong>hominem</strong></span> <span class='ocrx_word' id='word_1_370' title='bbox 1569 3174 1583 3211; x_wconf 92' lang='lat'><strong>:</strong></span> <span class='ocrx_word' id='word_1_371' title='bbox 1619 3174 1781 3226; x_wconf 91' lang='lat' dir='ltr'><strong>quem</strong></span> <span class='ocrx_word' id='word_1_372' title='bbox 1827 3167 1882 3213; x_wconf 92' lang='lat' dir='ltr'><strong>ct</strong></span> <span class='ocrx_word' id='word_1_373' title='bbox 1933 3174 2127 3214; x_wconf 84' lang='lat' dir='ltr'><strong>manus</strong></span> 
     </span>
    </p>
   </div>
   <div class='ocr_carea' id='block_1_50' title="bbox 550 3247 2128 3316">
    <p class='ocr_par' dir='ltr' id='par_1_50' title="bbox 550 3247 2128 3316">
     <span class='ocr_line' id='line_1_50' title="bbox 550 3247 2128 3316; baseline 0.001 -14"><span class='ocrx_word' id='word_1_374' title='bbox 550 3261 663 3302; x_wconf 65' lang='lat' dir='ltr'><strong>suae</strong></span> <span class='ocrx_word' id='word_1_375' title='bbox 694 3256 858 3302; x_wconf 88' lang='lat' dir='ltr'><strong>ornat</strong></span> <span class='ocrx_word' id='word_1_376' title='bbox 905 3247 1206 3314; x_wconf 83' lang='lat' dir='ltr'><strong>cflictione,</strong></span> <span class='ocrx_word' id='word_1_377' title='bbox 1254 3255 1309 3300; x_wconf 80' lang='lat' dir='ltr'><strong>et</strong></span> <span class='ocrx_word' id='word_1_378' title='bbox 1356 3263 1540 3316; x_wconf 78' lang='lat' dir='ltr'><strong>regem</strong></span> <span class='ocrx_word' id='word_1_379' title='bbox 1602 3249 1891 3303; x_wconf 85' lang='lat' dir='ltr'><strong>constituit</strong></span> <span class='ocrx_word' id='word_1_380' title='bbox 1936 3265 2128 3305; x_wconf 90' lang='lat' dir='ltr'><strong>eorum</strong></span> 
     </span>
    </p>
   </div>
   <div class='ocr_carea' id='block_1_51' title="bbox 550 3340 2127 3409">
    <p class='ocr_par' dir='ltr' id='par_1_51' title="bbox 550 3340 2127 3409">
     <span class='ocr_line' id='line_1_51' title="bbox 550 3340 2127 3409; baseline 0.001 -16"><span class='ocrx_word' id='word_1_381' title='bbox 550 3355 676 3409; x_wconf 73' lang='lat' dir='ltr'><strong>qua:</strong></span> <span class='ocrx_word' id='word_1_382' title='bbox 725 3348 857 3395; x_wconf 89' lang='lat' dir='ltr'><strong>sunt</strong></span> <span class='ocrx_word' id='word_1_383' title='bbox 912 3340 968 3394; x_wconf 92' lang='lat' dir='ltr'><strong>in</strong></span> <span class='ocrx_word' id='word_1_384' title='bbox 1017 3348 1209 3394; x_wconf 87' lang='lat' dir='ltr'><strong>terra:</strong></span> <span class='ocrx_word' id='word_1_385' title='bbox 1244 3348 1300 3394; x_wconf 88' lang='lat' dir='ltr'><strong>et</strong></span> <span class='ocrx_word' id='word_1_386' title='bbox 1343 3355 1469 3394; x_wconf 89' lang='lat' dir='ltr'><strong>cum</strong></span> <span class='ocrx_word' id='word_1_387' title='bbox 1505 3356 1631 3395; x_wconf 88' lang='lat' dir='ltr'><strong>eum</strong></span> <span class='ocrx_word' id='word_1_388' title='bbox 1669 3340 1735 3394; x_wconf 85' lang='lat' dir='ltr'><strong>ad</strong></span> <span class='ocrx_word' id='word_1_389' title='bbox 1767 3340 2127 3395; x_wconf 84' lang='lat' dir='ltr'><strong>habitandum</strong></span> 
     </span>
    </p>
   </div>
   <div class='ocr_carea' id='block_1_52' title="bbox 2225 2120 3808 2197">
    <p class='ocr_par' dir='ltr' id='par_1_52' title="bbox 2225 2120 3808 2197">
     <span class='ocr_line' id='line_1_52' title="bbox 2225 2120 3808 2197; baseline -0.003 -17"><span class='ocrx_word' id='word_1_390' title='bbox 2225 2125 2287 2180; x_wconf 83' lang='grc' dir='ltr'>ὃν</span> <span class='ocrx_word' id='word_1_391' title='bbox 2321 2120 2483 2197; x_wconf 84' lang='grc' dir='ltr'>ὑμεῖς</span> <span class='ocrx_word' id='word_1_392' title='bbox 2529 2127 2924 2197; x_wconf 78' lang='grc' dir='ltr'><strong>βλασφημεῖτε,</strong></span> <span class='ocrx_word' id='word_1_393' title='bbox 2946 2126 3076 2190; x_wconf 86' lang='grc' dir='ltr'>Θεὸς</span> <span class='ocrx_word' id='word_1_394' title='bbox 3107 2125 3181 2179; x_wconf 83' lang='grc' dir='ltr'><strong>ὢν</strong></span> <span class='ocrx_word' id='word_1_395' title='bbox 3213 2125 3308 2178; x_wconf 88' lang='grc' dir='ltr'>ἀπ’</span> <span class='ocrx_word' id='word_1_396' title='bbox 3335 2126 3509 2196; x_wconf 82' lang='grc' dir='ltr'>ἀρχῆς</span> <span class='ocrx_word' id='word_1_397' title='bbox 3535 2124 3808 2195; x_wconf 81' lang='grc' dir='ltr'>ἄφθαρτός</span> 
     </span>
    </p>
   </div>
   <div class='ocr_carea' id='block_1_53' title="bbox 2229 2210 3811 2289">
    <p class='ocr_par' dir='ltr' id='par_1_53' title="bbox 2229 2210 3811 2289">
     <span class='ocr_line' id='line_1_53' title="bbox 2229 2210 3811 2289; baseline -0.003 -17"><span class='ocrx_word' id='word_1_398' title='bbox 2229 2235 2292 2272; x_wconf 89' lang='grc' dir='ltr'><strong>τε</strong></span> <span class='ocrx_word' id='word_1_399' title='bbox 2341 2220 2436 2272; x_wconf 84' lang='grc' dir='ltr'><strong>καὶ</strong></span> <span class='ocrx_word' id='word_1_400' title='bbox 2483 2210 2846 2283; x_wconf 74' lang='grc' dir='ltr'>ἀναλλοίωτος</span> <span class='ocrx_word' id='word_1_401' title='bbox 2880 2218 3081 2289; x_wconf 77' lang='grc' dir='ltr'>καὶτῷ</span> <span class='ocrx_word' id='word_1_402' title='bbox 3116 2218 3292 2289; x_wconf 80' lang='grc' dir='ltr'>Πατρὶ</span> <span class='ocrx_word' id='word_1_403' title='bbox 3323 2219 3690 2286; x_wconf 75' lang='grc' dir='ltr'>συννπάρχων</span> <span class='ocrx_word' id='word_1_404' title='bbox 3712 2213 3811 2268; x_wconf 76' lang='grc' dir='ltr'><strong>καὶ</strong></span> 
     </span>
    </p>
   </div>
   <div class='ocr_carea' id='block_1_54' title="bbox 2228 2301 3811 2379">
    <p class='ocr_par' dir='ltr' id='par_1_54' title="bbox 2228 2301 3811 2379">
     <span class='ocr_line' id='line_1_54' title="bbox 2228 2301 3811 2379; baseline -0.001 -19"><span class='ocrx_word' id='word_1_405' title='bbox 2228 2301 2537 2379; x_wconf 72' lang='grc' dir='ltr'>Πνεῦματι,</span> <span class='ocrx_word' id='word_1_406' title='bbox 2573 2310 2643 2363; x_wconf 76' lang='grc' dir='ltr'><strong>τά</strong></span> <span class='ocrx_word' id='word_1_407' title='bbox 2689 2310 2871 2364; x_wconf 87' lang='grc' dir='ltr'>πάντα</span> <span class='ocrx_word' id='word_1_408' title='bbox 2931 2310 3279 2379; x_wconf 79' lang='grc' dir='ltr'>παρήγαγεν,</span> <span class='ocrx_word' id='word_1_409' title='bbox 3310 2307 3623 2377; x_wconf 80' lang='grc' dir='ltr'>ὑποστήσας</span> <span class='ocrx_word' id='word_1_410' title='bbox 3657 2305 3811 2376; x_wconf 78' lang='grc' dir='ltr'>πρῶ·</span> 
     </span>
    </p>
   </div>
   <div class='ocr_carea' id='block_1_55' title="bbox 2226 2396 3812 2472">
    <p class='ocr_par' dir='ltr' id='par_1_55' title="bbox 2226 2396 3812 2472">
     <span class='ocr_line' id='line_1_55' title="bbox 2226 2396 3812 2472; baseline -0.001 -19"><span class='ocrx_word' id='word_1_411' title='bbox 2226 2418 2319 2454; x_wconf 88' lang='grc' dir='ltr'><strong>τον</strong></span> <span class='ocrx_word' id='word_1_412' title='bbox 2353 2401 2453 2470; x_wconf 83' lang='grc' dir='ltr'>μὲν</span> <span class='ocrx_word' id='word_1_413' title='bbox 2479 2402 2577 2464; x_wconf 80' lang='grc' dir='ltr'>τὰς</span> <span class='ocrx_word' id='word_1_414' title='bbox 2604 2400 2906 2469; x_wconf 80' lang='grc' dir='ltr'>ἀγγελικάς</span> <span class='ocrx_word' id='word_1_415' title='bbox 2944 2400 3206 2472; x_wconf 81' lang='grc' dir='ltr'>δυνάμεις</span> <span class='ocrx_word' id='word_1_416' title='bbox 3238 2399 3334 2454; x_wconf 81' lang='grc' dir='ltr'><strong>καὶ</strong></span> <span class='ocrx_word' id='word_1_417' title='bbox 3358 2398 3663 2468; x_wconf 78' lang='grc' dir='ltr'>οὐρανίους,</span> <span class='ocrx_word' id='word_1_418' title='bbox 3691 2396 3812 2452; x_wconf 76' lang='grc' dir='ltr'>εἶτα</span> 
     </span>
    </p>
   </div>
   <div class='ocr_carea' id='block_1_56' title="bbox 2226 2485 3815 2565">
    <p class='ocr_par' dir='ltr' id='par_1_56' title="bbox 2226 2485 3815 2565">
     <span class='ocr_line' id='line_1_56' title="bbox 2226 2485 3815 2565; baseline -0.003 -18"><span class='ocrx_word' id='word_1_419' title='bbox 2226 2485 2377 2548; x_wconf 81' lang='grc' dir='ltr'>τόνδε</span> <span class='ocrx_word' id='word_1_420' title='bbox 2418 2495 2509 2549; x_wconf 88' lang='grc' dir='ltr'><strong>τὸν</strong></span> <span class='ocrx_word' id='word_1_421' title='bbox 2535 2496 2814 2565; x_wconf 83' lang='grc' dir='ltr'>δρώμενον</span> <span class='ocrx_word' id='word_1_422' title='bbox 2839 2495 3068 2564; x_wconf 77' lang='grc' dir='ltr'>κόσμον,</span> <span class='ocrx_word' id='word_1_423' title='bbox 3106 2494 3203 2547; x_wconf 77' lang='grc' dir='ltr'><strong>καὶ</strong></span> <span class='ocrx_word' id='word_1_424' title='bbox 3238 2495 3548 2547; x_wconf 85' lang='grc' dir='ltr'>τελευταῖον</span> <span class='ocrx_word' id='word_1_425' title='bbox 3596 2495 3690 2546; x_wconf 86' lang='grc' dir='ltr'><strong>τὸν</strong></span> <span class='ocrx_word' id='word_1_426' title='bbox 3720 2493 3815 2547; x_wconf 57' lang='grc' dir='ltr'><strong>ἄνα</strong></span> 
     </span>
    </p>
   </div>
   <div class='ocr_carea' id='block_1_57' title="bbox 2230 2583 3848 2659">
    <p class='ocr_par' dir='ltr' id='par_1_57' title="bbox 2230 2583 3848 2659">
     <span class='ocr_line' id='line_1_57' title="bbox 2230 2583 3848 2659; baseline -0.003 -19"><span class='ocrx_word' id='word_1_427' title='bbox 2230 2587 2449 2659; x_wconf 85' lang='grc' dir='ltr'>θρωπον</span> <span class='ocrx_word' id='word_1_428' title='bbox 2477 2603 2491 2618; x_wconf 76' lang='grc' dir='ltr'><strong>ο</strong></span> <span class='ocrx_word' id='word_1_429' title='bbox 2524 2586 2583 2641; x_wconf 82' lang='grc' dir='ltr'>ὃν</span> <span class='ocrx_word' id='word_1_430' title='bbox 2612 2589 2706 2642; x_wconf 75' lang='grc' dir='ltr'><strong>καὶ</strong></span> <span class='ocrx_word' id='word_1_431' title='bbox 2744 2585 2907 2658; x_wconf 74' lang='grc' dir='ltr'>χερσὶ</span> <span class='ocrx_word' id='word_1_432' title='bbox 2957 2585 3284 2651; x_wconf 74' lang='grc' dir='ltr'>διαπλάσας,</span> <span class='ocrx_word' id='word_1_433' title='bbox 3317 2584 3542 2656; x_wconf 81' lang='grc' dir='ltr'>βασιλέα</span> <span class='ocrx_word' id='word_1_434' title='bbox 3568 2584 3675 2637; x_wconf 85' lang='grc' dir='ltr'><strong>τῶν</strong></span> <span class='ocrx_word' id='word_1_435' title='bbox 3718 2586 3811 2638; x_wconf 72' lang='grc' dir='ltr'><strong>ἐπὶ</strong></span> <span class='ocrx_word' id='word_1_436' title='bbox 3844 2583 3848 2587; x_wconf 47' lang='grc'><em>⁴</em></span> 
     </span>
    </p>
   </div>
   <div class='ocr_carea' id='block_1_58' title="bbox 2230 2678 3811 2751">
    <p class='ocr_par' dir='ltr' id='par_1_58' title="bbox 2230 2678 3811 2751">
     <span class='ocr_line' id='line_1_58' title="bbox 2230 2678 3811 2751; baseline -0.003 -17"><span class='ocrx_word' id='word_1_437' title='bbox 2230 2681 2333 2749; x_wconf 72' lang='grc' dir='ltr'>γῆς</span> <span class='ocrx_word' id='word_1_438' title='bbox 2397 2682 2692 2751; x_wconf 76' lang='grc' dir='ltr'>καθίστησι</span> <span class='ocrx_word' id='word_1_439' title='bbox 2745 2682 2843 2735; x_wconf 78' lang='grc' dir='ltr'><strong>καὶ</strong></span> <span class='ocrx_word' id='word_1_440' title='bbox 2911 2680 2989 2751; x_wconf 83' lang='grc' dir='ltr'>τῷ</span> <span class='ocrx_word' id='word_1_441' title='bbox 3048 2680 3367 2751; x_wconf 78' lang='grc' dir='ltr'>παραδείσῳ</span> <span class='ocrx_word' id='word_1_442' title='bbox 3419 2678 3811 2747; x_wconf 81' lang='grc' dir='ltr'>ὲγκατοικίσας</span> 
     </span>
    </p>
   </div>
   <div class='ocr_carea' id='block_1_59' title="bbox 2231 2766 3806 2844">
    <p class='ocr_par' dir='ltr' id='par_1_59' title="bbox 2231 2766 3806 2844">
     <span class='ocr_line' id='line_1_59' title="bbox 2231 2766 3806 2844; baseline -0.004 -18"><span class='ocrx_word' id='word_1_443' title='bbox 2231 2773 2447 2826; x_wconf 77' lang='grc' dir='ltr'>κελεύει</span> <span class='ocrx_word' id='word_1_444' title='bbox 2498 2774 2716 2827; x_wconf 85' lang='grc' dir='ltr'>πάντων</span> <span class='ocrx_word' id='word_1_445' title='bbox 2764 2766 2863 2844; x_wconf 68' lang='grc' dir='ltr'>μὲν</span> <span class='ocrx_word' id='word_1_446' title='bbox 2901 2772 3198 2826; x_wconf 80' lang='grc' dir='ltr'>ἀπολαύειν</span> <span class='ocrx_word' id='word_1_447' title='bbox 3238 2770 3347 2824; x_wconf 83' lang='grc' dir='ltr'><strong>τῶν</strong></span> <span class='ocrx_word' id='word_1_448' title='bbox 3392 2772 3571 2824; x_wconf 78' lang='grc' dir='ltr'>ἐκεῖσε</span> <span class='ocrx_word' id='word_1_449' title='bbox 3603 2769 3806 2840; x_wconf 77' lang='grc' dir='ltr'>φυτῶν,</span> 
     </span>
    </p>
   </div>
   <div class='ocr_carea' id='block_1_60' title="bbox 2232 2856 3810 2936">
    <p class='ocr_par' dir='ltr' id='par_1_60' title="bbox 2232 2856 3810 2936">
     <span class='ocr_line' id='line_1_60' title="bbox 2232 2856 3810 2936; baseline -0.004 -17"><span class='ocrx_word' id='word_1_450' title='bbox 2232 2867 2352 2929; x_wconf 81' lang='grc' dir='ltr'>ἑνὸς</span> <span class='ocrx_word' id='word_1_451' title='bbox 2402 2864 2460 2919; x_wconf 73' lang='grc' dir='ltr'>δὲ</span> <span class='ocrx_word' id='word_1_452' title='bbox 2518 2866 2679 2936; x_wconf 72' lang='grc' dir='ltr'>μόνου</span> <span class='ocrx_word' id='word_1_453' title='bbox 2741 2865 3070 2935; x_wconf 81' lang='grc' dir='ltr'>ἀπέχεσθαι,</span> <span class='ocrx_word' id='word_1_454' title='bbox 3126 2864 3399 2917; x_wconf 78' lang='grc' dir='ltr'>παιδεύων</span> <span class='ocrx_word' id='word_1_455' title='bbox 3456 2864 3619 2917; x_wconf 84' lang='grc' dir='ltr'>αὑτὸν</span> <span class='ocrx_word' id='word_1_456' title='bbox 3673 2856 3810 2934; x_wconf 81' lang='grc' dir='ltr'>πρὸς</span> 
     </span>
    </p>
   </div>
   <div class='ocr_carea' id='block_1_61' title="bbox 2232 2951 3811 3028">
    <p class='ocr_par' dir='ltr' id='par_1_61' title="bbox 2232 2951 3811 3028">
     <span class='ocr_line' id='line_1_61' title="bbox 2232 2951 3811 3028; baseline 0.003 -17"><span class='ocrx_word' id='word_1_457' title='bbox 2232 2958 2501 3028; x_wconf 78' lang='grc' dir='ltr'>ὑπακοήν.</span> <span class='ocrx_word' id='word_1_458' title='bbox 2545 2958 2685 3011; x_wconf 75' lang='grc' dir='ltr'><strong>Ἀλλ’</strong></span> <span class='ocrx_word' id='word_1_459' title='bbox 2707 2951 2786 3020; x_wconf 72' lang='grc' dir='ltr'>εἷς</span> <span class='ocrx_word' id='word_1_460' title='bbox 2815 2958 2926 3010; x_wconf 85' lang='grc' dir='ltr'>τῶν</span> <span class='ocrx_word' id='word_1_461' title='bbox 2943 2958 3322 3028; x_wconf 80' lang='grc' dir='ltr'>άρχαγγέλων,</span> <span class='ocrx_word' id='word_1_462' title='bbox 3356 2957 3455 3027; x_wconf 79' lang='grc' dir='ltr'><strong>τῆς</strong></span> <span class='ocrx_word' id='word_1_463' title='bbox 3485 2955 3637 3019; x_wconf 81' lang='grc' dir='ltr'>θείας</span> <span class='ocrx_word' id='word_1_464' title='bbox 3654 2956 3811 3024; x_wconf 72' lang='grc' dir='ltr'>δόξης</span> 
     </span>
    </p>
   </div>
   <div class='ocr_carea' id='block_1_62' title="bbox 2231 3045 3807 3121">
    <p class='ocr_par' dir='ltr' id='par_1_62' title="bbox 2231 3045 3807 3121">
     <span class='ocr_line' id='line_1_62' title="bbox 2231 3045 3807 3121; baseline -0.003 -18"><span class='ocrx_word' id='word_1_465' title='bbox 2231 3051 2299 3104; x_wconf 80' lang='grc' dir='ltr'>δι’</span> <span class='ocrx_word' id='word_1_466' title='bbox 2333 3051 2603 3121; x_wconf 73' lang='grc' dir='ltr'>ἔπαρσιν,</span> <span class='ocrx_word' id='word_1_467' title='bbox 2630 3051 2750 3120; x_wconf 83' lang='grc' dir='ltr'>μεθ’</span> <span class='ocrx_word' id='word_1_468' title='bbox 2785 3045 2844 3104; x_wconf 73' lang='grc' dir='ltr'>οὗ</span> <span class='ocrx_word' id='word_1_469' title='bbox 2879 3052 3169 3104; x_wconf 74' lang='grc' dir='ltr'>ἐπεστάτει</span> <span class='ocrx_word' id='word_1_470' title='bbox 3199 3052 3484 3119; x_wconf 75' lang='grc' dir='ltr'>τάγματος</span> <span class='ocrx_word' id='word_1_471' title='bbox 3533 3046 3807 3114; x_wconf 63' lang='grc' dir='ltr'>ἐκπεσὼν,</span> 
     </span>
    </p>
   </div>
   <div class='ocr_carea' id='block_1_63' title="bbox 2231 3140 3805 3215">
    <p class='ocr_par' dir='ltr' id='par_1_63' title="bbox 2231 3140 3805 3215">
     <span class='ocr_line' id='line_1_63' title="bbox 2231 3140 3805 3215; baseline -0.003 -19"><span class='ocrx_word' id='word_1_472' title='bbox 2231 3145 2335 3197; x_wconf 83' lang='grc' dir='ltr'><strong>οὑκ</strong></span> <span class='ocrx_word' id='word_1_473' title='bbox 2384 3143 2582 3213; x_wconf 81' lang='grc' dir='ltr'>ἔφερεν</span> <span class='ocrx_word' id='word_1_474' title='bbox 2631 3145 2763 3215; x_wconf 75' lang='grc' dir='ltr'>ὁρᾷν</span> <span class='ocrx_word' id='word_1_475' title='bbox 2807 3143 2898 3196; x_wconf 80' lang='grc' dir='ltr'><strong>τὸν</strong></span> <span class='ocrx_word' id='word_1_476' title='bbox 2955 3143 3243 3213; x_wconf 81' lang='grc' dir='ltr'>ἄνθρωπον</span> <span class='ocrx_word' id='word_1_477' title='bbox 3277 3143 3624 3213; x_wconf 76' lang='grc' dir='ltr'>ᾠκειωμένον</span> <span class='ocrx_word' id='word_1_478' title='bbox 3666 3140 3805 3209; x_wconf 69' lang='grc' dir='ltr'>Θεῷ.</span> 
     </span>
    </p>
   </div>
   <div class='ocr_carea' id='block_1_64' title="bbox 2236 3232 3807 3307">
    <p class='ocr_par' dir='ltr' id='par_1_64' title="bbox 2236 3232 3807 3307">
     <span class='ocr_line' id='line_1_64' title="bbox 2236 3232 3807 3307; baseline 0 -20"><span class='ocrx_word' id='word_1_479' title='bbox 2236 3235 2401 3288; x_wconf 86' lang='grc' dir='ltr'>Ὅθεν</span> <span class='ocrx_word' id='word_1_480' title='bbox 2435 3237 2646 3289; x_wconf 77' lang='grc' dir='ltr'>ἐλπίσιν</span> <span class='ocrx_word' id='word_1_481' title='bbox 2678 3237 2995 3307; x_wconf 78' lang='grc' dir='ltr'>ἀπατηλαῖς</span> <span class='ocrx_word' id='word_1_482' title='bbox 3044 3239 3137 3291; x_wconf 70' lang='grc' dir='ltr'>καὶ</span> <span class='ocrx_word' id='word_1_483' title='bbox 3185 3232 3229 3306; x_wconf 81' lang='grc' dir='ltr'>ᾧ</span> <span class='ocrx_word' id='word_1_484' title='bbox 3275 3238 3435 3301; x_wconf 84' lang='grc' dir='ltr'>αὑτὸς</span> <span class='ocrx_word' id='word_1_485' title='bbox 3479 3238 3807 3291; x_wconf 54' lang='grc' dir='ltr'>ὲκπέπτωγε</span> 
     </span>
    </p>
   </div>
   <div class='ocr_carea' id='block_1_65' title="bbox 2231 3320 3811 3399">
    <p class='ocr_par' dir='ltr' id='par_1_65' title="bbox 2231 3320 3811 3399">
     <span class='ocr_line' id='line_1_65' title="bbox 2231 3320 3811 3399; baseline 0.001 -20"><span class='ocrx_word' id='word_1_486' title='bbox 2231 3326 2421 3398; x_wconf 79' lang='grc' dir='ltr'>τρόπῳ</span> <span class='ocrx_word' id='word_1_487' title='bbox 2450 3327 2547 3392; x_wconf 81' lang='grc' dir='ltr'>τῆς</span> <span class='ocrx_word' id='word_1_488' title='bbox 2582 3328 2732 3392; x_wconf 84' lang='grc' dir='ltr'>θείας</span> <span class='ocrx_word' id='word_1_489' title='bbox 2758 3320 2917 3398; x_wconf 76' lang='grc' dir='ltr'>δόξης</span> <span class='ocrx_word' id='word_1_490' title='bbox 2950 3332 3283 3399; x_wconf 78' lang='grc' dir='ltr'>άπογυμνοῖ,</span> <span class='ocrx_word' id='word_1_491' title='bbox 3336 3331 3430 3381; x_wconf 73' lang='grc' dir='ltr'>καὶ</span> <span class='ocrx_word' id='word_1_492' title='bbox 3481 3328 3575 3381; x_wconf 86' lang='grc' dir='ltr'><strong>τοῦ</strong></span> <span class='ocrx_word' id='word_1_493' title='bbox 3631 3346 3811 3398; x_wconf 69' lang='grc' dir='ltr'>παραδ-</span> 
     </span>
    </p>
   </div>
   <div class='ocr_carea' id='block_1_66' title="bbox 556 3418 2124 3496">
    <p class='ocr_par' dir='ltr' id='par_1_66' title="bbox 556 3427 2124 3496">
     <span class='ocr_line' id='line_1_66' title="bbox 556 3427 2124 3496; baseline 0.001 -13"><span class='ocrx_word' id='word_1_494' title='bbox 556 3427 793 3483; x_wconf 84' lang='lat' dir='ltr'><strong>locasset</strong></span> <span class='ocrx_word' id='word_1_495' title='bbox 826 3429 882 3482; x_wconf 90' lang='lat' dir='ltr'><strong>in</strong></span> <span class='ocrx_word' id='word_1_496' title='bbox 930 3430 1208 3496; x_wconf 83' lang='lat' dir='ltr'><strong>paradiso,</strong></span> <span class='ocrx_word' id='word_1_497' title='bbox 1240 3429 1335 3483; x_wconf 89' lang='lat' dir='ltr'><strong>dat</strong></span> <span class='ocrx_word' id='word_1_498' title='bbox 1369 3430 1421 3484; x_wconf 91' lang='lat' dir='ltr'><strong>ei</strong></span> <span class='ocrx_word' id='word_1_499' title='bbox 1454 3431 1793 3493; x_wconf 87' lang='lat' dir='ltr'><strong>mandatum.</strong></span> <span class='ocrx_word' id='word_1_500' title='bbox 1830 3441 1892 3486; x_wconf 91' lang='lat' dir='ltr'><strong>ut</strong></span> <span class='ocrx_word' id='word_1_501' title='bbox 1914 3433 2124 3486; x_wconf 83' lang='lat' dir='ltr'><strong>fruatur</strong></span> 
     </span>
    </p>
   </div>
   <div class='ocr_carea' id='block_1_67' title="bbox 2225 3418 3806 3496">
    <p class='ocr_par' dir='ltr' id='par_1_67' title="bbox 2232 3418 3806 3492">
     <span class='ocr_line' id='line_1_67' title="bbox 2232 3418 3806 3492; baseline -0.001 -21"><span class='ocrx_word' id='word_1_502' title='bbox 2232 3418 2410 3472; x_wconf 88' lang='grc' dir='ltr'>δείσου</span> <span class='ocrx_word' id='word_1_503' title='bbox 2446 3420 2541 3473; x_wconf 58' lang='grc' dir='ltr'><strong>καί⁵</strong></span> <span class='ocrx_word' id='word_1_504' title='bbox 2573 3419 2676 3489; x_wconf 83' lang='grc' dir='ltr'>τῆς</span> <span class='ocrx_word' id='word_1_505' title='bbox 2705 3420 3008 3485; x_wconf 75' lang='grc' dir='ltr'>ἀθανασίας</span> <span class='ocrx_word' id='word_1_506' title='bbox 3044 3421 3344 3492; x_wconf 86' lang='grc' dir='ltr'>ἀλλοτριοῖ,</span> <span class='ocrx_word' id='word_1_507' title='bbox 3384 3419 3681 3473; x_wconf 75' lang='grc' dir='ltr'>κάντεῦθεν</span> <span class='ocrx_word' id='word_1_508' title='bbox 3743 3419 3806 3471; x_wconf 69' lang='grc' dir='ltr'>οὐ</span> 
     </span>
    </p>
   </div>
   <div class='ocr_carea' id='block_1_68' title="bbox 551 3519 2132 3590">
    <p class='ocr_par' dir='ltr' id='par_1_68' title="bbox 551 3519 2132 3590">
     <span class='ocr_line' id='line_1_68' title="bbox 551 3519 2132 3590; baseline 0.003 -17"><span class='ocrx_word' id='word_1_509' title='bbox 551 3519 776 3589; x_wconf 88' lang='lat' dir='ltr'><strong>quidem</strong></span> <span class='ocrx_word' id='word_1_510' title='bbox 823 3520 1081 3574; x_wconf 91' lang='lat' dir='ltr'><strong>omnibus</strong></span> <span class='ocrx_word' id='word_1_511' title='bbox 1131 3534 1253 3590; x_wconf 65' lang='lat' dir='ltr'><strong>quae</strong></span> <span class='ocrx_word' id='word_1_512' title='bbox 1312 3522 1369 3576; x_wconf 94' lang='lat' dir='ltr'><strong>in</strong></span> <span class='ocrx_word' id='word_1_513' title='bbox 1419 3537 1487 3577; x_wconf 92' lang='lat' dir='ltr'><strong>eo</strong></span> <span class='ocrx_word' id='word_1_514' title='bbox 1545 3533 1674 3577; x_wconf 86' lang='lat' dir='ltr'><strong>sunt</strong></span> <span class='ocrx_word' id='word_1_515' title='bbox 1714 3523 2030 3589; x_wconf 87' lang='lat' dir='ltr'><strong>arboribus,</strong></span> <span class='ocrx_word' id='word_1_516' title='bbox 2062 3523 2132 3579; x_wconf 90' lang='lat' dir='ltr'><strong>ab</strong></span> 
     </span>
    </p>
   </div>
   <div class='ocr_carea' id='block_1_69' title="bbox 552 3610 2132 3674">
    <p class='ocr_par' dir='ltr' id='par_1_69' title="bbox 552 3610 2132 3674">
     <span class='ocr_line' id='line_1_69' title="bbox 552 3610 2132 3674; baseline 0.003 -11"><span class='ocrx_word' id='word_1_517' title='bbox 552 3624 664 3664; x_wconf 87' lang='lat' dir='ltr'><strong>una</strong></span> <span class='ocrx_word' id='word_1_518' title='bbox 697 3621 886 3666; x_wconf 87' lang='lat' dir='ltr'><strong>autem</strong></span> <span class='ocrx_word' id='word_1_519' title='bbox 919 3610 1035 3664; x_wconf 85' lang='lat' dir='ltr'><strong>sola</strong></span> <span class='ocrx_word' id='word_1_520' title='bbox 1069 3610 1367 3674; x_wconf 89' lang='lat' dir='ltr'><strong>abstineat,</strong></span> <span class='ocrx_word' id='word_1_521' title='bbox 1395 3627 1523 3666; x_wconf 86' lang='lat' dir='ltr'><strong>eum</strong></span> <span class='ocrx_word' id='word_1_522' title='bbox 1568 3615 1832 3669; x_wconf 83' lang='lat' dir='ltr'><strong>erudiens</strong></span> <span class='ocrx_word' id='word_1_523' title='bbox 1876 3613 1943 3668; x_wconf 90' lang='lat' dir='ltr'><strong>ad</strong></span> <span class='ocrx_word' id='word_1_524' title='bbox 1996 3613 2132 3669; x_wconf 84' lang='lat' dir='ltr'><strong>obe-</strong></span> 
     </span>
    </p>
   </div>
   <div class='ocr_carea' id='block_1_70' title="bbox 553 3701 2128 3773">
    <p class='ocr_par' dir='ltr' id='par_1_70' title="bbox 553 3701 2128 3773">
     <span class='ocr_line' id='line_1_70' title="bbox 553 3701 2128 3773; baseline 0.003 -16"><span class='ocrx_word' id='word_1_525' title='bbox 553 3701 840 3764; x_wconf 88' lang='lat' dir='ltr'><strong>dientiam,</strong></span> <span class='ocrx_word' id='word_1_526' title='bbox 869 3710 926 3756; x_wconf 92' lang='lat' dir='ltr'><strong>et</strong></span> <span class='ocrx_word' id='word_1_527' title='bbox 952 3701 1157 3773; x_wconf 83' lang='lat' dir='ltr'><strong>majora</strong></span> <span class='ocrx_word' id='word_1_528' title='bbox 1206 3717 1514 3773; x_wconf 84' lang='lat' dir='ltr'><strong>procurans</strong></span> <span class='ocrx_word' id='word_1_529' title='bbox 1540 3719 1638 3773; x_wconf 90' lang='lat' dir='ltr'><strong>per</strong></span> <span class='ocrx_word' id='word_1_530' title='bbox 1665 3704 2128 3762; x_wconf 81' lang='lat' dir='ltr'><strong>observationem.</strong></span> 
     </span>
    </p>
   </div>
   <div class='ocr_carea' id='block_1_71' title="bbox 557 3791 2132 3866">
    <p class='ocr_par' dir='ltr' id='par_1_71' title="bbox 557 3791 2132 3866">
     <span class='ocr_line' id='line_1_71' title="bbox 557 3791 2132 3866; baseline 0.001 -17"><span class='ocrx_word' id='word_1_531' title='bbox 557 3791 663 3849; x_wconf 88' lang='lat' dir='ltr'><strong>Sed</strong></span> <span class='ocrx_word' id='word_1_532' title='bbox 694 3809 838 3847; x_wconf 89' lang='lat' dir='ltr'><strong>unus</strong></span> <span class='ocrx_word' id='word_1_533' title='bbox 873 3794 964 3849; x_wconf 91' lang='lat' dir='ltr'><strong>cui</strong></span> <span class='ocrx_word' id='word_1_534' title='bbox 1006 3793 1281 3865; x_wconf 79' lang='lat' dir='ltr'><strong>obtigerat</strong></span> <span class='ocrx_word' id='word_1_535' title='bbox 1314 3794 1605 3865; x_wconf 79' lang='lat' dir='ltr'><strong>imperium</strong></span> <span class='ocrx_word' id='word_1_536' title='bbox 1651 3797 1705 3849; x_wconf 91' lang='lat' dir='ltr'><strong>in</strong></span> <span class='ocrx_word' id='word_1_537' title='bbox 1735 3796 2011 3866; x_wconf 79' lang='lat' dir='ltr'><strong>angelicos</strong></span> <span class='ocrx_word' id='word_1_538' title='bbox 2038 3814 2132 3853; x_wconf 87' lang='lat' dir='ltr'><strong>or-</strong></span> 
     </span>
    </p>
   </div>
   <div class='ocr_carea' id='block_1_72' title="bbox 550 3885 2134 3958">
    <p class='ocr_par' dir='ltr' id='par_1_72' title="bbox 550 3885 2134 3958">
     <span class='ocr_line' id='line_1_72' title="bbox 550 3885 2134 3958; baseline 0.001 -18"><span class='ocrx_word' id='word_1_539' title='bbox 550 3885 713 3941; x_wconf 89' lang='lat' dir='ltr'><strong>dines</strong></span> <span class='ocrx_word' id='word_1_540' title='bbox 736 3927 750 3950; x_wconf 97' lang='lat'><strong>,</strong></span> <span class='ocrx_word' id='word_1_541' title='bbox 786 3886 854 3940; x_wconf 93' lang='lat' dir='ltr'><strong>ad</strong></span> <span class='ocrx_word' id='word_1_542' title='bbox 888 3886 1086 3941; x_wconf 82' lang='lat' dir='ltr'><strong>vitium</strong></span> <span class='ocrx_word' id='word_1_543' title='bbox 1140 3886 1436 3957; x_wconf 89' lang='lat' dir='ltr'><strong>impulsus,</strong></span> <span class='ocrx_word' id='word_1_544' title='bbox 1476 3895 1531 3942; x_wconf 90' lang='lat' dir='ltr'><strong>et</strong></span> <span class='ocrx_word' id='word_1_545' title='bbox 1562 3886 1747 3941; x_wconf 86' lang='lat' dir='ltr'><strong>divina</strong></span> <span class='ocrx_word' id='word_1_546' title='bbox 1783 3888 1975 3958; x_wconf 75' lang='lat' dir='ltr'><strong>gloria,</strong></span> <span class='ocrx_word' id='word_1_547' title='bbox 2006 3904 2134 3958; x_wconf 92' lang='lat' dir='ltr'><strong>pro-</strong></span> 
     </span>
    </p>
   </div>
   <div class='ocr_carea' id='block_1_73' title="bbox 550 3976 2130 4047">
    <p class='ocr_par' dir='ltr' id='par_1_73' title="bbox 550 3976 2130 4047">
     <span class='ocr_line' id='line_1_73' title="bbox 550 3976 2130 4047; baseline 0.003 -18"><span class='ocrx_word' id='word_1_548' title='bbox 550 3984 677 4046; x_wconf 88' lang='lat' dir='ltr'><strong>pter</strong></span> <span class='ocrx_word' id='word_1_549' title='bbox 732 3976 1058 4042; x_wconf 89' lang='lat' dir='ltr'><strong>elationem,</strong></span> <span class='ocrx_word' id='word_1_550' title='bbox 1119 3991 1245 4031; x_wconf 89' lang='lat' dir='ltr'><strong>cum</strong></span> <span class='ocrx_word' id='word_1_551' title='bbox 1300 3991 1368 4032; x_wconf 92' lang='lat' dir='ltr'><strong>eo</strong></span> <span class='ocrx_word' id='word_1_552' title='bbox 1423 3977 1621 4031; x_wconf 88' lang='lat' dir='ltr'><strong>ordine</strong></span> <span class='ocrx_word' id='word_1_553' title='bbox 1660 3977 1750 4032; x_wconf 89' lang='lat' dir='ltr'><strong>cui</strong></span> <span class='ocrx_word' id='word_1_554' title='bbox 1804 3978 2130 4047; x_wconf 80' lang='lat' dir='ltr'><strong>imperabat,</strong></span> 
     </span>
    </p>
   </div>
   <div class='ocr_carea' id='block_1_74' title="bbox 550 4067 2132 4138">
    <p class='ocr_par' dir='ltr' id='par_1_74' title="bbox 550 4067 2132 4138">
     <span class='ocr_line' id='line_1_74' title="bbox 550 4067 2132 4138; baseline 0.004 -19"><span class='ocrx_word' id='word_1_555' title='bbox 550 4069 805 4137; x_wconf 87' lang='lat' dir='ltr'><strong>privatus</strong></span> <span class='ocrx_word' id='word_1_556' title='bbox 843 4104 859 4129; x_wconf 91' lang='lat'><strong>,</strong></span> <span class='ocrx_word' id='word_1_557' title='bbox 916 4082 1028 4121; x_wconf 91' lang='lat' dir='ltr'><strong>non</strong></span> <span class='ocrx_word' id='word_1_558' title='bbox 1082 4067 1396 4138; x_wconf 82' lang='lat' dir='ltr'><strong>patiebatur</strong></span> <span class='ocrx_word' id='word_1_559' title='bbox 1441 4068 1720 4122; x_wconf 87' lang='lat' dir='ltr'><strong>hominem</strong></span> <span class='ocrx_word' id='word_1_560' title='bbox 1784 4068 1973 4123; x_wconf 81' lang='lat' dir='ltr'><strong>videre</strong></span> <span class='ocrx_word' id='word_1_561' title='bbox 2022 4070 2132 4125; x_wconf 87' lang='lat' dir='ltr'><strong>Deo</strong></span> 
     </span>
    </p>
   </div>
   <div class='ocr_carea' id='block_1_75' title="bbox 555 4157 2132 4231">
    <p class='ocr_par' dir='ltr' id='par_1_75' title="bbox 555 4157 2132 4231">
     <span class='ocr_line' id='line_1_75' title="bbox 555 4157 2132 4231; baseline 0.001 -15"><span class='ocrx_word' id='word_1_562' title='bbox 555 4175 680 4218; x_wconf 88' lang='lat' dir='ltr'><strong>esse</strong></span> <span class='ocrx_word' id='word_1_563' title='bbox 719 4161 1103 4231; x_wconf 74' lang='lat' dir='ltr'><strong>coniunctum,</strong></span> <span class='ocrx_word' id='word_1_564' title='bbox 1134 4167 1191 4215; x_wconf 90' lang='lat' dir='ltr'><strong>et</strong></span> <span class='ocrx_word' id='word_1_565' title='bbox 1235 4160 1302 4215; x_wconf 85' lang='lat' dir='ltr'><strong>ad</strong></span> <span class='ocrx_word' id='word_1_566' title='bbox 1349 4162 1549 4215; x_wconf 70' lang='lat' dir='ltr'><strong>cmlum</strong></span> <span class='ocrx_word' id='word_1_567' title='bbox 1589 4160 1731 4215; x_wconf 89' lang='lat' dir='ltr'><strong>unde</strong></span> <span class='ocrx_word' id='word_1_568' title='bbox 1770 4160 1885 4231; x_wconf 89' lang='lat' dir='ltr'><strong>ipse</strong></span> <span class='ocrx_word' id='word_1_569' title='bbox 1917 4157 2132 4218; x_wconf 85' lang='lat' dir='ltr'><strong>cecide-</strong></span> 
     </span>
    </p>
   </div>
   <div class='ocr_carea' id='block_1_76' title="bbox 556 4253 2132 4326">
    <p class='ocr_par' dir='ltr' id='par_1_76' title="bbox 556 4253 2132 4326">
     <span class='ocr_line' id='line_1_76' title="bbox 556 4253 2132 4326; baseline 0.003 -18"><span class='ocrx_word' id='word_1_570' title='bbox 556 4263 640 4308; x_wconf 88' lang='lat' dir='ltr'><strong>rat</strong></span> <span class='ocrx_word' id='word_1_571' title='bbox 688 4254 874 4309; x_wconf 89' lang='lat' dir='ltr'><strong>evehl.</strong></span> <span class='ocrx_word' id='word_1_572' title='bbox 911 4254 1068 4310; x_wconf 89' lang='lat' dir='ltr'><strong>Unde</strong></span> <span class='ocrx_word' id='word_1_573' title='bbox 1101 4254 1269 4309; x_wconf 90' lang='lat' dir='ltr'><strong>etiam</strong></span> <span class='ocrx_word' id='word_1_574' title='bbox 1324 4253 1513 4308; x_wconf 88' lang='lat' dir='ltr'><strong>invido</strong></span> <span class='ocrx_word' id='word_1_575' title='bbox 1578 4254 1632 4308; x_wconf 92' lang='lat' dir='ltr'><strong>in</strong></span> <span class='ocrx_word' id='word_1_576' title='bbox 1690 4269 1818 4309; x_wconf 88' lang='lat' dir='ltr'><strong>eum</strong></span> <span class='ocrx_word' id='word_1_577' title='bbox 1882 4256 2132 4326; x_wconf 80' lang='lat' dir='ltr'><strong>conjecto</strong></span> 
     </span>
    </p>
   </div>
   <div class='ocr_carea' id='block_1_77' title="bbox 2234 3502 3809 3583">
    <p class='ocr_par' dir='ltr' id='par_1_77' title="bbox 2234 3502 3809 3583">
     <span class='ocr_line' id='line_1_77' title="bbox 2234 3502 3809 3583; baseline -0.001 -19"><span class='ocrx_word' id='word_1_578' title='bbox 2234 3508 2471 3566; x_wconf 80' lang='grc' dir='ltr'>διέλιπεν</span> <span class='ocrx_word' id='word_1_579' title='bbox 2497 3502 2652 3575; x_wconf 75' lang='grc' dir='ltr'>οὗτος</span> <span class='ocrx_word' id='word_1_580' title='bbox 2699 3515 2801 3582; x_wconf 81' lang='grc' dir='ltr'><strong>τὴν</strong></span> <span class='ocrx_word' id='word_1_581' title='bbox 2839 3514 2948 3566; x_wconf 85' lang='grc' dir='ltr'><strong>τῶν</strong></span> <span class='ocrx_word' id='word_1_582' title='bbox 2994 3506 3301 3583; x_wconf 84' lang='grc' dir='ltr'>ἀνθρώπων</span> <span class='ocrx_word' id='word_1_583' title='bbox 3348 3513 3511 3583; x_wconf 76' lang='grc' dir='ltr'>φύσιν</span> <span class='ocrx_word' id='word_1_584' title='bbox 3545 3504 3809 3574; x_wconf 71' lang='grc' dir='ltr'>ποικίλοις</span> 
     </span>
    </p>
   </div>
   <div class='ocr_carea' id='block_1_78' title="bbox 2237 3597 3811 3677">
    <p class='ocr_par' dir='ltr' id='par_1_78' title="bbox 2237 3597 3811 3677">
     <span class='ocr_line' id='line_1_78' title="bbox 2237 3597 3811 3677; baseline 0 -20"><span class='ocrx_word' id='word_1_585' title='bbox 2237 3605 2582 3676; x_wconf 76' lang='grc' dir='ltr'>περιϐάλλων</span> <span class='ocrx_word' id='word_1_586' title='bbox 2614 3608 2826 3670; x_wconf 78' lang='grc' dir='ltr'>κακοῖς,</span> <span class='ocrx_word' id='word_1_587' title='bbox 2859 3597 2934 3669; x_wconf 81' lang='grc' dir='ltr'><strong>ὡς</strong></span> <span class='ocrx_word' id='word_1_588' title='bbox 2963 3607 3275 3677; x_wconf 79' lang='grc' dir='ltr'>ἀποστῆσαι</span> <span class='ocrx_word' id='word_1_589' title='bbox 3308 3606 3410 3677; x_wconf 77' lang='grc' dir='ltr'>μὲν</span> <span class='ocrx_word' id='word_1_590' title='bbox 3440 3606 3537 3660; x_wconf 86' lang='grc' dir='ltr'><strong>τοῦ</strong></span> <span class='ocrx_word' id='word_1_591' title='bbox 3579 3621 3811 3673; x_wconf 77' lang='grc' dir='ltr'>πεποιη-</span> 
     </span>
    </p>
   </div>
   <div class='ocr_carea' id='block_1_79' title="bbox 2235 3688 3808 3768">
    <p class='ocr_par' dir='ltr' id='par_1_79' title="bbox 2235 3688 3808 3768">
     <span class='ocr_line' id='line_1_79' title="bbox 2235 3688 3808 3768; baseline -0.001 -18"><span class='ocrx_word' id='word_1_592' title='bbox 2235 3697 2392 3760; x_wconf 77' lang='grc' dir='ltr'>κότος</span> <span class='ocrx_word' id='word_1_593' title='bbox 2422 3690 2582 3762; x_wconf 85' lang='grc' dir='ltr'>Θεοῦ,</span> <span class='ocrx_word' id='word_1_594' title='bbox 2631 3699 2707 3760; x_wconf 83' lang='grc' dir='ltr'><strong>είς</strong></span> <span class='ocrx_word' id='word_1_595' title='bbox 2749 3688 2943 3750; x_wconf 79' lang='grc' dir='ltr'>εἴδωλα</span> <span class='ocrx_word' id='word_1_596' title='bbox 2990 3694 3047 3751; x_wconf 75' lang='grc' dir='ltr'>δὲ</span> <span class='ocrx_word' id='word_1_597' title='bbox 3097 3701 3434 3766; x_wconf 79' lang='grc' dir='ltr'>καταγαγεῖν</span> <span class='ocrx_word' id='word_1_598' title='bbox 3480 3700 3575 3751; x_wconf 73' lang='grc' dir='ltr'><strong>καὶ</strong></span> <span class='ocrx_word' id='word_1_599' title='bbox 3607 3699 3808 3768; x_wconf 75' lang='grc' dir='ltr'>χειρῶν</span> 
     </span>
    </p>
   </div>
   <div class='ocr_carea' id='block_1_80' title="bbox 2236 3781 3803 3858">
    <p class='ocr_par' dir='ltr' id='par_1_80' title="bbox 2236 3781 3803 3858">
     <span class='ocr_line' id='line_1_80' title="bbox 2236 3781 3803 3858; baseline 0.001 -20"><span class='ocrx_word' id='word_1_600' title='bbox 2236 3788 2554 3858; x_wconf 82' lang='grc' dir='ltr'>πλάσματα.</span> <span class='ocrx_word' id='word_1_601' title='bbox 2586 3789 2750 3842; x_wconf 86' lang='grc' dir='ltr'>Ὅθεν</span> <span class='ocrx_word' id='word_1_602' title='bbox 2774 3781 2869 3840; x_wconf 61' lang='grc' dir='ltr'><strong>καλ¹</strong></span> <span class='ocrx_word' id='word_1_603' title='bbox 2895 3787 3061 3856; x_wconf 85' lang='grc' dir='ltr'>νόμος</span> <span class='ocrx_word' id='word_1_604' title='bbox 3092 3789 3228 3857; x_wconf 87' lang='grc' dir='ltr'>πρὸς</span> <span class='ocrx_word' id='word_1_605' title='bbox 3260 3785 3550 3858; x_wconf 85' lang='grc' dir='ltr'>διόρθωσιν</span> <span class='ocrx_word' id='word_1_606' title='bbox 3577 3788 3803 3849; x_wconf 84' lang='grc' dir='ltr'>δίδοται,</span> 
     </span>
    </p>
   </div>
   <div class='ocr_carea' id='block_1_81' title="bbox 2235 3870 3808 3950">
    <p class='ocr_par' dir='ltr' id='par_1_81' title="bbox 2235 3870 3808 3950">
     <span class='ocr_line' id='line_1_81' title="bbox 2235 3870 3808 3950; baseline -0.001 -17"><span class='ocrx_word' id='word_1_607' title='bbox 2235 3883 2327 3937; x_wconf 85' lang='grc' dir='ltr'><strong>καί</strong></span> <span class='ocrx_word' id='word_1_608' title='bbox 2346 3879 2623 3950; x_wconf 75' lang='grc' dir='ltr'>προφῆται</span> <span class='ocrx_word' id='word_1_609' title='bbox 2652 3878 2906 3950; x_wconf 81' lang='grc' dir='ltr'>βοηθοῦσι</span> <span class='ocrx_word' id='word_1_610' title='bbox 2928 3878 3006 3948; x_wconf 83' lang='grc' dir='ltr'>τῷ</span> <span class='ocrx_word' id='word_1_611' title='bbox 3029 3879 3121 3932; x_wconf 85' lang='grc' dir='ltr'><strong>τοῦ</strong></span> <span class='ocrx_word' id='word_1_612' title='bbox 3150 3870 3286 3933; x_wconf 88' lang='grc' dir='ltr'>Θεοῦ</span> <span class='ocrx_word' id='word_1_613' title='bbox 3311 3881 3617 3950; x_wconf 83' lang='grc' dir='ltr'>πλάσματι.</span> <span class='ocrx_word' id='word_1_614' title='bbox 3652 3879 3808 3933; x_wconf 75' lang='grc' dir='ltr'>Ἐπεὶ</span> 
     </span>
    </p>
   </div>
   <div class='ocr_carea' id='block_1_82' title="bbox 2231 3963 3806 4043">
    <p class='ocr_par' dir='ltr' id='par_1_82' title="bbox 2231 3963 3806 4043">
     <span class='ocr_line' id='line_1_82' title="bbox 2231 3963 3806 4043; baseline -0.001 -18"><span class='ocrx_word' id='word_1_615' title='bbox 2231 3973 2290 4025; x_wconf 76' lang='grc' dir='ltr'>δὲ</span> <span class='ocrx_word' id='word_1_616' title='bbox 2347 3975 2456 4036; x_wconf 86' lang='grc' dir='ltr'>τοῖς</span> <span class='ocrx_word' id='word_1_617' title='bbox 2508 3972 2752 4042; x_wconf 83' lang='grc' dir='ltr'>χείροσιν</span> <span class='ocrx_word' id='word_1_618' title='bbox 2784 3963 3113 4038; x_wconf 75' lang='grc' dir='ltr'>ἐπετείνετο,</span> <span class='ocrx_word' id='word_1_619' title='bbox 3170 3973 3330 4034; x_wconf 82' lang='grc' dir='ltr'>αὐτὸς</span> <span class='ocrx_word' id='word_1_620' title='bbox 3373 3974 3403 4026; x_wconf 86' lang='grc' dir='ltr'><strong>ό</strong></span> <span class='ocrx_word' id='word_1_621' title='bbox 3440 3972 3537 4025; x_wconf 83' lang='grc' dir='ltr'><strong>τοῦ</strong></span> <span class='ocrx_word' id='word_1_622' title='bbox 3593 3974 3806 4043; x_wconf 83' lang='grc' dir='ltr'>Πατρὸς</span> 
     </span>
    </p>
   </div>
   <div class='ocr_carea' id='block_1_83' title="bbox 2239 4057 3805 4137">
    <p class='ocr_par' dir='ltr' id='par_1_83' title="bbox 2239 4057 3805 4137">
     <span class='ocr_line' id='line_1_83' title="bbox 2239 4057 3805 4137; baseline -0.001 -18"><span class='ocrx_word' id='word_1_623' title='bbox 2239 4066 2534 4137; x_wconf 82' lang='grc' dir='ltr'>μονογενὴς</span> <span class='ocrx_word' id='word_1_624' title='bbox 2566 4061 2696 4129; x_wconf 85' lang='grc' dir='ltr'>Υίὸς</span> <span class='ocrx_word' id='word_1_625' title='bbox 2729 4067 2820 4118; x_wconf 72' lang='grc' dir='ltr'>ἐπὶ</span> <span class='ocrx_word' id='word_1_626' title='bbox 2849 4069 2947 4135; x_wconf 84' lang='grc' dir='ltr'><strong>τῆς</strong></span> <span class='ocrx_word' id='word_1_627' title='bbox 2970 4067 3074 4134; x_wconf 80' lang='grc' dir='ltr'><strong>γῆς</strong></span> <span class='ocrx_word' id='word_1_628' title='bbox 3099 4057 3280 4135; x_wconf 57' lang='grc' dir='ltr'>ὤῳθη,</span> <span class='ocrx_word' id='word_1_629' title='bbox 3312 4066 3411 4119; x_wconf 80' lang='grc' dir='ltr'><strong>καὶ</strong></span> <span class='ocrx_word' id='word_1_630' title='bbox 3448 4068 3593 4121; x_wconf 86' lang='grc' dir='ltr'><strong>κατά</strong></span> <span class='ocrx_word' id='word_1_631' title='bbox 3630 4066 3805 4118; x_wconf 87' lang='grc' dir='ltr'>πάντα</span> 
     </span>
    </p>
   </div>
   <div class='ocr_carea' id='block_1_84' title="bbox 2234 4156 3808 4229">
    <p class='ocr_par' dir='ltr' id='par_1_84' title="bbox 2234 4156 3808 4229">
     <span class='ocr_line' id='line_1_84' title="bbox 2234 4156 3808 4229; baseline -0.011 -3"><span class='ocrx_word' id='word_1_632' title='bbox 2234 4158 2368 4228; x_wconf 70' lang='grc' dir='ltr'><strong>ἡμῖν</strong></span> <span class='ocrx_word' id='word_1_633' title='bbox 2407 4156 2696 4227; x_wconf 80' lang='grc' dir='ltr'>ὁμοιωθεὶς</span> <span class='ocrx_word' id='word_1_634' title='bbox 2740 4158 2908 4229; x_wconf 80' lang='grc' dir='ltr'>χωρὶς</span> <span class='ocrx_word' id='word_1_635' title='bbox 2957 4158 3236 4228; x_wconf 83' lang='grc' dir='ltr'>ἁμαρτίας</span> <span class='ocrx_word' id='word_1_636' title='bbox 3262 4158 3353 4210; x_wconf 82' lang='grc' dir='ltr'><strong>τόν</strong></span> <span class='ocrx_word' id='word_1_637' title='bbox 3397 4166 3456 4210; x_wconf 79' lang='grc' dir='ltr'><strong>τε</strong></span> <span class='ocrx_word' id='word_1_638' title='bbox 3491 4158 3808 4228; x_wconf 80' lang='grc' dir='ltr'>ἀποστάτην</span> 
     </span>
    </p>
   </div>
   <div class='ocr_carea' id='block_1_85' title="bbox 2234 4245 3811 4323">
    <p class='ocr_par' dir='ltr' id='par_1_85' title="bbox 2234 4245 3811 4323">
     <span class='ocr_line' id='line_1_85' title="bbox 2234 4245 3811 4323; baseline -0.002 -18"><span class='ocrx_word' id='word_1_639' title='bbox 2234 4252 2329 4305; x_wconf 73' lang='grc' dir='ltr'>καὶ</span> <span class='ocrx_word' id='word_1_640' title='bbox 2353 4251 2478 4314; x_wconf 80' lang='grc' dir='ltr'>τοὺς</span> <span class='ocrx_word' id='word_1_641' title='bbox 2511 4250 2601 4303; x_wconf 85' lang='grc' dir='ltr'>ὑπ’</span> <span class='ocrx_word' id='word_1_642' title='bbox 2625 4245 2787 4304; x_wconf 73' lang='grc' dir='ltr'>αὑτὸν</span> <span class='ocrx_word' id='word_1_643' title='bbox 2812 4246 2950 4320; x_wconf 85' lang='grc' dir='ltr'><strong>μετά</strong></span> <span class='ocrx_word' id='word_1_644' title='bbox 2979 4246 3231 4320; x_wconf 83' lang='grc' dir='ltr'>σώματος</span> <span class='ocrx_word' id='word_1_645' title='bbox 3255 4255 3504 4321; x_wconf 75' lang='grc' dir='ltr'>νικήσας,</span> <span class='ocrx_word' id='word_1_646' title='bbox 3530 4250 3623 4316; x_wconf 71' lang='grc' dir='ltr'><strong>οὓς</strong></span> <span class='ocrx_word' id='word_1_647' title='bbox 3649 4252 3811 4323; x_wconf 81' lang='grc' dir='ltr'>ὑμεῖς</span> 
     </span>
    </p>
   </div>
   <div class='ocr_carea' id='block_1_86' title="bbox 451 4705 2130 4769">
    <p class='ocr_par' dir='ltr' id='par_1_86' title="bbox 451 4705 2130 4769">
     <span class='ocr_line' id='line_1_86' title="bbox 451 4705 2130 4769; baseline 0.001 -2"><span class='ocrx_word' id='word_1_648' title='bbox 451 4705 457 4712; x_wconf 73' lang='grc'><em>’</em></span> <span class='ocrx_word' id='word_1_649' title='bbox 557 4728 688 4767; x_wconf 90' lang='lat' dir='ltr'><strong>num</strong></span> <span class='ocrx_word' id='word_1_650' title='bbox 721 4720 978 4767; x_wconf 87' lang='lat' dir='ltr'><strong>naturam</strong></span> <span class='ocrx_word' id='word_1_651' title='bbox 1031 4713 1085 4767; x_wconf 92' lang='lat' dir='ltr'><strong>in</strong></span> <span class='ocrx_word' id='word_1_652' title='bbox 1123 4715 1266 4767; x_wconf 88' lang='lat' dir='ltr'><strong>mala</strong></span> <span class='ocrx_word' id='word_1_653' title='bbox 1320 4713 1429 4767; x_wconf 89' lang='lat' dir='ltr'><strong>sibi</strong></span> <span class='ocrx_word' id='word_1_654' title='bbox 1480 4713 1721 4767; x_wconf 82' lang='lat' dir='ltr'><strong>invicem</strong></span> <span class='ocrx_word' id='word_1_655' title='bbox 1775 4712 2130 4769; x_wconf 79' lang='lat' dir='ltr'><strong>succedentia</strong></span> 
     </span>
    </p>
   </div>
   <div class='ocr_carea' id='block_1_87' title="bbox 557 4338 2128 4417">
    <p class='ocr_par' dir='ltr' id='par_1_87' title="bbox 557 4338 2128 4417">
     <span class='ocr_line' id='line_1_87' title="bbox 557 4338 2128 4417; baseline 0.004 -21"><span class='ocrx_word' id='word_1_656' title='bbox 557 4344 746 4409; x_wconf 89' lang='lat' dir='ltr'><strong>oculo,</strong></span> <span class='ocrx_word' id='word_1_657' title='bbox 774 4360 870 4415; x_wconf 86' lang='lat' dir='ltr'><strong>spe</strong></span> <span class='ocrx_word' id='word_1_658' title='bbox 906 4345 1090 4401; x_wconf 82' lang='lat' dir='ltr'><strong>fallaci</strong></span> <span class='ocrx_word' id='word_1_659' title='bbox 1138 4354 1195 4400; x_wconf 91' lang='lat' dir='ltr'><strong>et</strong></span> <span class='ocrx_word' id='word_1_660' title='bbox 1237 4360 1303 4400; x_wconf 91' lang='lat' dir='ltr'><strong>eo</strong></span> <span class='ocrx_word' id='word_1_661' title='bbox 1339 4338 1506 4399; x_wconf 87' lang='lat' dir='ltr'><strong>modo</strong></span> <span class='ocrx_word' id='word_1_662' title='bbox 1547 4361 1659 4417; x_wconf 89' lang='lat' dir='ltr'><strong>quo</strong></span> <span class='ocrx_word' id='word_1_663' title='bbox 1689 4346 1804 4416; x_wconf 89' lang='lat' dir='ltr'><strong>ipse</strong></span> <span class='ocrx_word' id='word_1_664' title='bbox 1834 4347 2128 4413; x_wconf 87' lang='lat' dir='ltr'><strong>ceciderat,</strong></span> 
     </span>
    </p>
   </div>
   <div class='ocr_carea' id='block_1_88' title="bbox 559 4433 2133 4509">
    <p class='ocr_par' dir='ltr' id='par_1_88' title="bbox 559 4433 2133 4509">
     <span class='ocr_line' id='line_1_88' title="bbox 559 4433 2133 4509; baseline 0.003 -20"><span class='ocrx_word' id='word_1_665' title='bbox 559 4436 744 4490; x_wconf 84' lang='lat' dir='ltr'><strong>divina</strong></span> <span class='ocrx_word' id='word_1_666' title='bbox 795 4452 922 4491; x_wconf 92' lang='lat' dir='ltr'><strong>eum</strong></span> <span class='ocrx_word' id='word_1_667' title='bbox 982 4438 1156 4507; x_wconf 81' lang='lat' dir='ltr'><strong>gloria</strong></span> <span class='ocrx_word' id='word_1_668' title='bbox 1189 4439 1411 4508; x_wconf 89' lang='lat' dir='ltr'><strong>spoliat,</strong></span> <span class='ocrx_word' id='word_1_669' title='bbox 1440 4448 1497 4493; x_wconf 92' lang='lat' dir='ltr'><strong>et</strong></span> <span class='ocrx_word' id='word_1_670' title='bbox 1528 4454 1559 4493; x_wconf 93' lang='lat' dir='ltr'><strong>a</strong></span> <span class='ocrx_word' id='word_1_671' title='bbox 1600 4439 1722 4494; x_wconf 93' lang='lat' dir='ltr'><strong>loco</strong></span> <span class='ocrx_word' id='word_1_672' title='bbox 1753 4433 1847 4509; x_wconf 91' lang='lat' dir='ltr'><strong>qui</strong></span> <span class='ocrx_word' id='word_1_673' title='bbox 1890 4439 1941 4493; x_wconf 89' lang='lat' dir='ltr'><strong>ei</strong></span> <span class='ocrx_word' id='word_1_674' title='bbox 1972 4439 2133 4497; x_wconf 86' lang='lat' dir='ltr'><strong>datus</strong></span> 
     </span>
    </p>
   </div>
   <div class='ocr_carea' id='block_1_89' title="bbox 557 4527 2133 4595">
    <p class='ocr_par' dir='ltr' id='par_1_89' title="bbox 557 4527 2133 4595">
     <span class='ocr_line' id='line_1_89' title="bbox 557 4527 2133 4595; baseline 0.001 -14"><span class='ocrx_word' id='word_1_675' title='bbox 557 4527 739 4583; x_wconf 82' lang='lat' dir='ltr'><strong>fuerat</strong></span> <span class='ocrx_word' id='word_1_676' title='bbox 782 4528 848 4582; x_wconf 90' lang='lat' dir='ltr'><strong>ad</strong></span> <span class='ocrx_word' id='word_1_677' title='bbox 896 4528 1279 4595; x_wconf 89' lang='lat' dir='ltr'><strong>habitandum,</strong></span> <span class='ocrx_word' id='word_1_678' title='bbox 1320 4531 1475 4585; x_wconf 90' lang='lat' dir='ltr'><strong>etab</strong></span> <span class='ocrx_word' id='word_1_679' title='bbox 1525 4531 1935 4586; x_wconf 81' lang='lat' dir='ltr'><strong>immortalitate</strong></span> <span class='ocrx_word' id='word_1_680' title='bbox 1967 4528 2133 4587; x_wconf 77' lang='lat' dir='ltr'><strong>eﬂicit</strong></span> 
     </span>
    </p>
   </div>
   <div class='ocr_carea' id='block_1_90' title="bbox 557 4620 2131 4690">
    <p class='ocr_par' dir='ltr' id='par_1_90' title="bbox 557 4620 2131 4690">
     <span class='ocr_line' id='line_1_90' title="bbox 557 4620 2131 4690; baseline 0.001 -15"><span class='ocrx_word' id='word_1_681' title='bbox 557 4621 819 4675; x_wconf 85' lang='lat' dir='ltr'><strong>alienum.</strong></span> <span class='ocrx_word' id='word_1_682' title='bbox 858 4620 1047 4690; x_wconf 87' lang='lat' dir='ltr'><strong>Neque</strong></span> <span class='ocrx_word' id='word_1_683' title='bbox 1095 4638 1227 4677; x_wconf 86' lang='lat' dir='ltr'><strong>vero</strong></span> <span class='ocrx_word' id='word_1_684' title='bbox 1276 4624 1322 4676; x_wconf 89' lang='lat' dir='ltr'><strong>is</strong></span> <span class='ocrx_word' id='word_1_685' title='bbox 1373 4622 1572 4676; x_wconf 89' lang='lat' dir='ltr'><strong>deinde</strong></span> <span class='ocrx_word' id='word_1_686' title='bbox 1623 4620 1920 4677; x_wconf 88' lang='lat' dir='ltr'><strong>intermisit</strong></span> <span class='ocrx_word' id='word_1_687' title='bbox 1950 4620 2131 4676; x_wconf 91' lang='lat' dir='ltr'><strong>homi-</strong></span> 
     </span>
    </p>
   </div>
   <div class='ocr_carea' id='block_1_91' title="bbox 2232 4340 3859 4415">
    <p class='ocr_par' dir='ltr' id='par_1_91' title="bbox 2232 4340 3859 4415">
     <span class='ocr_line' id='line_1_91' title="bbox 2232 4340 3859 4415; baseline 0.001 -21"><span class='ocrx_word' id='word_1_688' title='bbox 2232 4344 2455 4414; x_wconf 73' lang='grc' dir='ltr'>ἡγεῖσθε</span> <span class='ocrx_word' id='word_1_689' title='bbox 2519 4340 2693 4408; x_wconf 79' lang='grc' dir='ltr'>θεοὺς,</span> <span class='ocrx_word' id='word_1_690' title='bbox 2746 4344 2884 4412; x_wconf 87' lang='grc' dir='ltr'>πρὸς</span> <span class='ocrx_word' id='word_1_691' title='bbox 2930 4344 3029 4413; x_wconf 79' lang='grc' dir='ltr'>τὴν</span> <span class='ocrx_word' id='word_1_692' title='bbox 3078 4344 3310 4414; x_wconf 84' lang='grc' dir='ltr'>ἀρχαίαν</span> <span class='ocrx_word' id='word_1_693' title='bbox 3346 4345 3494 4415; x_wconf 72' lang='grc' dir='ltr'>ἡμᾶς</span> <span class='ocrx_word' id='word_1_694' title='bbox 3544 4343 3809 4411; x_wconf 79' lang='grc' dir='ltr'>ἐπανάγει</span> <span class='ocrx_word' id='word_1_695' title='bbox 3843 4396 3859 4415; x_wconf 41' lang='grc' dir='ltr'><strong><em>ρ</em></strong></span> 
     </span>
    </p>
   </div>
   <div class='ocr_carea' id='block_1_92' title="bbox 2233 4426 3855 4523">
    <p class='ocr_par' dir='ltr' id='par_1_92' title="bbox 2233 4426 3855 4523">
     <span class='ocr_line' id='line_1_92' title="bbox 2233 4426 3855 4523; baseline 0.001 -36"><span class='ocrx_word' id='word_1_696' title='bbox 2233 4434 2533 4502; x_wconf 84' lang='grc' dir='ltr'>εὐγένειαν,</span> <span class='ocrx_word' id='word_1_697' title='bbox 2592 4434 2689 4488; x_wconf 75' lang='grc' dir='ltr'>καὶ</span> <span class='ocrx_word' id='word_1_698' title='bbox 2741 4436 2905 4488; x_wconf 88' lang='grc' dir='ltr'>πάλιν</span> <span class='ocrx_word' id='word_1_699' title='bbox 2953 4435 3091 4507; x_wconf 85' lang='grc' dir='ltr'>πρὸς</span> <span class='ocrx_word' id='word_1_700' title='bbox 3141 4438 3233 4489; x_wconf 87' lang='grc' dir='ltr'><strong>τὸν</strong></span> <span class='ocrx_word' id='word_1_701' title='bbox 3281 4436 3497 4504; x_wconf 81' lang='grc' dir='ltr'>Πατέρα</span> <span class='ocrx_word' id='word_1_702' title='bbox 3540 4436 3679 4506; x_wconf 75' lang='grc' dir='ltr'><strong>μετά</strong></span> <span class='ocrx_word' id='word_1_703' title='bbox 3711 4433 3855 4523; x_wconf 61' lang='grc' dir='ltr'>τοῦξ</span> 
     </span>
    </p>
   </div>
   <div class='ocr_carea' id='block_1_93' title="bbox 2234 4521 3855 4598">
    <p class='ocr_par' dir='ltr' id='par_1_93' title="bbox 2234 4521 3855 4598">
     <span class='ocr_line' id='line_1_93' title="bbox 2234 4521 3855 4598; baseline 0.001 -19"><span class='ocrx_word' id='word_1_704' title='bbox 2234 4528 2665 4598; x_wconf 82' lang='grc' dir='ltr'>προσλήμματος</span> <span class='ocrx_word' id='word_1_705' title='bbox 2701 4526 2898 4598; x_wconf 81' lang='grc' dir='ltr'>ἄνεισι,</span> <span class='ocrx_word' id='word_1_706' title='bbox 2930 4527 3051 4598; x_wconf 85' lang='grc' dir='ltr'>μεθ’</span> <span class='ocrx_word' id='word_1_707' title='bbox 3077 4521 3139 4581; x_wconf 80' lang='grc' dir='ltr'><strong>οῦ</strong></span> <span class='ocrx_word' id='word_1_708' title='bbox 3184 4526 3281 4580; x_wconf 80' lang='grc' dir='ltr'>καὶ</span> <span class='ocrx_word' id='word_1_709' title='bbox 3330 4527 3455 4597; x_wconf 83' lang='grc' dir='ltr'>ἥξει</span> <span class='ocrx_word' id='word_1_710' title='bbox 3490 4527 3677 4591; x_wconf 81' lang='grc' dir='ltr'>πάλιν,</span> <span class='ocrx_word' id='word_1_711' title='bbox 3713 4526 3810 4580; x_wconf 84' lang='grc' dir='ltr'><strong>καὶ</strong></span> <span class='ocrx_word' id='word_1_712' title='bbox 3843 4521 3855 4540; x_wconf 63' lang='grc'><strong>³</strong></span> 
     </span>
    </p>
   </div>
   <div class='ocr_carea' id='block_1_94' title="bbox 2232 4608 3809 4688">
    <p class='ocr_par' dir='ltr' id='par_1_94' title="bbox 2232 4608 3809 4688">
     <span class='ocr_line' id='line_1_94' title="bbox 2232 4608 3809 4688; baseline 0.001 -20"><span class='ocrx_word' id='word_1_713' title='bbox 2232 4621 2344 4670; x_wconf 76' lang='grc' dir='ltr'><strong>πᾶν</strong></span> <span class='ocrx_word' id='word_1_714' title='bbox 2372 4617 2436 4670; x_wconf 85' lang='grc' dir='ltr'><strong>τὸ</strong></span> <span class='ocrx_word' id='word_1_715' title='bbox 2469 4617 2697 4686; x_wconf 86' lang='grc' dir='ltr'>πλάσμα</span> <span class='ocrx_word' id='word_1_716' title='bbox 2723 4617 2963 4685; x_wconf 84' lang='grc' dir='ltr'>συνάξει,</span> <span class='ocrx_word' id='word_1_717' title='bbox 2991 4618 3149 4687; x_wconf 89' lang='grc' dir='ltr'>λόγον</span> <span class='ocrx_word' id='word_1_718' title='bbox 3173 4618 3344 4672; x_wconf 86' lang='grc' dir='ltr'>δῶσον</span> <span class='ocrx_word' id='word_1_719' title='bbox 3373 4609 3448 4673; x_wconf 84' lang='grc' dir='ltr'>ὧν</span> <span class='ocrx_word' id='word_1_720' title='bbox 3469 4613 3529 4672; x_wconf 83' lang='grc' dir='ltr'>εὖ</span> <span class='ocrx_word' id='word_1_721' title='bbox 3560 4618 3593 4688; x_wconf 75' lang='grc' dir='ltr'>ἢ</span> <span class='ocrx_word' id='word_1_722' title='bbox 3620 4608 3809 4681; x_wconf 76' lang='grc' dir='ltr'>κακῶς</span> 
     </span>
    </p>
   </div>
   <div class='ocr_carea' id='block_1_95' title="bbox 2234 4709 2582 4781">
    <p class='ocr_par' dir='ltr' id='par_1_95' title="bbox 2234 4709 2582 4781">
     <span class='ocr_line' id='line_1_95' title="bbox 2234 4709 2582 4781; baseline 0.006 -18"><span class='ocrx_word' id='word_1_723' title='bbox 2234 4709 2582 4781; x_wconf 77' lang='grc' dir='ltr'>διεπράξατο.</span> 
     </span>
    </p>
   </div>
   <div class='ocr_carea' id='block_1_96' title="bbox 556 4799 3811 4878">
    <p class='ocr_par' dir='ltr' id='par_1_96' title="bbox 556 4799 3811 4878">
     <span class='ocr_line' id='line_1_96' title="bbox 556 4799 3811 4878; baseline 0 -18"><span class='ocrx_word' id='word_1_724' title='bbox 556 4803 879 4868; x_wconf 86' lang='lat' dir='ltr'><strong>immittere,</strong></span> <span class='ocrx_word' id='word_1_725' title='bbox 916 4816 974 4859; x_wconf 78' lang='lat' dir='ltr'><strong>ut</strong></span> <span class='ocrx_word' id='word_1_726' title='bbox 1009 4820 1131 4874; x_wconf 84' lang='lat' dir='ltr'><strong>quae</strong></span> <span class='ocrx_word' id='word_1_727' title='bbox 1168 4821 1197 4859; x_wconf 91' lang='lat' dir='ltr'><strong>a</strong></span> <span class='ocrx_word' id='word_1_728' title='bbox 1228 4820 1470 4875; x_wconf 89' lang='lat' dir='ltr'><strong>superna</strong></span> <span class='ocrx_word' id='word_1_729' title='bbox 1507 4820 1610 4874; x_wconf 90' lang='lat' dir='ltr'><strong>ope</strong></span> <span class='ocrx_word' id='word_1_730' title='bbox 1649 4815 1797 4860; x_wconf 88' lang='lat' dir='ltr'><strong>esset</strong></span> <span class='ocrx_word' id='word_1_731' title='bbox 1831 4805 2121 4868; x_wconf 89' lang='lat' dir='ltr'><strong>destituta,</strong></span> <span class='ocrx_word' id='word_1_732' title='bbox 2162 4803 2301 4858; x_wconf 90' lang='lat' dir='ltr'><strong>adeo</strong></span> <span class='ocrx_word' id='word_1_733' title='bbox 2333 4814 2394 4858; x_wconf 90' lang='lat' dir='ltr'><strong>ut</strong></span> <span class='ocrx_word' id='word_1_734' title='bbox 2429 4803 2713 4860; x_wconf 88' lang='lat' dir='ltr'><strong>hominem</strong></span> <span class='ocrx_word' id='word_1_735' title='bbox 2763 4802 3059 4861; x_wconf 77' lang='lat' dir='ltr'><strong>abduxerit</strong></span> <span class='ocrx_word' id='word_1_736' title='bbox 3089 4821 3118 4860; x_wconf 90' lang='lat' dir='ltr'><strong>a</strong></span> <span class='ocrx_word' id='word_1_737' title='bbox 3148 4807 3257 4861; x_wconf 90' lang='lat' dir='ltr'><strong>Deo</strong></span> <span class='ocrx_word' id='word_1_738' title='bbox 3285 4799 3379 4878; x_wconf 88' lang='lat' dir='ltr'><strong>qui</strong></span> <span class='ocrx_word' id='word_1_739' title='bbox 3451 4822 3579 4862; x_wconf 89' lang='lat' dir='ltr'><strong>eum</strong></span> <span class='ocrx_word' id='word_1_740' title='bbox 3648 4820 3811 4861; x_wconf 81' lang='lat' dir='ltr'><strong>crea—</strong></span> 
     </span>
    </p>
   </div>
   <div class='ocr_carea' id='block_1_97' title="bbox 556 4894 3816 4967">
    <p class='ocr_par' dir='ltr' id='par_1_97' title="bbox 556 4894 3816 4967">
     <span class='ocr_line' id='line_1_97' title="bbox 556 4894 3816 4967; baseline 0.001 -16"><span class='ocrx_word' id='word_1_741' title='bbox 556 4904 644 4951; x_wconf 89' lang='lat' dir='ltr'><strong>rat</strong></span> <span class='ocrx_word' id='word_1_742' title='bbox 688 4905 745 4949; x_wconf 91' lang='lat' dir='ltr'><strong>et</strong></span> <span class='ocrx_word' id='word_1_743' title='bbox 792 4898 1123 4952; x_wconf 81' lang='lat' dir='ltr'><strong>formaverat</strong></span> <span class='ocrx_word' id='word_1_744' title='bbox 1155 4915 1169 4950; x_wconf 86' lang='lat'><strong>:</strong></span> <span class='ocrx_word' id='word_1_745' title='bbox 1204 4898 1491 4952; x_wconf 81' lang='lat' dir='ltr'><strong>deduxerit</strong></span> <span class='ocrx_word' id='word_1_746' title='bbox 1528 4913 1661 4953; x_wconf 84' lang='lat' dir='ltr'><strong>vero</strong></span> <span class='ocrx_word' id='word_1_747' title='bbox 1690 4898 1757 4951; x_wconf 89' lang='lat' dir='ltr'><strong>ad</strong></span> <span class='ocrx_word' id='word_1_748' title='bbox 1819 4898 2112 4952; x_wconf 87' lang='lat' dir='ltr'><strong>simulacra</strong></span> <span class='ocrx_word' id='word_1_749' title='bbox 2145 4904 2201 4950; x_wconf 81' lang='lat' dir='ltr'><strong>et</strong></span> <span class='ocrx_word' id='word_1_750' title='bbox 2239 4912 2499 4950; x_wconf 90' lang='lat' dir='ltr'><strong>manuum</strong></span> <span class='ocrx_word' id='word_1_751' title='bbox 2536 4894 2814 4967; x_wconf 73' lang='lat' dir='ltr'><strong>figmenta,</strong></span> <span class='ocrx_word' id='word_1_752' title='bbox 2840 4905 2895 4952; x_wconf 91' lang='lat' dir='ltr'><strong>et</strong></span> <span class='ocrx_word' id='word_1_753' title='bbox 2935 4897 3184 4953; x_wconf 74' lang='lat' dir='ltr'><strong>effecerit</strong></span> <span class='ocrx_word' id='word_1_754' title='bbox 3214 4907 3273 4953; x_wconf 91' lang='lat' dir='ltr'><strong>ut</strong></span> <span class='ocrx_word' id='word_1_755' title='bbox 3296 4914 3386 4954; x_wconf 88' lang='lat' dir='ltr'><strong>res</strong></span> <span class='ocrx_word' id='word_1_756' title='bbox 3416 4906 3602 4954; x_wconf 83' lang='lat' dir='ltr'><strong>creata</strong></span> <span class='ocrx_word' id='word_1_757' title='bbox 3628 4900 3816 4954; x_wconf 87' lang='lat' dir='ltr'><strong>insur-</strong></span> 
     </span>
    </p>
   </div>
   <div class='ocr_carea' id='block_1_98' title="bbox 556 4983 3814 5063">
    <p class='ocr_par' dir='ltr' id='par_1_98' title="bbox 556 4983 3814 5063">
     <span class='ocr_line' id='line_1_98' title="bbox 556 4983 3814 5063; baseline 0.001 -21"><span class='ocrx_word' id='word_1_758' title='bbox 556 4998 711 5059; x_wconf 76' lang='lat' dir='ltr'><strong>geret</strong></span> <span class='ocrx_word' id='word_1_759' title='bbox 750 4989 1016 5043; x_wconf 80' lang='lat' dir='ltr'><strong>adversus</strong></span> <span class='ocrx_word' id='word_1_760' title='bbox 1054 4997 1386 5043; x_wconf 84' lang='lat' dir='ltr'><strong>creatorem.</strong></span> <span class='ocrx_word' id='word_1_761' title='bbox 1435 4989 1576 5044; x_wconf 81' lang='lat' dir='ltr'><strong>Hinc</strong></span> <span class='ocrx_word' id='word_1_762' title='bbox 1627 4990 1716 5045; x_wconf 78' lang='lat' dir='ltr'><strong>lex</strong></span> <span class='ocrx_word' id='word_1_763' title='bbox 1761 4990 1888 5044; x_wconf 89' lang='lat' dir='ltr'><strong>data</strong></span> <span class='ocrx_word' id='word_1_764' title='bbox 1933 4999 2017 5044; x_wconf 89' lang='lat' dir='ltr'><strong>est</strong></span> <span class='ocrx_word' id='word_1_765' title='bbox 2062 4988 2131 5042; x_wconf 89' lang='lat' dir='ltr'><strong>ad</strong></span> <span class='ocrx_word' id='word_1_766' title='bbox 2171 4989 2576 5043; x_wconf 90' lang='lat' dir='ltr'><strong>correctionem</strong></span> <span class='ocrx_word' id='word_1_767' title='bbox 2612 5006 2625 5041; x_wconf 89' lang='lat'><strong>:</strong></span> <span class='ocrx_word' id='word_1_768' title='bbox 2655 5001 2713 5045; x_wconf 91' lang='lat' dir='ltr'><strong>ct</strong></span> <span class='ocrx_word' id='word_1_769' title='bbox 2774 4991 3059 5061; x_wconf 71' lang='lat' dir='ltr'><strong>propheta:</strong></span> <span class='ocrx_word' id='word_1_770' title='bbox 3101 5007 3263 5060; x_wconf 91' lang='lat' dir='ltr'><strong>opem</strong></span> <span class='ocrx_word' id='word_1_771' title='bbox 3337 4993 3526 5046; x_wconf 85' lang='lat' dir='ltr'><strong>ferunt</strong></span> <span class='ocrx_word' id='word_1_772' title='bbox 3567 4983 3664 5047; x_wconf 87' lang='lat' dir='ltr'><strong>Dei</strong></span> <span class='ocrx_word' id='word_1_773' title='bbox 3707 4991 3814 5063; x_wconf 77' lang='lat' dir='ltr'><strong>fig-</strong></span> 
     </span>
    </p>
   </div>
   <div class='ocr_carea' id='block_1_99' title="bbox 559 5081 3818 5153">
    <p class='ocr_par' dir='ltr' id='par_1_99' title="bbox 559 5081 3818 5153">
     <span class='ocr_line' id='line_1_99' title="bbox 559 5081 3818 5153; baseline 0.001 -19"><span class='ocrx_word' id='word_1_774' title='bbox 559 5090 766 5143; x_wconf 88' lang='lat' dir='ltr'><strong>mento,</strong></span> <span class='ocrx_word' id='word_1_775' title='bbox 801 5090 857 5134; x_wconf 94' lang='lat' dir='ltr'><strong>et</strong></span> <span class='ocrx_word' id='word_1_776' title='bbox 894 5095 1017 5135; x_wconf 90' lang='lat' dir='ltr'><strong>cum</strong></span> <span class='ocrx_word' id='word_1_777' title='bbox 1050 5089 1196 5134; x_wconf 81' lang='lat' dir='ltr'><strong>esset</strong></span> <span class='ocrx_word' id='word_1_778' title='bbox 1229 5081 1456 5136; x_wconf 90' lang='lat' dir='ltr'><strong>morbus</strong></span> <span class='ocrx_word' id='word_1_779' title='bbox 1487 5082 1933 5147; x_wconf 90' lang='lat' dir='ltr'><strong>immedicabilis,</strong></span> <span class='ocrx_word' id='word_1_780' title='bbox 1974 5092 2031 5136; x_wconf 90' lang='lat' dir='ltr'><strong>et</strong></span> <span class='ocrx_word' id='word_1_781' title='bbox 2060 5082 2125 5135; x_wconf 89' lang='lat' dir='ltr'><strong>ad</strong></span> <span class='ocrx_word' id='word_1_782' title='bbox 2167 5082 2444 5137; x_wconf 87' lang='lat' dir='ltr'><strong>deteriora</strong></span> <span class='ocrx_word' id='word_1_783' title='bbox 2515 5082 2929 5148; x_wconf 82' lang='lat' dir='ltr'><strong>extenderetur,</strong></span> <span class='ocrx_word' id='word_1_784' title='bbox 2978 5083 3094 5153; x_wconf 87' lang='lat' dir='ltr'><strong>ipse</strong></span> <span class='ocrx_word' id='word_1_785' title='bbox 3145 5084 3322 5139; x_wconf 88' lang='lat' dir='ltr'><strong>Patris</strong></span> <span class='ocrx_word' id='word_1_786' title='bbox 3371 5084 3542 5139; x_wconf 79' lang='lat' dir='ltr'><strong>Filius</strong></span> <span class='ocrx_word' id='word_1_787' title='bbox 3619 5084 3818 5153; x_wconf 76' lang='lat' dir='ltr'><strong>unige-</strong></span> 
     </span>
    </p>
   </div>
   <div class='ocr_carea' id='block_1_100' title="bbox 558 5173 3812 5247">
    <p class='ocr_par' dir='ltr' id='par_1_100' title="bbox 558 5173 3812 5247">
     <span class='ocr_line' id='line_1_100' title="bbox 558 5173 3812 5247; baseline 0.002 -22"><span class='ocrx_word' id='word_1_788' title='bbox 558 5173 708 5226; x_wconf 89' lang='lat' dir='ltr'><strong>nitus</strong></span> <span class='ocrx_word' id='word_1_789' title='bbox 734 5174 885 5227; x_wconf 88' lang='lat' dir='ltr'><strong>visus</strong></span> <span class='ocrx_word' id='word_1_790' title='bbox 905 5182 990 5227; x_wconf 85' lang='lat' dir='ltr'><strong>est</strong></span> <span class='ocrx_word' id='word_1_791' title='bbox 1020 5173 1075 5226; x_wconf 92' lang='lat' dir='ltr'><strong>in</strong></span> <span class='ocrx_word' id='word_1_792' title='bbox 1108 5182 1274 5239; x_wconf 90' lang='lat' dir='ltr'><strong>terra,</strong></span> <span class='ocrx_word' id='word_1_793' title='bbox 1305 5175 1450 5228; x_wconf 84' lang='lat' dir='ltr'><strong>etin</strong></span> <span class='ocrx_word' id='word_1_794' title='bbox 1480 5176 1740 5228; x_wconf 87' lang='lat' dir='ltr'><strong>omnibus</strong></span> <span class='ocrx_word' id='word_1_795' title='bbox 1773 5184 1862 5228; x_wconf 91' lang='lat' dir='ltr'><strong>est</strong></span> <span class='ocrx_word' id='word_1_796' title='bbox 1920 5173 2157 5229; x_wconf 82' lang='lat' dir='ltr'><strong>eﬂ&#39;ectns</strong></span> <span class='ocrx_word' id='word_1_797' title='bbox 2230 5174 2433 5229; x_wconf 84' lang='lat' dir='ltr'><strong>similis</strong></span> <span class='ocrx_word' id='word_1_798' title='bbox 2490 5175 2653 5230; x_wconf 90' lang='lat' dir='ltr'><strong>nobis</strong></span> <span class='ocrx_word' id='word_1_799' title='bbox 2708 5177 2917 5245; x_wconf 88' lang='lat' dir='ltr'><strong>absque</strong></span> <span class='ocrx_word' id='word_1_800' title='bbox 2959 5186 3209 5245; x_wconf 89' lang='lat' dir='ltr'><strong>peccato,</strong></span> <span class='ocrx_word' id='word_1_801' title='bbox 3260 5184 3317 5232; x_wconf 92' lang='lat' dir='ltr'><strong>et</strong></span> <span class='ocrx_word' id='word_1_802' title='bbox 3366 5192 3493 5232; x_wconf 89' lang='lat' dir='ltr'><strong>cum</strong></span> <span class='ocrx_word' id='word_1_803' title='bbox 3542 5193 3668 5232; x_wconf 88' lang='lat' dir='ltr'><strong>eum</strong></span> <span class='ocrx_word' id='word_1_804' title='bbox 3714 5180 3812 5247; x_wconf 86' lang='lat' dir='ltr'><strong>qui</strong></span> 
     </span>
    </p>
   </div>
   <div class='ocr_carea' id='block_1_101' title="bbox 559 5262 3815 5340">
    <p class='ocr_par' dir='ltr' id='par_1_101' title="bbox 559 5262 3815 5340">
     <span class='ocr_line' id='line_1_101' title="bbox 559 5262 3815 5340; baseline 0.002 -24"><span class='ocrx_word' id='word_1_805' title='bbox 559 5262 854 5327; x_wconf 84' lang='lat' dir='ltr'><strong>defecerat,</strong></span> <span class='ocrx_word' id='word_1_806' title='bbox 890 5274 945 5319; x_wconf 90' lang='lat' dir='ltr'><strong>et</strong></span> <span class='ocrx_word' id='word_1_807' title='bbox 990 5279 1085 5319; x_wconf 86' lang='lat' dir='ltr'><strong>eos</strong></span> <span class='ocrx_word' id='word_1_808' title='bbox 1113 5266 1207 5334; x_wconf 91' lang='lat' dir='ltr'><strong>qui</strong></span> <span class='ocrx_word' id='word_1_809' title='bbox 1255 5265 1377 5335; x_wconf 75' lang='lat' dir='ltr'><strong>eius</strong></span> <span class='ocrx_word' id='word_1_810' title='bbox 1424 5278 1620 5337; x_wconf 88' lang='lat' dir='ltr'><strong>parent</strong></span> <span class='ocrx_word' id='word_1_811' title='bbox 1671 5266 1904 5335; x_wconf 90' lang='lat' dir='ltr'><strong>imperio</strong></span> <span class='ocrx_word' id='word_1_812' title='bbox 1931 5304 1947 5329; x_wconf 94' lang='lat'><strong>,</strong></span> <span class='ocrx_word' id='word_1_813' title='bbox 2001 5282 2127 5320; x_wconf 92' lang='lat' dir='ltr'><strong>cum</strong></span> <span class='ocrx_word' id='word_1_814' title='bbox 2168 5282 2408 5336; x_wconf 88' lang='lat' dir='ltr'><strong>corpore</strong></span> <span class='ocrx_word' id='word_1_815' title='bbox 2454 5266 2700 5332; x_wconf 81' lang='lat' dir='ltr'><strong>vicisset,</strong></span> <span class='ocrx_word' id='word_1_816' title='bbox 2759 5283 2900 5338; x_wconf 90' lang='lat' dir='ltr'><strong>quos</strong></span> <span class='ocrx_word' id='word_1_817' title='bbox 2945 5284 3046 5324; x_wconf 86' lang='lat' dir='ltr'><strong>vos</strong></span> <span class='ocrx_word' id='word_1_818' title='bbox 3071 5268 3206 5324; x_wconf 87' lang='lat' dir='ltr'><strong>deos</strong></span> <span class='ocrx_word' id='word_1_819' title='bbox 3235 5280 3371 5333; x_wconf 79' lang='lat' dir='ltr'><strong>esse</strong></span> <span class='ocrx_word' id='word_1_820' title='bbox 3415 5272 3644 5340; x_wconf 87' lang='lat' dir='ltr'><strong>putatis,</strong></span> <span class='ocrx_word' id='word_1_821' title='bbox 3708 5285 3815 5325; x_wconf 85' lang='lat' dir='ltr'><strong>nos</strong></span> 
     </span>
    </p>
   </div>
   <div class='ocr_carea' id='block_1_102' title="bbox 559 5354 3816 5432">
    <p class='ocr_par' dir='ltr' id='par_1_102' title="bbox 559 5354 3816 5432">
     <span class='ocr_line' id='line_1_102' title="bbox 559 5354 3816 5432; baseline 0.003 -23"><span class='ocrx_word' id='word_1_822' title='bbox 559 5354 627 5409; x_wconf 89' lang='lat' dir='ltr'><strong>ad</strong></span> <span class='ocrx_word' id='word_1_823' title='bbox 653 5356 933 5424; x_wconf 73' lang='lat' dir='ltr'><strong>antiquam</strong></span> <span class='ocrx_word' id='word_1_824' title='bbox 976 5358 1194 5411; x_wconf 80' lang='lat' dir='ltr'><strong>reduxit</strong></span> <span class='ocrx_word' id='word_1_825' title='bbox 1226 5359 1610 5423; x_wconf 87' lang='lat' dir='ltr'><strong>nobilitatem,</strong></span> <span class='ocrx_word' id='word_1_826' title='bbox 1636 5366 1693 5415; x_wconf 91' lang='lat' dir='ltr'><strong>et</strong></span> <span class='ocrx_word' id='word_1_827' title='bbox 1731 5374 1926 5414; x_wconf 89' lang='lat' dir='ltr'><strong>rursus</strong></span> <span class='ocrx_word' id='word_1_828' title='bbox 1950 5358 2201 5413; x_wconf 89' lang='lat' dir='ltr'><strong>ascendit</strong></span> <span class='ocrx_word' id='word_1_829' title='bbox 2266 5358 2336 5413; x_wconf 90' lang='lat' dir='ltr'><strong>ad</strong></span> <span class='ocrx_word' id='word_1_830' title='bbox 2384 5358 2604 5414; x_wconf 85' lang='lat' dir='ltr'><strong>Patrem</strong></span> <span class='ocrx_word' id='word_1_831' title='bbox 2655 5374 2780 5414; x_wconf 88' lang='lat' dir='ltr'><strong>cum</strong></span> <span class='ocrx_word' id='word_1_832' title='bbox 2849 5373 2919 5414; x_wconf 90' lang='lat' dir='ltr'><strong>eo</strong></span> <span class='ocrx_word' id='word_1_833' title='bbox 2981 5360 3130 5431; x_wconf 88' lang='lat' dir='ltr'><strong>quod</strong></span> <span class='ocrx_word' id='word_1_834' title='bbox 3161 5371 3555 5432; x_wconf 88' lang='lat' dir='ltr'><strong>assumpserat,</strong></span> <span class='ocrx_word' id='word_1_835' title='bbox 3595 5370 3654 5418; x_wconf 90' lang='lat' dir='ltr'><strong>et</strong></span> <span class='ocrx_word' id='word_1_836' title='bbox 3715 5377 3816 5417; x_wconf 84' lang='lat' dir='ltr'><strong>ve-</strong></span> 
     </span>
    </p>
   </div>
   <div class='ocr_carea' id='block_1_103' title="bbox 561 5447 3814 5525">
    <p class='ocr_par' dir='ltr' id='par_1_103' title="bbox 561 5447 3814 5525">
     <span class='ocr_line' id='line_1_103' title="bbox 561 5447 3814 5525; baseline 0.003 -25"><span class='ocrx_word' id='word_1_837' title='bbox 561 5447 677 5503; x_wconf 87' lang='lat' dir='ltr'><strong>niet</strong></span> <span class='ocrx_word' id='word_1_838' title='bbox 722 5448 827 5504; x_wconf 77' lang='lat' dir='ltr'><strong>hac</strong></span> <span class='ocrx_word' id='word_1_839' title='bbox 873 5448 980 5505; x_wconf 89' lang='lat' dir='ltr'><strong>vita</strong></span> <span class='ocrx_word' id='word_1_840' title='bbox 1010 5452 1300 5519; x_wconf 84' lang='lat' dir='ltr'><strong>dissoluta,</strong></span> <span class='ocrx_word' id='word_1_841' title='bbox 1333 5462 1389 5507; x_wconf 90' lang='lat' dir='ltr'><strong>et</strong></span> <span class='ocrx_word' id='word_1_842' title='bbox 1438 5452 1797 5524; x_wconf 73' lang='lat' dir='ltr'><strong>coogregabit</strong></span> <span class='ocrx_word' id='word_1_843' title='bbox 1827 5466 1991 5507; x_wconf 89' lang='lat' dir='ltr'><strong>omne</strong></span> <span class='ocrx_word' id='word_1_844' title='bbox 2034 5450 2387 5522; x_wconf 72' lang='lat' dir='ltr'><strong>ﬁgmentum,</strong></span> <span class='ocrx_word' id='word_1_845' title='bbox 2413 5454 2668 5507; x_wconf 87' lang='lat' dir='ltr'><strong>daturum</strong></span> <span class='ocrx_word' id='word_1_846' title='bbox 2698 5453 2969 5508; x_wconf 87' lang='lat' dir='ltr'><strong>rationem</strong></span> <span class='ocrx_word' id='word_1_847' title='bbox 3037 5469 3232 5509; x_wconf 87' lang='lat' dir='ltr'><strong>eorum</strong></span> <span class='ocrx_word' id='word_1_848' title='bbox 3292 5471 3417 5525; x_wconf 72' lang='lat' dir='ltr'><strong>qua:</strong></span> <span class='ocrx_word' id='word_1_849' title='bbox 3482 5454 3612 5511; x_wconf 81' lang='lat' dir='ltr'><strong>fecit</strong></span> <span class='ocrx_word' id='word_1_850' title='bbox 3665 5454 3814 5513; x_wconf 79' lang='lat' dir='ltr'><strong>bene</strong></span> 
     </span>
    </p>
   </div>
   <div class='ocr_carea' id='block_1_104' title="bbox 558 5539 3451 5595">
    <p class='ocr_par' dir='ltr' id='par_1_104' title="bbox 558 5539 3451 5595">
     <span class='ocr_line' id='line_1_104' title="bbox 558 5539 3451 5595; baseline 0 -2"><span class='ocrx_word' id='word_1_851' title='bbox 558 5539 645 5594; x_wconf 89' lang='lat' dir='ltr'><strong>vel</strong></span> <span class='ocrx_word' id='word_1_852' title='bbox 674 5539 835 5595; x_wconf 85' lang='lat' dir='ltr'><strong>male.</strong></span> <span class='ocrx_word' id='word_1_853' title='bbox 2914 5562 2921 5569; x_wconf 62' lang='grc' dir='ltr'><strong><em>υ</em></strong></span> <span class='ocrx_word' id='word_1_854' title='bbox 3446 5590 3451 5593; x_wconf 87' lang='grc'><strong>.</strong></span> 
     </span>
    </p>
   </div>
   <div class='ocr_carea' id='block_1_105' title="bbox 630 5627 2124 5709">
    <p class='ocr_par' dir='ltr' id='par_1_105' title="bbox 630 5628 2124 5707">
     <span class='ocr_line' id='line_1_105' title="bbox 630 5628 2124 5707; baseline 0.005 -24"><span class='ocrx_word' id='word_1_855' title='bbox 630 5628 723 5684; x_wconf 76' lang='lat' dir='ltr'><strong>XI.</strong></span> <span class='ocrx_word' id='word_1_856' title='bbox 759 5630 885 5687; x_wconf 70' lang='lat' dir='ltr'><strong>[hec</strong></span> <span class='ocrx_word' id='word_1_857' title='bbox 911 5643 1060 5697; x_wconf 91' lang='lat' dir='ltr'><strong>sunt.</strong></span> <span class='ocrx_word' id='word_1_858' title='bbox 1089 5650 1122 5690; x_wconf 93' lang='grc' dir='ltr'><strong>ο</strong></span> <span class='ocrx_word' id='word_1_859' title='bbox 1146 5634 1335 5707; x_wconf 74' lang='lat' dir='ltr'><strong>iudex,</strong></span> <span class='ocrx_word' id='word_1_860' title='bbox 1370 5652 1569 5692; x_wconf 90' lang='lat' dir='ltr'><strong>arcana</strong></span> <span class='ocrx_word' id='word_1_861' title='bbox 1619 5637 1965 5694; x_wconf 63' lang='lat' dir='ltr'><strong>oeconomia.</strong></span> <span class='ocrx_word' id='word_1_862' title='bbox 1996 5637 2124 5692; x_wconf 83' lang='lat' dir='ltr'><strong>Pro-</strong></span> 
     </span>
    </p>
   </div>
   <div class='ocr_carea' id='block_1_106' title="bbox 2225 5627 3809 5709">
    <p class='ocr_par' dir='ltr' id='par_1_106' title="bbox 2300 5627 3809 5709">
     <span class='ocr_line' id='line_1_106' title="bbox 2300 5627 3809 5709; baseline 0.002 -23"><span class='ocrx_word' id='word_1_863' title='bbox 2300 5632 2410 5688; x_wconf 67' lang='lat' dir='ltr'><strong>IAZ.</strong></span> <span class='ocrx_word' id='word_1_864' title='bbox 2446 5633 2656 5700; x_wconf 82' lang='grc' dir='ltr'>Ταῦτα,</span> <span class='ocrx_word' id='word_1_865' title='bbox 2679 5627 2726 5688; x_wconf 76' lang='grc' dir='ltr'>ὦ</span> <span class='ocrx_word' id='word_1_866' title='bbox 2754 5633 3008 5702; x_wconf 75' lang='grc' dir='ltr'>δικαστά,</span> <span class='ocrx_word' id='word_1_867' title='bbox 3042 5634 3111 5690; x_wconf 76' lang='grc' dir='ltr'><strong>τά</strong></span> <span class='ocrx_word' id='word_1_868' title='bbox 3154 5634 3257 5707; x_wconf 84' lang='grc' dir='ltr'><strong>τῆς</strong></span> <span class='ocrx_word' id='word_1_869' title='bbox 3288 5634 3809 5709; x_wconf 82' lang='grc' dir='ltr'>οίκονομίαςάπόῤ-</span> 
     </span>
    </p>
   </div>
   <div class='ocr_carea' id='block_1_107' title="bbox 561 5726 2124 5800">
    <p class='ocr_par' dir='ltr' id='par_1_107' title="bbox 561 5727 2124 5799">
     <span class='ocr_line' id='line_1_107' title="bbox 561 5727 2124 5799; baseline 0.008 -28"><span class='ocrx_word' id='word_1_870' title='bbox 561 5729 749 5791; x_wconf 86' lang='lat' dir='ltr'><strong>pterca</strong></span> <span class='ocrx_word' id='word_1_871' title='bbox 783 5731 868 5777; x_wconf 91' lang='lat' dir='ltr'><strong>est</strong></span> <span class='ocrx_word' id='word_1_872' title='bbox 892 5732 949 5778; x_wconf 86' lang='lat' dir='ltr'><strong>et</strong></span> <span class='ocrx_word' id='word_1_873' title='bbox 976 5740 1133 5792; x_wconf 77' lang='lat' dir='ltr'><strong>crux,</strong></span> <span class='ocrx_word' id='word_1_874' title='bbox 1157 5736 1213 5780; x_wconf 92' lang='lat' dir='ltr'><strong>et</strong></span> <span class='ocrx_word' id='word_1_875' title='bbox 1241 5742 1410 5793; x_wconf 86' lang='lat' dir='ltr'><strong>mors,</strong></span> <span class='ocrx_word' id='word_1_876' title='bbox 1441 5737 1498 5784; x_wconf 88' lang='lat' dir='ltr'><strong>et</strong></span> <span class='ocrx_word' id='word_1_877' title='bbox 1546 5727 1850 5798; x_wconf 87' lang='lat' dir='ltr'><strong>sepultura,</strong></span> <span class='ocrx_word' id='word_1_878' title='bbox 1879 5743 2001 5799; x_wconf 58' lang='lat' dir='ltr'><strong>quae</strong></span> <span class='ocrx_word' id='word_1_879' title='bbox 2026 5742 2124 5783; x_wconf 86' lang='lat' dir='ltr'><strong>vos</strong></span> 
     </span>
    </p>
   </div>
   <div class='ocr_carea' id='block_1_108' title="bbox 2225 5726 3806 5800">
    <p class='ocr_par' dir='ltr' id='par_1_108' title="bbox 2235 5726 3806 5800">
     <span class='ocr_line' id='line_1_108' title="bbox 2235 5726 3806 5800; baseline -0.002 -17"><span class='ocrx_word' id='word_1_880' title='bbox 2235 5728 2521 5800; x_wconf 64' lang='grc' dir='ltr'>ῥπτα-Διά</span> <span class='ocrx_word' id='word_1_881' title='bbox 2550 5726 2710 5779; x_wconf 86' lang='grc' dir='ltr'>τοῦτο</span> <span class='ocrx_word' id='word_1_882' title='bbox 2742 5727 2991 5795; x_wconf 81' lang='grc' dir='ltr'>σταυρὸς,</span> <span class='ocrx_word' id='word_1_883' title='bbox 3035 5728 3132 5782; x_wconf 68' lang='grc' dir='ltr'><strong>καὶ</strong></span> <span class='ocrx_word' id='word_1_884' title='bbox 3181 5728 3429 5794; x_wconf 79' lang='grc' dir='ltr'>θάνατος,</span> <span class='ocrx_word' id='word_1_885' title='bbox 3482 5729 3580 5782; x_wconf 70' lang='grc' dir='ltr'>καὶ</span> <span class='ocrx_word' id='word_1_886' title='bbox 3634 5742 3806 5799; x_wconf 61' lang='grc' dir='ltr'>ταφῇ,</span> 
     </span>
    </p>
   </div>
   <div class='ocr_carea' id='block_1_109' title="bbox 562 5811 2124 5893">
    <p class='ocr_par' dir='ltr' id='par_1_109' title="bbox 562 5811 2124 5890">
     <span class='ocr_line' id='line_1_109' title="bbox 562 5811 2124 5890; baseline 0.004 -22"><span class='ocrx_word' id='word_1_887' title='bbox 562 5825 689 5868; x_wconf 83' lang='lat' dir='ltr'><strong>cum</strong></span> <span class='ocrx_word' id='word_1_888' title='bbox 721 5811 939 5869; x_wconf 83' lang='lat' dir='ltr'><strong>Christo</strong></span> <span class='ocrx_word' id='word_1_889' title='bbox 983 5816 1246 5888; x_wconf 81' lang='lat' dir='ltr'><strong>objicilis,</strong></span> <span class='ocrx_word' id='word_1_890' title='bbox 1292 5832 1398 5874; x_wconf 89' lang='lat' dir='ltr'><strong>non</strong></span> <span class='ocrx_word' id='word_1_891' title='bbox 1430 5819 1866 5875; x_wconf 81' lang='lat' dir='ltr'><strong>animadvertitis</strong></span> <span class='ocrx_word' id='word_1_892' title='bbox 1896 5836 1994 5876; x_wconf 80' lang='lat' dir='ltr'><strong>vos</strong></span> <span class='ocrx_word' id='word_1_893' title='bbox 2027 5835 2124 5890; x_wconf 88' lang='lat' dir='ltr'><strong>per</strong></span> 
     </span>
    </p>
   </div>
   <div class='ocr_carea' id='block_1_110' title="bbox 2225 5811 3810 5893">
    <p class='ocr_par' dir='ltr' id='par_1_110' title="bbox 2233 5818 3810 5893">
     <span class='ocr_line' id='line_1_110' title="bbox 2233 5818 3810 5893; baseline -0.006 -8"><span class='ocrx_word' id='word_1_894' title='bbox 2233 5819 2267 5872; x_wconf 66' lang='grc' dir='ltr'><strong>ἃ</strong></span> <span class='ocrx_word' id='word_1_895' title='bbox 2292 5819 2449 5889; x_wconf 76' lang='grc' dir='ltr'>ὕμεΐς</span> <span class='ocrx_word' id='word_1_896' title='bbox 2477 5818 2555 5888; x_wconf 76' lang='grc' dir='ltr'>τῷ</span> <span class='ocrx_word' id='word_1_897' title='bbox 2576 5820 2795 5891; x_wconf 77' lang='grc' dir='ltr'>Χριστῷ</span> <span class='ocrx_word' id='word_1_898' title='bbox 2822 5821 2906 5877; x_wconf 67' lang='lat' dir='ltr'><strong>is‘</strong></span> <span class='ocrx_word' id='word_1_899' title='bbox 2941 5820 3135 5893; x_wconf 75' lang='grc' dir='ltr'>ἀτιμίᾳ</span> <span class='ocrx_word' id='word_1_900' title='bbox 3179 5821 3543 5890; x_wconf 66' lang='grc' dir='ltr'>προφέροντες</span> <span class='ocrx_word' id='word_1_901' title='bbox 3571 5821 3661 5884; x_wconf 77' lang='grc' dir='ltr'>διὰ</span> <span class='ocrx_word' id='word_1_902' title='bbox 3682 5822 3810 5875; x_wconf 66' lang='grc' dir='ltr'>τοὺ-</span> 
     </span>
    </p>
   </div>
  </div>
