4120 6378
399 329 508 395 ἷοέι

1194 328 1675 390 MARTYRIUM
1717 329 1779 394 S.
1821 330 2284 395 SEBASTIANI
2327 337 2424 398 ET
2468 337 2891 403 SOCIORUM.

3575 351 3685 415 ξοδ

392 466 496 506 του
538 445 817 502 δεικνύετε
868 444 1036 500 αὑτοῦ
1091 445 1151 500 τὸ
1206 445 1528 519 σεϐάσμιον.
1571 450 1633 503 Et
1661 449 1771 524 γὰρ
1799 453 1894 506 καὶ
1919 453 1995 518 ὼς

2097 465 2160 505 ea
2186 466 2283 521 per
2311 467 2432 521 quae
2452 455 2797 526 contemptui
2824 454 3061 523 habetis,
3088 454 3381 515 ostendere
3403 476 3530 516 cum
3560 479 3681 519 essu

398 541 690 610 ἄνθρωπος
720 538 1014 604 πέπονθεν,
1044 538 1157 594 ἀλλ’
1187 539 1485 611 ἐγήγερται
1513 540 1589 605 ῶς
1625 541 1779 605 Θεός·
1810 545 1859 597 εί
1893 545 1987 600 καὶ

400 633 560 702 ὑμεῖς
585 630 817 700 ἀφέντες
841 630 911 685 τά
943 630 1079 686 Θεὸν
1113 630 1280 685 αὑτὸν
1328 632 1706 702 παριστῶντα,
1741 637 1853 699 τοῖς
1878 620 2003 707 τῆς

395 706 823 795 ἀνθρωπότητος
868 724 1302 796 ὲγκαταμένετε,
1340 723 1441 795 τὴν
1471 723 1785 795 οἰκονομίαν
1815 706 1982 782 αὑτοῦ

395 815 496 870 καὶ
530 816 821 870 ἀσθένειαν
857 815 1200 885 λογιζόμενοι
1222 856 1236 881 ,
1272 816 1367 870 καὶ
1401 817 1522 870 οὑδὲ
1562 817 1629 873 τά
1667 819 1987 889 παραδόξως

395 903 519 955 τότε
571 903 668 956 καὶ
707 902 802 956 νῦν
854 905 912 957 ἑν
965 904 1042 974 τῷ
1096 904 1323 975 ὀνόματι
1380 906 1548 959 αὑτοῦ
1609 909 1984 979 ἐνεργούμενα

396 996 665 1049 πέπεικεν
719 996 863 1065 ὑμᾶς
903 996 1002 1067 ὀψέ
1038 1014 1166 1051 ποτε
1217 1000 1515 1067 ἐπιγνῶναι
1548 1001 1643 1055 τὴν
1674 1002 1978 1058 πλάσαντα.

396 1089 474 1140 Ἦ
503 1088 603 1157 οὑχ
631 1089 765 1158 ὁρᾷς
794 1084 906 1152 οἷος
941 1088 1098 1157 καγὼ
1150 1090 1214 1143 ὲκ
1247 1091 1347 1160 τῆς
1398 1091 1536 1161 πρὸς
1581 1092 1745 1145 αὑτὸν
1786 1094 1982 1162 ὁμολο-

401 1179 525 1247 γίας
554 1179 649 1232 καὶ
675 1178 769 1230 τοῦ
799 1179 1177 1249 βαπτίσματος
1199 1180 1546 1251 ἀναπέφηνα,
1570 1181 1598 1232 ὁ
1629 1183 1761 1253 πρὶν
1787 1199 1984 1253 παρει-

400 1269 560 1338 μένος
598 1268 694 1320 καὶ
731 1269 868 1337 μηδὲ
898 1268 1136 1338 βαδίζειν
1170 1272 1358 1340 σχεδον
1384 1271 1723 1341 δυνάμενο;;

368 1146 388 1293 i

2090 542 2383 598 colendum
2443 555 2499 600 et
2537 549 2941 603 venerandum.
2977 549 3034 605 Si
3080 550 3227 604 enim
3271 567 3466 621 passus
3498 565 3584 610 est
3618 565 3680 611 nt

2092 633 2281 699 homo,
2329 640 2633 694 resurrexit
2662 647 2725 694 ιιι
2769 640 2956 707 Deus;
2993 642 3213 697 etiamsi
3249 658 3348 698 vos
3371 645 3580 701 relictis
3611 647 3678 701 iis

2092 741 2215 796 quae
2250 736 2378 783 sunt
2426 730 2753 797 excelsiora,
2805 741 2862 787 et
2909 748 3034 802 quze
3080 750 3205 789 eum
3252 746 3444 805 aperte
3501 737 3676 792 Deum

2094 819 2418 887 ostendunt,
2467 825 2801 879 remanentis
2829 825 2882 878 in
2919 824 2987 880 iis
3019 841 3143 896 quae
3191 836 3322 881 sunt
3349 829 3673 885 humiliora.

2092 912 2288 982 ejusin
2314 912 2564 968 homines
2595 915 2993 986 benignitatem
3029 928 3085 972 et
3107 920 3474 974 oeconomiam
3510 938 3677 991 repu-

2092 1009 2274 1057 tantes
2306 1002 2772 1066 imbecillitatem.
2805 1013 2859 1059 et
2890 1022 3070 1077 neque
3103 1023 3270 1078 Opera
3301 1009 3673 1075 admirabilia,

2089 1110 2214 1165 quae
2245 1103 2302 1150 et
2352 1105 2484 1151 tunc
2536 1107 2590 1152 et
2624 1114 2774 1153 nunc
2807 1099 2945 1153 iinnt
2973 1100 3029 1153 in
3077 1101 3196 1171 ejus
3226 1102 3474 1167 nomine,
3517 1104 3675 1161 vobfs

2093 1187 2311 1242 tandem
2342 1200 2740 1258 persuaserunt
2765 1191 2969 1246 intueri
3002 1191 3070 1246 ad
3096 1194 3387 1248 veritatem
3423 1207 3478 1249 c'.
3507 1212 3677 1263 agno—

2092 1296 2247 1336 scere
2296 1293 2628 1339 creatorem.
2661 1285 2741 1340 An
2772 1302 2883 1341 non
2915 1286 3072 1342 vides
3103 1289 3281 1357 qualis
3306 1304 3408 1359 ego
3448 1305 3672 1360 quoque

395 1363 668 1417 cvaserim
717 1376 786 1416 ex
836 1362 1184 1419 confessione
1264 1365 1387 1436 ejus
1436 1373 1492 1420 et
1541 1366 1867 1435 baptismate
1916 1370 2011 1440 qui
2051 1374 2209 1445 prius
2295 1393 2446 1433 eram
2502 1379 2766 1434 membris
2813 1380 3118 1436 dissolutus
3173 1389 3229 1437 ct
3284 1382 3371 1437 vix
3424 1392 3671 1453 poteram

393 1455 611 1525 ingredi
630 1454 654 1507 ?

467 1548 569 1601 IB'.
613 1548 768 1601 Ἐπεὶ
797 1546 957 1601 τοῦτο
991 1549 1019 1603 ὀ
1048 1547 1288 1619 ἔπαρχος
1327 1550 1533 1621 ἢκουσε
1560 1552 1653 1606 καὶ
1688 1553 1748 1607 τὸ
1778 1555 1978 1626 ἀληθὲς

391 1644 497 1714 τῆς
553 1645 841 1708 εὐσεϐείας
909 1647 1080 1716 σαφὲς
1137 1648 1490 1714 ἐδιδάσκετο,
1547 1649 1793 1703 ἐκποδὼν
1851 1654 1978 1717 τοὺς

395 1736 763 1805 παρεστῶτας
796 1737 1187 1804 ποιησάμενος,
1241 1738 1401 1807 καλεῖ
1444 1739 1561 1810 cev;
1577 1741 1977 1810 Τραγκυλῖνον,

395 1827 492 1881 καὶ
512 1827 662 1896 λέγει
689 1827 862 1899 αὑτῷ·
906 1829 1074 1900 Ὀρῶ,
1104 1829 1322 1900 ἀδελφέ,
1348 1833 1430 1885 ὅτι
1455 1833 1556 1885 οὑκ
1574 1833 1736 1896 ἄλλος
1760 1833 1792 1904 ἢ
1819 1836 1979 1905 μόνος

392 1913 556 1985 οὗτος
589 1921 744 1985 Θεὸς,
773 1925 801 1976 ὁ
836 1922 966 1993 παρ’
995 1923 1151 1991 ὑμῶν
1183 1925 1683 1995 προσκυνούμενος,
1717 1922 1870 1997 ᾧπερ
1931 1931 1979 1982 εξ

2155 1556 2271 1612 XII.
2331 1558 2627 1629 Postquam
2681 1559 2797 1615 haec
2847 1560 3057 1616 audivit
3108 1561 3425 1633 praefectus,
3495 1565 3672 1619 tacuit

2085 1649 2409 1719 aliquandiu
2448 1660 2654 1706 etcum
2693 1668 2815 1722 qua:
2866 1652 3013 1708 dicta
3052 1654 3278 1709 fuerant
3321 1655 3507 1710 animo
3549 1657 3667 1727 agi—

2087 1748 2253 1796 lasset
2281 1750 2334 1796 et
2365 1742 2592 1798 vidisset
2640 1758 2730 1799 res
2760 1744 2945 1798 verbis
2972 1760 3303 1815 congruere,
3365 1754 3420 1801 et
3459 1749 3666 1802 verita-

2088 1843 2197 1887 tem
2258 1834 2542 1904 religionis
2576 1851 2641 1889 ex
2669 1837 2953 1891 miraculis
3008 1848 3199 1907 aperte
3253 1838 3563 1908 didicisset,
3594 1841 3665 1897 iis

2088 1923 2180 1992 qni
2215 1924 2447 1978 aderant
2491 1925 2739 1989 semotis,
2780 1933 2941 1980 vocat
2989 1927 3473 1997 Tranquillinum,
3507 1939 3561 1982 ct
3611 1933 3665 1984 ei

398 2013 582 2086 βούλει
647 2015 792 2086 κάμὲ
826 1984 1183 2086 προσελὺεἰν,
1219 1984 1316 2069 νῦν
1363 2019 1464 2088 μὲν
1500 1984 1679 2074 ’ἄπιθι
1702 1984 1761 2074 ὲν
1807 1984 1982 2092 ἁιπορ-

2084 2014 2219 2068 dicit
2253 2033 2269 2072 :
2301 2015 2495 2081 Video,
2547 2016 2737 2082 frater,
2770 2033 2891 2073 esse
2923 2033 3175 2087 magnam
3222 2018 3662 2075 Christianorum

400 2107 590 2178 ρήτοις
636 2107 771 2176 ἔχων
818 2108 880 2161 τὸ
917 2108 1169 2179 βούλημα
1214 2111 1432 2175 οἴκαδε,
1475 2114 1543 2183 τῇ
1596 2112 1653 2166 δὲ
1697 2113 1825 2182 ἑξῆς
1855 2116 1982 2178 τοὺς

398 2202 590 2269 ἁγίους
618 2199 822 2265 λαϐὼν,
856 2200 949 2267 οὓς
973 2204 1304 2274 προεστάναι
1343 2206 1449 2277 φής
1481 2205 1592 2259 τῶν
1627 2209 1982 2280 συνειλεγμέ-

395 2311 504 2348 νων
542 2295 911 2365 Χριστιανῶν,
970 2296 1146 2364 ἄγαγε
1200 2297 1340 2367 πρός
1393 2316 1458 2368 με
1496 2299 1741 2353 σπεύδων
1773 2302 1981 2372 μηδένα

394 2386 618 2449 τούτους
651 2388 802 2441 ἰδεῖν.
854 2388 1054 2441 Μέλλω
1090 2388 1198 2459 γὰρ
1249 2389 1405 2455 κάγὼ
1437 2390 1506 2446 δι’
1535 2391 1761 2446 ἐκείνων
1806 2410 1981 2464 προσο

397 2480 634 2550 ἀχθῆναι
658 2480 903 2550 Χριστῷ.
939 2481 1090 2534 Μετὰ
1116 2480 1291 2534 ταῦτα
1321 2484 1347 2535 ὀ
1373 2483 1748 2553 Τραγκυλῖνος
1779 2487 1858 2546 είς
1890 2485 1981 2538 τὸν

397 2570 564 2626 αὑτοῦ
595 2567 744 2624 οἶκον
797 2571 1011 2635 ἐλθὼν,
1035 2573 1132 2625 καὶ
1161 2573 1228 2625 τὰ
1265 2573 1407 2625 κατὰ
1437 2574 1531 2626 τὸν
1571 2573 1815 2645 ἔπαρχον
1867 2578 1980 2639 τοῖς

396 2663 576 2731 ἁγίοις
601 2662 897 2734 γνωρίσας,
934 2663 1280 2734 εὐφροσύνης
1302 2664 1524 2725 τούτους
1550 2665 1748 2737 πληροῖ
1780 2667 1981 2736 μαοόν-

395 2770 496 2817 τας
528 2755 619 2807 τὸν
652 2755 916 2823 πρότερον
938 2754 1173 2823 διώκτην
1203 2753 1407 2824 θερμὸν
1450 2755 1708 2821 ἐσόμενον
1730 2758 1853 2810 ὅσον
1885 2757 1978 2812 οὑ-

398 2861 488 2898 πω
518 2847 613 2916 τῆς
641 2847 920 2909 εὐσεϐείας
955 2847 1284 2914 ἀγωνιστήν.
1313 2846 1476 2899 Ὅθεν
1502 2848 1599 2916 μὲν
1622 2848 1857 2917 ψαλμοῖς
1885 2852 1979 2904 καὶ

399 2936 586 3007 ὕμνοις
615 2939 712 3009 την
734 2937 905 2991 νύκτα
929 2940 1110 2991 πᾶσαν
1127 2938 1439 3007 διήνεγκαν,
1456 2942 1552 2992 καὶ
1574 2940 1692 3009 ἅμα
1719 2942 1863 3011 πρωϊ
1884 2941 1979 2995 λα-

397 3026 507 3082 ϐὼν
527 3030 935 3100 ὁΤραγκυλῖνος
956 3032 1081 3095 τοὺς
1103 3030 1294 3099 ἁγίους
1314 3031 1676 3085 Σεϐαστιανδν
1702 3036 1793 3086 καὶ
1812 3034 1981 3087 Πολύ-

395 3137 611 3192 καρπον
632 3123 763 3193 πρὸς
794 3124 886 3177 τὸν
916 3122 1154 3193 ἔπαρχον
1186 3121 1429 3193 ἔρχεται,
1459 3121 1553 3185 οὓς
1588 3124 1797 3188 ἐκεῖνος
1825 3125 1974 3193 ἰδὼν,

394 3217 596 3287 ἀνέστη
631 3220 725 3271 καὶ
754 3218 865 3271 τῶν
898 3217 1074 3270 ποδῶν
1105 3216 1288 3269 αὑτῶν
1315 3215 1687 3286 ἐφαψάμενος,
1719 3216 1887 3271 ἐδεῖτό
1919 3236 1975 3272 τε

2086 2106 2430 2176 religionem,
2487 2116 2544 2161 et
2572 2124 2680 2162 non
2723 2123 2845 2164 esse
2878 2108 3048 2163 alium
3076 2110 3248 2163 Deum
3298 2120 3502 2180 praeter
3536 2127 3664 2166 eum

2085 2200 2264 2254 solum
2291 2199 2385 2269 qni
2418 2214 2448 2253 a
2482 2199 2643 2254 vobis
2682 2200 2973 2254 adoratur.
3027 2201 3085 2255 Si
3122 2217 3254 2273 ergo
3288 2203 3372 2256 vis
3400 2219 3486 2258 me
3525 2220 3665 2275 quo-

2084 2306 2190 2360 que
2226 2289 2294 2344 ad
2340 2307 2468 2345 eum
2515 2291 2782 2347 accedere
2809 2332 2824 2358 ,
2858 2301 2912 2348 et
2950 2308 3071 2348 esse
3121 2303 3300 2349 tecum
3339 2296 3660 2366 participem

2084 2386 2191 2439 tua:
2233 2385 2536 2455 religionis,
2582 2401 2729 2440 nunc
2771 2386 2995 2456 quidem
3038 2386 3128 2441 abi
3188 2388 3439 2453 domum,
3476 2404 3661 2443 scere-

2086 2485 2199 2531 tum
2250 2487 2444 2532 tenens
2472 2480 2789 2532 consilium.
2847 2478 3103 2535 Crastino
3151 2492 3334 2535 autem
3378 2481 3468 2535 die
3518 2483 3666 2536 acci-

2081 2566 2239 2637 piens
2269 2577 2508 2631 sanetos,
2538 2584 2677 2636 quos
2729 2568 2868 2623 dicis
2900 2584 3137 2639 praeesse
3190 2570 3440 2626 collectis
3495 2571 3665 2625 Clll‘l-

2082 2660 2305 2727 stianis,
2365 2660 2473 2716 due
2526 2660 2592 2714 ad
2627 2676 2737 2726 me,
2783 2661 3033 2717 adhibito
3067 2663 3253 2718 studio
3315 2680 3384 2718 ne
3413 2665 3539 2734 quis
3566 2680 3667 2720 eos

2081 2755 2286 2808 videat.
2320 2753 2455 2808 Nam
2494 2769 2596 2824 ego
2627 2770 2849 2824 quoque
2894 2770 3016 2809 sum
3048 2755 3271 2812 Christo
3299 2773 3399 2826 per
3430 2758 3552 2812 illos
3581 2764 3669 2811 ot-

2083 2846 2368 2910 ferendus.
2422 2847 2619 2901 relicto
2650 2862 2840 2902 errore
2900 2848 3343 2904 simulacrorum.
3383 2851 3515 2903 Post
3548 2850 3667 2905 ba-c

2085 2955 2218 3010 ergo
2252 2940 2480 2994 dimisso
2508 2940 2764 3005 consilio,
2795 2956 2922 2995 cum
2965 2942 3019 2995 in
3047 2942 3271 2997 domum
3300 2958 3454 2997 suam
3481 2943 3667 2999 venis-

2082 3038 2164 3084 set
2197 3030 2638 3100 Tranquillinus,
2672 3041 2728 3087 et
2752 3033 2958 3086 sanctis
2992 3042 3275 3089 narrasset
3301 3035 3667 3103 quemadmo-

2083 3121 2213 3176 dum
2254 3122 2478 3177 locutus
2507 3122 2703 3178 fuisset
2734 3138 2859 3177 cum
2891 3125 3176 3194 praefecto,
3212 3134 3266 3180 et
3297 3128 3664 3196 quemadmo—

2083 3216 2212 3269 dum
2276 3215 2326 3273 ci
2379 3223 2735 3286 persuaserat
2779 3224 2861 3297 *ιιι
2927 3217 3253 3287 religionem
3331 3228 3665 3291 sequeretur

396 3307 734 3375 κατεχούσης
756 3305 912 3359 νόσου
935 3298 1453 3373 ἀπα>.).αγῆναι.⁷Ην
1478 3305 1588 3373 γὰρ
1614 3303 1674 3356 τδ
1696 3302 1858 3372 σῶμα
1881 3306 1979 3357 αὑ-

2083 3306 2475 3374 Christianam,
2509 3308 2695 3363 eii'eeit
2727 3317 2789 3362 ut
2845 3323 3040 3365 omnes
3076 3327 3269 3380 magna
3304 3312 3665 3369 adicerentur

393 3397 490 3450 τοῦ
509 3397 914 3469 σεσωρευμένον
941 3398 1020 3459 είς
1040 3396 1236 3463 ὑγκους
1261 3394 1508 3457 ἅπαντας
1536 3412 1603 3448 πε
1614 3397 1975 3466 πωρωμένον,

390 3486 470 3550 ὡς
489 3488 737 3541 ἐντεῦθεν
763 3486 914 3558 αὑτῷ
934 3486 1185 3557 βραδεῖαν
1225 3490 1321 3540 καὶ
1350 3485 1604 3557 ναρκώδη
1634 3487 1731 3558 τὴν
1762 3489 1979 3559 κίνησιν

395 3579 667 3650 γίνεσθαι.
691 3579 815 3631 Τῶν
844 3579 900 3632 δὲ
924 3579 1381 3648 ὑπισχνουμένων
1401 3578 1501 3648 τὴν
1530 3578 1673 3632 ἴασιν
1694 3579 1742 3632 εἰ
1767 3578 1827 3643 ἐξ
1847 3580 1978 3650 ὅλης

296 3716 311 3728 .
393 3672 629 3743 καρδίας
688 3670 970 3726 πιστεύσοι
1022 3672 1101 3741 τῷ
1143 3673 1293 3741 Θεῷ,
1345 3673 1497 3740 φωνῇ
1553 3672 1765 3742 μεγάλῃ
1815 3674 1976 3726 τοῦτο

389 3766 835 3835 ἀνωμολόγησεν.
867 3764 1027 3819 Ἀλλὰ
1060 3764 1237 3817 καὶτὰ
1261 3768 1318 3816 ὲν
1348 3764 1425 3835 τῶ
1452 3763 1585 3834 οίκῳ
1613 3764 1779 3818 αὑτοῦ
1807 3764 1973 3831 ξόανα

390 3860 513 3918 ταῖς
554 3856 663 3908 τῶν
703 3857 874 3923 ἁγίων
904 3854 1213 3923 ὑποθήκαις
1243 3854 1570 3922 συντρίψας,
1604 3853 1702 3906 καὶ
1741 3853 1815 3915 ὼς
1842 3853 1971 3925 χοῦν

389 3947 684 4013 λεπτύνας,
708 3947 854 4018 ἔργῳ
885 3947 982 4016 τὴν
1016 3946 1199 3998 πίστιν
1229 3942 1566 4006 ἐπεδείξατο.

2083 3400 2270 3455 laetitia
2297 3441 2311 3462 ,
2347 3418 2473 3456 eum
2514 3401 3039 3465 rescivissentcum,
3071 3402 3164 3472 qui
3196 3403 3355 3473 prius
3386 3413 3507 3460 erat
3542 3421 3670 3475 per-

2083 3502 2341 3556 secutor,
2398 3492 2642 3547 futurum
2704 3508 2890 3550 acrem
2974 3492 3309 3550 Christianis
3371 3497 3661 3553 athletam.

2081 3581 2266 3648 Quare
2307 3598 2431 3637 eum
2482 3598 2589 3638 nox
2626 3584 2715 3637 illa
2772 3583 2970 3639 fuisset
3009 3598 3337 3656 consumpta
3402 3586 3458 3642 in
3516 3591 3666 3659 psal-

2084 3670 2188 3723 mis
2214 3679 2267 3722 et
2296 3669 2537 3741 hymnis.
2584 3672 2677 3725 ubi
2720 3671 2841 3727 dies
2900 3672 3148 3736 advenit.
3183 3675 3464 3745 accipiens
3495 3679 3669 3733 Trans

2081 3760 2347 3830 quillinus
2391 3762 2611 3816 sanctos
2648 3763 3032 3818 Sebastianum
3069 3772 3125 3819 et
3151 3765 3509 3838 Polycarpum
3540 3771 3668 3830 :sic-

2083 3862 2143 3905 ut
2197 3856 2248 3907 ei
2286 3854 2528 3923 iusserat
2574 3854 2868 3924 praefectus
2895 3896 2908 3921 ,
2945 3856 3081 3910 abiit
3122 3857 3176 3911 in
3236 3859 3459 3912 domum
3484 3875 3663 3917 suam.

2078 3943 2228 4010 Quos
2254 3958 2377 3997 eum
2416 3944 2645 4000 vidisset
2682 3946 2982 4017 ingressos,
3023 3949 3286 4017 surrexit,
3314 3960 3370 4004 et
3419 3966 3543 4004 cum
3572 3969 3671 4024 pe-

391 4042 492 4099 des
523 4057 715 4098 corum
761 4043 1067 4112 tetigisset,
1097 4042 1309 4110 rogavit
1344 4049 1403 4093 ut
1430 4038 1661 4093 salutem
1702 4048 2116 4107 assequeretur,
2157 4047 2213 4093 et
2277 4040 2609 4095 liberaretur
2683 4041 2752 4094 ab
2816 4057 2883 4096 eo
2916 4041 3110 4097 morbo
3156 4059 3268 4113 quo
3337 4045 3663 4112 laborabat;

388 4135 683 4191 eratenim
716 4150 917 4204 corpus
947 4134 1065 4204 ejus
1106 4141 1281 4187 totum
1307 4132 1664 4185 tumelactum
1693 4141 1750 4185 et
1790 4133 2070 4197 mutilum,
2133 4132 2274 4186 adeo
2346 4145 2407 4187 ut
2466 4148 2535 4186 ex
2606 4132 2711 4187 hoc
2732 4134 2782 4188 ei
2825 4133 2979 4189 ﬁeret
3060 4135 3252 4190 tardus
3293 4145 3348 4192 et
3415 4139 3670 4207 torpidus

389 4238 600 4283 motus.
629 4228 763 4283 Cum
806 4228 840 4281 ii
869 4236 1052 4280 autem
1085 4224 1355 4278 dixissent
1398 4223 1515 4278 fore
1550 4232 1609 4278 ut
1633 4224 1686 4279 ei
1716 4224 1962 4279 membra
2005 4225 2381 4290 solverentur,
2411 4225 2455 4279 si
2485 4241 2551 4280 ex
2584 4234 2699 4280 toto
2722 4225 2890 4281 corde
2918 4226 3034 4282 Deo
3058 4228 3335 4295 crederet,
3376 4228 3481 4285 hoc
3533 4246 3670 4286 voce

389 4320 695 4376 clarissima
736 4329 819 4375 est
868 4318 1172 4380 confessus,
1225 4317 1494 4387 abnegata
1530 4319 1817 4387 impietate
1884 4319 2332 4373 simulacrorum.
2363 4317 2479 4372 Nec
2546 4318 2653 4373 hoc
2728 4319 2931 4381 solum.
2977 4320 3074 4375 sed
3140 4322 3307 4376 etiam
3381 4338 3505 4377 cum
3550 4324 3669 4394 ipsa

389 4415 701 4468 dannonum
737 4413 1031 4467 simulacra
1082 4425 1203 4481 quae
1242 4420 1400 4465 erant
1448 4409 1598 4465 domi
1637 4412 1776 4481 ejus,
1836 4420 2155 4467 sanctorum
2192 4413 2417 4467 monitis
2443 4411 2650 4467 ductus
2709 4413 3068 4469 contrivisset
3127 4423 3183 4470 et
3247 4414 3302 4470 in
3382 4417 3669 4487 pulverem

388 4508 826 4567 comminuisset.
861 4504 1103 4560 ostendit
1142 4504 1422 4567 sineepum
1469 4519 1609 4574 opus
1656 4503 1807 4560 fidei.

463 4599 561 4655 ll".
596 4601 764 4654 Ἔνθα
784 4599 882 4653 καὶ
903 4598 1112 4667 γίνεταί
1134 4615 1188 4651 τι
1223 4598 1386 4666 λόγου
1414 4599 1508 4650 καὶ
1539 4599 1762 4669 μνήμης
1798 4598 1970 4664 ἄξιον.

2154 4595 2293 4651 Xlll.
2345 4594 2464 4662 Quo
2511 4604 2758 4665 tempore
2820 4595 2881 4651 fit
2919 4596 3086 4653 etiam
3138 4597 3403 4667 quiddam
3438 4596 3666 4669 dignum

384 4694 711 4764 Τιϐούρτιος
764 4693 874 4765 γὰρ
931 4695 960 4745 ὑ
1015 4692 1131 4750 υίὸς
1181 4691 1650 4762 Χρωματίου,ἔτι
1705 4693 1832 4762 περὶ
1867 4694 1969 4761 τὴν

387 4787 575 4839 πίστιν
601 4784 900 4855 ἀμφίϐολος
931 4783 1030 4847 ὼν,
1063 4783 1187 4837 ἐπεὶ
1225 4783 1294 4836 τὰ
1324 4782 1423 4853 μὲν
1465 4782 1601 4835 ἄλλα
1629 4781 1724 4834 τοῦ
1759 4782 1968 4852 πατρὸς

387 4877 585 4930 εἴδωλα
620 4876 937 4945 συνετρίϐη,
973 4874 1032 4928 ἓν
1066 4876 1122 4929 δέ
1154 4893 1209 4927 τι
1259 4873 1576 4943 θαυμαστὸν
1610 4873 1973 4927 ὑπολέλειπτο

386 4966 551 5038 ἔργον
601 4968 659 5019 ἐν
702 4958 746 5032 ᾧ
781 4966 932 5018 πᾶσα
978 4962 1308 5035 ἀστρολογία
1352 4964 1449 5016 καὶ
1492 4961 1668 5033 ἡτῶν
1702 4961 1970 5032 οὐρανίων

387 5058 609 5129 κίνησις
660 5053 787 5129 ἦνΓ
821 5058 937 5119 τοῖς
1016 5056 1200 5118 ἄλλοις
1286 5054 1722 5123 ἐπιδυσχεράνας
1801 5050 1971 5106 αὑτοῦ

388 5152 722 5222 περιείχετο,
780 5151 877 5204 καὶ
930 5150 1033 5204 οὑκ
1088 5148 1176 5203 εία
1221 5147 1491 5219 πρότερον
1546 5145 1971 5216 συντριϐῆναιῆ

387 5246 587 5313 πεῖραν
639 5243 708 5296 δι’
737 5241 907 5297 αὑτοῦ
954 5241 1063 5296 τῶν
1093 5240 1267 5311 ἁγίων
1311 5240 1521 5306 λαϐεῖν,
1556 5239 1652 5293 καὶ
1707 5239 1856 5311 ἔργῳ
1886 5238 1978 5309 βε-

387 5334 694 5404 ϐαιωθῆναι
744 5334 885 5406 πρὸς
932 5335 1033 5402 τὴν
1082 5331 1369 5387 εὐσέϐειαν
1396 5347 1412 5363 ’
1449 5331 1546 5384 καὶ
1584 5329 1651 5401 δὴ
1678 5330 1974 5392 κλιϐάνους

387 5426 632 5495 ἐνεγκὼν
667 5424 766 5478 καὶ
795 5425 909 5496 πῦρ
932 5424 1300 5495 ὑποστρώσας
1329 5420 1474 5476 ὥστε
1507 5422 1967 5493 πυρακτωθῆναι,

385 5519 540 5586 λέγει
570 5520 687 5590 τοῖς
723 5517 923 5588 ἁγίοις
968 5518 1114 5570 Ἰστι
1154 5513 1343 5584 σαφῶς
1368 5515 1467 5581 ὼς,
1516 5516 1613 5569 τοῦ
1646 5514 1817 5569 καλοῦ
1845 5516 1972 5567 τοὺ-ι

384 5630 482 5666 του
507 5611 890 5683 συντριϐέντος
912 5611 1099 5681 ἔργου,
1127 5613 1177 5664 εἰ
1204 5610 1305 5680 μὲν
1330 5609 1521 5680 ρῶσιν,
1541 5606 1616 5671 ὼς
1645 5605 1971 5678 ὑπέσχεσθε,

383 5707 414 5758 ὁ
441 5704 577 5773 ὲμδς
608 5704 762 5775 εὖροι
797 5703 1002 5774 πατὴρ,
1051 5703 1262 5773 ἀληθὴς
1295 5702 1495 5772 ἔσομαι
1531 5698 1690 5768 κάγὼ
1728 5698 1971 5769 Χριστοῦ

388 5795 646 5870 μαθητής
670 5810 685 5825 '
719 5796 767 5849 εί
801 5794 859 5847 δὲ
907 5794 1004 5849 καὶ
1056 5794 1196 5866 μετά
1242 5792 1341 5865 τὴν
1377 5791 1569 5847 τούτου
1607 5787 1905 5863 συντριϐὴν
1938 5789 1971 5861 ἠ

2079 4688 2226 4759 quod
2289 4687 2507 4741 dicatur
2563 4699 2620 4741 et
2654 4689 2938 4743 memoria:
2993 4688 3310 4743 mandetur.
3374 4689 3668 4743 Tiburtius

2080 4781 2227 4835 enim
2264 4780 2411 4834 filius
2444 4779 2752 4835 Chromatii
2792 4779 2976 4834 adhuc
3026 4780 3320 4834 dubitabat
3356 4780 3410 4833 in
3451 4780 3578 4842 llde,
3610 4788 3667 4834 et

2080 4888 2205 4929 cum
2238 4873 2471 4928 vidisset
2537 4873 2644 4927 alia
2702 4873 2928 4942 quidem
2979 4873 3271 4927 simulacra
3311 4872 3486 4941 patris
3541 4886 3665 4925 esse

2082 4963 2320 5018 contrita
2354 5002 2371 5027 ,
2402 4980 2577 5018 unum
2621 4964 2803 5020 adhuc
2830 4979 2954 5019 esse
2992 4964 3265 5034 reliquum
3294 4977 3437 5033 opus
3487 4962 3667 5017 admi-

2080 5055 2334 5111 rabileiu
2389 5072 2499 5127 quo
2532 5065 2653 5110 erat
2690 5058 2950 5112 universa
3017 5054 3314 5124 astrologia
3365 5063 3423 5109 et
3481 5062 3666 5109 motus

2080 5146 2414 5213 cmlestium,
2442 5148 2549 5202 alia
2577 5163 2700 5203 esse
2730 5148 2972 5204 contrita
3003 5162 3146 5216 mgre
3183 5144 3389 5208 ferens,
3408 5144 3511 5198 hoc
3540 5144 3668 5199 ulti-

2081 5253 2230 5292 mum
2264 5239 2730 5308 amplectebatur,
2763 5250 2820 5292 et
2848 5253 2959 5292 non
2998 5237 3159 5306 prius
3192 5235 3244 5289 id
3270 5234 3491 5290 sinebat
3537 5236 3668 5289 'con-

2079 5331 2204 5399 teri,
2235 5346 2400 5401 quam
2440 5347 2541 5401 per
2575 5330 2755 5400 ipsum
2788 5327 3097 5398 accepisset
3150 5335 3469 5382 sanctorum
3500 5341 3667 5399 expc-

2074 5423 2355 5488 ricntiam,
2377 5432 2435 5477 et
2461 5436 2630 5492 opere
2660 5420 3022 5476 conrmatus
3052 5417 3251 5477 fuisset
3276 5417 3342 5472 ad
3370 5418 3662 5489 pietatem;

2074 5523 2133 5570 et
2161 5529 2288 5569 cum
2315 5518 2566 5568 curasset
2597 5510 2909 5566 aﬂ'erendos
2933 5508 3188 5566 clibanus
3215 5550 3230 5573 ,
3259 5517 3317 5565 et
3360 5510 3443 5564 eis
3483 5509 3665 5579 ignem

2075 5604 2474 5661 substravisset
2497 5613 2561 5659 ut
2582 5603 3082 5668 suceenderentur,
3110 5603 3249 5659 dicit
3275 5601 3486 5657 sanctis
3512 5619 3525 5654 :
3552 5601 3667 5656 lloc

2076 5697 2243 5755 velim
2276 5697 2491 5760 sciatis.
2525 5695 2674 5769 quod
2710 5696 2817 5752 hoc
2848 5696 3085 5768 pulchro
3114 5695 3363 5765 contrito
3395 5693 3585 5766 opere.
3618 5692 3667 5748 si

2076 5789 2287 5849 sanitas
2340 5789 2566 5863 quidem
2613 5789 2784 5847 fuerit
2835 5790 3097 5846 restituta
3150 5786 3294 5859 patri
3336 5800 3461 5843 meo
3522 5785 3668 5842 sicut
