4128 6384
498 446 603 510 δῦἸ
1655 415 2045 487 ADDENDA.
2079 439 2143 454 -·

2277 409 2652 475 NUARIUS.
3679 400 3792 468 303

500 560 633 616 estis
664 556 916 629 polliciti,
952 569 1049 610 ero
1080 551 1201 624 ipse
1242 560 1467 621 quoque
1527 559 1696 601 verus
1732 537 1943 596 Christi
1995 528 2081 591 δί·
2110 539 2152 596 Α

2273 546 2337 593 ’ος
2357 525 2688 597 ἑπικρατοίη
2720 524 2788 594 τῇ
2810 516 3072 593 ὁρωμένη
3089 519 3266 595 ταύτῃ
3291 517 3419 591 δίκῃ
3443 519 3519 583 ὡς
3545 518 3805 571 ἀπατεῶ-

504 610 629 616 ""‘
665 610 681 629 ι
705 610 916 621 ν--νν-νι
1104 610 1119 624 ιι
1261 610 1277 621 .
1379 610 1390 619 .

502 651 744 722 scipulus
773 689 787 714 ,
844 646 1076 702 exeusSa
1136 641 1486 698 dubitatione
1522 654 1536 692 :
1565 637 1650 691 sin
1710 630 1897 689 autem
1960 629 2080 699 ejus

2273 640 2279 677 :
2309 621 2457 691 ὑμᾶς
2489 616 2741 688 ἐμϐαλῶ.
2785 616 2845 668 '0
2879 615 2984 685 μὲν
3017 611 3118 666 οὖν
3150 610 3335 683 πατὴρ
3368 611 3669 664 διεκώλυεν
3700 610 3804 661 αὖ-

504 701 737 722 --γ-τ-
774 701 787 714 ,
855 701 863 702 ,

504 743 730 799 morbus
755 739 1041 795 duraverit
1070 732 1359 808 poStquam
1390 731 1445 788 id
1476 728 1769 787 interierit.
1830 740 1926 779 vos
1950 720 2083 797 huic
2144 769 2153 780 ,

2273 713 2405 783 [τῆς
2448 708 2713 778 τοιαύτης
2751 706 2955 778 πείρας
3006 703 3342 776 ἀπέχεσθαι.
3398 705 3463 757 Οἱ
3514 702 3573 755 δὲ
3622 701 3800 769 ἅγιοι,

504 834 652 905 quod
709 833 931 887 videtur
994 794 1271 900 supplicio
1318 823 1613 896 subjiciam
1684 830 1945 889 tanquam
1989 794 2085 869 de-

2273 824 2285 858 :
2315 802 2435 875 Θεῷ
2472 802 2801 863 πεποιθότες
2823 842 2838 867 ,
2882 798 2983 861 τὰς
3018 795 3302 867 συνθήκας
3332 795 3590 866 ἀσμένως
3645 794 3807 861 δεξά-

2499 894 2512 905 .
2656 892 2680 902 ι-
2923 890 2933 905 ο
3199 881 3269 905 ΛΥ
3490 888 3500 905 r
3550 904 3554 905 ν
3592 904 3596 905 ,
3690 889 3761 905 ,_-
3794 902 3806 905 Α

505 881 776 997 ceptores.
831 924 930 979 liis
963 881 1149 976 verbis
1190 919 1375 982 dictis,
1421 881 1578 988 pater
1626 911 1853 983 quidem
1908 905 2090 978 prohi-

2273 915 2368 962 νοι,
2418 894 2558 965 πρὸς
2586 892 2749 946 τοῦτο
2802 890 3165 945 κατένευσαν.
3197 881 3273 942 Οὗ
3300 888 3626 957 γενομένου,
3683 889 3807 953 ιξῶς

2273 990 2307 997 ι.
2541 986 2574 997 ιι
2688 984 2700 997 ι
2811 983 2825 997 ι
2898 983 2941 997 υ
3094 981 3107 997 Ι
3308 996 3313 997 ,
3378 980 3391 997 ἱ
3461 996 3532 997 γκη
3579 978 3663 997 ΩΑ,
3704 977 3751 997 ,⁸
3794 994 3803 997 Α

508 1020 675 1074 bebat
727 1031 853 1071 eum
905 1012 972 1068 ad
1031 1013 1195 1068 talem
1246 1011 1440 1066 venire
1505 1003 1931 1076 experientiam,
1964 1014 2091 1054 san-

2273 990 2358 1052 lb;
2393 984 2743 1058 περιέλαμψε
2774 983 2867 1037 τὸν
2898 981 3261 1053 Χρωμάτιον,
3304 980 3401 1032 καὶ
3440 978 3663 1040 νεανίας
3699 977 3804 1046 τὴν

509 1110 583 1164 eti
622 1125 755 1162 vero
776 1107 1019 1162 libenter
1051 1110 1278 1173 accepta
1307 1098 1626 1156 conditione
1674 1095 1805 1167 (non
1834 1089 1982 1146 enim
2016 1086 2093 1142 di-

2279 1100 2343 1135 αν
2377 1078 2634 1151 λαμπρὸς
2669 1074 2858 1147 ὀφθεὶς
2881 1069 3039 1127 εἶπεν
3075 1072 3253 1141 αὐτῷ’
3280 1071 3570 1137 Μακάριος
3613 1066 3687 1134 εἴ,
3711 1071 3796 1122 ὅτι

509 1201 652 1254 vinas
686 1198 872 1252 virtuti
912 1205 1166 1267 poterant
1223 1208 1334 1247 non
1386 1188 1661 1257 credere),
1710 1179 2093 1254 urgebantju-

2273 1173 2525 1234 ίστευσας
2551 1168 2630 1238 τῷ
2662 1166 2908 1237 Χριστῷ,
2944 1165 3004 1229 ὃς
3056 1165 3153 1219 νῦν
3192 1163 3511 1219 ἀπέσταλκε
3560 1179 3631 1231 με
3668 1161 3810 1230 πρὸς

515 1278 709 1345 venem
740 1289 807 1343 ad
852 1304 991 1358 opus
1017 1281 1445 1341 conterendum.
1491 1276 1650 1345 Quod
1703 1289 1829 1330 cum
1888 1271 2094 1325 factum

2289 1264 2475 1318 δοῦναί
2500 1280 2584 1317 σοι
2605 1261 2706 1331 τῆς
2731 1258 3080 1330 κατεχούσης
3111 1257 3273 1310 νόσου
3305 1256 3664 1326 ἀπαλλαγήν.
3696 1256 3813 1308 Καὶ.

509 1392 683 1446 esset,
737 1381 831 1435 lux
871 1380 1057 1435 statim
1113 1372 1483 1432 circumfulsit
1562 1364 1986 1425 Chromatium,
2041 1368 2097 1414 et

2273 1377 2315 1412 ,α
2344 1355 2422 1429 τῷ
2457 1355 2604 1426 λόγῳ
2633 1357 2667 1425 ὴ
2699 1353 2811 1407 τῶν
2849 1351 3033 1421 μελῶν
3073 1352 3314 1422 πάρεσις
3347 1349 3655 1415 διαλέλυτο,
3708 1348 3807 1401 καὶ

516 1440 746 1543 pulcher
776 1485 1049 1542 apparens
1106 1468 1434 1524 adolescens
1468 1462 1609 1517 dixit
1645 1458 1696 1516 ei
1735 1475 1750 1512 :
1785 1457 1988 1512 Beatus
2037 1467 2099 1507 es

2300 1452 2429 1505 ἰδεῖν
2461 1449 2554 1503 τὸν
2588 1448 2722 1518 πρὶν
2756 1447 2912 1517 μόλις
2942 1442 3235 1515 βαδίζοντα
3263 1442 3469 1510 ἐλάφου
3494 1442 3658 1511 δίκην
3685 1440 3813 1493 τότε

512 1565 663 1636 quod
695 1534 916 1619 Christo
945 1561 1256 1621 credidisti,
1286 1559 1383 1629 qui
1425 1571 1574 1611 nunc
1605 1552 1757 1608 misit
1787 1565 1874 1605 me
1904 1548 1972 1604 ad
2006 1557 2059 1602 te
2083 1585 2098 1612 ,

2273 1544 2527 1615 λόμενον.
2578 1540 2698 1611 Ἐφ’
2737 1534 2782 1609 ᾧ
2813 1538 3200 1607 καταπλαγεὶς
3257 1536 3287 1588 δ
3337 1534 3666 1604 Τιῢούρτιος
3697 1535 3815 1594 τοῖς

518 1668 580 1711 ut
608 1657 731 1712 dem
754 1655 850 1711 tibi
874 1653 1262 1709 liberationem
1286 1625 1319 1705 τί
1350 1650 1545 1705 morbo
1572 1663 1683 1717 quo
1716 1642 1942 1700 teneris.
1969 1639 2100 1707 Quee

2273 1640 2388 1702 ’ίοις
2419 1639 2788 1708 προσπίπτει,
2848 1632 2986 1687 Θεὸν
3045 1631 3310 1700 ἀληθινὸν
3366 1627 3661 1699 ὁμολογῶν
3719 1625 3816 1678 τὸν

515 1749 683 1805 simul
720 1758 882 1818 atque
916 1748 1062 1802 dicta
1101 1747 1277 1806 fuere,
1306 1742 1575 1798 dissoluta
1608 1748 1693 1795 est
1726 1734 2102 1791 membrorum

2273 1731 2464 1792 uctbv,
2500 1728 2596 1782 καὶ
2642 1724 2901 1796 δεόμενος
2952 1722 3047 1776 τοῦ
3082 1721 3234 1775 θείου
3268 1722 3455 1789 τυχεῖν
3498 1717 3817 1789 βαπτίσμα-

518 1841 817 1905 mutilatio,
867 1855 921 1895 et
961 1838 1168 1893 licebat
1198 1835 1389 1889 videre
1426 1848 1554 1887 eum
1583 1829 1676 1900 qui
1716 1828 1870 1898 prius
1897 1824 1990 1879 vix
2013 1823 2102 1876 in-
2136 1896 2166 1905 __

2273 1843 2318 1886 ς.
2353 1821 2420 1877 Οἱ
2454 1820 2606 1888 ἆγιοι
2642 1817 2827 1870 τοίνυν
2862 1816 2958 1868 σὺν
2993 1814 3157 1884 ἡδονῇ
3197 1813 3539 1880 τεταγμένον
3572 1808 3724 1877 αὐτῷ
3754 1823 3814 1859 τε

515 1933 894 2005 grediebatur,
917 1940 1176 1999 tanquam
1206 1941 1429 1982 cervum
1456 1935 1588 1978 tunc
1603 1896 1837 1977 saltare.
1868 1916 2102 1984 Propter
2133 1896 2166 1950 Π

2273 1915 2302 1966 ,“ι
2332 1912 2412 1983 τῷ
2443 1910 2614 1980 πατρὶ
2645 1907 2833 1969 δόντες
2870 1904 3069 1974 καιρὶν
3099 1902 3244 1955 ὥστε
3277 1902 3369 1954 τὶν
3397 1903 3462 1953 ἐκ
3490 1898 3584 1952 τοῦ
3618 1899 3809 1968 προτέο

519 2024 670 2094 quod
695 2023 870 2078 fertur
896 2019 1240 2090 stupefactus
1284 2013 1576 2070 Tiburtius
1620 2011 1878 2082 protinus
1915 2019 2111 2059 accur-

2273 2023 2308 2058 Ιυ
2340 2003 2456 2075 βίου
2494 1999 2780 2073 μολυσμὸν
2809 1995 3269 2060 ἀποπλύνασθαι,
3298 1994 3392 2048 τοῦ
3442 1993 3587 2046 θείου
3616 1990 3818 2052 αὐτοὺς

520 2118 685 2181 risse,
719 2125 773 2170 et
812 2116 1129 2169 sanctorum
1164 2110 1329 2180 pedes
1358 2113 1697 2175 tangentem,
1726 2100 1898 2155 Deum
1916 2109 2111 2152 verum

2273 2092 2532 2160 ιταξιοῦσι
2549 2088 2800 2158 λουτροῦ.
2831 2087 2944 2141 Καὶ
2971 2086 3112 2157 μετά
3136 2084 3312 2138 ταῦτα
3341 2084 3618 2155 προφάσει
3645 2083 3804 2137 νόσου

496 2207 839 2269 confessum
893 2220 1017 2260 esse
1060 2202 1341 2258 Christmn
1369 2239 1387 2264 ,
1436 2208 1493 2252 et
1528 2209 1750 2266 rogasse
1797 2199 1857 2246 ut
1909 2191 1978 2243 ab
2029 2187 2111 2242 eis

2273 2205 2312 2261 ιν
2332 2186 2428 2241 τοῦ
2450 2185 2697 2255 ἐπάρχου
2723 2180 2902 2253 ἀρχὴν
2957 2180 3406 2248 ἀποσεισάμενος
3429 2180 3458 2231 ὁ
3484 2177 3820 2248 Χρωμάτιος

523 2309 921 2370 assequeretur
953 2296 1311 2368 baptismum.
1364 2289 1557 2346 Laztati
1588 2297 1772 2341 autem
1817 2281 1994 2339 sancti
2019 2281 2112 2352 ju-

2273 2281 2396 2334 ῦπω
2414 2280 2524 2349 γὰρ
2545 2276 2802 2331 ἐϐούλετο
2827 2274 3143 2343 γνωσθῆναι
3170 2271 3337 2325 αὐτοῦ
3358 2272 3459 2343 τὴν
3482 2268 3819 2342 μετάθεσιν),

526 2392 689 2447 venis
751 2362 1098 2451 mutatione,
1142 2385 1306 2454 eique
1363 2394 1420 2437 et
1483 2379 1625 2452 patri
1685 2378 1815 2433 dato
1859 2385 2108 2444 tempore

2273 2374 2313 2426 ιὶ
2354 2372 2541 2425 πᾶσαν
2574 2371 2675 2438 τὴν
2727 2366 2923 2435 κτῆσιν
2972 2365 3090 2429 τόῖς
3142 2365 3423 2434 δεομένοις
3479 2362 3816 2433 σκορπίσας,

529 2486 841 2555 przestituto
877 2488 936 2534 ut
987 2479 1183 2535 sbrdes
1210 2448 1277 2531 ex
1317 2448 1502 2546 priore
1547 2472 1661 2526 vita
1693 2476 1978 2539 susceptas
2013 2465 2113 2520 ab-

2273 2464 2337 2526 ιῖς
2385 2477 2444 2514 τε
2496 2457 2708 2520 δούλοις
2766 2452 3088 2523 ἐλευθερίαν
3129 2450 3454 2525 παρασχὼν,
3508 2450 3570 2502 τὸ
3634 2448 3824 2502 λοιπον

531 2538 776 2640 ίυετοηι,
817 2574 1016 2628 "divino
1049 2587 1147 2627 eos
1195 2538 1495 2638 dign-antur
1532 2564 1832 2635 baptismo.
1862 2538 1940 2616 Et
1992 2565 2116 2629 post

2273 2557 2404 2626 υνῆν
2454 2556 2568 2618 τοῖς
2624 2549 2824 2619 ἁγίοις,
2866 2546 3035 2601 πλέον
3065 2547 3203 2618 πρὸς
3232 2545 3334 2616 τὴν
3368 2544 3654 2598 εὐσέϐειαν
3700 2538 3826 2611 ὁδη-

533 2670 652 2724 Ιιαευ
697 2666 1053 2722 Chromatius
1100 2671 1364 2734 printextu
1416 2656 1595 2713 morbi
1622 2697 1637 2722 ,
1685 2653 1931 2726 praefecti
1972 2650 2128 2706 urbis

2276 2649 2336 2703 ού
2346 2665 2528 2720 μενος.

535 2761 787 2832 deposito
835 2727 1156 2829 magistratu
1209 2754 1478 2826 (nondum
1514 2749 1660 2806 enim
1698 2746 1921 2803 volebat
1944 2760 2100 2801 suam
2141 2743 2399 2814 cognosci
2429 2740 2819 2810 mutationem)
2859 2748 2917 2796 et
2984 2733 3366 2807 indigentibus
3434 2731 3550 2786 suis
3610 2727 3834 2799 disper-

532 2853 613 2910 sis
644 2852 1036 2915 facultatibus,
1067 2861 1123 2906 et
1168 2820 1235 2905 iis
1269 2848 1363 2918 qui
1411 2846 1604 2917 iugum
1650 2842 1944 2898 trahebant
1990 2837 2276 2893 servitutis
2332 2834 2692 2890 manumissis
2754 2846 2814 2890 et
2877 2829 3156 2892 liberatis.
3204 2827 3385 2897 iisque
3458 2824 3634 2880 veluti
3698 2820 3833 2892 qui-

535 2947 769 3003 busdam
807 2944 1067 3016 primitiis
1089 2945 1201 3000 Deo
1233 2916 1455 3004 oblatis,
1484 2938 1746 3007 deinceps
1771 2934 2100 2991 versabatur
2139 2945 2264 2986 eum
2316 2929 2544 2995 sanctis,
2602 2927 2826 2983 discens
2876 2925 3009 2980 ﬁdei
3035 2922 3336 2987 rationem,
3401 2929 3459 2974 et
3516 2916 3586 2972 ad
3653 2916 3835 2987 pieta-
3910 2930 3915 2935 '

541 3049 649 3097 tem
677 3041 860 3096 adhuc
888 3038 1061 3108 magis
1090 3035 1543 3092 conﬁrmabatur.

609 3132 751 3191 XIV.
784 3133 893 3190 Sed
927 3100 1007 3187 iis
1029 3132 1253 3202 quidem
1282 3145 1373 3184 res
1421 3128 1495 3182 ita
1519 3142 1579 3182 se
1603 3118 1886 3181 habebant
1914 3136 2114 3192 quam-
2146 3130 2166 3187 ί

2296 3114 2407 3171 ῘΔ’.·
2445 3113 2589 3168 Ἀλλ’
2636 3108 2752 3184 εἶχε
2796 3111 2897 3182 μὲν
2934 3110 3077 3165 οὕτω
3111 3107 3285 3162 ταῦτα
3307 3106 3417 3170 ἕως
3441 3105 3687 3175 Καρῖνος
3726 3100 3829 3164 τὰς

542 3227 641 3283 diu
696 3226 934 3283 Carinus
968 3199 1382 3278 administravit
1429 3220 1633 3276 Gallias
1663 3219 1757 3290 qui
1792 3214 2125 3272 Christianis

2274 3208 2463 3271 αλλίας
2492 3208 2725 3268 διεῖπεν,
2773 3204 2834 3268 δς
2893 3203 3289 3274 μαλακώτερον
3314 3202 3432 3262 τοῖς
3463 3199 3824 3269 Χριστιανοῖς

547 3318 829 3374 mitiorem
887 3315 1122 3370 faciebat
1169 3312 1640 3384 persecutionem,
1668 3324 1905 3381 parcens
1933 3305 2130 3361 amicis

2273 3300 2406 3356 mist.
2433 3299 2526 3353 τὸν
2546 3298 2809 3368 διωγμόν.
2848 3297 3007 3352 Ἐπεὶ
3026 3296 3084 3349 δὲ
3111 3287 3270 3358 οὗτος
3304 3293 3614 3362 ἐτεθνήκει,
3648 3287 3829 3362 βαρύ-

545 3410 643 3480 qui
675 3419 837 3464 erant
863 3409 1012 3463 inter
1048 3408 1197 3461 illos.
1234 3404 1532 3474 Postquam
1568 3413 1754 3459 autem
1779 3402 1872 3456 ille
1899 3398 2127 3470 quidem

2273 3410 2392 3466 ερος
2419 3393 2542 3446 κατ’
2581 3390 2766 3446 αὐτῶν
2796 3388 3012 3461 ὲρρἀη
3048 3388 3312 3458 διωγμὸς,
3341 3386 3439 3439 καὶ
3471 3385 3667 3454 στῆλαι
3696 3400 3840 3437 παν·

546 3476 718 3556 vitam
756 3499 921 3561 ﬁniit,
945 3497 1016 3568 pii
1055 3512 1189 3553 vero
1222 3495 1438 3550 nullum
1468 3493 1752 3548 habebant
1777 3491 1872 3562 qui
1915 3505 2011 3546 eos
2034 3487 2133 3543 de-

2273 3486 2399 3557 αχοῦ
2424 3485 2523 3553 τῆς
2554 3482 2766 3545 πόλεως
2807 3478 3029 3551 Ῥώμης
3059 3478 3443 3550 ἀνηγείροντο,
3492 3476 3552 3530 ὲν
3581 3476 3837 3545 ἀγοραῖς,

551 3591 824 3655 fenderet,
902 3588 1086 3660 erupit
1151 3588 1207 3642 in
1265 3584 1362 3641 eos
1399 3585 1621 3657 gravior
1680 3582 2029 3654 persecutio,
2079 3585 2136 3633 et

2273 3597 2294 3632 ν
2330 3579 2566 3648 πηγαῖς,
2603 3578 2662 3629 ὲν
2697 3573 3099 3645 πωλητηρίοις,
3135 3568 3276 3625 ἔνθα
3297 3571 3428 3635 τοὺς
3465 3572 3565 3640 μὲν
3609 3569 3841 3633 θύοντας

554 3684 829 3738 columna:
860 3682 1064 3751 ubique
1104 3677 1465 3750 erigebantur
1491 3690 1589 3746 per
1629 3684 1798 3730 totam
1827 3673 2134 3737 civitatem,

2273 3674 2351 3735 οῖς
2387 3673 2531 3732 θεοῖς
2570 3666 2916 3740 συνεχώρουν
2965 3668 3059 3721 καὶ
3117 3663 3314 3728 ὓδατος
3362 3664 3459 3718 καὶ
3491 3663 3604 3716 τῶν
3655 3660 3867 3742 ἀλλων.

559 3777 619 3834 in
653 3775 873 3848 plateis,
901 3776 956 3830 in
986 3772 1258 3835 fontibus,
1292 3771 1349 3824 in
1386 3758 1542 3835 foris,
1579 3769 1636 3822 in
1670 3766 1876 3837 quibus
1900 3765 1983 3820 eis
2009 3763 2138 3835 qui-

2273 3758 2719 3832 ιεταλαμϐἀνειν,
2746 3761 2876 3824 τοὺς
2893 3760 2951 3814 δὲ
2973 3757 3342 3819 ἀπειθοῦντας
3366 3757 3554 3820 κεναῖς
3579 3755 3841 3823 ἀπέπεμο

556 3845 684 3928 dem
716 3870 813 3941 qui
849 3868 956 3926 diis
986 3864 1412 3928 sacriﬁcabant,
1446 3860 1829 3918 concedebant
1863 3869 1917 3914 et
1939 3873 2140 3927 aquam

2273 3873 2348 3910 τον
2382 3857 2505 3919 ταῖς
2532 3854 2714 3926 χερσί.
2751 3853 2886 3907 Τότε
2920 3853 3108 3906 τοίνυν
3151 3849 3489 3922 Χρωμάτιος
3536 3845 3842 3917 σύμϐουλον

556 3980 782 4022 sumere
821 3972 877 4020 et
932 3962 1069 4018 alias
1114 3976 1205 4016 res
1229 3960 1495 4015 venales:
1531 3972 1628 4014 eos
1657 3966 1843 4012 autem
1878 3955 1973 4025 qui
2031 3970 2143 4010 non

2273 3947 2426 4003 26th
2449 3949 2543 4002 τὸν
2577 3946 2843 4019 ίεράρχην
2876 3948 2977 4017 τῆς
3006 3945 3241 4008 πόλεως,
3278 3943 3438 4006 Γάϊος
3464 3939 3614 4010 αὐτῷ
3643 3940 3842 4008 ὄνομα,

560 4059 853 4131 parebant,
888 4065 1089 4127 praeter
1122 4061 1323 4107 Cattera
1357 4050 1519 4116 mala,
1545 4049 1711 4105 etiam
1744 4048 1936 4103 vacuis
1962 4047 2149 4102 dimit-

2273 4042 2468 4113 πρῶτον
2501 4040 2598 4110 μὲν
2624 4040 2837 4102 πάντας
2861 4039 3227 4109 Χριστιανοὺς
3262 4038 3344 4097 εἰς
3370 4034 3471 4104 τὴν
3503 4034 3685 4086 οἰκίαν
3707 4032 3847 4099 ἀγα·

565 4151 760 4207 tebant
784 4148 1065 4203 manibus.
1096 4144 1254 4199 Tunc
1278 4158 1410 4214 ergo
1436 4133 1820 4205 Chromatius,
1855 4154 1990 4194 usus
2011 4153 2151 4192 eon-

2273 4135 2365 4203 {GN
2393 4135 2564 4187 πᾶσιν
2600 4131 2874 4199 ἐδεξιοῦτο
2903 4134 3018 4195 τοῖς
3047 4132 3301 4199 ἀγαθοῖς,
3335 4130 3429 4182 καὶ
3466 4127 3568 4181 οὐκ
3592 4127 3681 4179 εία
3709 4141 3848 4195 προ-

564 4243 690 4298 silio
718 4243 893 4308 illius,
925 4240 1021 4311 qui
1083 4234 1390 4293 Romanam
1425 4234 1651 4305 regebat
1702 4232 2014 4300 ecclesiam,
2048 4246 2149 4286 no-

2273 4229 2463 4283 ῑαίνειν
2493 4225 2592 4280 τοῦ
2626 4225 2928 4296 δωματίου,
2970 4226 3130 4279 τοῦτο
3157 4227 3268 4297 γὰρ
3311 4222 3727 4291 ἀσφαλέστερον
3754 4220 3846 4273 διὰ

566 4351 694 4391 men
718 4334 771 4389 ei
816 4343 939 4389 erat
964 4332 1158 4395 Gaius,
1208 4330 1449 4400 primum
1485 4327 1709 4397 quidem
1767 4325 1993 4381 domum
2051 4322 2154 4377 du-

2273 4323 2380 4385 τοὺς
2408 4319 2839 4391 ἀσθενεστέρους
2871 4320 3194 4388 ἐγίνωσκεν·
3231 4319 3358 4370 ἐπεὶ
3396 4316 3455 4370 δὲ
3497 4315 3597 4385 οὐχ
3620 4309 3738 4368 οἷόν
3779 4328 3842 4367 τε

568 4440 703 4481 cens
741 4440 933 4480 omnes
956 4422 1328 4487 Christianos,
1365 4419 1490 4475 illos
1513 4417 1822 4488 accipiebat
1850 4416 2013 4472 bonis
2037 4413 2155 4470 suis

2273 4412 2325 4487 ἣν
2372 4414 2662 4468 λανθάνειν
2691 4414 2786 4467 ἐπὶ
2817 4412 2954 4466 πολὺ
2985 4412 3075 4467 διὰ
3105 4413 3165 4466 τὸ
3193 4409 3424 4483 σφοδρὸν
3451 4408 3549 4463 τοῦ
3579 4406 3848 4478 διωγμοῦ,

568 4515 834 4572 omnibus
877 4514 1229 4584 impertiens,
1272 4526 1454 4581 neque
1504 4509 1723 4565 sinebat
1755 4523 1853 4564 eos
1900 4524 1932 4563 e
1985 4507 2152 4562 domo

2273 4507 2337 4572 είς
2368 4525 2422 4561 τι
2452 4505 2563 4561 τῶν
2618 4505 2966 4578 προαστείων
3002 4505 3148 4574 ἔγνω
3180 4503 3482 4574 ἀπαίρειν,
3513 4500 3653 4574 πρός
3700 4517 3762 4555 τε
3789 4502 3873 4615 τὸ,

2273 4604 2280 4615 ι
2336 4600 2361 4615 Α
2398 4602 2419 4615 ο
2581 4599 2593 4615 \
2745 4597 2760 4615 \
2792 4614 2799 4615 κ
2909 4598 2935 4615 σε
2956 4614 2963 4615 ,
3034 4614 3040 4615 κ
3102 4614 3107 4615 ,
3144 4613 3163 4615 μ
3186 4612 3199 4615 λ
3242 4613 3344 4615 ν,μ-
3370 4614 3383 4615 κ
3406 4595 3462 4615 επ.
3519 4594 3827 4615 ι-ξ,λβ---,-

568 4607 785 4681 egredi,
826 4605 924 4662 sed
987 4620 1085 4661 eos
1116 4603 1340 4659 volebat
1393 4603 1542 4656 intus
1574 4601 1767 4656 sedere
1800 4618 1813 4655 :
1846 4600 1955 4654 hoc
2006 4598 2155 4654 enim

573 4702 787 4759 sciebat
816 4714 939 4753 esse
965 4698 1141 4753 tutius
1170 4704 1397 4767 propter
1436 4691 1850 4747 imbecilliores.
1879 4689 1986 4745 Sed
2020 4704 2161 4760 quo-

576 4792 723 4848 niam
755 4804 866 4844 non
892 4794 1110 4858 poterat
1132 4784 1250 4840 ﬁeri
1276 4794 1337 4839 ut
1367 4781 1462 4837 diu
1503 4782 1765 4845 laterent,
1796 4779 1981 4835 omnia
2010 4779 2162 4835 enim

577 4881 1029 4954 deprehendebat
1076 4876 1221 4932 acris
1267 4873 1584 4947 persecutio
1610 4911 1626 4937 ,
1654 4871 1851 4928 statuit
1880 4869 2162 4942 proﬁcisci

581 4975 639 5030 in
672 4972 964 5045 quemdam
1010 4972 1279 5035 montem,
1316 4968 1374 5022 in
1405 4983 1517 5038 quo
1557 4965 1635 5020 illi
1670 4974 1791 5021 erat
1838 4963 2163 5036 praediolum

581 5076 772 5138 aptum
798 5075 855 5121 et
884 5064 952 5119 ad
985 5060 1293 5127 latendum,
1325 5070 1382 5116 et
1416 5063 1484 5115 ad
1508 5059 1720 5114 fruetus
1754 5056 2164 5129 percipiendas,

582 5175 710 5217 eum
755 5156 1088 5214 Christianis
1147 5152 1645 5209 imbecillioribus:
1680 5160 1737 5205 et
1780 5151 1891 5205 illic
1922 5151 2169 5223 effugere

583 5252 919 5326 periculum.
992 5249 1060 5305 Et
1098 5248 1388 5319 postquam
1435 5246 1542 5299 hoc
1598 5243 1703 5297 fuit
1754 5253 2067 5308 statutum,
2112 5253 2169 5299 et

582 5346 793 5405 Christi
820 5344 1059 5417 populus
1092 5341 1199 5396 fuit
1224 5340 1279 5395 in
1309 5336 1450 5394 duas
1480 5344 1668 5407 partes
1700 5334 1933 5397 divisus,
1965 5349 2167 5405 nempe

538 5430 541 5433 Α
588 5443 646 5498 in
696 5457 816 5498 eam
852 5455 974 5511 quae
1004 5440 1282 5500 manebat,
1318 5441 1375 5489 et
1412 5447 1535 5488 eam
1570 5440 1693 5502 qlia:
1740 5429 1963 5485 volebat
2019 5443 2172 5485 rece—

590 5536 745 5601 dere,
797 5516 902 5588 fuit
933 5526 1083 5606 inter
1124 5518 1348 5585 beatum
1393 5516 1778 5581 Sebastianum
1825 5532 1881 5578 et
1913 5523 2173 5594 Bolyear-

590 5632 721 5700 pum
753 5612 1049 5682 laudabilis
1081 5610 1481 5683 controversia,
1518 5634 1641 5689 qua:
1688 5616 1800 5700 tale
1837 5616 2032 5671 habuit
2061 5615 2173 5670 ini-

592 5726 752 5786 tinm,
776 5730 831 5774 et
855 5734 922 5773 ex
949 5708 1054 5771 hoc
1083 5706 1231 5770 mota
1270 5721 1377 5769 est.
1411 5710 1598 5787 Divisa
1630 5696 1778 5765 enim
1816 5698 2021 5779 populo
2065 5725 2166 5763 ne-

564 5828 745 5870 cesse
780 5821 899 5866 erat
924 5826 1022 5865 eos
1047 5823 1290 5879 quoque,
1322 5817 1383 5861 ut
1419 5805 1513 5877 qui
1549 5803 1652 5859 soli
1688 5794 1811 5858 aliis
1844 5811 2168 5873 praeessent,

2262 4600 2449 4655 λαθεῖν
2495 4599 2604 4679 .κα“ι
2660 4597 2802 4670 πρὸς
2858 4598 3042 4651 πᾶσαν
3098 4595 3463 4668 καρποφορὲω
3516 4594 3851 4663 ὲπιτὴδειον,

2270 4692 2411 4765 μετὰ
2441 4668 2556 4746 τίῦν
2586 4663 2998 4763 ἀσθενεστέρων
3027 4663 3400 4761 Χριστιανῶν,
3433 4689 3662 4743 κάκεῖσε
3686 4663 3877 4757 emat!

2263 4787 2525 4857 δράσκειν
2561 4786 2655 4840 τὸν
2680 4785 2953 4842 κίνδυνον.
3004 4783 3160 4838 Ἐπεὶ
3190 4783 3251 4837 δὲ
3283 4785 3311 4837 ὁ
3338 4781 3435 4836 τοῦ
3458 4777 3702 4852 Χριστοῦ
3726 4778 3855 4842 λαὸς

2267 4881 2348 4944 είς
2378 4878 2473 4932 δύο
2506 4879 2652 4950 μέρη
2691 4878 2943 4950 διῄρητο,
2985 4876 3069 4939 είς
3115 4892 3175 4929 τε
3218 4874 3283 4928 τὸ
3339 4874 3500 4944 μένον
3541 4874 3639 4926 καὶ
3680 4875 3763 4936 είς
3792 4870 3856 4925 τὺ

2270 4968 2496 5022 ἀπιέναι
2525 4965 2878 5037 βουλόμενον,
2908 4962 3130 5034 ἐγένετό
3157 4979 3241 5025 τις
3293 4961 3497 5032 μεταξὺ
3528 4961 3639 5014 τῶν
3683 4975 3861 5030 μακα-

2273 5060 2406 5132 ρίων
2471 5055 2839 5113 Σεϐαστιανοῦ
2904 5056 3001 5110 καὶ
3070 5054 3434 5124 Πολυκάρπου
3488 5051 3859 5120 ἐπαινουμένη

2271 5152 2528 5224 διαφορά’
2561 5151 2656 5205 τοῦ
2683 5149 2793 5220 γὰρ
2819 5147 2951 5203 λαοῦ
2980 5147 3350 5220 διαιρεθέντος
3381 5144 3492 5199 ἔδει
3515 5143 3613 5198 καὶ
3633 5141 3859 5207 τούτους

2275 5250 2370 5304 ἆτε
2405 5247 2514 5301 τῶν
2545 5245 2726 5300 ἄλλων
2754 5242 3104 5316 προῦχοντας
3151 5239 3417 5305 ἀλλήλους
3446 5237 3862 5309 διαζευχθῆναι,

2277 5338 2498 5396 καὶτὸν
2538 5338 2638 5411 μὲν
2683 5340 2799 5402 τοῖς
2848 5336 3227 5406 ἀποδημοῦσιν
3274 5330 3625 5399 ἀκολουθεῖν,
3664 5334 3758 5382 τὸν
3805 5326 3864 5379 δὲ

2283 5432 2828 5506 συγκαταλειφθῆναι
2855 5433 2969 5495 τοῖς
2992 5431 3276 5502 μένουσιν.
3318 5426 3654 5499 ’Δμφότεροι
3675 5423 3733 5478 δι
3763 5439 3863 5477 που

2281 5530 2503 5593 θοῦντες
2540 5527 2636 5581 τοῦ
2669 5523 2976 5596 μαρτυρίου
3016 5524 3336 5595 μετασχεῖν,
3371 5519 3639 5590 ἑκάτερος
3681 5516 3863 5586 μένειν

2282 5619 2557 5684 ἐϐούλετο,
2589 5604 2684 5671 καὶ
2709 5614 2955 5671 κίνδυνον
2978 5617 3165 5687 ἡγεῖτο
3197 5611 3526 5685 διαμαρτεῖν
3569 5609 3668 5680 τῆς
3699 5607 3869 5676 ἀθλή-

2282 5730 2438 5776 σεως.
2483 5708 2645 5763 Ἀλλά
2678 5707 2885 5777 ταύτην
2938 5706 3153 5778 ἀγαθὴν
3188 5705 3304 5777 ἔριν
3338 5702 3457 5757 λύει
3486 5700 3650 5764 Γαῖος
3694 5697 3867 5762 οὕτως

2282 5802 2491 5857 είιτών*

593 5924 625 5964 a
656 5920 716 5962 se
755 5903 993 5960 invicem
1045 5902 1310 5973 disiungi,
1355 5910 1413 5957 et
1464 5898 1701 5954 alterum
1747 5896 1970 5968 quidem
2017 5897 2174 5969 sequi
2215 5913 2336 5955 eam
2383 5906 2598 5969 partem
2646 5909 2768 5968 quae
2836 5891 3171 5952 abscedebat
3230 5905 3262 5946 a
3323 5887 3574 5955 civitate,
3635 5882 3868 5939 alteram
