4128 6384
371 337 477 400 Sil-9

1184 334 1646 397 MARTYllIUM
1681 334 1738 394 S.
1787 328 2237 392 SEBAS’I‘IANI
2273 328 2364 387 ET
2407 329 2817 389 SOCIORUM.

3523 330 3626 392 810

375 461 557 506 autem
599 448 836 519 relinqui
883 464 1008 504 cum
1031 463 1094 504 ea
1125 463 1247 519 quae
1277 449 1552 503 manebat.
1627 448 1691 502 Hi
1763 461 1896 502 vero
1960 444 2205 500 volentes
2254 444 2416 499 ambo
2469 443 2656 500 subire
2708 442 3056 515 martyrium,
3086 442 3306 499 volebat
3391 455 3625 517 uterque

371 556 596 597 manere
630 541 1056 611 :etpericulum
1087 541 1436 597 existimabat
1471 555 1579 595 non
1603 540 1757 595 adire
1806 547 2108 594 certamen.
2183 534 2293 592 Sed
2336 535 2479 590 hanc
2550 537 2750 591 bonam
2817 536 2971 590 litem
3037 537 3316 606 componit
3363 536 3529 594 Gaius
3573 542 3628 594 in

373 635 617 690 medium
651 634 978 703 procedens,
1003 642 1060 689 et
1109 634 1252 704 apud
1279 649 1377 689 eos
1404 635 1587 689 verbis
1616 643 1776 687 utens
1808 629 2075 702 ejusmodi
2107 647 2122 684 :

445 726 550 782 ιε’.
599 727 664 781 Εἰ
700 727 800 796 μὲν
857 726 955 796 μία
983 723 1053 798 ἦν
1104 727 1139 796 ἡ
1191 728 1330 796 προς
1387 728 1670 798 σωτηρίαν
1705 725 1985 796 φέρουσα,

2123 721 2236 776 XV.
2271 720 2327 775 Si
2357 735 2464 774 una
2492 719 2740 790 quidem,
2770 736 2804 776 o
2825 720 2998 788 beati,
3032 721 3118 776 via
3147 731 3293 779 esset
3326 738 3446 793 qua:
3477 723 3635 779 ducit

371 820 511 882 όδδς,
567 813 612 873 ὦ
671 821 970 891 μακάριοι,
1018 819 1199 880 καλῶς
1230 820 1296 872 ἂν
1325 816 1471 890 εῖχεν
1513 821 1645 890 ἡμῖν
1683 817 1824 872 οὕτω
1849 819 1944 885 τῆς

373 914 654 982 ἀθλήσεως
701 913 1109 982 ἀντεχομένοις,
1170 913 1258 966 ἵνα
1297 913 1373 982 μὴ
1421 913 1521 983 τῆς
1553 912 1828 982 σωτηρίας
1858 913 1945 962 ὲκι

374 1007 601 1074 πέσητε.
621 1005 772 1058 Ἐπεὶ
800 1005 858 1058 δὲ
885 1007 978 1058 καὶ
1018 1006 1052 1074 ἡ
1081 1007 1194 1067 τοῖς
1217 1005 1504 1075 ὁμολογίας
1523 1003 1684 1056 τοῦτο
1712 1003 1946 1068 δίδωσιν,

374 1096 442 1166 ἢν
481 1097 578 1147 καὶ
619 1095 822 1164 μᾶλλον
870 1095 1284 1166 ἀσφαλεστέραν
1331 1091 1450 1150 οῖδα
1497 1095 1594 1149 καὶ
1629 1095 1946 1160 ἀκίνδυνον,

375 1189 427 1256 τί
471 1188 547 1256 μὴ
579 1186 679 1256 τὴν
727 1186 1002 1256 διαμάχην
1041 1187 1400 1250 ἀπολιπόντες
1437 1186 1824 1260 παραχωρεῖτε
1855 1186 1947 1238 ἀλ-

378 1277 557 1344 λήλοις
586 1278 682 1346 τῆς
710 1277 1007 1346 ὲπαινετῆς
1043 1277 1360 1346 διαιρέσεως
1389 1295 1404 1343 ;
1439 1277 1514 1330 Οὐ
1543 1277 1652 1347 γὰρ
1680 1278 1829 1331 ὅσιον
1857 1274 1949 1341 οὒς

377 1368 452 1436 τῷ
477 1368 700 1437 Χριστῷ
739 1369 1033 1438 συνήψατε,
1061 1369 1286 1432 τούτους
1312 1369 1686 1440 ἀποιμάντους
1708 1369 1948 1438 ἀφεῖναι.

377 1463 536 1513 Δοκεῖ
563 1461 620 1512 δέ
651 1478 742 1530 μοι
778 1460 982 1530 μᾶλλον
1015 1460 1380 1531 Πολύκαρπον
1409 1463 1525 1524 τοῖς
1561 1459 1786 1514 ἀπιοῦσι
1826 1477 1951 1514 συν-

376 1552 636 1606 απελθεῖν
689 1552 960 1623 ἱερωσύνῃ
990 1551 1394 1620 διαλάμποντα,
1447 1557 1544 1606 καὶ
1591 1554 1775 1606 ἱκανὸν
1821 1553 1953 1606 ὄντα

379 1646 561 1709 καλῶς
591 1645 749 1714 ἄγειν
803 1646 1023 1711 αύτούς.
1081 1645 1268 1700 Ταῦτα
1313 1645 1408 1698 τοῦ
1463 1645 1736 1716 μακαρίου
1789 1643 1952 1696 Γαΐου

375 1739 648 1802 εἰπόντος,
681 1740 778 1792 καὶ
802 1739 1020 1794 πάντων
1043 1741 1157 1803 τοῖς
1179 1737 1500 1808 λεγομένοις
1522 1739 1953 1803 ἐπινευσάντων,

379 1831 541 1882 Τιϐού
552 1847 697 1900 ρτιος
716 1833 743 1883 ὁ
766 1831 877 1894 υίὸς
908 1830 1243 1902 Χρωματίου
1266 1831 1420 1901 ἠξίου
1449 1831 1526 1900 μὴ
1551 1831 1958 1903 συναποδημεῖν

378 1919 458 1989 τῷ
485 1921 673 1989 πατρὶ,
715 1920 852 1973 ἀλλὰ
880 1924 946 1991 τῇ
981 1921 1137 1975 πόλει
1170 1923 1590 1990 ὲγκαταμένειν,
1624 1922 1720 1974 καὶ
1744 1921 1835 1976 τὸν
1865 1921 1956 1975 τοῦ

384 2011 693 2080 μαρτυρίου
748 2010 1070 2080 ἐκδέχεσθαι
1101 2010 1384 2078 στέφανον.
1425 2010 1534 2062 Καὶ
1566 2013 1961 2081 συγχωρήσαν-

2052 812 2118 868 ad
2148 813 2403 876 salutem,
2428 828 2530 868 nec
2555 822 2742 884 posset
2790 815 2878 884 qui
2913 815 2983 869 ab
3013 831 3076 870 ea
3101 826 3340 872 errasset
3370 818 3633 889 consequi

2049 919 2115 960 ea
2183 919 2306 974 qua
2366 905 2799 969 desiderantur,
2854 915 3008 962 recte
3079 907 3310 963 haberet
3385 925 3484 966 vos
3557 912 3631 965 ita

2052 1006 2202 1051 arcte
2259 1006 2448 1051 tenere
2493 996 2922 1051 decertationem
2973 1013 3042 1053 ne
3101 1013 3132 1052 a
3175 1000 3353 1054 salute
3413 1003 3634 1056 excide-

2054 1088 2206 1143 retis.
2241 1086 2347 1142 Sed
2399 1101 2524 1142 cum
2572 1087 2677 1141 hoc
2735 1102 2957 1157 quoque
2991 1088 3255 1157 largiatur
3285 1090 3372 1145 via
3419 1091 3636 1146 confes-

2054 1179 2227 1234 sionis
2253 1220 2268 1243 ,
2308 1193 2474 1250 quam
2507 1179 2622 1235 scio
2657 1194 2782 1236 esse
2833 1179 3092 1236 tutiorem
3141 1189 3199 1236 et
3245 1181 3426 1238 minus
3487 1184 3636 1252 peri-

2061 1271 2306 1326 culosam
2335 1312 2351 1336 ,
2381 1284 2482 1324 cur
2541 1285 2673 1336 non,
2702 1272 2905 1326 omissa
2954 1273 3306 1328 contentione
3329 1313 3344 1339 ,
3374 1273 3636 1328 laudabili

2055 1361 2329 1417 divisione
2377 1362 2574 1418 ceditis
2635 1363 2775 1418 alter
2809 1365 3010 1420 alteri?
3049 1367 3167 1422 Non
3219 1367 3368 1422 enim
3424 1366 3505 1422 fas
3549 1377 3636 1422 est

2055 1469 2194 1521 quos
2241 1452 2469 1508 Christo
2501 1454 2886 1525 conjunxistis,
2922 1471 3020 1512 eos
3047 1457 3360 1526 relinquere
3391 1459 3511 1513 sine
3538 1473 3634 1527 pa-

2055 1552 2202 1599 store
2245 1554 2300 1600 et
2346 1545 2554 1614 absque
2605 1556 2786 1600 vestra
2839 1547 3150 1602 curatione.
3183 1548 3409 1604 Videtur
3453 1560 3636 1605 autem

2059 1637 2194 1691 mihi
2247 1637 2433 1706 potius
2490 1637 2848 1708 Polycarpuin
2891 1656 2997 1695 una
3026 1641 3104 1696 ire
3135 1656 3258 1696 cum
3305 1643 3640 1699 abeuntibus

2060 1736 2120 1780 ut
2141 1729 2230 1797 qui
2258 1729 2330 1783 sit
2350 1739 2404 1784 et
2431 1731 2740 1786 sacerdotio
2767 1732 3019 1800 insignis.
3066 1743 3122 1790 et
3145 1735 3212 1789 ad
3239 1750 3336 1789 eos
3353 1736 3638 1793 ducendos

2060 1822 2133 1875 sit
2187 1822 2421 1876 idoneus
2453 1832 2506 1877 et
2538 1823 2904 1879 instituendos
2965 1825 3020 1880 in
3071 1827 3292 1895 pietate.
3337 1827 3460 1883 Hac
3513 1845 3637 1883 cum

2060 1913 2258 1968 beatus
2298 1913 2532 1969 dixisset
2554 1915 2720 1970 Gaius
2744 1927 2800 1971 et
2846 1932 3042 1972 omnes
3077 1929 3265 1974 essent
3313 1921 3523 1976 assensi
3572 1920 3641 1974 iis

2061 2023 2182 2076 qua:
2210 2007 2542 2063 dicebautur
2570 2048 2585 2071 ,
2615 2008 2906 2063 Tiburtius
2963 2009 3108 2064 ﬁlius
3151 2010 3454 2067 Cltromatii
3489 2015 3644 2069 vole-

380 2116 472 2164 τος
507 2099 600 2153 τοῦ
633 2099 798 2153 Γαΐου
827 2099 916 2153 διὰ
949 2101 1048 2168 τὴν
1098 2100 1303 2169 πολλὴν
1331 2098 1424 2152 τοῦ
1458 2099 1651 2162 παιδὸς
1683 2099 1955 2162 ἔνστασιν,

2070 2099 2211 2154 lebat
2235 2113 2346 2153 non
2372 2114 2484 2153 una
2515 2114 2638 2154 cum
2683 2111 2838 2170 patre
2871 2101 3152 2166 recedere,
3181 2103 3279 2158 sed
3331 2119 3554 2160 manere
3588 2105 3642 2159 in

383 2195 412 2244 ό
442 2193 540 2260 μὲν
589 2191 650 2242 τὸ
695 2189 882 2244 λοιπὸν
934 2189 1102 2259 συνῆν
1154 2191 1266 2251 τοῖς
1313 2188 1492 2256 ἁγίοις
1544 2189 1642 2244 καὶ
1679 2193 1820 2259 πρὸς
1865 2190 1964 2260 τὴν

383 2283 611 2352 ἄθλησιν
638 2282 985 2352 ἡτοιμάζετο·
1021 2284 1048 2335 ό
1078 2281 1134 2334 δὲ
1167 2281 1441 2351 μακάριος
1464 2282 1627 2345 Γάϊος
1646 2284 1772 2344 τοὺς
1794 2299 1964 2336 κατα-

385 2371 709 2444 λειφθέντας
735 2377 972 2446 μακροῖς
995 2391 1105 2428 τισι
1138 2375 1319 2437 λόγοις
1345 2374 1480 2440 πρὸς
1510 2376 1636 2438 τοὺς
1669 2374 1971 2444 προκειμέ-

387 2485 512 2530 νους
559 2467 933 2538 ὲπιθαρῤύνας
986 2467 1232 2534 ἀγῶνας,
1269 2467 1365 2520 καὶ
1415 2466 1800 2537 Μαρκελλῖνον
1863 2468 1968 2537 μὲν

387 2562 481 2614 καὶ
515 2561 746 2630 Μάρκον
772 2562 850 2632 τῷ
885 2559 992 2614 τῶν
1025 2559 1294 2614 διακόνων
1323 2559 1590 2628 τάγματι,
1624 2559 1718 2612 τὸν
1755 2559 1813 2613 δὲ
1844 2561 1968 2613 τού-

386 2669 496 2706 των
527 2652 739 2721 πατέρα
767 2651 844 2722 τῷ
872 2651 982 2706 τῶν
1009 2650 1400 2721 πρεσϐυτέρων
1442 2651 1837 2719 ἑγκαταλέξας,
1871 2653 1968 2706 Σε-

387 2745 676 2800 ϐαστιανδν
728 2745 786 2799 δὲ
835 2745 927 2798 τὸν
987 2743 1230 2813 ἀοίδιμον
1278 2745 1378 2813 τῆς
1412 2741 1709 2814 ἐκκλησίας
1757 2744 1969 2801 ἔκδικον

388 2838 760 2904 καταστήσας,
793 2837 890 2890 σὺν
913 2837 1095 2898 αὐτοῖς
1129 2836 1403 2906 ὁσημέραι
1426 2835 1661 2905 διέτρισε
1689 2836 1968 2907 νηστείαις

390 2927 710 2998 σχολάζουσι
739 2929 836 2981 καὶ
870 2929 1227 2999 προσευχαῖς,
1278 2927 1374 2980 καὶ
1403 2926 1498 2980 τοῦ
1525 2926 1662 2980 Θεοῦ
1688 2927 1969 2996 δεομένοις

387 3021 481 3071 τον
515 3021 856 3091 μαρτυρικὺν
879 3018 1249 3090 ἀναδήσασθαι
1283 3021 1574 3088 στέφανον.
1609 3019 1764 3083 Τινὲς
1789 3019 1847 3072 δὲ
1878 3020 1967 3074 νό-

392 3129 505 3174 σοις
541 3112 884 3164 πολυειδέσιν
919 3111 1295 3179 ἐξεταζόμενοι
1354 3110 1531 3182 λάθρα
1585 3109 1722 3180 πρὸς
1769 3111 1967 3172 αὐτοὺς

389 3203 782 3273 ἀφικνούμενοι
839 3203 1014 3269 ὑγιεῖς
1069 3203 1495 3272 ἀπηλλάττοντο,
1561 3201 1658 3254 καὶ
1719 3200 1971 3269 θαύματα

393 3295 524 3365 παρ’
558 3294 736 3346 αὐτῶν
785 3294 1020 3346 ἐτελεῖτο
1071 3293 1375 3362 παράδοξα,
1432 3285 1508 3345 ὦν
1563 3292 1633 3345 τὰ
1689 3292 1788 3362 μὲν
1835 3293 1971 3348 ἄλλα

393 3389 650 3460 παρήσω,
702 3391 921 3458 φεύγων
968 3387 1062 3441 τού
1129 3387 1290 3454 λόγου
1342 3385 1690 3456 προσκορές·
1755 3385 1874 3448 ἑνὸς
1913 3387 1968 3440 δὲ

398 3479 558 3547 μόνου
591 3477 1097 3547 ἐπιμνησθήσομαι.

2082 2191 2218 2246 urbe
2275 2198 2332 2244 et
2364 2194 2618 2260 accipere
2669 2207 2930 2246 coronant
2988 2195 3281 2265 martyrii,
3312 2204 3368 2250 et
3412 2212 3537 2251 cum
3589 2197 3645 2251 id

2078 2283 2449 2338 concessisset
2479 2284 2647 2339 Gaius
2669 2293 2896 2353 proiter
2957 2301 3209 2356 magnam
3270 2291 3644 2346 constantiam

2068 2375 2457 2438 adolescentis,
2495 2375 2586 2430 ille
2616 2375 2838 2445 quidem
2898 2377 3157 2448 deinceps
3215 2390 3335 2436 erat
3380 2397 3488 2436 una
3521 2397 3646 2438 cum

2070 2467 2303 2528 sanctis.
2336 2466 2524 2522 divino
2543 2483 2811 2524 accensus
2835 2470 3134 2536 desiderio,
3167 2481 3222 2527 et
3249 2475 3647 2544 propemodum

2076 2574 2219 2626 aegre
2249 2558 2440 2614 ferens
2467 2560 2615 2629 quod
2641 2577 2748 2615 non
2779 2561 2946 2616 citius
2966 2563 3280 2619 mitteretur
3305 2568 3371 2620 ad
3414 2569 3652 2623 stadium

2070 2649 2491 2707 deeertationis.
2522 2653 2725 2709 Beatus
2746 2665 2932 2711 autem
2974 2655 3164 2722 Gaius,
3223 2673 3350 2714 cum
3403 2675 3502 2715 eos
3554 2662 3650 2731 qui

2071 2753 2476 2808 remanserant,
2528 2745 2595 2800 ad
2661 2747 2944 2816 proposita
3007 2748 3298 2804 subeunda
3347 2753 3652 2807 certamina

2072 2834 2280 2904 prolixa
2313 2835 2700 2893 conﬁrmasset
2724 2840 2976 2896 oratione
2999 2881 3013 2906 ,
3048 2850 3104 2896 et
3157 2841 3479 2898 Marcellum
3524 2846 3654 2915 qui-

2074 2925 2195 2980 dem
2225 2938 2282 2983 ct
2313 2927 2556 2984 Marcum
2597 2930 2652 2985 in
2704 2931 2961 2987 ordinem
3019 2933 3405 3002 diaconorum,
3460 2951 3653 2992 eorum

2072 3027 2255 3074 autem
2293 3029 2500 3089 patrem
2519 3022 2574 3076 in
2600 3023 3044 3093 presbyterorum
3073 3026 3372 3094 retulisset,
3390 3028 3655 3100 inclytum

2073 3120 2205 3164 vero
2227 3109 2614 3168 Sebastianum
2648 3113 2897 3170 ecclesiae
2925 3115 3280 3172 defensorem
3331 3121 3654 3175 constituis-

2073 3210 2176 3263 set,
2210 3219 2337 3258 cum
2382 3205 2464 3259 eis
2488 3205 2813 3262 versabatur
2836 3207 3092 3277 quatidie
3145 3211 3473 3267 vacantibus
3510 3215 3658 3284 jeju-

2077 3295 2184 3346 uiis
2218 3303 2275 3348 et
2300 3297 2672 3364 orationibus,
2708 3309 2765 3354 et
2792 3300 2964 3355 Deum
2991 3301 3312 3371 rogantibus
3355 3313 3413 3358 ut
3436 3305 3655 3360 fortiter

2077 3403 2134 3442 se
2160 3400 2416 3457 gererent
2441 3391 2494 3446 in
2535 3393 2937 3449 certaminibus
2960 3403 3018 3450 et
3047 3397 3359 3464 tormentis,
3397 3408 3456 3454 et
3509 3401 3658 3456 redi-

1997 3466 2040 3524 Ο
2075 3481 2350 3536 mirentur
2396 3498 2600 3539 corona
2639 3487 2912 3556 martyrii.
2943 3489 3013 3542 Et
3062 3488 3141 3544 illi
3187 3493 3411 3560 quidem
3462 3493 3517 3549 in
3575 3494 3662 3549 his

393 3581 572 3627 erant.
604 3571 833 3638 Quidam
862 3580 1044 3625 autem
1085 3569 1331 3639 quicum
1384 3569 1553 3624 variis
1582 3569 1791 3625 morbis
1817 3568 2298 3640 conﬂictabantur,
2337 3576 2476 3631 clam
2543 3578 2610 3633 ad
2645 3593 2742 3634 eos
2807 3580 3155 3648 accedentes,
3224 3586 3342 3640 sani
3421 3598 3663 3644 revertc-

394 3665 616 3726 bantur.
643 3674 699 3718 et
751 3663 955 3718 ﬁebant
1005 3662 1076 3718 ab
1127 3663 1208 3716 eis
1252 3663 1558 3728 miracula;
1626 3678 1750 3732 quae.
1803 3673 1958 3718 erant
1999 3675 2190 3721 contra
2213 3669 2551 3737 opinionem,
2585 3687 2829 3741 quorum
2869 3673 2975 3728 alia
2999 3676 3221 3744 quidem
3246 3681 3658 3748 pratertuittam

393 3759 572 3812 vitans
605 3758 911 3813 satietatem
943 3755 1230 3813 orationis.
1269 3754 1440 3811 Unius
1465 3770 1598 3811 vero
1637 3755 1940 3810 meminero
1981 3773 2145 3828 quam
2178 3769 2374 3829 potero
2405 3763 2750 3818 brevissime.

465 3848 580 3918 ις’.
616 3848 834 3904 Κατιὼν
864 3849 993 3903 ποτὲ
1026 3850 1054 3902 ό
1076 3848 1391 3919 Τιὸούρτιος
1413 3848 1477 3901 ὲκ
1498 3848 1596 3918 τῆς
1618 3848 1820 3912 οἰκίας,
1847 3849 1977 3903 ἔνθα

395 3941 534 4016 ἦσαν
565 3947 613 3998 oi
643 3946 815 4013 ἅγιοι,
836 3945 1058 4015 ἐνέτυχέ
1087 3961 1190 3997 που
1220 3945 1358 3998 κατὰ
1398 3943 1496 4014 τὴν
1542 3945 1750 4014 ἀγορὰν
1781 3945 1895 3998 ἄνω
1921 3946 1979 4011 ἐξ

399 4042 568 4108 ὕψους
606 4042 850 4104 πεσόντι,
914 4042 1010 4094 καὶ
1062 4040 1205 4093 οὕτω
1258 4040 1448 4103 δεινῶς
1495 4039 1697 4109 ἔχοντι,
1747 4039 1823 4102 ὡς
1853 4040 1980 4103 τοὺς·

399 4136 738 4204 ἑπιτηδιίους
780 4133 1119 4199 ἀπογνόντας
1174 4131 1338 4185 αὑτοῦ
1387 4132 1489 4201 τὴν
1540 4131 1846 4201 σωτηρίαν,
1880 4131 1972 4184 τοῦ

399 4225 576 4294 τάφου
610 4225 773 4294 μόνου
814 4223 909 4277 καὶ
942 4224 1041 4293 τῆς
1075 4223 1232 4286 ὁσίας
1261 4224 1591 4292 φροντίζειν.
1645 4224 1970 4291 Πλησιάσας

397 4317 489 4372 οὖν
525 4317 602 4386 τῷ
630 4317 867 4387 κειμένῳ
905 4318 998 4369 καὶ
1031 4315 1130 4385 τὴν
1181 4315 1390 4385 συνήθη
1430 4315 1517 4368 ἐπ’
1549 4314 1697 4384 αύτῷ
1748 4314 1972 4378 τελέσας

400 4415 586 4485 εὐχὴν,
637 4414 769 4481 ὑγιᾶ
817 4412 1007 4466 τοῦτον
1042 4413 1152 4474 τοῖς
1211 4411 1587 4480 προσήκουσιν
1641 4408 1973 4472 ἀποδίδωσι,

403 4508 540 4574 πρὸς
565 4505 655 4567 οὓς
680 4506 775 4560 καὶ
801 4504 987 4575 φησιν’
1015 4504 1078 4556 El
1109 4502 1366 4573 βούλεσθε
1399 4503 1494 4556 καὶ
1516 4501 1673 4572 ὑμεῖς
1696 4501 1977 4570 παράδοξα

403 4599 538 4666 ἔργα
573 4598 768 4662 τελεῖν,
808 4595 1141 4649 πιστεύσατε
1178 4595 1255 4664 τῷ
1287 4593 1530 4662 Χριστῷ,
1569 4593 1698 4662 παρ’
1725 4585 1787 4646 οὗ
1816 4593 1982 4662 κάμοὶ

403 4690 573 4744 τῶνδε
616 4690 724 4742 τῶν
765 4688 1122 4756 θαυμάτωνὴ
1161 4687 1412 4754 δύναμις.
1463 4685 1614 4740 Ἐπεὶ
1640 4684 1696 4738 δὲ
1725 4685 1984 4755 πειθομέ-

405 4803 530 4848 νους
558 4779 697 4837 εἶδεν
731 4782 903 4852 αὐτῷ,
963 4780 1103 4852 πρὸς
1176 4781 1215 4834 Γ
1220 4782 1340 4834 αῖον
1393 4779 1600 4848 ἧγαγεν
1659 4777 1850 4842 εἰπὼν,
1883 4779 1983 4832 Δέ-

405 4896 502 4949 χου
555 4876 801 4942 τούτους,
854 4875 1029 4943 πάτερ
1088 4872 1260 4943 τίμιε,
1308 4869 1403 4934 οὓς
1452 4871 1519 4924 δι’
1576 4870 1712 4940 ἐμοῦ
1746 4871 1984 4940 σήμερον

402 4970 692 5041 ἐκέρδανεν
726 4971 754 5022 ό
789 4967 1049 5038 Χριστός.
1095 4964 1154 5018 ’0
1188 4965 1244 5018 δὲ
1291 4964 1610 5033 κατηχήσας
1645 4961 1844 5025 αὐτοὺς
1887 4962 1983 5014 καὶ⁹

403 5065 478 5133 τῲ
510 5065 635 5133 θείῳ
657 5062 950 5125 τελειώσας
977 5059 1318 5128 βαπτίσματι
1350 5058 1462 5119 τοῖς
1486 5055 1694 5120 λοιποῖς
1717 5056 1980 5122 συγκατέ-

407 5156 562 5226 μιξεν
590 5155 787 5224 ἁγίοις.
827 5151 968 5206 Ἀλλ’
1003 5152 1103 5222 ἤδη
1139 5151 1330 5223 καιρὸς
1360 5150 1537 5203 εἰπεῖν
1559 5149 1708 5210 ὅπως
1737 5147 1796 5201 τὸ
1825 5147 1978 5210 τέλος

404 5245 683 5314 ἀπήντησε
716 5243 813 5312 τῆς
848 5241 1128 5312 ἀθλήσεως
1157 5257 1171 5269 ο
1215 5239 1244 5292 ὃ
1277 5239 1342 5309 δὴ
1379 5239 1475 5290 καὶ
1502 5237 1715 5306 ποιήσω
1743 5234 1849 5292 τῶν
1884 5235 1977 5289 ἄλ-

404 5339 512 5390 λων
551 5337 841 5406 ἀφέμενος.

2151 3853 2289 3908 XV].
2337 3856 2681 3913 Descendens
2719 3858 3017 3929 aliquando
3067 3863 3262 3918 beatus
3302 3863 3590 3922 Tiburtius
3631 3884 3663 3923 e

2080 3945 2244 4001 domo
2275 3949 2326 4001 in
2362 3963 2469 4018 qua
2500 3960 2658 4006 erant
2687 3953 2890 4015 sancti,
2925 3955 3122 4009 incidit
3153 3956 3208 4009 in
3238 3956 3360 4012 l'oro
3386 3957 3441 4012 in
3480 3958 3660 4014 homi-

2081 4054 2206 4092 nem
2247 4044 2339 4108 qui
2382 4057 2450 4096 ex
2495 4042 2604 4097 alto
2642 4045 2940 4109 ceciderat,
2984 4054 3040 4099 et
3065 4062 3094 4100 e
3125 4062 3254 4101 casu
3289 4056 3397 4102 tam
3429 4050 3570 4106 male
3601 4067 3662 4106 se

2080 4131 2342 4197 habebat,
2388 4143 2448 4188 ut
2490 4135 2611 4202 ejus
2642 4137 2938 4190 necessarii
2970 4136 3329 4205 desperantes
3366 4139 3434 4194 de
3464 4141 3660 4206 salute,

2082 4224 2398 4293 sepulcrum
2442 4226 2622 4281 solum
2681 4236 2736 4282 et
2776 4229 2921 4297 justa
2974 4228 3024 4282 ei
3072 4229 3325 4285 facienda
3376 4245 3660 4290 curarent.

2081 4313 2218 4372 Cum
2249 4317 2434 4387 itaque
2467 4319 2516 4373 ei
2549 4320 2643 4389 qui
2664 4321 2881 4390 jacebat
2910 4323 3428 4393 appropinquasset,
3455 4335 3509 4381 et
3533 4343 3664 4383 con-

2084 4418 2270 4463 suetas
2301 4426 2466 4482 super
2487 4426 2614 4467 eum
2641 4429 2833 4485 preces
2852 4413 3095 4480 fecisset,
3123 4415 3362 4471 reddidit
3386 4417 3664 4475 hominem

2078 4514 2272 4555 sanum
2316 4501 2384 4556 iis
2426 4502 2520 4572 qui
2553 4506 2617 4556 ad
2651 4519 2776 4558 eum
2807 4505 3143 4571 attinebant,
3171 4506 3310 4561 adeo
3340 4511 3666 4564 corrobora-

2083 4605 2197 4648 tum
2235 4596 2580 4651 invocatione
2611 4599 2852 4652 nominis
2881 4598 3107 4663 Christi,
3143 4610 3202 4654 ut
3228 4615 3330 4656 nec
3369 4601 3416 4655 ei
3445 4602 3666 4671 quidem

2083 4684 2365 4740 videretur
2421 4687 2528 4741 tale
2580 4687 2714 4756 quid
2768 4689 2994 4742 omnino
3027 4690 3313 4746 accidisse.
3353 4693 3481 4747 Post
3509 4709 3669 4747 cura-

2095 4773 2300 4829 tionem
2340 4787 2522 4831 autem
2571 4778 2690 4846 ejus
2728 4778 2820 4847 qui
2871 4780 3168 4843 ceciderat,
3222 4781 3508 4836 accersitis
3548 4782 3668 4852 ejus

2090 4868 2415 4922 necessariis
2458 4868 2749 4924 Tiburtius
2801 4870 2935 4925 dicit
2975 4872 3057 4925 eis
3093 4889 3104 4926 :
3149 4871 3204 4926 Si
3240 4873 3406 4926 vultis
3446 4887 3668 4942 quoque

2083 4973 2206 5013 esse
2259 4959 2554 5015 eﬁ'ectores
2600 4978 2781 5016 rerum
2817 4964 3250 5027 admirabilium,
3289 4965 3510 5021 Christo
3551 4981 3670 5020 cre-

2083 5050 2216 5112 dite,
2247 5067 2276 5105 a
2313 5067 2422 5120 quo
2449 5052 2516 5106 ad
2562 5069 2647 5108 me
2684 5069 2904 5124 quoque
2943 5055 3188 5125 profecta
3237 5065 3322 5111 est
3357 5057 3470 5112 haec
3497 5057 3672 5111 virtus

2082 5143 2498 5199 miraculorum.
2532 5146 2829 5216 Postquam
2867 5164 2998 5203 vero
3035 5147 3174 5203 vidit
3217 5149 3585 5205 assentientes
3619 5158 3673 5202 et

2081 5245 2360 5306 parentes,
2411 5251 2508 5292 eos
2549 5237 2763 5294 ducens
2809 5238 2875 5293 ad
2927 5237 3120 5294 Gaium
3151 5238 3289 5294 dicit
3321 5239 3371 5294 ci
3397 5259 3412 5293 :
3443 5239 3671 5310 Suscipe
3745 5299 3760 5307 ,η

2088 5328 2212 5391 hos,
2240 5329 2556 5383 venerande
2589 5339 2764 5398 pater,
2801 5346 2942 5400 quos
2972 5330 3134 5386 hodie
3170 5347 3269 5402 per
3301 5347 3388 5387 me
3414 5331 3671 5388 Christus

404 5430 700 5487 lucrifecit.
740 5429 837 5484 Ille
883 5435 1068 5482 autem
1111 5433 1400 5496 postquam
1452 5424 1489 5480 ii
1535 5425 1766 5482 verbum
1815 5420 1940 5475 ﬁdei
2017 5418 2360 5484 didicissent,
2413 5421 2602 5477 divino
2678 5422 3004 5492 baptismate
3093 5424 3376 5492 initiatos,
3425 5425 3660 5482 commio

407 5525 552 5582 seuit
579 5524 704 5578 aliis
733 5522 960 5586 sanctis,
994 5529 1222 5591 prepter
1253 5521 1371 5576 btec
1453 5521 1566 5575 Deo
1636 5531 1803 5588 agens
1830 5513 2058 5585 gratias,
2099 5513 2193 5583 qui
2247 5513 2379 5569 facit
2429 5514 2778 5570 admirabilia
2835 5515 2892 5570 in
2951 5516 3213 5573 omnibus
3276 5517 3663 5575 invocantibus

412 5620 616 5689 ipsum.
677 5614 786 5672 Sed
841 5615 950 5685 jam
1002 5623 1221 5684 tempus
1265 5623 1352 5669 est
1412 5611 1674 5669 narrandi
1727 5607 2182 5669 decertationem,
2211 5617 2267 5663 et
2305 5608 2556 5676 quisnam
2623 5607 2748 5666 ﬁnis
2808 5608 3107 5681 unicuique
3175 5611 3458 5678 evenerit;
3520 5610 3669 5681 quod

407 5712 630 5782 quidem
659 5710 856 5766 iaciam
883 5707 1009 5764 aliis
1042 5708 1290 5763 omissis.

479 5803 578 5860 lZ'.
621 5805 686 5859 Ἥ
721 5800 1114 5874 μακαριωτάτη
1171 5800 1294 5870 Ζωὴ
1356 5802 1413 5852 ὲν
1463 5803 1528 5872 τῇ
1568 5799 1710 5870 σορῷ
1763 5812 1890 5850 ποτε
1914 5793 2004 5848 τοῦ

759 5897 1028 5957 Pauor“
1073 5893 1160 5954 Gn
1241 5893 1446 5953 CXi’l.

2188 5787 2348 5846 Mil.
2380 5789 2698 5848 Bcatissima
2732 5791 2844 5846 Zoc
2879 5806 3042 5848 orans
3065 5789 3366 5863 aliquando
3417 5788 3485 5844 ad
3521 5790 3676 5846 locu-

3243 5880 3320 5942 26
