4128 6384
535 301 570 362 8
584 299 640 366 ιι

1557 339 1574 355 ς
1673 302 2055 365 ADDENDA.
2091 328 2160 340 -
2201 303 2668 369 ΙΑΝΗΑΙΠΗΞ.

3697 317 3806 384 81?.

524 423 642 484 Luzn
673 423 906 496 apostoli
963 422 1112 478 Petri
1151 421 1221 478 ab
1269 421 1453 492 impiis
1492 420 2007 492 comprehenditur.
2050 421 2083 477 Ε

2183 464 2194 489 ,
2223 423 2524 482 ἀποστόλου
2543 429 2752 498 Πέτρου
2777 435 3193 508 προσευχομένη
3222 438 3374 510 παρὰ
3393 439 3502 494 τῶν
3519 440 3803 494 cuquam

527 519 771 590 primum
800 517 1027 588 quidem
1072 515 1312 572 adducta
1339 513 1406 569 ad
1452 514 1836 584 magistratum
1868 513 2109 580 vicinim,

2217 516 2675 589 συλλαμϐάνεται,
2707 521 2800 576 καὶ
2826 522 2902 592 τῷ
2924 525 3154 597 ἄρχοντι
3187 528 3292 597 τῆς
3329 530 3596 598 γειτονίας
3626 550 3800 602 προσ-

525 625 582 668 et
629 608 1012 666 tantummodo
1049 607 1272 680 jubenti
1317 606 1370 662 ei
1417 615 1479 662 ut
1524 607 1863 662 sacrificaret
1914 614 2083 662 statua

2216 608 2430 678 ἀγεται.
2477 609 2766 667 Κελεύοντι
2811 609 2904 668 οὖν
2931 617 3084 689 αὐτῷ
3121 619 3198 688 τῷ
3241 623 3425 676 ἐκεῖσε
3469 624 3564 678 τοῦ
3602 627 3801 693 Ἄρεος

525 703 718 760 Martis
753 718 875 774 quae
901 702 1016 757 illic
1047 701 1248 766 stabat,
1281 713 1406 755 cum
1437 696 1753 754 verecunde
1787 697 2108 767 respondis-

523 805 610 855 set
649 815 664 852 :
703 796 841 851 Eum
893 795 1082 851 Venus
1134 793 1307 864 magis
1351 790 1712 848 delectaverit
1761 791 1927 860 quam
1982 803 2106 860 ego,

525 893 618 947 illa
641 891 710 946 de
735 899 939 945 caetero
959 887 1186 958 quidem
1212 885 1410 941 mansit
1443 894 1638 940 tacens
1660 893 1716 938 et
1738 881 1934 938 oculos
1950 881 2106 936 humi

521 983 788 1053 deﬁgens.
822 981 918 1036 Ille
953 988 1140 1035 autem
1171 978 1280 1034 hoc
1309 977 1460 1034 dicto
1484 975 1751 1034 siler-atus
1781 977 1947 1048 jussit
1983 991 2105 1031 eam

519 1075 727 1134 servari
755 1076 809 1129 in
833 1089 1054 1130 carcere
1081 1073 1379 1138 tutissimo,
1401 1080 1458 1126 et
1494 1085 1675 1140 neque
1693 1070 1875 1126 lucem
1893 1068 2105 1134 videre,

520 1188 698 1244 neque
739 1171 897 1228 cibos
926 1183 1168 1227 sumere.
1213 1167 1421 1223 Deinde
1445 1183 1570 1222 cum
1619 1181 1715 1222 sea
1756 1165 1876 1221 dies
1929 1175 2105 1221 trans-

515 1267 722 1336 egisset
757 1265 813 1320 in
845 1266 948 1318 hac
970 1261 1289 1325 alllictione,
1330 1258 1568 1328 septimo
1614 1257 2004 1312 transmittitur
2035 1256 2102 1311 ad

515 1359 837 1428 praelectum
868 1356 1213 1411 Flavianum.
1240 1353 1344 1419 Qui
1374 1367 1502 1408 cum
1529 1359 1656 1422 post
1683 1349 1884 1406 multas
1925 1348 2101 1405 inter-

516 1453 834 1523 rogationes
885 1450 1116 1505 vidisset
1164 1463 1290 1503 eam
1352 1461 1465 1502 non
1503 1455 1696 1516 "posse
1756 1443 2099 1515 persuaderi,

507 1547 669 1616 jubet
707 1560 827 1600 eam
870 1544 924 1598 in
955 1543 1139 1612 aliqua
1182 1543 1293 1596 alta
1327 1540 1530 1596 arbore
1577 1554 1610 1594 α
1645 1537 1826 1608 capite
1864 1551 2102 1607 suspen-

509 1655 652 1703 sam,
710 1647 767 1694 et
806 1637 983 1691 multo
1041 1635 1194 1690 turno
1249 1632 1464 1688 inferne
1529 1630 1966 1700 suﬂumigatam,
2016 1627 2098 1684 sic

509 1733 671 1786 ﬁnire
694 1732 889 1787 vitam.
922 1729 992 1784 Et
1015 1728 1109 1784 illa
1135 1727 1358 1797 quidem
1389 1725 1472 1781 sic
1495 1724 1696 1795 migrat
1719 1722 1788 1777 ad
1811 1721 2095 1778 Christum

507 1824 910 1879 desideratum.
979 1818 1248 1874 Crudeles
1291 1825 1478 1871 autem
1548 1812 1842 1883 parricidae
1892 1826 2100 1881 corpus

2213 700 2489 771 ἀνδριάντι
2514 700 2676 756 θῦσαι
2706 707 2826 775 μετ’
2843 706 3025 772 αἰδοῦς
3046 709 3280 766 εἰποῦσα
3303 713 3380 776 ὡς
3406 713 3469 768 Ἦ
3507 715 3798 790 Ἀφροδίτη

2216 794 2418 864 μᾶλλον
2466 794 2720 866 τέρψειεν
2773 797 2966 854 τοῦτον
3005 802 3038 873 ἢ
3089 803 3224 871 ἑγὼ,
3269 807 3303 875 ἡ
3346 807 3449 877 μὲν
3501 810 3563 863 τὸ
3609 811 3801 865 λοιπὸν

2211 883 2445 951 ὲσ.ὠπα,
2499 886 2570 942 τὰ
2600 886 2827 958 δμματα
2856 892 2936 954 είς
2975 893 3080 966 γῆν
3133 897 3438 966 ἑρείδουσα·
3479 901 3508 954 6
3558 901 3618 956 δὲ
3659 905 3800 975 πρὸς

2209 977 2301 1030 τὸν
2334 977 2491 1046 λόγον
2527 977 2717 1033 τοῦτον
2743 981 3010 1052 ἀγριάνας
3037 986 3294 1042 ἐκέλευσε
3325 991 3500 1062 αὐτὴν
3532 993 3795 1061 ἀσφαλῶς

2209 1071 2494 1140 τηρεῖσθαι
2530 1071 2624 1124 καὶ
2667 1074 2804 1142 μήτε
2843 1074 2958 1143 φῶς
2987 1077 3144 1148 ὁρᾷν,
3191 1081 3330 1150 μήτε
3380 1082 3582 1140 σιτίων.
3622 1102 3795 1152 μετα-

2209 1161 2530 1231 λαμϐάνειν.
2569 1163 2667 1230 Ἓξ
2712 1164 2768 1218 δὲ
2799 1164 3127 1222 διελθουσῶν
3173 1171 3400 1242 ἡμερῶν
3433 1177 3511 1244 τῖι
3561 1178 3796 1249 ἐπάρχῳ

2206 1254 2490 1326 Φλαϐιανῷ
2524 1258 2986 1328 παραπέμπεται·
3019 1262 3079 1325 ὃς
3103 1264 3440 1320 ἀπειθοῦσαν
3466 1268 3637 1343 αὐτὴν
3670 1271 3795 1324 ίδὼν

2205 1345 2494 1401 ἐκέλευσεν
2541 1349 2634 1403 ἐπί
2679 1367 2828 1415 τινος
2861 1351 3070 1422 ὑψηλοῦ
3102 1353 3325 1425 δένδρου
3367 1361 3511 1413 κατά
3545 1361 3794 1432 κεφαλῆς

2205 1439 2611 1512 ἀναρτηθεῖσαν
2639 1443 2734 1497 καὶ
2775 1444 2960 1516 πολλῷ
2989 1446 3070 1516 τῷ
3097 1449 3294 1519 καπνῷ
3333 1451 3580 1504 κάτωθεν
3618 1470 3796 1506 κατα-

2204 1537 2532 1605 πνεομένην,
2576 1536 2750 1600 οὕτως
2798 1539 3117 1596 ἀποθανεῖν.
3161 1541 3366 1597 Τούτου
3397 1544 3457 1597 δὲ
3495 1547 3791 1614 γενομένω

2203 1627 2253 1681 οἱ
2289 1628 2566 1698 μιαιφόνοι
2599 1629 2678 1700 τῷ
2724 1629 2941 1701 σώματι
2971 1631 3176 1703 ταύτης
3204 1633 3355 1690 λίθον
3387 1638 3792 1708 προσδήσαντες

2202 1719 2345 1774 κατά
2373 1719 2468 1773 τοῦ
2491 1720 2750 1793 Τιϐέρεος
2775 1724 3120 1791 ἀκοντίζουσι
3150 1729 3422 1798 ποταμοῦ,
3453 1729 3520 1782 si
3553 1731 3788 1799 μέγιστα

2201 1809 2528 1880 ζημιοῦντες
2555 1813 2942 1884 Χριστιανούς.

506 1917 626 1986 ejus
649 1921 1006 1987 acceperunt,
1049 1921 1108 1968 et
1153 1911 1332 1981 lapide
1359 1909 1412 1965 ei
1446 1922 1691 1979 appenso
1722 1907 1780 1962 in
1830 1903 2074 1959 Tiberim
2110 1902 2385 1974 injiciunt,
2414 1906 2796 1964 existimantes
2863 1907 2981 1964 fore
3062 1919 3120 1965 ut
3169 1911 3250 1967 sic
3301 1927 3412 1967 non
3473 1924 3782 1984 appareret,

504 2019 696 2065 etnon
749 2019 898 2066 esset
950 2004 1286 2063 Christianis
1329 2004 1653 2058 morborum
1714 1998 2204 2054 medicamentum.

574 2104 764 2161 XVIII.
797 2104 1094 2170 Postquam
1122 2113 1254 2154 vero
1283 2097 1457 2152 beatae
1484 2095 1624 2150 Zoes
1643 2093 1965 2164 martyrium
1987 2091 2083 2146 fuit

2267 2090 2375 2148 IH'.
2416 2094 2505 2156 Ὠς
2555 2094 2649 2150 οὖν
2697 2097 2760 2151 τὸ
2814 2102 3120 2169 μαρτύριον
3163 2101 3263 2172 τῆς
3312 2101 3595 2174 μακαρίας
3616 2103 3781 2172 -Ζωῆς

503 2199 710 2253 sanctis
764 2195 1070 2265 cognitum,
1135 2191 1190 2246 id
1263 2204 1456 2244 omnes
1517 2188 1654 2242 adeo
1711 2185 1961 2241 incitavit
2027 2185 2097 2240 ad

501 2290 737 2346 similem
765 2288 1044 2350 zelum,ut
1067 2283 1482 2354 Tranquillinus
1507 2280 1712 2336 dixerit
1737 2280 1899 2335 beato
1927 2277 2097 2334 Seba-

501 2384 683 2440 stiano
710 2399 724 2435 :
763 2381 948 2447 Vides,
981 2379 1202 2434 domine
1256 2377 1350 2443 mi,
1378 2375 1840 2446 quemadmodum
1872 2373 2092 2428 feminae

503 2492 668 2533 sexus
689 2473 1124 2530 imbecillitatem
1153 2477 1410 2541 prompto
1431 2477 1488 2523 et
1505 2467 1672 2522 alacri
1694 2466 1880 2521 animo
1897 2479 2092 2520 corro-

503 2565 783 2628 borantes,
804 2575 1040 2616 coronas
1061 2558 1402 2630 praeripiunt.
1419 2556 1577 2624 Quod
1610 2556 1776 2612 simul
1814 2564 1979 2626 atque
1999 2555 2087 2610 di-

497 2657 670 2712 xisset
695 2656 860 2711 domo
891 2667 1164 2724 egressus,
1201 2661 1258 2706 et
1282 2651 1512 2706 veniens
1546 2648 1613 2704 ad
1645 2649 1888 2704 loculum
1937 2647 2085 2704 beati

497 2750 734 2820 apostoli
775 2748 930 2804 Pauli
961 2745 1151 2802 orandi
1186 2758 1376 2809 causa,
1413 2749 1644 2813 repente
1677 2741 1784 2795 fuit
1837 2755 2087 2811 compte-

496 2846 726 2907 hensus,
755 2853 811 2900 et
832 2843 1108 2913 lapidibus
1165 2841 1401 2895 obrutus
1449 2838 1655 2909 iacitur
1703 2835 1758 2891 in
1814 2835 2079 2891 Tiberim.

496 2939 672 3008 Ilujus
701 2951 904 3006 corpus
931 2935 1274 2990 Nicostratus
1299 2940 1358 2987 et
1407 2929 1674 2988 Claudius
1731 2928 1896 2985 simul
1955 2944 2079 2984 cum

494 3028 746 3086 Castorio
763 3027 830 3082 ad
851 3026 998 3096 ripas
1010 3032 1320 3094 quazrentes
1334 3033 1394 3076 ut
1407 3020 1734 3076 mandarent
1755 3019 2076 3088 sepulturae,

495 3123 730 3178 veniunt
781 3120 835 3175 in
887 3132 1088 3173 manus
1141 3130 1335 3172 eorum
1385 3115 1482 3184 qui
1535 3113 1960 3179 insidiabantur,
2021 3108 2080 3168 ἑῖ

497 3216 645 3270 ducti
674 3213 742 3268 ad
775 3211 1116 3284 praefectum,
1170 3209 1308 3264 adeo
1334 3223 1435 3262 nec
1457 3205 1673 3262 blandis
1714 3206 1923 3270 verbis,
1973 3219 2078 3260 nec

493 3308 662 3363 minis
688 3320 792 3360 nec
844 3304 971 3359 ullis
1023 3302 1324 3357 insultibus
1380 3299 1632 3355 converti
1709 3310 1964 3369 pctuere,
2016 3306 2074 3351 ut

494 3399 785 3472 praefectus
825 3397 1130 3451 admiratus
1173 3393 1566 3465 signiﬁcaverit
1606 3392 1724 3446 htec
1770 3393 2070 3460 imperato-

2200 2188 2315 2249 τοῖς
2361 2187 2541 2256 ἁγίοις
2591 2191 2867 2262 ἐγνώσθη,
2920 2192 3177 2248 τοσοῦτον
3216 2195 3470 2259 ἅπαντας
3528 2195 3662 2266 πρὸς
3691 2197 3782 2248 τδν

2197 2279 2382 2350 ὅμοιον
2415 2281 2690 2352 παρέθηξε
2727 2285 2908 2352 ζῆλον,
2944 2286 3088 2340 ὥστε
3113 2287 3207 2341 τὸν
3239 2289 3617 2360 Τραγκυλῖνον
3641 2290 3780 2362 πρὸς

2193 2372 2286 2426 τὸν
2309 2374 2584 2444 μακάριον
2597 2375 2983 2440 Σεϐαστιανδν.
3001 2378 3190 2451 Ὁρᾷς,
3212 2374 3257 2433 ὦ
3285 2380 3446 2451 κύριε
3476 2397 3600 2451 μου,
3630 2381 3779 2443 ὅπως

2193 2465 2251 2520 αἱ
2295 2469 2558 2535 γυναῖκες
2593 2469 2656 2522 τὸ
2700 2472 2803 2540 τῆς
2849 2471 3068 2540 φύσεως
3118 2472 3346 2536 ἀσθενὲς
3385 2476 3452 2543 τῇ
3497 2471 3778 2544 προθυμίᾳ

2190 2558 2576 2632 ἑπιρῤώσασαι
2631 2563 2760 2627 τοὺς
2811 2565 3110 2633 στεφάνους
3167 2565 3608 2636 προαρπάζουσι.
3667 2567 3777 2618 Καὶ

2189 2649 2309 2720 ἅμα
2341 2650 2416 2722 τῷ
2445 2652 2588 2724 λόγῳ
2613 2654 2707 2708 τοῦ
2732 2655 3010 2725 δωματίου
3029 2654 3289 2722 ἐξελθὼν,
3322 2657 3420 2710 καὶ
3448 2659 3508 2710 ὲν
3539 2659 3606 2728 τῇ
3631 2657 3777 2728 cep)

2185 2741 2284 2794 τοῦ
2317 2744 2592 2814 μακαρίου
2638 2746 2944 2800 ἀποστόλου
2999 2748 3218 2801 Παύλου
3262 2749 3576 2821 προσευχῆς
3614 2751 3776 2820 χάριν

2185 2837 2500 2906 γενόμενος,
2530 2837 2694 2902 εύθξις
2734 2838 3207 2910 συλλαμϐάνεται,
3249 2843 3348 2897 καὶ
3395 2843 3566 2904 λίθοις
3598 2859 3772 2896 κατα-

2183 2925 2432 2992 λευσθεὶς
2481 2929 2560 3000 τῷ
2593 2930 2815 3001 ῥηθέντι
2841 2933 3112 2988 ἐκδίδοται
3166 2934 3422 3006 ποταμῷ.
3470 2934 3676 2988 Τούτου
3709 2936 3773 2988 τὸ

2183 3019 2344 3090 σῶμα
2376 3021 2750 3093 Νικόστρατος
2778 3025 2874 3078 καὶ
2901 3026 3170 3089 Κλαύδιος
3198 3027 3316 3098 ἅμα
3348 3027 3591 3097 Κάστορι
3616 3028 3771 3098 παρὰ

2177 3116 2276 3177 τὰς
2307 3113 2474 3184 ὃχθας
2496 3115 2788 3188 ζητοῦντες
2809 3119 2905 3173 τοῦ
2938 3122 3188 3194 ποταμοῦ
3211 3123 3352 3177 ὥστε
3376 3122 3564 3177 δοῦναι
3595 3124 3766 3194 ταφῇ,

2178 3207 2238 3261 ὲν
2265 3210 2422 3280 χερσὶ
2451 3209 2562 3263 τῶν
2589 3211 2806 3266 ἀσεϐῶν
2827 3213 3091 3282 γίνονται,
3118 3217 3215 3269 καὶ
3243 3216 3383 3285 πρὸς
3406 3217 3500 3270 τὸν
3525 3216 3769 3286 ἔπαρχον

2174 3300 2471 3370 ἀχθέντες,
2528 3303 2653 3356 ἐπεὶ
2707 3306 2912 3368 πάσαις
2967 3307 3295 3377 προσϐολαῖς
3350 3309 3771 3378 ἀπερίτρεπτοι-

2173 3391 2456 3463 ὤφθησαν,
2475 3391 2718 3448 κελεύσει
2741 3395 3018 3470 βασιλικῇ.
3049 3399 3187 3469 μετά
3215 3401 3275 3453 τδ
3305 3401 3505 3465 πολλὰς
3525 3401 3768 3473 ὑποστῆ-

488 3493 671 3555 ribus,
699 3489 842 3544 etab
863 3488 946 3544 eis
977 3488 1253 3557 acceperit
1295 3483 1627 3540 sententiam
1670 3483 1726 3538 in
1782 3483 1908 3538 illos
1952 3496 2075 3552 qua:

2183 3499 2268 3534 ναι
2307 3481 2601 3552 μάστιγας,
2630 3484 2946 3554 θαλαττίοις
2971 3488 3274 3545 ὲκδίδονται
3300 3490 3528 3562 κύμασι.

490 3586 572 3642 sic
626 3583 866 3639 habebat
897 3599 912 3636 :
945 3582 1054 3636 Eos
1108 3580 1202 3650 qui
1238 3593 1351 3634 non
1384 3588 1580 3648 parent
1640 3577 1821 3632 edicto
1875 3584 2077 3631 nostra:
2110 3574 2436 3642 divinitatis,
2471 3587 2529 3633 et
2557 3580 2757 3636 nolunt
2789 3581 2898 3637 diis
2930 3583 3265 3652 sacriﬁcare,
3321 3584 3584 3656 iubemus
3639 3604 3764 3645 cum

490 3692 575 3735 ter
603 3677 809 3734 fuerint
833 3674 1133 3732 examinati
1184 3673 1498 3737 tormentis,
1553 3672 1784 3726 marinis
1847 3669 2066 3726 tandem
2114 3668 2256 3724 tradi
2302 3669 2587 3738 ﬂuctibus,
2614 3673 2720 3729 nisi
2747 3676 2996 3746 castigati
3069 3678 3368 3749 supplices,
3440 3682 3618 3737 nostri
3659 3684 3766 3737 im.

492 3770 925 3843 periicesserint
951 3773 1232 3840 potestati.
1269 3767 1381 3822 Hac
1441 3780 1575 3837 ergo
1643 3772 1868 3834 accepta
1919 3764 2216 3830 sententia,
2279 3763 2594 3835 praefectus,
2643 3777 2933 3839 postquam
2991 3771 3179 3826 multis
3244 3773 3326 3828 eis
3385 3774 3546 3830 illatis
3591 3776 3764 3849 plagis

489 3866 625 3922 vidit
653 3881 750 3921 eos
806 3879 917 3919 non
981 3862 1182 3919 cedere
1247 3876 1351 3917 nec
1401 3859 1676 3926 inclinari,
1741 3858 1990 3914 serviens
2043 3857 2284 3913 decretis
2341 3859 2755 3930 imperatorum,
2824 3879 2946 3934 quae
2995 3864 3065 3920 ab
3125 3865 3232 3921 illis
3288 3868 3397 3922 lata
3450 3865 3647 3935 fuerat,
3704 3870 3758 3924 in

485 3968 705 4015 sanctos
757 3958 1077 4029 pronuntiat
1147 3956 1499 4013 sententiam.
1573 3955 1640 4010 Et
1700 3953 1776 4009 illi
1831 3952 2056 4024 quidem
2096 3951 2945 4024 sicconsummatijaciunturin
2969 3973 3142 4014 mare.

558 4053 701 4108 XIX.
731 4053 1031 4108 Cnrtuatus
1048 4059 1232 4106 autent
1258 4051 1344 4104 vir
1363 4049 1589 4119 quidam
1613 4065 1671 4103 re
1690 4048 1911 4118 quidem
1935 4060 2068 4102 vera

473 4147 710 4215 impius,
740 4145 929 4216 specie
962 4159 1099 4200 vero
1135 4145 1257 4214 pius
1286 4152 1345 4198 et
1379 4157 1438 4198 se
1474 4141 1852 4196 Christianum
1893 4139 2067 4195 simu-

483 4239 626 4303 laus,
657 4252 784 4293 cum
819 4251 880 4290 se
921 4237 1208 4290 retulisset
1267 4234 1322 4288 in
1375 4247 1668 4289 numerum
1722 4240 2064 4296 sanctorum,

483 4331 640 4384 factis
669 4329 802 4398 ipsis
831 4327 1070 4397 pra-buit
1101 4327 1503 4396 suspicionem.
1542 4323 1678 4379 Nam
1718 4333 1776 4380 et
1811 4325 2066 4396 positura

483 4422 812 4492 capillorum
845 4435 969 4490 quae
1013 4435 1112 4490 par
1159 4430 1280 4474 erat
1317 4419 1654 4473 elaboratior
1682 4425 1740 4473 et
1776 4418 1942 4474 nimis
1968 4432 2064 4472 ac-

481 4522 693 4576 curata,
727 4513 1020 4581 victusque
1048 4510 1216 4565 nimis
1237 4509 1422 4564 mollis
1452 4517 1510 4564 et
1541 4508 1836 4571 delicatus,
1871 4519 1927 4564 et
1954 4509 2063 4565 alia

479 4605 711 4660 minime
739 4603 974 4658 honesta
1002 4602 1374 4667 conversatio,
1399 4601 1619 4657 induxit
1651 4617 1748 4657 eos
1775 4603 1869 4673 qui
1903 4603 2062 4657 vide-

482 4699 636 4759 bant,
665 4705 725 4750 ut
758 4695 812 4749 id
839 4694 987 4764 quod
1021 4700 1166 4757 erat,
1195 4691 1614 4747 fraudulentum
1643 4692 1924 4747 hominem
1960 4707 2063 4763 pu-

472 4796 668 4844 tarent
716 4795 773 4842 et
829 4786 1210 4854 deceptorem.
1271 4783 1392 4839 Non
1435 4784 1670 4839 multum
1745 4784 2062 4840 Intercessit

480 4880 767 4952 temporis.
824 4889 1035 4935 etcum
1089 4877 1322 4932 vidisset
1376 4882 1602 4935 beatum
1641 4877 1958 4934 Tiburtium
2003 4878 2060 4934 in

483 4975 724 5046 quidam
751 4989 908 5028 sacra
937 4972 1054 5029 aede
1084 4981 1361 5039 orantem,
1386 4981 1443 5028 et
1472 4987 1598 5027 eum
1636 4971 1935 5029 indicasset
1961 4974 2063 5028 im-

483 5068 614 5138 piis,
655 5068 773 5137 ipse
804 5081 1026 5138 quoque
1075 5064 1572 5136 comprehenditur
1607 5065 1773 5120 simul
1805 5081 1931 5122 cum
1971 5064 2065 5119 Ti-

482 5161 693 5215 bur-tio.
722 5159 838 5214 Hoc
869 5159 1018 5214 enim
1047 5159 1123 5214 ita
1162 5159 1401 5223 volebat,
1436 5167 1495 5214 ut
1518 5173 1700 5230 neque
1730 5159 2062 5214 Christianis

477 5255 762 5310 videretur
780 5268 902 5310 esse
933 5253 1205 5325 proditor,
1236 5261 1292 5310 et
1323 5269 1450 5310 cum
1476 5254 1613 5310 satis
1636 5269 1735 5326 per
1760 5254 1949 5309 ludum
1979 5254 2059 5308 si-

479 5349 768 5416 mulasset,
824 5349 905 5405 sic
953 5349 1495 5421 deprehenderetur.
1526 5350 1666 5407 Cum
1715 5351 1903 5422 itaque
1939 5351 2062 5406 Fla-

479 5443 677 5498 vianus
711 5453 1006 5514 utrumque
1029 5454 1275 5501 curasset
1311 5445 1435 5501 sisti
1477 5444 1543 5498 ad
1571 5461 1734 5501 suum
1790 5443 2058 5510 tribunal,

474 5535 610 5590 dicit
631 5535 921 5592 Curtuato:
952 5535 1096 5592 Num
1125 5547 1182 5593 tu
1209 5553 1432 5608 quoque
1461 5553 1562 5608 pro
1587 5537 1699 5592 Deo
1728 5537 1900 5592 habes
1931 5551 2057 5590 cru-

474 5628 746 5683 ciﬁxum?
769 5629 906 5685 Cum
941 5630 988 5685 is
1025 5639 1208 5686 autem
1236 5630 1580 5686 subridendo
1605 5629 1862 5692 dixisset,
1902 5644 1959 5684 se
1991 5629 2061 5683 iI-

482 5719 594 5772 lum
621 5719 939 5776 existimare
973 5719 1146 5776 Deum
1174 5735 1338 5791 quem
1376 5720 1469 5776 hic
1509 5721 1726 5786 beatus,
1753 5719 2060 5773 ostendens

477 5809 658 5886 digito
708 5811 1210 5887 Tiburtium,aegre
1258 5814 1444 5872 ferens
1486 5811 1826 5871 admirabilis
1870 5811 2058 5871 adole«

2247 4047 2350 4102 ἰδ’.
2384 4049 2798 4119 Κουρτουνᾶτος
2824 4050 2942 4122 (sic)
2969 4051 3026 4106 δέ
3060 4069 3148 4117 τις
3179 4052 3320 4125 ἀνὴρ
3349 4053 3620 4126 δυσσεϐὴς
3663 4057 3761 4126 μὲν

2173 4143 2240 4210 τῇ
2274 4140 2528 4212 ἀληθείᾳ,
2581 4143 2825 4214 σχήματι
2863 4144 2918 4197 δὲ
2945 4145 3178 4217 εύσεὸὴς
3228 4149 3326 4201 καὶ
3375 4149 3469 4202 τὸν
3500 4150 3759 4219 Χριστια-

2173 4230 2366 4298 νισμδν
2405 4231 2858 4304 ὑποκρινόμενος,
2909 4239 3021 4300 τοῖς
3055 4238 3235 4307 ἁγίοις
3285 4240 3480 4294 ἑαυτὸν
3523 4242 3758 4310 ἐγκατα-

2171 4322 2357 4390 λέξας,
2383 4324 2567 4396 ἔργοις
2623 4327 2808 4390 αὐτοῖς
2867 4331 3100 4401 παρεῖχε
3159 4330 3221 4385 τὺ
3277 4331 3524 4387 ὕποπτον
3573 4337 3640 4405 τῇ
3692 4351 3752 4388 τε

2172 4417 2452 4488 περιέργῳ
2503 4419 2615 4474 τῶν
2648 4421 2855 4492 τριχῶν
2891 4421 3040 4476 θέσει
3064 4463 3079 4489 ,
3133 4424 3210 4494 τῷ
3255 4443 3316 4478 τε
3355 4428 3618 4498 τρυφηλῷ
3659 4431 3756 4496 τῆς

2095 4474 2141 4532 D
2169 4474 2393 4580 διαίτης.
2423 4474 2524 4565 ,καὶ
2566 4515 2632 4584 τῇ
2681 4474 2817 4584 ἀλλῃ
2861 4474 3092 4585 ἀκοσμιξ)

2169 4599 2296 4664 τοὺς
2321 4601 2568 4672 ὁρῶντας
2596 4604 2900 4676 ἀπατηλὸν,
2935 4607 3072 4678 ὅπερ
3106 4603 3196 4679 ἦν,
3242 4611 3499 4679 ἡγεῖσθαι
3543 4613 3636 4665 τὸν
3663 4614 3756 4666 ἀν-

2167 4693 2413 4764 θρωπον.
2468 4695 2546 4748 Οὐ
2575 4696 2712 4750 πολὺ
2747 4697 2808 4750 τὸ
2855 4697 3042 4768 μέσον,
3083 4701 3178 4753 καὶ
3218 4701 3312 4754 τὸν
3353 4703 3629 4774 μακάριον
3661 4705 3755 4758 Τι‹

2167 4784 2421 4855 σούρτιον
2471 4785 2528 4840 ἔν
2550 4803 2656 4841 τινι
2708 4787 2819 4842 τῶν
2873 4789 3037 4862 ιερῶν
3077 4791 3246 4845 οίκων
3300 4795 3598 4863 εὐχόμενον
3643 4798 3756 4857 τοῖς

2167 4878 2455 4932 δυσσεϐέσι
2501 4880 2904 4950 καταμηνύσας
2954 4883 3402 4954 συλλαμὸἀνεται
3446 4887 3541 4939 καὶ
3590 4888 3755 4949 αὐτὸς

2169 4968 2312 5024 ἑκὼν
2369 4971 2510 5040 μετά
2543 4971 2886 5044 Τιδούρτιον,
2947 4974 3035 5027 ῐνα
3087 4976 3228 5046 μήτε
3286 4976 3556 5049 προδότης
3609 4972 3753 5031 εῖναι

2167 5062 2293 5134 δόξῃ
2321 5063 2691 5135 Χριπιανοῖς,
2733 5067 2830 5118 καὶ
2857 5063 2956 5135 τὴν
2984 5068 3356 5138 προσποίησιν
3395 5070 3598 5132 ἱκανῶς
3634 5069 3755 5123 δια-

2169 5155 2372 5222 παίξας
2421 5157 2564 5210 οὖτω
2611 5157 2926 5230 φανερωθῇ.
2961 5159 3264 5225 Φλαϐιανδς
3309 5157 3404 5215 οὖν
3455 5163 3755 5232 ἑκατέρους

2168 5247 2246 5319 τῷ
2285 5248 2441 5320 οίκίῳ
2473 5251 2973 5321 παραστησάμενος
3003 5251 3232 5323 βήματι,
3271 5253 3425 5322 λέγει
3455 5255 3536 5325 τῷ
3568 5256 3754 5325 Κουρ-

2167 5343 2438 5415 τουνάτῳ’
2473 5344 2566 5413 Μὴ
2601 5344 2694 5398 καὶ
2723 5343 2789 5396 σὺ
2827 5343 2908 5415 τῷ
2942 5345 3350 5417 ὲσταυρωμένῳ
3391 5348 3752 5417 προσανέχεις

2169 5432 2330 5504 Θεῷ;
2382 5435 2490 5490 Τοῦ
2540 5436 2599 5489 δὲ
2653 5435 2793 5508 μετά
2841 5436 3203 5508 μειδιάματος
3249 5440 3497 5502 εἰπόντος
3542 5439 3752 5493 ἐκεῖνον

2169 5529 2422 5598 ἡγεῖσθαι
2459 5529 2594 5584 Θεὸν
2639 5529 2700 5584 δν
2751 5532 2778 5584 ὀ
2830 5530 3103 5602 μακάριος
3147 5523 3306 5596 οὗτος
3339 5532 3625 5604 κηρύττει,
3653 5534 3752 5588 τὸν

2168 5619 2489 5694 Ἱίὁούρτιον
2521 5621 2601 5694 τῷ
2629 5621 2880 5693 δακτύλῳ
2906 5623 3112 5690 δείξας,
3156 5623 3492 5696 δυσχεράνας
3543 5626 3572 5677 6
3616 5625 3752 5679 θαυ-

2172 5717 2375 5786 μαστὸς
2427 5716 2643 5780 νεανίας
2690 5716 2783 5770 ἐπὶ
2827 5719 2895 5789 τῇ
2948 5714 3190 5787 τοσαύτῃ
3241 5717 3548 5788 ὑποκρίσει,
3595 5718 3751 5784 λέγει

2166 5810 2336 5884 αὐτῷ’
2360 5809 2454 5884 Μὴ
2479 5809 2854 5884 παραλογίζου
2882 5811 3092 5882 σαυτὸν,
3121 5803 3595 5886 ιῖζΚουρτουνᾶτε,
3624 5813 3756 5868 λαν-
