4120 6378
435 357 540 419 813

1231 347 1699 410 MARTYRIUM
1739 346 1797 408 S.
1844 343 2291 408 SEBASTIANI
2333 344 2429 404 ET
2471 343 2883 406 SOCIORUM.

3579 345 3683 409 Eli

433 469 615 524 θάνειν
643 470 703 521 ὲν
741 464 910 528 δόλοις
943 462 1302 534 πειρώμενος·
1333 462 1509 523 οὐδεὶς
1541 459 1840 514 συνεσθίων
1867 460 1998 531 πόρ-

2116 473 2262 512 ιοθηε
2296 466 2498 511 tantam
2532 455 2962 519 simulationem,
2991 462 3046 509 et
3090 453 3168 508 ira
3206 462 3388 510 motus
3421 455 3556 512 dicit
3586 457 3636 511 ei
3667 474 3679 509 :

429 581 551 627 ναις
586 563 678 616 καὶ
703 561 898 630 μέθαις
919 558 1148 629 χαίρων,
1165 557 1260 610 καὶ
1279 556 1450 610 τᾶλλα
1471 555 1729 624 πράττων
1752 551 1998 621 autem.

424 649 501 708 ὧν
537 654 633 706 καὶ
669 653 768 722 τὴν
819 652 1043 720 μνήμην
1086 649 1253 718 μισῶ,
1303 647 1543 718 Χριστοῦ
1583 646 1835 715 μαθητὴς
1863 640 2004 698 εἶναι

428 746 676 800 δύναται.
712 745 782 796 Ἢ
817 744 1036 810 ἀγνοεῖν
1068 743 1218 810 ἡμᾶς
1255 741 1430 804 δοκεῖς
1451 735 1581 803 ὀἷος
1611 735 1685 803 εἴ,
1717 739 1813 791 καὶ
1857 737 2006 800 ὅπως

427 838 520 892 τὸν
565 837 689 906 ἐμοὶ
718 837 932 908 ἣδιστον
975 834 1301 896 ἐϐούλευσας
1336 833 1592 897 θάνατον,
1642 832 1698 895 ὃς
1751 848 1819 900 με
1869 831 2006 900 ταχὺ

429 931 524 985 τοῦ
573 929 832 984 ταπεινοῦ
876 928 1070 982 τούτου
1126 927 1379 996 σώματος
1433 923 1731 990 διαζεύξει,
1783 923 1878 978 καὶ
1929 921 2006 991 τῷ

432 1020 753 1090 ποθουμένῳ
792 1021 1020 1090 συνάψει
1051 1018 1312 1089 Χριστῷς

2111 549 2190 604 Ne
2244 549 2480 618 teipsum
2531 548 2796 618 decipias,
2829 564 2863 601 ο
2900 547 3166 603 Curtuate
3194 588 3209 613 ,
3245 557 3466 605 tentans
3513 553 3687 611 latere

2114 644 2169 698 in
2193 643 2354 699 dolis.
2388 642 2559 698 Nemo
2588 641 2684 711 qui
2711 641 2954 696 vescitur
2977 656 3084 696 una
3118 657 3242 696 cum
3273 645 3683 712 meretricibus,

2115 744 2174 790 et
2201 741 2523 803 perseverat
2549 732 2605 787 in
2637 731 2750 786 vini
2782 732 3008 802 potione
3032 748 3206 802 usque
3237 733 3305 786 ad
3331 735 3681 801 ebrietatem,

2121 835 2177 882 et
2201 825 2307 881 alia
2348 825 2481 879 facit
2522 824 2901 893 impudenter,
2947 840 3186 895 quorum
3219 826 3304 880 vel
3361 829 3535 882 solum
3574 845 3688 883 me-

2115 918 2344 973 minisse
2365 916 2664 980 abhorreo,
2695 924 2882 987 potest
2908 931 3032 972 esse
3054 916 3258 972 Christi
3283 917 3608 987 discipulus.
3633 929 3689 974 et

2115 1010 2344 1081 gloriari
2375 1009 2525 1065 illius
2577 1024 2679 1080 pro
2710 1008 2873 1065 nobis
2922 1009 3400 1079 perpessionibus.
3451 1012 3689 1066 Putasne

429 1129 533 1168 nos
565 1115 818 1184 ignorare
867 1115 1050 1184 qualis
1107 1113 1206 1178 sis,
1250 1123 1308 1168 et
1343 1107 1810 1181 quemadmodum
1857 1105 1992 1161 mihi
2025 1103 2486 1176 jucundissimam
2519 1113 2758 1160 mortem
2815 1103 2896 1158 sis
2967 1103 3348 1166 machinatus,
3421 1119 3548 1173 quae
3602 1122 3690 1162 me

427 1208 720 1263 celerrime
744 1207 1004 1262 liberabit
1034 1205 1100 1260 ad
1128 1206 1234 1260 hoc
1263 1203 1460 1260 humili
1486 1217 1740 1273 corpore,
1771 1209 1828 1255 et
1848 1201 2146 1268 coniunget
2168 1196 2390 1252 Christo
2454 1212 2618 1266 quem
2687 1195 2977 1252 desidero?
2998 1195 3134 1250 Nam
3192 1195 3288 1266 qui
3363 1207 3690 1266 exspectan-

429 1311 520 1356 tur
550 1301 832 1356 cruciatus
861 1308 917 1355 et
938 1298 1270 1367 multiplicia
1301 1301 1646 1358 tormenta,a
1683 1309 1771 1348 me
1793 1292 2042 1347 ridentur
2066 1298 2123 1345 et
2152 1289 2429 1344 habentur
2457 1289 2722 1344 ludibrio.
2751 1289 2942 1358 Neque
2999 1289 3147 1342 enim
3183 1289 3351 1366 timeo
3409 1291 3690 1354 exsilium,

427 1395 654 1448 (tomum
684 1408 859 1448 meam
894 1400 1092 1462 sponte
1130 1391 1313 1445 dimisi
1341 1389 1661 1444 volentibus
1684 1402 1700 1452 ;
1721 1401 1828 1440 non
1862 1385 2068 1456 ignem,
2101 1399 2213 1437 non
2234 1383 2466 1452 ﬂagella,
2496 1397 2606 1437 non
2631 1382 2835 1452 aliquid
2859 1382 3007 1436 aliud
3044 1397 3110 1437 ex
3133 1383 3347 1452 asperis
3373 1392 3430 1438 et
3471 1383 3692 1439 terribi-

426 1487 577 1540 libus
607 1501 842 1555 quorum
872 1485 1007 1538 mihi
1049 1483 1208 1538 mina:
1245 1483 1608 1538 intentantur.
1652 1478 1980 1534 Reddantur
2009 1476 2158 1532 enim
2196 1476 2312 1530 haec
2346 1476 2532 1530 omnia
2571 1475 2866 1530 imbecillia
2895 1483 2951 1528 et
3001 1475 3202 1530 debilia
3243 1475 3432 1530 divino
3463 1479 3690 1532 auxilio.

503 1577 564 1631 Κ·
599 1577 895 1639 masta»;
915 1575 1061 1629 εἴπεο
1097 1577 1269 1630 Τοῦτο
1295 1576 1389 1643 μὶν
1421 1575 1558 1642 ἄφες
1583 1573 1794 1644 ληρεῖν,
1833 1566 1877 1625 ὦ
1908 1571 2005 1624 Τι-

433 1671 674 1739 εοὺρτιε·
717 1670 840 1738 ἐμοὶ
888 1669 946 1723 δὲ
993 1669 1314 1736 πειθόμενος
1361 1669 1546 1735 φεῖσαι
1593 1667 1691 1732 τῆς
1725 1663 2006 1733 εὐγενείας

2182 1566 2299 1621 XX.
2324 1568 2469 1622 Dixit
2501 1568 2812 1622 Flavianus:
2854 1565 2963 1622 Has
2986 1569 3210 1638 quidem
3235 1583 3410 1639 nugas
3443 1569 3626 1632 mitte,
3659 1585 3692 1624 ο

2110 1662 2327 1716 Tiburti
2359 1679 2374 1727 ;
2405 1662 2542 1716 mihi
2591 1670 2775 1717 autem
2809 1677 3028 1732 parens,
3055 1677 3220 1732 parce
3272 1671 3379 1716 tum
3412 1663 3690 1718 nobilitati

437 1777 534 1812 συυ
563 1760 656 1812 καὶ
679 1757 783 1826 τῆς
807 1759 1082 1830 νεότητος,
1125 1760 1216 1812 καὶ
1262 1759 1336 1828 μὴ
1373 1759 1464 1809 τὸν
1496 1755 1856 1812 ἐπονείδιστον
1881 1752 2006 1807 τοῦ-

2116 1763 2166 1808 et
2204 1754 2484 1824 juventuti
2529 1765 2588 1809 et
2636 1770 2705 1809 ne
2734 1755 3216 1825 prolirosissimam
3263 1757 3407 1810 hanc
3451 1765 3686 1812 mortem

434 1867 528 1904 τον
554 1851 782 1922 ἀσπάσῃ
807 1850 1057 1905 θάνατον.
1106 1850 1166 1904 '0
1194 1850 1252 1903 δὲ
1282 1849 1420 1920 πρὸς
1465 1848 1630 1902 αὐτόν
1660 1865 1674 1878 ·
1711 1847 1787 1902 Οὐ
1820 1845 2004 1912 τοῦτο,

435 1961 509 2012 φη
522 1945 622 2006 τὶν,
650 1942 900 2013 αἰσχύνη,
923 1936 970 1996 ὦ
991 1942 1241 2007 διδακτὰ,
1267 1943 1347 1996 ἐνὶ
1365 1942 1531 2006 ζῶντι
1551 1939 1840 2010 λατρεύειν
1865 1938 2006 2008 Θεῷ,

435 2037 573 2090 ἀλλὰ
600 2035 824 2104 δαίμοσι
867 2036 962 2087 καὶ
999 2035 1212 2104 θνητοῖς
1243 2033 1560 2103 ἀνθρώποις
1596 2035 1661 2087 ἐκ
1699 2032 1885 2087 παθῶν
1924 2049 2008 2085 τι·

439 2127 734 2197 μωμένοις,
757 2125 850 2190 οὓς
881 2126 930 2179 oi
957 2126 1207 2190 σέϐοντες
1229 2125 1460 2180 ἐλεεινοὶ
1485 2125 1578 2180 καὶ
1605 2125 1821 2196 θρήνων
1839 2123 2006 2190 ἄξιοι,

435 2219 495 2271 ἐν
529 2212 610 2282 οἷς
646 2216 1046 2288 προσκυνοῦσιν
1078 2217 1498 2287 ἀτιμαζόμενοι.
1542 2216 1676 2271 Τότε
1704 2217 1732 2269 ὁ
1767 2215 2010 2287 ἔπαρχος

433 2311 512 2381 τῷ
543 2309 696 2380 θυμῷ
726 2311 908 2374 ζέσας,
933 2310 1220 2364 ἐκέλευσεν
1247 2310 1526 2380 ἄνθρακας
1559 2309 1870 2380 ἐνεχθῆναι,
1912 2310 2009 2363 καὶ

434 2401 585 2470 λέγει
638 2402 788 2471 αὐτῷ
812 2418 825 2434 ο
865 2399 1042 2454 Ἐλοῦ
1081 2400 1316 2471 σεαυτῷ.
1355 2401 1504 2454 δυεῖν
1536 2399 1786 2472 θάτερον,
1817 2399 1850 2470 ἢ
1897 2401 2008 2462 τοῖς

437 2494 578 2556 θεοῖς
610 2493 794 2556 θῦσαι,
819 2492 852 2562 ἢ
881 2493 988 2546 τῶν
1021 2490 1311 2562 ἀνθράκων
1349 2493 1580 2560 γυμνοῖς
1611 2491 1873 2559 ἐπιϐῆναι
1906 2505 2007 2542 που

438 2585 543 2638 σίν.
587 2584 646 2637 '0
679 2584 737 2637 δὲ
787 2586 1063 2654 μακάριος
1112 2581 1436 2651 Τιϐούρτιος
1487 2581 1722 2651 σταυρὸν
1764 2580 2009 2651 χαράξας

436 2677 567 2745 ἔστη
601 2676 790 2730 ἐπάνω
816 2674 1020 2740 αὐτῶν,
1053 2675 1149 2728 καὶ
1173 2674 1322 2742 λέγει
1349 2674 1428 2743 τῷ
1457 2674 1706 2743 ἐπάρχῳ*
1740 2671 1888 2726 Μάθε
1915 2670 2010 2724 νῦν

433 2765 501 2818 δι’
540 2764 696 2836 ἐμοῦ,
729 2765 811 2817 ὅτι
859 2763 1022 2834 μόνος
1059 2756 1214 2828 οὗτος
1266 2764 1398 2828 Θεὸς
1454 2763 1736 2832 ἀληθινὸς,
1787 2762 1847 2816 ὃν
1898 2761 2010 2830 ἐγὼ

437 2858 604 2922 σέϐω,
629 2859 724 2912 καὶ
747 2857 907 2926 γενοῦ
933 2858 1032 2928 ὀψὲ
1064 2858 1193 2912 ποτὲ
1215 2855 1569 2930 Χριστιανὸς,
1606 2855 1665 2909 τὸ
1693 2855 1884 2918 σκότος
1909 2855 2011 2924 τῆς

437 2953 689 3017 ἀσεϐείας
726 2951 920 3008 λιπών.
969 2953 1029 3006 '0
1048 2953 1103 3007 δὲ
1136 2951 1322 3016 δείσας
1355 2951 1431 3022 μὴ
1459 2953 1574 3010 τοῖς
1607 2949 1850 3020 θαύμασι
1885 2949 2012 3004 τού-

435 3065 548 3110 τοις
575 3047 930 3115 ὑπαγάγηται
955 3044 1194 3108 πολλοὺς
1227 3045 1363 3112 πρὸς
1400 3044 1500 3112 τὴν
1540 3044 1854 3105 εὐσέϐειαν,
1885 3043 2012 3096 ἐκι-

2118 1843 2494 1913 amplectaris.
2527 1844 2623 1898 Ille
2652 1859 2785 1900 vero
2820 1845 3164 1914 respondens
3203 1844 3346 1899 dixit
3380 1863 3394 1899 :
3430 1845 3548 1900 Non
3578 1857 3685 1910 est,

2113 1937 2315 2006 inquit,
2346 1937 2612 2006 probrum
2648 1952 2714 1991 ac
2745 1937 2992 1993 dedecus
3017 1977 3031 2002 ,
3063 1953 3094 1992 ο
3121 1938 3310 2008 judex,
3340 1942 3554 1994 servire
3589 1942 3686 1994 uni

2111 2027 2224 2082 Deo
2254 2028 2483 2091 viventi,
2535 2029 2631 2084 sed
2684 2029 3029 2085 dmmonibus
3053 2039 3110 2086 et
3141 2033 3468 2088 mortalibus
3500 2034 3689 2088 homi-

2111 2120 2274 2175 nibus
2315 2121 2410 2191 qui
2465 2121 2810 2178 honorantur
2845 2135 2913 2177 ex
2954 2122 3138 2187 vitiis,
3173 2137 3314 2194 quos
3361 2125 3456 2194 qui
3495 2126 3690 2181 colunt

2114 2219 2244 2267 sunt
2281 2213 2624 2268 miserabiles
2645 2221 2700 2269 et
2727 2213 2878 2284 digni
2913 2215 3007 2284 qui
3029 2215 3356 2286 lugeantur;
3386 2226 3447 2272 ut
3475 2219 3572 2288 qui
3631 2221 3688 2275 in

2114 2305 2182 2360 iis
2221 2321 2345 2374 quae
2367 2304 2602 2360 adorant
2629 2306 2930 2376 ignominia
2955 2306 3289 2372 adiciantur,
3327 2320 3382 2364 et
3405 2314 3488 2365 sui
3522 2327 3687 2367 erro-

2113 2397 2189 2451 ris
2225 2395 2537 2451 mercedem
2583 2396 2716 2452 hinc
2741 2398 3036 2467 accipiant.
3069 2399 3258 2454 Honor
3293 2403 3442 2456 enim
3488 2418 3684 2458 eorum

2111 2489 2204 2556 qui
2235 2487 2560 2552 adorantur,
2595 2495 2680 2542 est
2709 2489 3040 2545 contumelia
3067 2505 3260 2546 eorum
3284 2493 3376 2562 qui
3409 2493 3642 2550 adorant
3669 2513 3685 2552 :

2112 2590 2170 2633 et
2201 2594 2430 2648 peccare
2473 2579 2620 2649 apud
2647 2580 2794 2650 ipsos
2814 2590 3049 2636 vocatur
3071 2585 3278 2639 cultus.
3309 2583 3464 2641 Tunc
3497 2588 3692 2657 praefe-

2113 2679 2236 2726 ctus
2287 2671 2367 2726 ira
2419 2671 2640 2726 fervens
2689 2673 2858 2744 jussit
2897 2674 3084 2730 aﬂ‘erri
3137 2678 3425 2744 carbones,
3461 2687 3518 2734 et
3551 2681 3688 2737 dicit

2113 2762 2164 2818 ei
2205 2763 2398 2834 :Elige
2429 2763 2524 2818 tibi
2553 2763 2788 2818 alterum
2822 2780 2854 2819 e
2895 2765 3130 2831 duobus,
3167 2778 3227 2822 ut
3264 2769 3350 2824 vel
3379 2769 3488 2825 diis
3511 2772 3687 2826 sacri-

2115 2854 2266 2917 lices,
2300 2854 2386 2908 vel
2415 2869 2582 2925 super
2634 2855 2906 2912 carbones
2934 2857 3100 2914 nudis
3153 2859 3378 2915 incedas
3428 2863 3706 2931 pedibus.»

2113 2945 2314 3001 Beatus
2368 2954 2552 3002 autem
2589 2946 2876 3003 Tiburtius
2909 2963 3036 3003 cum
3087 2951 3306 3021 signum
3351 2956 3535 3010 crucis
3579 2956 3687 3012 im-

2113 3037 2428 3107 pressisset,
2476 3040 2630 3094 stetit
2688 3055 2854 3110 supra
2902 3041 3050 3111 ipsos
3077 3053 3134 3099 et
3178 3043 3318 3099 dixit
3377 3049 3684 3117 praefecto:

434 3137 628 3188 λευσεν
658 3135 974 3206 ἀπαχθέντα
1007 3133 1196 3187 τοῦτον
1233 3134 1423 3204 πόρρω
1483 3133 1579 3186 τοῦ
1625 3133 1814 3194 ἀστεος
1868 3133 2014 3202 ξίφει

2120 3129 2256 3186 Vide
2304 3145 2452 3186 nunc
2499 3131 2555 3186 in
2589 3148 2676 3188 me
2710 3141 2916 3202 quanta
2951 3135 3024 3189 sit
3046 3134 3172 3191 ﬁdei
3208 3139 3473 3206 potentia,
3509 3151 3567 3196 et
3600 3142 3688 3198 di-

441 3227 717 3298 τμηθῆναι
771 3229 870 3296 τὴν
924 3225 1194 3296 κεφαλήν.
1245 3225 1354 3278 Καὶ
1411 3227 1439 3278 ό
1481 3225 1579 3295 μὲν
1633 3225 1792 3278 τοῦτο
1840 3225 2014 3295 πέρας

439 3315 682 3387 εὑρίσκει
724 3316 818 3369 τοῦ
860 3315 1001 3386 βίου.

2114 3237 2206 3279 sce
2258 3222 2404 3278 hunc
2421 3223 2598 3278 solum
2624 3241 2747 3281 esse
2766 3243 2955 3282 rerum
2986 3228 3155 3284 Deum
3191 3245 3355 3301 quem
3398 3249 3499 3303 ego
3528 3237 3684 3302 colo;

2110 3324 2168 3369 et
2207 3313 2420 3372 edicere
2465 3317 2684 3373 tandem
2737 3317 3086 3377 Christianus
3140 3325 3389 3381 excussis
3447 3329 3689 3385 tenebris

441 3410 760 3480 impietatis.
792 3409 889 3465 llle
914 3425 1047 3464 vero
1078 3408 1278 3464 timens
1304 3424 1374 3464 ne
1404 3409 1492 3466 his
1527 3409 1814 3466 miraculis
1847 3409 2070 3472 imuitos
2141 3408 2428 3463 induceret
2494 3409 2563 3464 ad
2628 3411 2922 3481 pietatem,
2985 3414 3150 3484 jussit
3199 3424 3259 3470 ut
3319 3416 3689 3478 abduceretur

439 3505 630 3575 procul
667 3518 698 3557 a
733 3503 956 3558 civitate
985 3510 1043 3558 et
1088 3503 1166 3556 illi
1189 3514 1354 3573 caput
1391 3514 1791 3574 amputaretur.
1833 3505 1902 3558 Et
1923 3503 2015 3558 ille
2055 3501 2277 3572 quidem
2305 3500 2516 3556 invenit
2538 3503 2688 3560 hunc
2715 3505 2843 3560 vita:
2880 3507 3067 3562 ﬁnem.

515 3595 646 3650 ΚΝ.
677 3596 810 3651 Μετ’
853 3597 1014 3651 αὑτὸν
1063 3596 1120 3649 δὲ
1169 3599 1266 3650 καὶ
1309 3599 1624 3662 Κάστουλος
1661 3600 1689 3651 ό
1717 3598 2014 3669 διαιτάριος

441 3688 775 3759 συλληφθεὶς
830 3693 972 3756 μετὰ
1020 3689 1248 3753 πολλούς
1293 3707 1352 3744 τε
1405 3691 1679 3761 βασάνους
1728 3693 1787 3743 ἐν
1826 3690 2016 3760 λάκκῳ

442 3781 683 3852 βληθεὶς,
703 3783 823 3844 ἐκεῖ
849 3782 1076 3851 τελευτᾷ
1101 3782 1192 3835 τὸν
1225 3782 1359 3852 βίον,
1384 3784 1478 3835 καὶ
1501 3783 1711 3851 μάρτυς
1727 3783 1804 3853 τῷ
1826 3781 2015 3852 Κυρίῳ

443 3873 959 3942 προσάγεται.ιἝτι
1003 3872 1059 3924 δὲ
1109 3873 1202 3925 καὶ
1245 3871 1620 3940 Μαρκελλῖνος
1657 3870 1755 3923 καὶ
1784 3870 2012 3939 Μάρκος

443 3964 492 4016 οἱ
544 3965 780 4031 γενναῖοι
829 3962 928 4032 τῆς
961 3963 1243 4026 εὐσεόείας
1281 3964 1584 4030 ἀγωνισταὶ
1632 3961 2012 4031 συσχεθέντες,

445 4051 542 4106 καὶ
594 4056 719 4114 τοὺς
771 4052 938 4114 πόδας
995 4053 1143 4122 ἣλοις
1199 4053 1556 4121 διαπαρέντες
1613 4051 1703 4103 ἐπὶ
1761 4051 2014 4103 τοσοῦτον

379 4132 388 4136 ’
445 4144 698 4197 ἵστασθαι
730 4146 882 4212 παρὰ
911 4143 1005 4216 τοῦ
1045 4143 1354 4206 δικάζοντος
1390 4141 1872 4214 προσετάχθησαν,
1908 4142 2012 4205 ἕως

442 4238 555 4296 τοῖς
583 4233 721 4296 θεοῖς
768 4233 1027 4288 θύσωσιν.
1068 4234 1131 4287 Οἱ
1174 4233 1228 4285 δὲ
1265 4235 1322 4287 ἐν
1352 4232 1522 4303 ταύτῃ
1555 4236 1618 4302 τῇ
1653 4232 2012 4304 χαλεπωτάτῃ

448 4323 666 4396 βασάνῳ
705 4325 788 4389 τὸ,
825 4343 843 4376 ι
883 4325 1015 4379 Ἰδοὺ
1053 4325 1116 4395 δὴ
1138 4324 1188 4378 τι
1227 4325 1448 4394 καλὸνῆ
1487 4327 1540 4376 τί
1570 4325 1818 4395 τερπνὸν,
1853 4344 1870 4378 ι
1918 4328 2013 4380 καὶ

442 4414 512 4468 τὰ
568 4415 695 4484 ἑξῆς
746 4414 1124 4482 ἐπιλέγοντες,
1177 4413 1400 4483 λόγχαις
1453 4415 1510 4467 τὸ
1563 4415 1872 4469 τελευταῖον
1917 4418 2017 4479 τὰς

444 4504 686 4573 πλευρὰς
742 4505 1018 4576 νυγέντες,
1071 4505 1146 4567 ὡς
1192 4505 1220 4557 ὁ
1267 4503 1523 4576 Χριστὸς,
1560 4504 1701 4575 ὑπὲρ
1747 4500 2012 4575 οὗ-ταῦτα

444 4597 704 4668 ἔπασχον,
739 4597 959 4667 ἀφῆκαν
990 4595 1051 4648 τὸ
1084 4595 1322 4665 πνεῦμα.

2185 3593 2326 3649 XXI.
2359 3595 2485 3650 Post
2508 3611 2635 3652 eum
2659 3607 2842 3652 autem
2883 3598 3164 3657 Castullus
3208 3603 3490 3662 diaetarius
3530 3624 3684 3666 com-

2115 3687 2448 3756 prehensus,
2511 3689 2653 3758 apud
2719 3705 2882 3761 quem
2930 3695 3230 3752 manebant
3301 3702 3476 3756 sancti
3562 3715 3684 3775 post

2112 3775 2417 3830 Chromatii
2457 3777 2876 3848 emigrationem
2925 3796 2956 3835 e
2987 3782 3232 3846 civitate,
3259 3795 3316 3841 et
3359 3798 3483 3858 post
3513 3793 3684 3848 multa

2120 3874 2390 3921 tormenta
2451 3870 2728 3939 proiectus
2777 3870 2833 3926 in
2876 3871 3092 3938 lacum,
3154 3875 3266 3931 illic
3320 3879 3441 3935 linit
3491 3883 3684 3938 vitam.

2117 3959 2384 4015 Praeterea
2421 3975 2552 4014 vero
2593 3962 2943 4018 Marcellinus
2985 3973 3041 4020 et
3085 3966 3300 4024 Marcus
3335 3973 3542 4043 egregii
3589 3989 3682 4029 ve-

2119 4049 2301 4106 ritatis
2329 4051 2550 4106 athletae
2572 4093 2586 4114 ,
2622 4055 3007 4125 comprehensi
3047 4066 3104 4112 et
3142 4059 3308 4128 pedes
3345 4063 3516 4120 clavis
3547 4082 3684 4122 con-

2120 4141 2230 4207 ﬁxi,
2260 4143 2395 4213 jussi
2445 4155 2575 4198 sunt
2602 4147 2844 4214 ajudice
2905 4149 3095 4203 tandiu
3153 4159 3321 4218 stare,
3353 4155 3532 4214 donec
3578 4163 3684 4220 diis

2119 4237 2418 4291 tribuerint
2458 4238 2720 4294 honorem
2751 4241 2843 4310 qui
2870 4242 2953 4296 eis
2982 4244 3240 4300 debetur.
3273 4247 3355 4303 Illi
3405 4261 3593 4309 autem
3625 4259 3682 4313 in

2121 4331 2226 4385 hoc
2257 4340 2532 4387 tormento
2569 4335 2707 4389 adeo
2744 4336 3075 4392 intolerabili
3105 4354 3120 4394 :
3151 4355 3171 4391 ι
3197 4341 3336 4398 Ecce
3382 4359 3546 4414 quam
3587 4351 3687 4406 bo-

2125 4439 2256 4477 num
2289 4434 2343 4479 et
2379 4441 2543 4494 quam
2567 4427 2872 4512 jucundum
2902 4431 2924 4461 ⁸
2951 4473 2966 4496 ,
3007 4449 3026 4482 ι
3059 4443 3116 4489 et
3145 4450 3267 4504 qua:
3312 4438 3576 4512 deinceps
3599 4459 3685 4500 sc-

2117 4521 2384 4581 qnuntur,
2417 4509 2753 4580 dictitantes,
2797 4519 2879 4573 eis
2919 4529 3197 4588 postremo
3230 4524 3438 4583 lanceis
3463 4509 3685 4598 punctis

2120 4603 2407 4668 lateribus,
2447 4605 2593 4660 sicut
2618 4604 2871 4664 Christus
2899 4625 2999 4681 pro
3029 4629 3137 4683 quo
3161 4615 3277 4670 haec
3309 4618 3683 4690 patiebantur,

442 4689 1041 4758 emiseruntspiritum.
1106 4689 1280 4758 Atque
1328 4689 1404 4743 illi
1433 4689 1654 4759 quidem
1699 4705 1892 4747 omnes
1936 4708 2004 4748 eo
2075 4697 2238 4752 modo
2322 4713 2486 4769 quem
2561 4699 2805 4757 diximus
2885 4708 3287 4770 consummati,
3351 4709 3544 4765 hostia:
3614 4689 3683 4767 ab

444 4783 594 4836 ontni
651 4782 772 4836 labe
822 4791 878 4836 et
925 4781 1352 4852 reprehensione
1413 4783 1607 4838 alienat
1661 4784 1834 4839 oblati
1886 4798 2014 4842 sunt
2053 4789 2306 4846 Domino.

517 4873 644 4926 KB'.
683 4873 1044 4936 Σεϐαστιανδς
1073 4873 1130 4926 δὲ
1159 4876 1186 4927 ὁ
1211 4875 1590 4943 γενναιότατος
1624 4879 2018 4948 μετάπεμπτος

2198 4883 2364 4940 XXII.
2403 4886 2764 4943 Sebastianus
2797 4898 2982 4945 autem
3019 4892 3176 4961 longe
3204 4895 3678 4962 generosissimus,

443 4965 808 5037 Διοκλητιανῷ
837 4966 912 5036 τῷ
950 4966 1162 5037 βασιλεῖ
1189 4966 1451 5035 γεγονὼς,
1494 4968 1617 5024 ἐπεὶ
1658 4970 1906 5041 παρέστη
1933 4972 2014 5042 τῷ

446 5058 673 5127 βήματι,
719 5059 854 5129 φησὶ
896 5060 1030 5130 πρὸς
1057 5059 1218 5112 αὐτὸν
1248 5060 1277 5113 ὁ
1304 5061 1586 5130 τύραννος·
1618 5063 1730 5115 Οὐκ
1775 5061 1886 5130 ἐγώ
1920 5081 2012 5127 σε,

443 5143 488 5201 ὣ
516 5150 864 5215 Σεϐαστιανὲ,
893 5150 982 5204 διά
1019 5151 1280 5220 μεγίστης
1325 5147 1460 5221 ἦγον
1487 5153 1673 5223 τιμῆς,
1703 5154 1796 5208 καί
1829 5171 1913 5209 σοι
1944 5157 2013 5208 τὰ

443 5241 541 5309 τῆς
596 5243 769 5312 ἀρχῆς
821 5244 1018 5312 μᾶλλον
1067 5244 1390 5307 ἐπίστευονς
1449 5246 1558 5297 Καὶ
1598 5245 1692 5298 νῦν
1736 5246 1788 5298 τί
1823 5247 2015 5302 παθὼν

447 5333 584 5402 πρὸς
613 5333 880 5401 τοσαύτην
903 5333 1251 5402 ὲξεκυλὶσθης
1281 5333 1560 5397 ἀπόνοιαν,
1593 5332 1731 5387 ὥστε
1757 5338 1850 5389 καὶ
1873 5339 2012 5390 κατά

445 5426 544 5492 τῆς
573 5424 671 5494 σῆς
699 5427 868 5490 ζωῆς,
903 5426 997 5479 καὶ
1025 5425 1167 5478 κατά
1197 5425 1288 5477 τοῦ
1336 5423 1471 5494 ἐμοῦ
1499 5427 1734 5495 κράτους
1763 5428 2013 5483 ἀπαυθα-

444 5514 761 5582 samem;
792 5516 1156 5579 Σεϐαστιανδς
1203 5512 1321 5569 εἷπε
1349 5532 1362 5547 ο
1388 5517 1521 5568 Τότε
1561 5517 1660 5586 μὲν
1703 5519 1934 5586 ἀγνοῶν,
1969 5515 2011 5575 ὦ

440 5606 688 5676 βασιλεῦ,
735 5611 828 5660 τὸν
863 5610 1029 5671 ὅντως
1071 5609 1223 5672 Θεδν,
1253 5610 1366 5670 τοῖς
1403 5610 1516 5671 σοῖς
1544 5609 1855 5665 ὑπέκυπτον
1890 5614 2014 5667 ἀλο-

437 5699 646 5766 γίστοις
671 5702 917 5772 τάγμασι
949 5718 961 5730 ·
1012 5701 1105 5756 νῦν
1140 5701 1196 5754 δὲ
1248 5700 1409 5753 αὑτὸν
1443 5700 1718 5769 ἐπιγνοὺς,
1757 5707 2006 5774 παρεῖδον

509 5817 526 5846 ¹
557 5815 696 5877 Psai.
727 5834 958 5885 cxxxiii,
999 5819 1047 5874 Ι.

2126 4980 2353 5034 ultimus
2383 4982 2449 5036 ad
2476 4980 2744 5050 supplicia
2777 4992 3112 5045 reservatus,
3150 4984 3268 5052 ipse
3319 4999 3537 5054 quoque
3567 4988 3684 5059 glo-

2123 5069 2266 5124 riose
2291 5073 2532 5141 suscepit
2563 5086 2822 5127 coronam
2858 5075 3126 5145 martyrii.
3189 5075 3362 5142 Quem
3417 5094 3541 5134 cum
3592 5098 3686 5138 ac-

2121 5163 2374 5216 cersisset
2397 5163 2785 5228 Diocletianus,
2814 5176 2868 5220 et
2887 5167 3138 5236 iussisset
3161 5169 3228 5222 ad
3252 5183 3410 5224 suum
3439 5173 3684 5229 tribunal

2120 5251 2262 5314 sisti,
2296 5251 2432 5307 dixit
2453 5254 2537 5309 ei:
2569 5256 2686 5309 Non
2711 5270 2812 5325 ego
2845 5265 2918 5319 te,
2949 5256 3338 5326 oSeliastiane,
3365 5261 3418 5315 in
3453 5265 3688 5320 maximo

2119 5341 2328 5398 honore
2344 5343 2609 5399 habebam
2636 5365 2648 5399 :
2671 5354 2726 5399 et
2745 5345 2841 5400 tibi
2871 5347 3162 5416 imperium
3184 5352 3353 5421 magis
3381 5367 3543 5422 quam
3565 5355 3688 5411 aliis

2120 5435 2453 5489 credebam?
2480 5437 2548 5490 Et
2585 5452 2727 5490 nunc
2757 5439 2851 5506 qui
2883 5438 3087 5493 factum
3127 5449 3230 5505 est,
3265 5453 3325 5495 ut
3369 5445 3434 5497 ad
3482 5455 3685 5501 tantam

2121 5524 2196 5578 sis
2223 5525 2608 5595 pessumdatus
2639 5529 2959 5593 amentiam,
2997 5538 3056 5584 ut
3095 5542 3285 5587 contra
3318 5543 3465 5588 tuam
3520 5538 3685 5590 vitam

2122 5629 2180 5672 ct
2242 5634 2416 5672 nteant
2470 5620 2768 5689 potentiam
2816 5633 2865 5675 te
2915 5625 3228 5692 petulanter
3271 5633 3329 5680 et
3390 5626 3689 5684 insolenter

2115 5715 2311 5782 geras?
2346 5715 2489 5769 Dixit
2522 5714 2910 5771 Sebastianus:
2950 5717 3104 5771 Tunc
3149 5719 3398 5789 quidem,
3440 5736 3472 5776 0
3519 5721 3692 5792 impc-
