4128 6384
477 361 594 423 8.5
1643 357 2030 419 ADDENDA.
2067 383 2136 397 --
2174 358 2636 422 JANUARIUS.
3622 357 3730 424 816

484 485 657 538 rator,
700 487 822 527 cum
854 484 1045 526 verum
1074 471 1243 526 Deum
1278 471 1586 543 ignorarem
1618 482 1674 527 et
1723 487 1901 529 essem
1952 472 2051 527 ima

2165 474 2253 528 καὶ
2305 475 2535 528 πλοῦτον
2592 473 2689 528 καὶ
2741 472 2900 539 δόξαν
2937 473 3033 527 καὶ
3084 473 3155 527 τά
3205 471 3297 527 ἐπὶ
3330 472 3437 544 γῆς
3487 473 3733 542 ᾶπαντα,

483 568 721 638 plicatus
765 578 954 619 errore
1010 563 1453 631 simulacrorum,
1479 564 1882 621 inconsiderate
1941 566 2053 622 tuis

2165 563 2403 634 ποθήσας
2434 564 2502 618 τά
2538 565 2618 628 είς
2665 563 2753 616 ἀεὶ
2792 563 3120 632 διαμένοντα
3152 563 3368 632 ἀγαθὰ,
3415 562 3453 618 ἃ
3485 567 3598 630 τοῖς
3640 566 3735 619 τὸν

476 659 649 729 jussis
671 655 1023 714 scrviebam;
1059 670 1207 711 nunc
1238 670 1374 711 vero
1411 671 1537 713 cum
1591 656 1786 726 agnovi
1846 656 2053 711 verita-

2165 654 2396 727 Χριστὸν
2428 655 2713 722 ἀγαπῶσιν
2734 654 3087 725 ήτοίμασται.
3114 655 3330 720 Μανίας
3356 657 3466 727 γὰρ
3497 658 3735 727 ἐσχάτης

480 759 615 816 tem,
650 759 888 820 etquem
920 764 1009 804 me
1036 748 1208 804 Deum
1240 749 1423 805 colere
1444 757 1717 820 oporteat,
1746 748 1970 819 despexi
1998 756 2055 804 et

2165 742 2314 809 θεοὺς
2379 746 2622 815 ήγείσθαι
2658 746 2856 816 χειρῶν
2904 746 3262 817 ἀνθρωπίνων
3307 748 3446 819 ἔργα
3483 750 3644 818 κωφά
3673 767 3734 802 τε

480 841 708 895 divitias
733 848 789 895 et
819 839 1051 910 gloriam
1083 846 1141 893 et
1169 838 1273 893 alia
1318 838 1521 908 quibus
1550 840 1705 910 prius
1740 837 2055 907 resplende-

2165 835 2250 889 καὶ
2294 837 2432 900 ὅλως
2467 837 2797 907 ἀναίσθητα.
2841 836 3068 901 Τούτοις
3095 840 3124 893 ό
3151 838 3417 909 τύραννος
3447 842 3526 903 είς
3560 840 3736 909 ὀργὴν

481 933 631 996 bam,
659 930 979 986 desiderans
1011 945 1073 984 ea
1098 945 1221 1000 qua:
1247 940 1473 987 manent
1498 938 1551 986 et
1593 947 1705 987 non
1749 930 2049 1002 perﬂuunt,

2165 928 2422 998 κινηθεὶς,
2462 930 2752 984 ἐκέλευσεν
2799 929 2964 985 αὐτὸν
3001 933 3059 985 ἐν
3114 931 3266 1001 μέσῳ
3302 931 3380 1001 τῷ
3420 932 3590 1001 πεδξῳ
3644 927 3736 985 οἵα

482 1042 605 1096 qua:
657 1035 847 1096 parata
877 1034 1005 1080 sunt
1054 1024 1123 1080 iis
1171 1024 1264 1093 qui
1314 1024 1596 1080 Christum
1649 1023 1909 1093 diligunt.
1956 1023 2054 1078 Est

2165 1022 2364 1076 σκοπὸν
2396 1022 2624 1077 τεθέντα
2655 1022 2872 1087 πολλοῖς
2905 1026 3016 1087 τοῖς
3052 1022 3232 1093 βέλεσι
3267 1024 3558 1095 βάλλεσθαι
3585 1041 3601 1057 ·
3641 1026 3737 1077 καὶ

482 1120 632 1174 enim
690 1127 951 1173 extrema:
1020 1116 1274 1172 amentia:
1343 1115 1477 1171 deos
1541 1124 1736 1187 putare
1802 1131 1899 1172 eos
1958 1117 2053 1187 qui

2165 1112 2351 1167 τούτου
2384 1114 2678 1183 γενομένου
2707 1114 2956 1182 δόξαντες
2979 1116 3031 1168 οί
3066 1115 3338 1187 ὑπηρέται
3368 1116 3734 1187 νενεκρῶσθαι

483 1211 613 1266 facti
642 1220 771 1265 sunt
800 1225 866 1264 ex
889 1208 1162 1278 lapidibus
1187 1217 1243 1263 et
1272 1208 1377 1263 alia
1412 1222 1534 1278 quae
1564 1206 1755 1262 interit
1800 1208 2053 1270 materia,

2165 1206 2253 1259 τὸν
2282 1205 2441 1275 ἀγιον
2467 1207 2697 1275 ἀφέντες
2727 1207 2994 1277 ἀπῆλθον.

481 1311 536 1356 et
574 1303 849 1356 honorare
899 1315 1066 1371 opera
1112 1315 1376 1355 manuum
1418 1299 1703 1355 hominum
1738 1314 1861 1369 quae
1895 1298 2060 1369 paulo
2099 1307 2223 1369 post
2245 1313 2358 1354 non
2387 1307 2573 1355 erunt.
2608 1298 2706 1354 llis
2738 1300 2926 1355 verbis
2949 1299 3017 1355 ad
3048 1299 3186 1354 iram
3256 1308 3441 1356 motus
3516 1300 3736 1356 Diocle-

482 1396 668 1449 tianus
694 1395 859 1467 jussit
904 1408 1032 1448 eum
1085 1392 1139 1448 in
1194 1392 1377 1447 medio
1399 1406 1597 1462 campo
1647 1399 1907 1461 tanquam
1962 1406 2193 1462 scopum
2229 1392 2578 1461 propositum
2640 1392 2833 1447 multis
2914 1392 3130 1464 sagittis
3183 1394 3318 1463 peti.
3390 1392 3548 1459 Quod
3607 1410 3733 1449 cum

478 1488 683 1543 factum
706 1495 874 1552 esset,
900 1485 1151 1541 arbitrati
1178 1485 1447 1542 satellites
1469 1495 1720 1540 sanctum
1746 1498 1867 1539 esse
1894 1492 2197 1549 mortuum,
2234 1498 2301 1539 eo
2327 1484 2562 1540 dimisso
2592 1494 2966 1541 recesserunt.

554 1581 746 1635 XXlll.
782 1579 932 1635 Cum
985 1593 1092 1633 nox
1149 1588 1335 1632 autem
1396 1576 1754 1643 advenisset,
1803 1576 2049 1646 profecta

2233 1576 2360 1643 ΚΓ,
2411 1578 2626 1641 Νυκτὸς
2674 1579 2719 1632 δ’
2769 1577 3163 1650 ἐπιγενομένης
3214 1578 3541 1649 πορευθεῖσα
3580 1580 3737 1650 ήτοῦ

483 1669 686 1739 ronjux
753 1666 986 1722 diaetarii
1058 1666 1113 1721 in
1175 1680 1472 1735 campum,
1538 1674 1598 1719 ut
1676 1664 1798 1732 ejus
1851 1679 2056 1734 corpus

2165 1670 2461 1741 διαιταρίου
2518 1671 2752 1740 σύζυγος
2801 1673 2892 1724 ἐπὶ
2932 1671 2992 1724 τὸ
3021 1672 3230 1737 πεδίον,
3266 1670 3407 1724 ῶστε
3465 1672 3633 1741 ϐάψαι
3676 1673 3738 1725 τὸ

483 1761 774 1815 mandaret
825 1759 1144 1829 sepulturze,
1176 1766 1234 1813 et
1276 1773 1401 1813 cum
1435 1772 1566 1812 eum
1612 1757 1917 1814 invenisset
1954 1758 2054 1812 ad-

2165 1763 2326 1834 σῶμα
2354 1764 2542 1829 αὑτοῦ,
2596 1766 2691 1817 καὶ
2741 1763 2921 1828 ζῶντα
2956 1764 3213 1833 εὑροῦσα,
3258 1765 3396 1834 πρὸς
3430 1765 3527 1832 τὴν
3558 1766 3736 1817 οἰκίαν

483 1855 594 1909 huc
619 1853 831 1918 vivum,
886 1850 1119 1906 deduxit
1153 1852 1401 1916 domum,
1440 1859 1497 1907 et
1556 1851 1701 1905 intra
1724 1851 1893 1907 breve
1924 1859 2057 1906 tem-

2165 1855 2441 1924 ἀπήγαγε,
2499 1857 2593 1909 καὶ
2627 1856 2694 1910 δι’
2728 1859 2910 1927 όλίγου
2945 1859 3140 1928 χρόνου
3190 1857 3252 1910 τὸ
3300 1859 3562 1924 ὑγιαίνειν
3587 1858 3735 1922 αὐτῷ

484 1961 589 2016 pus
625 1944 871 1999 reddidit
897 1958 1116 1999 sanum.
1148 1944 1263 1999 Hoc
1290 1958 1416 1997 cum
1444 1942 1801 1999 rescivissent
1824 1941 2049 2012 quidam

2165 1947 2477 2016 ἐχαρίσατο.
2504 1948 2663 2012 Τινές
2696 1949 2752 2002 δέ
2780 1949 2891 2003 τῶν
2921 1948 3264 2020 Χριστιανῶν
3285 1946 3444 2001 τοῦτο
3475 1948 3736 2016 μαθόντες

483 2052 550 2091 cx
577 2035 910 2091 Christianis
932 2046 985 2091 ct
1012 2035 1077 2090 ad
1111 2050 1237 2090 cum
1264 2033 1655 2099 accessissent,
1682 2032 2054 2089 obsecrabant

2165 2037 2406 2091 ἱκέτευον
2432 2026 2643 2109 ἀπᾶραι
2676 2038 2768 2092 τοῦ
2805 2038 3018 2105 ἄστεος,
3053 2039 3140 2091 ἵνα
3176 2037 3253 2109 μὴ
3276 2037 3439 2091 πάλιν
3465 2036 3736 2106 φωραθεὶς

483 2139 547 2185 ιιι
570 2129 749 2185 abiret
770 2144 799 2183 a
828 2130 1074 2193 civitate,
1112 2143 1179 2182 ne
1219 2127 1266 2181 si
1297 2142 1498 2182 rursus
1526 2125 1902 2196 apparuisset,
1928 2124 2056 2195 plu-

486 2224 640 2278 ribus
664 2223 955 2279 tormentis
976 2220 1307 2276 adiceretur.
1344 2220 1438 2274 llle
1474 2227 1661 2273 autem
1678 2233 1787 2272 non
1810 2218 1975 2273 modo
1998 2231 2059 2273 se

485 2333 595 2372 non
626 2317 862 2381 abdidit,
888 2315 984 2370 sed
1005 2314 1169 2369 etiam
1200 2321 1353 2368 stans
1393 2314 1448 2367 in
1480 2312 1588 2368 alta
1609 2312 1845 2382 quadam
1867 2310 2055 2377 domo,

484 2428 543 2468 se
580 2409 1047 2481 praetereuntibus
1104 2407 1353 2463 ostendit
1418 2404 1871 2476 imperatoribus.
1917 2406 2057 2460 Eum

486 2519 612 2558 cum
670 2502 900 2557 vidisset
934 2500 1308 2555 Diocletianus
1336 2507 1392 2554 et
1440 2498 1508 2553 ad
1555 2512 1614 2553 se
1648 2496 2055 2562 accersivisset,

486 2596 626 2653 dicit
653 2596 707 2652 ei
739 2612 753 2649 :
787 2595 907 2650 Non
962 2609 1020 2649 es
1068 2604 1124 2649 tu
1155 2592 1534 2659 Sebastianus,
1564 2606 1730 2661 quem
1775 2606 1876 2646 nos
1901 2592 2057 2661 prius

482 2688 750 2760 iussimus
812 2687 1049 2741 interﬁci
1086 2685 1338 2757 sagittis?
1370 2684 1527 2751 Sum,
1577 2684 1780 2755 inquit,
1819 2700 1851 2739 o
1880 2684 2057 2755 impe-

487 2790 687 2847 rator;
739 2788 923 2834 etme
977 2778 1263 2834 suscitavit
1289 2777 1555 2833 Dominus
1607 2792 1638 2832 a
1669 2777 1940 2844 mortuis,
1993 2785 2055 2831 ut

486 2887 785 2943 cognoscas
815 2886 943 2927 eum
974 2885 1095 2926 esse
1122 2872 1316 2935 Deum,
1351 2870 1441 2940 qui
1468 2870 1600 2926 fecit
1624 2871 1830 2935 omnia,
1858 2877 1913 2925 ct
1942 2885 2055 2925 non

2166 2127 2377 2180 πλείοσι
2409 2130 2527 2191 ταῖς
2584 2127 2840 2198 βασάνοις
2890 2129 3197 2199 παραδοθῇ.
3245 2129 3304 2180 '0
3357 2127 3414 2179 δὲ
3461 2127 3523 2179 ού
3580 2128 3736 2196 μόνον

2167 2220 2268 2273 οὑκ
2304 2220 2631 2289 ἐκρύπτετο,
2653 2221 2789 2274 ἀλλὰ
2816 2222 2912 2275 καὶ
2932 2222 3024 2275 ἐπί
3052 2238 3200 2285 τινος
3222 2219 3498 2283 δωματίου
3533 2218 3735 2289 ὑψηλοῦ

2168 2312 2328 2377 στάς,
2361 2312 2620 2382 παριοῦσι
2674 2314 2788 2375 τοῖς
2835 2312 3145 2383 βασιλεῦσιν
3201 2311 3456 2382 ἐπίδηλος
3504 2314 3729 2381 γίνεται.

2166 2404 2366 2458 Τοῦτον
2421 2404 2544 2457 ίδὼν
2597 2406 2977 2477 Διοκλητιανὸς
3046 2407 3141 2460 καὶ
3200 2406 3733 2477 μεταπεμψάμενος,

2164 2495 2310 2563 λέγει
2339 2496 2487 2567 αὐτῷ
2514 2514 2530 2529 ο
2580 2498 2656 2551 Ού
2710 2498 2775 2551 σὺ
2812 2495 2865 2552 sl
2910 2499 3292 2565 Σεϐαστιανδς,
3326 2499 3385 2553 ὃν
3421 2503 3578 2571 ἡμεῖς
3634 2501 3735 2572 ήδη

2166 2591 2428 2662 πρότερον
2468 2592 2877 2663 ἀποκτανθῆναι
2923 2595 3034 2655 τοῖς
3087 2592 3298 2660 βέλεσιν
3328 2592 3732 2660 ἐκελεύσαμενς

2173 2681 2233 2735 Ὀ
2259 2682 2334 2748 δὲ,
2380 2682 2523 2750 Ἑγὼ
2569 2686 2708 2751 είμι,
2747 2682 2995 2754 βασιλεῦ,
3048 2683 3176 2753 ἔφη,
3237 2685 3331 2736 καὶ
3376 2684 3563 2755 ήγειρέ
3598 2701 3664 2752 με
3710 2686 3738 2738 ό

2161 2773 2367 2846 Κύριός
2403 2794 2504 2843 μου
2528 2778 2590 2829 ἐκ
2617 2778 2726 2831 τῶν
2759 2778 2970 2848 νεκρῶν
3003 2777 3093 2830 ίνα
3128 2776 3273 2847 γνῷς
3297 2778 3377 2831 ὅτι
3411 2772 3564 2841 οὗτός
3592 2780 3738 2831 ἐστιν

2160 2869 2189 2922 ό
2223 2869 2442 2923 πάντων
2465 2869 2621 2936 Θεὸς,
2653 2871 2749 2924 καὶ
2799 2871 3001 2941 μηκέτι
3037 2872 3312 2942 προσέχῃς
3355 2874 3467 2935 τοῖς
3496 2872 3740 2942 ἀκαθάρ-

483 2966 725 3035 amplius
777 2965 927 3020 colas
973 2964 1226 3036 impuros
1278 2963 1577 3027 daemones,
1640 2978 1878 3033 quorum
1929 2978 2055 3017 cum

2165 2975 2267 3022 τοις
2298 2959 2539 3029 δαίμοσι.
2574 2960 2709 3015 Τότε
2763 2962 2975 3015 κελεύει
3008 2963 3264 3032 ῥοπάλοις
3314 2961 3462 3015 ἀπιν
3494 2965 3553 3017 τὸ
3580 2965 3739 3035 σῶμα

486 3058 671 3113 sonitu
719 3056 922 3127 peribit
968 3055 1262 3112 memoria.
1296 3054 1453 3110 Tunc
1488 3056 1535 3111 is
1557 3054 1723 3125 jussit
1749 3064 1941 3109 sancto
1971 3063 2057 3108 to-

485 3158 604 3203 tum
639 3163 843 3219 corpus
874 3147 1049 3203 clavis
1074 3145 1347 3203 contundi
1372 3160 1435 3202 ac
1466 3145 1690 3216 conﬁgi,
1732 3154 1789 3201 et
1816 3146 1898 3201 sic
1930 3160 2055 3200 cum

476 3256 520 3293 re
550 3240 660 3295 vita
695 3238 985 3294 excedere.

560 3329 749 3387 XXIV.
790 3329 1088 3399 Postquam
1120 3344 1253 3401 ergo
1285 3328 1376 3383 hic
1413 3327 1606 3383 beatus
1668 3325 1925 3396 migravit
1992 3325 2060 3380 ad

489 3423 811 3488 Dominum,
854 3421 1121 3476 satellites
1186 3420 1410 3491 quidem
1464 3420 1584 3488 ejus
1641 3434 1845 3489 corpus
1895 3428 2063 3473 noctu

489 3513 862 3580 sustulerunt,
886 3520 937 3567 et
978 3512 1032 3567 in
1064 3511 1357 3581 quamdam
1398 3512 1640 3566 cloacam
1689 3511 2061 3581 projecerunt,

487 3619 613 3661 cum
666 3604 745 3658 sic
783 3602 1039 3673 iussisset
1073 3611 1357 3673 tyrannus.
1406 3600 1657 3656 Timebat
1709 3601 1857 3655 enim
1899 3615 1969 3654 ne
2016 3598 2062 3654 si

484 3697 683 3752 fuisset
712 3694 857 3764 apud
881 3694 1225 3750 Christianos
1252 3705 1308 3749 et
1340 3693 1549 3749 faceret
1579 3691 1868 3755 miracula,
1893 3691 2062 3746 etiam

488 3800 615 3860 post
654 3790 938 3845 decessum
991 3788 1195 3843 multos
1219 3787 1522 3843 abduceret
1571 3800 1603 3840 a
1662 3785 1977 3840 simulacris
2010 3793 2065 3839 et

486 3883 847 3954 persuaderet
901 3892 962 3937 ut
1016 3881 1189 3936 Deum
1249 3881 1499 3936 colerent
1563 3876 1915 3935 Sebastiani.
1962 3875 2064 3929 llic

486 3986 672 4031 autem
722 3974 919 4030 beatus
952 3975 1006 4029 in
1030 3982 1305 4029 nocturna
1361 3972 1580 4029 visione
1627 3984 1902 4042 apparens
1941 3983 2063 4023 mu-

482 4068 607 4123 lieri
635 4066 850 4122 cuidam
890 4067 1052 4121 clarae
1080 4075 1134 4119 et
1166 4066 1289 4135 piat,
1319 4064 1407 4120 cui
1442 4078 1643 4119 nomen
1684 4072 1805 4118 erat
1832 4060 2061 4126 Lucina,

482 4163 622 4216 dicit
668 4161 719 4216 ei
755 4178 767 4213 :
806 4159 954 4216 Vade
1002 4157 1069 4213 ad
1110 4158 1259 4213 hunc
1286 4158 1493 4220 locum,
1523 4164 1580 4211 et
1627 4156 1819 4223 accipe
1858 4165 2063 4222 corpus

492 4268 673 4307 meum
712 4260 769 4307 et
820 4251 872 4305 id
899 4250 1070 4320 sepeli
1101 4250 1156 4303 in
1211 4264 1274 4303 ea
1325 4264 1447 4318 qua
1484 4246 1688 4301 dicitur
1736 4244 1959 4315 Crypta,
1993 4241 2063 4296 ad

488 4346 658 4415 pedes
708 4345 1107 4413 apostolorum.
1146 4342 1248 4397 llla
1306 4356 1439 4396 vero
1481 4354 1609 4395 cum
1652 4335 1986 4395 surrexisset
2008 4342 2066 4390 et

487 4437 729 4491 venisset
779 4436 838 4489 in
866 4436 1047 4491 locum
1084 4436 1141 4490 in
1196 4450 1308 4505 quo
1339 4444 1460 4489 erat
1489 4433 1701 4495 cloaca,
1741 4428 1968 4486 sustulit
1997 4427 2064 4483 il-

2158 3052 2575 3117 καταξανθέντα
2596 3055 2687 3109 τὸν
2716 3053 2894 3124 ἀγιον,
2924 3054 3069 3108 οὕτω
3105 3054 3298 3125 βιαίως
3334 3055 3649 3111 ἀποθανεῖν.

2234 3321 2362 3374 KA'.
2388 3322 2497 3375 Καὶ
2548 3320 2687 3391 μετά
2736 3322 2834 3392 τὴν
2872 3321 3067 3376 τούτου
3103 3322 3364 3395 τελευτήν
3396 3326 3445 3378 οί
3503 3325 3603 3395 μέν
3633 3325 3731 3379 ὑπ·

2165 3412 2381 3483 ηρέται,
2412 3411 2508 3466 τοῦ
2550 3414 2817 3484 τυράννου
2851 3415 3236 3482 κελεύσαντος,
3273 3418 3335 3470 τὸ
3381 3417 3542 3486 σῶμα
3572 3417 3738 3471 αὐτοῦ

2164 3504 2380 3575 νύκτωρ
2406 3504 2655 3574 ἄραντες,
2680 3503 2761 3570 εἷς
2787 3524 2911 3561 τινα
2956 3509 3066 3562 τῶν
3101 3509 3387 3579 ὑπονόμων
3428 3512 3738 3580 ῥίπτουσιν,

2164 3595 2253 3649 ἵνα
2287 3596 2360 3666 μὴ
2388 3597 2645 3667 θαύματα
2672 3598 2865 3653 τελοῦν
2890 3600 2985 3653 καὶ
3012 3603 3152 3671 μετὰ
3175 3604 3272 3671 τὴν
3296 3601 3579 3668 διάζευξιν
3601 3606 3733 3656 πολ-

2163 3687 2289 3753 λοὺς
2320 3691 2605 3764 ἀποστήσῃ
2638 3691 2749 3746 τῶν
2778 3692 3037 3751 είδὼλων.
3095 3693 3156 3747 'U
3188 3695 3246 3747 δέ
3276 3696 3550 3764 μακάριος
3583 3689 3738 3760 οὗτος

2166 3781 2357 3845 νυκτὸς
2390 3783 2608 3849 γυναικί
2634 3800 2741 3837 τινι
2762 3784 2869 3838 τῶν
2886 3784 3175 3855 ἐπισήμων
3199 3788 3290 3838 καὶ⁵
3314 3785 3553 3838 εὐσεϐῶν
3582 3787 3742 3856 (Λου-

2167 3873 2290 3944 κίνη
2350 3874 2541 3945 ὄνομα)
2595 3878 2915 3946 ἐπιφανεὶς,
2966 3877 3115 3947 λέγει
3179 3879 3317 3949 αὐτῇ
3360 3894 3375 3908 '
3439 3880 3741 3949 Πορεύθητι

2167 3969 2308 4022 κατὰ
2337 3969 2485 4022 τόνδε
2517 3970 2609 4024 τὸν
2637 3970 2834 4037 τόπον,
2880 3972 2976 4025 καὶ
3008 3970 3251 4024 λαϐοῦσα
3294 3971 3356 4024 τὸ
3404 3972 3564 4039 σῶμά
3612 3988 3739 4041 μου,

2166 4062 2333 4132 θάψον
2375 4062 2444 4133 τῇ
2500 4064 2734 4133 Κρυπτῇ
2766 4063 3034 4135 λεγομένῃ
3076 4064 3226 4135 παρὰ
3271 4064 3400 4127 τοῦς
3431 4064 3595 4127 πόδας
3632 4064 3739 4118 τῶν

2165 4154 2497 4209 ἀποστόλων.
2541 4154 2609 4207 Ἦ
2632 4156 2688 4208 δέ
2719 4157 2999 4209 ἀναστᾶσα
3046 4157 3143 4210 καὶ
3174 4155 3435 4227 γενομένη
3472 4158 3606 4226 πρὸς
3640 4157 3735 4209 τὸν

2168 4246 2458 4316 ὑπόνομον,
2508 4242 2644 4318 ἦρεν
2673 4247 2884 4302 ἐκεῖθεν
2944 4248 3007 4301 τὸ
3056 4247 3215 4318 σῶμα
3266 4248 3363 4301 τοῦ
3428 4248 3736 4319 μάρτυρος,

2167 4338 2262 4391 καὶ
2314 4337 2432 4390 καθ’
2465 4337 2524 4391 όν
2561 4338 2753 4410 είρηκε
2799 4339 2964 4393 τόπον
3010 4340 3039 4392 ό
3075 4341 3287 4411 μάρτυς
3320 4340 3594 4412 ἐπιμελῶς
3643 4342 3738 4394 καὶ

2166 4429 2413 4499 κοσμίως
2463 4431 2798 4500 κηδεύσασα,
2846 4429 3146 4501 παρέμεινε
3194 4430 3272 4502 τῷ
3319 4433 3480 4501 τάφῳ
3524 4432 3739 4502 ἡμέρας

487 4530 601 4584 [inc
628 4541 832 4598 corpus
862 4528 1140 4598 martyris,
1165 4537 1220 4581 et
1244 4541 1368 4581 cum
1404 4526 1457 4580 in
1481 4526 1605 4580 loco
1631 4539 1795 4594 quem
1822 4522 2059 4583 dixerat,

2167 4521 2483 4589 τριάκοντα.
2528 4523 2639 4574 Καί
2674 4538 2805 4574 ποτε
2841 4525 2960 4589 ταῖς
3000 4523 3321 4594 ἐκκλησίαις
3349 4526 3574 4594 είρήνης
3608 4522 3739 4593 βρα-

482 4622 606 4690 ipsa
645 4620 938 4689 diligenter
972 4630 1039 4675 et
1084 4618 1390 4673 honoriﬁce
1438 4633 1565 4674 eum
1630 4616 1963 4687 sepeliisset,
1994 4612 2059 4668 ad

2167 4614 2475 4685 ὄευθείσης,
2534 4614 2681 4684 ἱερὸν
2733 4616 3150 4687 φροντιστήριον
3200 4617 3299 4688 τὴν
3344 4618 3522 4671 οίκίαν
3570 4616 3738 4687 αὐτῆς

482 4711 799 4782 sepulcrum
837 4711 1143 4781 permansit
1177 4709 1401 4780 triginta
1427 4709 1551 4764 dies
1580 4724 1598 4776 ;
1632 4717 1687 4763 et
1714 4722 1845 4761 cum
1874 4706 2059 4760 luisset

2169 4705 2539 4776 ποιησαμένη,
2567 4704 2672 4767 ἐως
2702 4705 2801 4775 μέν
2831 4704 2922 4757 οὖν
2953 4705 3030 4776 τῷ
3059 4705 3158 4777 βίῳ
3183 4708 3379 4777 περιῆν
3406 4708 3521 4769 τοῖς
3549 4707 3739 4775 δεομέ-

488 4804 710 4860 tandem
764 4819 867 4875 pax
899 4803 1115 4859 reddita
1153 4803 1431 4868 ecclesiis,
1508 4801 1600 4856 illa
1642 4800 1869 4855 domum
1910 4812 2059 4853 suam

2165 4814 2278 4860 νοις
2316 4797 2552 4869 ἐπήρκει
2585 4796 2942 4870 ἀφθονωτάτῃ
2973 4799 3137 4869 χειρί·
3178 4798 3487 4853 τελευτῶσα
3516 4800 3595 4865 δέ,
3630 4798 3737 4851 πᾶ-

483 4898 617 4954 l'ecit
662 4912 882 4953 sacrum
921 4896 1314 4951 monasterium
1345 4932 1363 4961 ,
1427 4902 1485 4950 et
1539 4892 1786 4965 quandiu
1836 4890 2059 4961 quidem

2171 4906 2270 4942 σαν
2293 4888 2393 4959 τὴν
2431 4889 2625 4959 κτῆσιν
2652 4889 2824 4958 αὐτῆς
2848 4891 3193 4961 Χριστιανοίς
3219 4891 3550 4962 ἐδωρήσατο,
3582 4890 3739 4954 δοξά-

486 4990 595 5047 [uit
629 4991 678 5045 ei
707 4990 819 5045 vita
871 4997 1182 5059 superstes,
1206 4987 1511 5059 largissima
1550 5001 1715 5042 manu
1771 4996 2059 5041 succurre-

2170 4978 2337 5043 ζουσα
2373 4980 2592 5051 Πατέρα
2626 4982 2720 5035 καὶ
2753 4982 2882 5036 Υίὸν
2907 4984 2998 5036 καὶ
3028 4982 3180 5050 ἀγιον
3202 4983 3446 5053 Πνεῦμα,
3474 4982 3572 5054 τήν
3606 4983 3740 5054 μίαν

485 5082 583 5137 bat
614 5082 922 5154 egentibus.
947 5080 1179 5148 Quando
1210 5089 1394 5135 autem
1447 5094 1479 5134 e
1504 5080 1616 5134 vita
1645 5078 1906 5143 excessit,
1940 5090 2059 5131 om-

2172 5073 2405 5144 θεότητά
2456 5090 2515 5127 τε
2572 5076 2668 5129 καὶ
2712 5075 2963 5147 δύναμιν,
3088 5075 3289 5145 πρέπει
3335 5076 3482 5140 δόξα,
3514 5076 3739 5146 κράτος,

486 5190 587 5230 nes
629 5190 757 5230 suas
809 5173 1095 5228 facultates
1127 5173 1185 5228 in
1244 5180 1573 5228 testamento
1616 5170 1848 5225 donavit
1897 5167 2059 5223 Chri-

2169 5165 2325 5237 τιμὴ,
2362 5165 2457 5220 νῦν
2490 5171 2583 5221 καὶ
2617 5166 2728 5234 ἀεὶ,
2761 5170 2854 5222 καὶ
2889 5169 2969 5232 είς
2990 5166 3118 5231 τοὺς
3138 5166 3342 5232 αίῶνας
3366 5167 3477 5222 τῶν
3500 5167 3740 5221 αἰώνων.

488 5266 682 5321 stianis
716 5266 825 5321 :ad
868 5266 1099 5337 gloriam
1150 5264 1462 5321 Servatoris
1505 5263 1682 5317 nostri
1735 5262 1863 5318 Jesu
1899 5259 2063 5316 Cliri~
2181 5257 2379 5331 Ἀμήν.

485 5360 580 5426 sti,
602 5358 691 5414 cui
716 5360 889 5431 gloria
938 5368 993 5415 et
1032 5357 1278 5430 potentia
1328 5357 1385 5412 in
1448 5356 1647 5413 secula
1703 5352 2057 5410 seculorum.

487 5454 688 5509 Amen.
