4128 6384
467 321 575 384 819

1623 319 2014 380 ADDENDA.
2055 343 2122 354 -
2158 319 2682 382 FEBBUARIUS.

3619 309 3728 375 820

458 437 514 490 in
546 451 657 505 quo
693 433 898 489 latebat
932 443 1158 487 sanctus
1189 439 1245 486 et
1287 432 1636 488 venerandus
1675 431 1761 486 vir
1803 428 2038 485 Blasius.

2160 427 2394 500 Ἀργέῳ,
2445 433 2502 485 ἐν
2554 425 2598 500 ᾧ
2631 433 2992 504 ἐκρύπτετοό
3029 433 3180 495 ὅσιος
3232 431 3326 484 καὶ
3360 429 3544 498 τίμιος
3589 427 3732 495 ἀνὴρ

458 527 596 584 Cum
627 537 810 580 autem
847 523 1386 594 appropinquassent
1418 525 1720 594 speluncae,
1765 531 1818 578 et
1862 520 2029 576 vidis.

459 617 668 674 sent.in
702 618 824 688 ejus
850 617 1101 686 ingressu
1139 616 1551 671 multitudinem
1581 614 1883 686 agrestium
1915 613 2036 668 ani-

462 710 713 775 malium,
754 724 876 778 qua:
905 711 1156 763 astabant
1183 717 1240 764 et
1278 708 1628 782 exsiliebant,
1659 707 1920 763 dixerunt
1952 708 2038 760 in-

458 815 542 857 ter
560 818 640 857 se:
661 803 800 869 Quid
825 802 929 856 hoc
946 802 1050 856 sibi
1070 803 1227 857 vult?
1247 813 1445 857 etcum
1466 803 1746 856 venissent
1783 801 2035 870 propius,

460 896 796 951 invenerunt
823 895 968 950 intra
993 894 1318 964 speluncam
1359 902 1611 948 sanctum
1641 892 1911 960 Blasium,
1947 907 2037 947 se-

458 986 683 1040 dentem
717 995 980 1055 tanquam
1019 985 1074 1038 in
1117 984 1380 1048 thalamo,
1431 991 1489 1039 et
1519 983 1860 1040 dividentem
1911 984 2036 1038 uni-

459 1080 660 1149 cuique
695 1079 746 1134 id
800 1079 947 1148 quod
992 1085 1113 1134 erat
1136 1079 1189 1134 ei
1238 1094 1399 1148 opus,
1447 1094 1546 1148 per
1588 1077 2035 1134 benedictionem

456 1180 623 1242 atque
668 1171 1005 1236 curationes,
1056 1181 1111 1226 et
1151 1172 1264 1227 Deo
1315 1172 1638 1226 fundentem
1686 1187 1898 1242 preces.
1932 1171 2037 1240 Qui

454 1267 639 1322 statim
672 1267 904 1332 reversi,
935 1267 1330 1323 renuntiarunt
1356 1267 1574 1337 praesidi
1601 1266 1891 1336 Agricolae
1915 1279 2038 1336 qua:

454 1359 731 1413 viderant.
765 1358 974 1415 Praises
998 1374 1128 1414 vero
1155 1359 1320 1427 jussit
1346 1360 1532 1428 plures
1560 1359 1774 1414 milites
1799 1372 1926 1412 cum
1955 1357 2036 1412 eis

454 1451 754 1521 proficisci,
789 1460 846 1507 ut
879 1467 1242 1522 quoscunque
1279 1451 1392 1506 illic
1424 1452 1770 1506 invenissent
1802 1452 2036 1506 latentes

2149 521 2243 575 καὶ
2302 525 2607 588 ἐπίσκοπος
2653 527 2905 589 Βλάσιος.
2965 527 3076 581 Kal
3139 525 3216 588 ὡς
3272 522 3618 591 ἐπλησίασαν
3680 521 3732 572 ei

2145 617 2414 687 θηρευταὶ
2444 621 2502 672 ἐν
2545 618 2623 691 τῷ
2660 621 2912 692 σπηλαίῳ
2950 621 3043 676 καὶ
3089 618 3235 674 εῐδον
3266 617 3403 688 πρὸς
3440 619 3508 686 τῇ
3537 614 3734 682 είσόδῳ

2143 709 2313 764 αὐτοῦ
2368 712 2550 782 πλήθη
2585 713 2797 785 ἀγρίων
2839 714 2995 779 ζιὶων
3042 710 3414 783 παρεστώτων
3446 709 3540 762 καὶ
3575 721 3733 773 σκιρ-

2145 802 2388 867 τώντων,
2432 801 2588 859 εἷπον
2635 807 2772 878 πρὸς
2814 807 3114 878 ἀλλήλους·
3149 805 3216 860 Τί
3265 804 3331 858 ἂν
3379 802 3526 856 θέλοι
3567 800 3731 853 τοῦτο

2141 893 2282 950 εἶναι
2313 916 2327 966 ;
2356 899 2451 952 καὶ
2500 900 2750 964 ἐλθόντες
2789 901 3184 972 πλησιέστερον
3212 905 3225 921 ‘
3259 889 3420 968 εὖρον
3453 896 3602 949 ἐνδον
3630 892 3728 946 τοῦ

2145 990 2413 1060 σπηλαίου
2441 991 2536 1046 τὸν
2579 993 2735 1062 ἅγιον
2767 993 2997 1048 Βλάσιον
3031 993 3224 1064 ὥσπερ
3258 995 3315 1046 ἐν
3349 991 3581 1059 θαλάμῳ
3619 987 3732 1055 τινὶ

2141 1082 2457 1153 καθήμενον
2515 1087 2612 1139 καὶ
2651 1085 2714 1140 τδ
2763 1087 3023 1158 χρειῶδες
3078 1087 3295 1154 ἑκάστῳ
3329 1083 3730 1152 διανεμόμενον

2139 1173 2228 1227 διά
2260 1190 2320 1226 τε
2350 1174 2450 1244 τῆς
2482 1174 2738 1244 εὐλογίας
2773 1176 2869 1230 καὶ
2902 1175 3012 1229 τῶν
3044 1175 3264 1239 ίάσεων,
3295 1176 3390 1229 καὶ
3422 1174 3523 1236 τὰς
3561 1171 3729 1240 εὐχὰς

2142 1265 2307 1319 αὐτοῦ
2349 1266 2669 1320 ἀποδιδόντα
2726 1267 2806 1338 τῷ
2860 1267 3002 1339 Θεῷ.
3052 1270 3167 1323 Kal
3206 1267 3412 1330 εὐθέως
3458 1264 3730 1334 ὑποστρέ-

2139 1359 2344 1428 ψαντες
2375 1359 2724 1431 ἀπήγγειλαν
2759 1359 2838 1431 τῷ
2860 1361 3097 1431 ἡγεμόνι
3131 1359 3474 1430 Ἀγρικολάῳ
3501 1360 3536 1412 ἃ
3561 1354 3724 1411 εἶδον.

2153 1451 2214 1503 '0
2268 1449 2326 1504 δὲ
2376 1450 2606 1521 ἡγεμὼν
2634 1451 2857 1505 ἐκέλευε
2894 1450 3241 1523 στρατιώτας
3285 1450 3541 1515 πλείονας
3591 1467 3727 1517 συμ-

452 1540 822 1604 Christianos,
855 1543 922 1596 ad
956 1558 1083 1598 eum
1116 1541 1479 1598 adducerent.
1520 1543 1728 1597 Euntes
1764 1549 1951 1596 autem
1981 1541 2034 1595 in

2147 1545 2486 1618 πορευθῆναι
2520 1547 2732 1610 αὐτοῖς,
2781 1547 2872 1600 ἵνα
2910 1549 3073 1610 ὅσους
3113 1546 3208 1600 ἐὰν
3253 1544 3493 1616 εὕρωσιν
3542 1545 3725 1596 ἐκεῖσε

454 1641 721 1700 montem,
753 1634 846 1704 qui
881 1634 1030 1689 missi
1065 1634 1287 1689 fuerant
1312 1634 1538 1699 milites,
1565 1641 1622 1690 et
1648 1633 1878 1704 ingressi
1913 1649 2037 1703 spe-

2147 1638 2508 1710 Χριστιανοὺς
2558 1641 2979 1711 κρυπτομένους
3037 1641 3290 1708 ἀγάγωσι
3342 1637 3482 1709 πρὸς
3536 1636 3720 1691 αὐτόν.

452 1727 699 1791 luncam,
749 1727 1084 1782 invenerunt
1126 1727 1305 1782 solum
1353 1737 1629 1793 sanctum,
1682 1735 1934 1782 orantem
1981 1737 2035 1781 ct

2147 1733 2251 1786 Kal
2279 1733 2613 1796 ἀπελθόντες
2657 1734 2709 1787 οἱ
2751 1733 3162 1803 ἀπεσταλμένοι
3191 1733 3527 1803 στρατιῶται
3559 1731 3617 1784 ἐν
3644 1730 3723 1800 τῷ

454 1820 771 1876 laudantem
824 1820 1142 1884 Dominum,
1185 1830 1242 1877 et
1288 1821 1548 1877 dixerunt
1587 1821 1672 1877 ei:
1711 1821 2026 1892 Egredere;

2147 1823 2288 1894 Βρει,
2347 1825 2444 1878 καὶ
2493 1825 2835 1888 είσελθόντες
2891 1827 3041 1880 ἔνδον
3090 1825 3185 1880 τοῦ
3243 1825 3516 1894 σπηλαίου
3563 1815 3724 1893 εὗρον

451 1923 615 1967 vocat
665 1921 717 1968 te
753 1927 977 1981 praeses.
1028 1913 1165 1968 Cum
1201 1928 1296 1968 eos
1345 1927 1480 1968 vero
1527 1913 1754 1968 vidisset
1804 1925 2032 1970 sanctus

2147 1916 2307 1985 μόνον
2335 1917 2429 1970 τὸν
2481 1916 2640 1986 ἅγιον
2669 1919 2902 1972 Βλάσιον
2936 1917 3390 1988 προσευχόμενον
3427 1916 3524 1970 καὶ
3579 1913 3726 1979 δοξο-

455 2007 690 2073 Blasius,
721 2007 884 2062 valde
913 2006 1130 2062 laetatus
1159 2015 1265 2074 est,
1296 2015 1353 2062 et
1381 2008 1555 2063 dixit:
1583 2008 1806 2072 Adeste,
1839 2023 2032 2063 eamus

2147 2008 2408 2076 λογοῦντα
2429 2007 2520 2063 τὺν
2551 2010 2771 2081 Κύριον,
2807 2011 2904 2064 καὶ
2933 2009 3088 2064 εἶπον
3115 2010 3256 2080 πρὸς
3282 2009 3469 2062 αὐτόν·
3497 2006 3722 2074 Ἔξελθε

451 2099 636 2166 simul,
681 2115 714 2154 ο
745 2099 866 2163 filii,
910 2099 1016 2153 mei
1055 2097 1204 2153 enim
1253 2098 1576 2155 recordatus
1613 2109 1699 2156 est
1741 2099 2027 2157 Dominus.

2147 2102 2197 2153 ἐν
2229 2101 2421 2170 τάχει·
2475 2101 2634 2154 καλεῖ
2682 2119 2744 2156 σε
2796 2105 2824 2156 ό
2878 2101 3125 2173 ἡγεμών.
3188 2101 3338 2158 Ἰδὼν
3383 2101 3441 2154 δέ
3469 2100 3722 2162 αὐτοῦςό

455 2189 512 2244 In
565 2190 669 2246 hac
720 2190 870 2245 enim
923 2199 1087 2245 nocte
1137 2197 1223 2244 ter
1269 2190 1403 2244 mihi
1458 2193 1738 2262 apparuit,
1796 2192 2028 2248 dicens:

2147 2191 2294 2261 hic;
2328 2191 2557 2258 Βλάσιος
2587 2194 2759 2266 ἐχάρη
2784 2196 2950 2260 πάνυ,
2984 2195 3081 2249 καὶ
3125 2192 3248 2248 εἷπε
3274 2214 3288 2228 ο
3319 2193 3512 2258 Δεῦτε,
3533 2193 3719 2258 τέκνα,

453 2281 651 2352 Surge,
679 2281 818 2336 ofl‘cr
847 2281 981 2335 mihi
1007 2280 1275 2336 sacrificia
1304 2298 1402 2352 pro
1434 2297 1586 2338 more
1609 2285 1686 2338 tui
1711 2283 2030 2340 sacerdotii.

2147 2277 2502 2355 πορευθῶμεν
2570 2285 2721 2355 ἅμαο
2779 2287 3027 2358 ἐμνήσθη
3079 2287 3188 2356 γάρ
3247 2302 3351 2356 μου
3407 2285 3650 2354 σήμερον
3695 2283 3724 2336 ἐ

451 2370 612 2426 Nunc
634 2386 789 2441 ergo,
819 2370 915 2424 lilii
959 2369 1090 2434 mei,
1119 2369 1264 2425 bene
1297 2369 1546 2427 venistis.
1579 2371 1843 2428 Dominus
1874 2388 2030 2428 meus

2147 2381 2384 2453 Κύριοςο
2421 2384 2480 2436 ἐν
2510 2381 2621 2455 γὰρ
2653 2383 2827 2457 ταύτῃ
2857 2386 2925 2454 τῇ
2973 2387 3130 2438 νυκτὶ
3169 2383 3346 2451 ἐφάνη
3403 2398 3494 2451 μοι
3540 2379 3722 2450 τρίτον

450 2463 612 2519 Jesus
641 2463 900 2520 Christus
921 2464 994 2520 sit
1016 2464 1328 2520 vobiscum.
1991 2527 1994 2529 ι

2147 2472 2329 2543 ιέγωνο
2373 2473 2647 2538 ’Δναστὰς
2707 2475 3047 2545 προσένεγκέ
3111 2491 3200 2545 μοι
3248 2473 3441 2535 θυσίας
3487 2471 3630 2524 κατὰ
3662 2469 3724 2522 τὸ

454 2557 577 2621 ἔθος
599 2557 697 2628 τῆς
719 2559 1023 2632 ἱερωσύνης
1044 2575 1161 2614 σου.
1194 2558 1311 2613 Νῦν
1333 2555 1449 2626 οὖν,
1471 2559 1662 2614 τεκνία
1695 2577 1821 2631 μου,
1854 2561 2035 2628 καλῶς
2075 2565 2306 2636 ἤλθετε·
2367 2568 2396 2620 ὀ
2459 2567 2668 2640 Κύριός
2719 2585 2822 2641 μου
2885 2568 3094 2640 Ἰησοῦς
3137 2565 3379 2638 Χριστὸς
3446 2566 3535 2637 εἴη
3603 2562 3724 2634 μεθ’

455 2652 485 2704 ὗ
493 2652 635 2722 μῶν.

523 2746 618 2804 lll.
650 2748 789 2804 Dum
831 2757 1019 2806 autem
1067 2747 1173 2817 ipsi
1209 2749 1486 2813 venirent,
1521 2749 1579 2804 in
1609 2750 1698 2805 via
1739 2762 2033 2809 converte-

2213 2751 2289 2807 l".
2331 2751 2420 2805 Ἐν
2450 2751 2509 2806 δέ
2533 2748 2612 2820 τῷ
2631 2749 2892 2820 ἔρχεσθαι
2919 2749 3120 2813 αὐτοῦς
3143 2750 3203 2803 ἐν
3233 2749 3298 2820 τῇ
3329 2745 3434 2816 6δῷ
3455 2745 3725 2814 ἐπέστρε-

453 2840 661 2897 bantur
690 2840 924 2913 gentiles
947 2839 1015 2896 ad
1048 2841 1144 2896 Dei
1181 2842 1550 2913 cognitionem
1583 2860 1684 2914 per
1713 2847 1833 2916 ejus
1873 2862 2034 2902 man-

2147 2862 2243 2914 φον
2283 2843 2558 2912 Ἑλλήνων
2587 2844 2779 2907 παῖδες
2810 2843 2893 2906 είς
2924 2841 3260 2912 θεογνωσίαν
3293 2840 3382 2894 διὰ
3411 2839 3514 2908 τῆς
3545 2836 3720 2906 πραό-

453 2934 809 2991 suetudinem
839 2943 895 2989 et
923 2933 1255 2989 doctrinam.
1291 2935 1512 2990 Etenim
1533 2952 1659 3008 _per
1694 2938 1816 3008 ejus
1845 2953 2039 3008 preces

2147 2955 2300 3008 ιητος
2341 2937 2510 2992 αὑτοῦ
2571 2939 2667 2991 καὶ
2716 2937 3096 2999 διδασκαλίας.
3149 2935 3260 2989 Kal
3309 2935 3419 3002 γὰρ
3471 2931 3560 2986 διὰ
3611 2929 3722 2984 τῶν

454 3025 690 3084 faciebat
711 3026 981 3082 Dominus
1003 3028 1321 3082 curationes
1346 3046 1361 3086 :
1386 3038 1441 3083 et
1475 3044 1598 3084 cum
1623 3030 1690 3085 ad
1723 3047 1850 3086 eum
1875 3031 2038 3087 affer-

2136 3030 2581 3084 ἀκαταπαύστων
2608 3031 2772 3086 αὐτοῦ
2801 3030 3125 3103 προσευχῶν
3149 3030 3247 3082 καὶ
3275 3027 3516 3098 δεήσεων
3548 3025 3722 3087 ἰάσεις

456 3130 650 3177 rentur
696 3120 928 3191 aegroti,
984 3119 1068 3175 eis
1123 3119 1414 3190 imponens
1459 3136 1674 3187 manus,
1723 3123 2038 3180 dimittebat

2147 3121 2388 3175 ἐπετέλει
2439 3125 2467 3176 ό
2500 3121 2731 3192 Κύριος,
2773 3123 2869 3176 καὶ
2921 3120 3398 3194 προσφερομένων
3444 3116 3597 3188 αὐτῷ
3623 3117 3724 3187 διρο

455 3228 641 3268 sanos.
685 3212 802 3268 Non
845 3211 1022 3267 solum
1084 3219 1270 3268 autem
1321 3213 1555 3268 curabat
1603 3213 1881 3280 homines,
1936 3216 2033 3272 sed

454 3306 624 3362 etiam
667 3306 917 3376 iumenta
965 3311 1022 3358 et
1066 3303 1294 3360 bestias.
1323 3304 1460 3360 Cum
1503 3306 1688 3376 itaque
1715 3308 2037 3378 contigisset

455 3398 698 3468 aliquem
721 3412 784 3452 os
813 3395 1104 3461 devorare,
1138 3397 1224 3452 vel
1257 3397 1464 3467 aliquid
1487 3399 1780 3469 ejusmodi,
1809 3409 2036 3470 repente

457 3491 526 3546 ad
552 3506 682 3546 eum
709 3488 1016 3545 efferebant
1049 3491 1374 3558 patientem,
1414 3497 1472 3544 et
1510 3503 1609 3559 per
1645 3498 1863 3546 sanctas
1906 3505 2036 3546 suas

456 3599 652 3656 preces
683 3597 812 3639 eum
862 3581 1051 3639 statim
1090 3581 1355 3638 reddebat
1387 3597 1608 3638 sanum.
1643 3581 1886 3654 Contigit
1930 3582 2036 3638 ita-

455 3694 587 3750 que,
617 3686 681 3733 ut
710 3677 858 3732 filius
890 3675 1181 3746 cujusdam
1217 3675 1491 3741 mulieris,
1531 3691 1654 3746 quae
1692 3691 1820 3730 eum
1864 3675 2038 3734 habe-

455 3773 554 3828 bat
596 3771 844 3834 unicum,
879 3779 1090 3839 partem
1122 3767 1292 3838 piscis
1334 3769 1656 3834 comedens,
1703 3783 1766 3825 os
1807 3777 2038 3840 repente

455 3867 768 3932 devoraret,
813 3871 870 3920 et
921 3872 1111 3918 mutus
1161 3871 1434 3918 maneret.
1487 3862 1625 3918 Cum
1675 3877 1810 3935 ergo
1857 3873 2039 3920 mater

456 3961 617 4031 pueri
644 3959 713 4015 de
741 3965 934 4014 sancto
986 3955 1313 4022 audivisset,
1359 3970 1488 4010 eum
1517 3956 1745 4012 allatum
1804 3957 2039 4028 projecit

455 4053 526 4108 ad
551 4053 673 4124 ejus
706 4051 879 4122 pedes
913 4049 1359 4114 semimortuum,
1393 4063 1520 4104 cum
1549 4048 1682 4104 fletu
1707 4049 1956 4106 clamans
1982 4058 2038 4105 et

455 4146 654 4201 dicens
683 4152 877 4200 sancto
905 4161 918 4197 :
951 4142 1216 4198 Miserere
1248 4141 1356 4197 mei
1382 4141 1502 4205 lilii,
1535 4156 1694 4196 serve
1727 4140 2040 4197 Servatoris

457 4239 634 4296 nostri
673 4239 809 4294 Jesu
851 4236 1082 4302 Christi,
1112 4244 1198 4292 est
1234 4235 1381 4291 enim
1433 4235 1567 4290 mihi
1599 4233 1872 4304 unigena;
1912 4249 2041 4287 nar-

459 4333 712 4402 ravitque
735 4340 949 4392 sancto,
989 4328 1122 4399 quid
1157 4327 1271 4384 filio
1312 4341 1415 4382 suo
1451 4337 1680 4397 repente
1719 4325 2038 4382 accidisset.

459 4425 696 4480 Sanctus
744 4429 931 4477 autem
978 4420 1076 4475 Dei
1109 4429 1167 4475 et
1217 4434 1446 4488 magnus
1493 4419 1754 4474 sacerdos
1799 4418 2036 4483 Blasius,

2145 3212 2371 3284 ρὠτων
2432 3213 2702 3279 ἐπιτιθεὶς
2757 3217 2847 3269 ἐπ’
2905 3216 3104 3278 αὐτοὺς
3160 3215 3257 3277 τὰς
3313 3214 3500 3283 χεῖρας
3549 3209 3724 3277 ὑγιεῖς

2143 3304 2418 3359 ἀπέλυσεν
2447 3306 2736 3369 ἅπαντας·
2787 3307 2849 3360 οὐ
2903 3307 3065 3376 μόνον
3115 3306 3172 3359 δὲ
3223 3305 3352 3367 τοὺς
3397 3301 3723 3371 ἀνθρώπους

2147 3398 2281 3459 ίᾶτο,
2317 3397 2456 3453 ἀλλὰ
2507 3398 2606 3452 καὶ
2650 3399 2720 3453 τὰ
2772 3399 2947 3470 κτήνη
2999 3399 3094 3452 καὶ
3145 3399 3216 3452 τὰ
3264 3397 3459 3464 ἄλογα.
3502 3396 3594 3458 Ὠς
3629 3394 3724 3448 οῦν

2145 3490 2369 3558 ἐγένετό
2391 3508 2514 3546 τινα
2540 3491 2740 3548 ὀστοῦν
2772 3494 3069 3547 καταπιεῖν
3098 3492 3132 3561 ἦ
3157 3493 3288 3547 ἄλλο
3313 3508 3368 3544 τι
3399 3490 3511 3544 τῶν
3540 3487 3726 3542 τοιού-

2143 3598 2255 3636 των
2306 3583 2590 3653 ἐξαίφνης,
2644 3583 2845 3656 ἐφερον
2894 3584 3033 3655 πρὸς
3078 3583 3240 3637 αὑτὸν
3280 3583 3375 3637 τὸν
3420 3583 3724 3652 πάσχοντα,

2147 3677 2241 3730 καὶ
2288 3675 2379 3730 διὰ
2433 3677 2534 3748 τῆς
2588 3677 2756 3744 ἁγίας
2810 3676 2980 3732 αὐτοῦ
3039 3679 3353 3748 προσευχῆς
3393 3677 3526 3745 ὑγιῆ
3563 3671 3726 3727 αὑτὸν

2146 3770 2494 3841 παραχρῆμα
2539 3769 2911 3826 ἀποκαθίστα.
2955 3769 3121 3823 Ὅθεν
3159 3769 3361 3839 συνέϐη
3397 3769 3495 3821 καὶ
3529 3783 3726 3835 γυναι-

2145 3863 2243 3926 κός
2281 3880 2426 3926 τινος
2461 3862 2578 3916 υίδν
2619 3862 2887 3931 μονογενῆ
2929 3861 3096 3916 αὐτὸν
3139 3861 3374 3932 ἐχούσης
3413 3860 3592 3931 ίχθύος
3627 3857 3726 3928 μέο

2149 3975 2241 4029 ρος
2285 3956 2540 4010 ἐσθίοντα
2583 3954 2786 4026 ἁθρόον
2815 3954 3012 4008 ὀστοῦν
3053 3957 3350 4010 καταπιεῖν
3381 3953 3477 4007 καὶ
3511 3954 3728 4022 ἄφωνον

2149 4052 2355 4122 μεῖναι.
2407 4050 2471 4104 Ἦ
2517 4042 2612 4103 οὖν
2671 4049 2856 4120 μήτηρ
2905 4047 3003 4102 τοῦ
3051 4049 3244 4112 παιδὸς
3280 4049 3562 4102 ἀκούσασα
3597 4043 3730 4117 περὶ

2145 4142 2242 4198 τοῦ
2276 4143 2434 4211 ἁγίου
2491 4141 2769 4209 ἐνέγκασα
2799 4141 2964 4195 αὐτὸν
3011 4141 3236 4214 ἐῤῥιψεν
3285 4141 3344 4195 ἐν
3401 4143 3514 4204 τοῖς
3567 4141 3729 4194 ποσὶν

2147 4236 2313 4289 αὑτοῦ
2339 4235 2611 4306 ἡμιθανῆ,
2646 4235 2828 4304 βοῶσα
2879 4237 3017 4307 μετά
3071 4236 3326 4305 ὀδυρμῶν
3358 4237 3451 4292 καὶ
3492 4235 3728 4302 λέγουσα

2148 4328 2227 4399 τῷ
2251 4328 2416 4398 ἁγίῳ*
2454 4328 2714 4398 Ἐλέησόν
2747 4346 2850 4399 μου
2881 4329 2975 4384 τὸν
3000 4329 3136 4392 υἱὸν,
3163 4329 3321 4382 δοῦλε
3347 4329 3440 4382 τοῦ
3471 4329 3731 4397 Σωτῆρος

2149 4421 2306 4494 ἡμῶν
2366 4420 2546 4493 Ἰησοῦ
2597 4424 2875 4493 Χριστοῦ·
2927 4423 3010 4478 ὅτι
3066 4425 3364 4494 μονογενής
3395 4422 3504 4492 ίμοί
3539 4422 3724 4474 ἐστιν·

425 4512 429 4515 ”
459 4530 624 4570 manu
660 4513 920 4583 imposita
951 4513 1159 4582 gutturi
1189 4510 1369 4580 pueri,
1399 4508 1480 4565 sic
1508 4510 1709 4574 oravit,
1733 4511 2039 4566 extendens

2147 4515 2244 4570 καὶ
2276 4516 2584 4586 διηγήσατο
2624 4514 2703 4586 τῷ
2754 4515 2897 4587 ἁγίῳ
2947 4515 3012 4570 τὸ
3069 4515 3287 4587 συμϐὰν
3329 4516 3600 4584 ἐξαίφνης
3650 4513 3730 4583 τῷ

458 4609 514 4661 in
567 4607 771 4661 coelum
820 4603 1034 4669 oculos,
1070 4610 1127 4658 et
1179 4603 1293 4658 Deo
1339 4603 1568 4658 dicens:
1596 4602 1701 4670 Qui
1736 4603 1824 4669 iis,
1860 4604 1955 4674 qui
1989 4611 2042 4660 te

458 4698 796 4756 invocabant
837 4696 896 4752 in
945 4697 1203 4762 veritate,
1257 4705 1462 4768 praesto
1508 4696 1663 4752 fuisti
1711 4695 1972 4766 adjutor,
2010 4712 2044 4752 ο

457 4792 742 4854 Servator,
767 4788 896 4845 audi
927 4804 1076 4844 meas
1096 4803 1315 4859 preces,
1340 4797 1397 4844 et
1421 4789 1633 4860 spinam
1662 4788 1882 4844 infixam
1915 4787 2046 4844 huic

459 4901 657 4957 puero,
687 4893 782 4941 tua
812 4899 934 4955 quae
965 4883 1070 4939 sub
1123 4896 1409 4954 aspecwm
1458 4897 1568 4938 non
1599 4881 1771 4946 cadit,
1811 4882 2042 4947 virtute,

457 4980 508 5034 ei
553 4978 757 5043 exime,
794 4992 924 5033 eum
954 4985 1270 5042 curans;et
1317 4980 1386 5033 de
1428 4985 1651 5042 caetero,
1687 4992 1813 5032 cum
1842 4992 1940 5032 seu
1981 4977 2037 5033 in

459 5070 805 5136 hominibus,
847 5087 945 5127 seu
980 5070 1034 5124 in
1071 5069 1282 5140 pueris,
1316 5085 1414 5126 seu
1451 5070 1506 5124 in
1538 5069 1737 5126 bestiis
1774 5071 1880 5125 tale
1909 5069 2046 5140 quid

459 5165 776 5236 contigerit,
805 5165 920 5221 illic
947 5173 1135 5220 autem
1161 5165 1486 5220 recordatus
1507 5164 1680 5219 fuerit
1707 5164 1909 5234 aliquis
1940 5163 2047 5217 mei

459 5257 726 5322 nominis,
745 5256 961 5314 dicens:
982 5256 1150 5323 Deus,
1171 5255 1570 5312 intercessione
1587 5254 1731 5312 servi
1755 5256 1836 5308 tui
1857 5253 2049 5320 Blasii,

459 5351 707 5409 accelera
741 5359 897 5407 tuum
925 5350 1227 5406 auxilium:
1261 5349 1347 5406 fac
1384 5351 1496 5407 cito
1524 5350 1671 5406 ineo
1701 5349 2047 5404 curationem

458 5446 528 5501 ad
551 5445 782 5516 gloriam
811 5455 868 5500 et
899 5445 1169 5500 honorem
1202 5444 1379 5500 sancti
1417 5443 1494 5499 tui
1530 5442 1772 5498 nominis
1797 5458 1812 5507 ;
1837 5450 1895 5496 et
1923 5456 2050 5495 cum

2145 4607 2322 4678 τέκνῳ
2355 4607 2550 4677 αὐτῆς.
2609 4605 2670 4660 '0
2698 4607 2756 4662 δέ
2791 4607 2952 4677 ἅγιος
2983 4608 3079 4662 τοῦ
3129 4607 3268 4662 Θεοῦ
3304 4608 3401 4662 καὶ
3447 4608 3621 4675 μέγας
3653 4605 3732 4659 is-

2150 4697 2279 4769 ρεὺς
2332 4698 2591 4766 Βλάσιος,
2650 4698 2861 4761 ἐπιθεὶς
2917 4697 3017 4768 τὴν
3074 4700 3232 4769 χεῖρα
3282 4695 3452 4749 αὐτοῦ
3499 4695 3590 4746 ἐπὶ
3635 4693 3729 4746 τὸν

2147 4792 2348 4865 λαιμὸν
2395 4793 2490 4846 τοῦ
2545 4793 2764 4858 παιδὸς,
2813 4793 3166 4864 προσηύξατο
3205 4793 3404 4856 οὕτως,
3435 4788 3728 4850 ἀνατείνας

2149 4889 2228 4951 είς
2264 4885 2356 4940 τὸν
2385 4886 2617 4957 οὐρανὸν
2652 4885 2713 4939 τὸ
2741 4885 2902 4956 όμμα
2928 4886 3098 4939 αὐτοῦ
3138 4884 3235 4938 καὶ
3265 4883 3442 4951 λέγων
3471 4882 3610 4950 πρδς
3638 4879 3732 4932 τὸν

2149 4980 2305 5034 Θεόνο
2347 4978 2407 5032 Ὀ
2438 4982 2552 5043 τοῖς
2584 4978 3050 5048 ἐπικαλουμένοις
3084 4993 3144 5031 σε
3176 4979 3235 5030 ἐν
3278 4974 3511 5047 ἀληθεία
3543 4973 3732 5026 σύντοο

2153 5091 2253 5144 μος
2291 5073 2475 5143 ἰατρὸς
2529 5072 2821 5143 γενόμενος
2859 5071 3072 5142 σωτὴρ,
3113 5069 3418 5125 ἐπάκουσόν
3475 5084 3576 5138 μου
3632 5067 3735 5136 τῆς

2149 5167 2390 5238 δεήσεως
2415 5167 2512 5219 καὶ
2538 5164 2634 5232 τὴν
2658 5166 3004 5234 ἐμπαγεῐσαν
3029 5162 3276 5217 ἄκανθαν
3289 5161 3366 5232 τῷ
3387 5159 3539 5214 παιδὶ
3557 5157 3736 5228 τούτῳ

2150 5256 2373 5328 ἀοράτῳ
2398 5273 2492 5309 σου
2509 5253 2740 5324 δυνάμει
2762 5253 2931 5325 ἄφελε
2954 5253 3014 5320 ἐξ
3030 5251 3199 5307 αὑτοῦ
3233 5254 3528 5322 ἰασάμενος
3544 5248 3733 5312 αὐτὸν,

2153 5349 2250 5401 καὶ
2297 5347 2394 5402 ἐὰν
2439 5346 2551 5400 ἀπὸ
2601 5345 2698 5401 τοῦ
2758 5345 2854 5399 νῦν
2887 5347 2920 5418 ἢ
2948 5350 3008 5403 ἐν
3039 5345 3355 5414 ἀνθρώποις
3389 5341 3422 5414 ἢ
3457 5344 3516 5396 ἐν
3542 5341 3738 5412 βρέφε-

2157 5455 2264 5504 σιν,
2292 5437 2325 5510 ﬂ
2361 5439 2420 5491 ἐν
2461 5439 2688 5509 κτήνεσι
2738 5440 2792 5493 τὶ
2840 5441 3087 5494 τοιοῦτον
3120 5439 3304 5509 συμὸῇ
3337 5451 3496 5503 ποτε,
3525 5451 3741 5505 μνημο-

463 5537 583 5605 ipse
619 5536 738 5592 haec
765 5535 1017 5599 dixisset,
1063 5550 1299 5604 puerum
1342 5533 1528 5589 statim
1571 5548 1770 5588 sanum
1807 5531 2039 5587 restituil

2156 5528 2338 5584 νεύσει
2371 5529 2428 5584 δέ
2452 5546 2537 5592 τις
2568 5531 2690 5584 ἐκεῖ
2714 5530 3101 5602 τοῦζόνόματός
3135 5548 3236 5600 μου
3267 5529 3468 5598 λέγων’
3511 5528 3570 5582 Ὀ
3603 5525 3740 5590 Θεὸς

465 5625 610 5698 sicut
650 5625 911 5696 priusret
943 5641 1071 5681 eum
1103 5624 1346 5680 reddidit
1386 5624 1549 5680 matri
1580 5640 1716 5688 suae,
1758 5639 1856 5679 ore
1905 5639 2053 5678 nun-

466 5733 631 5786 quam
665 5719 864 5774 silente
890 5719 1060 5774 Deuln
1089 5719 1407 5774 laudantem
1438 5725 1603 5786 atque
1627 5719 2050 5785 glorilicantent.

2157 5626 2224 5694 τῇ
2257 5621 2528 5694 πρεσὸείςι⁴
2574 5623 2670 5677 τοῦ
2723 5624 2916 5678 δούλου
2967 5642 3060 5679 σου
3103 5624 3335 5678 Βλασίου
3369 5624 3604 5692 τάχυνον
3639 5619 3739 5690 τὴν

2161 5714 2417 5786 βοήθειάν
2449 5731 2570 5780 σου,
2615 5715 2824 5780 εὐθέως
2871 5717 3097 5788 ποίησον
3130 5717 3216 5769 ἐπ’
3250 5715 3419 5769 αὑτὸν
3449 5712 3548 5784 τὴν
3594 5713 3739 5766 ἴασιν

466 5806 766 5867 Hominum
801 5816 987 5869 autem
1011 5824 1268 5874 sermone
1305 5807 1691 5868 celebrabatur
1721 5807 1821 5866 Dei
1847 5820 2039 5880 many:

2160 5811 2238 5875 εἰς
2276 5807 2438 5879 δόξαν
2477 5809 2570 5866 καὶ
2601 5810 2766 5882 τιμὴν
2806 5809 2898 5866 τοῦ
2935 5809 3204 5882 ὀνόματός
3253 5826 3370 5865 σου.
3420 5807 3531 5866 Kal
3566 5807 3626 5860 ἐν
3657 5805 3739 5878 τῷ
