4120 6378
441 323 546 387 821
1342 323 1759 385 CERTAMEN
1813 328 1872 385 S.
1920 325 2172 388 BLASII
2233 329 2328 389 ET
2367 329 2782 396 SOCIORUM.
3597 349 3706 412 892

437 433 616 489 ειπεῖν
644 432 808 486 αὐτὸν
831 431 1006 486 ταῦτα
1024 432 1280 503 παραυτά
1301 435 1716 506 ἀποκατέστησε
1733 436 1828 490 τὸν
1855 438 2020 492 παῖδα

2135 449 2192 494 et
2247 441 2539 512 cpisc0pus
2597 443 2831 512 Blasius,
2877 461 2987 502 non
3040 449 3218 506 solum
3271 452 3568 524 Sebastetr,
3622 464 3716 516 sel

439 526 572 598 ὗγιῆ
603 527 680 590 ὡς
709 526 770 581 τὸ
801 526 1088 598 πρότερον,
1119 529 1212 581 καὶ
1243 529 1534 582 ἀπέδωκεν
1559 531 1725 583 αὑτὸν
1749 533 1815 600 τῇ
1855 533 2020 604 μητρὶ

2137 533 2304 587 etiam
2329 534 2599 605 Nicopoli.
2628 537 2757 593 Erat
2787 539 2935 594 enim
2972 543 3228 600 eruditus
3251 545 3417 602 etiam
3453 548 3507 604 iu
3541 553 3722 608 scien-

436 620 607 676 αὑτοῦ
631 620 885 690 ἀσιγήτῳ
920 620 1150 690 στόματι
1185 620 1445 675 αἰνοῦντα
1481 625 1576 676 καὶ
1607 621 1900 687 δοξάζοντα
1929 623 2020 678 τὸν

2138 624 2211 679 lia
2253 629 2533 682 medendi.

441 719 596 772 Θεόν.
628 716 960 785 Διεϐεϐόητο
989 715 1046 769 δὲ
1078 717 1107 770 6
1137 716 1232 770 τοῦ
1259 715 1396 770 Θεοῦ
1434 717 1650 786 μάρτυς
1677 719 1770 771 καὶ
1798 717 2102 780 ἐπίσκοπος
2133 719 2363 782 Blasio;
2396 723 2456 773 οὔ
2501 725 2664 791 μόνον
2693 726 2750 778 ὲν
2809 728 2872 797 τῇ
2945 727 3268 802 Σεϐαστείᾳ,
3331 733 3470 789 ἀλλὰ
3497 737 3589 791 καὶ
3659 739 3719 792 ἐν

439 814 507 883 τῇ
537 809 840 864 Νικοπόλει
863 824 878 840 ο
913 810 1354 880 πεπαιδευμένος
1388 810 1497 882 γὰρ
1521 806 1591 881 ἦν
1619 812 1648 864 6
1693 811 1906 882 μάρτυς
1927 813 2022 867 καὶ
2062 812 2159 884 τὴν
2193 813 2445 885 ἰατρικὴν
2479 815 2824 888 ἐπιστήμην.

508 906 582 960 A'.
619 905 779 958 Κατᾶ
807 903 864 957 δὲ
891 904 991 976 τὴν
1020 904 1137 958 ὁδὸν
1171 905 1475 976 ἐρχομένου
1497 905 1606 959 τοῦ·
1631 906 1789 974 ἁγίου
1818 906 2018 978 συνέϐη

2199 907 2289 962 ιν.
2327 907 2386 961 ιιι
2421 909 2620 966 itinere
2654 927 2785 967 vero
2821 913 3168 985 ingrediente
3219 931 3434 986 sancto,
3483 924 3718 996 contigit

438 999 705 1068 πενιχρᾶς
755 1015 902 1060 τινος
935 997 1201 1065 γυναικὸς
1252 999 1348 1052 ἕνα
1399 1000 1587 1069 χοῖρον
1636 1000 1871 1070 ἐχούσης
1923 999 2021 1054 καὶ

439 1090 610 1159 μηδὲν
673 1089 861 1160 ἕτερον
914 1090 1268 1160 κεκτημένης
1317 1091 1490 1162 αὐτῆς
1543 1092 1869 1162 ἀρπαγῆναι
1917 1092 2022 1146 ὕπο

436 1183 608 1238 λύκου
630 1199 646 1216 ο
682 1183 715 1254 ἡ
749 1182 806 1236 δὲ
850 1181 990 1252 γυνὴ
1039 1182 1204 1255 πιστὴ
1252 1179 1388 1238 οὖσα
1426 1184 1738 1256 προσῆλθεν
1768 1185 1846 1256 τῷ
1881 1186 2023 1257 ἁγίῳ

442 1277 684 1347 μάρτυρι
717 1277 862 1332 κατά
885 1276 980 1331 τοῦ
1023 1277 1210 1348 θηρός.
1257 1278 1318 1333 Ὀ
1361 1278 1420 1334 δὲ
1450 1279 1606 1348 ἅγιος
1652 1279 1747 1334 τοῦ
1781 1280 2022 1352 Χριστοῦ

436 1372 620 1440 ἱερεὺς
650 1373 744 1425 καὶ
785 1371 1000 1444 μάρτυς
1028 1372 1260 1437 Βλάσιος
1291 1374 1688 1445 ὑπομειδιάσας
1715 1375 1821 1446 ἔφη
1850 1375 2013 1448 αὐτῇο

2126 1007 2187 1055 ιιι
2237 1002 2527 1072 cujusdam
2582 1008 2934 1076 paupercula;
3004 1009 3290 1076 mulieris,
3355 1029 3480 1083 quae
3547 1031 3716 1070 unum

2127 1093 2367 1151 habebat
2415 1112 2643 1167 porcum
2697 1109 2754 1156 et
2811 1101 2950 1156 nihil
3000 1102 3173 1171 aliud,
3233 1120 3438 1174 porcus
3503 1123 3532 1161 a
3587 1109 3718 1178 lupo

2127 1199 2444 1257 raperetur.
2475 1190 2674 1247 Mulier
2706 1205 2916 1261 autem,
2949 1211 3071 1266 quae
3096 1207 3216 1252 erat
3248 1198 3448 1261 ﬁdelis,
3483 1201 3717 1256 accessit

2130 1281 2198 1336 ad
2230 1292 2483 1338 sanctum
2521 1295 2820 1357 martyrem
2863 1299 3058 1342 contra
3094 1287 3290 1344 feram.
3321 1292 3558 1347 Sanctus
3584 1309 3718 1348 vero

2119 1373 2322 1431 Christi
2398 1377 2658 1434 sacerdos
2713 1387 2771 1434 et
2842 1389 3051 1451 martyr
3109 1381 3330 1438 Blasius
3389 1383 3714 1453 subridens,

431 1463 518 1535 Μὴ
551 1465 746 1530 λυποῦ,
784 1465 970 1534 γύναι,
1005 1465 1142 1539 μηδι
1161 1468 1390 1537 δάκρυεο
1431 1469 1872 1526 ἀποκαθίσταται
1906 1471 2017 1542 γάρ

2124 1468 2259 1523 dixit
2289 1469 2340 1525 ei
2376 1487 2390 1524 :
2433 1470 2510 1525 Ne
2545 1473 2623 1526 sis
2656 1471 2851 1538 tristis,
2884 1487 2917 1527 o
2956 1472 3180 1540 mulier,
3216 1490 3318 1531 nec
3360 1475 3706 1548 lacrymeris.

434 1575 521 1612 σοι
546 1559 575 1611 6
617 1559 801 1630 χοῖρος
833 1559 944 1624 ζῶν
975 1562 1073 1617 καὶ
1102 1561 1372 1632 ἀϐλαϐής.
1413 1563 1518 1618 Καὶ
1559 1564 1760 1637 ἦρχετο
1799 1569 1828 1621 6
1860 1567 2018 1634 ἅγιος

2124 1558 2247 1615 Tibi
2282 1560 2432 1615 enim
2465 1559 2735 1616 reddetur
2775 1576 2976 1632 porcus
3011 1563 3170 1618 vivus
3203 1570 3260 1618 et
3303 1563 3530 1620 illmsus.
3575 1566 3717 1620 San-

429 1653 524 1704 ὲπὶ
552 1651 653 1721 τῆς
680 1652 801 1707 ὀδοῦ
821 1668 839 1686 ο
868 1653 1040 1708 αὑτοῦ
1069 1655 1127 1708 δὲ
1159 1655 1252 1708 ἐπὶ
1281 1655 1382 1727 τὴν
1409 1657 1723 1728 ὁδοιπορίαν
1755 1659 2020 1714 σπεύδον-

2124 1665 2250 1721 ctus
2299 1664 2482 1712 autem
2540 1656 2710 1726 cmpit
2774 1657 2882 1712 iter
2937 1657 3176 1727 ingredi.
3229 1658 3305 1713 Eo
3349 1674 3478 1714 vero
3528 1659 3716 1730 ingre-

429 1761 522 1807 τος
559 1745 588 1798 6
626 1744 792 1809 λύκος
823 1747 1040 1818 ἀϐλαϐῆ
1071 1749 1415 1818 διαφυλάξας
1443 1751 1534 1804 τὸν
1569 1754 1774 1824 χοῖρον,
1804 1755 2018 1809 ἀπέδω-

2127 1748 2338 1814 diente,
2400 1750 2596 1820 lupus,
2653 1750 2747 1820 qui
2789 1765 3020 1819 porcum
3071 1751 3301 1807 illzcsum
3345 1766 3710 1806 conservave-

433 1855 530 1890 κεν
574 1839 736 1893 αὐτὸν
785 1843 851 1911 τῇ
913 1842 1063 1913 χήρᾳ
1111 1843 1360 1910 γυναικί.
1411 1845 1765 1912 Είσελθόντος
1815 1847 1873 1902 δὲ
1923 1847 2019 1902 τοῦ

2126 1853 2232 1906 rat,
2262 1857 2387 1897 eum
2421 1842 2662 1898 reddidit
2696 1843 2894 1898 viduae.
2934 1843 3186 1914 Ingresso
3216 1853 3400 1898 autem
3433 1854 3622 1899 sancto
3653 1843 3710 1897 in

435 1931 593 1998 ἁγίου
629 1931 864 1986 Βλασίου
894 1935 954 1985 ὲν
977 1937 1044 2005 τῇ
1087 1936 1426 2007 μητροπόλει
1458 1939 1760 2011 Σεϐαστείᾳ
1792 1939 2018 1994 ἐκέλευ-

436 2041 532 2078 σεν
583 2026 612 2078 6
666 2025 895 2095 ἡγεμὼν
933 2027 1296 2098 Ἀγρικόλαος
1338 2029 1609 2102 βληθῆναι
1653 2032 1823 2086 αὑτὸν
1850 2036 1909 2088 ὲν
1949 2037 2016 2105 τῇ

430 2118 675 2189 φυλακῇ.
710 2121 825 2172 Καὶ
870 2122 938 2190 τῇ
984 2119 1112 2190 ἑξῆς
1156 2121 1390 2186 καθίσας
1426 2126 1520 2177 ἐπὶ
1558 2125 1654 2178 τοῦ
1697 2126 1943 2196 βήματος
1989 2130 2019 2182 6

428 2212 643 2283 ἄρχων,
692 2215 986 2268 ἐκέλευσεν
1033 2215 1268 2287 ἀχθῆναι
1297 2216 1392 2270 τὸν
1423 2217 1580 2286 ἅγιον
1611 2218 1864 2274 Βλάσιον.
1908 2217 2016 2274 Τοῦ

428 2307 486 2362 δὲ
520 2311 908 2380 παραστάντος
942 2309 1068 2366 ἰδὼν
1097 2313 1264 2367 αὐτὸν
1292 2313 1320 2365 6
1350 2312 1579 2384 ἡγεμὼν
1619 2313 1827 2384 ῆρξατο
1867 2314 2020 2386 πρῶ-

429 2419 522 2456 τον
555 2402 820 2466 θωπείαις
863 2405 1172 2476 κεχρῆσθαι
1217 2405 1356 2477 πρὸς
1385 2405 1572 2476 αὐτὸν,
1604 2405 1699 2460 καὶ
1730 2407 2018 2480 προτέρως

430 2494 592 2547 αὑτὸν
643 2493 952 2559 ἀσπάζεται
1000 2495 1178 2562 λέγων
1207 2509 1221 2525 ⁸
1258 2495 1522 2568 Χαίροις,
1575 2497 2016 2568 προσφιλέστατε

431 2586 652 2650 Βλάσιε,
681 2588 805 2658 φίλε
860 2587 971 2642 τῶν
1031 2588 1175 2643 θεῶν
1224 2587 1322 2642 καὶ
1356 2589 1618 2661 ἡμέτερε.
1664 2590 1724 2642 '0
1762 2589 1820 2644 δὲ
1861 2590 2017 2659 arto;

432 2681 666 2744 Βλάσιος
695 2680 845 2750 λέγει
875 2681 1047 2752 αὐτῷ·
1077 2683 1310 2753 Χαίροις
1337 2683 1432 2737 καὶ
1465 2685 1553 2749 σὺ,
1591 2683 1857 2755 κράτιστε
1887 2687 2018 2754 ηγε-

435 2771 576 2844 μώνο
605 2775 680 2846 μὴ
710 2774 839 2844 λέγε
867 2775 1067 2839 αὐτοὺς
1089 2776 1271 2844 θεοὺς,
1294 2775 1434 2831 άλλά
1453 2776 1709 2846 δαιμόνια
1731 2776 2016 2845 ἀκάθαρτα

429 2868 523 2920 καὶ
559 2869 796 2937 πονηρὰ,
833 2869 995 2924 ἅτινα
1021 2869 1104 2941 τῷ
1125 2871 1335 2941 αἰωνίῳ
1361 2869 1456 2924 καὶ
1497 2869 1845 2942 ἀτελευτήτῳ
1877 2870 2016 2940 πυρὶ

432 2961 913 3032 παραδοθήσονται
952 2965 1092 3032 μετὰ
1128 2963 1240 3018 τῶν
1268 2964 1581 3034 σεϐομένων
1609 2963 1773 3018 αὐτά.
1817 2962 2016 3032 Θυμω-

430 3053 548 3116 Oet;
599 3053 658 3107 δὲ
700 3056 730 3108 6
779 3053 1006 3125 ἡγεμὼν
1058 3056 1151 3110 ἀπὶ
1203 3057 1418 3122 τούτοις
1470 3055 1730 3111 ἐκέλευσε
1796 3056 2017 3126 βάκλοις

431 3146 650 3217 ἀγρίοις
680 3147 985 3203 τύπτεσθαι
1034 3149 1224 3204 αὐτόν.
1283 3149 1408 3203 Ἐπὶ
1457 3149 1683 3210 πολλαῖς
1731 3149 1789 3202 δὲ
1840 3148 2017 3220 ὥραις

429 3205 776 3310 τυπτόμενος
805 3243 832 3294 6
877 3241 975 3295 τοῦ
1032 3242 1271 3314 Χριστοῦ
1321 3244 1536 3314 μάρτυς
1583 3205 1819 3307 Βλάσιος
1865 3205 2089 3312 λ’έγειρ

430 3328 571 3398 πρὸς
600 3329 692 3382 τὸν
725 3331 992 3402 ἡγεμόνα·
1028 3333 1356 3403 ’Δναίσθητε
1389 3334 1482 3388 καὶ
1511 3332 1703 3406 ψυχῶν
1737 3331 2017 3399 ἀπατεὼν,

428 3423 668 3494 ἀριστᾷν
715 3441 782 3494 με
831 3426 1076 3497 νομίζεις
1123 3427 1213 3482 διὰ
1245 3429 1356 3482 τῶν
1399 3427 1651 3498 βασάνων
1683 3444 1780 3481 σου
1822 3433 1886 3480 εκ
1917 3428 2020 3497 τῆς

2125 1936 2477 2007 metrOpolim
2530 1936 2875 2000 Sebasteam,
2915 1937 3083 2008 jussit
3135 1953 3339 2009 praeses
3386 1937 3714 2009 Agricol-aus

2123 2045 2252 2086 eum
2282 2029 2483 2098 conjici
2519 2028 2573 2084 in
2605 2030 2938 2086 custodiam.
2979 2029 3075 2085 Die
3133 2046 3266 2086 vero
3322 2031 3576 2100 sequenti
3627 2046 3713 2085 se-

2125 2123 2266 2180 dens
2313 2138 2519 2194 praeses
2566 2122 2622 2178 in
2674 2123 2960 2188 tribunali,
2995 2123 3164 2196 jussit
3214 2123 3414 2178 adduci
3459 2133 3708 2179 sanctqu

2125 2215 2388 2274 Blasium.
2418 2217 2556 2273 Cum
2611 2217 2659 2273 is
2709 2227 2896 2273 autem
2954 2217 3266 2283 astitisset,
3309 2217 3510 2273 videns
3581 2234 3708 2272 eum

2123 2324 2348 2381 praeses,
2381 2311 2551 2381 coepit
2576 2311 2820 2381 primum
2865 2325 2992 2368 cum
3023 2327 3090 2367 eo
3119 2325 3280 2381 agere
3313 2309 3619 2376 blanditiis,
3655 2319 3710 2366 et

2124 2403 2281 2474 prius
2332 2418 2460 2459 eum
2514 2405 2738 2469 salutat,
2794 2405 2989 2461 dicens
3052 2422 3065 2459 :
3133 2402 3320 2467 Salve,
3385 2401 3710 2458 charissime

2124 2495 2294 2562 Blasi,
2348 2496 2580 2553 deorum
2632 2501 2810 2554 amice
2861 2507 2918 2554 et
2969 2505 3179 2554 noster.
3229 2497 3469 2553 Sanctus
3523 2505 3707 2552 autem

2126 2591 2341 2646 Blasius
2371 2591 2507 2646 dicit
2540 2593 2591 2648 ei
2633 2611 2644 2646 :
2682 2591 2845 2648 Salve
2879 2598 2935 2647 tu
2973 2606 3218 2662 quoque,
3244 2604 3450 2660 przeses
3476 2589 3706 2660 optime.

2123 2683 2203 2739 Ne
2237 2698 2334 2738 eos
2365 2699 2496 2739 vero
2541 2684 2695 2740 dicas
2741 2685 2897 2749 deos,
2941 2684 3036 2740 sed
3070 2684 3343 2740 daemonia
3373 2701 3387 2738 :
3420 2698 3542 2754 quae
3580 2682 3710 2752 qui-

2125 2773 2251 2828 dem
2284 2773 2576 2829 tradentur
2607 2773 2718 2845 igni
2746 2782 2956 2829 aeterno
2991 2789 3118 2829 cum
3154 2774 3243 2835 iis,
3278 2772 3374 2843 qui
3405 2787 3469 2828 ea
3496 2773 3708 2849 colunt.

2127 2869 2222 2925 His
2272 2885 2477 2940 praeses
2535 2871 2618 2925 ira
2675 2867 2941 2939 percitus,
2995 2869 3161 2940 jussit
3215 2883 3344 2922 eum
3395 2869 3708 2938 agrestibus

2126 2962 2340 3019 baculis
2369 2961 2674 3017 verberari.
2717 2959 2906 3017 Multis
2941 2969 3126 3015 autem
3180 2959 3334 3014 horis
3377 2960 3707 3016 verberatus

2126 3061 2336 3125 martyr
2395 3053 2602 3109 Christi
2650 3051 2898 3122 gBlasius,
2949 3051 3087 3108 dicit
3143 3050 3363 3120 przesidi
3397 3069 3411 3107 :
3445 3049 3490 3106 Ο
3553 3051 3706 3106 nullo

2128 3163 2296 3204 sensu
2338 3147 2570 3217 praedite
2625 3152 2682 3202 et
2723 3145 2991 3215 deceptor
3031 3145 3368 3208 animarum,
3405 3151 3567 3214 putas
3616 3159 3706 3198 me

2123 3256 2223 3312 per
2257 3249 2349 3296 tua
2382 3249 2655 3296 tormenta
2691 3239 2968 3295 abducere
2995 3254 3024 3293 a
3047 3237 3145 3294 Dei
3176 3237 3282 3293 mei
3317 3238 3728 3294 confessione?-

2125 3333 2235 3389 Sed
2277 3348 2383 3388 uon
2415 3343 2593 3404 potes.
2631 3331 2823 3388 Habeo
2853 3331 3003 3387 enim
3047 3330 3233 3388 Iesum
3265 3330 3571 3398 Christum,
3609 3331 3705 3403 qui

2125 3443 2212 3484 me
2249 3425 2596 3484 corroborat.
2631 3426 2708 3483 De
2754 3435 2957 3482 caetero
2990 3424 3078 3481 iac
3113 3424 3263 3495 quod
3296 3425 3561 3481 volueris.

428 3518 525 3570 τοῦ
565 3517 702 3572 Θεοῦ
739 3536 843 3589 μου
877 3520 1358 3592 όμολογίας.⁹Λλλ’
1387 3523 1449 3576 οὐ
1477 3522 1740 3578 δύνασαιο
1775 3521 1883 3592 ἔχω
1910 3521 2019 3593 γὰρ
2058 3521 2152 3576 τὸν
2197 3520 2606 3594 ὲνδυναμοῦντά
2645 3538 2713 3593 με
2767 3519 2979 3592 Ἰησοῦν
3013 3520 3276 3591 Χριστόν.
3361 3519 3437 3574 Τὸ
3519 3518 3710 3575 λοιπδν

430 3612 574 3666 ποίει
607 3613 636 3667 6
667 3613 868 3671 βούλει.

505 3706 578 3762 Ε’.
598 3706 686 3772 Ὦς
717 3707 773 3761 δὲ
806 3709 907 3763 οὐκ
945 3709 1166 3782 ἴσχυσεν
1192 3715 1219 3766 6
1257 3713 1620 3778 ἀσεϐέστατος
1654 3716 1882 3786 ἡγεμὼν
1918 3734 2012 3787 με·

429 3802 700 3872 ταστῆσαι
741 3803 904 3857 αὑτὸν
935 3803 1043 3858 ἀπὸ
1078 3805 1174 3876 τῆς
1199 3807 1260 3859 ὲν
1290 3805 1512 3878 Χριστῷ
1549 3808 1811 3876 πίστεως,
1847 3809 2014 3865 πάλιν

431 3896 728 3949 ἐκέλευσεν
764 3897 1148 3968 ,ἀπενεχθῆναι
1196 3900 1356 3955 αὑτὸν
1402 3903 1460 3957 ὲν
1499 3901 1576 3973 τῷ
1623 3904 2012 3975 δεσμωτηρίῳ.

433 3990 704 4044 Μαθοῦσα
733 3991 790 4044 δὲ
839 3993 872 4062 ή
909 3992 1140 4064 εὐσεϐὴς
1195 3992 1371 4066 γραῦς
1405 3995 1498 4048 καὶ
1545 3996 1692 4068 χήρα
1721 3997 1862 4067 γυνὴ
1916 3996 2014 4068 τὴν

434 4082 738 4154 καρτερίαν
781 4086 875 4138 καὶ
929 4085 1212 4157 ὑπομονὴν
1263 4086 1357 4141 τοῦ
1397 4086 1556 4156 ἁγίου
1612 4088 2016 4163 ίερομάρτυρος

431 4177 669 4230 Βλασίου
700 4177 794 4231 καὶ
829 4177 932 4249 τὴν
963 4178 1211 4250 ὲμμονὴν
1245 4181 1350 4250 τῆς
1383 4180 1622 4245 πίστεως
1654 4180 1848 4249 αὐτοῦ,
1882 4181 2020 4251 σφά-

2193 3711 2258 3766 ν.
2297 3709 2434 3766 Cum
2463 3716 2646 3762 autem
2675 3721 2784 3761 non
2816 3703 3086 3776 potuisset
3117 3704 3320 3776 impius
3351 3719 3554 3775 praeses
3577 3719 3703 3760 eum

2121 3821 2151 3858 a
2186 3803 2290 3858 fide
2323 3802 2623 3866 abducere,
2657 3801 2822 3872 jussit
2850 3816 2977 3857 eum
3015 3818 3210 3858 rursus
3244 3803 3372 3858 duci
3429 3802 3484 3858 in
3517 3817 3706 3859 carce-

2123 3911 2261 3951 rem.
2292 3894 2429 3951 Cum
2457 3909 2589 3949 vero
2615 3893 2922 3963 accepisset
2949 3895 3040 3964 pia
3073 3910 3212 3949 anus
3241 3904 3295 3949 et
3331 3895 3494 3948 vidua
3525 3894 3704 3950 sancti

2122 3987 2382 4060 martyris
2428 3985 2593 4042 Blasii
2629 3985 3002 4051 tolerantiam,
3028 3995 3085 4042 et
3119 3987 3240 4058 ejus
3268 3985 3393 4041 ﬁdei
3443 3993 3704 4041 constan-

2126 4083 2277 4148 tiam,
2316 4097 2442 4138 cum
2477 4079 2770 4136 occidisset
2825 4094 3077 4149 porcum,
3111 4093 3277 4150 quem
3325 4094 3354 4134 a
3384 4079 3510 4134 :fera
3547 4093 3705 4133 acce-

2125 4182 2286 4248 perat
2331 4174 2488 4244 jussu
2517 4170 2694 4228 sancti
2745 4172 3025 4243 martyris.
3067 4181 3124 4228 et
3155 4172 3394 4228 coxisset
3441 4180 3608 4243 caput
3646 4180 3704 4228 et

435 4269 572 4334 ξασα
600 4271 693 4324 τὸν
721 4273 904 4342 χοῖρον
931 4270 990 4324 6v
1025 4271 1270 4327 ἀπέλαϐε
1299 4275 1451 4344 παρὰ
1482 4273 1579 4328 τοῦ
1607 4273 1778 4346 θηρὸς
1805 4274 1895 4330 διὰ
1917 4275 2019 4346 τῆς

2125 4268 2314 4340 pedes,
2340 4276 2395 4322 et
2423 4267 2477 4321 in
2511 4265 2813 4322 canistrum
2841 4265 3153 4336 jecissetex
3179 4264 3489 4321 seminibus
3517 4274 3701 4329 terrae,

430 4363 529 4417 τοῦ
588 4364 748 4432 ἁγίου
803 4366 1085 4437 μάρτυρος
1141 4365 1434 4437 ἐπιταγῆς,
1485 4368 1580 4423 καὶ
1633 4367 1886 4440 ἑψήσασα
1921 4368 2020 4442 τὴν

2127 4372 2183 4417 ct
2218 4361 2500 4431 aliquibus
2525 4357 2647 4414 aliis
2681 4374 2747 4414 ex
2773 4372 2873 4413 sua
2907 4366 3227 4429 paupertate
3254 4372 3378 4412 cum
3401 4355 3698 4422 fructibus,

435 4459 678 4530 κεφαλὴν
711 4459 803 4514 καὶ
840 4461 966 4524 τοὺς
1004 4459 1196 4526 πόδας,
1238 4462 1336 4515 καὶ
1378 4460 1620 4532 βαλοῦσα
1653 4463 1714 4516 ἒν
1743 4464 2016 4533 κανισκίῳ

2125 4469 2428 4525 cereosque
2489 4453 2852 4519 accendisset,
2885 4451 3068 4508 attulit
3101 4451 3168 4507 ad
3199 4462 3447 4508 sanctum
3497 4461 3703 4526 marty-

432 4554 499 4606 ὲκ
538 4551 647 4607 τῶν
695 4553 1034 4625 σπερμάτων
1080 4558 1180 4622 τῆς
1211 4555 1318 4626 γῆς
1363 4554 1459 4609 καὶ
1503 4555 1708 4627 ἐτέρων
1754 4557 1920 4612 τινῶν
1950 4559 2015 4612 ὲκ

2125 4566 2240 4605 rem
2274 4549 2329 4604 in
2370 4547 2702 4614 custodiam,
2755 4556 2810 4604 et
2850 4546 3087 4617 procidit
3134 4545 3201 4602 ad
3228 4547 3350 4617 ejus
3389 4545 3578 4617 pedes,
3609 4562 3702 4602 ro-

430 4647 530 4714 τῆς
582 4646 773 4712 πενίας
827 4647 1002 4719 αὐτῆς
1036 4647 1176 4719 μετά
1223 4649 1320 4704 καὶ
1373 4648 1618 4721 ὀπώρας,
1677 4650 1887 4722 κηρούς
1950 4669 2010 4706 τε

2124 4659 2254 4716 gans
2283 4653 2344 4700 ut
2365 4659 2433 4700 ex
2469 4642 2553 4698 eis
2580 4648 2845 4698 sumeret.
2880 4640 3017 4697 Cum
3055 4642 3259 4711 gratias
3288 4641 3477 4697 autem
3501 4641 3705 4714 egisset

433 4741 620 4809 ἅψασα
675 4743 1023 4812 προσήνεγκε
1069 4742 1149 4814 τῷ
1198 4743 1340 4815 ἁγίῳ
1385 4743 1627 4816 μάρτυρι
1679 4747 1738 4800 ὲν
1783 4748 1852 4817 τῇ
1906 4765 2009 4818 (pu-

2124 4749 2370 4803 s'mctus.
2399 4748 2454 4794 et
2485 4753 2552 4792 ex
2589 4737 2672 4792 eis
2701 4726 3049 4806 sumpsisset,
3109 4744 3163 4791 et
3212 4735 3522 4802 benedixit,
3557 4746 3612 4790 et
3649 4735 3703 4790 ei

429 4832 597 4904 λακῇ,
629 4835 722 4886 καὶ
757 4836 1103 4902 προσέπεσεν
1129 4835 1280 4905 αὐτῷ
1303 4834 1538 4904 δεομένη
1571 4836 1662 4890 καὶ
1694 4836 2013 4892 ἱκετεύουσα

2126 4833 2430 4899 mandavit,
2474 4833 2709 4888 dicens:
2745 4831 2969 4898 Mulier,
3010 4830 3066 4885 in
3103 4829 3207 4884 hoc
3260 4829 3448 4883 habitu
3498 4841 3702 4897 perage

438 4926 771 4995 μεταλαϐεῖν
812 4927 870 4994 ἐξ
897 4926 1100 4981 αὐτῶν.
1133 4927 1556 4999 Εὑχαριστησας
1588 4928 1646 4982 δὲ
1677 4932 1704 4983 6
1734 4929 1890 4997 ἀγιος
1919 4929 2016 4985 τοῦ

2129 4929 2236 4983 mei
2268 4924 2880 4988 commemorationem,
2936 4931 2990 4978 et
3025 4922 3080 4978 in
3112 4923 3278 4978 domo
3311 4928 3402 4975 tua
3445 4936 3555 4975 non
3602 4919 3703 4975 de-

432 5018 672 5089 Χριστοῦ
734 5021 1071 5090 ίερομάρτυς
1113 5019 1347 5084 Βλάσιος
1407 5021 1502 5074 καὶ
1567 5021 1894 5092 μεταλαϐὼν
1956 5022 2017 5090 ἐξ

2128 5021 2277 5077 ﬁciet
2306 5034 2472 5074 omne
2522 5017 2729 5074 bonum
2763 5034 2792 5072 ιι
2826 5017 2938 5071 Deo
2975 5029 3119 5070 meo.
3161 5012 3269 5069 Sed
3308 5023 3364 5068 et
3399 5012 3444 5068 si
3480 5011 3608 5082 quis
3653 5019 3706 5068 te

432 5110 615 5162 αὐτῶν
642 5109 942 5180 εὐλόγησεν
983 5110 1168 5180 αὐτὴν
1215 5112 1309 5165 καὶ
1362 5110 1462 5166 εἷθ’
1501 5111 1677 5178 οὕτως
1711 5114 2018 5170 ἐνετείλατο

433 5205 572 5273 αὐτῇ
600 5203 806 5270 λέγων·
838 5203 1027 5269 Γύναι,
1057 5203 1234 5275 τούτῳ
1265 5203 1344 5276 τῷ
1375 5206 1616 5277 σχήματι
1644 5208 1887 5262 ἐπιτέλει
1919 5208 2018 5281 τὴν

440 5297 662 5366 μνήμην
705 5315 832 5367 μου,
864 5298 960 5352 καὶ
987 5298 1046 5351 οὐ
1099 5299 1173 5370 μὴ
1211 5299 1441 5374 ὲκλείψῃ
1489 5302 1552 5356 ἐκ
1597 5302 1692 5357 τοῦ
1739 5305 1888 5360 οίκου
1919 5322 2013 5358 σου

438 5389 771 5461 ἀγαθωσύνη
805 5393 958 5447 πᾶσα
990 5393 1144 5464 παρά
1177 5393 1275 5447 τοῦ
1320 5394 1456 5447 Θεοῦ
1506 5413 1633 5466 μου,
1673 5395 1810 5450 ἀλλὰ
1843 5397 1940 5451 καὶ
1971 5397 2028 5451 εἴ

434 5497 520 5543 τις
561 5480 905 5552 μιμούμενός
953 5502 1011 5537 σε
1063 5485 1243 5557 τούτῳ
1273 5487 1351 5558 τῷ
1398 5487 1586 5559 τρόπῳ
1640 5489 1888 5543 ἐπιτελεῖ
1919 5487 2021 5561 τὴν

439 5573 666 5644 μνήμην
701 5591 826 5645 μου,
862 5575 1224 5632 ἀνέκλειπτον
1251 5579 1362 5646 ἔξει
1405 5579 1506 5653 τὴν
1540 5583 1692 5655 παρά
1741 5577 1836 5637 τοῦ
1881 5583 2019 5638 Θεοῦ

439 5679 542 5731 μοι)
575 5665 788 5735 δωρεάν
830 5665 928 5720 καὶ
971 5669 1227 5738 εὐλογίαν
1262 5671 1443 5735 πάσας
1497 5673 1596 5735 τάς
1650 5673 1869 5745 ἡμέρας
1919 5675 2021 5744 τῆς

437 5755 581 5825 ξωῆς
624 5757 812 5812 αὖτοῦο
867 5759 976 5814 Καὶ
1012 5764 1042 5832 ἠ
1080 5764 1179 5834 μὲν
1227 5763 1386 5834 τιμία
1421 5766 1513 5820 καὶ
1560 5765 1807 5840 μακαρία
1843 5769 2020 5837 γραῦς

511 5875 526 5906 ¹
571 5874 768 5935 Matth.
798 5895 943 5945 χχιι,
978 5881 1040 5936 13

2128 5113 2233 5169 hoc
2267 5110 2432 5166 modo
2464 5109 2708 5172 imitans,
2758 5107 2866 5163 mei
2910 5103 3185 5177 peregerit
3222 5101 3708 5158 commemoratio-

2129 5223 2279 5272 nem,
2332 5203 2558 5261 habebit
2613 5219 2644 5260 a
2692 5203 2806 5258 Deo
2857 5216 2980 5257 meo
3011 5207 3341 5270 perpetuum
3393 5197 3612 5251 donum
3649 5205 3706 5250 et

2124 5297 2576 5354 benedictionem
2601 5295 2862 5351 omnibus
2891 5291 3088 5347 diebus
3114 5291 3242 5345 vitae
3274 5305 3406 5344 suae.
3445 5287 3513 5342 Et
3537 5301 3708 5341 vene-

2121 5393 2294 5448 randa
2333 5391 2558 5462 quidem
2587 5389 2678 5443 illa
2709 5397 2765 5442 et
2792 5387 2951 5441 beata
3002 5399 3160 5448 anus,
3191 5390 3418 5452 accepto
3447 5380 3704 5435 mandato

2123 5500 2153 5541 a
2183 5493 2374 5542 sancto
2399 5492 2642 5554 martyre
2678 5480 2878 5542 Blasio,
2916 5477 3087 5532 Deum
3121 5475 3372 5538 laudans,
3413 5474 3551 5529 abiit
3583 5475 3705 5530 lteta

2127 5582 2181 5635 in
2231 5580 2458 5634 domum
2508 5593 2686 5640 suam,
2745 5583 2800 5630 et
2863 5572 3087 5643 impleta
3138 5571 3239 5625 fuit
3292 5570 3344 5626 in
3391 5569 3495 5625 hac
3543 5569 3703 5624 beata

2124 5673 2294 5727 vidua
2325 5670 2633 5740 Scriptura,
2655 5685 2776 5740 qua:
2797 5665 2970 5721 dicit:
2998 5683 3015 5717 ι
3045 5663 3272 5720 Dicetur
3301 5663 3528 5736 ubique,
3555 5659 3702 5734 quod

2123 5766 2254 5824 fecit
2291 5767 2428 5840 ipsa,
2465 5765 2528 5821 ad
2561 5766 2679 5839 ejus
2725 5761 3047 5820 memoriam
3090 5763 3162 5814 ’.ι
