4128 6384
403 266 508 327 εὲἹ

1564 271 1950 331 ADDIZNDA.
1981 298 2045 308 -
2087 273 2478 337 FEBRUAHI
2495 282 2606 340 US.

3563 277 3666 340 82$

403 379 413 406 ·’
436 382 592 450 κείνη
624 380 866 433 λαϐοῦσα
915 380 1010 450 τὴν
1050 383 1274 451 ἐντολὴν
1314 384 1462 453 παρὰ
1498 385 1587 437 τοῦ
1630 385 1788 454 ἁγίου
1869 387 2269 458 ίερομάρτυρος
2336 391 2568 448 Βλασίου
2611 394 2916 460 δοξάζουσα
2972 393 3064 447 τὶν
3133 394 3267 446 Θεὸν
3315 393 3483 464 ἀπῄει
3553 397 3674 464 χαί-

407 489 576 543 ρουσα
618 474 711 526 ἐπὶ
756 473 848 526 τὸν
880 469 1032 527 οἷκον
1062 477 1253 540 αὐτῆς,
1291 480 1384 530 καὶ
1429 479 1728 550 ἐπληρώθη
1779 479 1872 532 καὶ
1901 481 1977 533 ὶέν
2019 480 2195 552 ταύτῃ
2225 487 2292 555 τῇ
2320 489 2486 557 πιστῇ
2520 489 2668 559 χήρα
2700 489 2732 559 ἡ
2767 488 2959 560 Γραφη
2991 490 3024 560 ή
3051 487 3288 556 λέγουσα
3349 487 3432 542 ὅτι
3505 506 3524 538 ι
3561 488 3676 540 Az-

403 564 702 635 ληθήσεται
744 569 1023 639 πανταχοῦ
1053 570 1080 622 ὃ
1108 571 1366 641 ἐποίησεν
1401 571 1542 642 αῦτη
1578 575 1655 636 είς
1694 572 2046 643 μνημόσυνον
2085 575 2276 644 αὐτῆς.
2317 597 2335 631 ι

471 660 560 716 Vl.
599 660 893 732 Tyrannus
937 673 1121 718 autem
1183 680 1308 720 cum
1357 667 1606 722 secundo
1658 682 2015 737 progressus,

2161 671 2252 738 ς’.
2301 672 2360 726 Ὁ
2402 674 2458 728 δὲ
2485 673 2750 746 τύραννος
2803 676 2860 728 ἐν
2907 674 3144 745 δευτέρᾳ⁵
3178 674 3392 745 προόδῳ
3437 672 3676 738 καθίσας

405 753 642 809 sedisset
673 753 729 808 in
767 754 1057 822 tribunali,
1097 757 1260 828 jussit
1291 758 1492 814 adduci
1527 759 1622 814 Dei
1663 767 1986 831 martyem.

408 847 528 914 Quo
550 846 815 914 adducto,
848 849 982 904 dicit
1004 850 1054 904 ei
1084 865 1289 921 praeses
1321 870 1336 906 :
1372 851 1538 916 Blasi,
1592 851 1776 908 diisne
1818 850 1991 906 sacri-

412 941 565 1005 ﬁcas,
601 959 668 996 an
703 943 785 998 vis
819 945 959 999 male
991 947 1216 1015 perire?
1261 946 1407 1002 Dixit
1450 957 1676 1003 sanctus
1727 946 1940 1001 Blasius
1974 962 1988 999 :

411 1035 520 1100 Dii,
553 1037 650 1106 qui
697 1038 900 1091 caalum
932 1047 990 1094 et
1027 1049 1230 1094 terram
1269 1057 1378 1094 non
1416 1042 1692 1104 fecerunt,
1739 1048 1992 1110 pereant.

412 1130 586 1196 Quam
614 1139 669 1185 tu
696 1142 878 1187 autem
912 1134 1045 1188 mihi
1083 1134 1310 1189 minaris
1342 1144 1599 1198 mortem,
1641 1149 1704 1189 ea
1755 1134 1888 1187 mihi
1916 1133 1996 1185 vi-

416 1228 524 1272 tam
556 1229 816 1276 mternam
850 1223 1192 1279 conciliabit.
1219 1225 1430 1280 Praeses
1455 1241 1586 1280 vero
1612 1241 1738 1279 cum
1767 1223 1996 1278 vidisset

411 1313 530 1380 ejus
565 1314 724 1369 {idem
758 1315 1182 1382 immutabilem,
1208 1319 1370 1389 jussit
1403 1335 1530 1372 eum
1581 1319 1635 1372 in
1681 1319 1829 1388 ligno
1873 1333 1997 1373 sns-

413 1423 645 1475 pensum
681 1410 814 1465 credi
863 1411 1243 1468 vehementer.
1287 1412 1423 1468 Cum
1473 1413 1566 1466 diu
1603 1422 1786 1468 autem
1822 1411 1999 1468 caade—

417 1509 571 1554 retur
601 1513 808 1573 martyr
859 1504 955 1558 Dei
1005 1503 1239 1569 Blasius,
1283 1505 1421 1559 dicit
1452 1505 1580 1560 duci
1614 1523 1627 1559 :
1660 1507 1703 1561 0
1743 1505 1911 1574 impie
1942 1515 2000 1561 et

420 1591 633 1662 inique,
667 1603 904 1663 putasne
941 1612 1027 1651 me
1077 1608 1284 1652 terrere
1317 1598 1535 1670 plagis?
1581 1597 1769 1654 Habeo
1809 1599 1996 1654 Jesum

415 1687 717 1751 Christum,
760 1689 856 1760 qui
908 1705 997 1746 me
1047 1690 1392 1755 corroborat,
1425 1700 1482 1746 et
1527 1707 1635 1746 non
1670 1692 1841 1748 timco
1885 1707 1998 1756 tua,

423 1797 545 1850 qua:
577 1782 860 1849 videntur,
898 1794 1192 1850 tormenta,
1227 1785 1503 1857 aspiciens
1552 1786 1618 1841 ad
1659 1786 1824 1851 bona,
1881 1802 2002 1856 qua:

421 1884 985 1948 exspectantur,qu:e
1041 1887 1170 1933 sunt
1220 1879 1492 1948 promissa
1547 1880 1636 1945 iis,
1685 1881 1778 1950 qui
1824 1879 2002 1949 ipsum

2091 762 2186 816 ἐπὶ
2218 761 2330 830 ,τοῦ
2387 766 2637 837 βήματος
2679 767 2972 820 ἐκέλευσεν
3003 767 3240 837 ἀχθῆναι
3279 768 3373 821 τὸν
3405 762 3502 821 τοῦ
3531 765 3672 820 Θεοῦ

2095 857 2377 928 μάρτυρα.
2421 859 2708 930 ’Δχθέντος
2725 861 2780 913 δὲ
2804 860 2972 914 αὐτοῦ
3004 860 3153 927 λέγει
3185 860 3337 930 αύτῷ
3364 862 3392 913 ὁ
3422 859 3670 932 ήγεμὼνο

2092 952 2316 1016 Βλάσιε,
2377 953 2529 1017 θύεις
2586 955 2700 1017 τοῖς
2736 953 2880 1015 θεοῖς
2939 955 2972 1024 ἢ
3017 953 3196 1017 θέλεις
3225 941 3442 1016 ’κακῶς
3477 953 3676 1006 ἀπολέ-

2095 1045 2259 1112 σθαι;
2309 1046 2368 1099 Ὀ
2405 1045 2564 1114 ἅγιος
2597 1046 2828 1110 Βλάσιος
2845 1043 3001 1100 εἶπεν
3023 1063 3039 1077 ο
3084 1047 3207 1101 Θεο“ι
3239 1047 3289 1099 οῖ
3319 1047 3412 1099 τὸν
3439 1045 3674 1113 οὐρανὸν

2095 1139 2190 1192 καὶ
2213 1139 2312 1209 τὴν
2335 1141 2452 1209 Ῐγῆν
2482 1141 2583 1194 οὐκ
2614 1141 2884 1210 ἐποίησαν
2929 1139 3454 1195 ἀπολέσθωταν.“ον
3491 1137 3549 1190 δὲ
3585 1137 3676 1202 σὺ,

2095 1230 2350 1302 τύραννε,
2384 1232 2633 1297 ἀπειλεῖς
2681 1251 2768 1302 μοι
2807 1233 3059 1298 θάνατον,
3110 1231 3257 1300 ζωῆς
3281 1231 3507 1284 αίωνίου
3543 1229 3680 1298 πρό-

2099 1323 2250 1390 ξενός
2295 1341 2386 1392 μοι
2413 1326 2728 1394 γενήσεται.
2771 1324 2830 1378 Ὀ
2858 1325 2916 1378 δὲ
2986 1322 3218 1394 ἡγεμὼν
3247 1323 3589 1392 θεασάμενος
3617 1322 3682 1373 τὸ

2099 1415 2440 1486 ἀμετάθετον
2469 1416 2636 1472 αὐτοῦ
2677 1417 2778 1488 τῆς
2808 1417 3045 1480 πίστεως
3074 1415 3362 1469 ἐκέλευσεν
3387 1413 3551 1468 αὑτὸν
3586 1413 3680 1466 ἐπὶ

2099 1509 2192 1566 τοῦ
2231 1507 2391 1575 ξύλου
2431 1511 2815 1578 ἀναρτηθέντα
2861 1509 3081 1576 ξέεσθαι
3117 1509 3375 1572 εὐτόνως.
3408 1507 3679 1577 Ξεόμενος

2101 1604 2158 1657 δέ
2185 1607 2213 1658 ό
2239 1605 2335 1658 τοῦ
2366 1604 2502 1658 Θεοῦ
2534 1605 2750 1674 μάρτυς
2795 1605 3028 1669 Βλάσιος
3065 1603 3160 1657 ἐπὶ
3210 1602 3375 1665 πολὺ,
3407 1601 3558 1670 λέγει
3603 1600 3682 1670 τῷ

2103 1698 2359 1768 ἡγεμόνιο
2385 1693 2457 1750 Ὦ
2481 1699 2814 1752 ἀσεϐέστατε
2853 1699 2948 1752 καὶ
2978 1697 3294 1768 παράνομε.
3329 1693 3574 1761 νομίζεις
3613 1709 3680 1762 με

2105 1792 2344 1860 πληγαῖς
2368 1779 2740 1857 καταπτοεῖνς
2772 1791 2924 1860 Ἐχω
2959 1789 3172 1859 Ἰησοῦν
3198 1787 3436 1860 Χριστὸν
3464 1787 3685 1840 ἐνδυνα-

2109 1881 2316 1952 μοῦντά
2350 1899 2440 1952 με,
2488 1882 2582 1936 καὶ
2625 1881 2688 1934 οὐ
2741 1879 3021 1950 φοϐοῦμαι
3071 1897 3169 1933 σου
3197 1880 3300 1940 τάς
3344 1876 3687 1947 βλεπομένας

423 1978 700 2034 quaerunt.
736 1969 890 2026 Tunc
908 1971 1074 2042 jussit
1098 1988 1300 2042 presses
1327 1988 1454 2029 eum
1483 1972 1552 2027 de
1580 1972 1731 2041 ligno
1775 1972 1998 2040 deponi.

2121 1975 2404 2039 Βασάνους,
2437 1974 2769 2028 ἀποϐλέπων
2801 1975 2881 2036 είς
2928 1975 2996 2026 τά
3024 1970 3458 2044 προσδοκώμενα
3503 1967 3687 2037 ἀγαθά

421 2060 558 2115 Cum
607 2062 802 2120 fuisset
861 2075 1044 2119 autem
1081 2065 1386 2135 depositus,
1415 2065 1577 2136 jussit
1626 2081 1752 2120 eum
1809 2079 2000 2120 rursus

423 2151 623 2222 ευριπ]Ῐοί
668 2153 721 2207 in
758 2156 1092 2212 custodiam.
1132 2157 1272 2211 Cum
1330 2173 1462 2211 vero
1522 2156 1896 2212 abduceretur
1945 2154 2000 2209 in

426 2245 736 2300 custodiam
790 2257 1016 2305 sanetus
1068 2260 1277 2322 martyr
1322 2249 1555 2315 Blasius,
1611 2264 1740 2304 cccc
1793 2256 2001 2316 septem

430 2335 692 2392 mulieres
717 2338 819 2406 pia:
849 2348 904 2395 et
933 2342 1191 2396 timentes
1221 2342 1415 2406 Deum,
1451 2357 1578 2396 eum
1603 2339 2000 2410 sequebantur,

426 2431 764 2500 excipientes
803 2434 1154 2505 sanguinem,
1190 2437 1283 2506 qui
1326 2451 1393 2490 ex
1438 2437 1558 2506 ipso
1587 2433 1912 2498 distillabat,
1949 2442 2005 2489 et

429 2523 639 2593 seipsas
685 2539 976 2594 tingentes.
1019 2527 1167 2594 Quas
1196 2543 1322 2583 cum
1376 2527 1650 2583 vidissent
1697 2526 1925 2582 lictores
1950 2534 2007 2580 et

430 2617 953 2686 apprehendisscnt,
1007 2619 1288 2675 duxerunt
1339 2619 1405 2674 ad
1457 2619 1775 2689 praesidem,
1826 2619 1876 2673 ei
1923 2619 2007 2673 di-

431 2719 621 2766 centes
665 2729 678 2767 :
725 2711 818 2768 lle
869 2729 1092 2784 quoque
1155 2722 1285 2769 sunt
1332 2714 1678 2770 Christianae.
1731 2713 1866 2770 Cum
1914 2729 2009 2769 eas

433 2814 618 2860 autem
667 2820 873 2875 pra-ses
906 2806 1157 2870 vidisset,
1207 2806 1342 2862 dicit
1369 2807 1452 2862 cis
1485 2825 1498 2862 :
1532 2807 2008 2873 Persuadeamini,

435 2908 491 2952 ct
525 2898 630 2955 diis
659 2900 991 2968 sacriﬁcate,
1027 2910 1088 2956 ut
1126 2916 1356 2973 magnos
1386 2902 1625 2958 honores
1645 2916 1673 2955 a
1703 2917 1789 2956 me
1818 2915 2013 2956 conse-

436 2993 706 3061 quamini.
741 2994 1084 3050 Veneranda:
1121 3010 1256 3050 vero
1285 3005 1340 3050 et
1371 3004 1574 3050 sancite
1615 2995 1878 3050 mulieres
1905 2994 2013 3049 illae

436 3087 860 3157 respondentes,
912 3088 1174 3143 dixerunt
1221 3089 1272 3143 ei
1312 3105 1325 3141 ε
1364 3086 1420 3142 Si
1455 3088 1562 3152 vis,
1605 3103 1638 3142 ο
1680 3102 1905 3158 praises,
1955 3095 2014 3142 ut

435 3179 545 3235 iliis
581 3181 692 3234 tuis
724 3180 1121 3244 sacriﬁcemus,
1158 3195 1352 3236 eamus
1384 3196 1558 3250 prope
1589 3180 1768 3234 lacum
1808 3197 1821 3233 :
1868 3188 1924 3234 et
1957 3188 2012 3232 tu

2110 2070 2176 2123 τὰ
2207 2067 2604 2140 ἐπηγγελμένα
2663 2069 2776 2131 τοῖς
2811 2067 2976 2120 αὐτὸν
3008 2064 3358 2136 ἐκζητοῦσιν.
3403 2065 3538 2116 Τότε
3562 2061 3684 2115 ἐκέ-

2110 2166 2304 2217 λευσεν
2357 2163 2385 2216 ὸ
2444 2160 2674 2231 ἡγεμὼν
2731 2161 3132 2230 κατενεχθῆναι
3197 2157 3363 2213 αὐτὸν
3426 2155 3535 2210 ἀπὸ
3591 2155 3687 2208 τοῦ

2109 2256 2294 2324 ξύλου.
2352 2235 2785 2324 Κατενεχθέντὶς
2837 2253 2894 2306 δὲ
2952 2252 3120 2308 αὑτοῦ
3204 2250 3369 2307 πάλιν
3441 2249 3690 2303 ἐκέλευεν

2111 2347 2276 2404 αὐτὸν
2311 2346 2578 2418 βληθῆναι
2605 2347 2664 2400 ἐν
2691 2349 2757 2418 τῇ
2801 2345 3043 2416 φυλακῇ.
3092 2343 3475 2412 Ἀπαγομένου
3502 2341 3557 2395 δὲ
3595 2339 3690 2393 τοῦ

2112 2441 2272 2512 ἁγίου
2332 2440 2727 2512 ῖερομάρτυρος
2776 2439 3008 2494 Βλασίου
3072 2439 3132 2492 ἐν
3177 2439 3244 2506 τῇ
3305 2435 3544 2503 φυλακῇ,
3583 2433 3691 2484 ίδοὺ

2113 2535 2376 2603 γυναῖκες
2403 2532 2549 2586 ἑπτὰ
2605 2531 2853 2596 εὐσεϐεῖς
2900 2532 2997 2586 καὶ
3046 2528 3382 2600 φοϐούμεναι
3435 2526 3529 2580 τὸν
3559 2525 3692 2578 Θεὸν

2115 2626 2445 2696 ἠκολούθουν
2503 2627 2678 2696 αύτῷ,
2727 2625 3016 2695 δεχόμεναι
3072 2625 3142 2678 τά
3191 2621 3575 2686 ἀποστάζοντα
3635 2619 3694 2684 ἐξ

2116 2719 2283 2774 αὑτοῦ
2328 2721 2544 2790 αἵματα
2595 2718 2689 2772 καὶ
2745 2719 2946 2781 ἑαυτὰς
3003 2716 3420 2784 ἐπαλείφουσαι.
3479 2714 3695 2776 Ταύτας

2117 2814 2298 2867 τοίνυν
2331 2813 2531 2876 ἰδόντες
2550 2812 2598 2864 οί
2630 2811 2816 2882 δήμιοι
2839 2809 2936 2874 τάς
2968 2811 3234 2878 γυναῖκας
3257 2810 3351 2862 καὶ
3383 2807 3697 2876 κρατήσειν-

2119 2924 2212 2971 τες
2235 2907 2408 2971 αὑτὰς
2429 2906 2723 2976 ἀπήγαγον
2769 2903 2849 2972 τῷ
2878 2902 3111 2973 ἡγεμόνι
3145 2902 3400 2969 λέγοντες
3433 2899 3582 2968 αύτῷ
3615 2899 3695 2951 ὅτι

2122 3002 2230 3054 Καὶ
2263 2994 2428 3053 αὗται
2458 2997 2785 3068 Χριστιαναί
2817 2997 2977 3052 εἰσιν.
3021 2994 3168 3048 Ἰδὼν
3205 2994 3260 3047 δὲ
3291 2993 3463 3055 αὑτὰς
3506 2995 3534 3046 ό
3563 2995 3696 3062 ήγε-

2126 3093 2241 3162 μὼν
2277 3091 2428 3160 λέγει
2471 3090 2610 3160 πρὸς
2637 3090 2810 3153 αὐτάς
2834 3105 2848 3120 ⁸
2881 3089 3174 3156 Πείσθητε,
3213 3086 3305 3142 καὶ
3335 3087 3538 3140 θύσατε
3582 3086 3696 3148 τοῖς

2123 3185 2286 3247 θεοῖς,
2318 3183 2404 3236 ἵνα
2429 3182 2544 3250 ἷκαὶ
2570 3179 2731 3250 δόξης
2773 3181 2870 3234 καὶ
2914 3178 3094 3248 τιμῶν
3129 3178 3384 3247 μεγάλων
3429 3177 3698 3247 ἀξιωθῆτε

437 3273 661 3344 quidem
687 3257 920 3330 immitte
947 3277 1080 3329 deos
1099 3284 1222 3330 tuos
1244 3273 1298 3329 in
1322 3288 1564 3337 saccum,
1590 3281 1646 3328 et
1666 3290 1763 3330 eos
1789 3273 2015 3342 plumbo

2127 3278 2255 3348 παρ’
2293 3275 2428 3346 ἐμοῦ
2469 3277 2592 3328 ἐπεὶ
2623 3274 2848 3344 μέλλετε
2879 3272 3094 3343 πικρῶς
3115 3273 3505 3342 ἀποθνήσκειν.
3539 3270 3603 3324 Δί
3638 3272 3699 3324 δέ

438 3368 667 3438 obsigna
716 3386 728 3422 :
777 3384 878 3424 nos
917 3379 1102 3424 autem
1151 3384 1277 3424 cum
1317 3367 1660 3423 abluerimus
1697 3368 1883 3423 vultus
1919 3384 2015 3423 no-

2125 3371 2306 3440 τίμιαι
2366 3369 2462 3422 καὶ
2513 3369 2672 3437 ἅγιαι
2733 3367 2942 3420 ἐκεῖναι
2998 3368 3258 3434 γυναῖκες
3315 3365 3701 3433 ἀποκριθεῖσαι

440 3469 587 3514 stros
639 3459 693 3513 in
741 3460 889 3525 lacu,
936 3461 1284 3526 accedemus,
1327 3468 1384 3516 et
1430 3460 1513 3515 eis
1559 3459 2015 3517 sacriﬁcabimus.

2121 3457 2274 3515 εἷπον
2299 3461 2450 3530 αὐτῷ
2470 3477 2484 3491 ·
2517 3459 2580 3514 Ei
2607 3460 2806 3526 θέλεις,
2837 3452 2883 3513 ὧ
2911 3457 3158 3529 ἡγεμὼν,
3185 3457 3273 3511 ἵνα
3304 3457 3559 3527 θύσωμεν
3589 3458 3702 3520 τοῖς

443 3551 538 3605 llis
590 3551 804 3607 laetatus
858 3566 1086 3620 praeses,
1139 3551 1209 3606 ad
1253 3566 1348 3608 eas
1399 3551 1633 3608 adduxit
1681 3551 1818 3608 deos
1868 3567 2015 3608 suos.

2121 3556 2267 3617 θεοῖς
2308 3571 2424 3618 σου,
2477 3551 2836 3622 πορευθῶμεν
2887 3551 3029 3622 ὁμοῦ
3081 3550 3313 3619 ἔγγιστα
3349 3549 3449 3618 τῆς
3482 3547 3701 3618 λίμνης,

440 3643 554 3699 lllm
589 3651 772 3698 autem
831 3659 958 3700 cum
1015 3659 1111 3700 eos
1165 3643 1533 3714 accepissent,
1590 3643 1914 3716 dejecerunt
1963 3654 2015 3700 et

2128 3647 2222 3700 καὶ
2269 3645 2332 3698 σὺ
2383 3643 2485 3714 μὲν
2524 3642 2648 3714 βάλε
2683 3643 2812 3706 τοὺς
2865 3641 3023 3704 θεούς
3072 3659 3168 3694 σου
3219 3643 3299 3704 εἰς
3354 3641 3561 3693 σάκκον
3609 3642 3704 3692 καὶ

447 3737 835 3793 «ιοιῐιετεοι-υηι
875 3738 929 3793 in
966 3739 1242 3809 profundo
1267 3741 1440 3796 lacus.
2129 3739 2431 3812 σφράγισον
2467 3735 2666 3798 αὐτοὺς
2691 3735 2951 3808 μολίϐδῳ,
2986 3736 3149 3807 ήμεῖς
3180 3735 3240 3788 δὲ
3295 3732 3592 3803 νιψάμεναι
3635 3732 3705 3786 τὰ

447 3833 717 3902 πρόσωπα
745 3832 904 3904 ήμῶν
937 3834 997 3890 ἐν
1029 3837 1094 3906 τῇ
1154 3834 1322 3907 λίμνη
1369 3832 1759 3904 προσέλθωμεν
1786 3832 1900 3888 ’καὶ
1952 3833 2202 3905 θύσωμεν
2232 3834 2440 3895 αὐτοῖς.
2503 3829 2691 3884 Ταῦτα
2723 3829 2963 3892 ἀκούσας
3032 3830 3060 3882 ό
3102 3826 3326 3898 ήγεμὼν
3395 3826 3490 3881 καὶ
3552 3843 3707 3895 περι-

449 3927 622 3998 χαρὴς
668 3928 965 3999 γενόμενος
1015 3931 1390 4001 προσήνεγκεν
1439 3927 1631 3992 αὐταῖς
1685 3928 1812 3991 τοὺς
1859 3927 2018 3994 θεοὺς
2058 3928 2251 3985 αὑτοῦ.
2292 3928 2357 3982 Αἱ
2385 3926 2443 3982 δὲ
2486 3925 2753 3980 λαϐοῦσαι
2782 3923 2985 3987 αὐτοὺς
3051 3921 3308 3977 ἐνέϐαλον
3375 3919 3706 3975 καταποντί-

449 4037 616 4076 σισαι
651 4022 733 4086 είς
755 4022 846 4078 τὸν
878 4023 1038 4094 βυθὸν
1068 4023 1169 4091 τῆς
1197 4022 1417 4093 λίμνης.

521 4117 637 4172 γιι.
688 4117 824 4174 Cum
860 4117 977 4173 haec
1003 4117 1236 4174 vidisset
1265 4132 1486 4186 prmses,
1518 4125 1574 4172 et
1607 4116 1796 4172 furore
1836 4114 2015 4172 fuisse!

2203 4118 2284 4172 Z.’
2326 4114 2473 4169 Ἰδὼν
2524 4113 2580 4166 δέ
2619 4111 2795 4167 ταῦτα
2853 4113 2882 4164 ό
2930 4107 3162 4180 ἡγεμὼν
3193 4106 3494 4177 ἠλλοίωσεν
3543 4101 3708 4157 αὐτοῦ

452 4213 722 4280 percitus,
760 4211 922 4266 valde
957 4211 1181 4278 rugiens
1214 4211 1358 4266 sicut
1379 4210 1490 4274 leo,
1517 4219 1572 4265 et
1607 4208 1876 4280 plaudens
1909 4223 2015 4262 ma-

2137 4208 2236 4278 τὴν
2279 4206 2428 4276 δψιν,
2469 4205 2564 4259 καὶ⁵
2599 4201 2852 4273 ἐμμανὴς
2901 4200 3195 4270 γενόμενος
3251 4197 3460 4266 σφόδρα⁵
3506 4193 3709 4264 βρύξας

452 4306 638 4372 nibus,
669 4305 773 4360 fuit
801 4304 1099 4360 admodum
1133 4305 1309 4360 iratus
1331 4302 1622 4363 militibus.
1652 4313 1709 4358 et
1737 4302 1876 4358 dixit
1903 4302 1986 4356 eis
2012 4319 2025 4356 :

449 4398 494 4453 Ο
519 4396 744 4467 pessimi
773 4397 1035 4462 ministri,
1072 4413 1172 4452 cur
1198 4412 1308 4452 non
1344 4396 1478 4451 deos
1515 4394 1848 4461 retinuistis,
1873 4411 1940 4450 ne
1972 4395 2027 4450 in

2135 4301 2325 4369 ὥσπερ
2351 4299 2508 4362 λέων,
2533 4297 2627 4352 καὶ
2661 4299 2937 4366 κροτήσας
2961 4292 3059 4356 τάς
3083 4293 3273 4362 χεῖρας
3301 4285 3466 4344 αὐτοῦ
3501 4283 3715 4356 ἐθυμώ-

2140 4393 2240 4462 θην
2270 4391 2393 4446 λίαν
2421 4389 2564 4445 κατὰ
2579 4388 2689 4442 τῶν
2718 4383 3088 4458 στρατιωτῶν,
3121 4383 3216 4437 καὶ
3238 4377 3393 4435 εἶπεν
3416 4396 3430 4411 ο
3458 4375 3528 4432 Ὦ
3557 4378 3714 4432 κάκι-

452 4489 788 4560 profundum
816 4489 969 4546 lacus
1001 4489 1397 4561 injicerentur?
1417 4487 1834 4558 Respondentes
1850 4496 2015 4542 auten

2146 4504 2261 4541 στοι
2293 4487 2390 4540 καὶ
2421 4483 2591 4539 δεινοὶ
2636 4481 2930 4551 ὑπηρέται,
2959 4478 3048 4532 διὰ
3080 4479 3134 4531 τί
3164 4477 3228 4530 οὐ
3255 4475 3556 4544 κατέσχετε
3587 4470 3714 4533 τοὺς

456 4587 676 4652 milites,
705 4586 965 4641 dixerunt
991 4583 1208 4653 praesidi
1246 4602 1259 4638 :
1288 4582 1333 4640 Ο
1356 4583 1562 4653 optime
1591 4596 1812 4652 praeses,
1847 4581 2035 4634 dolum

458 4679 556 4735 tibi
579 4680 779 4734 locutas
807 4686 936 4733 sunt
965 4678 1046 4732 ha:
1066 4675 1346 4740 mulieres,
1378 4674 1585 4729 etdeos
1615 4682 1740 4727 tuos
1762 4673 2037 4727 demerse-

455 4780 605 4828 runt.
625 4769 736 4827 Nos
762 4784 893 4824 vero
911 4770 1015 4825 hoc
1031 4768 1362 4833 nescientes,
1381 4782 1477 4823 eos
1492 4781 1602 4821 non
1629 4763 1926 4821 tenuimus.
1949 4763 2039 4817 Di-

462 4876 661 4922 xerunt
703 4874 887 4921 autem
915 4864 1022 4920 illa:
1054 4871 1261 4918 sanctae
1292 4871 1349 4917 ct
1380 4859 1709 4916 venerandae
1737 4858 2032 4913 mulieres:

460 4965 608 5018 Deus
625 4975 790 5016 verus
807 4958 992 5014 dolum
1013 4971 1122 5012 non
1137 4954 1468 5028 patitur,sed
1485 4952 1650 5009 surda
1669 4953 1885 5021 lignaet
1899 4949 2039 5020 lapi-

459 5055 578 5116 des,
611 5062 668 5110 et
690 5066 891 5108 aurum
915 5055 1600 5119 etargentum,etomnes,
1631 5046 1726 5116 qui
1753 5041 2040 5098 conﬁdunt

463 5154 515 5206 in
548 5151 648 5205 eis.
682 5147 839 5203 Tunc
853 5145 1042 5202 furore
1059 5142 1303 5214 percitus
1319 5153 1544 5212 praeses,
1564 5139 1732 5210 jussit
1758 5137 2037 5192 fornacem

457 5241 688 5300 accendi
716 5235 1279 5296 vehementissimam,
1303 5239 1356 5287 et
1394 5229 1616 5287 dissolvi
1647 5226 1955 5300 plumbum,
1984 5231 2042 5278 et

459 5338 482 5390 f
515 5349 666 5390 rreos
683 5330 867 5388 aﬂ'erri
884 5329 1149 5398 pectines,
1162 5333 1218 5381 et
1238 5332 1449 5394 septem
1468 5337 1649 5380 aeneas
1669 5320 1898 5377 laminas
1912 5333 2042 5374 can-

460 5422 654 5482 delicri
675 5439 688 5476 :
713 5417 1064 5488 splendidum
1083 5414 1509 5470 autemlinteum
1529 5410 1749 5468 extendi
1765 5411 1816 5464 in
1839 5409 1947 5466 alio
1964 5411 2042 5466 lo-

463 5536 550 5582 ca,
583 5515 834 5585 dixitque
869 5509 1073 5566 sanctis
1096 5508 1424 5564 mulieribus
1465 5523 1480 5565 :
1530 5505 1726 5576 Eligite
1748 5522 1916 5560 unum
1972 5523 2040 5561 ex

462 5611 704 5672 duobus,
721 5617 816 5664 aut
833 5605 1064 5660 adorare
1086 5611 1144 5657 et
1164 5601 1271 5656 diis
1291 5599 1627 5664 sacriﬁcare,
1643 5609 1698 5655 et
1713 5615 2040 5656 conservare

464 5704 675 5761 animas
691 5695 1283 5764 vestras,ambulantes
1325 5693 1378 5747 in
1407 5694 1603 5757 linteo,
1635 5700 1749 5755 aut,
1769 5690 1812 5746 si
1837 5689 2041 5754 nolitis,

462 5795 702 5873 experiri
728 5801 998 5853 tormenta
1017 5797 1274 5863 quassant
1290 5787 1443 5844 vobis
1461 5796 1668 5858 parata.
1697 5785 1812 5843 Una
1835 5801 1962 5843 vero
1982 5801 2045 5841 cx

2141 4581 2297 4643 esas;
2324 4580 2412 4634 ἵνα
2446 4577 2520 4649 μὴ
2556 4573 2905 4646 ἐμύληθῶσιν
2946 4572 3006 4625 ἐν
3046 4569 3126 4640 τῷ
3168 4568 3316 4641 βυθῷ
3349 4566 3450 4635 τῆς
3483 4566 3714 4633 λίμνηςς

2141 4674 2204 4728 0i
2230 4673 2288 4726 δέ
2317 4670 2654 4743 στρατιῶται
2683 4665 3076 4736 ἀποκριθέντες
3122 4658 3278 4715 εἷπον
3323 4659 3403 4730 τῷ
3435 4656 3665 4726 ἡγεμόνι
3699 4669 3714 4684 ·

2141 4763 2211 4820 Ὦ
2247 4766 2511 4836 κράτιστε
2538 4765 2637 4833 ήγε
2650 4758 2788 4832 μὼν,
2820 4759 2970 4813 δόλον
2999 4774 3082 4810 σοι
3111 4755 3384 4825 ἐλάλησαν
3428 4752 3483 4803 αἱ
3529 4747 3718 4816 γυναῖ-

2142 4876 2237 4923 κες
2267 4851 2462 4912 αῦται·
2515 4853 2916 4909 κατεπόντισαν
2947 4850 3072 4910 τοὺς
3105 4846 3261 4910 θεούς
3291 4862 3409 4897 σου.
3441 4842 3635 4911 Ἡμεῖς
3659 4837 3718 4891 δέ

2147 4948 2222 5020 μὴ
2252 4948 2618 5018 γινώσκοντες
2648 4943 2806 4998 τοῦτο
2845 4943 2946 4996 οὐκ
2979 4940 3370 5011 ἐκρατήσαμεν
3413 4933 3605 4996 αὑτάς.
3649 4931 3716 4983 Δί

2141 5043 2197 5096 δὲ
2229 5041 2410 5110 τίμιαι
2456 5039 2663 5093 ἐκεῖναι
2715 5035 2808 5089 καὶ
2853 5033 3009 5101 ἅγιαι
3059 5033 3320 5100 γυναῖκες
3370 5023 3547 5081 εἷπονο
3583 5023 3720 5086 Θεδς

2144 5133 2397 5205 ἀληθινὸς
2418 5130 2567 5184 δόλον
2593 5131 2651 5183 ού
2673 5126 2898 5195 πάσχει,
2929 5124 2978 5178 εί
3009 5123 3084 5194 μή
3111 5121 3244 5186 ξύλα
3272 5119 3431 5188 κωφά
3461 5117 3555 5170 καὶ
3583 5114 3720 5168 λίθοι

2146 5223 2237 5276 καὶ
2271 5219 2471 5293 χρυσὸς
2505 5219 2603 5271 καὶ
2645 5217 2890 5286 ἄργυρος
2921 5215 3020 5266 καὶ
3065 5212 3268 5275 πάντες
3299 5210 3348 5262 οἱ
3395 5206 3719 5267 πεποιθότες

2146 5316 2234 5369 ἐπ’
2261 5316 2466 5377 αὐτοῖς.
2492 5312 2626 5366 Τότε
2668 5307 2922 5380 ἐμμανὴς
2953 5306 3248 5375 γενόμενος
3288 5305 3314 5356 ὁ
3345 5299 3573 5372 ἡγεμὼν
3598 5296 3722 5350 ἐκι-

2143 5412 2337 5463 λευσεν
2398 5405 2672 5476 ἐγκαῆναι-
2712 5402 2944 5471 κάμινον
2976 5397 3366 5468 σφοδροτάτην,
3410 5393 3506 5447 καὶ
3571 5390 3725 5460 μόλι-

2149 5505 2271 5559 ϐδον
2299 5501 2550 5570 λυθῆναι,
2575 5495 2668 5551 καὶ
2694 5495 2880 5550 κτένια
2901 5494 3100 5562 σιδηρᾶ
3126 5488 3439 5562 ἐνεχθῆναι,
3465 5485 3558 5539 καὶ
3582 5482 3724 5537 ἑπτὰ

2150 5590 2462 5662 συμψέλλια
2497 5586 2674 5659 χαλκᾶ
2705 5583 3051 5656 πυρωθῆναι,
3073 5580 3391 5649 ἀπλωθῆναι
3413 5577 3508 5629 καὶ
3529 5573 3724 5642 ὀθόνην

2147 5684 2407 5756 λαμπρὰν
2439 5684 2495 5736 ἐν
2528 5679 2700 5750 ἑτέρῳ
2729 5677 2910 5748 τόπῳ·
2950 5676 3042 5729 καὶ
3069 5668 3190 5728 εἶπε
3224 5672 3359 5743 πρὸς
3389 5671 3486 5732 τὰς
3518 5667 3681 5736 ἁγίας
3703 5679 3719 5695 ⁶

2163 5775 2484 5844 Ἐκλέξασθε
2522 5773 2578 5831 ἓν
2615 5775 2675 5828 ὲκ
2703 5772 2809 5828 τῶν
2836 5769 2927 5826 δύο
2950 5783 2959 5794 ·
2984 5768 3014 5840 ἢ
3038 5768 3412 5839 προσκυνῆσαι
3446 5763 3537 5817 καὶ
3559 5759 3723 5815 θῦσαι
