  <div class='ocr_page' id='page_1' title='image "/cluster/home/n/w/nwhite01/storage/ocr_20150623/116/hvd.32044073502221/418.png"; bbox 0 0 4128 6384; ppageno 0'>
   <div class='ocr_carea' id='block_1_1' title="bbox 384 325 498 387">
    <p class='ocr_par' dir='ltr' id='par_1_1' title="bbox 384 325 498 387">
     <span class='ocr_line' id='line_1_1' title="bbox 384 325 498 387; baseline 0 0"><span class='ocrx_word' id='word_1_1' title='bbox 384 325 498 387; x_wconf 59' lang='grc' dir='ltr'><strong>ΩΞῦ</strong></span> 
     </span>
    </p>
   </div>
   <div class='ocr_carea' id='block_1_2' title="bbox 1308 332 2707 400">
    <p class='ocr_par' dir='ltr' id='par_1_2' title="bbox 1308 332 2707 400">
     <span class='ocr_line' id='line_1_2' title="bbox 1308 332 2707 400; baseline 0.005 -9"><span class='ocrx_word' id='word_1_2' title='bbox 1308 332 1724 394; x_wconf 79' lang='lat' dir='ltr'><strong>CERTAMEN</strong></span> <span class='ocrx_word' id='word_1_3' title='bbox 1761 335 1818 397; x_wconf 92' lang='lat' dir='ltr'><strong>S.</strong></span> <span class='ocrx_word' id='word_1_4' title='bbox 1853 336 2110 398; x_wconf 75' lang='lat' dir='ltr'><strong>BLASII</strong></span> <span class='ocrx_word' id='word_1_5' title='bbox 2152 339 2249 398; x_wconf 83' lang='lat' dir='ltr'><strong>ET</strong></span> <span class='ocrx_word' id='word_1_6' title='bbox 2280 339 2707 400; x_wconf 78' lang='lat' dir='ltr'><strong>SOCIORUM.</strong></span> 
     </span>
    </p>
   </div>
   <div class='ocr_carea' id='block_1_3' title="bbox 3547 341 3653 406">
    <p class='ocr_par' dir='ltr' id='par_1_3' title="bbox 3547 341 3653 406">
     <span class='ocr_line' id='line_1_3' title="bbox 3547 341 3653 406; baseline 0.038 -4"><span class='ocrx_word' id='word_1_7' title='bbox 3547 341 3653 406; x_wconf 64' lang='lat'><strong>5‘26</strong></span> 
     </span>
    </p>
   </div>
   <div class='ocr_carea' id='block_1_4' title="bbox 359 435 1972 527">
    <p class='ocr_par' dir='ltr' id='par_1_4' title="bbox 359 435 1945 516">
     <span class='ocr_line' id='line_1_4' title="bbox 359 435 1945 516; baseline 0.008 -26"><span class='ocrx_word' id='word_1_8' title='bbox 359 440 479 500; x_wconf 66' lang='lat' dir='ltr'><strong>Ui;</strong></span> <span class='ocrx_word' id='word_1_9' title='bbox 502 436 663 498; x_wconf 90' lang='grc' dir='ltr'>θεοῖς,</span> <span class='ocrx_word' id='word_1_10' title='bbox 683 435 778 489; x_wconf 68' lang='grc' dir='ltr'><strong>καὶ</strong></span> <span class='ocrx_word' id='word_1_11' title='bbox 801 435 974 490; x_wconf 77' lang='grc' dir='ltr'>σῶσαι</span> <span class='ocrx_word' id='word_1_12' title='bbox 1011 441 1110 502; x_wconf 80' lang='grc' dir='ltr'><strong>τάς</strong></span> <span class='ocrx_word' id='word_1_13' title='bbox 1139 440 1319 509; x_wconf 70' lang='grc' dir='ltr'>ψυχάς</span> <span class='ocrx_word' id='word_1_14' title='bbox 1351 443 1506 511; x_wconf 80' lang='grc' dir='ltr'>ὑμῶν</span> <span class='ocrx_word' id='word_1_15' title='bbox 1541 447 1945 516; x_wconf 84' lang='grc' dir='ltr'>περιπατοῦσαι</span> 
     </span>
    </p>
   </div>
   <div class='ocr_carea' id='block_1_5' title="bbox 2077 435 3652 527">
    <p class='ocr_par' dir='ltr' id='par_1_5' title="bbox 2077 446 3652 527">
     <span class='ocr_line' id='line_1_5' title="bbox 2077 446 3652 527; baseline 0.005 -22"><span class='ocrx_word' id='word_1_16' title='bbox 2077 451 2139 516; x_wconf 88' lang='lat' dir='ltr'><strong>is,</strong></span> <span class='ocrx_word' id='word_1_17' title='bbox 2165 451 2531 508; x_wconf 86' lang='lat' dir='ltr'><strong>babensduos</strong></span> <span class='ocrx_word' id='word_1_18' title='bbox 2558 446 2784 523; x_wconf 83' lang='lat' dir='ltr'><strong>pueros,</strong></span> <span class='ocrx_word' id='word_1_19' title='bbox 2812 457 2998 525; x_wconf 88' lang='lat' dir='ltr'><strong>rapuit</strong></span> <span class='ocrx_word' id='word_1_20' title='bbox 3032 456 3267 512; x_wconf 87' lang='lat' dir='ltr'><strong>linteum</strong></span> <span class='ocrx_word' id='word_1_21' title='bbox 3304 466 3360 512; x_wconf 89' lang='lat' dir='ltr'><strong>et</strong></span> <span class='ocrx_word' id='word_1_22' title='bbox 3385 456 3574 527; x_wconf 77' lang='lat' dir='ltr'><strong>injecit</strong></span> <span class='ocrx_word' id='word_1_23' title='bbox 3596 459 3652 513; x_wconf 88' lang='lat' dir='ltr'><strong>in</strong></span> 
     </span>
    </p>
   </div>
   <div class='ocr_carea' id='block_1_6' title="bbox 363 529 1952 611">
    <p class='ocr_par' dir='ltr' id='par_1_6' title="bbox 363 529 1952 611">
     <span class='ocr_line' id='line_1_6' title="bbox 363 529 1952 611; baseline 0.009 -29"><span class='ocrx_word' id='word_1_24' title='bbox 363 532 423 582; x_wconf 84' lang='grc' dir='ltr'><strong>ὲν</strong></span> <span class='ocrx_word' id='word_1_25' title='bbox 442 533 508 601; x_wconf 80' lang='grc' dir='ltr'>τῇ</span> <span class='ocrx_word' id='word_1_26' title='bbox 540 529 722 602; x_wconf 79' lang='grc' dir='ltr'>ὀθόνῃ,</span> <span class='ocrx_word' id='word_1_27' title='bbox 749 531 780 600; x_wconf 80' lang='grc' dir='ltr'><strong>ἢ</strong></span> <span class='ocrx_word' id='word_1_28' title='bbox 810 531 885 604; x_wconf 77' lang='grc' dir='ltr'><strong>μὴ</strong></span> <span class='ocrx_word' id='word_1_29' title='bbox 911 530 1268 602; x_wconf 76' lang='grc' dir='ltr'><strong>βουλομέναις</strong></span> <span class='ocrx_word' id='word_1_30' title='bbox 1299 537 1630 609; x_wconf 82' lang='grc' dir='ltr'>πειραθῆναι</span> <span class='ocrx_word' id='word_1_31' title='bbox 1659 542 1770 604; x_wconf 91' lang='grc' dir='ltr'>τοῖς</span> <span class='ocrx_word' id='word_1_32' title='bbox 1801 543 1952 611; x_wconf 77' lang='grc' dir='ltr'>ἡτοι-</span> 
     </span>
    </p>
   </div>
   <div class='ocr_carea' id='block_1_7' title="bbox 371 622 1946 701">
    <p class='ocr_par' dir='ltr' id='par_1_7' title="bbox 371 622 1946 701">
     <span class='ocr_line' id='line_1_7' title="bbox 371 622 1946 701; baseline 0.01 -27"><span class='ocrx_word' id='word_1_33' title='bbox 371 622 678 693; x_wconf 85' lang='grc' dir='ltr'>μασμένοις</span> <span class='ocrx_word' id='word_1_34' title='bbox 735 624 864 694; x_wconf 75' lang='grc' dir='ltr'>ὑμῖν</span> <span class='ocrx_word' id='word_1_35' title='bbox 926 624 1337 697; x_wconf 80' lang='grc' dir='ltr'>κολαστηρίοις.</span> <span class='ocrx_word' id='word_1_36' title='bbox 1388 631 1505 684; x_wconf 85' lang='grc' dir='ltr'>Μία</span> <span class='ocrx_word' id='word_1_37' title='bbox 1545 632 1602 685; x_wconf 76' lang='grc' dir='ltr'>δὲ</span> <span class='ocrx_word' id='word_1_38' title='bbox 1656 634 1716 701; x_wconf 77' lang='grc' dir='ltr'><strong>ἐξ</strong></span> <span class='ocrx_word' id='word_1_39' title='bbox 1763 634 1946 689; x_wconf 82' lang='grc' dir='ltr'>αὐτῶν</span> 
     </span>
    </p>
   </div>
   <div class='ocr_carea' id='block_1_8' title="bbox 370 717 1949 796">
    <p class='ocr_par' dir='ltr' id='par_1_8' title="bbox 370 717 1949 796">
     <span class='ocr_line' id='line_1_8' title="bbox 370 717 1949 796; baseline 0.009 -28"><span class='ocrx_word' id='word_1_40' title='bbox 370 717 570 786; x_wconf 78' lang='grc' dir='ltr'>ἔχουσα</span> <span class='ocrx_word' id='word_1_41' title='bbox 600 717 790 770; x_wconf 80' lang='grc' dir='ltr'>παιδία</span> <span class='ocrx_word' id='word_1_42' title='bbox 825 718 920 772; x_wconf 88' lang='grc' dir='ltr'><strong>δύο</strong></span> <span class='ocrx_word' id='word_1_43' title='bbox 947 719 1247 788; x_wconf 77' lang='grc' dir='ltr'><strong>ἁρπάσασα</strong></span> <span class='ocrx_word' id='word_1_44' title='bbox 1273 723 1374 796; x_wconf 79' lang='grc' dir='ltr'>τὴν</span> <span class='ocrx_word' id='word_1_45' title='bbox 1401 723 1594 796; x_wconf 81' lang='grc' dir='ltr'><strong>ὀθόνην</strong></span> <span class='ocrx_word' id='word_1_46' title='bbox 1628 727 1949 796; x_wconf 82' lang='grc' dir='ltr'>ἐμϐαλοῦσα</span> 
     </span>
    </p>
   </div>
   <div class='ocr_carea' id='block_1_9' title="bbox 371 808 1949 884">
    <p class='ocr_par' dir='ltr' id='par_1_9' title="bbox 371 808 1949 884">
     <span class='ocr_line' id='line_1_9' title="bbox 371 808 1949 884; baseline 0.008 -25"><span class='ocrx_word' id='word_1_47' title='bbox 371 810 450 867; x_wconf 77' lang='grc' dir='ltr'>εἰς</span> <span class='ocrx_word' id='word_1_48' title='bbox 478 808 577 878; x_wconf 77' lang='grc' dir='ltr'>τὴν</span> <span class='ocrx_word' id='word_1_49' title='bbox 612 810 843 877; x_wconf 81' lang='grc' dir='ltr'><strong>κάμινον</strong></span> <span class='ocrx_word' id='word_1_50' title='bbox 893 809 1236 866; x_wconf 76' lang='grc' dir='ltr'><strong>κατέκαυσεν</strong></span> <span class='ocrx_word' id='word_1_51' title='bbox 1288 816 1481 884; x_wconf 79' lang='grc' dir='ltr'>αὑτήν.</span> <span class='ocrx_word' id='word_1_52' title='bbox 1518 817 1598 872; x_wconf 87' lang='grc' dir='ltr'><strong>Τά</strong></span> <span class='ocrx_word' id='word_1_53' title='bbox 1646 819 1704 871; x_wconf 85' lang='grc' dir='ltr'>δὲ</span> <span class='ocrx_word' id='word_1_54' title='bbox 1758 820 1949 872; x_wconf 82' lang='grc' dir='ltr'>παιδία</span> 
     </span>
    </p>
   </div>
   <div class='ocr_carea' id='block_1_10' title="bbox 2056 546 3650 607">
    <p class='ocr_par' dir='ltr' id='par_1_10' title="bbox 2056 546 3650 607">
     <span class='ocr_line' id='line_1_10' title="bbox 2056 546 3650 607; baseline 0.003 -8"><span class='ocrx_word' id='word_1_55' title='bbox 2056 551 2333 607; x_wconf 73' lang='lat' dir='ltr'><strong>fornacem</strong></span> <span class='ocrx_word' id='word_1_56' title='bbox 2345 555 2402 600; x_wconf 91' lang='lat' dir='ltr'><strong>et</strong></span> <span class='ocrx_word' id='word_1_57' title='bbox 2420 546 2473 599; x_wconf 92' lang='lat' dir='ltr'><strong>id</strong></span> <span class='ocrx_word' id='word_1_58' title='bbox 2498 547 2991 603; x_wconf 86' lang='lat' dir='ltr'><strong>combussit.Pueri</strong></span> <span class='ocrx_word' id='word_1_59' title='bbox 3013 559 3192 604; x_wconf 87' lang='lat' dir='ltr'><strong>autem</strong></span> <span class='ocrx_word' id='word_1_60' title='bbox 3213 548 3470 603; x_wconf 87' lang='lat' dir='ltr'><strong>dicebant</strong></span> <span class='ocrx_word' id='word_1_61' title='bbox 3491 548 3650 604; x_wconf 88' lang='lat' dir='ltr'><strong>matri</strong></span> 
     </span>
    </p>
   </div>
   <div class='ocr_carea' id='block_1_11' title="bbox 2055 636 3652 701">
    <p class='ocr_par' dir='ltr' id='par_1_11' title="bbox 2055 636 3652 701">
     <span class='ocr_line' id='line_1_11' title="bbox 2055 636 3652 701; baseline 0.003 -11"><span class='ocrx_word' id='word_1_62' title='bbox 2055 636 2518 692; x_wconf 65' lang='lat' dir='ltr'><strong>suaNeneranda</strong></span> <span class='ocrx_word' id='word_1_63' title='bbox 2533 648 2708 693; x_wconf 81' lang='lat' dir='ltr'><strong>mater</strong></span> <span class='ocrx_word' id='word_1_64' title='bbox 2727 648 3012 701; x_wconf 90' lang='lat' dir='ltr'><strong>nostra,ne</strong></span> <span class='ocrx_word' id='word_1_65' title='bbox 3031 641 3178 694; x_wconf 87' lang='lat' dir='ltr'><strong>sinas</strong></span> <span class='ocrx_word' id='word_1_66' title='bbox 3194 655 3296 694; x_wconf 89' lang='lat' dir='ltr'><strong>nos</strong></span> <span class='ocrx_word' id='word_1_67' title='bbox 3311 640 3363 694; x_wconf 91' lang='lat' dir='ltr'><strong>in</strong></span> <span class='ocrx_word' id='word_1_68' title='bbox 3385 640 3486 694; x_wconf 89' lang='lat' dir='ltr'><strong>bac</strong></span> <span class='ocrx_word' id='word_1_69' title='bbox 3504 653 3652 695; x_wconf 88' lang='lat' dir='ltr'><strong>terra</strong></span> 
     </span>
    </p>
   </div>
   <div class='ocr_carea' id='block_1_12' title="bbox 2059 731 3653 805">
    <p class='ocr_par' dir='ltr' id='par_1_12' title="bbox 2059 731 3653 805">
     <span class='ocr_line' id='line_1_12' title="bbox 2059 731 3653 805; baseline 0.004 -21"><span class='ocrx_word' id='word_1_70' title='bbox 2059 731 2308 804; x_wconf 73' lang='lat' dir='ltr'><strong>interire:</strong></span> <span class='ocrx_word' id='word_1_71' title='bbox 2329 733 2422 786; x_wconf 88' lang='lat' dir='ltr'><strong>sed</strong></span> <span class='ocrx_word' id='word_1_72' title='bbox 2442 736 2722 803; x_wconf 88' lang='lat' dir='ltr'><strong>quomodo</strong></span> <span class='ocrx_word' id='word_1_73' title='bbox 2746 751 2847 790; x_wconf 90' lang='lat' dir='ltr'><strong>nos</strong></span> <span class='ocrx_word' id='word_1_74' title='bbox 2866 736 3163 804; x_wconf 78' lang='lat' dir='ltr'><strong>implevisti</strong></span> <span class='ocrx_word' id='word_1_75' title='bbox 3194 737 3426 805; x_wconf 86' lang='lat' dir='ltr'><strong>pulchro</strong></span> <span class='ocrx_word' id='word_1_76' title='bbox 3451 747 3505 791; x_wconf 88' lang='lat' dir='ltr'><strong>et</strong></span> <span class='ocrx_word' id='word_1_77' title='bbox 3527 752 3653 791; x_wconf 82' lang='lat' dir='ltr'><strong>sna-</strong></span> 
     </span>
    </p>
   </div>
   <div class='ocr_carea' id='block_1_13' title="bbox 2059 822 3648 898">
    <p class='ocr_par' dir='ltr' id='par_1_13' title="bbox 2059 822 3648 898">
     <span class='ocr_line' id='line_1_13' title="bbox 2059 822 3648 898; baseline 0.006 -23"><span class='ocrx_word' id='word_1_78' title='bbox 2059 822 2284 877; x_wconf 80' lang='lat' dir='ltr'><strong>vissimo</strong></span> <span class='ocrx_word' id='word_1_79' title='bbox 2305 834 2401 879; x_wconf 92' lang='lat' dir='ltr'><strong>tuo</strong></span> <span class='ocrx_word' id='word_1_80' title='bbox 2421 827 2581 891; x_wconf 87' lang='lat' dir='ltr'><strong>lacte,</strong></span> <span class='ocrx_word' id='word_1_81' title='bbox 2603 843 2702 882; x_wconf 86' lang='lat' dir='ltr'><strong>nos</strong></span> <span class='ocrx_word' id='word_1_82' title='bbox 2719 844 2940 898; x_wconf 90' lang='lat' dir='ltr'><strong>quoque</strong></span> <span class='ocrx_word' id='word_1_83' title='bbox 2963 829 3127 898; x_wconf 83' lang='lat' dir='ltr'><strong>imple</strong></span> <span class='ocrx_word' id='word_1_84' title='bbox 3157 846 3327 898; x_wconf 84' lang='lat' dir='ltr'><strong>regno</strong></span> <span class='ocrx_word' id='word_1_85' title='bbox 3352 831 3648 884; x_wconf 77' lang='lat' dir='ltr'><strong>ctelorum.</strong></span> 
     </span>
    </p>
   </div>
   <div class='ocr_carea' id='block_1_14' title="bbox 371 897 3650 991">
    <p class='ocr_par' dir='ltr' id='par_1_14' title="bbox 371 897 3650 991">
     <span class='ocr_line' id='line_1_14' title="bbox 371 897 3650 991; baseline 0.007 -39"><span class='ocrx_word' id='word_1_86' title='bbox 371 897 531 954; x_wconf 76' lang='grc' dir='ltr'>εἶπον</span> <span class='ocrx_word' id='word_1_87' title='bbox 564 902 702 972; x_wconf 71' lang='grc' dir='ltr'>πρὸς</span> <span class='ocrx_word' id='word_1_88' title='bbox 740 903 838 973; x_wconf 84' lang='grc' dir='ltr'>τὴν</span> <span class='ocrx_word' id='word_1_89' title='bbox 869 905 1086 976; x_wconf 79' lang='grc' dir='ltr'>μητέρα</span> <span class='ocrx_word' id='word_1_90' title='bbox 1120 907 1298 961; x_wconf 79' lang='grc' dir='ltr'>αὐτῶν</span> <span class='ocrx_word' id='word_1_91' title='bbox 1325 926 1340 940; x_wconf 78' lang='grc' dir='ltr'><strong><em>ο</em></strong></span> <span class='ocrx_word' id='word_1_92' title='bbox 1394 910 1566 981; x_wconf 88' lang='grc' dir='ltr'>Τιμία</span> <span class='ocrx_word' id='word_1_93' title='bbox 1597 911 1757 981; x_wconf 74' lang='grc' dir='ltr'>ἡμῶν</span> <span class='ocrx_word' id='word_1_94' title='bbox 1799 914 2000 984; x_wconf 80' lang='grc' dir='ltr'>μῆτερ,</span> <span class='ocrx_word' id='word_1_95' title='bbox 2045 915 2120 986; x_wconf 79' lang='grc' dir='ltr'>μὴ</span> <span class='ocrx_word' id='word_1_96' title='bbox 2159 917 2380 988; x_wconf 78' lang='grc' dir='ltr'>ἀφήσῃς</span> <span class='ocrx_word' id='word_1_97' title='bbox 2443 920 2594 988; x_wconf 74' lang='grc' dir='ltr'>ἡμᾶς</span> <span class='ocrx_word' id='word_1_98' title='bbox 2661 921 2754 972; x_wconf 69' lang='grc' dir='ltr'><strong>ἐπὶ</strong></span> <span class='ocrx_word' id='word_1_99' title='bbox 2803 897 2900 990; x_wconf 85' lang='grc' dir='ltr'><strong>τῆς</strong></span> <span class='ocrx_word' id='word_1_100' title='bbox 2923 897 3273 991; x_wconf 12' lang='grc' dir='ltr'>γῆςῗταύτης</span> <span class='ocrx_word' id='word_1_101' title='bbox 3327 922 3650 985; x_wconf 82' lang='grc' dir='ltr'>ἀπολέσθαι,</span> 
     </span>
    </p>
   </div>
   <div class='ocr_carea' id='block_1_15' title="bbox 373 995 3656 1086">
    <p class='ocr_par' dir='ltr' id='par_1_15' title="bbox 373 995 3656 1086">
     <span class='ocr_line' id='line_1_15' title="bbox 373 995 3656 1086; baseline 0.007 -39"><span class='ocrx_word' id='word_1_102' title='bbox 373 995 493 1048; x_wconf 81' lang='grc' dir='ltr'>ἀλλ’</span> <span class='ocrx_word' id='word_1_103' title='bbox 525 997 601 1059; x_wconf 86' lang='grc' dir='ltr'>ὼς</span> <span class='ocrx_word' id='word_1_104' title='bbox 634 998 941 1067; x_wconf 75' lang='grc' dir='ltr'>ἐνέπλησας</span> <span class='ocrx_word' id='word_1_105' title='bbox 967 1001 1118 1068; x_wconf 79' lang='grc' dir='ltr'>ἡμᾶς</span> <span class='ocrx_word' id='word_1_106' title='bbox 1157 1003 1250 1054; x_wconf 89' lang='grc' dir='ltr'><strong>τοῦ</strong></span> <span class='ocrx_word' id='word_1_107' title='bbox 1300 1004 1469 1057; x_wconf 85' lang='grc' dir='ltr'>καλοῦ</span> <span class='ocrx_word' id='word_1_108' title='bbox 1499 1006 1596 1058; x_wconf 75' lang='grc' dir='ltr'>καὶ</span> <span class='ocrx_word' id='word_1_109' title='bbox 1622 1006 1816 1062; x_wconf 84' lang='grc' dir='ltr'><strong>ἀδόλου</strong></span> <span class='ocrx_word' id='word_1_110' title='bbox 1893 1010 1987 1062; x_wconf 79' lang='grc' dir='ltr'><strong>καὶ</strong></span> <span class='ocrx_word' id='word_1_111' title='bbox 2063 1010 2408 1078; x_wconf 76' lang='grc' dir='ltr'><strong>γλυκυτάτου</strong></span> <span class='ocrx_word' id='word_1_112' title='bbox 2463 1029 2561 1065; x_wconf 92' lang='grc' dir='ltr'>σου</span> <span class='ocrx_word' id='word_1_113' title='bbox 2608 1013 2904 1082; x_wconf 84' lang='grc' dir='ltr'>γάλακτος,</span> <span class='ocrx_word' id='word_1_114' title='bbox 2947 1013 3125 1078; x_wconf 70' lang='grc' dir='ltr'>οὕτως</span> <span class='ocrx_word' id='word_1_115' title='bbox 3175 1015 3474 1086; x_wconf 73' lang='grc' dir='ltr'>ἔμπλησονι</span> <span class='ocrx_word' id='word_1_116' title='bbox 3503 1017 3656 1086; x_wconf 75' lang='grc' dir='ltr'>ἡμᾶς</span> 
     </span>
    </p>
   </div>
   <div class='ocr_carea' id='block_1_16' title="bbox 374 1089 1362 1166">
    <p class='ocr_par' dir='ltr' id='par_1_16' title="bbox 374 1089 1362 1166">
     <span class='ocr_line' id='line_1_16' title="bbox 374 1089 1362 1166; baseline 0.011 -26"><span class='ocrx_word' id='word_1_117' title='bbox 374 1089 468 1142; x_wconf 72' lang='grc' dir='ltr'><strong>καὶ</strong></span> <span class='ocrx_word' id='word_1_118' title='bbox 500 1089 602 1158; x_wconf 81' lang='grc' dir='ltr'><strong>τῆς</strong></span> <span class='ocrx_word' id='word_1_119' title='bbox 633 1091 919 1162; x_wconf 80' lang='grc' dir='ltr'>βασιλείας</span> <span class='ocrx_word' id='word_1_120' title='bbox 954 1094 1062 1148; x_wconf 84' lang='grc' dir='ltr'>τῶν</span> <span class='ocrx_word' id='word_1_121' title='bbox 1093 1096 1362 1166; x_wconf 82' lang='grc' dir='ltr'>οὐρανῶν.</span> 
     </span>
    </p>
   </div>
   <div class='ocr_carea' id='block_1_17' title="bbox 454 1229 1954 1310">
    <p class='ocr_par' dir='ltr' id='par_1_17' title="bbox 454 1229 1954 1310">
     <span class='ocr_line' id='line_1_17' title="bbox 454 1229 1954 1310; baseline 0.01 -30"><span class='ocrx_word' id='word_1_122' title='bbox 454 1229 538 1284; x_wconf 84' lang='lat' dir='ltr'><strong>H’.</strong></span> <span class='ocrx_word' id='word_1_123' title='bbox 584 1230 642 1282; x_wconf 90' lang='grc' dir='ltr'>Ὀ</span> <span class='ocrx_word' id='word_1_124' title='bbox 678 1231 733 1284; x_wconf 78' lang='grc' dir='ltr'>δὲ</span> <span class='ocrx_word' id='word_1_125' title='bbox 764 1232 989 1302; x_wconf 67' lang='grc' dir='ltr'>ἡγεμὼν</span> <span class='ocrx_word' id='word_1_126' title='bbox 1030 1233 1282 1290; x_wconf 73' lang='grc' dir='ltr'>ἐκέλευσε</span> <span class='ocrx_word' id='word_1_127' title='bbox 1327 1239 1713 1310; x_wconf 74' lang='grc' dir='ltr'>κρεμασθῆναι</span> <span class='ocrx_word' id='word_1_128' title='bbox 1761 1242 1954 1308; x_wconf 76' lang='grc' dir='ltr'>αὑτᾶς,</span> 
     </span>
    </p>
   </div>
   <div class='ocr_carea' id='block_1_18' title="bbox 381 1320 1956 1401">
    <p class='ocr_par' dir='ltr' id='par_1_18' title="bbox 381 1320 1956 1401">
     <span class='ocr_line' id='line_1_18' title="bbox 381 1320 1956 1401; baseline 0.009 -30"><span class='ocrx_word' id='word_1_129' title='bbox 381 1321 475 1372; x_wconf 76' lang='grc' dir='ltr'>καὶ</span> <span class='ocrx_word' id='word_1_130' title='bbox 511 1320 732 1384; x_wconf 79' lang='grc' dir='ltr'>εέεσθαι</span> <span class='ocrx_word' id='word_1_131' title='bbox 765 1325 948 1377; x_wconf 79' lang='grc' dir='ltr'>αὐτῶν</span> <span class='ocrx_word' id='word_1_132' title='bbox 981 1327 1081 1390; x_wconf 88' lang='grc' dir='ltr'>τὰς</span> <span class='ocrx_word' id='word_1_133' title='bbox 1137 1330 1348 1399; x_wconf 84' lang='grc' dir='ltr'>σάρκας</span> <span class='ocrx_word' id='word_1_134' title='bbox 1397 1334 1534 1401; x_wconf 88' lang='grc' dir='ltr'><strong>μετά</strong></span> <span class='ocrx_word' id='word_1_135' title='bbox 1569 1334 1677 1388; x_wconf 81' lang='grc' dir='ltr'>τῶν</span> <span class='ocrx_word' id='word_1_136' title='bbox 1724 1335 1956 1388; x_wconf 88' lang='grc' dir='ltr'>κτενίων</span> 
     </span>
    </p>
   </div>
   <div class='ocr_carea' id='block_1_19' title="bbox 378 1413 1957 1495">
    <p class='ocr_par' dir='ltr' id='par_1_19' title="bbox 378 1413 1957 1495">
     <span class='ocr_line' id='line_1_19' title="bbox 378 1413 1957 1495; baseline 0.011 -31"><span class='ocrx_word' id='word_1_137' title='bbox 378 1413 487 1465; x_wconf 83' lang='grc' dir='ltr'>τῶν</span> <span class='ocrx_word' id='word_1_138' title='bbox 519 1415 792 1484; x_wconf 83' lang='grc' dir='ltr'>σηδηρῶν.</span> <span class='ocrx_word' id='word_1_139' title='bbox 828 1420 890 1471; x_wconf 76' lang='lat' dir='ltr'><strong>OE</strong></span> <span class='ocrx_word' id='word_1_140' title='bbox 921 1422 975 1472; x_wconf 82' lang='grc' dir='ltr'>δὲ</span> <span class='ocrx_word' id='word_1_141' title='bbox 1020 1425 1354 1493; x_wconf 85' lang='grc' dir='ltr'>στρατιῶται</span> <span class='ocrx_word' id='word_1_142' title='bbox 1402 1426 1674 1495; x_wconf 76' lang='grc' dir='ltr'>ἐθεώρουν</span> <span class='ocrx_word' id='word_1_143' title='bbox 1718 1428 1798 1481; x_wconf 74' lang='grc' dir='ltr'><strong>ὅτι</strong></span> <span class='ocrx_word' id='word_1_144' title='bbox 1835 1429 1957 1482; x_wconf 74' lang='grc' dir='ltr'>ἀντὶ</span> 
     </span>
    </p>
   </div>
   <div class='ocr_carea' id='block_1_20' title="bbox 377 1505 1956 1591">
    <p class='ocr_par' dir='ltr' id='par_1_20' title="bbox 377 1505 1956 1591">
     <span class='ocr_line' id='line_1_20' title="bbox 377 1505 1956 1591; baseline 0.01 -35"><span class='ocrx_word' id='word_1_145' title='bbox 377 1505 617 1574; x_wconf 72' lang='grc' dir='ltr'>αἵματος</span> <span class='ocrx_word' id='word_1_146' title='bbox 670 1512 811 1575; x_wconf 75' lang='grc' dir='ltr'>γάλα</span> <span class='ocrx_word' id='word_1_147' title='bbox 878 1512 1072 1584; x_wconf 72' lang='grc' dir='ltr'>ἔρρεον</span> <span class='ocrx_word' id='word_1_148' title='bbox 1104 1519 1158 1568; x_wconf 83' lang='grc' dir='ltr'>αἱ</span> <span class='ocrx_word' id='word_1_149' title='bbox 1200 1518 1408 1586; x_wconf 77' lang='grc' dir='ltr'>σάρκες</span> <span class='ocrx_word' id='word_1_150' title='bbox 1460 1521 1673 1575; x_wconf 58' lang='grc' dir='ltr'>αὐτῶν.</span> <span class='ocrx_word' id='word_1_151' title='bbox 1718 1521 1792 1574; x_wconf 66' lang='lat' dir='ltr'><strong>Ob</strong></span> <span class='ocrx_word' id='word_1_152' title='bbox 1849 1521 1956 1591; x_wconf 75' lang='grc' dir='ltr'>μὴν</span> 
     </span>
    </p>
   </div>
   <div class='ocr_carea' id='block_1_21' title="bbox 377 1596 1959 1681">
    <p class='ocr_par' dir='ltr' id='par_1_21' title="bbox 377 1596 1959 1681">
     <span class='ocr_line' id='line_1_21' title="bbox 377 1596 1959 1681; baseline 0.011 -34"><span class='ocrx_word' id='word_1_153' title='bbox 377 1596 514 1648; x_wconf 83' lang='grc' dir='ltr'><strong>ἀλλά</strong></span> <span class='ocrx_word' id='word_1_154' title='bbox 550 1599 645 1650; x_wconf 80' lang='grc' dir='ltr'>καὶ</span> <span class='ocrx_word' id='word_1_155' title='bbox 681 1600 738 1653; x_wconf 75' lang='grc' dir='ltr'><strong>αἱ</strong></span> <span class='ocrx_word' id='word_1_156' title='bbox 785 1601 991 1670; x_wconf 80' lang='grc' dir='ltr'>σάρκες</span> <span class='ocrx_word' id='word_1_157' title='bbox 1020 1606 1206 1660; x_wconf 82' lang='grc' dir='ltr'>αὐτῶν</span> <span class='ocrx_word' id='word_1_158' title='bbox 1249 1609 1504 1678; x_wconf 79' lang='grc' dir='ltr'><strong>ἑωρῶντο</strong></span> <span class='ocrx_word' id='word_1_159' title='bbox 1539 1611 1794 1681; x_wconf 72' lang='grc' dir='ltr'>λαμπραὶ</span> <span class='ocrx_word' id='word_1_160' title='bbox 1823 1611 1959 1664; x_wconf 68' lang='grc' dir='ltr'>ὡσεὶ</span> 
     </span>
    </p>
   </div>
   <div class='ocr_carea' id='block_1_22' title="bbox 377 1688 1962 1774">
    <p class='ocr_par' dir='ltr' id='par_1_22' title="bbox 377 1688 1962 1774">
     <span class='ocr_line' id='line_1_22' title="bbox 377 1688 1962 1774; baseline 0.013 -36"><span class='ocrx_word' id='word_1_161' title='bbox 377 1688 536 1758; x_wconf 82' lang='grc' dir='ltr'>χιὼν,</span> <span class='ocrx_word' id='word_1_162' title='bbox 569 1692 651 1745; x_wconf 86' lang='grc' dir='ltr'>ὅτι</span> <span class='ocrx_word' id='word_1_163' title='bbox 679 1693 902 1761; x_wconf 87' lang='grc' dir='ltr'>άγγελοι</span> <span class='ocrx_word' id='word_1_164' title='bbox 930 1697 1134 1766; x_wconf 84' lang='grc' dir='ltr'>Κυρίου</span> <span class='ocrx_word' id='word_1_165' title='bbox 1169 1701 1527 1766; x_wconf 74' lang='grc' dir='ltr'><strong>κατελθόντες</strong></span> <span class='ocrx_word' id='word_1_166' title='bbox 1566 1703 1661 1756; x_wconf 72' lang='grc' dir='ltr'><strong>καὶ</strong></span> <span class='ocrx_word' id='word_1_167' title='bbox 1689 1703 1962 1774; x_wconf 84' lang='grc' dir='ltr'>θεραπεύ-</span> 
     </span>
    </p>
   </div>
   <div class='ocr_carea' id='block_1_23' title="bbox 383 1785 1964 1867">
    <p class='ocr_par' dir='ltr' id='par_1_23' title="bbox 383 1785 1964 1867">
     <span class='ocr_line' id='line_1_23' title="bbox 383 1785 1964 1867; baseline 0.011 -34"><span class='ocrx_word' id='word_1_168' title='bbox 383 1798 582 1846; x_wconf 85' lang='grc' dir='ltr'>σαντες</span> <span class='ocrx_word' id='word_1_169' title='bbox 632 1785 820 1852; x_wconf 82' lang='grc' dir='ltr'>έλεγον</span> <span class='ocrx_word' id='word_1_170' title='bbox 869 1790 1062 1852; x_wconf 82' lang='grc' dir='ltr'>αὐταῖς</span> <span class='ocrx_word' id='word_1_171' title='bbox 1087 1807 1102 1822; x_wconf 89' lang='grc'><strong>·</strong></span> <span class='ocrx_word' id='word_1_172' title='bbox 1128 1790 1214 1862; x_wconf 83' lang='grc' dir='ltr'><strong>Μὴ</strong></span> <span class='ocrx_word' id='word_1_173' title='bbox 1267 1793 1521 1861; x_wconf 62' lang='grc' dir='ltr'>φοϐεῖσθε</span> <span class='ocrx_word' id='word_1_174' title='bbox 1542 1811 1556 1826; x_wconf 77' lang='grc' dir='ltr'><strong>ο</strong></span> <span class='ocrx_word' id='word_1_175' title='bbox 1590 1797 1618 1848; x_wconf 85' lang='grc' dir='ltr'><strong>ό</strong></span> <span class='ocrx_word' id='word_1_176' title='bbox 1646 1796 1812 1858; x_wconf 82' lang='grc' dir='ltr'>καλὸς</span> <span class='ocrx_word' id='word_1_177' title='bbox 1855 1797 1964 1867; x_wconf 75' lang='grc' dir='ltr'>γὰρ</span> 
     </span>
    </p>
   </div>
   <div class='ocr_carea' id='block_1_24' title="bbox 2135 1242 3650 1312">
    <p class='ocr_par' dir='ltr' id='par_1_24' title="bbox 2135 1242 3650 1312">
     <span class='ocr_line' id='line_1_24' title="bbox 2135 1242 3650 1312; baseline -0.001 -13"><span class='ocrx_word' id='word_1_178' title='bbox 2135 1243 2273 1299; x_wconf 80' lang='lat' dir='ltr'><strong>Vill.</strong></span> <span class='ocrx_word' id='word_1_179' title='bbox 2313 1244 2521 1298; x_wconf 83' lang='lat' dir='ltr'><strong>Praeses</strong></span> <span class='ocrx_word' id='word_1_180' title='bbox 2571 1253 2754 1298; x_wconf 88' lang='lat' dir='ltr'><strong>autem</strong></span> <span class='ocrx_word' id='word_1_181' title='bbox 2799 1243 2966 1312; x_wconf 81' lang='lat' dir='ltr'><strong>jussit</strong></span> <span class='ocrx_word' id='word_1_182' title='bbox 3008 1259 3106 1298; x_wconf 86' lang='lat' dir='ltr'><strong>eas</strong></span> <span class='ocrx_word' id='word_1_183' title='bbox 3149 1242 3434 1312; x_wconf 84' lang='lat' dir='ltr'><strong>suspendi,</strong></span> <span class='ocrx_word' id='word_1_184' title='bbox 3466 1250 3522 1296; x_wconf 91' lang='lat' dir='ltr'><strong>et</strong></span> <span class='ocrx_word' id='word_1_185' title='bbox 3551 1257 3650 1297; x_wconf 86' lang='lat' dir='ltr'><strong>ea-</strong></span> 
     </span>
    </p>
   </div>
   <div class='ocr_carea' id='block_1_25' title="bbox 2063 1335 3658 1406">
    <p class='ocr_par' dir='ltr' id='par_1_25' title="bbox 2063 1335 3658 1406">
     <span class='ocr_line' id='line_1_25' title="bbox 2063 1335 3658 1406; baseline -0.002 -14"><span class='ocrx_word' id='word_1_186' title='bbox 2063 1354 2182 1392; x_wconf 87' lang='lat' dir='ltr'><strong>rum</strong></span> <span class='ocrx_word' id='word_1_187' title='bbox 2203 1352 2402 1391; x_wconf 86' lang='lat' dir='ltr'><strong>carnes</strong></span> <span class='ocrx_word' id='word_1_188' title='bbox 2424 1336 2650 1390; x_wconf 88' lang='lat' dir='ltr'><strong>lacerari</strong></span> <span class='ocrx_word' id='word_1_189' title='bbox 2673 1337 2984 1406; x_wconf 91' lang='lat' dir='ltr'><strong>pectinibus</strong></span> <span class='ocrx_word' id='word_1_190' title='bbox 3008 1335 3507 1391; x_wconf 80' lang='lat' dir='ltr'><strong>ferreis.Videbant</strong></span> <span class='ocrx_word' id='word_1_191' title='bbox 3526 1351 3658 1389; x_wconf 87' lang='lat' dir='ltr'><strong>vero</strong></span> 
     </span>
    </p>
   </div>
   <div class='ocr_carea' id='block_1_26' title="bbox 2064 1428 3658 1499">
    <p class='ocr_par' dir='ltr' id='par_1_26' title="bbox 2064 1428 3658 1499">
     <span class='ocr_line' id='line_1_26' title="bbox 2064 1428 3658 1499; baseline -0.001 -16"><span class='ocrx_word' id='word_1_192' title='bbox 2064 1429 2264 1484; x_wconf 76' lang='lat' dir='ltr'><strong>milites</strong></span> <span class='ocrx_word' id='word_1_193' title='bbox 2294 1444 2356 1482; x_wconf 81' lang='lat' dir='ltr'><strong>ex</strong></span> <span class='ocrx_word' id='word_1_194' title='bbox 2400 1444 2588 1484; x_wconf 89' lang='lat' dir='ltr'><strong>earum</strong></span> <span class='ocrx_word' id='word_1_195' title='bbox 2616 1429 2878 1484; x_wconf 88' lang='lat' dir='ltr'><strong>carnibus</strong></span> <span class='ocrx_word' id='word_1_196' title='bbox 2910 1445 3132 1483; x_wconf 88' lang='lat' dir='ltr'><strong>manare</strong></span> <span class='ocrx_word' id='word_1_197' title='bbox 3169 1429 3254 1484; x_wconf 91' lang='lat' dir='ltr'><strong>lac</strong></span> <span class='ocrx_word' id='word_1_198' title='bbox 3302 1443 3403 1499; x_wconf 90' lang='lat' dir='ltr'><strong>pro</strong></span> <span class='ocrx_word' id='word_1_199' title='bbox 3435 1428 3658 1496; x_wconf 82' lang='lat' dir='ltr'><strong>sangui-</strong></span> 
     </span>
    </p>
   </div>
   <div class='ocr_carea' id='block_1_27' title="bbox 2065 1521 3657 1588">
    <p class='ocr_par' dir='ltr' id='par_1_27' title="bbox 2065 1521 3657 1588">
     <span class='ocr_line' id='line_1_27' title="bbox 2065 1521 3657 1588; baseline -0.002 -12"><span class='ocrx_word' id='word_1_200' title='bbox 2065 1537 2157 1576; x_wconf 88' lang='lat' dir='ltr'><strong>ne.</strong></span> <span class='ocrx_word' id='word_1_201' title='bbox 2193 1521 2335 1588; x_wconf 88' lang='lat' dir='ltr'><strong>Quin</strong></span> <span class='ocrx_word' id='word_1_202' title='bbox 2379 1521 2546 1576; x_wconf 92' lang='lat' dir='ltr'><strong>etiam</strong></span> <span class='ocrx_word' id='word_1_203' title='bbox 2582 1536 2771 1576; x_wconf 86' lang='lat' dir='ltr'><strong>earum</strong></span> <span class='ocrx_word' id='word_1_204' title='bbox 2805 1537 3003 1577; x_wconf 88' lang='lat' dir='ltr'><strong>carnes</strong></span> <span class='ocrx_word' id='word_1_205' title='bbox 3057 1521 3431 1581; x_wconf 86' lang='lat' dir='ltr'><strong>cernebantur</strong></span> <span class='ocrx_word' id='word_1_206' title='bbox 3473 1531 3532 1575; x_wconf 90' lang='lat' dir='ltr'><strong>ut</strong></span> <span class='ocrx_word' id='word_1_207' title='bbox 3563 1523 3657 1574; x_wconf 79' lang='lat' dir='ltr'><strong>nix</strong></span> 
     </span>
    </p>
   </div>
   <div class='ocr_carea' id='block_1_28' title="bbox 2065 1614 3656 1686">
    <p class='ocr_par' dir='ltr' id='par_1_28' title="bbox 2065 1614 3656 1686">
     <span class='ocr_line' id='line_1_28' title="bbox 2065 1614 3656 1686; baseline -0.003 -16"><span class='ocrx_word' id='word_1_208' title='bbox 2065 1614 2333 1670; x_wconf 68' lang='lat' dir='ltr'><strong>candidae.</strong></span> <span class='ocrx_word' id='word_1_209' title='bbox 2380 1615 2572 1686; x_wconf 77' lang='lat' dir='ltr'><strong>Angeli</strong></span> <span class='ocrx_word' id='word_1_210' title='bbox 2611 1615 2758 1670; x_wconf 87' lang='lat' dir='ltr'><strong>enim</strong></span> <span class='ocrx_word' id='word_1_211' title='bbox 2809 1617 3066 1680; x_wconf 88' lang='lat' dir='ltr'><strong>Domini,</strong></span> <span class='ocrx_word' id='word_1_212' title='bbox 3095 1617 3187 1686; x_wconf 88' lang='lat' dir='ltr'><strong>qui</strong></span> <span class='ocrx_word' id='word_1_213' title='bbox 3225 1616 3656 1676; x_wconf 81' lang='lat' dir='ltr'><strong>descenderant,</strong></span> 
     </span>
    </p>
   </div>
   <div class='ocr_carea' id='block_1_29' title="bbox 2069 1707 3657 1771">
    <p class='ocr_par' dir='ltr' id='par_1_29' title="bbox 2069 1707 3657 1771">
     <span class='ocr_line' id='line_1_29' title="bbox 2069 1707 3657 1771; baseline -0.001 -11"><span class='ocrx_word' id='word_1_214' title='bbox 2069 1721 2193 1760; x_wconf 93' lang='lat' dir='ltr'><strong>cum</strong></span> <span class='ocrx_word' id='word_1_215' title='bbox 2235 1722 2330 1762; x_wconf 91' lang='lat' dir='ltr'><strong>eas</strong></span> <span class='ocrx_word' id='word_1_216' title='bbox 2378 1717 2688 1771; x_wconf 86' lang='lat' dir='ltr'><strong>curassent,</strong></span> <span class='ocrx_word' id='word_1_217' title='bbox 2742 1707 3004 1762; x_wconf 86' lang='lat' dir='ltr'><strong>dicebant</strong></span> <span class='ocrx_word' id='word_1_218' title='bbox 3051 1708 3132 1762; x_wconf 88' lang='lat' dir='ltr'><strong>eis</strong></span> <span class='ocrx_word' id='word_1_219' title='bbox 3181 1723 3194 1757; x_wconf 86' lang='lat'><strong>:</strong></span> <span class='ocrx_word' id='word_1_220' title='bbox 3253 1707 3331 1761; x_wconf 88' lang='lat' dir='ltr'><strong>Ne</strong></span> <span class='ocrx_word' id='word_1_221' title='bbox 3394 1707 3657 1760; x_wconf 83' lang='lat' dir='ltr'><strong>timeatis.</strong></span> 
     </span>
    </p>
   </div>
   <div class='ocr_carea' id='block_1_30' title="bbox 2071 1799 3660 1870">
    <p class='ocr_par' dir='ltr' id='par_1_30' title="bbox 2071 1799 3660 1870">
     <span class='ocr_line' id='line_1_30' title="bbox 2071 1799 3660 1870; baseline 0 -18"><span class='ocrx_word' id='word_1_222' title='bbox 2071 1799 2258 1855; x_wconf 87' lang='lat' dir='ltr'><strong>Bonus</strong></span> <span class='ocrx_word' id='word_1_223' title='bbox 2306 1801 2456 1854; x_wconf 90' lang='lat' dir='ltr'><strong>enim</strong></span> <span class='ocrx_word' id='word_1_224' title='bbox 2519 1801 2813 1870; x_wconf 86' lang='lat' dir='ltr'><strong>cperarius</strong></span> <span class='ocrx_word' id='word_1_225' title='bbox 2856 1817 2982 1856; x_wconf 91' lang='lat' dir='ltr'><strong>cum</strong></span> <span class='ocrx_word' id='word_1_226' title='bbox 3041 1809 3230 1855; x_wconf 77' lang='lat' dir='ltr'><strong>aestate</strong></span> <span class='ocrx_word' id='word_1_227' title='bbox 3284 1800 3556 1868; x_wconf 78' lang='lat' dir='ltr'><strong>inceperit</strong></span> <span class='ocrx_word' id='word_1_228' title='bbox 3603 1806 3660 1852; x_wconf 90' lang='lat' dir='ltr'><strong>ct</strong></span> 
     </span>
    </p>
   </div>
   <div class='ocr_carea' id='block_1_31' title="bbox 384 1874 1972 1962">
    <p class='ocr_par' dir='ltr' id='par_1_31' title="bbox 384 1874 1972 1954">
     <span class='ocr_line' id='line_1_31' title="bbox 384 1874 1972 1954; baseline 0.003 -16"><span class='ocrx_word' id='word_1_229' title='bbox 384 1874 630 1945; x_wconf 65' lang='grc' dir='ltr'>ἐργάτης</span> <span class='ocrx_word' id='word_1_230' title='bbox 665 1880 972 1949; x_wconf 72' lang='grc' dir='ltr'>ἀρξάμενος</span> <span class='ocrx_word' id='word_1_231' title='bbox 1005 1885 1063 1936; x_wconf 75' lang='grc' dir='ltr'><strong>ἐν</strong></span> <span class='ocrx_word' id='word_1_232' title='bbox 1085 1883 1240 1954; x_wconf 88' lang='grc' dir='ltr'>θέρει</span> <span class='ocrx_word' id='word_1_233' title='bbox 1269 1888 1362 1939; x_wconf 78' lang='grc' dir='ltr'>καὶ</span> <span class='ocrx_word' id='word_1_234' title='bbox 1392 1887 1643 1951; x_wconf 80' lang='grc' dir='ltr'>τελέσας,</span> <span class='ocrx_word' id='word_1_235' title='bbox 1681 1889 1776 1943; x_wconf 81' lang='grc' dir='ltr'>καὶ</span> <span class='ocrx_word' id='word_1_236' title='bbox 1816 1890 1972 1942; x_wconf 74' lang='grc' dir='ltr'>εὐλο-</span> 
     </span>
    </p>
   </div>
   <div class='ocr_carea' id='block_1_32' title="bbox 2077 1874 3658 1962">
    <p class='ocr_par' dir='ltr' id='par_1_32' title="bbox 2077 1891 3658 1962">
     <span class='ocr_line' id='line_1_32' title="bbox 2077 1891 3658 1962; baseline -0.001 -16"><span class='ocrx_word' id='word_1_237' title='bbox 2077 1892 2392 1962; x_wconf 83' lang='lat' dir='ltr'><strong>perl’eeerit,</strong></span> <span class='ocrx_word' id='word_1_238' title='bbox 2425 1901 2480 1947; x_wconf 91' lang='lat' dir='ltr'><strong>et</strong></span> <span class='ocrx_word' id='word_1_239' title='bbox 2511 1910 2539 1948; x_wconf 77' lang='grc' dir='ltr'><strong>α</strong></span> <span class='ocrx_word' id='word_1_240' title='bbox 2577 1893 2801 1947; x_wconf 82' lang='lat' dir='ltr'><strong>domino</strong></span> <span class='ocrx_word' id='word_1_241' title='bbox 2850 1893 3038 1962; x_wconf 89' lang='lat' dir='ltr'><strong>operis</strong></span> <span class='ocrx_word' id='word_1_242' title='bbox 3085 1892 3254 1947; x_wconf 79' lang='lat' dir='ltr'><strong>fuerit</strong></span> <span class='ocrx_word' id='word_1_243' title='bbox 3305 1891 3658 1954; x_wconf 83' lang='lat' dir='ltr'><strong>benedictus,</strong></span> 
     </span>
    </p>
   </div>
   <div class='ocr_carea' id='block_1_33' title="bbox 384 1966 1968 2052">
    <p class='ocr_par' dir='ltr' id='par_1_33' title="bbox 384 1966 1968 2052">
     <span class='ocr_line' id='line_1_33' title="bbox 384 1966 1968 2052; baseline 0.01 -33"><span class='ocrx_word' id='word_1_244' title='bbox 384 1966 580 2037; x_wconf 81' lang='grc' dir='ltr'>γηθεὶς</span> <span class='ocrx_word' id='word_1_245' title='bbox 610 1972 762 2040; x_wconf 76' lang='grc' dir='ltr'>παρὰ</span> <span class='ocrx_word' id='word_1_246' title='bbox 788 1973 884 2026; x_wconf 91' lang='grc' dir='ltr'><strong>τοῦ</strong></span> <span class='ocrx_word' id='word_1_247' title='bbox 916 1976 1230 2046; x_wconf 83' lang='grc' dir='ltr'>ὲργοδότου,</span> <span class='ocrx_word' id='word_1_248' title='bbox 1277 1979 1371 2034; x_wconf 79' lang='grc' dir='ltr'><strong>καὶ</strong></span> <span class='ocrx_word' id='word_1_249' title='bbox 1421 1980 1604 2034; x_wconf 83' lang='grc' dir='ltr'>λαϐὼν</span> <span class='ocrx_word' id='word_1_250' title='bbox 1647 1981 1738 2034; x_wconf 81' lang='grc' dir='ltr'><strong>τὸν</strong></span> <span class='ocrx_word' id='word_1_251' title='bbox 1776 1981 1968 2052; x_wconf 80' lang='grc' dir='ltr'>μισθὸν</span> 
     </span>
    </p>
   </div>
   <div class='ocr_carea' id='block_1_34' title="bbox 385 2059 1968 2138">
    <p class='ocr_par' dir='ltr' id='par_1_34' title="bbox 385 2059 1968 2138">
     <span class='ocr_line' id='line_1_34' title="bbox 385 2059 1968 2138; baseline 0.009 -23"><span class='ocrx_word' id='word_1_252' title='bbox 385 2059 573 2122; x_wconf 76' lang='grc' dir='ltr'>αὐτοῦ.</span> <span class='ocrx_word' id='word_1_253' title='bbox 611 2066 824 2134; x_wconf 80' lang='grc' dir='ltr'>χαίρων</span> <span class='ocrx_word' id='word_1_254' title='bbox 865 2069 1166 2138; x_wconf 85' lang='grc' dir='ltr'>πορεύεται</span> <span class='ocrx_word' id='word_1_255' title='bbox 1202 2074 1282 2133; x_wconf 83' lang='grc' dir='ltr'>εἰς</span> <span class='ocrx_word' id='word_1_256' title='bbox 1326 2073 1417 2126; x_wconf 77' lang='grc' dir='ltr'>τὸν</span> <span class='ocrx_word' id='word_1_257' title='bbox 1446 2070 1598 2127; x_wconf 74' lang='grc' dir='ltr'>οἷκον</span> <span class='ocrx_word' id='word_1_258' title='bbox 1636 2075 1821 2127; x_wconf 81' lang='grc' dir='ltr'>αὑτοῦ.</span> <span class='ocrx_word' id='word_1_259' title='bbox 1861 2074 1968 2128; x_wconf 73' lang='lat'><strong>0&#39;5-</strong></span> 
     </span>
    </p>
   </div>
   <div class='ocr_carea' id='block_1_35' title="bbox 385 2153 1969 2237">
    <p class='ocr_par' dir='ltr' id='par_1_35' title="bbox 385 2153 1969 2237">
     <span class='ocr_line' id='line_1_35' title="bbox 385 2153 1969 2237; baseline 0.008 -30"><span class='ocrx_word' id='word_1_260' title='bbox 385 2173 496 2219; x_wconf 84' lang='grc' dir='ltr'><strong>τως</strong></span> <span class='ocrx_word' id='word_1_261' title='bbox 540 2153 636 2210; x_wconf 81' lang='grc' dir='ltr'>οὖν</span> <span class='ocrx_word' id='word_1_262' title='bbox 689 2161 782 2212; x_wconf 77' lang='grc' dir='ltr'><strong>καὶ</strong></span> <span class='ocrx_word' id='word_1_263' title='bbox 821 2162 980 2230; x_wconf 84' lang='grc' dir='ltr'>ὑμεῖς</span> <span class='ocrx_word' id='word_1_264' title='bbox 1033 2164 1403 2231; x_wconf 86' lang='grc' dir='ltr'>ἀγωνίσασθε,</span> <span class='ocrx_word' id='word_1_265' title='bbox 1456 2167 1604 2229; x_wconf 78' lang='grc' dir='ltr'>ὅπως</span> <span class='ocrx_word' id='word_1_266' title='bbox 1655 2167 1969 2237; x_wconf 80' lang='grc' dir='ltr'>ἀπολάϐητε</span> 
     </span>
    </p>
   </div>
   <div class='ocr_carea' id='block_1_36' title="bbox 384 2249 1971 2331">
    <p class='ocr_par' dir='ltr' id='par_1_36' title="bbox 384 2249 1971 2331">
     <span class='ocr_line' id='line_1_36' title="bbox 384 2249 1971 2331; baseline 0.01 -32"><span class='ocrx_word' id='word_1_267' title='bbox 384 2249 540 2317; x_wconf 79' lang='grc' dir='ltr'><strong>παρά</strong></span> <span class='ocrx_word' id='word_1_268' title='bbox 578 2252 673 2305; x_wconf 85' lang='grc' dir='ltr'><strong>τοῦ</strong></span> <span class='ocrx_word' id='word_1_269' title='bbox 708 2253 964 2324; x_wconf 83' lang='grc' dir='ltr'>Σωτῆρος</span> <span class='ocrx_word' id='word_1_270' title='bbox 996 2256 1158 2324; x_wconf 75' lang='grc' dir='ltr'>ἡμῶν</span> <span class='ocrx_word' id='word_1_271' title='bbox 1206 2257 1385 2325; x_wconf 80' lang='grc' dir='ltr'>Ἰησοῦ</span> <span class='ocrx_word' id='word_1_272' title='bbox 1422 2259 1661 2328; x_wconf 75' lang='grc' dir='ltr'>Χριστοῦ</span> <span class='ocrx_word' id='word_1_273' title='bbox 1707 2261 1808 2331; x_wconf 82' lang='grc' dir='ltr'>τὴν</span> <span class='ocrx_word' id='word_1_274' title='bbox 1840 2263 1971 2314; x_wconf 71' lang='lat' dir='ltr'><strong>aldi-</strong></span> 
     </span>
    </p>
   </div>
   <div class='ocr_carea' id='block_1_37' title="bbox 387 2341 1972 2422">
    <p class='ocr_par' dir='ltr' id='par_1_37' title="bbox 387 2341 1972 2422">
     <span class='ocr_line' id='line_1_37' title="bbox 387 2341 1972 2422; baseline 0.011 -32"><span class='ocrx_word' id='word_1_275' title='bbox 387 2355 503 2392; x_wconf 90' lang='grc' dir='ltr'>νιον</span> <span class='ocrx_word' id='word_1_276' title='bbox 535 2341 629 2393; x_wconf 77' lang='grc' dir='ltr'>καὶ</span> <span class='ocrx_word' id='word_1_277' title='bbox 661 2343 1024 2415; x_wconf 77' lang='grc' dir='ltr'>ἀτελεύτητον</span> <span class='ocrx_word' id='word_1_278' title='bbox 1057 2347 1229 2419; x_wconf 80' lang='grc' dir='ltr'>ζωήν.</span> <span class='ocrx_word' id='word_1_279' title='bbox 1267 2351 1402 2403; x_wconf 86' lang='grc' dir='ltr'>Τότε</span> <span class='ocrx_word' id='word_1_280' title='bbox 1441 2353 1470 2404; x_wconf 82' lang='grc' dir='ltr'><strong>ό</strong></span> <span class='ocrx_word' id='word_1_281' title='bbox 1497 2350 1722 2422; x_wconf 81' lang='grc' dir='ltr'>ἡγεμὼν</span> <span class='ocrx_word' id='word_1_282' title='bbox 1753 2354 1972 2407; x_wconf 80' lang='grc' dir='ltr'><strong>ἐκέλευ⁶</strong></span> 
     </span>
    </p>
   </div>
   <div class='ocr_carea' id='block_1_38' title="bbox 358 2437 1970 2518">
    <p class='ocr_par' dir='ltr' id='par_1_38' title="bbox 358 2437 1970 2518">
     <span class='ocr_line' id='line_1_38' title="bbox 358 2437 1970 2518; baseline 0.012 -37"><span class='ocrx_word' id='word_1_283' title='bbox 358 2479 360 2481; x_wconf 74' lang='lat'><strong>.</strong></span> <span class='ocrx_word' id='word_1_284' title='bbox 393 2449 488 2484; x_wconf 86' lang='grc' dir='ltr'><strong>σεν</strong></span> <span class='ocrx_word' id='word_1_285' title='bbox 538 2437 962 2508; x_wconf 75' lang='grc' dir='ltr'>κατενεχθείσας</span> <span class='ocrx_word' id='word_1_286' title='bbox 993 2442 1165 2505; x_wconf 78' lang='grc' dir='ltr'>αὐτάς</span> <span class='ocrx_word' id='word_1_287' title='bbox 1216 2442 1486 2513; x_wconf 82' lang='grc' dir='ltr'>βληθῆναι</span> <span class='ocrx_word' id='word_1_288' title='bbox 1537 2447 1594 2497; x_wconf 86' lang='grc' dir='ltr'><strong>ὲν</strong></span> <span class='ocrx_word' id='word_1_289' title='bbox 1627 2449 1692 2517; x_wconf 80' lang='grc' dir='ltr'>τῇ</span> <span class='ocrx_word' id='word_1_290' title='bbox 1730 2447 1970 2518; x_wconf 79' lang='grc' dir='ltr'>καμίνῳ.</span> 
     </span>
    </p>
   </div>
   <div class='ocr_carea' id='block_1_39' title="bbox 394 2527 1974 2609">
    <p class='ocr_par' dir='ltr' id='par_1_39' title="bbox 394 2527 1974 2609">
     <span class='ocr_line' id='line_1_39' title="bbox 394 2527 1974 2609; baseline 0.009 -32"><span class='ocrx_word' id='word_1_291' title='bbox 394 2527 502 2577; x_wconf 82' lang='grc' dir='ltr'><strong>Καὶ</strong></span> <span class='ocrx_word' id='word_1_292' title='bbox 551 2527 860 2598; x_wconf 85' lang='grc' dir='ltr'>βληθέντων</span> <span class='ocrx_word' id='word_1_293' title='bbox 888 2534 1072 2586; x_wconf 75' lang='grc' dir='ltr'>αὐτῶν</span> <span class='ocrx_word' id='word_1_294' title='bbox 1107 2534 1312 2598; x_wconf 78' lang='grc' dir='ltr'>εῦθέως</span> <span class='ocrx_word' id='word_1_295' title='bbox 1359 2537 1575 2606; x_wconf 74' lang='grc' dir='ltr'>ἐπαύθη</span> <span class='ocrx_word' id='word_1_296' title='bbox 1605 2538 1664 2591; x_wconf 81' lang='grc' dir='ltr'><strong>τὸ</strong></span> <span class='ocrx_word' id='word_1_297' title='bbox 1712 2538 1844 2609; x_wconf 85' lang='grc' dir='ltr'>πῦρ,</span> <span class='ocrx_word' id='word_1_298' title='bbox 1879 2540 1974 2592; x_wconf 73' lang='grc' dir='ltr'><strong>καὶ</strong></span> 
     </span>
    </p>
   </div>
   <div class='ocr_carea' id='block_1_40' title="bbox 390 2619 1974 2700">
    <p class='ocr_par' dir='ltr' id='par_1_40' title="bbox 390 2619 1974 2700">
     <span class='ocr_line' id='line_1_40' title="bbox 390 2619 1974 2700; baseline 0.009 -30"><span class='ocrx_word' id='word_1_299' title='bbox 390 2619 768 2690; x_wconf 67' lang='grc' dir='ltr'>ἐξεϐλήθησαν</span> <span class='ocrx_word' id='word_1_300' title='bbox 823 2625 888 2678; x_wconf 71' lang='grc' dir='ltr'>ὲκ</span> <span class='ocrx_word' id='word_1_301' title='bbox 943 2626 1046 2696; x_wconf 83' lang='grc' dir='ltr'><strong>τῆς</strong></span> <span class='ocrx_word' id='word_1_302' title='bbox 1097 2629 1334 2699; x_wconf 87' lang='grc' dir='ltr'>καμίνου</span> <span class='ocrx_word' id='word_1_303' title='bbox 1385 2630 1442 2683; x_wconf 77' lang='grc' dir='ltr'>αἱ</span> <span class='ocrx_word' id='word_1_304' title='bbox 1505 2631 1660 2699; x_wconf 75' lang='grc' dir='ltr'>ἅγιαι</span> <span class='ocrx_word' id='word_1_305' title='bbox 1714 2634 1974 2700; x_wconf 80' lang='grc' dir='ltr'>γυναῖκες</span> 
     </span>
    </p>
   </div>
   <div class='ocr_carea' id='block_1_41' title="bbox 388 2711 1972 2796">
    <p class='ocr_par' dir='ltr' id='par_1_41' title="bbox 388 2711 1972 2796">
     <span class='ocr_line' id='line_1_41' title="bbox 388 2711 1972 2796; baseline 0.012 -35"><span class='ocrx_word' id='word_1_306' title='bbox 388 2711 652 2776; x_wconf 83' lang='grc' dir='ltr'>ἀϐλαϐεῖς</span> <span class='ocrx_word' id='word_1_307' title='bbox 681 2715 1043 2785; x_wconf 66' lang='grc' dir='ltr'>φυλαχθεῖσαν.</span> <span class='ocrx_word' id='word_1_308' title='bbox 1072 2723 1139 2790; x_wconf 76' lang='grc' dir='ltr'>τῇ</span> <span class='ocrx_word' id='word_1_309' title='bbox 1180 2721 1274 2774; x_wconf 90' lang='grc' dir='ltr'><strong>τοῦ</strong></span> <span class='ocrx_word' id='word_1_310' title='bbox 1310 2725 1519 2795; x_wconf 85' lang='grc' dir='ltr'>Κυρίου</span> <span class='ocrx_word' id='word_1_311' title='bbox 1567 2725 1774 2796; x_wconf 81' lang='grc' dir='ltr'>χάριτι.</span> <span class='ocrx_word' id='word_1_312' title='bbox 1807 2727 1972 2795; x_wconf 77' lang='grc' dir='ltr'>Λέγει</span> 
     </span>
    </p>
   </div>
   <div class='ocr_carea' id='block_1_42' title="bbox 392 2800 1975 2890">
    <p class='ocr_par' dir='ltr' id='par_1_42' title="bbox 392 2800 1975 2890">
     <span class='ocr_line' id='line_1_42' title="bbox 392 2800 1975 2890; baseline 0.013 -37"><span class='ocrx_word' id='word_1_313' title='bbox 392 2800 486 2855; x_wconf 81' lang='grc' dir='ltr'>οὖν</span> <span class='ocrx_word' id='word_1_314' title='bbox 521 2805 656 2873; x_wconf 86' lang='grc' dir='ltr'>πρὸς</span> <span class='ocrx_word' id='word_1_315' title='bbox 690 2807 864 2871; x_wconf 81' lang='grc' dir='ltr'>αὐτάς</span> <span class='ocrx_word' id='word_1_316' title='bbox 893 2811 922 2861; x_wconf 86' lang='grc' dir='ltr'><strong>ό</strong></span> <span class='ocrx_word' id='word_1_317' title='bbox 956 2811 1204 2881; x_wconf 75' lang='grc' dir='ltr'>ἡγεμών·</span> <span class='ocrx_word' id='word_1_318' title='bbox 1247 2815 1680 2888; x_wconf 66' lang='grc' dir='ltr'>’Δπορῤίψαντες</span> <span class='ocrx_word' id='word_1_319' title='bbox 1712 2817 1812 2881; x_wconf 77' lang='grc' dir='ltr'>τὰς</span> <span class='ocrx_word' id='word_1_320' title='bbox 1842 2835 1975 2890; x_wconf 90' lang='grc' dir='ltr'>γοη-</span> 
     </span>
    </p>
   </div>
   <div class='ocr_carea' id='block_1_43' title="bbox 394 2896 1971 2983">
    <p class='ocr_par' dir='ltr' id='par_1_43' title="bbox 394 2896 1971 2983">
     <span class='ocr_line' id='line_1_43' title="bbox 394 2896 1971 2983; baseline 0.014 -37"><span class='ocrx_word' id='word_1_321' title='bbox 394 2896 546 2960; x_wconf 82' lang='grc' dir='ltr'>τείας</span> <span class='ocrx_word' id='word_1_322' title='bbox 588 2900 745 2966; x_wconf 81' lang='grc' dir='ltr'>ὐμῶν</span> <span class='ocrx_word' id='word_1_323' title='bbox 792 2904 1124 2971; x_wconf 78' lang='grc' dir='ltr'>προσέλθετε</span> <span class='ocrx_word' id='word_1_324' title='bbox 1158 2909 1254 2960; x_wconf 69' lang='grc' dir='ltr'><strong>καὶ</strong></span> <span class='ocrx_word' id='word_1_325' title='bbox 1287 2909 1489 2964; x_wconf 77' lang='grc' dir='ltr'>θύσατε</span> <span class='ocrx_word' id='word_1_326' title='bbox 1519 2915 1629 2973; x_wconf 86' lang='grc' dir='ltr'>τοῖς</span> <span class='ocrx_word' id='word_1_327' title='bbox 1663 2911 1807 2975; x_wconf 85' lang='grc' dir='ltr'>θεοῖς</span> <span class='ocrx_word' id='word_1_328' title='bbox 1849 2930 1971 2983; x_wconf 86' lang='grc' dir='ltr'>μου.</span> 
     </span>
    </p>
   </div>
   <div class='ocr_carea' id='block_1_44' title="bbox 393 2988 1974 3073">
    <p class='ocr_par' dir='ltr' id='par_1_44' title="bbox 393 2988 1974 3073">
     <span class='ocr_line' id='line_1_44' title="bbox 393 2988 1974 3073; baseline 0.012 -34"><span class='ocrx_word' id='word_1_329' title='bbox 393 2989 458 3040; x_wconf 78' lang='grc' dir='ltr'>Δί</span> <span class='ocrx_word' id='word_1_330' title='bbox 512 2988 568 3041; x_wconf 66' lang='grc' dir='ltr'>δὲ</span> <span class='ocrx_word' id='word_1_331' title='bbox 621 2990 778 3058; x_wconf 72' lang='grc' dir='ltr'>ἅγιαι</span> <span class='ocrx_word' id='word_1_332' title='bbox 817 2994 959 3047; x_wconf 77' lang='grc' dir='ltr'>ἑπτὰ</span> <span class='ocrx_word' id='word_1_333' title='bbox 1009 2999 1272 3063; x_wconf 86' lang='grc' dir='ltr'>γυναῖκες</span> <span class='ocrx_word' id='word_1_334' title='bbox 1319 2999 1396 3062; x_wconf 83' lang='grc' dir='ltr'>ὡς</span> <span class='ocrx_word' id='word_1_335' title='bbox 1442 2999 1502 3065; x_wconf 70' lang='grc' dir='ltr'><strong>ἐξ</strong></span> <span class='ocrx_word' id='word_1_336' title='bbox 1537 3003 1655 3065; x_wconf 78' lang='grc' dir='ltr'>ἑνὸς</span> <span class='ocrx_word' id='word_1_337' title='bbox 1705 3003 1974 3073; x_wconf 87' lang='grc' dir='ltr'>στόματος</span> 
     </span>
    </p>
   </div>
   <div class='ocr_carea' id='block_1_45' title="bbox 390 3077 1976 3164">
    <p class='ocr_par' dir='ltr' id='par_1_45' title="bbox 390 3077 1976 3164">
     <span class='ocr_line' id='line_1_45' title="bbox 390 3077 1976 3164; baseline 0.011 -32"><span class='ocrx_word' id='word_1_338' title='bbox 390 3077 546 3134; x_wconf 75' lang='grc' dir='ltr'>εἷπον</span> <span class='ocrx_word' id='word_1_339' title='bbox 574 3083 749 3153; x_wconf 81' lang='grc' dir='ltr'>αὐτῷ’</span> <span class='ocrx_word' id='word_1_340' title='bbox 776 3086 866 3154; x_wconf 86' lang='grc' dir='ltr'><strong>Μή</strong></span> <span class='ocrx_word' id='word_1_341' title='bbox 894 3103 977 3140; x_wconf 90' lang='grc' dir='ltr'><strong>σοι</strong></span> <span class='ocrx_word' id='word_1_342' title='bbox 1017 3089 1245 3157; x_wconf 87' lang='grc' dir='ltr'>γένηται</span> <span class='ocrx_word' id='word_1_343' title='bbox 1271 3090 1455 3154; x_wconf 81' lang='grc' dir='ltr'>τοῦτο.</span> <span class='ocrx_word' id='word_1_344' title='bbox 1488 3093 1636 3146; x_wconf 86' lang='grc' dir='ltr'>κύων</span> <span class='ocrx_word' id='word_1_345' title='bbox 1673 3095 1976 3164; x_wconf 84' lang='grc' dir='ltr'>αίμοπότα,</span> 
     </span>
    </p>
   </div>
   <div class='ocr_carea' id='block_1_46' title="bbox 390 3174 1974 3258">
    <p class='ocr_par' dir='ltr' id='par_1_46' title="bbox 390 3174 1974 3258">
     <span class='ocr_line' id='line_1_46' title="bbox 390 3174 1974 3258; baseline 0.009 -33"><span class='ocrx_word' id='word_1_346' title='bbox 390 3174 477 3225; x_wconf 82' lang='grc' dir='ltr'><strong>ἵνα</strong></span> <span class='ocrx_word' id='word_1_347' title='bbox 511 3174 674 3243; x_wconf 75' lang='grc' dir='ltr'>ἡμεῖς</span> <span class='ocrx_word' id='word_1_348' title='bbox 709 3175 1134 3247; x_wconf 74' lang='grc' dir='ltr'>καταλείψωμεν</span> <span class='ocrx_word' id='word_1_349' title='bbox 1179 3181 1272 3232; x_wconf 73' lang='grc' dir='ltr'><strong>τὸν</strong></span> <span class='ocrx_word' id='word_1_350' title='bbox 1306 3181 1515 3254; x_wconf 82' lang='grc' dir='ltr'>Κύριον</span> <span class='ocrx_word' id='word_1_351' title='bbox 1561 3185 1718 3254; x_wconf 74' lang='grc' dir='ltr'>ἡμῶν</span> <span class='ocrx_word' id='word_1_352' title='bbox 1765 3187 1974 3258; x_wconf 79' lang='grc' dir='ltr'>Ἰησοῦν</span> 
     </span>
    </p>
   </div>
   <div class='ocr_carea' id='block_1_47' title="bbox 387 3268 1975 3348">
    <p class='ocr_par' dir='ltr' id='par_1_47' title="bbox 387 3268 1975 3348">
     <span class='ocr_line' id='line_1_47' title="bbox 387 3268 1975 3348; baseline 0.008 -28"><span class='ocrx_word' id='word_1_353' title='bbox 387 3268 645 3337; x_wconf 70' lang='grc' dir='ltr'>Χριστὸν,</span> <span class='ocrx_word' id='word_1_354' title='bbox 680 3268 777 3321; x_wconf 84' lang='grc' dir='ltr'>καὶ</span> <span class='ocrx_word' id='word_1_355' title='bbox 800 3273 1279 3342; x_wconf 82' lang='grc' dir='ltr'>προσκυνήσωμεν</span> <span class='ocrx_word' id='word_1_356' title='bbox 1307 3274 1494 3340; x_wconf 86' lang='grc' dir='ltr'>λίθους</span> <span class='ocrx_word' id='word_1_357' title='bbox 1521 3277 1776 3344; x_wconf 72' lang='grc' dir='ltr'>καὶξύλα</span> <span class='ocrx_word' id='word_1_358' title='bbox 1807 3280 1975 3348; x_wconf 84' lang='grc' dir='ltr'>δμοιά</span> 
     </span>
    </p>
   </div>
   <div class='ocr_carea' id='block_1_48' title="bbox 392 3359 1975 3440">
    <p class='ocr_par' dir='ltr' id='par_1_48' title="bbox 392 3359 1975 3440">
     <span class='ocr_line' id='line_1_48' title="bbox 392 3359 1975 3440; baseline 0.006 -28"><span class='ocrx_word' id='word_1_359' title='bbox 392 3375 486 3412; x_wconf 91' lang='grc' dir='ltr'>σου</span> <span class='ocrx_word' id='word_1_360' title='bbox 525 3359 686 3427; x_wconf 83' lang='grc' dir='ltr'><strong>κωφά</strong></span> <span class='ocrx_word' id='word_1_361' title='bbox 716 3361 812 3413; x_wconf 79' lang='grc' dir='ltr'>καὶ</span> <span class='ocrx_word' id='word_1_362' title='bbox 859 3362 1185 3434; x_wconf 88' lang='grc' dir='ltr'>ἀναίσθητα.</span> <span class='ocrx_word' id='word_1_363' title='bbox 1234 3366 1307 3419; x_wconf 75' lang='grc' dir='ltr'><strong>Τὸ</strong></span> <span class='ocrx_word' id='word_1_364' title='bbox 1333 3367 1519 3421; x_wconf 74' lang='grc' dir='ltr'>λοιπὸν</span> <span class='ocrx_word' id='word_1_365' title='bbox 1553 3369 1696 3422; x_wconf 85' lang='grc' dir='ltr'>ποίει</span> <span class='ocrx_word' id='word_1_366' title='bbox 1731 3370 1759 3423; x_wconf 78' lang='grc' dir='ltr'><strong><em>ὃ</em></strong></span> <span class='ocrx_word' id='word_1_367' title='bbox 1793 3370 1975 3440; x_wconf 85' lang='grc' dir='ltr'>βούλει</span> 
     </span>
    </p>
   </div>
   <div class='ocr_carea' id='block_1_49' title="bbox 391 3452 1975 3533">
    <p class='ocr_par' dir='ltr' id='par_1_49' title="bbox 391 3452 1975 3533">
     <span class='ocr_line' id='line_1_49' title="bbox 391 3452 1975 3533; baseline 0.007 -30"><span class='ocrx_word' id='word_1_368' title='bbox 391 3452 473 3512; x_wconf 82' lang='grc' dir='ltr'><strong>είς</strong></span> <span class='ocrx_word' id='word_1_369' title='bbox 509 3452 681 3522; x_wconf 75' lang='grc' dir='ltr'>ἡμᾶς’</span> <span class='ocrx_word' id='word_1_370' title='bbox 711 3452 807 3506; x_wconf 81' lang='grc' dir='ltr'>καὶ</span> <span class='ocrx_word' id='word_1_371' title='bbox 837 3453 946 3525; x_wconf 86' lang='grc' dir='ltr'><strong>γάρ</strong></span> <span class='ocrx_word' id='word_1_372' title='bbox 991 3457 1087 3510; x_wconf 53' lang='grc' dir='ltr'><strong>καί⁵</strong></span> <span class='ocrx_word' id='word_1_373' title='bbox 1117 3458 1283 3528; x_wconf 81' lang='grc' dir='ltr'>ἡμεῖς</span> <span class='ocrx_word' id='word_1_374' title='bbox 1312 3459 1652 3530; x_wconf 83' lang='grc' dir='ltr'>κεκλημέναι</span> <span class='ocrx_word' id='word_1_375' title='bbox 1691 3463 1858 3533; x_wconf 67' lang='grc' dir='ltr'>ἔσμεν</span> <span class='ocrx_word' id='word_1_376' title='bbox 1917 3464 1975 3515; x_wconf 76' lang='grc' dir='ltr'><strong>ὲν</strong></span> 
     </span>
    </p>
   </div>
   <div class='ocr_carea' id='block_1_50' title="bbox 388 3544 3513 3626">
    <p class='ocr_par' dir='ltr' id='par_1_50' title="bbox 388 3544 3513 3626">
     <span class='ocr_line' id='line_1_50' title="bbox 388 3544 3513 3626; baseline -0.001 -30"><span class='ocrx_word' id='word_1_377' title='bbox 388 3548 456 3614; x_wconf 83' lang='grc' dir='ltr'>τῇ</span> <span class='ocrx_word' id='word_1_378' title='bbox 487 3545 738 3618; x_wconf 69' lang='grc' dir='ltr'>βασιλείᾳ</span> <span class='ocrx_word' id='word_1_379' title='bbox 798 3548 906 3601; x_wconf 86' lang='grc' dir='ltr'>τῶν</span> <span class='ocrx_word' id='word_1_380' title='bbox 933 3549 1199 3620; x_wconf 79' lang='grc' dir='ltr'>οὐρανῶν.</span> <span class='ocrx_word' id='word_1_381' title='bbox 1237 3552 1370 3606; x_wconf 82' lang='grc' dir='ltr'>Τότε</span> <span class='ocrx_word' id='word_1_382' title='bbox 1413 3556 1640 3624; x_wconf 84' lang='grc' dir='ltr'>χολέσας</span> <span class='ocrx_word' id='word_1_383' title='bbox 1664 3559 1684 3579; x_wconf 81' lang='lat'><strong>&#39;</strong></span> <span class='ocrx_word' id='word_1_384' title='bbox 1713 3557 1741 3609; x_wconf 83' lang='grc' dir='ltr'><strong>ό</strong></span> <span class='ocrx_word' id='word_1_385' title='bbox 1787 3554 2012 3626; x_wconf 75' lang='grc' dir='ltr'>ἡγεμὼν</span> <span class='ocrx_word' id='word_1_386' title='bbox 2051 3555 2252 3608; x_wconf 80' lang='grc' dir='ltr'>ἔδωκεν</span> <span class='ocrx_word' id='word_1_387' title='bbox 2282 3555 2380 3626; x_wconf 83' lang='grc' dir='ltr'>τὴν</span> <span class='ocrx_word' id='word_1_388' title='bbox 2409 3551 2528 3606; x_wconf 84' lang='grc' dir='ltr'>κατ’</span> <span class='ocrx_word' id='word_1_389' title='bbox 2558 3550 2740 3606; x_wconf 80' lang='grc' dir='ltr'>αὐτῶν</span> <span class='ocrx_word' id='word_1_390' title='bbox 2789 3551 3085 3617; x_wconf 66' lang='grc' dir='ltr'>ἀπόφασιν,</span> <span class='ocrx_word' id='word_1_391' title='bbox 3138 3562 3228 3599; x_wconf 66' lang='grc' dir='ltr'>κατ</span> <span class='ocrx_word' id='word_1_392' title='bbox 3258 3544 3513 3606; x_wconf 85' lang='grc' dir='ltr'>λαϐόντες</span> 
     </span>
    </p>
   </div>
   <div class='ocr_carea' id='block_1_51' title="bbox 2070 1984 3660 2057">
    <p class='ocr_par' dir='ltr' id='par_1_51' title="bbox 2070 1984 3660 2057">
     <span class='ocr_line' id='line_1_51' title="bbox 2070 1984 3660 2057; baseline -0.003 -17"><span class='ocrx_word' id='word_1_393' title='bbox 2070 1996 2126 2040; x_wconf 92' lang='lat' dir='ltr'><strong>et</strong></span> <span class='ocrx_word' id='word_1_394' title='bbox 2159 1986 2468 2040; x_wconf 83' lang='lat' dir='ltr'><strong>mercedem</strong></span> <span class='ocrx_word' id='word_1_395' title='bbox 2497 1987 2617 2057; x_wconf 80' lang='lat' dir='ltr'><strong>ejus</strong></span> <span class='ocrx_word' id='word_1_396' title='bbox 2639 1986 2942 2055; x_wconf 84' lang='lat' dir='ltr'><strong>acceperit,</strong></span> <span class='ocrx_word' id='word_1_397' title='bbox 2968 1985 3128 2039; x_wconf 57' lang='lat' dir='ltr'><strong>latus</strong></span> <span class='ocrx_word' id='word_1_398' title='bbox 3161 1984 3313 2038; x_wconf 80' lang='lat' dir='ltr'><strong>vadit</strong></span> <span class='ocrx_word' id='word_1_399' title='bbox 3356 1984 3408 2037; x_wconf 87' lang='lat' dir='ltr'><strong>in</strong></span> <span class='ocrx_word' id='word_1_400' title='bbox 3435 1984 3660 2036; x_wconf 88' lang='lat' dir='ltr'><strong>domum</strong></span> 
     </span>
    </p>
   </div>
   <div class='ocr_carea' id='block_1_52' title="bbox 2070 2075 3661 2152">
    <p class='ocr_par' dir='ltr' id='par_1_52' title="bbox 2070 2075 3661 2152">
     <span class='ocr_line' id='line_1_52' title="bbox 2070 2075 3661 2152; baseline -0.003 -20"><span class='ocrx_word' id='word_1_401' title='bbox 2070 2093 2246 2132; x_wconf 88' lang='lat' dir='ltr'><strong>suam.</strong></span> <span class='ocrx_word' id='word_1_402' title='bbox 2276 2078 2367 2132; x_wconf 91' lang='lat' dir='ltr'><strong>Sic</strong></span> <span class='ocrx_word' id='word_1_403' title='bbox 2396 2093 2526 2146; x_wconf 80' lang='lat' dir='ltr'><strong>ergo</strong></span> <span class='ocrx_word' id='word_1_404' title='bbox 2554 2092 2649 2132; x_wconf 86' lang='lat' dir='ltr'><strong>vos</strong></span> <span class='ocrx_word' id='word_1_405' title='bbox 2677 2092 2895 2147; x_wconf 88' lang='lat' dir='ltr'><strong>quoque</strong></span> <span class='ocrx_word' id='word_1_406' title='bbox 2921 2076 3199 2131; x_wconf 90' lang='lat' dir='ltr'><strong>decertate</strong></span> <span class='ocrx_word' id='word_1_407' title='bbox 3225 2085 3281 2130; x_wconf 89' lang='lat' dir='ltr'><strong>et</strong></span> <span class='ocrx_word' id='word_1_408' title='bbox 3306 2091 3336 2129; x_wconf 93' lang='lat' dir='ltr'><strong>a</strong></span> <span class='ocrx_word' id='word_1_409' title='bbox 3355 2075 3661 2152; x_wconf 12' lang='lat' dir='ltr'><strong>(Servatore</strong></span> 
     </span>
    </p>
   </div>
   <div class='ocr_carea' id='block_1_53' title="bbox 2072 2166 3660 2236">
    <p class='ocr_par' dir='ltr' id='par_1_53' title="bbox 2072 2166 3660 2236">
     <span class='ocr_line' id='line_1_53' title="bbox 2072 2166 3660 2236; baseline -0.003 -11"><span class='ocrx_word' id='word_1_410' title='bbox 2072 2181 2260 2226; x_wconf 82' lang='lat' dir='ltr'><strong>nostro</strong></span> <span class='ocrx_word' id='word_1_411' title='bbox 2289 2170 2419 2225; x_wconf 79' lang='lat' dir='ltr'><strong>Jesu</strong></span> <span class='ocrx_word' id='word_1_412' title='bbox 2451 2168 2676 2224; x_wconf 86' lang='lat' dir='ltr'><strong>Christo</strong></span> <span class='ocrx_word' id='word_1_413' title='bbox 2707 2179 2969 2224; x_wconf 71' lang='lat' dir='ltr'><strong>:rternam</strong></span> <span class='ocrx_word' id='word_1_414' title='bbox 3005 2177 3061 2223; x_wconf 87' lang='lat' dir='ltr'><strong>et</strong></span> <span class='ocrx_word' id='word_1_415' title='bbox 3094 2184 3218 2236; x_wconf 62' lang='lat' dir='ltr'><strong>quae</strong></span> <span class='ocrx_word' id='word_1_416' title='bbox 3243 2182 3525 2236; x_wconf 80' lang='lat' dir='ltr'><strong>nunquam</strong></span> <span class='ocrx_word' id='word_1_417' title='bbox 3561 2166 3660 2220; x_wconf 84' lang='lat' dir='ltr'><strong>de-</strong></span> 
     </span>
    </p>
   </div>
   <div class='ocr_carea' id='block_1_54' title="bbox 2074 2258 3660 2333">
    <p class='ocr_par' dir='ltr' id='par_1_54' title="bbox 2074 2258 3660 2333">
     <span class='ocr_line' id='line_1_54' title="bbox 2074 2258 3660 2333; baseline -0.004 -15"><span class='ocrx_word' id='word_1_418' title='bbox 2074 2265 2207 2319; x_wconf 84' lang='lat' dir='ltr'><strong>sinit</strong></span> <span class='ocrx_word' id='word_1_419' title='bbox 2237 2265 2404 2317; x_wconf 88' lang='lat' dir='ltr'><strong>vitam</strong></span> <span class='ocrx_word' id='word_1_420' title='bbox 2430 2262 2734 2333; x_wconf 87' lang='lat' dir='ltr'><strong>accipiatis.</strong></span> <span class='ocrx_word' id='word_1_421' title='bbox 2768 2261 2922 2317; x_wconf 87' lang='lat' dir='ltr'><strong>Tunc</strong></span> <span class='ocrx_word' id='word_1_422' title='bbox 2949 2277 3150 2331; x_wconf 76' lang='lat' dir='ltr'><strong>praeses</strong></span> <span class='ocrx_word' id='word_1_423' title='bbox 3174 2263 3340 2331; x_wconf 84' lang='lat' dir='ltr'><strong>jussit</strong></span> <span class='ocrx_word' id='word_1_424' title='bbox 3373 2276 3466 2312; x_wconf 84' lang='lat' dir='ltr'><strong>eas</strong></span> <span class='ocrx_word' id='word_1_425' title='bbox 3489 2258 3660 2328; x_wconf 80' lang='lat' dir='ltr'><strong>depo-</strong></span> 
     </span>
    </p>
   </div>
   <div class='ocr_carea' id='block_1_55' title="bbox 2071 2342 3662 2423">
    <p class='ocr_par' dir='ltr' id='par_1_55' title="bbox 2071 2342 3662 2423">
     <span class='ocr_line' id='line_1_55' title="bbox 2071 2342 3662 2423; baseline -0.004 -16"><span class='ocrx_word' id='word_1_426' title='bbox 2071 2354 2206 2408; x_wconf 85' lang='lat' dir='ltr'><strong>sitas</strong></span> <span class='ocrx_word' id='word_1_427' title='bbox 2249 2353 2354 2423; x_wconf 87' lang='lat' dir='ltr'><strong>jaci</strong></span> <span class='ocrx_word' id='word_1_428' title='bbox 2388 2353 2441 2408; x_wconf 89' lang='lat' dir='ltr'><strong>in</strong></span> <span class='ocrx_word' id='word_1_429' title='bbox 2479 2353 2778 2408; x_wconf 86' lang='lat' dir='ltr'><strong>caminum.</strong></span> <span class='ocrx_word' id='word_1_430' title='bbox 2815 2351 2952 2406; x_wconf 90' lang='lat' dir='ltr'><strong>Cum</strong></span> <span class='ocrx_word' id='word_1_431' title='bbox 2988 2342 3170 2405; x_wconf 87' lang='lat' dir='ltr'><strong>autem</strong></span> <span class='ocrx_word' id='word_1_432' title='bbox 3214 2352 3372 2421; x_wconf 75' lang='lat' dir='ltr'><strong>jacta:</strong></span> <span class='ocrx_word' id='word_1_433' title='bbox 3405 2349 3662 2411; x_wconf 84' lang='lat' dir='ltr'><strong>luissent,</strong></span> 
     </span>
    </p>
   </div>
   <div class='ocr_carea' id='block_1_56' title="bbox 2075 2441 3664 2516">
    <p class='ocr_par' dir='ltr' id='par_1_56' title="bbox 2075 2441 3664 2516">
     <span class='ocr_line' id='line_1_56' title="bbox 2075 2441 3664 2516; baseline -0.004 -16"><span class='ocrx_word' id='word_1_434' title='bbox 2075 2447 2327 2516; x_wconf 78' lang='lat' dir='ltr'><strong>protinus</strong></span> <span class='ocrx_word' id='word_1_435' title='bbox 2355 2446 2590 2500; x_wconf 76' lang='lat' dir='ltr'><strong>cessavit</strong></span> <span class='ocrx_word' id='word_1_436' title='bbox 2613 2445 2776 2513; x_wconf 83' lang='lat' dir='ltr'><strong>ignis,</strong></span> <span class='ocrx_word' id='word_1_437' title='bbox 2804 2455 2858 2500; x_wconf 89' lang='lat' dir='ltr'><strong>et</strong></span> <span class='ocrx_word' id='word_1_438' title='bbox 2885 2446 3076 2515; x_wconf 78' lang='lat' dir='ltr'><strong>ejectae</strong></span> <span class='ocrx_word' id='word_1_439' title='bbox 3105 2454 3323 2501; x_wconf 77' lang='lat' dir='ltr'><strong>suntex</strong></span> <span class='ocrx_word' id='word_1_440' title='bbox 3347 2442 3570 2496; x_wconf 80' lang='lat' dir='ltr'><strong>fornace</strong></span> <span class='ocrx_word' id='word_1_441' title='bbox 3601 2441 3664 2495; x_wconf 89' lang='lat' dir='ltr'><strong>il-</strong></span> 
     </span>
    </p>
   </div>
   <div class='ocr_carea' id='block_1_57' title="bbox 2074 2537 3668 2604">
    <p class='ocr_par' dir='ltr' id='par_1_57' title="bbox 2074 2537 3668 2604">
     <span class='ocr_line' id='line_1_57' title="bbox 2074 2537 3668 2604; baseline -0.003 -11"><span class='ocrx_word' id='word_1_442' title='bbox 2074 2539 2214 2594; x_wconf 67' lang='lat' dir='ltr'><strong>lmsze</strong></span> <span class='ocrx_word' id='word_1_443' title='bbox 2236 2549 2572 2593; x_wconf 68' lang='lat' dir='ltr'><strong>conservatae</strong></span> <span class='ocrx_word' id='word_1_444' title='bbox 2592 2549 2792 2594; x_wconf 70' lang='lat' dir='ltr'><strong>sanctae</strong></span> <span class='ocrx_word' id='word_1_445' title='bbox 2816 2539 3095 2593; x_wconf 76' lang='lat' dir='ltr'><strong>mulieres.</strong></span> <span class='ocrx_word' id='word_1_446' title='bbox 3113 2537 3255 2590; x_wconf 86' lang='lat' dir='ltr'><strong>Dicit</strong></span> <span class='ocrx_word' id='word_1_447' title='bbox 3271 2551 3400 2590; x_wconf 83' lang='lat' dir='ltr'><strong>vero</strong></span> <span class='ocrx_word' id='word_1_448' title='bbox 3423 2538 3503 2588; x_wconf 79' lang='lat' dir='ltr'><strong>eis</strong></span> <span class='ocrx_word' id='word_1_449' title='bbox 3530 2551 3668 2604; x_wconf 73' lang='lat' dir='ltr'><strong>prm-</strong></span> 
     </span>
    </p>
   </div>
   <div class='ocr_carea' id='block_1_58' title="bbox 2074 2620 3665 2701">
    <p class='ocr_par' dir='ltr' id='par_1_58' title="bbox 2074 2620 3665 2701">
     <span class='ocr_line' id='line_1_58' title="bbox 2074 2620 3665 2701; baseline -0.004 -16"><span class='ocrx_word' id='word_1_450' title='bbox 2074 2647 2160 2686; x_wconf 85' lang='lat' dir='ltr'><strong>ses</strong></span> <span class='ocrx_word' id='word_1_451' title='bbox 2179 2630 2445 2698; x_wconf 82' lang='lat' dir='ltr'><strong>:Abjectis</strong></span> <span class='ocrx_word' id='word_1_452' title='bbox 2469 2620 2670 2685; x_wconf 80' lang='lat' dir='ltr'><strong>vestris</strong></span> <span class='ocrx_word' id='word_1_453' title='bbox 2697 2630 3012 2701; x_wconf 67' lang='lat' dir='ltr'><strong>praestigiis,</strong></span> <span class='ocrx_word' id='word_1_454' title='bbox 3029 2629 3370 2691; x_wconf 74' lang='lat' dir='ltr'><strong>accedite,et</strong></span> <span class='ocrx_word' id='word_1_455' title='bbox 3397 2624 3504 2680; x_wconf 73' lang='lat' dir='ltr'><strong>diis</strong></span> <span class='ocrx_word' id='word_1_456' title='bbox 3529 2627 3665 2679; x_wconf 85' lang='lat' dir='ltr'><strong>meis</strong></span> 
     </span>
    </p>
   </div>
   <div class='ocr_carea' id='block_1_59' title="bbox 2073 2720 3662 2789">
    <p class='ocr_par' dir='ltr' id='par_1_59' title="bbox 2073 2720 3662 2789">
     <span class='ocr_line' id='line_1_59' title="bbox 2073 2720 3662 2789; baseline -0.006 -9"><span class='ocrx_word' id='word_1_457' title='bbox 2073 2722 2404 2780; x_wconf 74' lang='lat' dir='ltr'><strong>sacrificate.</strong></span> <span class='ocrx_word' id='word_1_458' title='bbox 2426 2722 2641 2778; x_wconf 83' lang='lat' dir='ltr'><strong>Sanctae</strong></span> <span class='ocrx_word' id='word_1_459' title='bbox 2663 2732 2844 2776; x_wconf 88' lang='lat' dir='ltr'><strong>autem</strong></span> <span class='ocrx_word' id='word_1_460' title='bbox 2866 2729 3076 2789; x_wconf 81' lang='lat' dir='ltr'><strong>septem</strong></span> <span class='ocrx_word' id='word_1_461' title='bbox 3103 2720 3382 2779; x_wconf 84' lang='lat' dir='ltr'><strong>mulieres,</strong></span> <span class='ocrx_word' id='word_1_462' title='bbox 3405 2728 3662 2786; x_wconf 86' lang='lat' dir='ltr'><strong>tanquam</strong></span> 
     </span>
    </p>
   </div>
   <div class='ocr_carea' id='block_1_60' title="bbox 2076 2810 3664 2874">
    <p class='ocr_par' dir='ltr' id='par_1_60' title="bbox 2076 2810 3664 2874">
     <span class='ocr_line' id='line_1_60' title="bbox 2076 2810 3664 2874; baseline -0.006 -2"><span class='ocrx_word' id='word_1_463' title='bbox 2076 2833 2186 2872; x_wconf 90' lang='lat' dir='ltr'><strong>uno</strong></span> <span class='ocrx_word' id='word_1_464' title='bbox 2204 2830 2298 2869; x_wconf 89' lang='lat' dir='ltr'><strong>ore</strong></span> <span class='ocrx_word' id='word_1_465' title='bbox 2322 2814 2646 2869; x_wconf 79' lang='lat' dir='ltr'><strong>dixeruntei</strong></span> <span class='ocrx_word' id='word_1_466' title='bbox 2672 2815 2785 2868; x_wconf 86' lang='lat' dir='ltr'><strong>:Ne</strong></span> <span class='ocrx_word' id='word_1_467' title='bbox 2811 2813 2906 2867; x_wconf 92' lang='lat' dir='ltr'><strong>tibi</strong></span> <span class='ocrx_word' id='word_1_468' title='bbox 2925 2813 3065 2867; x_wconf 85' lang='lat' dir='ltr'><strong>bene</strong></span> <span class='ocrx_word' id='word_1_469' title='bbox 3091 2812 3184 2874; x_wconf 90' lang='lat' dir='ltr'><strong>sit,</strong></span> <span class='ocrx_word' id='word_1_470' title='bbox 3209 2827 3240 2864; x_wconf 91' lang='grc' dir='ltr'>ο</span> <span class='ocrx_word' id='word_1_471' title='bbox 3264 2811 3336 2864; x_wconf 84' lang='lat' dir='ltr'><strong>[ili</strong></span> <span class='ocrx_word' id='word_1_472' title='bbox 3356 2810 3581 2867; x_wconf 86' lang='lat' dir='ltr'><strong>diaboli,</strong></span> <span class='ocrx_word' id='word_1_473' title='bbox 3604 2817 3664 2862; x_wconf 92' lang='lat' dir='ltr'><strong>ut</strong></span> 
     </span>
    </p>
   </div>
   <div class='ocr_carea' id='block_1_61' title="bbox 2075 2901 3663 2978">
    <p class='ocr_par' dir='ltr' id='par_1_61' title="bbox 2075 2901 3663 2978">
     <span class='ocr_line' id='line_1_61' title="bbox 2075 2901 3663 2978; baseline -0.006 -14"><span class='ocrx_word' id='word_1_474' title='bbox 2075 2925 2178 2964; x_wconf 90' lang='lat' dir='ltr'><strong>nos</strong></span> <span class='ocrx_word' id='word_1_475' title='bbox 2217 2909 2604 2978; x_wconf 77' lang='lat' dir='ltr'><strong>relinquamus</strong></span> <span class='ocrx_word' id='word_1_476' title='bbox 2636 2906 2933 2961; x_wconf 90' lang='lat' dir='ltr'><strong>Dominum</strong></span> <span class='ocrx_word' id='word_1_477' title='bbox 2980 2913 3236 2958; x_wconf 90' lang='lat' dir='ltr'><strong>nostrum</strong></span> <span class='ocrx_word' id='word_1_478' title='bbox 3262 2903 3450 2957; x_wconf 87' lang='lat' dir='ltr'><strong>.lesum</strong></span> <span class='ocrx_word' id='word_1_479' title='bbox 3501 2901 3663 2957; x_wconf 78' lang='lat' dir='ltr'><strong>Chri-</strong></span> 
     </span>
    </p>
   </div>
   <div class='ocr_carea' id='block_1_62' title="bbox 2076 2993 3662 3067">
    <p class='ocr_par' dir='ltr' id='par_1_62' title="bbox 2076 2993 3662 3067">
     <span class='ocr_line' id='line_1_62' title="bbox 2076 2993 3662 3067; baseline -0.008 -9"><span class='ocrx_word' id='word_1_480' title='bbox 2076 3012 2244 3066; x_wconf 86' lang='lat' dir='ltr'><strong>stum,</strong></span> <span class='ocrx_word' id='word_1_481' title='bbox 2279 3012 2335 3057; x_wconf 89' lang='lat' dir='ltr'><strong>et</strong></span> <span class='ocrx_word' id='word_1_482' title='bbox 2369 3001 2663 3056; x_wconf 88' lang='lat' dir='ltr'><strong>adoremus</strong></span> <span class='ocrx_word' id='word_1_483' title='bbox 2709 2999 2923 3067; x_wconf 86' lang='lat' dir='ltr'><strong>lapides</strong></span> <span class='ocrx_word' id='word_1_484' title='bbox 2955 3006 3012 3050; x_wconf 90' lang='lat' dir='ltr'><strong>et</strong></span> <span class='ocrx_word' id='word_1_485' title='bbox 3060 2997 3232 3066; x_wconf 81' lang='lat' dir='ltr'><strong>ligna,</strong></span> <span class='ocrx_word' id='word_1_486' title='bbox 3263 3009 3384 3064; x_wconf 67' lang='lat' dir='ltr'><strong>quae</strong></span> <span class='ocrx_word' id='word_1_487' title='bbox 3417 3002 3547 3046; x_wconf 91' lang='lat' dir='ltr'><strong>sunt</strong></span> <span class='ocrx_word' id='word_1_488' title='bbox 3585 2993 3662 3046; x_wconf 83' lang='lat' dir='ltr'><strong>si-</strong></span> 
     </span>
    </p>
   </div>
   <div class='ocr_carea' id='block_1_63' title="bbox 2077 3085 3660 3164">
    <p class='ocr_par' dir='ltr' id='par_1_63' title="bbox 2077 3085 3660 3164">
     <span class='ocr_line' id='line_1_63' title="bbox 2077 3085 3660 3164; baseline -0.008 -12"><span class='ocrx_word' id='word_1_489' title='bbox 2077 3097 2285 3152; x_wconf 88' lang='lat' dir='ltr'><strong>militer</strong></span> <span class='ocrx_word' id='word_1_490' title='bbox 2314 3103 2481 3164; x_wconf 89' lang='lat' dir='ltr'><strong>atque</strong></span> <span class='ocrx_word' id='word_1_491' title='bbox 2515 3105 2595 3157; x_wconf 90' lang='lat' dir='ltr'><strong>tu,</strong></span> <span class='ocrx_word' id='word_1_492' title='bbox 2621 3093 2788 3146; x_wconf 87' lang='lat' dir='ltr'><strong>surda</strong></span> <span class='ocrx_word' id='word_1_493' title='bbox 2818 3100 2873 3146; x_wconf 91' lang='lat' dir='ltr'><strong>et</strong></span> <span class='ocrx_word' id='word_1_494' title='bbox 2909 3090 3065 3145; x_wconf 90' lang='lat' dir='ltr'><strong>nullo</strong></span> <span class='ocrx_word' id='word_1_495' title='bbox 3102 3104 3264 3142; x_wconf 91' lang='lat' dir='ltr'><strong>sensu</strong></span> <span class='ocrx_word' id='word_1_496' title='bbox 3299 3086 3544 3157; x_wconf 71' lang='lat' dir='ltr'><strong>prmdita.</strong></span> <span class='ocrx_word' id='word_1_497' title='bbox 3585 3085 3660 3139; x_wconf 84' lang='lat' dir='ltr'><strong>De</strong></span> 
     </span>
    </p>
   </div>
   <div class='ocr_carea' id='block_1_64' title="bbox 2079 3181 3660 3254">
    <p class='ocr_par' dir='ltr' id='par_1_64' title="bbox 2079 3181 3660 3254">
     <span class='ocr_line' id='line_1_64' title="bbox 2079 3181 3660 3254; baseline -0.01 -9"><span class='ocrx_word' id='word_1_498' title='bbox 2079 3197 2281 3245; x_wconf 56' lang='lat' dir='ltr'><strong>extero</strong></span> <span class='ocrx_word' id='word_1_499' title='bbox 2321 3187 2403 3242; x_wconf 77' lang='lat' dir='ltr'><strong>fac</strong></span> <span class='ocrx_word' id='word_1_500' title='bbox 2441 3187 2497 3240; x_wconf 89' lang='lat' dir='ltr'><strong>in</strong></span> <span class='ocrx_word' id='word_1_501' title='bbox 2542 3201 2663 3251; x_wconf 91' lang='lat' dir='ltr'><strong>nos,</strong></span> <span class='ocrx_word' id='word_1_502' title='bbox 2698 3184 2843 3254; x_wconf 84' lang='lat' dir='ltr'><strong>quod</strong></span> <span class='ocrx_word' id='word_1_503' title='bbox 2899 3183 3060 3236; x_wconf 82' lang='lat' dir='ltr'><strong>velis.</strong></span> <span class='ocrx_word' id='word_1_504' title='bbox 3111 3181 3245 3235; x_wconf 83' lang='lat' dir='ltr'><strong>Nam</strong></span> <span class='ocrx_word' id='word_1_505' title='bbox 3295 3195 3395 3232; x_wconf 91' lang='lat' dir='ltr'><strong>nos</strong></span> <span class='ocrx_word' id='word_1_506' title='bbox 3440 3191 3660 3248; x_wconf 89' lang='lat' dir='ltr'><strong>quoque</strong></span> 
     </span>
    </p>
   </div>
   <div class='ocr_carea' id='block_1_65' title="bbox 2081 3267 3664 3341">
    <p class='ocr_par' dir='ltr' id='par_1_65' title="bbox 2081 3267 3664 3341">
     <span class='ocr_line' id='line_1_65' title="bbox 2081 3267 3664 3341; baseline -0.01 -9"><span class='ocrx_word' id='word_1_507' title='bbox 2081 3285 2285 3332; x_wconf 75' lang='lat' dir='ltr'><strong>vocata:</strong></span> <span class='ocrx_word' id='word_1_508' title='bbox 2318 3288 2510 3329; x_wconf 88' lang='lat' dir='ltr'><strong>sumus</strong></span> <span class='ocrx_word' id='word_1_509' title='bbox 2545 3273 2599 3326; x_wconf 90' lang='lat' dir='ltr'><strong>in</strong></span> <span class='ocrx_word' id='word_1_510' title='bbox 2637 3286 2865 3341; x_wconf 80' lang='lat' dir='ltr'><strong>regnum</strong></span> <span class='ocrx_word' id='word_1_511' title='bbox 2893 3271 3188 3326; x_wconf 64' lang='lat' dir='ltr'><strong>cmlornm.</strong></span> <span class='ocrx_word' id='word_1_512' title='bbox 3224 3267 3497 3335; x_wconf 51' lang='lat' dir='ltr'><strong>&#39;l‘uncgira</strong></span> <span class='ocrx_word' id='word_1_513' title='bbox 3538 3280 3664 3333; x_wconf 87' lang='lat' dir='ltr'><strong>per-</strong></span> 
     </span>
    </p>
   </div>
   <div class='ocr_carea' id='block_1_66' title="bbox 2080 3358 3663 3436">
    <p class='ocr_par' dir='ltr' id='par_1_66' title="bbox 2080 3358 3663 3436">
     <span class='ocr_line' id='line_1_66' title="bbox 2080 3358 3663 3436; baseline -0.008 -13"><span class='ocrx_word' id='word_1_514' title='bbox 2080 3368 2223 3423; x_wconf 88' lang='lat' dir='ltr'><strong>citus</strong></span> <span class='ocrx_word' id='word_1_515' title='bbox 2249 3381 2474 3436; x_wconf 65' lang='lat' dir='ltr'><strong>praeses,</strong></span> <span class='ocrx_word' id='word_1_516' title='bbox 2505 3363 2632 3418; x_wconf 89' lang='lat' dir='ltr'><strong>tulit</strong></span> <span class='ocrx_word' id='word_1_517' title='bbox 2657 3364 2712 3416; x_wconf 92' lang='lat' dir='ltr'><strong>in</strong></span> <span class='ocrx_word' id='word_1_518' title='bbox 2737 3378 2830 3418; x_wconf 90' lang='lat' dir='ltr'><strong>eas</strong></span> <span class='ocrx_word' id='word_1_519' title='bbox 2853 3361 3187 3416; x_wconf 92' lang='lat' dir='ltr'><strong>sententiam</strong></span> <span class='ocrx_word' id='word_1_520' title='bbox 3213 3377 3226 3413; x_wconf 90' lang='lat'>:</span> <span class='ocrx_word' id='word_1_521' title='bbox 3248 3368 3303 3414; x_wconf 93' lang='lat' dir='ltr'><strong>et</strong></span> <span class='ocrx_word' id='word_1_522' title='bbox 3325 3358 3663 3426; x_wconf 86' lang='lat' dir='ltr'><strong>accipientes</strong></span> 
     </span>
    </p>
   </div>
   <div class='ocr_carea' id='block_1_67' title="bbox 2079 3451 3659 3523">
    <p class='ocr_par' dir='ltr' id='par_1_67' title="bbox 2079 3451 3659 3523">
     <span class='ocr_line' id='line_1_67' title="bbox 2079 3451 3659 3523; baseline -0.011 -7"><span class='ocrx_word' id='word_1_523' title='bbox 2079 3476 2174 3516; x_wconf 84' lang='lat' dir='ltr'><strong>cas</strong></span> <span class='ocrx_word' id='word_1_524' title='bbox 2194 3459 2441 3523; x_wconf 83' lang='lat' dir='ltr'><strong>lictores,</strong></span> <span class='ocrx_word' id='word_1_525' title='bbox 2465 3457 2745 3512; x_wconf 79' lang='lat' dir='ltr'><strong>duxerunt</strong></span> <span class='ocrx_word' id='word_1_526' title='bbox 2763 3471 2857 3510; x_wconf 86' lang='lat' dir='ltr'><strong>eas</strong></span> <span class='ocrx_word' id='word_1_527' title='bbox 2883 3454 2949 3508; x_wconf 88' lang='lat' dir='ltr'><strong>ad</strong></span> <span class='ocrx_word' id='word_1_528' title='bbox 2981 3455 3162 3508; x_wconf 85' lang='lat' dir='ltr'><strong>locum</strong></span> <span class='ocrx_word' id='word_1_529' title='bbox 3187 3452 3270 3506; x_wconf 87' lang='lat' dir='ltr'><strong>eis</strong></span> <span class='ocrx_word' id='word_1_530' title='bbox 3295 3451 3659 3520; x_wconf 84' lang='lat' dir='ltr'><strong>propositum.</strong></span> 
     </span>
    </p>
   </div>
   <div class='ocr_carea' id='block_1_68' title="bbox 3571 3560 3666 3594">
    <p class='ocr_par' dir='ltr' id='par_1_68' title="bbox 3571 3560 3666 3594">
     <span class='ocr_line' id='line_1_68' title="bbox 3571 3560 3666 3594; baseline -0.011 0"><span class='ocrx_word' id='word_1_531' title='bbox 3571 3560 3666 3594; x_wconf 78' lang='grc' dir='ltr'>αυ-</span> 
     </span>
    </p>
   </div>
   <div class='ocr_carea' id='block_1_69' title="bbox 392 3639 2204 3720">
    <p class='ocr_par' dir='ltr' id='par_1_69' title="bbox 392 3639 2204 3720">
     <span class='ocr_line' id='line_1_69' title="bbox 392 3639 2204 3720; baseline 0.008 -30"><span class='ocrx_word' id='word_1_532' title='bbox 392 3639 491 3701; x_wconf 77' lang='grc' dir='ltr'><strong>τάς</strong></span> <span class='ocrx_word' id='word_1_533' title='bbox 514 3639 564 3691; x_wconf 88' lang='grc' dir='ltr'>οί</span> <span class='ocrx_word' id='word_1_534' title='bbox 597 3640 783 3710; x_wconf 76' lang='grc' dir='ltr'>δήμιοι</span> <span class='ocrx_word' id='word_1_535' title='bbox 813 3642 1105 3712; x_wconf 77' lang='grc' dir='ltr'>ἀπήγαγον</span> <span class='ocrx_word' id='word_1_536' title='bbox 1138 3645 1231 3698; x_wconf 75' lang='grc' dir='ltr'><strong>ἐπὶ</strong></span> <span class='ocrx_word' id='word_1_537' title='bbox 1261 3646 1354 3699; x_wconf 79' lang='grc' dir='ltr'>τὸν</span> <span class='ocrx_word' id='word_1_538' title='bbox 1387 3650 1752 3720; x_wconf 88' lang='grc' dir='ltr'>προκείμενον</span> <span class='ocrx_word' id='word_1_539' title='bbox 1779 3650 1972 3714; x_wconf 73' lang='grc' dir='ltr'>αὐταῖς</span> <span class='ocrx_word' id='word_1_540' title='bbox 2013 3651 2204 3705; x_wconf 78' lang='grc' dir='ltr'>τόπον.</span> 
     </span>
    </p>
   </div>
   <div class='ocr_carea' id='block_1_70' title="bbox 462 3776 1976 3855">
    <p class='ocr_par' dir='ltr' id='par_1_70' title="bbox 462 3776 1976 3855">
     <span class='ocr_line' id='line_1_70' title="bbox 462 3776 1976 3855; baseline 0.005 -27"><span class='ocrx_word' id='word_1_541' title='bbox 462 3777 539 3831; x_wconf 87' lang='grc' dir='ltr'><strong>Θ’.</strong></span> <span class='ocrx_word' id='word_1_542' title='bbox 568 3777 633 3829; x_wconf 80' lang='grc' dir='ltr'>Ᾱί</span> <span class='ocrx_word' id='word_1_543' title='bbox 659 3776 715 3830; x_wconf 82' lang='grc' dir='ltr'>δὲ</span> <span class='ocrx_word' id='word_1_544' title='bbox 748 3779 902 3847; x_wconf 78' lang='grc' dir='ltr'>ἅγιαι</span> <span class='ocrx_word' id='word_1_545' title='bbox 934 3779 1074 3833; x_wconf 73' lang='grc' dir='ltr'>ἑπτὰ</span> <span class='ocrx_word' id='word_1_546' title='bbox 1115 3783 1373 3847; x_wconf 84' lang='grc' dir='ltr'>γυναῖκες</span> <span class='ocrx_word' id='word_1_547' title='bbox 1404 3781 1657 3835; x_wconf 87' lang='grc' dir='ltr'>ελθοῦσαι</span> <span class='ocrx_word' id='word_1_548' title='bbox 1689 3785 1748 3836; x_wconf 78' lang='grc' dir='ltr'><strong>ἐν</strong></span> <span class='ocrx_word' id='word_1_549' title='bbox 1775 3783 1852 3855; x_wconf 83' lang='grc' dir='ltr'>τῷ</span> <span class='ocrx_word' id='word_1_550' title='bbox 1886 3784 1976 3836; x_wconf 83' lang='grc' dir='ltr'>τό·</span> 
     </span>
    </p>
   </div>
   <div class='ocr_carea' id='block_1_71' title="bbox 392 3861 1977 3947">
    <p class='ocr_par' dir='ltr' id='par_1_71' title="bbox 392 3861 1977 3947">
     <span class='ocr_line' id='line_1_71' title="bbox 392 3861 1977 3947; baseline 0.007 -28"><span class='ocrx_word' id='word_1_551' title='bbox 392 3885 479 3938; x_wconf 79' lang='grc' dir='ltr'>πῳ</span> <span class='ocrx_word' id='word_1_552' title='bbox 507 3861 550 3936; x_wconf 74' lang='grc' dir='ltr'><strong>ᾧ</strong></span> <span class='ocrx_word' id='word_1_553' title='bbox 577 3869 801 3938; x_wconf 70' lang='grc' dir='ltr'>ἔμελλον</span> <span class='ocrx_word' id='word_1_554' title='bbox 850 3870 1189 3926; x_wconf 73' lang='grc' dir='ltr'>τελειοῦσθαι</span> <span class='ocrx_word' id='word_1_555' title='bbox 1223 3875 1570 3941; x_wconf 75' lang='grc' dir='ltr'>παρεκάλουν</span> <span class='ocrx_word' id='word_1_556' title='bbox 1602 3877 1729 3938; x_wconf 67' lang='grc' dir='ltr'>τοὺς</span> <span class='ocrx_word' id='word_1_557' title='bbox 1746 3875 1977 3947; x_wconf 78' lang='grc' dir='ltr'>δημίους</span> 
     </span>
    </p>
   </div>
   <div class='ocr_carea' id='block_1_72' title="bbox 394 3960 1977 4036">
    <p class='ocr_par' dir='ltr' id='par_1_72' title="bbox 394 3960 1977 4036">
     <span class='ocr_line' id='line_1_72' title="bbox 394 3960 1977 4036; baseline 0.008 -25"><span class='ocrx_word' id='word_1_558' title='bbox 394 3960 694 4028; x_wconf 71' lang='grc' dir='ltr'>λέγουσαισ</span> <span class='ocrx_word' id='word_1_559' title='bbox 758 3963 1159 4035; x_wconf 81' lang='grc' dir='ltr'>Συγχωρήσατε</span> <span class='ocrx_word' id='word_1_560' title='bbox 1225 3967 1359 4036; x_wconf 80' lang='grc' dir='ltr'>ἡμῖν</span> <span class='ocrx_word' id='word_1_561' title='bbox 1421 3969 1825 4036; x_wconf 80' lang='grc' dir='ltr'>προσεύξασθαι</span> <span class='ocrx_word' id='word_1_562' title='bbox 1884 3972 1977 4023; x_wconf 73' lang='grc' dir='ltr'><strong>ἐπὶ</strong></span> 
     </span>
    </p>
   </div>
   <div class='ocr_carea' id='block_1_73' title="bbox 402 4055 1980 4130">
    <p class='ocr_par' dir='ltr' id='par_1_73' title="bbox 402 4055 1980 4130">
     <span class='ocr_line' id='line_1_73' title="bbox 402 4055 1980 4130; baseline 0.005 -24"><span class='ocrx_word' id='word_1_563' title='bbox 402 4056 598 4123; x_wconf 80' lang='grc' dir='ltr'>μικρόν</span> <span class='ocrx_word' id='word_1_564' title='bbox 625 4071 640 4087; x_wconf 84' lang='grc'>⁶</span> <span class='ocrx_word' id='word_1_565' title='bbox 677 4056 770 4108; x_wconf 73' lang='grc' dir='ltr'>καὶ</span> <span class='ocrx_word' id='word_1_566' title='bbox 802 4055 1054 4110; x_wconf 81' lang='grc' dir='ltr'>κλίνασαι</span> <span class='ocrx_word' id='word_1_567' title='bbox 1084 4057 1154 4110; x_wconf 83' lang='grc' dir='ltr'><strong>τά</strong></span> <span class='ocrx_word' id='word_1_568' title='bbox 1183 4059 1385 4127; x_wconf 88' lang='grc' dir='ltr'>γόνατα</span> <span class='ocrx_word' id='word_1_569' title='bbox 1412 4061 1594 4114; x_wconf 82' lang='grc' dir='ltr'>αὐτῶν</span> <span class='ocrx_word' id='word_1_570' title='bbox 1633 4062 1724 4114; x_wconf 69' lang='grc' dir='ltr'>ἐπὶ</span> <span class='ocrx_word' id='word_1_571' title='bbox 1747 4063 1848 4130; x_wconf 84' lang='grc' dir='ltr'>τὴν</span> <span class='ocrx_word' id='word_1_572' title='bbox 1877 4063 1980 4130; x_wconf 84' lang='grc' dir='ltr'><strong>γῆν</strong></span> 
     </span>
    </p>
   </div>
   <div class='ocr_carea' id='block_1_74' title="bbox 394 4142 1984 4224">
    <p class='ocr_par' dir='ltr' id='par_1_74' title="bbox 394 4142 1984 4224">
     <span class='ocr_line' id='line_1_74' title="bbox 394 4142 1984 4224; baseline 0.003 -27"><span class='ocrx_word' id='word_1_573' title='bbox 394 4142 550 4199; x_wconf 76' lang='grc' dir='ltr'>εἶπον</span> <span class='ocrx_word' id='word_1_574' title='bbox 583 4146 756 4212; x_wconf 75' lang='grc' dir='ltr'>οὕτως</span> <span class='ocrx_word' id='word_1_575' title='bbox 787 4163 800 4177; x_wconf 82' lang='lat'><strong><em>°</em></strong></span> <span class='ocrx_word' id='word_1_576' title='bbox 831 4149 969 4216; x_wconf 82' lang='grc' dir='ltr'>Δόξα</span> <span class='ocrx_word' id='word_1_577' title='bbox 1006 4167 1089 4203; x_wconf 90' lang='grc' dir='ltr'><strong>σοι</strong></span> <span class='ocrx_word' id='word_1_578' title='bbox 1115 4151 1192 4220; x_wconf 79' lang='grc' dir='ltr'>τῷ</span> <span class='ocrx_word' id='word_1_579' title='bbox 1228 4153 1451 4222; x_wconf 84' lang='grc' dir='ltr'>μεγάλῳ</span> <span class='ocrx_word' id='word_1_580' title='bbox 1482 4155 1577 4206; x_wconf 72' lang='grc' dir='ltr'>καὶ</span> <span class='ocrx_word' id='word_1_581' title='bbox 1609 4152 1984 4224; x_wconf 81' lang='grc' dir='ltr'>δεδοξασμένῳ</span> 
     </span>
    </p>
   </div>
   <div class='ocr_carea' id='block_1_75' title="bbox 401 4239 1982 4314">
    <p class='ocr_par' dir='ltr' id='par_1_75' title="bbox 401 4239 1982 4314">
     <span class='ocr_line' id='line_1_75' title="bbox 401 4239 1982 4314; baseline 0.005 -24"><span class='ocrx_word' id='word_1_582' title='bbox 401 4240 560 4308; x_wconf 79' lang='grc' dir='ltr'>ἡμῶν</span> <span class='ocrx_word' id='word_1_583' title='bbox 589 4239 730 4310; x_wconf 79' lang='grc' dir='ltr'><strong>Θεῷ,</strong></span> <span class='ocrx_word' id='word_1_584' title='bbox 773 4242 900 4305; x_wconf 79' lang='grc' dir='ltr'>δόξα</span> <span class='ocrx_word' id='word_1_585' title='bbox 943 4259 1026 4295; x_wconf 89' lang='grc' dir='ltr'><strong>σοι</strong></span> <span class='ocrx_word' id='word_1_586' title='bbox 1055 4243 1133 4310; x_wconf 85' lang='grc' dir='ltr'><strong>τῷ</strong></span> <span class='ocrx_word' id='word_1_587' title='bbox 1172 4242 1509 4313; x_wconf 77' lang='grc' dir='ltr'>βασιλεύοντι</span> <span class='ocrx_word' id='word_1_588' title='bbox 1546 4247 1626 4310; x_wconf 86' lang='grc' dir='ltr'><strong>είς</strong></span> <span class='ocrx_word' id='word_1_589' title='bbox 1649 4245 1849 4308; x_wconf 85' lang='grc' dir='ltr'>αἰῶνας</span> <span class='ocrx_word' id='word_1_590' title='bbox 1876 4247 1982 4314; x_wconf 78' lang='grc' dir='ltr'><strong>Ἰη-</strong></span> 
     </span>
    </p>
   </div>
   <div class='ocr_carea' id='block_1_76' title="bbox 398 4335 1984 4410">
    <p class='ocr_par' dir='ltr' id='par_1_76' title="bbox 398 4335 1984 4410">
     <span class='ocr_line' id='line_1_76' title="bbox 398 4335 1984 4410; baseline 0.003 -22"><span class='ocrx_word' id='word_1_591' title='bbox 398 4335 492 4388; x_wconf 91' lang='grc' dir='ltr'><strong>σοῦ</strong></span> <span class='ocrx_word' id='word_1_592' title='bbox 523 4336 781 4404; x_wconf 77' lang='grc' dir='ltr'>Χριστοῦ,</span> <span class='ocrx_word' id='word_1_593' title='bbox 817 4336 943 4402; x_wconf 79' lang='grc' dir='ltr'>δόξα</span> <span class='ocrx_word' id='word_1_594' title='bbox 978 4353 1062 4390; x_wconf 91' lang='grc' dir='ltr'><strong>σοι</strong></span> <span class='ocrx_word' id='word_1_595' title='bbox 1089 4336 1168 4407; x_wconf 83' lang='grc' dir='ltr'>τῷ</span> <span class='ocrx_word' id='word_1_596' title='bbox 1189 4339 1335 4407; x_wconf 76' lang='grc' dir='ltr'>ἡμᾶς</span> <span class='ocrx_word' id='word_1_597' title='bbox 1360 4337 1652 4393; x_wconf 83' lang='grc' dir='ltr'>καλέσαντι</span> <span class='ocrx_word' id='word_1_598' title='bbox 1680 4340 1738 4392; x_wconf 82' lang='grc' dir='ltr'><strong>ὲν</strong></span> <span class='ocrx_word' id='word_1_599' title='bbox 1770 4341 1837 4410; x_wconf 81' lang='grc' dir='ltr'>τῇ</span> <span class='ocrx_word' id='word_1_600' title='bbox 1877 4339 1984 4407; x_wconf 76' lang='grc' dir='ltr'>ὀδῷ</span> 
     </span>
    </p>
   </div>
   <div class='ocr_carea' id='block_1_77' title="bbox 396 4427 1982 4501">
    <p class='ocr_par' dir='ltr' id='par_1_77' title="bbox 396 4427 1982 4501">
     <span class='ocr_line' id='line_1_77' title="bbox 396 4427 1982 4501; baseline 0.004 -22"><span class='ocrx_word' id='word_1_601' title='bbox 396 4427 496 4495; x_wconf 79' lang='grc' dir='ltr'><strong>τῆς</strong></span> <span class='ocrx_word' id='word_1_602' title='bbox 522 4427 864 4498; x_wconf 85' lang='grc' dir='ltr'>ἀγαθότητός</span> <span class='ocrx_word' id='word_1_603' title='bbox 901 4446 1016 4486; x_wconf 93' lang='grc' dir='ltr'>σου.</span> <span class='ocrx_word' id='word_1_604' title='bbox 1073 4431 1169 4495; x_wconf 89' lang='grc' dir='ltr'><strong>Τίς</strong></span> <span class='ocrx_word' id='word_1_605' title='bbox 1199 4433 1309 4499; x_wconf 86' lang='grc' dir='ltr'><strong>γάρ</strong></span> <span class='ocrx_word' id='word_1_606' title='bbox 1358 4431 1481 4496; x_wconf 78' lang='grc' dir='ltr'>θεὸς</span> <span class='ocrx_word' id='word_1_607' title='bbox 1533 4432 1706 4501; x_wconf 83' lang='grc' dir='ltr'>μέγας</span> <span class='ocrx_word' id='word_1_608' title='bbox 1742 4432 1816 4494; x_wconf 83' lang='grc' dir='ltr'>ὡς</span> <span class='ocrx_word' id='word_1_609' title='bbox 1850 4432 1912 4486; x_wconf 83' lang='grc' dir='ltr'><strong>σὺ</strong></span> <span class='ocrx_word' id='word_1_610' title='bbox 1953 4433 1982 4486; x_wconf 84' lang='grc' dir='ltr'><strong>ό</strong></span> 
     </span>
    </p>
   </div>
   <div class='ocr_carea' id='block_1_78' title="bbox 393 4521 1979 4594">
    <p class='ocr_par' dir='ltr' id='par_1_78' title="bbox 393 4521 1979 4594">
     <span class='ocr_line' id='line_1_78' title="bbox 393 4521 1979 4594; baseline 0.001 -18"><span class='ocrx_word' id='word_1_611' title='bbox 393 4524 527 4586; x_wconf 69' lang='grc' dir='ltr'>Θεὸς</span> <span class='ocrx_word' id='word_1_612' title='bbox 553 4521 732 4594; x_wconf 79' lang='grc' dir='ltr'>ἡμῶν,</span> <span class='ocrx_word' id='word_1_613' title='bbox 779 4524 806 4577; x_wconf 86' lang='grc' dir='ltr'><strong>ό</strong></span> <span class='ocrx_word' id='word_1_614' title='bbox 838 4523 1194 4594; x_wconf 80' lang='grc' dir='ltr'>ἁποχωρίσας</span> <span class='ocrx_word' id='word_1_615' title='bbox 1217 4525 1364 4594; x_wconf 80' lang='grc' dir='ltr'>ἡμᾶς</span> <span class='ocrx_word' id='word_1_616' title='bbox 1392 4524 1457 4576; x_wconf 78' lang='grc' dir='ltr'>ὲκ</span> <span class='ocrx_word' id='word_1_617' title='bbox 1496 4523 1589 4578; x_wconf 88' lang='grc' dir='ltr'><strong>τοῦ</strong></span> <span class='ocrx_word' id='word_1_618' title='bbox 1625 4524 1851 4587; x_wconf 83' lang='grc' dir='ltr'>σκότους</span> <span class='ocrx_word' id='word_1_619' title='bbox 1885 4525 1979 4579; x_wconf 78' lang='grc' dir='ltr'>καὶ</span> 
     </span>
    </p>
   </div>
   <div class='ocr_carea' id='block_1_79' title="bbox 405 4615 1982 4686">
    <p class='ocr_par' dir='ltr' id='par_1_79' title="bbox 405 4615 1982 4686">
     <span class='ocr_line' id='line_1_79' title="bbox 405 4615 1982 4686; baseline 0.003 -18"><span class='ocrx_word' id='word_1_620' title='bbox 405 4617 640 4679; x_wconf 84' lang='grc' dir='ltr'>καλέσας</span> <span class='ocrx_word' id='word_1_621' title='bbox 675 4620 754 4680; x_wconf 92' lang='grc' dir='ltr'><strong>είς</strong></span> <span class='ocrx_word' id='word_1_622' title='bbox 802 4616 863 4669; x_wconf 72' lang='grc' dir='ltr'>τὸ</span> <span class='ocrx_word' id='word_1_623' title='bbox 895 4617 1010 4686; x_wconf 80' lang='grc' dir='ltr'><strong>φῶς</strong></span> <span class='ocrx_word' id='word_1_624' title='bbox 1058 4615 1118 4669; x_wconf 76' lang='grc' dir='ltr'>τὸ</span> <span class='ocrx_word' id='word_1_625' title='bbox 1160 4616 1414 4686; x_wconf 84' lang='grc' dir='ltr'>ἀληθινὸν</span> <span class='ocrx_word' id='word_1_626' title='bbox 1455 4617 1550 4671; x_wconf 75' lang='grc' dir='ltr'>καὶ</span> <span class='ocrx_word' id='word_1_627' title='bbox 1607 4619 1982 4685; x_wconf 82' lang='grc' dir='ltr'>γλυκύτατον;</span> 
     </span>
    </p>
   </div>
   <div class='ocr_carea' id='block_1_80' title="bbox 401 4709 1984 4782">
    <p class='ocr_par' dir='ltr' id='par_1_80' title="bbox 401 4709 1984 4782">
     <span class='ocr_line' id='line_1_80' title="bbox 401 4709 1984 4782; baseline 0.001 -20"><span class='ocrx_word' id='word_1_628' title='bbox 401 4711 493 4762; x_wconf 68' lang='lat' dir='ltr'><strong>At?)</strong></span> <span class='ocrx_word' id='word_1_629' title='bbox 519 4709 756 4780; x_wconf 78' lang='grc' dir='ltr'>δεόμεθά</span> <span class='ocrx_word' id='word_1_630' title='bbox 791 4727 908 4774; x_wconf 82' lang='grc' dir='ltr'>σου,</span> <span class='ocrx_word' id='word_1_631' title='bbox 945 4710 1141 4780; x_wconf 80' lang='grc' dir='ltr'>Κύριε.</span> <span class='ocrx_word' id='word_1_632' title='bbox 1174 4710 1586 4781; x_wconf 81' lang='grc' dir='ltr'>συναρίθμησον</span> <span class='ocrx_word' id='word_1_633' title='bbox 1613 4712 1707 4764; x_wconf 72' lang='grc' dir='ltr'><strong>καὶ</strong></span> <span class='ocrx_word' id='word_1_634' title='bbox 1741 4713 1891 4782; x_wconf 79' lang='grc' dir='ltr'>ἡμᾶς</span> <span class='ocrx_word' id='word_1_635' title='bbox 1926 4715 1984 4766; x_wconf 80' lang='grc' dir='ltr'><strong>ἐν</strong></span> 
     </span>
    </p>
   </div>
   <div class='ocr_carea' id='block_1_81' title="bbox 2156 3770 3652 3848">
    <p class='ocr_par' dir='ltr' id='par_1_81' title="bbox 2156 3770 3652 3848">
     <span class='ocr_line' id='line_1_81' title="bbox 2156 3770 3652 3848; baseline -0.009 -12"><span class='ocrx_word' id='word_1_636' title='bbox 2156 3781 2250 3836; x_wconf 82' lang='lat' dir='ltr'><strong>1X.</strong></span> <span class='ocrx_word' id='word_1_637' title='bbox 2289 3781 2505 3836; x_wconf 70' lang='lat' dir='ltr'><strong>Sanctae</strong></span> <span class='ocrx_word' id='word_1_638' title='bbox 2540 3788 2727 3834; x_wconf 90' lang='lat' dir='ltr'><strong>autem</strong></span> <span class='ocrx_word' id='word_1_639' title='bbox 2759 3790 2968 3848; x_wconf 87' lang='lat' dir='ltr'><strong>septem</strong></span> <span class='ocrx_word' id='word_1_640' title='bbox 3018 3775 3286 3830; x_wconf 84' lang='lat' dir='ltr'><strong>mulieres</strong></span> <span class='ocrx_word' id='word_1_641' title='bbox 3326 3789 3449 3828; x_wconf 88' lang='lat' dir='ltr'><strong>cum</strong></span> <span class='ocrx_word' id='word_1_642' title='bbox 3481 3770 3652 3824; x_wconf 84' lang='lat' dir='ltr'><strong>venis-</strong></span> 
     </span>
    </p>
   </div>
   <div class='ocr_carea' id='block_1_82' title="bbox 2085 3869 3663 3941">
    <p class='ocr_par' dir='ltr' id='par_1_82' title="bbox 2085 3869 3663 3941">
     <span class='ocr_line' id='line_1_82' title="bbox 2085 3869 3663 3941; baseline -0.009 -11"><span class='ocrx_word' id='word_1_643' title='bbox 2085 3885 2209 3930; x_wconf 92' lang='lat' dir='ltr'><strong>sent</strong></span> <span class='ocrx_word' id='word_1_644' title='bbox 2254 3875 2318 3928; x_wconf 84' lang='lat' dir='ltr'><strong>ad</strong></span> <span class='ocrx_word' id='word_1_645' title='bbox 2357 3875 2565 3935; x_wconf 89' lang='lat' dir='ltr'><strong>locum,</strong></span> <span class='ocrx_word' id='word_1_646' title='bbox 2604 3876 2657 3927; x_wconf 92' lang='lat' dir='ltr'><strong>in</strong></span> <span class='ocrx_word' id='word_1_647' title='bbox 2699 3889 2810 3941; x_wconf 91' lang='lat' dir='ltr'><strong>quo</strong></span> <span class='ocrx_word' id='word_1_648' title='bbox 2857 3882 3016 3925; x_wconf 91' lang='lat' dir='ltr'><strong>erant</strong></span> <span class='ocrx_word' id='word_1_649' title='bbox 3053 3869 3524 3924; x_wconf 54' lang='lat' dir='ltr'><strong>consummantia.</strong></span> <span class='ocrx_word' id='word_1_650' title='bbox 3581 3881 3663 3917; x_wconf 93' lang='lat' dir='ltr'><strong>ro-</strong></span> 
     </span>
    </p>
   </div>
   <div class='ocr_carea' id='block_1_83' title="bbox 2084 3960 3666 4039">
    <p class='ocr_par' dir='ltr' id='par_1_83' title="bbox 2084 3960 3666 4039">
     <span class='ocr_line' id='line_1_83' title="bbox 2084 3960 3666 4039; baseline -0.01 -16"><span class='ocrx_word' id='word_1_651' title='bbox 2084 3978 2284 4039; x_wconf 80' lang='lat' dir='ltr'><strong>garunt</strong></span> <span class='ocrx_word' id='word_1_652' title='bbox 2344 3969 2590 4032; x_wconf 88' lang='lat' dir='ltr'><strong>lictores,</strong></span> <span class='ocrx_word' id='word_1_653' title='bbox 2639 3966 2890 4021; x_wconf 90' lang='lat' dir='ltr'><strong>dicentes</strong></span> <span class='ocrx_word' id='word_1_654' title='bbox 2949 3962 3299 4017; x_wconf 88' lang='lat' dir='ltr'><strong>:Concedite</strong></span> <span class='ocrx_word' id='word_1_655' title='bbox 3360 3960 3540 4014; x_wconf 64' lang='lat' dir='ltr'><strong>nobés.</strong></span> <span class='ocrx_word' id='word_1_656' title='bbox 3607 3965 3666 4008; x_wconf 89' lang='lat' dir='ltr'><strong>ut</strong></span> 
     </span>
    </p>
   </div>
   <div class='ocr_carea' id='block_1_84' title="bbox 2083 4050 3664 4132">
    <p class='ocr_par' dir='ltr' id='par_1_84' title="bbox 2083 4050 3664 4132">
     <span class='ocr_line' id='line_1_84' title="bbox 2083 4050 3664 4132; baseline -0.006 -16"><span class='ocrx_word' id='word_1_657' title='bbox 2083 4075 2383 4132; x_wconf 87' lang='lat' dir='ltr'><strong>parumper</strong></span> <span class='ocrx_word' id='word_1_658' title='bbox 2432 4076 2719 4130; x_wconf 82' lang='lat' dir='ltr'><strong>precemur</strong></span> <span class='ocrx_word' id='word_1_659' title='bbox 2750 4076 2764 4114; x_wconf 93' lang='lat'><strong>:</strong></span> <span class='ocrx_word' id='word_1_660' title='bbox 2799 4068 2855 4112; x_wconf 83' lang='lat' dir='ltr'><strong>et</strong></span> <span class='ocrx_word' id='word_1_661' title='bbox 2907 4056 3062 4111; x_wconf 81' lang='lat' dir='ltr'><strong>ﬂexis</strong></span> <span class='ocrx_word' id='word_1_662' title='bbox 3099 4057 3151 4108; x_wconf 90' lang='lat' dir='ltr'><strong>in</strong></span> <span class='ocrx_word' id='word_1_663' title='bbox 3184 4064 3386 4107; x_wconf 89' lang='lat' dir='ltr'><strong>terram</strong></span> <span class='ocrx_word' id='word_1_664' title='bbox 3415 4050 3664 4117; x_wconf 72' lang='lat' dir='ltr'><strong>genibus.</strong></span> 
     </span>
    </p>
   </div>
   <div class='ocr_carea' id='block_1_85' title="bbox 2083 4141 3666 4217">
    <p class='ocr_par' dir='ltr' id='par_1_85' title="bbox 2083 4141 3666 4217">
     <span class='ocr_line' id='line_1_85' title="bbox 2083 4141 3666 4217; baseline -0.009 -10"><span class='ocrx_word' id='word_1_665' title='bbox 2083 4153 2163 4207; x_wconf 91' lang='lat' dir='ltr'><strong>sic</strong></span> <span class='ocrx_word' id='word_1_666' title='bbox 2195 4150 2455 4206; x_wconf 82' lang='lat' dir='ltr'><strong>dixerunt</strong></span> <span class='ocrx_word' id='word_1_667' title='bbox 2492 4169 2504 4204; x_wconf 91' lang='lat'>:</span> <span class='ocrx_word' id='word_1_668' title='bbox 2543 4150 2728 4204; x_wconf 78' lang='lat' dir='ltr'><strong>Gloria</strong></span> <span class='ocrx_word' id='word_1_669' title='bbox 2757 4149 2876 4212; x_wconf 90' lang='lat' dir='ltr'><strong>tibi,</strong></span> <span class='ocrx_word' id='word_1_670' title='bbox 2905 4161 3105 4217; x_wconf 74' lang='lat' dir='ltr'><strong>magno</strong></span> <span class='ocrx_word' id='word_1_671' title='bbox 3141 4156 3197 4198; x_wconf 91' lang='lat' dir='ltr'><strong>et</strong></span> <span class='ocrx_word' id='word_1_672' title='bbox 3229 4141 3534 4213; x_wconf 71' lang='lat' dir='ltr'><strong>gloriﬁcaio</strong></span> <span class='ocrx_word' id='word_1_673' title='bbox 3566 4155 3666 4193; x_wconf 85' lang='lat' dir='ltr'><strong>uo-</strong></span> 
     </span>
    </p>
   </div>
   <div class='ocr_carea' id='block_1_86' title="bbox 2085 4233 3662 4310">
    <p class='ocr_par' dir='ltr' id='par_1_86' title="bbox 2085 4233 3662 4310">
     <span class='ocr_line' id='line_1_86' title="bbox 2085 4233 3662 4310; baseline -0.008 -11"><span class='ocrx_word' id='word_1_674' title='bbox 2085 4255 2201 4300; x_wconf 82' lang='lat' dir='ltr'><strong>stro</strong></span> <span class='ocrx_word' id='word_1_675' title='bbox 2233 4245 2380 4308; x_wconf 87' lang='lat' dir='ltr'><strong>Deo;</strong></span> <span class='ocrx_word' id='word_1_676' title='bbox 2407 4243 2579 4310; x_wconf 73' lang='lat' dir='ltr'><strong>gloria</strong></span> <span class='ocrx_word' id='word_1_677' title='bbox 2610 4242 2708 4294; x_wconf 85' lang='lat' dir='ltr'><strong>tibi</strong></span> <span class='ocrx_word' id='word_1_678' title='bbox 2739 4239 2981 4302; x_wconf 88' lang='lat' dir='ltr'><strong>Christe,</strong></span> <span class='ocrx_word' id='word_1_679' title='bbox 3009 4239 3102 4307; x_wconf 88' lang='lat' dir='ltr'><strong>qui</strong></span> <span class='ocrx_word' id='word_1_680' title='bbox 3139 4251 3334 4304; x_wconf 72' lang='lat' dir='ltr'><strong>regnas</strong></span> <span class='ocrx_word' id='word_1_681' title='bbox 3368 4235 3420 4286; x_wconf 91' lang='lat' dir='ltr'><strong>in</strong></span> <span class='ocrx_word' id='word_1_682' title='bbox 3445 4233 3662 4293; x_wconf 67' lang='lat' dir='ltr'><strong>szeeula,</strong></span> 
     </span>
    </p>
   </div>
   <div class='ocr_carea' id='block_1_87' title="bbox 2086 4325 3667 4407">
    <p class='ocr_par' dir='ltr' id='par_1_87' title="bbox 2086 4325 3667 4407">
     <span class='ocr_line' id='line_1_87' title="bbox 2086 4325 3667 4407; baseline -0.01 -15"><span class='ocrx_word' id='word_1_683' title='bbox 2086 4337 2182 4407; x_wconf 90' lang='lat' dir='ltr'><strong>qui</strong></span> <span class='ocrx_word' id='word_1_684' title='bbox 2222 4351 2324 4391; x_wconf 90' lang='lat' dir='ltr'><strong>nos</strong></span> <span class='ocrx_word' id='word_1_685' title='bbox 2361 4335 2566 4390; x_wconf 85' lang='lat' dir='ltr'><strong>vocasti</strong></span> <span class='ocrx_word' id='word_1_686' title='bbox 2607 4335 2661 4388; x_wconf 94' lang='lat' dir='ltr'><strong>in</strong></span> <span class='ocrx_word' id='word_1_687' title='bbox 2713 4333 2857 4386; x_wconf 89' lang='lat' dir='ltr'><strong>viam</strong></span> <span class='ocrx_word' id='word_1_688' title='bbox 2914 4330 3178 4386; x_wconf 82' lang='lat' dir='ltr'><strong>bonitatis</strong></span> <span class='ocrx_word' id='word_1_689' title='bbox 3215 4338 3340 4382; x_wconf 67' lang='lat' dir='ltr'><strong>tuae.</strong></span> <span class='ocrx_word' id='word_1_690' title='bbox 3400 4325 3535 4391; x_wconf 89' lang='lat' dir='ltr'><strong>Quis</strong></span> <span class='ocrx_word' id='word_1_691' title='bbox 3583 4335 3667 4379; x_wconf 87' lang='lat' dir='ltr'><strong>est</strong></span> 
     </span>
    </p>
   </div>
   <div class='ocr_carea' id='block_1_88' title="bbox 2083 4418 3666 4498">
    <p class='ocr_par' dir='ltr' id='par_1_88' title="bbox 2083 4418 3666 4498">
     <span class='ocr_line' id='line_1_88' title="bbox 2083 4418 3666 4498; baseline -0.011 -14"><span class='ocrx_word' id='word_1_692' title='bbox 2083 4429 2232 4484; x_wconf 91' lang='lat' dir='ltr'><strong>enim</strong></span> <span class='ocrx_word' id='word_1_693' title='bbox 2264 4442 2517 4498; x_wconf 73' lang='lat' dir='ltr'><strong>magnus,</strong></span> <span class='ocrx_word' id='word_1_694' title='bbox 2549 4426 2693 4479; x_wconf 91' lang='lat' dir='ltr'><strong>sicut</strong></span> <span class='ocrx_word' id='word_1_695' title='bbox 2723 4435 2779 4478; x_wconf 92' lang='lat' dir='ltr'><strong>tu</strong></span> <span class='ocrx_word' id='word_1_696' title='bbox 2813 4424 2958 4477; x_wconf 89' lang='lat' dir='ltr'><strong>Deus</strong></span> <span class='ocrx_word' id='word_1_697' title='bbox 2991 4431 3201 4486; x_wconf 84' lang='lat' dir='ltr'><strong>noster,</strong></span> <span class='ocrx_word' id='word_1_698' title='bbox 3234 4420 3328 4489; x_wconf 91' lang='lat' dir='ltr'><strong>qui</strong></span> <span class='ocrx_word' id='word_1_699' title='bbox 3361 4435 3461 4472; x_wconf 89' lang='lat' dir='ltr'><strong>nos</strong></span> <span class='ocrx_word' id='word_1_700' title='bbox 3489 4418 3666 4470; x_wconf 76' lang='lat' dir='ltr'><strong>iecisti</strong></span> 
     </span>
    </p>
   </div>
   <div class='ocr_carea' id='block_1_89' title="bbox 2088 4507 3674 4580">
    <p class='ocr_par' dir='ltr' id='par_1_89' title="bbox 2088 4507 3674 4580">
     <span class='ocr_line' id='line_1_89' title="bbox 2088 4507 3674 4580; baseline -0.011 -4"><span class='ocrx_word' id='word_1_701' title='bbox 2088 4520 2349 4576; x_wconf 87' lang='lat' dir='ltr'><strong>recedere</strong></span> <span class='ocrx_word' id='word_1_702' title='bbox 2385 4534 2417 4574; x_wconf 86' lang='lat' dir='ltr'><strong>a</strong></span> <span class='ocrx_word' id='word_1_703' title='bbox 2470 4517 2734 4580; x_wconf 90' lang='lat' dir='ltr'><strong>tenebris,</strong></span> <span class='ocrx_word' id='word_1_704' title='bbox 2781 4525 2838 4571; x_wconf 92' lang='lat' dir='ltr'><strong>et</strong></span> <span class='ocrx_word' id='word_1_705' title='bbox 2873 4515 3081 4570; x_wconf 82' lang='lat' dir='ltr'><strong>vocasti</strong></span> <span class='ocrx_word' id='word_1_706' title='bbox 3120 4527 3222 4566; x_wconf 91' lang='lat' dir='ltr'><strong>nos</strong></span> <span class='ocrx_word' id='word_1_707' title='bbox 3254 4510 3323 4564; x_wconf 86' lang='lat' dir='ltr'><strong>ad</strong></span> <span class='ocrx_word' id='word_1_708' title='bbox 3359 4525 3541 4562; x_wconf 88' lang='lat' dir='ltr'><strong>veram</strong></span> <span class='ocrx_word' id='word_1_709' title='bbox 3588 4507 3674 4560; x_wconf 91' lang='lat' dir='ltr'><strong>lu-</strong></span> 
     </span>
    </p>
   </div>
   <div class='ocr_carea' id='block_1_90' title="bbox 2085 4607 3670 4674">
    <p class='ocr_par' dir='ltr' id='par_1_90' title="bbox 2085 4607 3670 4674">
     <span class='ocr_line' id='line_1_90' title="bbox 2085 4607 3670 4674; baseline -0.011 -6"><span class='ocrx_word' id='word_1_710' title='bbox 2085 4628 2204 4669; x_wconf 87' lang='lat' dir='ltr'><strong>cem</strong></span> <span class='ocrx_word' id='word_1_711' title='bbox 2258 4621 2315 4667; x_wconf 91' lang='lat' dir='ltr'><strong>et</strong></span> <span class='ocrx_word' id='word_1_712' title='bbox 2379 4609 2804 4667; x_wconf 83' lang='lat' dir='ltr'><strong>suavissimam?</strong></span> <span class='ocrx_word' id='word_1_713' title='bbox 2867 4607 3236 4674; x_wconf 86' lang='lat' dir='ltr'><strong>Quamobrem</strong></span> <span class='ocrx_word' id='word_1_714' title='bbox 3301 4616 3558 4672; x_wconf 80' lang='lat' dir='ltr'><strong>rogamus</strong></span> <span class='ocrx_word' id='word_1_715' title='bbox 3593 4611 3670 4663; x_wconf 87' lang='lat' dir='ltr'><strong>te,</strong></span> 
     </span>
    </p>
   </div>
   <div class='ocr_carea' id='block_1_91' title="bbox 2085 4704 3670 4773">
    <p class='ocr_par' dir='ltr' id='par_1_91' title="bbox 2085 4704 3670 4773">
     <span class='ocr_line' id='line_1_91' title="bbox 2085 4704 3670 4773; baseline -0.011 -8"><span class='ocrx_word' id='word_1_716' title='bbox 2085 4710 2337 4773; x_wconf 84' lang='lat' dir='ltr'><strong>Domine,</strong></span> <span class='ocrx_word' id='word_1_717' title='bbox 2376 4723 2480 4762; x_wconf 90' lang='lat' dir='ltr'><strong>nos</strong></span> <span class='ocrx_word' id='word_1_718' title='bbox 2511 4721 2853 4761; x_wconf 87' lang='lat' dir='ltr'><strong>connumera</strong></span> <span class='ocrx_word' id='word_1_719' title='bbox 2904 4721 3030 4758; x_wconf 86' lang='lat' dir='ltr'><strong>cum</strong></span> <span class='ocrx_word' id='word_1_720' title='bbox 3074 4704 3249 4773; x_wconf 89' lang='lat' dir='ltr'><strong>prima</strong></span> <span class='ocrx_word' id='word_1_721' title='bbox 3285 4713 3527 4768; x_wconf 84' lang='lat' dir='ltr'><strong>martyre</strong></span> <span class='ocrx_word' id='word_1_722' title='bbox 3578 4705 3670 4748; x_wconf 90' lang='lat' dir='ltr'><strong>tua</strong></span> 
     </span>
    </p>
   </div>
   <div class='ocr_carea' id='block_1_92' title="bbox 398 4789 1972 4875">
    <p class='ocr_par' dir='ltr' id='par_1_92' title="bbox 398 4802 1972 4875">
     <span class='ocr_line' id='line_1_92' title="bbox 398 4802 1972 4875; baseline 0.003 -23"><span class='ocrx_word' id='word_1_723' title='bbox 398 4805 465 4872; x_wconf 77' lang='grc' dir='ltr'>τῇ</span> <span class='ocrx_word' id='word_1_724' title='bbox 507 4802 641 4871; x_wconf 76' lang='grc' dir='ltr'>ἁγίᾳ</span> <span class='ocrx_word' id='word_1_725' title='bbox 672 4803 765 4856; x_wconf 74' lang='grc' dir='ltr'><strong>καὶ</strong></span> <span class='ocrx_word' id='word_1_726' title='bbox 801 4802 1236 4872; x_wconf 81' lang='grc' dir='ltr'>πρωτομάρτυρί</span> <span class='ocrx_word' id='word_1_727' title='bbox 1267 4819 1363 4856; x_wconf 89' lang='grc' dir='ltr'>σου</span> <span class='ocrx_word' id='word_1_728' title='bbox 1394 4802 1574 4875; x_wconf 78' lang='grc' dir='ltr'>Θέκλῃ</span> <span class='ocrx_word' id='word_1_729' title='bbox 1611 4803 1972 4873; x_wconf 86' lang='grc' dir='ltr'>προσδεχόμε·</span> 
     </span>
    </p>
   </div>
   <div class='ocr_carea' id='block_1_93' title="bbox 2077 4789 3670 4875">
    <p class='ocr_par' dir='ltr' id='par_1_93' title="bbox 2090 4789 3670 4872">
     <span class='ocr_line' id='line_1_93' title="bbox 2090 4789 3670 4872; baseline -0.014 -12"><span class='ocrx_word' id='word_1_730' title='bbox 2090 4806 2316 4866; x_wconf 83' lang='lat' dir='ltr'><strong>Thecla,</strong></span> <span class='ocrx_word' id='word_1_731' title='bbox 2341 4803 2620 4872; x_wconf 85' lang='lat' dir='ltr'><strong>accipiens</strong></span> <span class='ocrx_word' id='word_1_732' title='bbox 2643 4802 3103 4856; x_wconf 88' lang='lat' dir='ltr'><strong>intercessionem</strong></span> <span class='ocrx_word' id='word_1_733' title='bbox 3138 4791 3466 4850; x_wconf 81' lang='lat' dir='ltr'><strong>sanctissimi</strong></span> <span class='ocrx_word' id='word_1_734' title='bbox 3497 4789 3670 4858; x_wconf 84' lang='lat' dir='ltr'><strong>patris</strong></span> 
     </span>
    </p>
   </div>
   <div class='ocr_carea' id='block_1_94' title="bbox 397 4877 1986 4966">
    <p class='ocr_par' dir='ltr' id='par_1_94' title="bbox 397 4892 1986 4966">
     <span class='ocr_line' id='line_1_94' title="bbox 397 4892 1986 4966; baseline 0.001 -21"><span class='ocrx_word' id='word_1_735' title='bbox 397 4910 485 4955; x_wconf 92' lang='grc' dir='ltr'><strong>νος</strong></span> <span class='ocrx_word' id='word_1_736' title='bbox 513 4892 612 4963; x_wconf 73' lang='grc' dir='ltr'>τὴν</span> <span class='ocrx_word' id='word_1_737' title='bbox 661 4893 958 4962; x_wconf 79' lang='grc' dir='ltr'>πρεσϐείαν</span> <span class='ocrx_word' id='word_1_738' title='bbox 983 4893 1078 4946; x_wconf 87' lang='grc' dir='ltr'><strong>τοῦ</strong></span> <span class='ocrx_word' id='word_1_739' title='bbox 1130 4895 1430 4948; x_wconf 86' lang='grc' dir='ltr'>όσιωτάτου</span> <span class='ocrx_word' id='word_1_740' title='bbox 1469 4897 1674 4966; x_wconf 78' lang='grc' dir='ltr'>πατρὸς</span> <span class='ocrx_word' id='word_1_741' title='bbox 1699 4893 1854 4964; x_wconf 74' lang='grc' dir='ltr'>ἡμῶν</span> <span class='ocrx_word' id='word_1_742' title='bbox 1891 4894 1986 4948; x_wconf 71' lang='grc' dir='ltr'><strong>καὶ</strong></span> 
     </span>
    </p>
   </div>
   <div class='ocr_carea' id='block_1_95' title="bbox 404 4986 1984 5058">
    <p class='ocr_par' dir='ltr' id='par_1_95' title="bbox 404 4986 1984 5058">
     <span class='ocr_line' id='line_1_95' title="bbox 404 4986 1984 5058; baseline 0 -21"><span class='ocrx_word' id='word_1_743' title='bbox 404 4987 659 5056; x_wconf 78' lang='grc' dir='ltr'>ποιμένος</span> <span class='ocrx_word' id='word_1_744' title='bbox 698 4988 930 5040; x_wconf 81' lang='grc' dir='ltr'>Βλασίου</span> <span class='ocrx_word' id='word_1_745' title='bbox 964 4986 1061 5040; x_wconf 89' lang='grc' dir='ltr'><strong>τοῦ</strong></span> <span class='ocrx_word' id='word_1_746' title='bbox 1095 4987 1464 5055; x_wconf 84' lang='grc' dir='ltr'>όδηγήσαντος</span> <span class='ocrx_word' id='word_1_747' title='bbox 1522 4989 1671 5058; x_wconf 80' lang='grc' dir='ltr'>ἡμᾶς</span> <span class='ocrx_word' id='word_1_748' title='bbox 1719 4987 1856 5058; x_wconf 78' lang='grc' dir='ltr'>πρὸς</span> <span class='ocrx_word' id='word_1_749' title='bbox 1885 4987 1984 5057; x_wconf 79' lang='grc' dir='ltr'>τὴν</span> 
     </span>
    </p>
   </div>
   <div class='ocr_carea' id='block_1_96' title="bbox 400 5079 1980 5152">
    <p class='ocr_par' dir='ltr' id='par_1_96' title="bbox 400 5079 1980 5152">
     <span class='ocr_line' id='line_1_96' title="bbox 400 5079 1980 5152; baseline 0 -19"><span class='ocrx_word' id='word_1_750' title='bbox 400 5081 628 5148; x_wconf 78' lang='grc' dir='ltr'>ἄθλησιν</span> <span class='ocrx_word' id='word_1_751' title='bbox 691 5079 897 5150; x_wconf 81' lang='grc' dir='ltr'>ταύτην</span> <span class='ocrx_word' id='word_1_752' title='bbox 947 5081 1042 5134; x_wconf 60' lang='grc' dir='ltr'><strong>καὶ⁸</strong></span> <span class='ocrx_word' id='word_1_753' title='bbox 1095 5081 1401 5134; x_wconf 77' lang='grc' dir='ltr'>ἀπόλαυσιν</span> <span class='ocrx_word' id='word_1_754' title='bbox 1453 5081 1552 5152; x_wconf 86' lang='grc' dir='ltr'><strong>τῆς</strong></span> <span class='ocrx_word' id='word_1_755' title='bbox 1606 5080 1826 5134; x_wconf 88' lang='grc' dir='ltr'>αίωνίου</span> <span class='ocrx_word' id='word_1_756' title='bbox 1889 5098 1980 5133; x_wconf 89' lang='grc' dir='ltr'>σου</span> 
     </span>
    </p>
   </div>
   <div class='ocr_carea' id='block_1_97' title="bbox 400 5169 1984 5242">
    <p class='ocr_par' dir='ltr' id='par_1_97' title="bbox 400 5169 1984 5242">
     <span class='ocr_line' id='line_1_97' title="bbox 400 5169 1984 5242; baseline 0.001 -19"><span class='ocrx_word' id='word_1_757' title='bbox 400 5171 563 5238; x_wconf 75' lang='grc' dir='ltr'>ζωῆς.</span> <span class='ocrx_word' id='word_1_758' title='bbox 597 5169 783 5225; x_wconf 86' lang='grc' dir='ltr'>Ταῦτα</span> <span class='ocrx_word' id='word_1_759' title='bbox 839 5171 1019 5225; x_wconf 88' lang='grc' dir='ltr'>τοίνυν</span> <span class='ocrx_word' id='word_1_760' title='bbox 1059 5172 1356 5242; x_wconf 79' lang='grc' dir='ltr'>εὐξάμεναι</span> <span class='ocrx_word' id='word_1_761' title='bbox 1411 5173 1466 5226; x_wconf 82' lang='lat' dir='ltr'><strong>ai</strong></span> <span class='ocrx_word' id='word_1_762' title='bbox 1522 5171 1676 5241; x_wconf 72' lang='grc' dir='ltr'>ἅγιαι</span> <span class='ocrx_word' id='word_1_763' title='bbox 1727 5175 1984 5240; x_wconf 86' lang='grc' dir='ltr'>γυναῖκες</span> 
     </span>
    </p>
   </div>
   <div class='ocr_carea' id='block_1_98' title="bbox 403 5264 1985 5335">
    <p class='ocr_par' dir='ltr' id='par_1_98' title="bbox 403 5264 1985 5335">
     <span class='ocr_line' id='line_1_98' title="bbox 403 5264 1985 5335; baseline 0 -18"><span class='ocrx_word' id='word_1_764' title='bbox 403 5266 494 5317; x_wconf 65' lang='grc' dir='ltr'>καὶ</span> <span class='ocrx_word' id='word_1_765' title='bbox 520 5266 824 5319; x_wconf 78' lang='grc' dir='ltr'>ἀναστᾶσαι</span> <span class='ocrx_word' id='word_1_766' title='bbox 878 5267 942 5319; x_wconf 80' lang='grc' dir='ltr'>ἐκ</span> <span class='ocrx_word' id='word_1_767' title='bbox 970 5265 1066 5320; x_wconf 88' lang='grc' dir='ltr'><strong>τοῦ</strong></span> <span class='ocrx_word' id='word_1_768' title='bbox 1098 5266 1350 5335; x_wconf 73' lang='grc' dir='ltr'>ἐδάφους,</span> <span class='ocrx_word' id='word_1_769' title='bbox 1382 5265 1479 5320; x_wconf 81' lang='grc' dir='ltr'>καὶ</span> <span class='ocrx_word' id='word_1_770' title='bbox 1520 5265 1836 5319; x_wconf 70' lang='grc' dir='ltr'>ἑκτείνασαι</span> <span class='ocrx_word' id='word_1_771' title='bbox 1884 5264 1985 5330; x_wconf 81' lang='grc' dir='ltr'>τὰς</span> 
     </span>
    </p>
   </div>
   <div class='ocr_carea' id='block_1_99' title="bbox 401 5359 1985 5428">
    <p class='ocr_par' dir='ltr' id='par_1_99' title="bbox 401 5359 1985 5428">
     <span class='ocr_line' id='line_1_99' title="bbox 401 5359 1985 5428; baseline 0.001 -18"><span class='ocrx_word' id='word_1_772' title='bbox 401 5361 590 5428; x_wconf 82' lang='grc' dir='ltr'>χεῖρας</span> <span class='ocrx_word' id='word_1_773' title='bbox 621 5359 800 5412; x_wconf 84' lang='grc' dir='ltr'>αὐτῶν</span> <span class='ocrx_word' id='word_1_774' title='bbox 856 5361 951 5413; x_wconf 73' lang='grc' dir='ltr'><strong>καὶ</strong></span> <span class='ocrx_word' id='word_1_775' title='bbox 983 5359 1353 5413; x_wconf 88' lang='grc' dir='ltr'>ἀνανεύσασαι</span> <span class='ocrx_word' id='word_1_776' title='bbox 1398 5360 1528 5423; x_wconf 80' lang='grc' dir='ltr'>τοὺς</span> <span class='ocrx_word' id='word_1_777' title='bbox 1556 5359 1872 5428; x_wconf 79' lang='grc' dir='ltr'>ὀφθαλμοὺς</span> <span class='ocrx_word' id='word_1_778' title='bbox 1902 5361 1985 5423; x_wconf 86' lang='grc' dir='ltr'><strong>είς</strong></span> 
     </span>
    </p>
   </div>
   <div class='ocr_carea' id='block_1_100' title="bbox 399 5449 1980 5524">
    <p class='ocr_par' dir='ltr' id='par_1_100' title="bbox 399 5449 1980 5524">
     <span class='ocr_line' id='line_1_100' title="bbox 399 5449 1980 5524; baseline 0 -20"><span class='ocrx_word' id='word_1_779' title='bbox 399 5453 491 5504; x_wconf 61' lang='grc' dir='ltr'><strong>τόν</strong></span> <span class='ocrx_word' id='word_1_780' title='bbox 520 5451 752 5520; x_wconf 75' lang='grc' dir='ltr'>οὐρανὸν</span> <span class='ocrx_word' id='word_1_781' title='bbox 782 5453 840 5505; x_wconf 76' lang='grc' dir='ltr'><strong>ἐν</strong></span> <span class='ocrx_word' id='word_1_782' title='bbox 870 5452 1090 5522; x_wconf 82' lang='grc' dir='ltr'>καθαρᾷ</span> <span class='ocrx_word' id='word_1_783' title='bbox 1115 5452 1316 5523; x_wconf 77' lang='grc' dir='ltr'>καρδίᾳ.</span> <span class='ocrx_word' id='word_1_784' title='bbox 1352 5452 1580 5524; x_wconf 52' lang='grc' dir='ltr'><strong>καὶμεᾷ</strong></span> <span class='ocrx_word' id='word_1_785' title='bbox 1625 5451 1771 5522; x_wconf 78' lang='grc' dir='ltr'>ψυχῇ</span> <span class='ocrx_word' id='word_1_786' title='bbox 1823 5449 1980 5505; x_wconf 72' lang='grc' dir='ltr'>εἷπον</span> 
     </span>
    </p>
   </div>
   <div class='ocr_carea' id='block_1_101' title="bbox 400 5543 1980 5618">
    <p class='ocr_par' dir='ltr' id='par_1_101' title="bbox 400 5543 1980 5618">
     <span class='ocr_line' id='line_1_101' title="bbox 400 5543 1980 5618; baseline 0.003 -21"><span class='ocrx_word' id='word_1_787' title='bbox 400 5544 536 5614; x_wconf 79' lang='grc' dir='ltr'>πρὸς</span> <span class='ocrx_word' id='word_1_788' title='bbox 571 5543 664 5597; x_wconf 85' lang='grc' dir='ltr'><strong>τόν</strong></span> <span class='ocrx_word' id='word_1_789' title='bbox 704 5545 870 5599; x_wconf 85' lang='grc' dir='ltr'>Θεόν’</span> <span class='ocrx_word' id='word_1_790' title='bbox 922 5547 1061 5612; x_wconf 79' lang='grc' dir='ltr'>Δόξα</span> <span class='ocrx_word' id='word_1_791' title='bbox 1117 5563 1233 5610; x_wconf 84' lang='grc' dir='ltr'>σοι,</span> <span class='ocrx_word' id='word_1_792' title='bbox 1278 5546 1451 5616; x_wconf 81' lang='grc' dir='ltr'>Κύριε</span> <span class='ocrx_word' id='word_1_793' title='bbox 1485 5549 1511 5600; x_wconf 88' lang='grc' dir='ltr'><strong>ό</strong></span> <span class='ocrx_word' id='word_1_794' title='bbox 1550 5547 1684 5610; x_wconf 79' lang='grc' dir='ltr'>Θεὸς</span> <span class='ocrx_word' id='word_1_795' title='bbox 1732 5547 1912 5618; x_wconf 84' lang='grc' dir='ltr'>ἡμῶν,</span> <span class='ocrx_word' id='word_1_796' title='bbox 1952 5549 1980 5601; x_wconf 85' lang='grc' dir='ltr'>ὁ</span> 
     </span>
    </p>
   </div>
   <div class='ocr_carea' id='block_1_102' title="bbox 399 5635 1982 5709">
    <p class='ocr_par' dir='ltr' id='par_1_102' title="bbox 399 5635 1982 5709">
     <span class='ocr_line' id='line_1_102' title="bbox 399 5635 1982 5709; baseline 0.002 -21"><span class='ocrx_word' id='word_1_797' title='bbox 399 5635 746 5702; x_wconf 80' lang='grc' dir='ltr'>καταξιώσας</span> <span class='ocrx_word' id='word_1_798' title='bbox 809 5639 957 5708; x_wconf 79' lang='grc' dir='ltr'>ἡμᾶς</span> <span class='ocrx_word' id='word_1_799' title='bbox 1019 5639 1099 5701; x_wconf 85' lang='grc' dir='ltr'><strong>είς</strong></span> <span class='ocrx_word' id='word_1_800' title='bbox 1137 5639 1198 5691; x_wconf 77' lang='grc' dir='ltr'>τὸ</span> <span class='ocrx_word' id='word_1_801' title='bbox 1236 5639 1625 5709; x_wconf 72' lang='grc' dir='ltr'>θυσιαστήριόν</span> <span class='ocrx_word' id='word_1_802' title='bbox 1681 5655 1776 5691; x_wconf 92' lang='grc' dir='ltr'><strong>σου</strong></span> <span class='ocrx_word' id='word_1_803' title='bbox 1817 5637 1982 5691; x_wconf 85' lang='grc' dir='ltr'>τοῦτο</span> 
     </span>
    </p>
   </div>
   <div class='ocr_carea' id='block_1_103' title="bbox 399 5729 1984 5803">
    <p class='ocr_par' dir='ltr' id='par_1_103' title="bbox 399 5729 1984 5803">
     <span class='ocr_line' id='line_1_103' title="bbox 399 5729 1984 5803; baseline 0.001 -20"><span class='ocrx_word' id='word_1_804' title='bbox 399 5734 748 5800; x_wconf 69' lang='grc' dir='ltr'>παραστῆναι</span> <span class='ocrx_word' id='word_1_805' title='bbox 764 5733 841 5796; x_wconf 82' lang='grc' dir='ltr'>ὡς</span> <span class='ocrx_word' id='word_1_806' title='bbox 872 5734 942 5787; x_wconf 88' lang='grc' dir='ltr'><strong>ἀσ</strong></span> <span class='ocrx_word' id='word_1_807' title='bbox 955 5733 1134 5796; x_wconf 77' lang='grc' dir='ltr'>πίλους</span> <span class='ocrx_word' id='word_1_808' title='bbox 1155 5733 1403 5803; x_wconf 83' lang='grc' dir='ltr'>ἀμνάδας</span> <span class='ocrx_word' id='word_1_809' title='bbox 1423 5732 1516 5788; x_wconf 83' lang='grc' dir='ltr'>καὶ</span> <span class='ocrx_word' id='word_1_810' title='bbox 1539 5731 1783 5801; x_wconf 78' lang='grc' dir='ltr'>λογικάς.</span> <span class='ocrx_word' id='word_1_811' title='bbox 1808 5729 1984 5803; x_wconf 58' lang='lat'><strong>11963-</strong></span> 
     </span>
    </p>
   </div>
   <div class='ocr_carea' id='block_1_104' title="bbox 397 5821 1976 5896">
    <p class='ocr_par' dir='ltr' id='par_1_104' title="bbox 397 5821 1976 5896">
     <span class='ocr_line' id='line_1_104' title="bbox 397 5821 1976 5896; baseline 0.005 -21"><span class='ocrx_word' id='word_1_812' title='bbox 397 5821 546 5889; x_wconf 78' lang='grc' dir='ltr'>δεξαι</span> <span class='ocrx_word' id='word_1_813' title='bbox 602 5822 714 5896; x_wconf 76' lang='grc' dir='ltr'>οὖν,</span> <span class='ocrx_word' id='word_1_814' title='bbox 755 5821 1024 5895; x_wconf 80' lang='grc' dir='ltr'>Δέσποτα,</span> <span class='ocrx_word' id='word_1_815' title='bbox 1075 5825 1169 5882; x_wconf 76' lang='grc' dir='ltr'>καὶ</span> <span class='ocrx_word' id='word_1_816' title='bbox 1225 5823 1323 5890; x_wconf 71' lang='grc' dir='ltr'>τὰς</span> <span class='ocrx_word' id='word_1_817' title='bbox 1360 5823 1539 5896; x_wconf 58' lang='grc' dir='ltr'>ψυχὰς</span> <span class='ocrx_word' id='word_1_818' title='bbox 1593 5821 1754 5896; x_wconf 64' lang='grc' dir='ltr'>ἡμῶν</span> <span class='ocrx_word' id='word_1_819' title='bbox 1809 5823 1866 5877; x_wconf 73' lang='grc' dir='ltr'><strong>ἐν</strong></span> <span class='ocrx_word' id='word_1_820' title='bbox 1899 5823 1976 5883; x_wconf 61' lang='grc' dir='ltr'>τρῖ)</span> 
     </span>
    </p>
   </div>
   <div class='ocr_carea' id='block_1_105' title="bbox 2085 4880 3669 4963">
    <p class='ocr_par' dir='ltr' id='par_1_105' title="bbox 2085 4880 3669 4963">
     <span class='ocr_line' id='line_1_105' title="bbox 2085 4880 3669 4963; baseline -0.015 -12"><span class='ocrx_word' id='word_1_821' title='bbox 2085 4895 2260 4951; x_wconf 89' lang='lat' dir='ltr'><strong>nostri</strong></span> <span class='ocrx_word' id='word_1_822' title='bbox 2298 4903 2351 4949; x_wconf 90' lang='lat' dir='ltr'><strong>et</strong></span> <span class='ocrx_word' id='word_1_823' title='bbox 2375 4893 2612 4963; x_wconf 87' lang='lat' dir='ltr'><strong>pastoris</strong></span> <span class='ocrx_word' id='word_1_824' title='bbox 2645 4891 2835 4954; x_wconf 89' lang='lat' dir='ltr'><strong>Blasii,</strong></span> <span class='ocrx_word' id='word_1_825' title='bbox 2870 4889 2964 4959; x_wconf 90' lang='lat' dir='ltr'><strong>qui</strong></span> <span class='ocrx_word' id='word_1_826' title='bbox 3010 4887 3239 4941; x_wconf 73' lang='lat' dir='ltr'><strong>deduxit</strong></span> <span class='ocrx_word' id='word_1_827' title='bbox 3271 4901 3369 4938; x_wconf 88' lang='lat' dir='ltr'><strong>nos</strong></span> <span class='ocrx_word' id='word_1_828' title='bbox 3425 4883 3490 4934; x_wconf 89' lang='lat' dir='ltr'><strong>ad</strong></span> <span class='ocrx_word' id='word_1_829' title='bbox 3527 4880 3669 4932; x_wconf 87' lang='lat' dir='ltr'><strong>hanc</strong></span> 
     </span>
    </p>
   </div>
   <div class='ocr_carea' id='block_1_106' title="bbox 2083 4976 3668 5044">
    <p class='ocr_par' dir='ltr' id='par_1_106' title="bbox 2083 4976 3668 5044">
     <span class='ocr_line' id='line_1_106' title="bbox 2083 4976 3668 5044; baseline -0.015 0"><span class='ocrx_word' id='word_1_830' title='bbox 2083 4989 2371 5044; x_wconf 87' lang='lat' dir='ltr'><strong>veritatem</strong></span> <span class='ocrx_word' id='word_1_831' title='bbox 2419 4995 2475 5040; x_wconf 90' lang='lat' dir='ltr'><strong>et</strong></span> <span class='ocrx_word' id='word_1_832' title='bbox 2524 4984 2848 5039; x_wconf 86' lang='lat' dir='ltr'><strong>lruitionem</strong></span> <span class='ocrx_word' id='word_1_833' title='bbox 2906 4985 3035 5035; x_wconf 69' lang='lat' dir='ltr'><strong>vitae</strong></span> <span class='ocrx_word' id='word_1_834' title='bbox 3077 4989 3321 5033; x_wconf 63' lang='lat' dir='ltr'><strong>internas.</strong></span> <span class='ocrx_word' id='word_1_835' title='bbox 3376 4976 3500 5029; x_wconf 71' lang='lat' dir='ltr'><strong>llaec</strong></span> <span class='ocrx_word' id='word_1_836' title='bbox 3541 4985 3668 5024; x_wconf 90' lang='lat' dir='ltr'><strong>cum</strong></span> 
     </span>
    </p>
   </div>
   <div class='ocr_carea' id='block_1_107' title="bbox 2087 5070 3670 5147">
    <p class='ocr_par' dir='ltr' id='par_1_107' title="bbox 2087 5070 3670 5147">
     <span class='ocr_line' id='line_1_107' title="bbox 2087 5070 3670 5147; baseline -0.013 -10"><span class='ocrx_word' id='word_1_837' title='bbox 2087 5089 2288 5137; x_wconf 62' lang='lat' dir='ltr'><strong>sanctae</strong></span> <span class='ocrx_word' id='word_1_838' title='bbox 2325 5079 2559 5134; x_wconf 81' lang='lat' dir='ltr'><strong>fuissent</strong></span> <span class='ocrx_word' id='word_1_839' title='bbox 2604 5087 2841 5147; x_wconf 69' lang='lat' dir='ltr'><strong>precatm</strong></span> <span class='ocrx_word' id='word_1_840' title='bbox 2878 5076 3160 5134; x_wconf 85' lang='lat' dir='ltr'><strong>mulieres.</strong></span> <span class='ocrx_word' id='word_1_841' title='bbox 3206 5080 3262 5125; x_wconf 89' lang='lat' dir='ltr'><strong>et</strong></span> <span class='ocrx_word' id='word_1_842' title='bbox 3308 5086 3338 5125; x_wconf 92' lang='lat' dir='ltr'><strong>e</strong></span> <span class='ocrx_word' id='word_1_843' title='bbox 3391 5070 3508 5124; x_wconf 90' lang='lat' dir='ltr'><strong>solo</strong></span> <span class='ocrx_word' id='word_1_844' title='bbox 3542 5082 3670 5119; x_wconf 93' lang='lat' dir='ltr'><strong>sur-</strong></span> 
     </span>
    </p>
   </div>
   <div class='ocr_carea' id='block_1_108' title="bbox 2088 5163 3669 5236">
    <p class='ocr_par' dir='ltr' id='par_1_108' title="bbox 2088 5163 3669 5236">
     <span class='ocr_line' id='line_1_108' title="bbox 2088 5163 3669 5236; baseline -0.006 -9"><span class='ocrx_word' id='word_1_845' title='bbox 2088 5173 2381 5236; x_wconf 83' lang='lat' dir='ltr'><strong>rexissent,</strong></span> <span class='ocrx_word' id='word_1_846' title='bbox 2417 5179 2469 5224; x_wconf 89' lang='lat' dir='ltr'><strong>et</strong></span> <span class='ocrx_word' id='word_1_847' title='bbox 2502 5179 2698 5224; x_wconf 80' lang='lat' dir='ltr'><strong>mantis</strong></span> <span class='ocrx_word' id='word_1_848' title='bbox 2726 5185 2855 5224; x_wconf 85' lang='lat' dir='ltr'><strong>suas</strong></span> <span class='ocrx_word' id='word_1_849' title='bbox 2881 5167 3279 5228; x_wconf 67' lang='lat' dir='ltr'><strong>extendissent,</strong></span> <span class='ocrx_word' id='word_1_850' title='bbox 3315 5173 3374 5218; x_wconf 89' lang='lat' dir='ltr'><strong>et</strong></span> <span class='ocrx_word' id='word_1_851' title='bbox 3405 5163 3580 5217; x_wconf 89' lang='lat' dir='ltr'><strong>oculis</strong></span> <span class='ocrx_word' id='word_1_852' title='bbox 3614 5164 3669 5217; x_wconf 88' lang='lat' dir='ltr'><strong>in</strong></span> 
     </span>
    </p>
   </div>
   <div class='ocr_carea' id='block_1_109' title="bbox 2089 5255 3668 5334">
    <p class='ocr_par' dir='ltr' id='par_1_109' title="bbox 2089 5255 3668 5334">
     <span class='ocr_line' id='line_1_109' title="bbox 2089 5255 3668 5334; baseline -0.009 -11"><span class='ocrx_word' id='word_1_853' title='bbox 2089 5267 2289 5323; x_wconf 72' lang='lat' dir='ltr'><strong>C(Blum</strong></span> <span class='ocrx_word' id='word_1_854' title='bbox 2341 5266 2742 5334; x_wconf 80' lang='lat' dir='ltr'><strong>suspexissent.</strong></span> <span class='ocrx_word' id='word_1_855' title='bbox 2793 5262 2998 5316; x_wconf 91' lang='lat' dir='ltr'><strong>mundo</strong></span> <span class='ocrx_word' id='word_1_856' title='bbox 3031 5260 3196 5314; x_wconf 90' lang='lat' dir='ltr'><strong>corde</strong></span> <span class='ocrx_word' id='word_1_857' title='bbox 3246 5268 3303 5312; x_wconf 93' lang='lat' dir='ltr'><strong>et</strong></span> <span class='ocrx_word' id='word_1_858' title='bbox 3343 5273 3453 5311; x_wconf 87' lang='lat' dir='ltr'><strong>uno</strong></span> <span class='ocrx_word' id='word_1_859' title='bbox 3482 5255 3668 5310; x_wconf 87' lang='lat' dir='ltr'><strong>animo</strong></span> 
     </span>
    </p>
   </div>
   <div class='ocr_carea' id='block_1_110' title="bbox 2090 5351 3669 5419">
    <p class='ocr_par' dir='ltr' id='par_1_110' title="bbox 2090 5351 3669 5419">
     <span class='ocr_line' id='line_1_110' title="bbox 2090 5351 3669 5419; baseline -0.01 -2"><span class='ocrx_word' id='word_1_860' title='bbox 2090 5361 2203 5417; x_wconf 89' lang='lat' dir='ltr'><strong>Deo</strong></span> <span class='ocrx_word' id='word_1_861' title='bbox 2251 5359 2561 5414; x_wconf 82' lang='lat' dir='ltr'><strong>dixerunt:</strong></span> <span class='ocrx_word' id='word_1_862' title='bbox 2600 5355 2785 5412; x_wconf 89' lang='lat' dir='ltr'><strong>Gloria</strong></span> <span class='ocrx_word' id='word_1_863' title='bbox 2839 5355 2963 5419; x_wconf 90' lang='lat' dir='ltr'><strong>tibi,</strong></span> <span class='ocrx_word' id='word_1_864' title='bbox 3000 5353 3226 5408; x_wconf 88' lang='lat' dir='ltr'><strong>Domine</strong></span> <span class='ocrx_word' id='word_1_865' title='bbox 3270 5351 3415 5404; x_wconf 87' lang='lat' dir='ltr'><strong>Deus</strong></span> <span class='ocrx_word' id='word_1_866' title='bbox 3459 5357 3669 5410; x_wconf 86' lang='lat' dir='ltr'><strong>noster,</strong></span> 
     </span>
    </p>
   </div>
   <div class='ocr_carea' id='block_1_111' title="bbox 2092 5446 3667 5522">
    <p class='ocr_par' dir='ltr' id='par_1_111' title="bbox 2092 5446 3667 5522">
     <span class='ocr_line' id='line_1_111' title="bbox 2092 5446 3667 5522; baseline -0.008 -17"><span class='ocrx_word' id='word_1_867' title='bbox 2092 5453 2184 5522; x_wconf 90' lang='lat' dir='ltr'><strong>qui</strong></span> <span class='ocrx_word' id='word_1_868' title='bbox 2221 5467 2322 5505; x_wconf 91' lang='lat' dir='ltr'><strong>nos</strong></span> <span class='ocrx_word' id='word_1_869' title='bbox 2353 5451 2612 5519; x_wconf 79' lang='lat' dir='ltr'><strong>dignatus</strong></span> <span class='ocrx_word' id='word_1_870' title='bbox 2644 5464 2704 5502; x_wconf 91' lang='lat' dir='ltr'><strong>es</strong></span> <span class='ocrx_word' id='word_1_871' title='bbox 2733 5447 2928 5502; x_wconf 88' lang='lat' dir='ltr'><strong>sistere</strong></span> <span class='ocrx_word' id='word_1_872' title='bbox 2976 5446 3042 5501; x_wconf 89' lang='lat' dir='ltr'><strong>ad</strong></span> <span class='ocrx_word' id='word_1_873' title='bbox 3093 5446 3237 5500; x_wconf 88' lang='lat' dir='ltr'><strong>hanc</strong></span> <span class='ocrx_word' id='word_1_874' title='bbox 3293 5455 3440 5498; x_wconf 88' lang='lat' dir='ltr'><strong>tuam</strong></span> <span class='ocrx_word' id='word_1_875' title='bbox 3491 5455 3667 5507; x_wconf 90' lang='lat' dir='ltr'><strong>aram,</strong></span> 
     </span>
    </p>
   </div>
   <div class='ocr_carea' id='block_1_112' title="bbox 2092 5534 3668 5611">
    <p class='ocr_par' dir='ltr' id='par_1_112' title="bbox 2092 5534 3668 5611">
     <span class='ocr_line' id='line_1_112' title="bbox 2092 5534 3668 5611; baseline -0.005 -15"><span class='ocrx_word' id='word_1_876' title='bbox 2092 5551 2350 5611; x_wconf 76' lang='lat' dir='ltr'><strong>tanquam</strong></span> <span class='ocrx_word' id='word_1_877' title='bbox 2395 5555 2562 5609; x_wconf 83' lang='lat' dir='ltr'><strong>agnas</strong></span> <span class='ocrx_word' id='word_1_878' title='bbox 2610 5539 2988 5593; x_wconf 86' lang='lat' dir='ltr'><strong>immaculatas</strong></span> <span class='ocrx_word' id='word_1_879' title='bbox 3015 5547 3071 5592; x_wconf 91' lang='lat' dir='ltr'><strong>et</strong></span> <span class='ocrx_word' id='word_1_880' title='bbox 3126 5539 3337 5592; x_wconf 88' lang='lat' dir='ltr'><strong>ratione</strong></span> <span class='ocrx_word' id='word_1_881' title='bbox 3389 5534 3668 5604; x_wconf 55' lang='lat' dir='ltr'><strong>paruitas,</strong></span> 
     </span>
    </p>
   </div>
   <div class='ocr_carea' id='block_1_113' title="bbox 2092 5629 3667 5702">
    <p class='ocr_par' dir='ltr' id='par_1_113' title="bbox 2092 5629 3667 5702">
     <span class='ocr_line' id='line_1_113' title="bbox 2092 5629 3667 5702; baseline -0.007 -10"><span class='ocrx_word' id='word_1_882' title='bbox 2092 5645 2314 5692; x_wconf 89' lang='lat' dir='ltr'><strong>nostras</strong></span> <span class='ocrx_word' id='word_1_883' title='bbox 2341 5647 2562 5702; x_wconf 87' lang='lat' dir='ltr'><strong>quoque</strong></span> <span class='ocrx_word' id='word_1_884' title='bbox 2598 5631 2811 5687; x_wconf 85' lang='lat' dir='ltr'><strong>animas</strong></span> <span class='ocrx_word' id='word_1_885' title='bbox 2843 5631 3061 5699; x_wconf 84' lang='lat' dir='ltr'><strong>suscipe</strong></span> <span class='ocrx_word' id='word_1_886' title='bbox 3099 5631 3152 5684; x_wconf 88' lang='lat' dir='ltr'><strong>in</strong></span> <span class='ocrx_word' id='word_1_887' title='bbox 3181 5629 3392 5685; x_wconf 64' lang='lat' dir='ltr'><strong>caalesti</strong></span> <span class='ocrx_word' id='word_1_888' title='bbox 3431 5639 3520 5682; x_wconf 92' lang='lat' dir='ltr'><strong>tua</strong></span> <span class='ocrx_word' id='word_1_889' title='bbox 3552 5643 3667 5694; x_wconf 80' lang='lat' dir='ltr'><strong>ara,</strong></span> 
     </span>
    </p>
   </div>
   <div class='ocr_carea' id='block_1_114' title="bbox 2091 5720 3667 5793">
    <p class='ocr_par' dir='ltr' id='par_1_114' title="bbox 2091 5720 3667 5793">
     <span class='ocr_line' id='line_1_114' title="bbox 2091 5720 3667 5793; baseline -0.004 -12"><span class='ocrx_word' id='word_1_890' title='bbox 2091 5735 2153 5781; x_wconf 90' lang='lat' dir='ltr'><strong>ut</strong></span> <span class='ocrx_word' id='word_1_891' title='bbox 2184 5726 2365 5780; x_wconf 85' lang='lat' dir='ltr'><strong>bonus</strong></span> <span class='ocrx_word' id='word_1_892' title='bbox 2393 5731 2449 5779; x_wconf 86' lang='lat' dir='ltr'><strong>et</strong></span> <span class='ocrx_word' id='word_1_893' title='bbox 2481 5722 2773 5793; x_wconf 83' lang='lat' dir='ltr'><strong>benignus.</strong></span> <span class='ocrx_word' id='word_1_894' title='bbox 2815 5725 2978 5779; x_wconf 88' lang='lat' dir='ltr'><strong>Pueri</strong></span> <span class='ocrx_word' id='word_1_895' title='bbox 3008 5732 3193 5779; x_wconf 86' lang='lat' dir='ltr'><strong>autem</strong></span> <span class='ocrx_word' id='word_1_896' title='bbox 3235 5721 3561 5778; x_wconf 81' lang='lat' dir='ltr'><strong>accedentes</strong></span> <span class='ocrx_word' id='word_1_897' title='bbox 3598 5720 3667 5775; x_wconf 86' lang='lat' dir='ltr'><strong>ad</strong></span> 
     </span>
    </p>
   </div>
   <div class='ocr_carea' id='block_1_115' title="bbox 2086 5815 3668 5887">
    <p class='ocr_par' dir='ltr' id='par_1_115' title="bbox 2086 5815 3668 5887">
     <span class='ocr_line' id='line_1_115' title="bbox 2086 5815 3668 5887; baseline -0.003 -8"><span class='ocrx_word' id='word_1_898' title='bbox 2086 5830 2338 5887; x_wconf 79' lang='lat' dir='ltr'><strong>matrem,</strong></span> <span class='ocrx_word' id='word_1_899' title='bbox 2389 5818 2647 5876; x_wconf 79' lang='lat' dir='ltr'><strong>dixerunt</strong></span> <span class='ocrx_word' id='word_1_900' title='bbox 2696 5817 2747 5874; x_wconf 87' lang='lat' dir='ltr'><strong>ei</strong></span> <span class='ocrx_word' id='word_1_901' title='bbox 2781 5834 2793 5872; x_wconf 90' lang='lat'>:</span> <span class='ocrx_word' id='word_1_902' title='bbox 2833 5817 3026 5886; x_wconf 63' lang='lat' dir='ltr'><strong>Slater,</strong></span> <span class='ocrx_word' id='word_1_903' title='bbox 3083 5831 3302 5874; x_wconf 71' lang='lat' dir='ltr'><strong>corona:</strong></span> <span class='ocrx_word' id='word_1_904' title='bbox 3338 5815 3499 5874; x_wconf 88' lang='lat' dir='ltr'><strong>nobis</strong></span> <span class='ocrx_word' id='word_1_905' title='bbox 3533 5820 3668 5874; x_wconf 67' lang='lat' dir='ltr'><strong>sunt</strong></span> 
     </span>
    </p>
   </div>
  </div>
