4128 6384
468 310 573 376 827
1559 308 1951 369 ADDENDA.
1995 332 2062 346 ——-
2108 302 2639 383 FEBRUARiUS.
3628 284 3735 378 828

452 438 660 501 [aratas
707 427 853 498 apud
904 427 1076 483 Deum
1111 426 1417 482 caelestem.
1470 425 1585 482 Nos
1630 437 1845 497 ergoet
1872 442 2034 481 com-
2066 444 2078 491 Α

2181 430 2450 501 κουρανίῳ
2486 447 2584 484 σου
2618 428 2997 501 θυσιαστηρίῳ
3046 429 3124 492 ὡς
3158 425 3369 497 ἀγαθὸς
3408 428 3515 481 καὶ
3546 428 3740 496 φιλάν-

455 522 651 578 menda
684 520 1033 576 sanctissimo
1056 527 1113 576 et
1140 518 1270 575 forti
1300 519 1540 583 athletae,
1562 519 1824 589 episcopo
1844 528 2041 575 nostro

2182 539 2383 594 ρωπος.
2412 522 2495 577 Τὰ
2538 522 2598 578 δὲ
2638 520 2833 577 παιδία
2866 521 3243 594 προσελθόντα
3271 524 3339 594 τῇ
3392 520 3502 593 ίδίᾳ
3536 523 3739 594 μητέρι

455 625 513 671 et
553 615 762 684 pastori
794 614 997 670 Blasio.
1051 613 1210 669 Tunc
1238 613 1546 683 spiculator
1574 612 1809 668 abscidit
1854 611 2033 683 capita

2181 610 2295 669 [πον
2323 614 2460 687 αὐτῇ
2481 630 2495 644 ·
2528 614 2742 686 Μῆτερ,
2769 616 2816 668 oi
2848 616 3103 683 στέφανοι
3157 610 3316 684 ἡμῶν
3361 612 3576 682 ἕτοιμοί
3625 615 3735 666 είσι

455 717 664 775 septem
720 714 1035 763 sanctarum
1075 709 1394 774 mulierum,
1427 719 1486 765 et
1539 706 1758 764 occulte
1807 707 2041 763 fuerunt

458 811 872 855 consummatae.

462 893 652 963 σκόπῳ
687 895 844 964 ήμῶν
876 895 970 948 καὶ
995 893 1150 964 καλῷ
1184 895 1399 964 ποιμένι
1435 894 1652 967 Βλασίφ
1680 894 1758 966 τῷ
1788 895 2039 967 ἀοιδίμῳ.
2086 894 2131 950 Τ

2144 708 2298 777 παρὰ
2349 706 2429 779 τῷ
2462 708 2778 780 ἀπουρανίῳ
2828 706 2987 775 Θεῷ·
3043 705 3300 776 παράθου
3331 702 3427 760 οὖν
3463 706 3613 778 ἡμᾶς
3661 704 3742 773 τῷ

2150 801 2449 872 ἁγιωτάτῳ
2469 803 2564 854 καὶ
2593 799 2832 872 γενναίῳ
2860 800 3066 873 ἀθλητῇ
3086 800 3182 854 τοῦ
3217 797 3482 871 Χριστοῦ,
3518 797 3597 863 τῷ
3622 799 3746 851 ἐπι-

2133 894 2224 949 ότε
2248 894 2685 967 ὀσπεκουλάτωρ
2714 894 2960 965 ἀπέτεμε
2992 894 3094 960 τὰς
3125 893 3368 964 κεφαλάς
3424 891 3536 948 τῶν
3604 890 3749 946 ἐπτά

458 987 636 1055 ἁγίων
672 988 975 1056 γυναικῶν,
1026 991 1120 1043 καὶ
1150 989 1555 1061 ἐτελειώθησαν
1599 991 1659 1043 ὲν
1685 989 1880 1060 Κυρίῳ
1918 989 2051 1059 μηνὶ
2086 989 2466 1061 Φεϐρουαρίῳ.

533 1080 603 1135 Χ.
641 1082 773 1136 Post
827 1084 942 1137 haec
987 1093 1171 1137 autem
1194 1083 1353 1153 jubet
1396 1098 1601 1153 praascs
1641 1092 1893 1138 sanctum
1929 1083 2051 1136 Bla-

465 1176 608 1231 sium
644 1175 800 1232 educi
825 1193 854 1231 e
876 1176 1149 1231 custodia.
1180 1176 1539 1249 Quojeducto,
1571 1176 1708 1233 dicit
1735 1177 1789 1233 ei
1823 1176 2052 1231 :Diisne

465 1267 631 1321 modo
664 1266 965 1334 sacrificas,
996 1284 1178 1323 annon
1199 1268 1225 1322 τ
1258 1268 1401 1324 Dicit
1435 1268 1486 1323 ei
1520 1280 1747 1323 sanctus
1790 1266 2003 1323 Blasius
2034 1284 2048 1323 :

465 1361 650 1426 Miser,
695 1376 818 1415 cum
868 1360 948 1417 sis
982 1376 1183 1426 caecus,
1228 1376 1343 1417 non
1394 1361 1552 1416 vides
1600 1375 1788 1417 veram
1846 1359 2049 1416 lucem.

466 1453 601 1520 Quis
627 1453 773 1506 enim
806 1454 993 1521 homo,
1023 1454 1117 1525 qui
1153 1452 1326 1509 Deum
1359 1454 1547 1509 vivum
1578 1469 1821 1525 unquam
1852 1469 2055 1524 cogno-

467 1545 569 1609 vit,
609 1546 849 1599 mortuis
889 1545 1203 1601 simulacris
1254 1544 1551 1611 sacrificat,
1585 1556 1678 1602 aut
1721 1562 1786 1602 ea
1825 1545 2057 1601 adorat?

469 1636 551 1691 Tu
585 1654 714 1706 ergo
740 1639 985 1693 tenebris
1016 1639 1264 1696 involute
1288 1648 1347 1695 et
1378 1638 1591 1710 inique,
1630 1641 1772 1696 scias
1800 1648 1852 1695 te
1883 1639 2055 1696 Deum

472 1732 654 1786 vivum
693 1731 989 1798 dimisisse,
1021 1741 1077 1787 et
1131 1732 1367 1788 adorare
1418 1733 1633 1803 lapides
1682 1732 1838 1788 nullo
1890 1747 2055 1787 sensu

470 1825 753 1894 praeditos.
811 1823 921 1880 Sed
953 1841 1056 1896 ego
1091 1841 1201 1879 non
1233 1824 1441 1879 timebo
1472 1825 1651 1880 minas
1683 1833 1823 1882 tuas.
1877 1822 1945 1880 Ut
1978 1823 2061 1878 vis

2220 1085 2278 1137 l'.
2308 1085 2465 1138 Μετά
2489 1084 2546 1138 δὲ
2591 1083 2765 1138 ταῦτα
2793 1082 3007 1140 κελεύει
3045 1084 3073 1138 6
3101 1080 3335 1155 ⁴ίιγεμὼν
3383 1060 3620 1152 ἀχθῆναι
3652 1080 3748 1131 τὸν

2154 1177 2312 1245 ἅγιον
2335 1175 2566 1231 Βλόσιον
2595 1178 2659 1232 ὲκ
2700 1177 2800 1248 τῆς
2829 1177 3103 1248 φρουρᾶς.
3163 1174 3453 1247 Ἆχθέντος
3486 1175 3547 1228 δὲ
3577 1174 3754 1229 αὑτοῦ

2149 1263 2273 1321 εἷπε
2306 1267 2446 1339 πρὸς
2477 1267 2642 1323 αὐτόν
2663 1284 2677 1299 ·
2708 1268 2828 1322 Κᾶν
2861 1269 2990 1339 ἀρτι
3045 1265 3199 1331 θύεις
3246 1267 3361 1328 τοῖς
3404 1265 3548 1328 θεοῖς
3580 1264 3614 1335 η
3648 1258 3756 1319 ob;

2149 1362 2312 1429 Λέγει
2354 1361 2492 1431 πρὸς
2539 1360 2709 1415 αὑτὸν
2737 1363 2765 1413 6
2796 1360 2955 1429 ἅγιος
2994 1358 3252 1422 Βλάσιος·
3299 1357 3517 1421 ’Λθλιε,
3547 1358 3757 1425 τυφλὸς

2158 1449 2234 1505 ὼν
2256 1452 2356 1524 οὐχ
2393 1453 2526 1522 ὁρᾷς
2556 1453 2617 1507 τὸ
2656 1451 2773 1521 φῶς
2795 1450 2892 1506 τοῦ
2923 1450 3062 1506 Θεοῦ
3093 1451 3156 1505 τὸ
3204 1449 3486 1522 ἀληθινόν.
3509 1449 3608 1513 Ti;
3643 1450 3758 1520 γάρ

2159 1546 2471 1617 ἀνθρώπων
2504 1546 2639 1601 ποτε
2668 1543 2953 1616 γνωρίσας
2976 1543 3112 1599 Θεὸν
3151 1542 3357 1610 ζῶντα,
3392 1543 3633 1606 είδώλοις
3665 1559 3793 1595 νει⁴

2160 1642 2314 1711 κροῖς
2362 1639 2484 1693 θύει
2517 1639 2549 1711 ἢ
2602 1640 2938 1710 προσκυνεῖς
2980 1637 3053 1692 Σὺ
3105 1632 3239 1702 οὖν,
3271 1637 3627 1707 ὲσκοτισμένε
3660 1634 3763 1690 καὶ

2162 1732 2356 1802 ἄνομε,
2410 1730 2580 1800 γνῶθι
2610 1731 2692 1784 ὅτι
2731 1729 2867 1785 Θεὸν
2901 1729 3085 1796 ζῶντα
3134 1730 3357 1801 ἀφῆκας
3383 1766 3400 1793 ,
3457 1728 3556 1783 καὶ
3587 1727 3763 1791 λίθοις

2165 1826 2521 1899 ἀναισθήτοις
2560 1824 2915 1897 προσκυνεῖς.
2962 1822 3107 1878 Ἀλλ’
3139 1821 3253 1892 ἐγὼ
3276 1822 3339 1875 οὺ
3365 1819 3761 1891 φοϐηθήσομαι

474 1933 630 1988 ergo,
690 1932 777 1973 nte
826 1927 1044 1987 torque.
1080 1916 1264 1972 Trado
1300 1918 1401 1973 tibi
1437 1934 1633 1974 carnes
1675 1933 1827 1974 meas
1863 1937 1876 1972 :
1913 1918 2060 1974 Deus

2181 1920 2265 1984 ιάς
2293 1918 2527 1982 ἀπειλάς
2554 1935 2672 1972 σου.
2710 1917 2798 1981 Ὠς
2832 1915 3014 1979 θέλεις
3056 1913 3173 1981 οὖν,
3219 1913 3399 1976 οὓτως
3428 1930 3503 1985 με
3535 1911 3766 1981 βασάνι-

476 2019 657 2063 autem
692 2010 859 2064 habet
894 2011 1094 2065 animae
1128 2022 1478 2080 potestatem.
1517 2010 1730 2067 Praeses
1758 2010 1894 2068 dicit
1940 2025 2065 2066 san-

475 2112 566 2156 cto
597 2118 614 2155 :
646 2103 702 2156 Si
734 2113 785 2157 te
829 2105 1117 2173 projecero
1147 2106 1201 2159 in
1238 2105 1445 2171 lacum,
1473 2105 1607 2175 quid
1661 2105 1756 2161 tibi
1791 2105 2062 2176 proderit,

476 2212 641 2266 quem
680 2197 840 2262 dicis,
888 2196 1161 2261 Christus,
1202 2214 1369 2268 quem
1419 2200 1589 2254 etiam
1634 2197 1875 2253 adoras?
1918 2198 2064 2253 Dixit

477 2302 704 2347 sanctus
749 2291 966 2346 Blasius
1019 2310 1032 2346 :
1078 2290 1235 2346 Cmce
1275 2301 1331 2345 et
1383 2292 1537 2346 nullo
1592 2307 1759 2346 sensu
1810 2290 2062 2361 prardite,

477 2383 791 2438 adulterina
844 2382 1063 2450 adoras,
1114 2393 1170 2439 et
1211 2393 1374 2454 putas
1421 2395 1474 2439 te
1507 2400 1632 2440 esse
1677 2384 1915 2439 salvum.
1951 2384 2066 2455 Ego

480 2484 665 2529 autem
698 2474 981 2530 Christum
1010 2476 1200 2529 vivum
1246 2478 1455 2539 colens,
1505 2492 1616 2532 non
1649 2478 1936 2532 ostendam
1968 2475 2066 2530 tibi

482 2564 537 2619 in
600 2581 737 2635 aqua
789 2565 881 2619 Dei
936 2565 1044 2619 mei
1094 2566 1365 2621 virtutes?
1436 2566 1593 2622 Tunc
1639 2569 1805 2639 jussit
1863 2583 2068 2638 praeses

483 2675 610 2714 eum
658 2658 767 2731 jaci
835 2660 887 2714 in
951 2660 1156 2715 lacum.
1212 2658 1450 2716 Sanctus
1506 2677 1641 2717 vero
1697 2661 2067 2731 praeveniens,

483 2754 796 2818 obsignavit
825 2769 1025 2823 aquam
1060 2772 1074 2809 :
1111 2770 1233 2825 quae
1266 2756 1421 2811 stetit
1446 2753 1677 2824 perinde
1705 2768 1770 2808 ac
1795 2753 1843 2808 si
1870 2752 2071 2809 fuisset

487 2862 646 2916 pons.
686 2845 1008 2918 Sedensque
1044 2848 1099 2903 in
1149 2847 1332 2904 medio
1372 2847 1710 2913 lacus,dixit
1734 2847 2068 2903 lictoribus:

486 2939 545 2996 Si
581 2941 799 2997 habetis
835 2943 988 3006 deos,
1032 2943 1317 2997 ostendite
1368 2956 1566 2997 eorum
1596 2943 1853 3005 virtutes,
1887 2950 1943 2996 et
1973 2954 2071 2994 vos

486 3050 708 3104 quoque
762 3034 1140 3105 ingredimini.
1173 3035 1484 3107 Statimque
1530 3035 1763 3107 ingressi
1786 3034 2072 3105 sexaginta

487 3139 544 3182 et
588 3137 714 3182 octo
766 3129 888 3189 viri,
948 3129 1228 3185 submersi
1281 3137 1412 3184 sunt
1465 3129 1519 3183 in
1571 3128 1846 3197 profundo
1892 3142 2068 3199 aquae.

491 3220 648 3276 Tunc
673 3223 901 3293 angelus
922 3221 1137 3277 Domini
1159 3221 1509 3278 descendens
1526 3221 1595 3276 ad
1624 3230 1904 3287 sanctum,
1937 3219 2073 3276 dicit

2175 2031 2286 2069 σον.
2317 2012 2430 2076 Τάς
2453 2011 2666 2082 σάρκας
2701 2028 2804 2080 μου
2843 2009 3198 2080 παραδίδωμί
3226 2025 3341 2063 σοι’
3371 2007 3475 2077 τῆς
3498 2005 3558 2060 δὲ
3578 2004 3762 2077 ψυχῆς

2172 2109 2200 2161 6
2224 2105 2353 2169 Θεὸς
2386 2103 2713 2171 ἐξουσιάζει.
2763 2105 2823 2158 Ὅ
2855 2101 3083 2175 ἡγεμὼν
3116 2102 3270 2172 λέγει
3290 2101 3427 2173 πρὸς
3452 2100 3546 2154 τὸν
3577 2099 3759 2162 ἅγιον·

2187 2200 2313 2254 Ἐάν
2355 2199 2498 2271 ῥίψω
2523 2216 2582 2252 σε
2614 2202 2674 2253 ἐν
2702 2201 2768 2269 τῇ
2798 2198 3004 2272 λίμνῃ,
3042 2197 3099 2252 τί
3132 2214 3195 2251 σε
3242 2195 3506 2267 ὠφελήσῃ
3550 2193 3646 2248 ἐπὶ
3667 2191 3764 2247 τοῦ

2177 2293 2370 2356 ὕδατος
2398 2293 2460 2347 δν
2503 2294 2686 2363 λέγεις
2728 2292 2988 2364 Χριστὸν,
3027 2291 3090 2346 ὃν
3134 2293 3231 2346 καὶ
3287 2291 3653 2361 προσκυνεῖςς
3703 2285 3764 2341 '0

2175 2388 2333 2458 ἀγιος
2359 2388 2592 2452 Βλάσιος
2627 2385 2804 2442 εἶπεν*
2832 2386 3018 2456 τυφλδ
3051 2386 3149 2441 καὶ
3178 2383 3501 2454 ἀναίσθητε,
3534 2380 3765 2453 κίϐδηλα

2177 2483 2507 2553 προσκυνεῖς
2554 2480 2743 2551 ἀψυχα
2764 2522 2780 2547 ,
2814 2479 2912 2534 καὶ
2940 2477 3192 2550 νομίζεις
3237 2476 3483 2545 σωθῆναι
3502 2490 3518 2506 ’
3563 2472 3677 2538 ἐγὼ
3704 2472 3766 2526 δὲ

2177 2574 2298 2645 Θεῷ
2331 2574 2493 2640 ζῶντι
2525 2573 2808 2646 λατρεύων
2837 2573 2900 2628 οὐ
2923 2572 3087 2639 δείξω
3120 2587 3204 2626 σοι
3235 2571 3337 2635 τὰς
3361 2568 3458 2625 τοῦ
3481 2567 3620 2624 Θεοῦ
3658 2583 3765 2637 μου

2176 2667 2436 2737 δυνάμεις
2461 2667 2519 2720 ὲν
2544 2665 2621 2736 τῷ
2643 2663 2835 2730 ὖδατις
2869 2663 3008 2719 Τότε
3037 2659 3133 2717 οὖν
3162 2662 3457 2719 ἐκέλευσεν
3477 2661 3506 2717 6
3538 2656 3768 2731 ἡγεμὼν

2180 2759 2445 2830 βληθῆναι
2476 2759 2640 2814 αὑτὸν
2678 2759 2737 2812 ὲν
2784 2761 2853 2831 τῇ
2881 2757 3070 2830 λίμνῃ.
3110 2758 3171 2811 '0
3200 2757 3257 2812 δὲ
3285 2756 3443 2826 ἅγιος
3472 2751 3767 2825 προλαϐὼν

2180 2852 2624 2923 κατεσφράγισεν
2667 2852 2728 2906 τὺ
2764 2852 2929 2923 ὕδωρ.
2955 2851 3066 2905 Καὶ
3089 2847 3282 2904 τούτου
3317 2849 3611 2919 γενομένου
3632 2844 3766 2916 ἔστη

2178 2943 2370 3015 ὥσπερ
2394 2943 2634 3016 γέφυρα,
2664 2944 2760 3000 καὶ
2789 2944 3081 3007 καθεσθεὶς
3110 2943 3216 2998 άνά
3240 2940 3408 3011 μέσον
3439 2940 3539 3010 τῆς
3567 2938 3770 3008 λίμνης

2178 3041 2206 3095 6
2233 3039 2503 3112 μακάριος
2517 3040 2751 3104 Βλάσιος
2777 3035 2901 3093 εἶπε
2932 3038 3070 3110 πρὸς
3092 3040 3224 3102 τοὺς
3244 3036 3501 3108 δημίουςο
3523 3035 3587 3089 Ei
3609 3033 3769 3104 εχετε

2180 3134 2359 3201 θεοὺς,
2388 3133 2601 3199 δείξατε
2649 3134 2752 3198 τὰς
2792 3133 3062 3203 δυνάμεις
3105 3131 3314 3194 αὐτῶν,
3367 3128 3465 3184 καὶ
3493 3127 3772 3182 είσέλθετε

2181 3226 2277 3280 καὶ
2313 3227 2473 3297 ὑμεῖς
2524 3219 2629 3281 ὧδε
2679 3226 2821 3298 πρός
2865 3243 2956 3298 με.
3006 3225 3121 3281 Καὶ
3168 3224 3378 3288 εὐθέως
3426 3220 3774 3283 εἰσελθόντες

488 3315 539 3370 ei
569 3331 585 3369 :
615 3313 801 3369 Gratia
832 3315 993 3385 plena
1031 3324 1086 3370 et
1116 3315 1382 3385 prreclara
1410 3316 1619 3380 anima,
1652 3314 1752 3371 Dei
1799 3315 2068 3386 pontifex,

2181 3294 2593 3390 ἑξηκονταοκτὼ
2622 3294 2815 3391 ἄνδρες
2843 3294 3356 3389 κατεποντίσθησαν
3382 3317 3466 3379 είς
3491 3316 3587 3370 τὸν
3609 3312 3777 3385 βυθὸν
3802 3294 3809 3299 ’

491 3405 756 3476 egredere
804 3421 871 3461 ex
915 3423 1080 3477 aqua,
1121 3415 1178 3464 et
1226 3408 1418 3478 accipe
1446 3423 1477 3464 a
1520 3410 1632 3466 Deo
1685 3407 1786 3465 tibi
1826 3418 2074 3479 paratam

491 3504 757 3552 sternam
784 3512 1068 3555 coronam.

2181 3409 2278 3465 τοῦ
2332 3409 2546 3472 ὓδατος.
2582 3410 2717 3463 Τότε
2770 3410 3005 3480 ἄγγελος
3056 3409 3267 3481 Κυρίου
3315 3406 3596 3462 κατελθὼν
3634 3404 3778 3477 πρὸς

2182 3506 2278 3556 τὸν
2313 3503 2469 3569 ἀγιον
2498 3502 2649 3571 λέγει
2701 3503 2891 3575 αὐτῷ’
2938 3500 3384 3573 Κεχαριτωμινη
3418 3502 3517 3555 καὶ
3538 3497 3777 3571 λαμπρά

493 3591 662 3661 ψυχὴ,
691 3592 948 3664 ἀρχιερεῦ
979 3593 1074 3648 τοῦ
1104 3593 1265 3660 Θεοῦ,
1290 3592 1473 3660 ἔξελθε
1505 3594 1571 3648 ἐκ
1595 3593 1689 3649 τοῦ
1721 3593 1938 3662 ὕδατος,
1974 3597 2072 3652 καὶ
2114 3596 2479 3668 ἀπολάμϐανε
2529 3596 2624 3652 τὸν
2691 3597 2850 3670 παρά
2899 3597 2993 3651 τοῦ
3036 3596 3174 3651 Θεοῦ
3222 3613 3308 3650 σοι
3371 3594 3781 3667 ἡτοιμασμένον

498 3686 764 3754 στέφανον
796 3686 1036 3743 αἰώνιον.

566 3776 661 3833 XI.
721 3777 957 3835 Sanctus
998 3789 1181 3838 autem
1229 3783 1446 3841 Blasius
1493 3798 1620 3839 cum
1663 3802 1730 3842 ex
1762 3800 1904 3856 aqua
1955 3800 2081 3842 sur-

499 3873 752 3942 rexisset,
816 3882 1078 3946 tanquam
1136 3892 1305 3947 super
1361 3885 1565 3932 terram
1619 3877 1933 3945 ambulans,
1996 3889 2083 3935 est

496 3979 778 4036 egressus,
809 3977 864 4025 et
895 3970 1243 4039 resplenduit
1274 3970 1446 4027 facies
1478 3972 1599 4043 ejus
1630 3971 1773 4027 sicut
1798 3971 1915 4037 lux,
1939 3972 2081 4028 adeo

500 4066 561 4112 ut
614 4058 972 4125 mirarentur,
1011 4061 1107 4131 qui
1166 4077 1295 4117 eum
1346 4061 1632 4118 videbant.
1689 4060 1901 4119 Praeses
1949 4080 2081 4119 vero

500 4149 641 4204 dixit
669 4149 718 4207 ei
750 4169 764 4206 :
801 4151 1046 4218 Adeone,
1073 4167 1107 4208 ο
1135 4154 1326 4220 miser,
1359 4154 1602 4210 statuisti
1636 4153 1742 4210 diis
1765 4168 1876 4211 non
1909 4155 2083 4211 sacri-

502 4241 708 4297 ficare?
765 4243 912 4299 Dixit
977 4253 1206 4301 sanctus
1260 4245 1532 4302 Blasius:
1597 4247 1778 4314 Scias,
1851 4258 2085 4321 tyranne

502 4338 858 4407 sanguivore,
905 4353 994 4393 me
1020 4354 1142 4395 esse
1167 4355 1390 4395 servum
1432 4340 1664 4408 Christi,
1707 4351 1765 4398 et
1798 4358 2085 4414 nunquam

504 4430 851 4487 daemonibus
881 4447 1005 4487 esse
1037 4432 1506 4489 sacrificaturum.
1537 4434 1695 4490 Tunc
1726 4434 1807 4490 ira
1841 4437 2089 4506 percitus

2259 3781 2361 3840 iA'.
2402 3785 2463 3837 Ὀ
2495 3782 2551 3837 δὲ
2588 3783 2741 3852 ἅγιος
2769 3783 3001 3847 eum;
3045 3781 3285 3845 ἀναστὰς
3316 3779 3424 3834 ἀπὸ
3456 3777 3552 3831 τοῦ
3587 3777 3781 3840 ὕδατος

2189 3876 2511 3942 περιπατῶν
2540 3877 2615 3941 ὡς
2647 3878 2740 3929 ἐπὶ
2759 3878 2863 3947 γῆς
2893 3876 3119 3945 ἐξῆλθεν
3143 3875 3414 3946 ἀϐλαϐὴς,
3441 3872 3537 3927 καὶ
3564 3868 3781 3941 ἔλαμψε

2188 3971 2248 4025 τὸ
2289 3970 2579 4042 πρόσωπον
2634 3967 2801 4023 αὐτοῦ
2857 3967 3050 4041 ὥσπερ
3106 3967 3242 4043 φῶς,
3277 3966 3422 4022 ὥστε
3473 3963 3781 4034 θαυμάζειν

2188 4064 2314 4125 τοὺς
2341 4060 2585 4134 ὁρῶντας
2614 4061 2777 4116 αὐτὸν
2800 4061 3031 4124 πάντας.
3062 4059 3120 4114 ὐ
3154 4060 3209 4113 δὲ
3245 4058 3471 4129 ἡγεμὼν
3497 4054 3618 4111 εἷπε
3643 4056 3785 4125 πρὸς

2190 4155 2357 4210 αὐτόν
2378 4170 2395 4187 θ
2425 4153 2699 4209 τοσοῦτον
2735 4155 2979 4223 ἔκρινας,
3007 4152 3182 4221 ἄθλιε,
3212 4150 3308 4207 τοῦ
3340 4150 3417 4223 μὴ
3448 4150 3609 4205 θῦσαι
3670 4149 3787 4212 τοῖς

2191 4246 2374 4315 θεοῖς;
2416 4246 2476 4301 '0
2498 4249 2656 4318 ἀγιος
2680 4246 2909 4311 Βλάσιος
2947 4243 3093 4301 εἷπε·
3125 4245 3392 4312 Γίνωσκε,
3431 4246 3666 4314 τύραννε
3689 4245 3785 4298 καὶ

2191 4340 2490 4411 αίμοπότα,
2521 4343 2603 4395 ὅτι
2631 4340 2867 4410 Χριστοῦ
2899 4339 3087 4403 δοῦλός
3116 4338 3258 4410 είμι,
3301 4338 3396 4394 καὶ
3423 4339 3486 4391 οὐ
3517 4337 3631 4391 θύω
3664 4336 3784 4389 δαί-

2197 4432 2324 4502 μοσί
2355 4449 2510 4486 ποτε.
2545 4432 2681 4486 Τότε
2729 4432 3049 4507 χολέσαςθό
3075 4430 3305 4502 ἡγεμὼν
3325 4431 3494 4484 ἔδωκε
3528 4430 3649 4485 κατ’
3684 4430 3788 4483 αύ-

504 4537 731 4596 ριοιυεεε,
761 4525 886 4580 tulit
927 4526 981 4581 in
1011 4542 1141 4582 eum
1178 4529 1533 4594 sententiam,
1578 4528 1772 4586 dicens
1804 4547 1818 4584 :
1848 4530 2078 4598 Blasius,

2193 4525 2291 4580 τοῦ
2323 4526 2420 4598 τὴν
2447 4526 2726 4596 ἀπόφασιν
2745 4526 2923 4596 λέγων
2944 4541 2957 4554 ’
2992 4523 3223 4588 Βλάσιος
3250 4524 3278 4576 6
3314 4523 3439 4594 ἐμοὶ
3473 4523 3786 4593 ἀπειθήσας

505 4617 603 4687 qui
630 4616 762 4672 mihi
797 4635 906 4673 non
940 4618 1141 4689 paruit,
1191 4629 1250 4676 et
1298 4620 1693 4692 imperatorem
1738 4624 2090 4694 contempsit,

507 4717 565 4764 et
618 4708 753 4764 deos
804 4711 1026 4780 probris
1071 4712 1279 4778 affecit,
1319 4724 1379 4770 et
1423 4715 1703 4786 sexaginta
1754 4727 1882 4771 octo
1944 4716 2094 4772 viros

509 4802 774 4871 perdidit,
813 4805 999 4874 gladio
1030 4815 1325 4862 truncetur
1356 4808 1536 4878 capite
1582 4808 1748 4863 simul
1788 4822 1916 4864 cum
1956 4808 2096 4865 duo-

513 4894 616 4952 bus
642 4897 853 4965 pueris.
890 4898 1128 4968 Accepta
1152 4910 1334 4955 autem
1363 4900 1662 4968 sententia,
1695 4916 1821 4957 cum
1850 4900 2096 4957 venisset

513 4987 580 5043 ad
634 4989 838 5054 locum,
869 5000 1020 5045 stans
1071 5001 1318 5056 sanctus,
1357 5001 1618 5062 precatus
1652 5001 1737 5049 est
1775 4993 2094 5059 Dominum,

513 5080 705 5135 dicens
739 5098 755 5135 :
786 5082 1016 5137 Domine
1039 5083 1189 5138 Deus
1218 5083 1510 5148 virtutum,
1541 5085 1635 5154 qui
1664 5100 1749 5141 me
1772 5086 2023 5143 liberasti
2065 5101 2098 5141 a

513 5174 846 5232 simulacris.
879 5177 972 5245 qui
1006 5174 1265 5230 tenebras
1297 5174 1477 5232 fecisti
1512 5177 1716 5245 lucem,
1747 5186 1804 5234 et
1846 5193 2096 5234 errorem

516 5270 835 5334 veritatem,
870 5270 964 5340 qui
1017 5269 1177 5325 sedes
1221 5284 1391 5342 super
1438 5267 1764 5337 Cherubim,
1810 5280 1868 5327 et
1915 5272 2100 5342 aperis

519 5370 831 5415 cataractas
881 5360 1173 5426 caelorum,
1200 5357 1295 5433 qui
1322 5361 1578 5417 extendis
1611 5376 1800 5418 arcum
1843 5370 2000 5418 tuum
2044 5362 2101 5419 in

522 5466 691 5508 manu
718 5462 834 5521 tua,
857 5455 949 5524 qui
976 5454 1257 5512 diabolum
1289 5455 1555 5511 humilem
1576 5464 1633 5513 et
1663 5456 1938 5528 abjectum
1977 5456 2101 5512 red-

526 5542 746 5612 didisti,
794 5555 852 5602 et
898 5548 1197 5604 draconem
1248 5549 1544 5614 conﬁxisti,
1580 5549 1708 5605 audi
1754 5564 1841 5605 me
1883 5562 2102 5604 servum

522 5645 712 5706 tuum,
738 5648 793 5695 et
821 5640 1139 5712 quicunque
1162 5650 1228 5697 ad
1254 5642 1398 5699 hanc
1428 5656 1580 5697 aram
1611 5651 1760 5697 tuam
1784 5640 2102 5704 accesserit,

528 5745 586 5790 et
616 5750 1007 5807 quamcunque
1039 5737 1253 5809 apiriam
1281 5749 1377 5792 aut
1399 5751 1462 5791 os
1492 5735 1862 5800 devoraverit,
1890 5743 1985 5789 aut
2012 5750 2107 5790 va-

498 5818 627 5884 Eriis
656 5825 830 5886 fuerit
863 5838 1092 5888 vexatus
1118 5829 1349 5900 morbis;
1381 5837 1477 5887 aut
1511 5828 1565 5889 in
1596 5826 1889 5885 afﬂictione
1914 5827 2103 5898 fuerit,

2196 4617 2290 4672 καὶ
2335 4617 2430 4672 τοῦ
2465 4620 2870 4689 αὐτοκράτορος
2916 4617 3183 4690 βασιλέως
3222 4615 3652 4688 καταφρονήσας
3691 4615 3788 4668 καὶ

2194 4710 2321 4773 τοὺς
2353 4708 2509 4774 θεοὺς
2543 4709 2770 4764 πλεῖστα
2794 4708 3069 4779 ἀτιμάσας
3097 4706 3193 4762 καὶ
3215 4706 3342 4771 τοὺς
3366 4702 3787 4777 ἑξηκονταοκτὼ

2197 4802 2396 4875 ἄνδρας
2457 4804 2515 4857 ἐν
2568 4802 2648 4874 τῷ
2701 4802 2849 4874 βυθῷ
2906 4804 3007 4873 τῆς
3046 4800 3243 4873 λίμνης
3289 4799 3593 4863 ἀπολέσας,
3641 4796 3787 4866 ξίφει

2198 4898 2581 4969 ἀποτμηθήτω
2609 4898 2711 4968 τὴν
2751 4898 2997 4968 κεφαλὴν
3041 4897 3161 4967 ἅμα
3213 4897 3326 4959 τοῖς
3364 4894 3490 4948 δυσὶ
3523 4891 3787 4955 παιδίοις.

2198 4990 2396 5047 Λαϐὼν
2433 4991 2491 5046 δὲ
2520 4990 2620 5063 τὴν
2663 4992 2942 5059 ἀπόφασιν
2965 4991 2994 5042 6
3031 4989 3328 5061 μακάριος,
3360 4989 3453 5043 καὶ
3487 4985 3660 5039 ἐλθὼν
3694 4982 3789 5038 ἐπὶ

2198 5081 2291 5136 τὸν
2325 5082 2514 5149 τόπον,
2550 5085 2682 5147 στάς
2732 5084 2759 5135 6
2790 5081 2947 5152 άγιος
3001 5081 3354 5152 προσηύξατο
3402 5080 3542 5149 πρὸς
3577 5076 3788 5146 Κύριον

2200 5175 2399 5244 λέγων·
2432 5174 2606 5245 Κύριε
2640 5177 2667 5229 6
2694 5174 2825 5238 95‘;
2845 5174 2954 5228 τῶν
2979 5174 3285 5244 δυνάμεων,
3321 5175 3349 5227 6
3385 5171 3693 5243 ρυσάμενός
3720 5184 3789 5239 με

2203 5269 2314 5324 ἀπὸ
2333 5268 2442 5323 τῶν
2473 5268 2731 5333 εἰδώλων,
2754 5267 2780 5320 6
2812 5268 2872 5322 τὸ
2905 5266 3099 5330 σκότος
3123 5266 3240 5336 φῶς
3276 5254 3513 5335 ποιήσας
3545 5262 3640 5316 καὶ
3688 5262 3788 5333 τὴν

2204 5363 2418 5434 πλάνην
2444 5361 2728 5433 ἀλήθειαν,
2755 5365 2783 5417 6
2805 5362 3116 5432 καθήμενος
3144 5359 3331 5414 ἐπάνω
3360 5358 3475 5412 τῶν
3493 5355 3788 5429 χερουϐὶμ,

2205 5456 2301 5511 καὶ
2339 5456 2573 5524 ἀνοίγων
2607 5456 2998 5527 καταρράκτας
3017 5453 3285 5527 οὐρανῶν,
3341 5452 3371 5506 6
3423 5450 3673 5511 ἐκτείνας
3728 5444 3790 5500 τὸ

2205 5547 2359 5615 τόξον
2386 5565 2478 5603 σου
2513 5550 2570 5602 ὲν
2600 5549 2666 5619 τῇ
2711 5546 2857 5619 χειρί
2887 5565 3003 5615 σου,
3035 5549 3063 5601 6
3109 5546 3201 5601 τόν
3229 5544 3483 5599 διάϐολον
3515 5536 3789 5598 ταπεινώ-

2211 5658 2333 5709 σας,
2364 5642 2572 5697 καὶτὸν
2606 5642 2878 5715 δράκοντα
2931 5636 3534 5713 καθηλώσας,ὲπήκοός
3563 5650 3668 5706 μου
3698 5648 3793 5700 γε·

2210 5735 2301 5789 νοῦ
2333 5735 2425 5789 τοῦ
2449 5735 2635 5790 δούλου
2664 5752 2758 5788 σου
2789 5734 2883 5787 καὶ
2909 5734 3056 5797 ὅστις
3080 5731 3148 5787 ἃν
3196 5728 3474 5805 προσέλθῃ
3499 5726 3577 5801 τῷ
3598 5724 3791 5781 θυσια·¹

2214 5828 2420 5902 στηρίῳ
2457 5845 2585 5900 σιν,
2623 5826 2798 5900 τούτῳ
2849 5825 2940 5882 καί
2988 5825 3203 5883 οίανοῧν
3253 5821 3465 5882 ἄκανθα
3507 5819 3539 5891 ἢ
3597 5812 3792 5872 ὀστοῦν
