4142 6384
397 330 509 399 ερν

1388 342 1803 404 CERTAMEN
1841 343 1904 402 S-
1932 342 2184 403 BLASII
2218 345 2317 405 ET
2357 345 2771 409 SOCIORUM.

3572 346 3679 407 830

400 449 747 520 καταποίειή
783 450 1058 515 ποικίλαις
1086 451 1265 517 νόσοις
1308 457 1605 525 περιπέσοι
1649 456 1683 527 ἢ
1717 457 1774 510 ὲν
1804 454 1982 525 θλίψει

2087 465 2185 510 aut
2212 455 2269 512 in
2309 459 2639 515 necessitate
2706 458 3113 529 persecutionis
3143 498 3160 521 ,
3193 457 3361 527 imple
3415 470 3681 512 uniuscu-

401 541 435 612 ή
466 543 525 595 ὲν
553 541 772 614 ἀνάγκη
821 542 1069 611 διωγμοῦ
1101 544 1361 617 ὑπάρχοι,
1417 548 1707 617 πλήρωσον
1751 548 1985 603 ἑκάστου

398 636 463 689 τὸ
491 635 704 707 αῐτημα
734 637 835 707 τῆς
872 638 1125 709 καρδίας,
1177 642 1451 703 Δέσποτα.
1495 642 1571 717 di;
1627 642 1835 712 ἀγαθὸς
1860 642 1982 696 εκαὶ

402 729 788 802 φιλάνθρωπος
813 770 829 796 ,
882 732 976 785 καὶ
1028 734 1145 794 τοῖς
1176 731 1299 789 κατ’
1344 732 1465 798 ire;
1517 733 1829 789 ιπιτολοῦσι
1856 734 1980 804 ἢτὴν

408 822 632 894 μνήμην
665 839 767 893 μου
801 823 859 874 ὲν
892 821 1130 892 ψαλμοῖς
1168 823 1265 877 καὶ
1295 822 1489 894 ῦμνοις
1537 825 1634 877 καὶ
1679 822 1789 877 τῶν
1816 814 2009 893 πενήέ

404 928 514 965 των
541 927 636 963 σου
677 913 1050 981 μεμνημένοις
1100 913 1292 982 μισθὸν
1319 915 1573 985 οὐράνιον
1602 914 1852 985 δώρησαι
1884 919 1982 968 καὶ

404 1003 554 1073 ζωὴν
586 1004 688 1073 τὴν
732 1006 953 1057 αἰώνιον
971 1019 985 1032 ·
1020 1006 1102 1058 ὅτι
1132 1006 1527 1077 δεδοξασμένος
1551 1008 1820 1078 ὑπάρχεις
1847 1007 1985 1061 πάν-

403 1113 525 1149 τοτε
571 1095 670 1148 νῦν
702 1097 795 1150 καὶ
821 1098 902 1158 είς
935 1098 1064 1161 τοὺς
1098 1098 1301 1161 αίῶνας
1335 1099 1444 1153 τῶν
1492 1098 1725 1155 αίὼνων.
1785 1100 1983 1169 ’Δμήν.

402 1187 590 1239 Ταῦτα
617 1188 672 1241 δὲ
714 1187 882 1241 αὐτοῦ
913 1187 1358 1259 προσευξαμένου
1385 1190 1655 1261 κατῆλθεν
1682 1193 1719 1245 ό
1741 1191 1982 1261 Χριστὸς

403 1275 593 1345 ὥσπερ
641 1276 836 1347 νεφέλη
862 1279 928 1331 ὲκ
958 1277 1056 1330 τοῦ
1091 1278 1349 1349 οὐρανοῦ,
1397 1279 1493 1333 καὶ
1519 1281 1851 1335 ἐπεσκίασεν
1884 1280 1983 1336 αὐ-

397 1367 514 1432 τὸν,
546 1367 643 1421 καὶ
689 1366 842 1436 λέγει
888 1368 1027 1439 πρὸς
1057 1369 1221 1425 αὐτὸν
1272 1370 1301 1424 ὁ
1351 1369 1567 1442 Σωτήρ
1610 1369 1847 1443 meisz
1876 1388 1980 1443 μου

401 1460 725 1529 ἡγαπημίνε
750 1460 972 1521 Βλάσιε.
1005 1461 1186 1515 πάντα
1224 1462 1294 1516 τὰ
1325 1462 1606 1533 αἰτήματα
1630 1461 1813 1515 αὐτῶν
1838 1462 1977 1532 πλη-

401 1551 564 1623 ρώσω
587 1550 673 1606 διὰ
703 1552 785 1618 at,
816 1553 909 1606 καὶ
937 1553 996 1605 οὐ
1048 1552 1211 1622 μόνον
1249 1553 1449 1617 ταῦτα,
1479 1553 1618 1609 ἀλλά
1652 1555 1748 1608 καὶ
1794 1554 1980 1619 καθὼς

401 1644 623 1712 ἑπηύξω
652 1646 716 1713 τῇ
753 1646 900 1714 χήρα
930 1647 1164 1715 ποιήσω,
1201 1648 1299 1701 καὶ
1339 1648 1625 1718 εὐλογήσω
1673 1646 1854 1701 πάντα
1885 1646 1978 1701 τὸν

400 1731 548 1787 οἷκον
574 1735 664 1788 τὸν
690 1737 949 1789 ποιοῦντα
979 1737 1081 1808 τήν
1113 1740 1335 1808 μνήμην
1371 1755 1488 1803 σου,
1521 1738 1615 1793 καὶ
1648 1738 1719 1793 τὰ
1750 1741 1977 1809 ταμιεῖα

400 1825 582 1880 αὐτῶν
606 1825 872 1897 ἐμπλήσω
921 1826 1101 1898 πάσης
1136 1827 1503 1901 ἀγαθωσύνης
1542 1828 1633 1884 διὰ
1676 1828 1775 1902 τήν
1806 1830 1978 1900 καλήν

402 1927 497 1964 σου
545 1912 833 1981 ὁμολογίαν
882 1913 977 1967 καὶ
1023 1915 1209 1971 πίστιν
1267 1912 1365 1987 τὴν
1398 1919 1481 1980 εἰς
1537 1916 1679 1987 sui?
1735 1918 1833 1971 καὶ
1877 1919 1976 1983 τὰς

2087 548 2291 617 jusque
2348 550 2531 606 cordis
2584 551 2931 620 petitionem,
2973 550 3227 613 Domine,
3273 557 3333 603 ut
3382 547 3561 602 bonus
3620 556 3678 601 et

2091 637 2376 694 clemens:
2415 641 2703 710 quoniam.
2726 655 2787 696 es
2824 656 3046 710 semper
3095 638 3490 708 gloriﬁcaudus
3524 651 3676 692 nunc

2087 735 2146 784 et
2203 729 2262 782 in
2308 731 2533 785 saecula:
2596 728 2732 786 Cum
2781 731 2896 784 huic
2941 739 3126 785 autem
3191 739 3333 784 esset
3398 736 3676 799 precatus,

2086 818 2343 875 Christus
2385 820 2676 876 descendit
2732 820 2799 876 de
2850 822 2991 876 caelo
3043 831 3299 890 tanquam
3354 820 3555 885 nubes,
3611 827 3670 871 et

2087 923 2215 963 eum
2247 910 2625 976 obumbravit,
2663 918 2720 965 et
2758 910 2894 965 dicit
2925 910 2975 965 ei
3006 910 3263 965 Servator
3291 926 3310 962 :
3339 908 3541 964 Omnes
3574 923 3673 977 pe-

2093 1002 2324 1058 titiones
2370 1017 2566 1057 corum
2639 1002 2879 1072 implebo
2927 1012 3151 1072 propter
3216 1011 3290 1065 tc,
3343 1001 3548 1054 athleta
3600 998 3677 1052 mi

2088 1094 2317 1165 dilecte.
2359 1094 2476 1150 Non
2509 1095 2629 1150 haec
2663 1104 2850 1149 autem
2878 1094 3081 1160 solum,
3114 1095 3209 1149 sed
3235 1095 3402 1149 etiam
3453 1093 3674 1157 faciam,

2088 1197 2150 1241 ut
2191 1195 2452 1255 precatus
2492 1203 2553 1242 es
2601 1186 2804 1251 viduae,
2858 1197 2915 1242 et
2959 1186 3283 1243 benedicam
3323 1200 3544 1240 omnem
3581 1184 3680 1237 do—

2086 1294 2261 1345 mum,
2292 1296 2415 1350 quze
2465 1281 2544 1336 tui
2573 1282 2819 1336 celebrat
2849 1281 3196 1345 memoriam,
3224 1290 3280 1334 et
3301 1278 3524 1349 penaria
3575 1294 3674 1332 eo-

2087 1386 2211 1429 rum
2268 1372 2496 1442 rcplebo
2548 1372 2808 1429 omnibus
2866 1373 3027 1428 bonis
3089 1382 3317 1443 propter
3388 1371 3674 1442 pulchram

2086 1473 2237 1519 tuam
2282 1466 2690 1521 confessionem
2737 1475 2793 1521 et
2828 1466 3015 1530 ﬁdem,
3047 1463 3213 1536 quam
3263 1466 3317 1520 in
3351 1480 3437 1519 me
3479 1466 3673 1520 lial'es.

2080 1557 2213 1619 Haec
2268 1572 2396 1615 cum
2452 1558 2720 1615 Dominus
2764 1560 2987 1614 locutus
3042 1567 3189 1613 esset
3238 1558 3491 1628 martyri,
3542 1572 3669 1611 cum

2083 1664 2210 1704 eum
2260 1661 2420 1707 antea
2464 1650 2751 1706 eduxisset
2799 1651 3102 1721 spiculator
3152 1665 3183 1704 e
3233 1650 3492 1719 praetorio
3546 1666 3674 1704 cum

2082 1740 2303 1796 duobus
2331 1742 2660 1804 infantibus,
2682 1743 2864 1812 capita
2890 1742 2979 1796 eis
3000 1742 3304 1811 amputavit
3336 1741 3389 1794 in
3415 1740 3676 1797 Sebastea

2082 1829 2336 1897 civitate,
2398 1831 2543 1886 intra
2595 1832 2796 1887 mmnia
2858 1846 3028 1901 supra
3083 1840 3317 1900 petram,
3380 1830 3674 1885 undecimo

2090 1922 2300 1977 mensis
2354 1922 2666 1979 Februarii.
2721 1920 2938 1977 Fideles
2984 1930 3166 1977 autem
3200 1931 3256 1975 et
3307 1921 3378 1990 pii
3425 1922 3526 1975 viri
3577 1938 3676 1992 po-

399 2003 678 2074 ἀμαρτίας
710 2004 889 2058 αὐτῶν
911 2006 1276 2078 συγχωρήσας
1318 2009 1463 2081 ζωὴν
1488 2009 1708 2063 αἰώνιον
1733 2010 1968 2082 δωρήσο-

2087 2024 2311 2070 suerunt
2353 2030 2479 2070 eum
2530 2015 2584 2069 in
2632 2015 2749 2085 ipso
2796 2014 2939 2079 loco,
2998 2013 3096 2071 ,uhi
3149 2013 3318 2067 etiam
3382 2030 3565 2083 usque
3618 2016 3674 2070 in

403 2113 504 2165 μαι
538 2097 743 2161 αὐτοῖς.
785 2099 972 2153 Ταῦτα
1018 2102 1203 2155 τοίνυν
1238 2101 1579 2173 λαλήσαντος
1632 2103 1727 2157 τοῦ
1775 2104 1982 2176 Κυρίου

2090 2104 2422 2160 hodiernum
2456 2105 2603 2161 diem
2637 2104 2820 2159 multa:
2853 2104 3170 2159 curationes
3215 2114 3557 2174 peraguntur
3605 2104 3675 2159 ad

400 2190 541 2259 πρὶς
571 2192 660 2242 τὸν
690 2190 845 2259 ἅγιον
871 2191 1245 2264 ίερομάρτυρα
1272 2192 1521 2258 Βλάσιον,
1549 2192 1846 2261 ἐξενέγκας
1890 2195 1989 2248 αὑ-

2088 2195 2183 2252 Dei
2213 2197 2466 2265 gloriam.

400 2282 493 2335 τὸν
518 2284 962 2357 όσπεκουλάτωρ
1011 2290 1111 2340 σὺν
1158 2289 1273 2351 τοῖς
1304 2287 1424 2341 δυσὶ
1472 2286 1733 2359 βρέφεσιν
1767 2288 1832 2340 ἑκ
1888 2286 1983 2343 τοῦ
2022 2289 2389 2360 πραιτωρίου,
2420 2292 2828 2363 ἀπεκεφάλισεν
2860 2294 3059 2353 αὐτοὺς
3106 2295 3164 2347 ὲν
3228 2292 3528 2362 Σεϐαστεία
3601 2293 3669 2359 τῇ

402 2375 556 2428 πόλει
590 2376 697 2430 ἔσω
724 2377 818 2431 τοῦ
847 2380 1061 2450 τείχους
1087 2380 1179 2433 ἐπὶ
1220 2379 1427 2451 πέτρας
1459 2381 1591 2451 μηνὶ
1623 2378 1978 2453 Φεϐρουαρίῳ
2013 2381 2297 2455 ἑνδεκάτῃ.
2333 2384 2524 2438 Πιστοὶ
2556 2384 2615 2439 δὲ
2662 2385 2856 2457 ἄνδρες
2884 2387 2977 2439 καὶ
3047 2385 3299 2447 εὐλαϐεῖς
3376 2384 3673 2437 κατέθεντο

398 2468 564 2522 αὐτὸν
614 2470 1043 2539 ἐνταφιάσαντες
1068 2474 1124 2525 εν
1165 2472 1315 2544 αὐτῷ
1347 2473 1425 2545 τῷ
1450 2473 1602 2544 τόπῳ
1628 2475 1750 2543 μετ’
1806 2474 2128 2546 ἐπιμελείας
2153 2476 2378 2548 πολλῆς,
2445 2477 2574 2535 ἔνθα
2604 2478 2700 2532 καὶ
2741 2481 2906 2551 μέχρι
2945 2478 3038 2532 τοῦ
3084 2477 3179 2532 νῦν
3248 2477 3441 2531 πολλαὶ
3506 2478 3674 2530 δυνά-

403 2578 524 2631 μεις
556 2563 653 2616 καὶ
685 2563 857 2629 ίάσεις
887 2563 1271 2620 επιτελοῦνται
1299 2566 1379 2629 είς
1412 2565 1570 2633 δόξαν
1596 2566 1756 2621 Θεοῦ.

475 2653 572 2709 lB'.
604 2654 868 2710 Μαθοῦσα
922 2658 979 2712 δὲ
1011 2660 1105 2711 καὶ
1137 2660 1170 2729 ὴ
1203 2657 1367 2729 τιμία
1414 2639 1511 2713 καί
1536 2657 1770 2729 εὐσεϐὴς
1801 2658 1977 2731 γραῦς

397 2743 501 2816 τὴν
535 2746 816 2826 τελείωσιν
851 2748 946 2803 τοῦ
978 2750 1137 2819 ἁγίου
1184 2752 1281 2805 καὶ
1320 2749 1600 2823 μακαρίου
1642 2751 1978 2823 ἱερομάρτυ·

405 2854 496 2907 ρος
527 2839 759 2894 Βλασίου
791 2841 1080 2897 ἐπετέλεσε
1125 2842 1225 2916 τὴν
1261 2844 1485 2915 μνήμην
1531 2842 1696 2898 αὑτοῦ
1752 2845 1894 2900 κατά
1920 2844 1982 2899 τὸ

404 2932 591 3003 σχῆμα
618 2934 646 2986 ὃ
676 2935 932 3007 ἐποίησεν
963 2938 1021 2989 ἐν
1050 2939 1116 3008 τῇ
1152 2936 1369 3008 φυλακῇ
1396 2952 1411 2967 ’
1442 2938 1537 2991 καὶ
1569 2937 1629 2990 οῦ
1664 2938 1829 3008 μόνον
1853 2954 1985 3006 συγ-

2166 2656 2287 2713 Xll.
2322 2656 2461 2712 Cum
2500 2672 2629 2713 vero
2660 2659 2961 2728 accepisset
2993 2659 3304 2714 veneranda
3332 2666 3387 2712 et
3417 2659 3505 2727 pia
3540 2672 3681 2715 anus

2095 2749 2635 2807 consummationem
2667 2750 2814 2804 beati
2854 2752 3112 2822 martyris
3145 2751 3334 2815 Blasii,
3375 2751 3679 2805 celebravit

2092 2840 2215 2911 ejus
2248 2840 2570 2894 memoriam
2606 2855 2672 2894 eo
2718 2840 2852 2904 ritu,
2888 2856 2999 2910 quo
3042 2841 3341 2896 celebravit
3396 2843 3451 2896 in
3490 2851 3679 2897 custo-

2087 2932 2222 2989 dia:
2257 2940 2315 2988 et
2362 2947 2471 2986 non
2515 2933 2691 2986 solum
2746 2933 3004 3003 cognatis
3054 2933 3207 2986 misit
3255 2948 3323 2987 ex
3373 2933 3681 2988 seminibus

400 3028 652 3095 γενεῦσιν
676 3028 935 3098 ἀπήγαγε
990 3029 1090 3094 τάς
1124 3031 1188 3101 ἐκ
1227 3030 1335 3083 τῶν
1366 3024 1704 3102 σπερμάτων
1742 3029 1841 3099 τῆς
1870 3029 1981 3099 γῆς

2089 3034 2253 3083 terra:
2296 3024 2717 3081 benedictiones
2772 3035 2829 3081 et
2895 3040 2964 3079 ex
3026 3025 3280 3094 reliquis,
3355 3025 3450 3080 sed
3512 3026 3681 3079 etiam

402 3118 652 3187 εὐλογίας
696 3121 932 3175 καὶτῶν
978 3119 1183 3177 λοιπῶν
1235 3122 1534 3193 ἐδωδίμων,
1577 3122 1713 3176 ἀλλά
1747 3122 1853 3191 γὰρ
1883 3121 1979 3176 καὶ

2087 3119 2344 3176 omnibus
2372 3118 2581 3173 amicis.
2620 3118 2721 3185 Qui
2756 3117 2999 3172 vicissim
3047 3118 3350 3179 imitantes,
3390 3134 3587 3172 rursus
3624 3119 3680 3171 iu

404 3212 537 3265 πᾶσι
577 3212 753 3280 φίλοις
811 3215 906 3267 καὶ
936 3216 1199 3283 γνωστοῖς
1251 3215 1449 3279 οἵτινες
1470 3214 1982 3285 ἀντιμιμησάμενοι

2094 3210 2291 3267 eodem
2321 3219 2577 3281 tempore
2609 3210 2950 3265 remiserunt
2971 3224 3080 3264 non
3106 3210 3282 3264 solum
3309 3209 3453 3263 ﬁdeli
3482 3209 3678 3271 viduae,

404 3305 575 3356 πλλαι
604 3306 662 3357 ὲν
684 3303 762 3374 τῷ
785 3306 963 3376 καιρῷ
992 3304 1069 3376 τῷ
1092 3306 1244 3377 αὐτῷ
1278 3304 1605 3377 ἀνέπεμψαν
1627 3305 1687 3358 οὑ
1726 3306 1888 3375 μόνον
1910 3306 1978 3375 τῇ

2087 3305 2186 3362 sed
2215 3306 2380 3361 etiam
2416 3305 2676 3361 omnibus
2720 3305 2838 3359 suis
2871 3303 3087 3367 amicis,
3127 3313 3184 3358 et
3212 3304 3482 3373 cognatis.
3514 3303 3671 3357 Unde

403 3396 543 3465 αὐτῇ
571 3399 732 3467 πιστῇ
760 3398 923 3470 χήρᾳ,
954 3396 1092 3451 ἀλλὰ
1123 3397 1215 3452 καὶ
1240 3400 1376 3452 πᾶσι
1423 3400 1538 3461 τοῖς
1589 3396 1772 3452 αὐτῶν
1804 3395 1981 3466 φίλοις

2094 3400 2264 3453 etiam
2295 3396 2559 3451 traditum
2586 3406 2672 3451 est
2706 3396 2812 3451 hoc
2847 3395 3137 3465 pulchrum
3171 3404 3227 3449 et
3253 3396 3457 3448 bonum
3494 3410 3683 3447 exent-

405 3488 502 3541 καὶ
532 3488 878 3556 συγγενέσιν.
934 3487 1103 3545 Ὀθεν
1134 3489 1326 3543 ἔκτοτε
1358 3492 1522 3561 μέχρι
1555 3488 1651 3543 καὶ
1682 3487 1777 3543 νῦν
1806 3487 1979 3542 διεδό-

2090 3489 2244 3560 plum
2278 3503 2451 3558 usque
2482 3488 2539 3542 in
2567 3487 2904 3541 hodiernum
2929 3485 3076 3540 diem
3107 3484 3385 3547 omnibus,
3420 3484 3512 3553 qui
3546 3483 3681 3537 iide-

407 3580 475 3652 θη
511 3579 671 3636 τοῦτο
698 3580 759 3635 τὸ
782 3582 947 3638 καλὸν
984 3583 1078 3637 καὶ
1109 3582 1317 3652 ἀγαθὸν
1350 3581 1656 3652 ὑπόδειγμα
1689 3579 1855 3652 μέχρι
1882 3582 1981 3652 τῆς

2087 3577 2213 3633 liter
2248 3584 2519 3648 peragunt
2556 3574 2929 3630 venerandam
2963 3573 3284 3627 memoriam
3329 3571 3508 3625 sancti
3539 3583 3683 3622 mar-

407 3674 650 3745 σήμερον
682 3676 738 3728 ὲν
792 3676 929 3729 πᾶσι
962 3678 1076 3739 τοῖς
1113 3692 1316 3739 πιστως
1341 3672 1653 3729 ἐπιτελοῦσι
1675 3673 1773 3743 τήν
1796 3672 1982 3742 τιμίαν

2088 3669 2223 3741 tyris
2263 3669 2449 3735 Blasii,
2498 3685 2622 3724 cum
2652 3666 2998 3737 lampadibus
3027 3672 3083 3719 et
3124 3663 3342 3736 hymnis
3389 3672 3443 3718 et
3484 3676 3682 3730 magno

408 3765 505 3818 καὶ
533 3765 734 3837 σεπτήν
765 3766 995 3837 μνήμην
1022 3765 1116 3821 τοῦ
1151 3766 1311 3836 ἁγίου
1343 3764 1437 3819 καὶ
1459 3763 1675 3829 ἐνδόξου
1718 3761 1982 3834 ίερομὰρ·

2088 3762 2255 3832 epulo
2290 3781 2302 3816 :
2335 3762 2403 3816 ad
2457 3761 2690 3833 gloriam
2740 3759 3140 3830 omnipotentis
3198 3757 3292 3810 Dei
3354 3766 3409 3810 et
3459 3755 3678 3809 Domini

406 3870 570 3927 τυρος
598 3855 829 3912 Βλασίου
860 3858 1001 3929 μετά
1027 3856 1329 3931 λαμπάδων
1361 3856 1457 3911 καὶ
1486 3854 1673 3927 ὕμνων
1701 3855 1798 3908 καὶ
1846 3853 1982 3907 εὐω-

2089 3854 2265 3908 nostri
2292 3853 2423 3909 Jesu
2463 3852 2672 3908 Christi
2709 3870 2722 3907 :
2761 3852 2850 3906 cui
2901 3851 3071 3922 gloria
3115 3857 3169 3903 et
3220 3847 3465 3917 potentia
3514 3845 3675 3899 simul

410 3949 534 4017 χίας
566 3949 765 4021 πολλῆς
791 3952 871 4014 είς
914 3949 1072 4017 δῦξαν
1097 3950 1234 4005 Θεοῦ
1269 3948 1712 4019 παντοκράτορος
1743 3946 1839 4000 καὶ
1866 3945 1982 3999 Κυ-

2087 3959 2210 3999 cum
2238 3955 2430 3999 sancto
2464 3956 2518 4000 et
2544 3944 2767 3999 viviﬁco
2802 3943 3041 4015 Spiritu,
3082 3954 3231 3993 nunc
3268 3946 3322 3992 et
3367 3952 3585 4005 semper
3622 3944 3680 3991 ct

414 4038 533 4109 ρίου
570 4039 727 4109 ήμῶν
778 4039 952 4109 Ἰησοῦ
990 4040 1231 4112 Χριστοῦ
1260 4037 1357 4094 τοῦ
1388 4035 1752 4105 δοξαζομένου
1783 4036 1840 4089 ἐν
1868 4038 1982 4099 τοῖς

2092 4032 2148 4090 in
2178 4036 2377 4092 saecula
2406 4036 2756 4091 saeculorum.
2780 4037 2976 4088 Amen.

413 4129 591 4197 ἁγίοις
612 4131 799 4186 αὑτοῦ·
831 4122 876 4200 ᾧ
909 4134 941 4205 ἠ
970 4133 1097 4200 δόξα
1127 4133 1224 4189 καὶ
1248 4134 1307 4187 τδ
1339 4132 1538 4203 κράτος
1565 4131 1679 4202 ἅμα
1713 4129 1791 4202 τῷ
1844 4129 1984 4202 ἁγίῳ
2023 4129 2202 4202 Πατρὶ
2255 4132 2352 4185 σὺν
2382 4128 2459 4202 τῷ
2496 4129 2635 4201 ἁγίῳ
2666 4126 2967 4198 Πνεύματι,
3005 4122 3101 4179 νῦν
3145 4121 3238 4175 καὶ
3302 4119 3389 4173 ἀεὶ
3433 4119 3526 4172 καὶ
3594 4117 3677 4179 εἰς

410 4223 540 4287 τοὺς
566 4225 766 4289 αίῶνας
798 4225 905 4281 τῶν
935 4225 1168 4281 αίώιων.
1202 4225 1401 4298 Ἀμήν.
