4128 6384
493 315 596 379 891

1659 325 2046 388 ΑῡῡΕΝΒΑ.
2078 351 2146 362 -·
2184 330 2516 390 APRILIS.

3653 339 3764 400 832

501 466 3735 516 ἔξωθε-Μ

1283 651 1992 810 MENSIS
2143 650 2964 816 APRILIS.

1775 1103 2453 1226 ΑΘΛΗΣΙΣ

791 1339 1066 1426 ΤΩΝ
1205 1331 1622 1426 ᾹΓΙΩΝ
1729 1342 1996 1429 ΤΟΥ
2102 1347 2586 1435 ΧΡΙΣΤΟΥ
2728 1350 3444 1442 ΜΑΡΤΥΡΩΝ

1503 1564 2752 1751 ΑΚΕΨΙΜΟΥ

980 1878 1575 2011 ΙΩΣΗΦ
1732 1875 2062 2012 ΚΑΙ

2207 1876 3251 2022 ΑΕΙΘΑΑΟΥ.

1799 2289 2441 2383 CERTAMEN

1282 2493 1748 2558 SANCTORUM
1784 2493 1883 2556 ET
1911 2494 2479 2561 GLORIOSORUM
2521 2501 2960 2566 MARTYRUM

1619 2622 2656 2840 ACEPSIM/E

1209 2975 1733 3092 JOSEPH
1918 2982 2088 3092 ET

2253 2933 3028 3108 ίΕιΤΗΑιιἘ.

1083 3204 1222 3266 (Acta
1283 3203 1373 3254 SS.
1411 3203 1628 3254 Bolland.
1663 3205 1723 3254 ad
1785 3205 1918 3256 dlem
1995 3207 2025 3255 2
2083 3207 2283 3272 Aprilis,
2303 3211 2472 3263 Graece
2516 3214 2564 3263 in
2615 3215 2723 3267 cod.
2786 3219 2944 3270 Paris.
2985 3221 3148 3285 liBl.)

573 3509 612 3564 1.
668 3509 907 3564 Furebat
938 3509 989 3564 in
1027 3509 1372 3566 Christianos
1411 3511 1674 3580 Saporius
1725 3527 1818 3566 rex
1869 3512 2066 3568 Persa-
2096 3521 2138 3574 Α

2242 3517 2322 3569 A'.
2367 3515 2595 3569 Ἐλύττα
2622 3521 2762 3572 κατὰ
2790 3521 3136 3590 Χριστιανῶν
3163 3523 3448 3594 Σαπώριος
3469 3527 3496 3580 δ
3533 3527 3763 3600 Περσῶν

499 3619 644 3667 rum,
679 3611 732 3656 ct
766 3601 961 3671 Magis,
997 3603 1089 3670 qui
1123 3613 1281 3656 erant
1307 3618 1433 3671 pars
1473 3603 1782 3667 Persarum,
1815 3605 1980 3672 jussit
2011 3613 2068 3659 ut

499 3712 596 3752 cos
624 3705 1107 3764 persequerentur.
1136 3695 1238 3760 Qui
1272 3696 1436 3750 etiam
1491 3695 1674 3750 acrius
1724 3697 2066 3760 invadentes,

499 3803 597 3842 eos
625 3801 764 3856 quos
796 3787 1288 3856 persequebantur,
1339 3789 1608 3858 cogebant
1663 3791 1843 3844 colere
1889 3792 2068 3859 ignem

499 3885 554 3933 et
589 3879 787 3932 solem.
810 3877 926 3942 Qua
961 3879 1026 3931 de
1061 3893 1228 3932 causa
1265 3880 1456 3935 beatus
1487 3897 1705 3950 quoque
1752 3884 2071 3953 Acepsimas

499 3970 568 4024 ab
601 3969 682 4025 eis
712 3971 1218 4040 comprehenditur,
1253 3973 1346 4042 qui
1379 3983 1537 4028 ortus
1582 3973 1800 4043 quidem
1833 3982 1974 4039 {erat
2004 3990 2070 4029 ex

497 4067 674 4131 patria
723 4061 970 4118 Naesson
1001 4063 1020 4134 (
1051 4080 1172 4133 quae
1203 4076 1286 4119 est
1341 4065 1562 4137 quidem
1617 4069 1721 4122 sita
1785 4067 1840 4122 in
1875 4067 2073 4124 linibus

501 4153 790 4210 Persarum
819 4171 835 4222 ;
865 4166 952 4210 est
981 4167 1161 4212 autem
1194 4157 1493 4228 episcopali
1531 4166 1723 4212 ornata
1764 4157 2070 4230 dignitate),

497 4255 656 4302 atate
688 4264 872 4306 senex.
902 4258 962 4302 ut
992 4251 1082 4318 qui
1113 4259 1261 4305 esset
1307 4250 1587 4319 octoginta
1644 4265 1821 4307 annos
1871 4261 2028 4306 natus
2055 4270 2070 4307 :

497 4355 661 4394 senex
694 4342 1000 4410 prudentia,
1033 4343 1181 4398 mitis
1219 4351 1273 4398 et
1313 4344 1652 4407 moderatus.
1704 4345 1772 4400 ab
1829 4346 1909 4400 ira
1943 4347 2074 4400 alie-

498 4446 623 4494 nus,
654 4432 990 4487 abstinenter
1036 4435 1201 4488 vitam
1251 4449 1440 4504 agens,
1500 4449 1703 4506 egenos
1751 4436 2072 4506 impertiens

498 4523 616 4575 suis
649 4522 1024 4590 facultatibus,
1058 4525 1304 4579 intentus
1334 4527 1705 4593 orationibus,
1753 4525 1929 4580 forma
1958 4526 2072 4580 ele-

499 4627 656 4682 gans,
690 4615 871 4668 anima
902 4615 1223 4684 elegantior,
1252 4625 1307 4671 et
1339 4618 1578 4671 externis
1609 4617 1849 4672 motibus
1884 4617 1950 4671 iis
1978 4617 2070 4686 qui

501 4705 624 4760 illos
652 4707 951 4762 cernebant
987 4747 1002 4772 ,
1036 4709 1354 4778 significans
1390 4709 1659 4765 internam
1719 4710 2074 4766 constitutio-

496 4814 644 4861 nem,
673 4809 731 4855 et
769 4800 927 4857 lactis
957 4810 1010 4856 et
1041 4803 1224 4857 verbis
1248 4804 1501 4874 pietatem
1520 4803 1837 4863 enuntians.
1867 4811 1921 4858 et
1949 4804 2072 4862 vita:

493 4897 549 4944 et
579 4901 856 4947 rectorum
893 4894 1207 4964 dogmatum
1250 4895 1512 4966 magister
1539 4895 1765 4951 eli'ectns
1798 4894 2066 4951 Christia-

494 4983 600 5036 nis.
626 4982 746 5049 Quo
777 4985 976 5041 factum
1001 4996 1102 5051 est,
1136 4997 1194 5042 ut
1219 4997 1386 5043 totam
1421 4989 1859 5044 adversariorum
1891 4990 2064 5046 aciem

493 5083 753 5146 tanquam
792 5079 1054 5136 adversus
1091 5082 1453 5136 fortissimum
1487 5082 1885 5152 antagonistam
1922 5083 1977 5137 in
2005 5099 2065 5139 se

490 5173 821 5226 evocaverit.
857 5173 1016 5229 Circa
1050 5191 1214 5244 quem
1286 5174 1532 5244 quidem,
1562 5176 1723 5230 etiam
1774 5181 2064 5245 antequam

491 5263 1064 5331 comprehenderetur,
1112 5267 1173 5321 iit
1205 5268 1314 5323 tale
1343 5267 1472 5337 quid
1506 5267 1857 5339 prophetice:

567 5353 629 5407 ll.
669 5353 813 5410 Puer
841 5358 1061 5426 quidam
1089 5359 1430 5414 demulcebat
1455 5361 1574 5428 ejus
1609 5366 1790 5428 caput,
1826 5371 2062 5430 purgans

491 5454 521 5494 a
549 5442 836 5510 pediculis,
869 5447 961 5513 qui
991 5447 1039 5500 ei
1075 5448 1374 5503 aﬂ‘erebant
1423 5448 1752 5503 molestiam.
1811 5446 1869 5502 id
1930 5462 2063 5518 ergo

493 5531 812 5600 amplexus:
849 5533 1075 5591 Beatum
1109 5546 1214 5604 est,
1267 5539 1468 5608 inquit,
1506 5540 1611 5595 hoc
1644 5539 1859 5594 calvum
1902 5545 2067 5610 caput

494 5617 632 5690 (erat
654 5623 796 5678 enim
821 5625 1092 5697 glabrum)
1119 5630 1262 5699 quod
1285 5632 1506 5700 quidem
1537 5638 1760 5701 propter
1785 5629 2066 5686 Christum

495 5713 758 5783 suscipiet
788 5718 1134 5790 martyrium.
1161 5721 1256 5777 ille
1280 5732 1461 5779 autem
1499 5724 1666 5779 verbo
1694 5723 1797 5777 fuit
1827 5723 2064 5785 lzctatus,

496 5807 552 5854 et
579 5817 808 5872 puerum
844 5811 1031 5868 statim
1081 5813 1326 5872 vicissim
1369 5817 1733 5885 complexus:
1777 5813 1901 5871 Fiat
1933 5815 2066 5871 mihi

2175 3605 2453 3676 βασιλεὺς,
2481 3611 2591 3673 τοῖς
2621 3617 2816 3680 μάγοις
2843 3630 2900 3665 τε
2935 3615 3100 3685 μέρος
3129 3611 3247 3670 οὖσι
3277 3623 3493 3689 περσῶν
3522 3624 3612 3674 τὸν
3635 3635 3762 3676 κατ’

2174 3698 2355 3751 αὐτῶν
2391 3701 2661 3772 ἐπέτρεπε
2713 3703 2974 3773 διωγμόν.
3037 3705 3100 3760 Οἳ
3159 3710 3250 3761 καὶ
3286 3712 3624 3782 ἰταμώτερον
3664 3715 3759 3768 ἅτε

2174 3791 2417 3860 ζηλωταὶ
2455 3794 2564 3848 τῶν
2603 3797 2874 3867 πατρῴων
2913 3799 3075 3861 ἐθῶν,
3105 3805 3218 3865 τοῖς
3251 3803 3610 3870 διωκομένοις
3642 3811 3763 3860 ἑπι-

2172 3885 2448 3953 τιοέμενοι
2473 3890 2608 3958 πυρί
2641 3907 2700 3942 τε
2735 3893 2828 3943 καὶ
2859 3892 2998 3962 ἡλίῳ
3039 3893 3100 3945 τὸ
3137 3896 3300 3959 σέϐας
3329 3899 3515 3964 νέμειν
3544 3900 3755 3964 ἐξεϐιά-

2175 3973 2353 4038 ζοντο.
2387 3969 2462 4030 Οὖ
2499 3978 2563 4046 δὴ
2597 3981 2761 4050 χάριν
2811 3984 2903 4035 καὶ
2953 3983 3260 4055 Ἀκεψιμᾶς
3297 3990 3324 4040 ὁ
3356 3991 3624 4061 μακάριος
3663 3993 3759 4044 ὑπ’

2173 4068 2358 4122 αὐτῶν
2391 4071 2832 4141 συλλαμϐάνεται
2867 4075 2922 4137 ὃς
2981 4077 3045 4129 ὲκ
3080 4080 3338 4146 πατρίδος
3372 4081 3472 4148 μὲν
3530 4083 3760 4154 ὥρμητο

2172 4160 2482 4230 Ναηασσῶν
2513 4164 2644 4234 (ὑπὸ
2671 4166 2740 4218 τὰ
2773 4168 3000 4237 Περσῶν
3033 4170 3156 4240 ὅρια
3181 4170 3318 4242 αὕτη
3347 4179 3602 4245 τυγχάνει
3646 4197 3762 4232 κει-

2177 4252 2314 4320 μένη
2364 4251 2711 4323 ὲπισκοπικῷ
2758 4254 2814 4308 δὲ
2865 4257 3130 4329 τετίμητο
3160 4261 3494 4333 ἀξιώματι),
3529 4270 3758 4337 γηραιὸς

2173 4339 2270 4411 τὴν
2296 4341 2518 4410 ἠλικίαν
2551 4343 2673 4409 ἔτος
2720 4363 2828 4400 που
2875 4347 3237 4419 ὀγδοηκοστὸν
3282 4355 3608 4423 γενόμενος,
3656 4376 3761 4429 γη-

2177 4433 2331 4503 ραιὸς
2371 4433 2471 4505 τὴν
2528 4437 2814 4506 φρόνησιν,
2867 4442 3064 4508 πρᾶος,
3103 4445 3396 4514 ἀόργητος,
3462 4453 3757 4524 ιγγηρατείᾳ

2176 4527 2374 4592 συζῶν,
2408 4529 2518 4591 τοῖς
2549 4528 2825 4598 δεομένοις
2849 4535 2960 4588 τῶν
3003 4535 3175 4589 ὄντων
3207 4539 3542 4607 μεταδιδοὺς,
3583 4561 3750 4612 προσ-

2174 4617 2340 4688 ευχῆς
2405 4621 2822 4692 ἐπιμελόμενος,
2855 4627 3072 4697 χαρίεις
3102 4629 3162 4682 τὸ
3184 4623 3348 4697 εἶδος,
3400 4635 3757 4706 χαριέστερος

2173 4709 2273 4780 τὴν
2294 4710 2496 4782 ψυχὴν,
2533 4715 2628 4768 καὶ
2653 4716 2731 4786 τῷ
2758 4717 2915 4782 ἐκτὸς
2945 4718 3087 4789 ήθει,
3113 4721 3212 4792 τὴν
3243 4722 3393 4786 ἐντὸς
3418 4727 3754 4782 κατάστασιν

2173 4804 2284 4865 τοῖς
2305 4803 2473 4872 ὁρῶσι
2500 4804 2898 4878 διασημαίνων,
2927 4811 3074 4882 ἔργῳ
3103 4829 3161 4865 τε
3194 4815 3287 4868 καὶ
3301 4815 3443 4885 λόγῳ
3471 4819 3572 4888 τὴν
3597 4821 3754 4874 εὐσέ-

2174 4891 2326 4947 ϐειαν
2352 4899 2761 4967 καταγγέλλων,
2789 4901 3111 4968 διδάσκαλος
3133 4906 3485 4976 Χριστιανοῖς
3513 4913 3606 4965 καὶ
3633 4913 3751 4984 βίου

2173 4986 2268 5037 καὶ
2297 4986 2606 5056 δογμάτων.
2625 4992 2716 5056 Ἐξ
2742 4987 2802 5048 οὗ
2837 4997 2932 5048 καὶ
2961 4996 3061 5068 τὴν
3093 4997 3200 5052 τῶν
3219 5002 3478 5056 ἐναντίων
3510 5009 3758 5076 παράταο

2173 5076 2279 5144 ξιν,
2319 5077 2418 5132 ἆτε
2451 5081 2586 5152 πρὸς
2616 5084 2967 5156 ἰσχυρότατον
2995 5090 3427 5166 ἀνταγωνιστὴν,
3458 5098 3539 5160 είς
3561 5100 3756 5154 ἑαυτὸν

2171 5169 2290 5224 ὅλον
2324 5171 2705 5245 ἐξεκαλέσατο,
2739 5179 2872 5250 περὶ
2928 5181 2988 5237 ὃν
3033 5182 3098 5254 δὴ
3131 5186 3227 5239 καὶ
3259 5187 3366 5258 πρὸ
3413 5189 3508 5242 τοῦ
3557 5191 3757 5262 συλλη-

2173 5263 2334 5333 θῆναι
2362 5267 2601 5323 τοιοῦτόν
2631 5287 2684 5324 τι
2714 5276 3073 5343 προφητικῶς
3102 5283 3337 5347 γίνεται.

2242 5355 2318 5409 B'.
2345 5358 2481 5422 Παῖς
2504 5376 2588 5422 τις
2615 5362 2828 5428 κατέψα
2854 5365 2953 5434 τὴν
2979 5369 3147 5421 αὐτοῦ
3195 5370 3460 5442 κεφαλὴν,
3501 5373 3609 5426 τῶν
3643 5375 3756 5430 διο-

2168 5444 2412 5517 χλουσῶν
2435 5451 2671 5523 φθειρῶν
2694 5456 3292 5535 ὲκκαθαίρων.ζ¹ῐ“αύτην
3309 5461 3402 5518 οὖν
3431 5467 3756 5537 ἀσπασάμε-

2171 5555 2282 5603 νος,
2342 5542 2628 5615 Μακαρία,
2689 5543 2863 5614 εἷπεν,
2925 5555 2958 5623 ὴ
3011 5553 3268 5625 φαλάκρα
3323 5556 3488 5626 αὕτη,
3525 5558 3755 5626 ἑψίλωτο

2174 5631 2304 5703 γὰρ,
2337 5633 2460 5703 ἥτις
2495 5636 2604 5708 ἄρα
2640 5639 2733 5693 καὶ
2776 5641 2865 5695 διὰ
2891 5644 3129 5714 Χριστὸν
3167 5649 3534 5720 μαρτυρήσει.
3593 5651 3653 5704 ’0
3696 5652 3753 5705 δὲ

2180 5723 2325 5793 ἥσθη
2362 5725 2444 5796 τῷ
2472 5729 2704 5799 ῥήματι,
2755 5734 2848 5788 καὶ
2896 5735 2958 5788 τὸ
2993 5738 3205 5793 παιδίον
3237 5741 3551 5810 παραυτίκα
3585 5743 3752 5797 ἀντα-

2184 5817 2554 5892 σπασάμενος,
2599 5823 2811 5882 Γένοιτό
2843 5845 2954 5898 μοι,
2991 5829 3199 5900 τέκνον,
3230 5832 3359 5898 ἔφη,
3385 5839 3524 5887 κατὰ
3558 5835 3614 5887 τὸ
3650 5835 3748 5892 di-
