4142 6384
533 315 644 382 335

1722 324 2108 386 ADDBNDA.
2154 349 2224 360 --
2248 324 2593 390 APRILIS.

3705 341 3813 405 836

531 448 563 490 ῖ.
603 446 689 489 me
716 432 964 501 exigetur
995 446 1290 489 commune
1319 431 1424 490 hoc
1449 443 1661 492 natura:
1687 437 1954 494 debitum.
1990 437 2108 493 Non

2219 458 2352 506 σεως
2380 443 2539 514 χρέος
2563 445 2656 500 καὶ
2685 445 2839 518 ὑμῶν
2854 447 2986 504 ἀνευ
3015 448 3500 523 ἀπαιτηθήσομαι.
3538 454 3614 507 Ού
3643 471 3814 528 προσο

535 523 780 578 adorabo
806 524 997 590 solem,
1027 539 1137 580 non
1197 527 1376 581 colam
1441 527 1645 597 ignem.
1705 530 1882 588 Nemo
1934 547 2110 588 meam

537 613 789 669 irridebit
819 625 1158 672 senectutem
1187 636 1203 684 ;
1231 635 1394 674 nemo
1425 621 1561 676 mihi
1603 623 1756 679 dabit
1788 625 1942 690 vitio,
1968 627 2115 697 quod

535 706 636 758 sim
669 705 792 758 vitae
835 707 1087 776 cupidus,
1151 717 1213 764 ut
1257 711 1350 780 qui
1405 711 1558 768 brevi
1615 714 1723 768 vita
1780 717 2116 788 vendiderim

539 807 818 854 tantorum
851 801 1120 856 bonorum
1159 803 1574 862 beatitudinem.
1621 806 1853 878 Propter
1889 809 2005 866 hac
2037 810 2116 864 ira

537 892 777 960 repletur
809 892 1130 958 Sceleratus,
1161 903 1212 947 et
1243 906 1597 973 sacrosancta
1628 909 1887 955 senectus
1933 902 2116 956 statim

536 982 722 1053 ﬂagris
753 983 981 1038 caeditur
1014 985 1151 1040 adeo
1181 987 1440 1055 graviter,
1493 997 1551 1043 ut
1585 991 1851 1058 sanguine
1897 992 2116 1062 quidem

536 1089 712 1132 totum
747 1081 926 1135 solum
974 1092 1343 1152 restagnaret,
1399 1085 1585 1140 nullus
1649 1096 1832 1142 autem
1886 1086 2118 1141 relictus

540 1181 689 1226 esset
725 1173 878 1227 locus
908 1174 1158 1242 corporis
1199 1174 1423 1229 illaasus.
1461 1175 1599 1229 Cum
1637 1192 1768 1230 vero
1796 1191 1987 1246 parum
2029 1192 2118 1233 es-

540 1274 621 1318 set
664 1265 940 1320 relaxatus
967 1281 997 1319 a
1031 1267 1406 1337 plagis,jubet
1445 1286 1570 1324 eum
1630 1286 1821 1326 rursus
1875 1271 2118 1326 vinctum

542 1359 752 1411 catenis
781 1358 900 1412 sisti
933 1368 1060 1411 ante
1093 1360 1357 1413 tribunal.
1395 1359 1617 1415 Dicebat
1647 1370 1866 1417 autem:
1904 1362 2007 1418 Ubi
2033 1367 2121 1417 est

541 1446 682 1500 Deus
719 1455 867 1510 tuus,
901 1463 1061 1516 quem
1097 1448 1257 1514 colis,
1293 1464 1326 1504 ο
1373 1449 1700 1520 Acepsima?
1734 1451 1949 1518 Veniat,
1985 1461 2038 1508 et
2067 1463 2122 1507 te

538 1556 568 1595 e
605 1542 742 1594 meis
777 1541 1036 1594 manibus
1071 1541 1291 1611 eripiat.
1325 1542 1464 1596 Deus
1497 1559 1672 1608 meus,
1735 1543 1916 1613 inquit
1944 1545 2055 1612 ille,
2086 1562 2119 1601 ο

537 1632 988 1698 sceleratissime,
1021 1633 1115 1702 qui
1167 1634 1369 1688 caelum
1427 1634 1616 1705 implet
1650 1647 1703 1692 et
1741 1646 1966 1705 terram,
2023 1653 2118 1708 po~

539 1733 646 1779 test
683 1741 768 1780 me
802 1742 831 1781 e
862 1726 971 1781 tuis
1011 1727 1262 1781 manibus
1286 1727 1518 1798 eripere.
1561 1730 1642 1784 'l‘u
1673 1741 1856 1786 autem
1897 1747 2020 1785 cum
2045 1731 2120 1786 sis

537 1823 680 1869 terra
709 1824 761 1870 et
800 1817 962 1880 cinis,
997 1817 1047 1870 in
1083 1833 1244 1886 quem
1277 1819 1451 1874 audes
1479 1821 1766 1889 superbire
1797 1822 1821 1875 ?
1871 1825 1974 1878 sub
2003 1839 2112 1892 quo
2145 1808 2188 1864 Β

537 1921 814 1963 sternetur
857 1911 1215 1980 putrefactio,
1253 1913 1337 1966 cui
1376 1913 1482 1967 vita
1528 1922 1614 1969 est
1668 1926 1846 1971 morte
1879 1916 2119 1986 gravior.

541 2005 630 2072 qui
685 2005 953 2057 viventem
1019 2002 1187 2058 Deum
1243 2021 1352 2060 non
1410 2008 1755 2076 cognoveris.
1820 2007 2120 2079 Propterea

541 2107 801 2166 tanquam
829 2097 930 2151 ﬂes
959 2099 1074 2164 agri
1097 2099 1491 2164 exsiceaberis,
1519 2107 1573 2155 et
1599 2102 1708 2156 vita
1733 2102 2122 2156 miserabiliter

538 2203 755 2250 eversa,
783 2188 1018 2242 traderis
1046 2190 1180 2260 igni,
1209 2190 1303 2257 qui
1340 2206 1447 2244 non
1477 2201 1660 2262 potest
1711 2193 2021 2262 exstingui:
2061 2201 2122 2247 ut

539 2297 698 2349 quem
737 2297 882 2336 nunc
941 2281 1164 2345 adoras,
1199 2282 1310 2336 illic
1357 2298 1418 2337 re
1450 2284 1564 2350 ipsa
1617 2285 1841 2354 punitus
1890 2287 2120 2352 sentias,

536 2390 646 2428 non
687 2388 808 2427 esse
842 2375 1018 2443 ignem
1054 2374 1246 2438 Deum,
1299 2377 1395 2431 sed
1444 2377 1622 2447 ipsum
1676 2394 1894 2448 quoque
1950 2380 2118 2434 alium

535 2483 695 2522 nosse
724 2468 1002 2538 Opiﬁt‘em,
1030 2467 1230 2536 quiest
1267 2469 1432 2523 etiam
1490 2469 1640 2526 Deus
1669 2475 1936 2540 omnium,
1999 2489 2120 2544 quae

533 2559 738 2614 cadunt
767 2558 869 2614 sub
894 2567 1197 2628 aspectum.

612 2648 673 2704 ν.
712 2649 809 2704 llis
860 2650 1068 2721 majore
1101 2650 1178 2703 ira
1215 2650 1445 2709 incenso
1473 2666 1652 2722 mago,
1714 2653 1994 2723 graviores
2025 2668 2122 2710 ca-

533 2752 671 2798 tena:
700 2752 948 2798 sanetum
977 2744 1434 2812 circumligaruut
1465 2755 1520 2800 et
1569 2761 1696 2802 eum
1729 2754 1860 2802 tunc
1891 2748 2120 2803 interior

533 2837 751 2908 accepit
788 2838 1063 2892 custodia.
1106 2837 1203 2893 Die
1232 2849 1418 2894 autem
1449 2840 1702 2910 sequenti
1751 2842 2119 2910 comprehen-

533 2946 632 2986 sus
659 2933 823 2986 etiam
865 2930 967 2986 fuit
1009 2932 1244 2986 maxime
1295 2932 1645 2987 venerandus
1689 2935 1971 3005 presbyter
2019 2933 2117 2990 Jo-

2220 539 2443 608 κυνήσω
2477 539 2632 611 ἡλίῳ,
2670 542 2733 594 ού
2767 542 3054 614 λατρεύσω
3082 547 3236 617 πυρί.
3289 548 3482 613 οὐδεὶς
3522 566 3614 620 μοι
3646 568 3818 607 κατα-

2221 631 2442 700 γελάσει
2471 634 2571 705 τῆς
2614 635 2844 704 πολιᾶς,
2895 639 3073 703 ούδεῖς
3103 641 3396 710 ἐγκαλέσει
3439 661 3532 713 μοι
3571 645 3632 699 τὸ
3665 647 3816 714 φιλό-

2221 725 2382 790 ζωον,
2404 726 2663 797 βραχείας
2681 729 2850 799 ζωῆς,
2875 733 3096 800 ἀγαθῶν
3123 735 3403 790 τοσούτων
3430 739 3814 811 ἀποδεδομένῳ

2223 821 2626 890 μακαριότητα.
2661 822 2849 892 Θυμοῦ
2902 825 2996 877 ἐπὶ
3023 827 3240 890 τούτοις
3271 828 3302 879 ὁ
3330 831 3529 898 μιαρὸς
3568 833 3812 904 ὑποπίμ-

2221 911 2449 974 πλαται,
2485 913 2581 966 καὶ
2608 914 2827 983 μάστιξι
2849 917 2911 969 τὸ
2944 918 3093 990 ἱερὸν
3126 919 3307 989 γῆρας
3343 923 3510 986 εὐθὺς
3551 927 3812 980 καταικί-

2221 1002 2374 1067 ςεται
2407 1002 2551 1058 οὕτω
2590 1005 2804 1076 βαρέως
2840 1008 2982 1062 ὥστε
3027 1011 3108 1080 τῷ
3142 1012 3335 1082 αἵματι
3389 1015 3490 1084 μὲν
3530 1016 3683 1070 ἀπαν
3714 1035 3813 1070 πε-

2224 1092 2654 1166 ριλιμνασθῆναι
2679 1097 2739 1150 τὸ
2765 1099 2984 1170 ἔδαφος,
3024 1104 3097 1172 μὴ
3129 1105 3565 1175 καταλειφθῆναι
3605 1108 3660 1161 δὲ
3699 1126 3809 1180 μη-

2220 1187 2346 1241 δένα
2371 1189 2537 1243 τόπον
2569 1190 2665 1244 τοῦ
2695 1191 2951 1261 σώματος
2978 1195 3185 1266 ἀπαθῆ.
3211 1199 3393 1270 Βραχὺ
3436 1200 3493 1253 δὲ
3523 1202 3634 1255 τῶν
3675 1203 3806 1272 πλη-

2221 1283 2335 1352 γῶν
2357 1283 2620 1339 ἀνεθέντα
2657 1286 2882 1341 ἁλύσεσι
2916 1289 3039 1342 δυσὶ
3066 1292 3422 1360 περιδεθέντα
3452 1295 3667 1349 κελεύει
3702 1298 3808 1351 πά-

2221 1376 2304 1429 λιν
2337 1377 2416 1446 τῷ
2475 1378 2681 1449 βήματι
2723 1384 3109 1452 παραστῆναι,
3145 1386 3275 1449 καὶ,
3310 1387 3416 1440 Ποῦ
3450 1391 3477 1441 6
3511 1389 3645 1452 Θεός
3693 1407 3808 1456 σου,

2221 1469 2280 1522 ὃν
2309 1469 2465 1543 σέϐῃ.
2509 1472 2825 1543 Ἀκεψιμᾶς
2871 1473 3083 1543 ἔλεγεν.
3124 1478 3358 1532 Ἒλθέτω
3389 1481 3484 1534 καὶ
3530 1482 3639 1535 τῶν
3664 1484 3813 1554 ἐμῶν

2221 1562 2420 1632 χειρῶν
2444 1563 2711 1628 ἑξελέσθω
2738 1583 2817 1620 σε.
2854 1567 2912 1622 Ὁ
2941 1569 3097 1638 ὲμδς,
3137 1570 3264 1640 ἔφη,
3295 1571 3448 1635 Θεὸς,
3472 1575 3810 1644 μιαρώτατε.

2222 1655 2315 1706 τὸν
2339 1654 2571 1724 οὐρανὸν
2599 1656 2828 1728 πληρῶν
2863 1661 2960 1712 καὶ
3000 1661 3101 1731 τὴν
3141 1663 3266 1732 γῆν,
3295 1663 3521 1723 δυνατός
3560 1667 3676 1720 ἐστι
3714 1668 3811 1720 καὶ

2223 1747 2333 1799 τῶν
2363 1749 2475 1800 σῶν
2515 1750 2718 1820 χειρῶν
2747 1750 3028 1817 ἐξελέσθαι
3065 1771 3154 1824 με.
3194 1757 3264 1810 Σὺ
3293 1757 3351 1810 δὲ
3387 1758 3458 1827 γῆ
3487 1760 3582 1812 καὶ
3615 1759 3808 1822 σποδὸς

2221 1839 2296 1893 ὢν
2314 1841 2452 1896 κατὰ
2468 1843 2610 1904 τίνος
2640 1842 2748 1913 άρα
2773 1846 2868 1896 καὶ
2894 1845 3102 1916 τολμᾷς
3131 1847 3234 1900 ὑπε
3246 1850 3714 1916 ρηφανεύσεσθαι,
3745 1842 3806 1902 οὗ

2223 1934 2486 1989 ὑποκάτω
2523 1938 2902 2007 στρωθήσεται
2959 1938 3143 2008 σῆψις,
3207 1934 3253 2008 ᾧ
3313 1943 3344 2010 ἠ
3382 1941 3495 2012 ζωὴ
3529 1941 3807 2012 βαρυτέρα

2223 2027 2460 2079 θανάτου
2507 2025 2599 2080 τὸν
2637 2025 2818 2090 ζῶντα
2859 2027 2935 2098 μὴ
2988 2029 3252 2095 ἐγνωκότι
3309 2030 3462 2084 θεόν.
3512 2033 3612 2083 Διά
3652 2031 3807 2084 τοῦτο

2221 2115 2353 2170 ὡσεὶ
2397 2116 2557 2179 ἄνθος
2595 2115 2692 2169 τοῦ
2725 2117 2898 2186 ἀγροῦ
2950 2116 3127 2181 οὕτως
3184 2117 3534 2190 ζηρανθήσῃ,
3573 2119 3641 2172 ἵν’
3669 2121 3806 2190 ὅπερ

2223 2205 2320 2260 νῦν
2342 2208 2688 2276 προσκυνεῖς,
2709 2206 2866 2260 τοῦτο
2895 2208 3013 2260 ἐκεῖ
3045 2207 3413 2279 κολαζόμενος
3442 2210 3590 2280 ἔργῳ
3627 2211 3804 2282 μάθῃς

2221 2300 2282 2353 ού
2310 2298 2371 2352 τὸ
2413 2299 2524 2368 πῦρ
2553 2298 2693 2354 εἶναι
2736 2299 2892 2368 θεὸν,
2931 2302 3070 2357 ἀλλά
3109 2303 3206 2357 καὶ⁵
3235 2305 3371 2357 αὐτὸ
3392 2305 3580 2376 ἕτερον
3606 2306 3806 2360 ειδέναι

2221 2393 2596 2464 δημιουργὸν,
2657 2394 2716 2457 ὃς
2756 2396 2850 2449 καὶ
2892 2396 3109 2451 πάντων
3160 2398 3284 2451 ἐστὶ
3336 2399 3447 2453 τῶν
3508 2400 3806 2471 ὁρωμένων

2221 2484 2383 2550 Θεός.

2295 2664 2368 2717 E'.
2404 2662 2628 2726 Τούτοις
2651 2664 2810 2737 θυμῷ
2829 2666 3038 2722 πλείονι
3065 2668 3158 2722 τοῦ
3183 2669 3360 2740 μάγου
3389 2669 3798 2735 διακαυθέντος.

2224 2755 2524 2828 βαρύτεραι
2562 2757 2653 2812 τὸν
2683 2760 2840 2826 ἅγιον
2880 2762 3280 2832 περιεδὲσμουν
3331 2763 3578 2829 ἁλύσεις,
3625 2765 3718 2818 καὶ
3769 2765 3800 2834 ἠ

2221 2846 2471 2914 έσωτέρα
2521 2847 2657 2910 τέως
2706 2849 2926 2921 φυλακὴ
2975 2851 3294 2921 ὑπεδέχετο.
3330 2853 3408 2924 Τῇ
3436 2854 3492 2908 δὲ
3547 2853 3673 2924 ἑξῆς
3709 2856 3802 2909 καὶ

2231 2941 2258 2993 6
2292 2940 2628 3010 τιμιώτατος
2677 2942 2986 3013 κατεσχέθη
3033 2943 3411 3016 πρεσϐύτερος
3455 2944 3650 3017 Ἰωσὴφ
3696 2947 3802 3000 ἀπὸ

533 3023 691 3093 seph,
723 3032 880 3078 ortus
908 3039 970 3076 ex
998 3037 1162 3093 pago,
1196 3023 1286 3091 qui
1321 3033 1546 3078 vocatur
1583 3021 1944 3089 Betblabuea,
1967 3023 2114 3094 quod

2224 3031 2420 3102 κώμης
2477 3033 2838 3102 Βηθλαϐουκά
2885 3036 3236 3108 καλουμένης
3287 3039 3791 3109 όρμώμενοςὸτοῦ

529 3118 844 3187 exponitur,
873 3126 1012 3171 recte
1037 3116 1359 3182 scribentis;
1422 3117 1542 3186 ipse
1604 3132 1827 3186 quoque
1859 3132 2026 3172 senex
2060 3124 2115 3173 et

2221 3128 2530 3197 γράφοντος
2564 3127 2745 3190 καλῶς
2805 3128 3214 3200 ἑρμηνεύεται·
3270 3133 3504 3202 γηραιὸς
3531 3134 3588 3186 δὲ
3635 3134 3800 3198 αὐτὸς

527 3205 639 3275 jam
698 3207 838 3262 intra
875 3207 1140 3262 terminos
1192 3205 1508 3272 Davidicos,
1565 3214 1628 3260 ut
1662 3207 1759 3276 qui
1821 3214 1974 3263 esset
2025 3222 2119 3264 se-

541 3297 826 3367 ptuaginta
861 3310 1038 3350 annos
1069 3304 1250 3349 natus.
1279 3294 1555 3350 Senectuti
1580 3305 1762 3350 autem
1789 3295 1972 3352 decori
1998 3306 2119 3353 erat

535 3389 780 3458 quaedam
819 3388 1020 3458 gratia,
1048 3395 1102 3442 et
1134 3387 1348 3456 species
1380 3388 1726 3444 venerandos
1775 3404 1950 3444 canos
1984 3389 2117 3445 red-

534 3477 696 3532 debat
718 3477 979 3538 laetiores,
1002 3476 1160 3546 cujus
1191 3476 1370 3530 anima
1391 3477 1612 3546 quidem
1638 3479 1816 3534 zelum
1843 3480 2114 3550 spirabat,

533 3579 586 3624 ct
619 3570 812 3639 dogma
848 3567 1288 3624 Christianorum
1321 3570 1633 3625 mirandum
1679 3572 1734 3626 in
1761 3573 1982 3629 modum
2018 3574 2117 3629 de—

533 3660 810 3715 fendebat.
841 3657 1066 3714 Summe
1089 3675 1218 3716 vero
1250 3660 1296 3717 is
1326 3660 1546 3731 deditus
1571 3671 1690 3718 erat
1715 3666 2113 3734 temperantiae,

534 3763 590 3809 et
625 3753 1019 3808 continebatur
1042 3769 1138 3808 cor
1168 3752 1288 3824 ejus
1321 3763 1466 3810 metu
1498 3755 1701 3812 divino.
1729 3755 1996 3813 Praeterea
2020 3774 2108 3812 au-

541 3855 648 3898 tem
688 3842 1169 3911 comprehenditur
1200 3845 1362 3899 etiam
1402 3845 1456 3898 in
1487 3845 1680 3915 primis
1705 3848 1969 3904 colendus
1996 3848 2116 3904 dia-

537 3951 712 3991 conus
750 3935 1046 3990 Aiithalas.
1116 3934 1249 3990 Eum
1304 3952 1481 4008 pagus
1511 3938 1651 3992 aluit
1705 3937 2113 4008 Bethnoadara,

538 4030 619 4083 vir
649 4039 701 4083 et
731 4028 926 4098 spiritu
959 4027 1196 4091 fervens,
1221 4039 1274 4083 et
1305 4030 1396 4099 qui
1431 4029 1635 4084 Christi
1661 4031 1932 4089 charitate
1958 4033 2113 4090 valde

2219 3219 2317 3274 καὶ
2352 3218 2461 3273 τῶν
2484 3220 2792 3274 Δαυῖδικῶν
2821 3222 2970 3286 me;
3001 3224 3145 3294 ὅρων
3179 3223 3554 3297 ἑϐδομήκοντα
3587 3227 3801 3291 τούτοις

2218 3309 2504 3381 ὑπάρχων.
2536 3313 2788 3382 Ἔπρεπε
2819 3314 2876 3368 δέ
2895 3332 2980 3378 τις
3009 3316 3086 3385 τῷ
3115 3318 3262 3387 γήρα
3291 3319 3388 3371 καὶ⁵
3417 3321 3580 3388 χάρις
3599 3319 3798 3389 ὡραιό-

2216 3419 2320 3472 της
2351 3419 2408 3454 τε
2445 3404 2543 3475 τὴν
2579 3406 2769 3475 τιμίαν
2797 3405 2992 3461 πολιὰν
3045 3409 3348 3478 ἐπιμᾶλλον
3383 3410 3728 3482 ἔφαίδρυνεν,
3755 3404 3800 3480 ᾧ

2217 3491 2388 3563 ζήλου
2421 3494 2520 3564 μὲν
2540 3494 2732 3550 ἔπνεεν
2761 3498 2795 3567 ή
2827 3495 2975 3569 ψυχὴ
3008 3498 3105 3553 καὶ
3137 3501 3231 3554 τοῦ
3265 3502 3615 3571 Χριστιανῶν
3646 3503 3798 3556 hmi—

2218 3604 2338 3650 πως
2381 3589 2680 3658 προΐστατο
2707 3590 2982 3660 δόγματος
3030 3596 3394 3666 σωφροσύνης
3424 3613 3485 3649 τε
3532 3597 3796 3667 ἀκριϐοῦς

2217 3682 2418 3752 εἴχετο.
2449 3682 2593 3754 Πρὸς
2621 3683 2781 3738 τοῦτο
2813 3687 2909 3739 καὶ
2965 3688 2994 3740 6
3049 3687 3506 3758 σεδασμιὼτατος
3545 3689 3795 3753 διάκονος

2233 3775 2514 3838 Ἀειθαλᾶς
2573 3776 3041 3847 συλλαμὸάνεται,
3079 3779 3246 3853 κώμη
3283 3781 3477 3836 τοῦτον
3526 3783 3796 3855 ἐθρέψατο

2219 3863 2602 3936 Βηθροαδαρᾶ,
2659 3867 2798 3938 ἀνὴρ
2837 3869 2958 3923 τότε
3000 3871 3276 3943 πνεύματι
3315 3874 3453 3938 ζέων
3483 3877 3577 3929 καὶ
3602 3879 3668 3947 τῇ
3700 3875 3793 3929 τοῦ

2213 3957 2453 4029 Χριστοῦ
2495 3959 2686 4032 ἀγάπῃ
2714 3961 2962 4032 σφοδρῶς
2991 3963 3405 4035 ὲκπυρούμενος
3427 3983 3442 3998 ·
3481 3967 3796 4036 ἐλεγκτικὸν

2215 4048 2272 4104 δὲ
2307 4049 2457 4122 αύτῷ
2487 4050 2550 4103 τὸ
2578 4046 2710 4120 ἦθος
2741 4053 2837 4106 καὶ
2885 4055 3205 4126 παρρησίας
3241 4058 3444 4126 μεστὸν
3473 4059 3565 4112 τὸν
3611 4059 3793 4113 Ἠλιοῦ

535 4122 969 4178 accendebatur.
1002 4120 1173 4177 Erant
1223 4133 1402 4178 autem
1435 4125 1484 4178 ei
1515 4139 1699 4180 mores
1754 4125 2015 4197 propensi
2044 4126 2112 4181 ad

2219 4141 2312 4196 τοῦ
2338 4120 2580 4213 μεγάλου
2631 4144 2837 4213 τρόπον
2867 4145 2947 4217 τῷ
2967 4120 3316 4219 ⁷ἀλευθιερίιρ,
3349 4146 3530 4220 οἶμαι,
3555 4150 3651 4205 τοῦ
3678 4152 3791 4222 βίου

537 4217 898 4284 arguentium,
934 4224 986 4270 et
1020 4216 1165 4286 pleni
1199 4217 1413 4270 dicendi
1445 4216 1698 4272 libertate
1724 4217 1901 4274 instar
1925 4219 2108 4288 magni

536 4304 688 4369 Eli-az,
722 4317 780 4358 ut
808 4305 900 4375 qui
941 4304 1086 4368 vitae,
1116 4315 1173 4359 ut
1201 4307 1419 4377 Opinor,
1469 4319 1833 4378 sequerentur
1889 4309 2110 4366 liberta.-

2218 4236 2313 4287 καὶ
2339 4235 2442 4305 τὴν
2471 4235 2570 4304 τῆς
2605 4233 2786 4306 ψυχῆς
2819 4237 3088 4307 ἑπόμενον
3131 4240 3492 4312 καθαρότητιι
3537 4243 3793 4313 Ἑπήνθιι

2216 4319 2274 4373 δέ
2297 4335 2381 4382 τις
2432 4319 2580 4386 αὐτῷ
2613 4323 2708 4374 καὶ
2763 4325 3030 4396 σεμνότης
3063 4326 3132 4379 ὲκ
3164 4328 3383 4382 πάντων
3425 4331 3792 4399 περιποιοῦσι

535 4407 644 4450 tem
671 4405 725 4450 et
766 4399 962 4452 anima:
993 4399 1308 4467 puritatem.
1334 4399 1592 4456 Florebat
1625 4417 1757 4457 vero
1790 4403 1842 4457 in
1875 4418 1940 4458 eo
1964 4417 2110 4474 quae-

2219 4411 2295 4482 τῷ
2329 4411 2485 4482 ἀνδρὶ
2517 4413 2578 4468 τὸ
2621 4415 2926 4485 αἰδέσιμον.
2954 4418 3108 4472 Ἐπεὶ
3137 4418 3194 4473 δὲ
3224 4419 3394 4491 ἄμφω
3440 4422 3792 4492 παρέστησαν

536 4488 662 4542 dam
699 4504 920 4558 quoque
955 4492 1224 4558 gravitas,
1260 4508 1380 4562 quae
1421 4492 1468 4548 ei
1513 4493 1846 4551 conciliabat
1893 4495 1962 4550 ab
1981 4472 2114 4552 om-

2219 4472 2294 4576 τῶ
2322 4472 2594 4568 δικάζοντι
2633 4472 2880 4579 βλοσυρῷ
2920 4472 3293 4581 ὄμματι

538 4582 700 4636 nibus
749 4583 1174 4638 venerationem.
1212 4585 1346 4640 Cum
1397 4595 1578 4640 autem
1630 4586 1792 4642 ambo
1859 4587 2110 4658 producti

538 4675 773 4731 fuissent
801 4676 1213 4746 antejudicem,
1250 4677 1296 4733 is
1333 4688 1491 4732 torvo
1523 4678 1684 4734 oculo
1721 4695 1816 4736 eos
1847 4679 2108 4738 intuens:

537 4767 578 4818 Ο
608 4781 798 4834 genus,
836 4767 1033 4837 inquit,
1091 4767 1528 4838 perditissimum
1574 4769 1586 4820 l
1626 4785 1727 4825 cur
1790 4769 1846 4824 in
1902 4770 2113 4842 simpli-

534 4856 711 4909 ciores
743 4856 990 4910 homines
1019 4856 1345 4926 irrepentes,
1385 4866 1438 4912 et
1472 4861 1673 4914 vestris
1716 4857 1986 4915 doctrinis
2012 4875 2110 4916 eo-

531 4963 652 5002 rum
681 4948 868 5002 oculos
933 4948 1411 5017 prmstringentes,
1473 4947 1744 5005 deducitis
1787 4949 1855 5004 ad
1914 4951 2108 5007 falsam

535 5038 974 5093 Christianorum
1005 5038 1370 5107 religionem?
1408 5038 1610 5095 Beatus
1641 5049 1820 5096 autem
1853 5043 1990 5099 dixit
2021 5042 2109 5100 Jo-

534 5131 704 5200 seph:
739 5128 850 5184 Nos
877 5146 973 5185 nec
998 5131 1072 5184 uti
1103 5131 1418 5200 prazstigiis,
1454 5147 1552 5187 nec
1583 5131 1770 5188 fallere
1793 5134 2107 5192 didicimus.

2213 4592 2441 4668 ψας,Ὦ
2473 4597 2908 4667 δυσθανάτωτον,
2941 4601 3068 4670 ἔφη,
3103 4604 3280 4670 γένος,
3315 4602 3403 4659 ινα
3451 4604 3507 4656 τί
3533 4604 3660 4668 τοὺς
3686 4604 3791 4658 τῶν

2215 4689 2521 4759 ἀνθρώπιον
2555 4690 2953 4764 ἀφελεστέρους
3002 4693 3257 4758 ὑπιόντες
3289 4698 3355 4765 τῇ
3383 4695 3491 4749 τῶν
3524 4697 3790 4765 Χριστια-

2213 4783 2322 4837 νῶν
2351 4783 2592 4852 ὑπάγετε
2644 4783 2948 4857 θρησκείας
3002 4784 3062 4840 '0
3118 4787 3391 4858 μακάριος
3436 4787 3642 4859 ἔφησεν
3683 4789 3794 4842 Ίωο

2216 4874 2359 4944 σήφ·
2401 4875 2595 4944 Ἡμεῖς
2627 4873 2753 4928 οὔτε
2793 4876 3077 4946 γοητεύειν
3116 4875 3240 4930 οὔτε
3276 4880 3499 4950 ἀπατᾷν
3534 4880 3789 4949 μεμαθή-

2215 4983 2393 5036 καμεν
2413 4983 2426 4998 ο
2455 4965 2688 5037 ἀληθοῦς
2717 4968 2777 5021 δὲ
2808 4969 2903 5022 καὶ
2937 4968 3158 5039 βεϐαίου
3177 4972 3569 5042 προϊστάμενοι
3591 4972 3792 5043 δόγμα-

2211 5075 2303 5121 τος
2331 5058 2456 5124 τοῦς
2481 5057 2868 5126 πλανωμένους
2895 5061 3024 5132 περὶ
3054 5062 3115 5116 τὸ
3139 5063 3307 5126 σέϐας
3332 5061 3788 5134 χειραγωγοῦμεν

2213 5150 2351 5221 πρὸς
2385 5151 2484 5222 τὴν
2515 5150 2803 5222 ἀλήθειαν.
2849 5152 2983 5206 Θεὸν
3016 5154 3113 5207 ἕνα
3147 5154 3494 5219 διδάσκοντες
3545 5173 3791 5226 προσκυ-

538 5222 732 5276 Verum
759 5231 938 5276 autem
978 5230 1032 5278 et
1085 5223 1280 5279 stabile
1337 5223 1530 5295 dogma
1581 5225 1957 5291 defendentes,
2013 5244 2109 5285 eos

2219 5244 2324 5298 νεῖν
2355 5242 2625 5313 δεσπότην
2667 5243 2811 5314 μετά
2837 5245 2946 5299 τῶν
2975 5246 3152 5300 ἄλλων
3193 5247 3341 5316 ἡλίου
3373 5264 3432 5301 τε
3463 5246 3559 5302 καὶ
3589 5222 3782 5316 πυρός.

533 5313 627 5382 qui
657 5324 811 5368 erant
837 5315 982 5368 circa
1014 5315 1331 5384 religionem
1357 5317 1676 5374 deducimus
1706 5319 1772 5374 ad
1802 5321 2106 5386 veritatem,

530 5407 790 5461 docentes
812 5408 1040 5462 adorare
1075 5425 1242 5463 unum
1271 5409 1461 5476 Deum,
1524 5411 1618 5482 qui
1669 5421 1753 5468 est
1811 5428 1935 5468 cum
1982 5413 2106 5471 aliis

528 5500 695 5554 rebus
727 5498 993 5556 Dominus
1022 5505 1155 5558 solis
1185 5513 1238 5558 et
1282 5504 1445 5575 ignis.
1488 5504 1633 5558 Dixit
1668 5522 1799 5560 vero
1827 5522 2101 5577 magnus:

531 5591 818 5658 Quodnam
841 5604 1020 5648 autem
1054 5596 1248 5667 dogma
1275 5611 1360 5652 e5t
1399 5597 1610 5654 veritati
1641 5601 2107 5656 consentaneum?

2211 5335 2324 5388 Καὶ
2348 5335 2376 5387 6
2411 5335 2587 5406 μάγος
2622 5338 2788 5407 φησίν
2810 5355 2825 5374 ο
2861 5339 3022 5392 Ποῖον
3067 5339 3125 5392 δὲ
3153 5339 3332 5409 δόγμα
3364 5340 3625 5413 ἀληθείας
3667 5339 3787 5409 exs.

2215 5429 2377 5498 μενόν
2402 5431 2548 5484 ἐστιν
2574 5431 2712 5510 ὅπερ
2739 5435 2766 5486 6
2816 5433 3000 5504 πάσης
3034 5435 3138 5503 γῆς
3167 5431 3472 5503 βασιλεύων
3511 5432 3676 5493 αὑτός
3727 5449 3786 5486 τε

2210 5522 2305 5574 καὶ
2340 5524 2667 5589 μεγιστᾶνες
2689 5523 2853 5577 αὑτοῦ
2879 5525 3280 5594 πρεσϐεύουσιν
3309 5527 3342 5600 ἢ
3379 5526 3517 5596 ὅπερ
3545 5526 3785 5587 auulsi;

2213 5616 2303 5664 καὶ
2335 5613 2672 5685 ἠμελημένοι
2704 5616 2827 5672 καθ’
2857 5619 3004 5689 ἡμᾶς
3027 5619 3155 5684 τοὺς
3181 5621 3566 5692 ἠπατημένους
3587 5618 3791 5690 κηρύτ-

532 5684 680 5753 idne,
714 5687 857 5756 quod
891 5703 984 5741 rex
1010 5689 1177 5744 tetins
1215 5701 1373 5745 terra:
1407 5693 1522 5762 ipse
1553 5700 1606 5747 et
1673 5693 1792 5764 ejus
1845 5709 2101 5764 proceres
2209 5719 2396 5757 τουσιν
2421 5723 2452 5772 ;-

525 5775 846 5839 defendunt,
875 5795 940 5831 an
970 5780 1116 5849 quod
1147 5779 1281 5833 viles
1313 5791 1364 5835 et
1397 5784 1596 5852 aijcti
1647 5785 1923 5854 homines,
1955 5786 2100 5842 sicut

528 5880 646 5930 vos,
689 5869 780 5934 qui
811 5871 1021 5935 decepti
1050 5871 1183 5928 estis
1215 5912 1228 5936 ,
1262 5873 1605 5938 praedicant?
