4142 6384
369 316 479 384 837

1221 320 1635 386 CERTAMEN
1672 323 1733 384 S.
1765 323 2165 385 ACEPSleﬁ
2224 323 2322 385 ET
2357 324 2773 390 SOCIORUM.

3528 331 3637 395 838

431 433 527 499 ς’.
566 430 826 498 Εὕτελεῖς
882 434 985 504 μὲν
1031 437 1216 507 ἡμεῖς,
1262 439 1293 492 6
1339 437 1438 492 τοῦ
1486 437 1728 511 Χριστοῦ
1769 439 1949 510 ἱερεὺς

2126 440 2215 497 Vl.
2250 440 2401 501 Viles
2420 443 2647 513 quidem
2673 450 2727 499 et
2749 442 2949 515 abiecti
2983 444 3232 503 homines
3276 463 3472 506 sumus
3511 464 3635 516 nos.

362 528 726 598 ἁπεκρίνατο,
754 528 919 583 τοῦτο
937 533 1035 602 τῆς
1061 530 1282 602 ἐντολῆς
1308 530 1549 600 Χριστοῦ
1583 531 1913 603 κελευούσης
1936 548 1951 563 ·

363 622 488 674 ἐπεὶ
532 622 634 675 οὐκ
678 624 735 674 ιν
763 621 983 693 πλούτῳ
1038 623 1133 676 καὶ
1188 623 1549 694 ὑπερηφανίᾳ
1593 624 1891 694 εὐδόκησεν
1926 627 1954 678 ό

361 714 497 777 Gai);
531 711 695 784 ἡμῶν
716 713 835 767 ὁδὸν
864 714 1161 782 ἀνθρώπου
1196 714 1629 769 κατευθύνεσθαι
1654 731 1670 747 ο
1703 715 1793 769 διὰ
1825 714 1952 768 τοῦ-

362 824 427 862 το
454 808 549 861 καὶ
578 808 840 871 πολλάκις
872 808 1009 876 γοῦν
1035 808 1257 872 ἑκόντες
1291 808 1521 874 ἑαυτοὺς
1552 809 1948 877 ταπεινοῦμεν,

361 902 435 955 τὰ
489 901 621 955 sm
670 903 869 972 πένησι
913 901 1279 971 προϊέμενοι,
1341 900 1572 954 πλοῦτον
1637 900 1950 955 ἀντιλαϐεῖν

364 995 588 1050 αἰώνιον
634 994 987 1064 ἐκδεχόμενοι
1031 994 1128 1047 καὶ
1165 994 1328 1060 δόξαν
1378 993 1478 1065 την
1530 994 1788 1049 οὐδέποτε
1835 995 1952 1049 δια·

365 1092 699 1145 πίπτουσαν.
740 1090 813 1142 Σὺ
842 1089 900 1143 δὲ
924 1091 951 1142 6
974 1089 1068 1141 tut
1108 1087 1329 1159 πλούτῳ
1358 1089 1687 1160 προσκαίρῳ
1717 1088 1815 1144 καὶ
1847 1106 1951 1158 μαο

362 1183 494 1253 ταία
519 1183 646 1253 δόξῃ
679 1182 746 1236 τὰ
789 1181 1006 1252 μεγάλα
1039 1181 1230 1248 φυσῶν
1264 1181 1338 1245 ὡς
1370 1182 1578 1245 καπνὸς
1612 1181 1949 1253 παρελεύσῃ,

365 1277 464 1330 καὶ
491 1276 569 1339 ὡς
597 1277 727 1347 χοῦς
757 1275 862 1328 ὑπὸ
886 1273 1203 1343 πνεύματος
1233 1274 1618 1346 ὲκφυσηθήσῃ.
1657 1274 1716 1327 ’0
1755 1276 1951 1344 μάγος,

376 1369 590 1439 Ὑμεῖς,
637 1366 819 1433 εἶπεν,
873 1368 1022 1438 δκνιρ
1077 1368 1434 1437 δουλούμενοι
1470 1368 1670 1437 ἀργίαν
1727 1385 1789 1421 τε
1818 1367 1951 1438 περὶ

368 1462 617 1525 πλείονος
662 1462 829 1532 ἔργου
868 1461 1189 1533 ποιούμενοι
1238 1462 1600 1532 περιέρχεσθε
1631 1463 1733 1526 τὰς
1765 1463 1947 1525 οἰκίας

369 1556 666 1626 προσαῖταί
687 1570 836 1618 τινες
860 1555 1037 1609 ἄθλιοι
1080 1554 1176 1608 καὶ
1205 1556 1364 1625 χερσὶ
1398 1556 1761 1624 προσέχοντες
1790 1554 1950 1610 ἀλλοο

364 1649 565 1718 τρίαις.
614 1648 730 1717 Ἐφ’
758 1641 805 1715 ᾧ
828 1647 886 1699 δὲ
911 1646 1081 1717 ἐχρῆν
1112 1646 1567 1715 ἐπαισχύνεσθαι,
1601 1648 1779 1718 τούτῳ
1808 1649 1949 1718 μᾶλ-

2053 533 2343 603 respondit
2404 533 2608 590 Christi
2643 536 2929 602 sacerdos,
2976 538 3084 594 hoc
3140 539 3368 608 iubente
3428 539 3637 596 Christi

2052 635 2347 696 praecepto,
2390 630 2651 698 quoniam
2682 645 2795 685 non
2828 631 2883 685 in
2913 631 3120 688 divitiis
3151 642 3204 688 et
3248 634 3505 704 superbia
3553 635 3635 689 vi-

2051 733 2174 773 sum
2209 728 2293 774 est
2326 720 2438 775 Deo
2464 729 2658 776 nostro
2684 723 2827 777 viam
2859 723 3101 781 hominis
3131 726 3392 798 dirigere.
3417 728 3485 783 Et
3515 731 3637 785 ideo

2049 824 2152 864 nos
2178 824 2325 878 sscpe
2357 824 2540 865 nostra
2591 823 2788 882 sponte
2819 829 2919 870 nos
2938 816 3174 873 humiles
3219 821 3524 886 reddimus,
3557 820 3640 877 fa-

2048 904 2285 958 cultates
2306 912 2527 959 nostras
2580 906 2941 976 prodigentes
3005 914 3353 981 pauperibus.
3419 931 3521 984 pro
3566 917 3635 972 iis

2046 1008 2155 1049 nos
2190 1004 2520 1065 accepturos
2548 1007 2785 1053 aeternas
2811 1012 3194 1071 exspectantes
3222 1005 3465 1063 divitias.
3500 1008 3635 1065 Nam

2049 1088 2096 1143 si
2136 1093 2190 1143 in
2244 1090 2650 1160 congregandis
2712 1092 2922 1151 divitiis
2978 1097 3224 1152 studium
3278 1116 3632 1170 poneremus,

2048 1187 2259 1234 tantum
2284 1197 2352 1235 ex
2394 1182 2603 1238 nostris
2653 1186 2906 1243 manibus
2964 1193 3239 1245 commodi
3296 1195 3636 1263 percepisse-

2050 1287 2195 1336 mus,
2226 1282 2281 1328 et
2307 1283 2492 1331 tantas
2551 1292 2686 1349 opes
2745 1280 3178 1350 eollegissemus,
3238 1296 3477 1355 quantas
3535 1304 3635 1345 nec

2051 1365 2148 1419 tibi
2181 1365 2402 1434 quidem
2439 1369 2585 1433 licet,
2618 1372 2712 1440 qui
2745 1387 2839 1428 eas
2903 1376 3118 1444 colligis
3172 1393 3235 1433 ex
3272 1382 3630 1447 pauperibus,

2049 1467 2106 1511 et
2136 1460 2300 1514 metis
2335 1461 2546 1517 alienos
2576 1462 2823 1519 labores.
2858 1464 2968 1520 Nos
2997 1469 3141 1521 enim
3181 1474 3415 1539 propriis
3453 1475 3635 1528 mani-

2048 1550 2153 1605 bus
2189 1551 2526 1617 laborantes,
2585 1556 2736 1624 juste
2770 1559 3019 1627 quaesitis
3070 1577 3344 1632 pauperes
3393 1562 3636 1636 nupersi-

2053 1659 2197 1698 Inus.
2236 1643 2345 1700 Vos
2378 1655 2561 1702 autem
2616 1649 2719 1703 soli
2752 1652 2997 1707 avaritiae
3036 1656 3205 1710 dediti
3247 1665 3300 1711 et
3339 1660 3496 1728 plura
3532 1664 3632 1715 ha-

364 1712 456 1793 λον
485 1740 647 1809 ὑμεῖς
673 1712 1056 1807 ἐγκαυχᾶσθελ
1086 1737 1115 1789 ό
1143 1736 1254 1806 γὰρ
1280 1712 1512 1799 πλοῦτος
1547 1738 1715 1790 πᾶσιν
1748 1712 1947 1807 ανθρεῖιο

2057 1737 2215 1791 bendi
2245 1738 2557 1808 cupiditati,
2585 1756 2694 1796 non
2745 1745 2922 1799 solum
2972 1748 3107 1803 nihil
3137 1749 3237 1818 ipsi
3303 1753 3631 1819 operamini.

364 1849 490 1894 ποις
514 1830 817 1900 ἐπέραστός
849 1845 907 1882 τε
935 1828 1125 1892 δεινῶς
1158 1827 1255 1881 καὶ
1273 1827 1762 1892 ἀξιοσπούδαστος,
1784 1823 1844 1882 οὗ
1869 1828 1952 1890 τίς

366 1926 496 1996 δμῖν
521 1923 805 1978 πιστεύσει
837 1922 913 1993 μὴ
942 1923 1111 1992 ὲρᾷνς
1145 1920 1206 1973 '0
1239 1921 1537 1993 μακάριος,
1576 1920 1816 1984 Ἐπειδὴ,
1849 1938 1953 1991 φη-

365 2018 475 2080 σὶν,
508 2018 712 2089 ἀργίαν
743 2019 879 2088 ημῖν
918 2014 1236 2082 ὠνείδισας,
1293 2015 1386 2067 καὶ
1425 2014 1730 2083 προσαίτας
1759 2014 1953 2068 ἐκάλε-

364 2125 490 2173 σας,
537 2108 764 2180 ἐρωτῶν
806 2107 1049 2179 μάνθανε
1104 2106 1263 2178 παρὰ
1310 2106 1420 2161 τῶν
1450 2106 1672 2159 εἰδότων
1705 2107 1782 2170 ὡς
1832 2108 1951 2174 είγε

364 2204 601 2258 πλοῦτον
626 2202 882 2274 ἀθροῖσαι
909 2201 1001 2256 διὰ
1024 2200 1263 2270 σπουδῆς
1290 2203 1427 2271 ἡμῖν
1446 2200 1662 2268 γέγονε,
1698 2200 1951 2255 τοσοῦτον

365 2297 436 2352 ἃν
457 2299 568 2351 τῶν
618 2296 909 2368 ἡμετέρων
943 2294 1285 2364 ἀπωνάμεθα
1316 2293 1521 2365 χειρῶν
1552 2296 1675 2356 ὅσος
1705 2293 1827 2347 οὐδέ
1864 2311 1948 2348 σοι

366 2392 555 2461 σχεδον
577 2392 874 2460 πρόσεστιν
907 2388 1017 2442 dub
1050 2388 1159 2442 τῶν
1203 2389 1459 2456 πενήτων
1506 2387 1672 2440 αὐτὸν
1704 2388 1952 2457 ἐρανιζο-

368 2488 539 2558 μένῳ,
592 2486 791 2549 πόνους
843 2500 903 2537 τε
935 2482 1257 2551 ἀλλοτρίους
1299 2480 1714 2551 καλαμωμένῳ.
1758 2480 1951 2552 Ἡμεῖς

368 2583 469 2652 μὲν
498 2580 610 2651 γὰρ
639 2579 799 2643 ίδίαις
824 2578 984 2648 χερσὶ
1016 2576 1368 2647 πονούμενοι,
1406 2576 1685 2647 πορισμοῦ
1730 2576 1950 2631 δικαίου

363 2673 740 2743 κοινωνοῦμεν
799 2673 913 2735 τοῖς
969 2668 1289 2739 δεομένοις·
1329 2669 1490 2739 ὑμεῖς
1544 2668 1602 2722 δδ
1657 2667 1948 2741 πλεονεξίᾳ

362 2765 756 2837 προσκείμενοι
784 2764 847 2816 οὺ
884 2762 1053 2832 μόνον
1083 2762 1194 2815 οὐδ’
1219 2761 1401 2815 ὁτιοῦν
1433 2761 1592 2815 αὐτοὶ
1619 2759 1946 2830 ἐργάζεσθε,

365 2859 506 2912 ἀλλὰ
528 2854 999 2926 προσαφαιρεῖσθε
1029 2858 1124 2909 καὶ
1152 2856 1223 2909 τὰ
1249 2855 1531 2925 ἀλλότρια.
1565 2854 1690 2907 Ὅτι
1715 2854 1774 2907 δὲ
1804 2855 1952 2923 ἡμᾶς

369 2949 605 3004 πλούτου
652 2950 791 3020 ἔφης
825 2950 984 3021 ἐρᾷν,
1016 2949 1068 3001 τί
1105 2950 1167 3002 τὸ
1193 2948 1398 3018 προσὸν
1447 2948 1642 3018 ἐκείνῳ
1683 2947 1955 3016 κατανοή-

2050 1832 2144 1886 sed
2180 1843 2444 1902 przeterca
2471 1836 2635 1891 etiam
2679 1837 2909 1894 aufertis
2938 1842 3142 1898 aliena.
3176 1843 3448 1909 Quoniam
3500 1863 3631 1902 vero

2050 1938 2152 1979 nos
2187 1941 2407 1996 quoque
2438 1929 2577 1983 dicis
2609 1945 2796 1986 amare
2828 1932 3048 1989 divitias
3079 1954 3092 1990 :
3128 1939 3406 2006 quodnam
3460 1940 3515 1995 in
3551 1941 3633 1997 eis

2050 2016 2258 2072 bonum
2291 2024 2477 2075 inesse
2511 2021 3033 2089 animadvertentes,
3073 2045 3172 2084 nos
3199 2032 3263 2084 ad
3308 2047 3403 2088 cas
3435 2049 3633 2103 parau-

2050 2108 2582 2178 dasdeﬁgeremus?
2617 2111 2733 2168 Non
2784 2127 2914 2170 sunt
2968 2133 3045 2172 eae
3094 2118 3335 2189 fugitiva
3368 2132 3421 2176 et
3474 2124 3636 2179 Valde

2049 2200 2339 2256 inﬁdeles?
2392 2201 2512 2257 Non
2577 2207 2737 2261 hodie
2797 2210 3020 2277 quidem
3084 2211 3208 2266 huic
3254 2215 3475 2280 adsunt,
3510 2231 3633 2272 cras

2052 2307 2184 2348 vero
2210 2295 2448 2366 migrant
2469 2296 2535 2351 ad
2567 2298 2760 2360 alium,
2781 2300 2946 2369 priori
2976 2303 3198 2358 domino
3223 2307 3633 2376 quodammodo

2050 2388 2366 2458 abuegato?
2431 2388 2550 2444 Non
2610 2405 2865 2458 magnam
2901 2394 2953 2448 iu
3014 2412 3165 2461 eum,
3222 2399 3315 2467 qui
3365 2401 3630 2469 possidet,

2050 2484 2335 2537 concitant
2365 2483 2675 2539 invidiam?
2703 2485 2821 2542 Non
2855 2503 2931 2542 eae
2956 2490 3171 2545 labores
3196 2501 3249 2546 et
3278 2495 3413 2548 bella
3444 2504 3634 2565 aperte

2052 2576 2534 2631 arehitectantur?
2569 2576 2689 2632 Non
2731 2580 3009 2635 latronum
3040 2592 3095 2636 et
3128 2584 3311 2639 furum
3344 2590 3634 2643 attrahunt

2046 2669 2279 2723 oculos?
2328 2670 2482 2735 Quod
2514 2672 2559 2725 si
2612 2670 2752 2727 dicis
2785 2688 2850 2727 ex
2911 2673 2978 2729 iis
3012 2676 3251 2746 aliquam
3310 2680 3443 2734 oriri
3486 2683 3637 2737 volu-

2047 2771 2276 2831 ptazein.
2310 2769 2403 2816 aut
2435 2763 2692 2832 gloriam,
2729 2780 2987 2836 magnum
3018 2772 3150 2838 quid
3190 2786 3318 2829 esse
3369 2778 3637 2844 reputas?

2050 2852 2309 2921 quidnam
2342 2866 2405 2906 ea
2435 2853 2651 2909 dili'eret
2686 2870 2728 2909 -a
2769 2859 3003 2913 somniis
3033 2869 3089 2914 et
3143 2865 3403 2919 umbris?
3458 2868 3633 2923 Parva

2052 2943 2234 2998 aﬂ'ecit
2269 2946 2587 3014 voluptate;
2617 2948 2818 3005 deinde
2847 2966 2970 3007 cum
3014 2956 3322 3013 adventarit
3381 2975 3630 3030 vespera.

368 3059 563 3106 σαντες
593 3043 819 3111 ἀγαθὸν,
855 3040 1248 3113 προσδεδέσθαι
1268 3040 1335 3093 ἂν
1357 3038 1506 3109 αύτῷ
1531 3039 1784 3108 είχομενς
1816 3037 1949 3134 ρύχὶ

2059 3037 2331 3091 exstincta
2372 3044 2455 3093 est
2488 3048 2544 3094 et
2579 3042 2797 3098 redacta
2828 3043 2880 3097 iu
2910 3044 3163 3100 nihilum.
3201 3049 3356 3115 Quod
3384 3054 3429 3106 si
3465 3054 3632 3109 etiam

361 3138 644 3208 δραπᾶτης
676 3138 828 3190 ἐστὶν
856 3136 951 3190 καὶ
1003 3136 1203 3205 κομιδῆ
1257 3135 1522 3198 ἄπιστοςς
1582 3132 1723 3203 Οὐχὶ
1767 3131 1949 3200 τούτῳ

2058 3132 2113 3185 in
2151 3133 2409 3199 prmsenti
2442 3133 2551 3186 vita
2586 3148 2780 3204 parum
2820 3139 3107 3203 manserit,
3134 3156 3281 3195 mors
3313 3151 3491 3198 tamen
3515 3144 3633 3214 jaui

370 3232 471 3304 μὶν
496 3232 760 3301 πρόσεστι
801 3227 916 3295 νῦν,
949 3227 1144 3297 αθριον
1175 3227 1234 3282 δὲ
1285 3226 1424 3297 πρὸς
1454 3225 1614 3279 ἄλλον
1643 3225 1949 3295 μεταφοιτᾷ

2057 3223 2377 3289 adveniens,
2419 3240 2539 3280 eam
2586 3241 2807 3297 quoque
2864 3227 3026 3285 habet
3062 3231 3227 3287 simul
3288 3236 3631 3302 abeuntem;

362 3324 460 3380 τὸν
486 3324 596 3395 πρὸ
640 3323 738 3376 τοῦ
788 3322 1057 3392 δεσπότην
1108 3319 1300 3390 ὥσπερ
1357 3318 1838 3389 δξαρνησάμενοςς
1873 3318 1948 3369 Οὐ

2058 3316 2257 3371 ιιι-ετιιε
2290 3328 2476 3372 autem
2509 3322 2774 3389 supplicia
2799 3337 2945 3389 eum,
2980 3326 3075 3392 qui
3106 3341 3164 3381 sc
3192 3328 3277 3381 hic
3302 3329 3512 3385 dedidit
3544 3347 3636 3387 vo-

366 3418 545 3472 πόνων
564 3410 719 3479 οὗτος
741 3415 837 3468 καὶ
858 3415 1110 3485 πολέμων
1124 3412 1459 3482 δημιουργὸς
1485 3411 1645 3465 ἄντικ
1655 3426 1787 3479 ρυς;
1814 3408 1949 3478 Οὐχὶ

2060 3410 2383 3479 luptatibus,
2415 3412 2680 3467 tenebunt
2711 3424 3006 3486 perpetuo.

366 3511 585 3584 λῃστῶν
633 3509 735 3563 καὶ
781 3507 1036 3562 κλεπτῶν
1055 3507 1342 3575 ιφίλκεται
1372 3504 1722 3574 ὀφθαλμούς;
1765 3503 1825 3555 Εἰ
1855 3504 1913 3555 δὲ
1947 3500 2047 3573 τὴν
2075 3504 2142 3595 ἐκ
2167 3502 2364 3557 τούτου
2400 3505 2503 3576 φῂς
2531 3506 2743 3578 ἢδόξαν
2762 3509 2795 3577 ἢ
2831 3510 2976 3580 μέγα
3008 3529 3060 3566 τι
3104 3513 3205 3586 τὴν
3231 3516 3387 3582 δόξαν
3419 3518 3632 3595 λογίζῃ,

366 3606 424 3659 τι
451 3604 561 3658 τῶν
586 3600 814 3673 ὀνείρων
844 3600 986 3669 αὕτη
1013 3599 1263 3669 διαφέρει
1294 3599 1390 3652 καὶ
1425 3597 1535 3651 τῶν
1569 3597 1777 3651 σκιῶνε
1818 3595 2028 3664 Ὀλίγον
2058 3594 2353 3667 εὔφρανεν,
2429 3595 2532 3651 εἶθ’
2593 3602 2858 3678 ἑσπέρας,
2907 3605 3361 3679 καταλαϐούσης,
3409 3615 3628 3688 ἀπέσϐη

364 3699 464 3753 καὶ
506 3697 644 3768 πρὸς
683 3695 745 3749 τὸ
813 3695 889 3765 μὴ
920 3694 978 3747 δν
1008 3692 1204 3764 ᾧχετο.
1243 3693 1307 3745 Et
1339 3693 1397 3748 δὲ
1445 3694 1541 3744 καὶ
1572 3689 1772 3763 μικρόν
1812 3707 1866 3743 τι
1898 3690 1976 3759 τῷ
2018 3690 2249 3761 παρόντι
2290 3691 2392 3762 βίῳ
2470 3698 2963 3765 συμπαραμείνοι¹,
3006 3700 3123 3753 ἀλλ’
3179 3702 3209 3755 6
3263 3703 3490 3770 θάνατος
3526 3709 3628 3780 ήδη

363 3789 696 3847 καταλαϐὼν
739 3788 836 3842 καὶ
871 3786 1044 3857 αὐτὴν
1075 3786 1191 3857 ἔχει
1216 3785 1622 3840 συναπιοῦσαν·
1655 3783 1854 3855 πικραὶ
1883 3782 1943 3837 δὲ
1978 3782 2230 3847 κολάσεις
2255 3787 2346 3839 τὸν
2378 3787 2618 3841 ἐνταῦθα
2640 3792 2762 3851 ταῖς
2793 3790 3014 3860 ἡδοναῖς
3081 3795 3285 3862 ἐφέντα
3333 3798 3423 3853 διὰ
3492 3818 3631 3857 παν-

361 3885 456 3949 τὸς
483 3885 719 3951 ἕξουσιν.

438 3981 515 4036 Z'.
558 3979 717 4031 Οὕτω
761 3973 1080 4044 λεγομένων
1144 3972 1389 4043 ἐγκύψας
1430 3974 1458 4025 6
1499 3972 1695 4042 μάγος,
1756 3969 1954 4034 Ἑάσας

361 4074 494 4137 τοὺς
532 4071 761 4143 μικροὺς
784 4069 1010 4140 λήρους,
1045 4068 1233 4137 φησιν.
1261 4067 1341 4137 τῷ
1366 4066 1613 4135 μεγίστῳ
1627 4063 1749 4134 Θεῷ
1786 4063 1953 4134 Ἡλίῳ

362 4166 463 4218 καὶ
508 4163 588 4233 τῷ
647 4160 936 4229 φανοτάτῳ
972 4160 1109 4228 πυρὶ
1140 4159 1241 4226 τὴν
1274 4156 1652 4227 προσκύνησιν
1684 4154 1760 4218 ὡς
1792 4156 1953 4225 θέμις

364 4258 584 4319 ἁπόἰος.
621 4255 765 4325 Πρὸς
795 4253 970 4307 ταῦτα
1011 4251 1103 4321 Μὴ
1151 4250 1364 4314 πλανῶ,
1398 4247 1551 4304 εἶπεν
1577 4249 1607 4303 6
1634 4265 1952 4319 προσκυνη-

362 4351 463 4421 τὴς
504 4348 601 4403 τοῦ
633 4346 896 4419 Χριστοῦ,
946 4345 1084 4416 μηδι
1113 4343 1273 4398 τοῦτο
1320 4345 1435 4397 οίου
1486 4341 1789 4397 θεάσασθαί
1815 4358 1946 4395 ποτε

2128 3964 2241 4024 VII.
2276 3967 2403 4024 Haec
2433 3984 2554 4024 cum
2606 3971 2687 4025 sic
2724 3972 3061 4042 dicerentur,
3104 3976 3460 4048 interpellans
3512 3998 3631 4038 ma-

2052 4080 2155 4137 gus
2181 4082 2194 4120 ε
2224 4063 2356 4129 Has,
2394 4067 2589 4136 inquit,
2623 4069 2862 4136 prolixas
2896 4075 3117 4129 mittens
3163 4092 3356 4146 nugas,
3392 4083 3632 4138 maximo

2052 4161 2156 4215 deo
2186 4159 2287 4215 soli
2320 4168 2371 4215 et
2413 4159 2521 4230 igni
2555 4164 2789 4217 cultum.
2818 4175 2876 4219 ut
2910 4181 3005 4236 par
3028 4179 3135 4233 est,
3165 4171 3386 4227 exhibe.
3410 4176 3490 4230 Ad
3513 4178 3630 4233 haec

2052 4250 2190 4306 dixit
2220 4249 2430 4306 Christi
2489 4253 2788 4310 adorator:
2844 4256 2924 4312 Ne
2974 4275 3148 4327 erres,
3185 4279 3362 4335 neque
3390 4277 3550 4337 putes
3577 4283 3631 4326 te

2054 4343 2156 4398 hoc
2185 4358 2425 4413 unquam
2459 4348 2567 4402 tuis
2588 4363 2710 4402 esse
2734 4353 3237 4422 contemplaturum
3261 4360 3437 4414 oculis
3466 4378 3485 4418 :
3518 4378 3630 4429 me,

363 4445 478 4506 τοῖς
516 4445 628 4503 σοῖς
679 4441 983 4511 ὀφθαλμοῖς
1041 4437 1413 4493 καταλιπόντα
1466 4452 1533 4506 με
1587 4437 1680 4488 τὸν
1714 4431 1945 4503 ποιητὴν

2053 4433 2303 4503 inquam,
2332 4436 2525 4492 relicto
2548 4436 2797 4495 ell'ectorc
2832 4443 2965 4497 solis
3009 4452 3063 4500 et
3092 4447 3252 4517 ignis,
3290 4451 3438 4508 illius
3460 4470 3629 4525 opera

364 4535 520 4607 ἡλίου
552 4534 645 4588 κει.)¹
671 4532 767 4586 τοῦ
801 4531 975 4601 πυρὸς
1003 4532 1117 4593 τοῖς
1145 4527 1357 4582 ἐκείνου
1394 4527 1669 4597 ποιήμασι
1699 4540 1945 4594 προσκυ-

2053 4527 2305 4594 adorare,
2332 4541 2385 4584 et
2422 4531 2555 4585 adeo
2616 4547 2919 4603 repugnare
2983 4540 3121 4595 meis
3174 4544 3359 4601 verbis
3418 4514 3628 4605 et'do-

365 4629 529 4697 νῆσαι
551 4629 662 4687 τοῖς
699 4642 758 4677 τε
783 4625 965 4693 λόγοις
993 4625 1090 4675 καὶ
1116 4623 1183 4691 τῇ
1220 4618 1466 4690 ἐμαυτοῦ
1488 4619 1676 4688 διδαχῇ
1706 4619 1948 4670 ἀπεναν-

365 4719 490 4783 τίας
515 4718 660 4773 οὕτω
693 4719 1003 4785 γινόμενον.
1042 4715 1105 4767 ⁸0
1129 4713 1186 4767 δὲ
1218 4713 1383 4774 πολὺς
1416 4713 1516 4783 τὴν
1547 4710 1812 4781 ὠμότητα
1840 4708 1949 4778 μά-

369 4830 487 4882 γος,
525 4815 645 4865 ἐπεὶ
680 4812 887 4865 τούτων
907 4810 1110 4881 ἢκουσε
1156 4806 1268 4860 τῶν
1308 4806 1598 4875 ῥημάτων,
1629 4802 1951 4866 διακαυθεὶς

367 4903 449 4973 τῷ
479 4901 640 4972 θυμῷ
689 4903 905 4953 κελεύει
972 4898 1319 4968 παραχρῆμα
1371 4893 1699 4949 διᾶταθέντα
1729 4891 1950 4964 ῥάϐδοις

371 4994 513 5065 ῥοῶν
554 4995 803 5062 θαμινοῖς
849 4992 993 5058 δζοις
1035 4986 1454 5059 ὴκανθωμέναις
1479 4987 1645 5040 αὑτὸν
1689 4985 1953 5055 μαστίζε-

370 5086 522 5141 σθαι.
557 5086 648 5149 Ὠς
686 5086 744 5138 δὲ
771 5087 869 5147 τὰς
900 5084 1050 5153 ἱερὰς
1082 5083 1298 5145 ὲκείνας
1331 5082 1546 5150 σάρκας
1573 5079 1622 5132 oi
1660 5076 1762 5146 τῆς
1790 5079 1948 5130 ἀπω-

366 5178 520 5242 λείας
542 5178 650 5232 υίοὶ
680 5177 1021 5244 κατέξαινον,
1048 5172 1373 5245 Εὐχαριστῶ
1405 5187 1510 5236 σοι,
1538 5168 1692 5224 εἶπεν
1724 5170 1753 5221 ὁ
1775 5167 1949 5238 ἀθλη-

365 5272 487 5342 τὴς,
525 5271 603 5333 είς
633 5270 861 5338 ούρανδν
880 5267 1179 5328 ἀνατείνας
1206 5265 1333 5327 τοὺς
1377 5262 1716 5334 ὀφθαλμοὺς,
1760 5261 1842 5314 ὅτι
1877 5276 1946 5329 με

363 5362 447 5433 τῷ
484 5363 604 5433 ἐμῷ
652 5360 999 5429 κατηξίωσας
1049 5359 1246 5428 αἵματι
1308 5355 1678 5427 βαπτισθέντα
1715 5352 1808 5407 τὸν
1844 5354 1943 5423 τῆς

366 5453 645 5524 ἁμαρτίας
676 5452 848 5522 ῥύπον
902 5450 1160 5519 καθαρῶς
1200 5446 1634 5502 ἀπολούσασθαι.
1673 5448 1738 5500 Οί
1770 5447 1827 5500 δὲ
1849 5447 1946 5516 δή·

368 5565 486 5616 μιοι
517 5547 604 5615 ἐφ’
630 5540 714 5609 οἷς
743 5546 963 5615 ἅρηκεν
993 5543 1163 5615 ὀργῆς
1197 5541 1397 5613 μᾶλλον
1431 5542 1521 5593 ἐπ’
1544 5539 1693 5610 αὐτῷ
1719 5540 1944 5610 πληρω-

363 5639 550 5702 θέντες
576 5638 718 5691 οὗτω
762 5636 1076 5702 κατέκοψαν
1111 5636 1232 5695 ταῖς
1260 5633 1496 5703 πληγαῖς
1535 5632 1611 5696 ὡς
1640 5633 1944 5701 ὲκκοπῆναι

361 5730 540 5799 τούτῳ
565 5729 662 5782 καὶ
691 5728 791 5798 τὴν
823 5724 1027 5796 φωνήν.
1064 5720 1198 5777 Εἶτα
1223 5725 1344 5775 δυσὶ
1374 5723 1765 5792 περιδαλόντες
1811 5723 1942 5777 ἁλύ-

2049 4620 2259 4674 οιτὶιιιε.
2313 4620 2740 4681 Crudelissimus
2792 4638 2973 4684 autem
3050 4649 3239 4705 magus
3269 4674 3285 4701 .
3334 4648 3625 4710 postquam

2051 4712 2263 4768 audivit
2296 4715 2409 4770 hazc
2437 4716 2620 4780 verba,
2660 4718 2741 4772 ira
2768 4733 3058 4786 accensus,
3079 4724 3235 4794 jubet
3282 4733 3468 4785 statim
3500 4748 3625 4787 eum

2049 4813 2334 4860 extensum
2361 4809 2637 4863 verberari
2670 4811 2837 4883 virgis
2868 4816 2996 4869 mali
3033 4821 3266 4886 punicae,
3292 4822 3452 4892 cujus
3486 4826 3624 4879 rami

2049 4909 2207 4954 erant
2233 4900 2468 4969 spinosi.
2507 4901 2644 4956 Cum
2678 4921 2808 4961 vero
2843 4923 3032 4963 sacras
3062 4911 3183 4967 illas
3216 4927 3413 4970 carnes
3454 4916 3628 4971 lania-

2048 4998 2171 5043 rent
2201 4989 2294 5043 lilii
2323 4991 2610 5047 interitus:
2640 4995 2755 5066 Ago
2778 4999 2872 5053 tibi
2906 5002 3135 5068 gratias,
3160 5003 3375 5059 dicebat
3398 5008 3626 5076 athleta,

2050 5082 2104 5136 in
2137 5085 2337 5139 cmluin
2372 5088 2679 5145 extendens
2715 5093 2927 5157 oculos,
2959 5095 3105 5164 quod
3137 5096 3396 5166 dignatus
3423 5101 3500 5155 sis
3538 5116 3628 5157 me

2047 5188 2172 5228 meo
2196 5177 2463 5246 sanguine
2490 5180 2749 5249 tinctum,
2778 5186 2983 5253 peccati
3006 5188 3200 5241 sordes
3225 5204 3360 5258 pure
3376 5191 3621 5248 abluere.

2047 5261 2296 5321 Lictores
2328 5279 2513 5324 autem
2545 5284 2768 5340 propter
2801 5288 2885 5338 ea,
2915 5290 3037 5343 qum
3061 5274 3300 5338 dixerat,
3335 5276 3388 5329 in
3441 5278 3623 5348 ipsum

2048 5357 2222 5425 magis
2256 5358 2336 5411 ira
2378 5362 2585 5430 repleti,
2623 5371 2736 5416 tum
2771 5364 2941 5435 plagis
2974 5368 3044 5418 ita
3099 5368 3510 5433 conscideruut.
3569 5380 3630 5425 ut

2050 5463 2151 5503 vox
2181 5466 2402 5521 quoque
2422 5453 2470 5506 ei
2495 5455 3005 5525 interrumperetur.
3040 5456 3245 5515 Deinde
3279 5464 3490 5518 duabus
3541 5479 3632 5518 ca-

2048 5545 2193 5599 tenis
2241 5546 2661 5611 circumdatum,
2693 5549 2979 5606 includunt
3014 5554 3065 5607 in
3119 5569 3359 5621 carcere,
3410 5557 3458 5611 ei
3506 5556 3629 5626 pul-

2048 5635 2243 5689 chrum
2275 5638 2357 5690 vel
2388 5638 2544 5691 inviti
2576 5639 2836 5695 solatium
2869 5642 3063 5700 dantes
3090 5645 3458 5715 Accpsiinam.
3511 5646 3628 5702 Illic

2053 5730 2202 5783 enim
2238 5729 2415 5784 fuerat
2447 5731 2600 5800 prius
2636 5732 2902 5790 inclusus.

364 5839 484 5875 σεσι
541 5820 907 5892 δεσμωτηρίῳ
965 5817 1353 5872 κατακλείουσι
1402 5816 1569 5869 καλὸν
1622 5814 1774 5888 αὐτῷ
1842 5820 1937 5872 καὶ
1976 5819 2208 5887 ἄκοντες
2259 5823 2612 5896 παραμύθιον
2682 5828 2775 5883 τὸν
2831 5827 2975 5885 θεῖον
3030 5830 3325 5898 δεδωκότες
3401 5823 3622 5905 Ἀ’κεῲι-

375 5918 483 5985 μᾶν
508 5931 522 5945 ο
560 5916 679 5969 ἐκεῖ
712 5913 819 5985 γὰρ
847 5912 1001 5984 ἔτυχε
1031 5907 1576 5984 προκατακλειοθείς.
