4128 6384
520 307 629 373 8'3!)

1709 306 2094 367 ADDENDA.
2121 327 2198 340 ··-
2226 305 2564 371 APRILIS.

3688 295 3793 362 850

589 421 726 476 Vlll.
764 419 844 476 Ad
873 419 1243 476 venerandum
1269 427 1450 475 autem
1483 418 1760 490 aspiciens
1791 419 2092 475 Eithalam

2271 420 2354 477 11'.
2388 422 2531 492 Πρὸς
2563 421 2619 476 δὲ
2640 421 2732 476 τὸν
2766 423 3100 495 τιμιώτατον
3128 415 3444 488 ἀποϐλέψας
3478 411 3792 476 Ἀειθαλᾶν,

514 515 680 587 judex
703 553 717 577 ,
748 513 842 583 qui
886 521 1006 565 erat
1036 512 1220 566 animo
1246 512 1642 580 implacabilis:
1690 513 1771 568 Tu
1811 530 1942 570 vero
1967 515 2098 584 quid

519 609 676 671 dicis,
715 604 936 674 inquit?
968 605 1297 672 lmplebisne
1327 603 1544 673 jussum
1569 606 1734 676 regis,
1756 616 1810 662 et
1845 606 2100 662 adorabis

523 700 820 750 tnaximum
858 697 1052 761 solem,
1085 704 1138 748 et
1170 696 1421 763 gustabis
1469 697 1818 765 sanguinem,
1866 708 1922 752 et
1971 712 2098 752 cum

523 793 751 843 muliere
785 789 1013 842 habebis
1050 789 1534 854 consuetudinem,
1570 796 1624 843 et
1671 789 1997 846 liberaberis
2033 790 2102 846 ab

523 884 589 935 iis
625 899 746 952 qua:
784 883 878 936 tibi
911 883 1252 951 impendent,
1285 882 1477 935 malis:
1510 896 1578 934 an
1607 883 1720 936 eris
1739 882 1928 946 etiam,
1955 883 2101 938 sicut

521 979 634 1037 alii,
703 987 1000 1029 contumax
1067 984 1121 1030 et
1197 975 1561 1029 inobedieus?
1639 976 1846 1032 Christi
1918 987 2099 1031 autem

525 1078 730 1138 martyr
760 1068 1052 1128 :Eithalas,
1087 1083 1213 1120 rere
1269 1082 1488 1136 semper
1522 1067 1724 1123 ﬂorens
1759 1078 1814 1124 et
1857 1069 2100 1124 celestis

526 1162 707 1232 planta
747 1163 999 1227 pietatis:
1031 1159 1185 1224 Tum,
1227 1162 1425 1230 inquit,
1463 1164 1760 1216 immunda:
1787 1172 1840 1218 et
1890 1164 2100 1218 caninae

523 1255 877 1323 appetitionis
910 1267 989 1307 est
1021 1255 1124 1308 hoc
1162 1271 1385 1318 munus,
1421 1256 1740 1326 sanguinem
1771 1264 2013 1324 gustare,
2046 1265 2100 1310 et

528 1360 624 1413 pro
661 1345 790 1407 D.-o,
821 1360 942 1413 qum
984 1344 1077 1397 Dei
1111 1355 1262 1409 sunt,
1312 1345 1513 1400 colere.
1573 1346 1733 1400 Absit
1782 1353 1990 1408 autem.
2043 1356 2100 1399 ut

527 1454 628 1506 ego
659 1439 794 1490 adeo
850 1440 1136 1490 caecutiam
1193 1439 1442 1508 corporis
1472 1446 1526 1491 et
1557 1439 1755 1492 anima:
1789 1439 1986 1500 oculis.
2039 1447 2096 1491 ut

530 1533 672 1583 hunc
708 1531 900 1585 ridens
926 1531 1119 1594 Solem,
1157 1531 1222 1583 ad
1275 1547 1400 1584 eum
1454 1546 1630 1598 usque
1685 1532 2008 1596 consistam,
2046 1541 2103 1586 et

527 1623 694 1675 Deum
731 1624 958 1676 omnino
983 1634 1164 1692 putem
1200 1625 1253 1676 id
1285 1623 1431 1692 quod
1462 1636 1712 1693 apparet,
1745 1632 1798 1678 et
1825 1638 1929 1677 non
1961 1624 2104 1679 ulte-

2206 515 2234 569 ὁ
2268 517 2368 586 τὴν
2418 516 2600 587 ψυχὴν
2649 516 2973 588 ἀμείλικτος
3017 513 3321 583 δικαστής·
3364 510 3438 564 Συ
3472 508 3526 563 τί
3582 506 3791 576 λέγεις,

2205 611 2328 681 ἔφη,
2363 611 2591 682 πληροῖς
2621 612 2681 664 τὸ
2706 611 2800 667 τοῦ
2832 610 3098 682 βασιλέως
3126 608 3480 678 πρόσταγμα,
3505 603 3600 658 καὶ
3625 619 3796 672 προσ-

2203 709 2384 769 κυνεῖς
2417 706 2495 775 τῷ
2525 705 2767 775 μεγίστῳ
2800 706 2958 776 ἡλίῳ,
3008 702 3310 772 άπογεύσει
3341 717 3402 752 τε
3435 699 3668 766 αἵματος
3694 695 3790 748 καὶ

2203 799 2426 868 γυναικὶ
2456 799 2664 870 ὁμιλεῖς
2697 802 2791 852 καὶ
2817 798 2918 868 ῥύῃ
2952 796 3062 850 τῶν
3086 792 3492 866 ἐπηρτημένων
3514 809 3597 844 σοι
3625 791 3795 856 ἀναγο

2205 891 2398 964 κῶν,ἧ
2441 893 2536 945 καὶ⁴
2574 891 2736 954 αὐτὸς
2764 889 3012 949 ἀπειθεῖς
3052 889 3167 950 τοῖς
3223 885 3404 946 ἄλλοις
3444 883 3692 952 ὀμοίωςς
3733 879 3794 933 Ὀ

2202 977 2262 1030 δὲ
2287 979 2382 1032 τοῦ
2413 979 2653 1050 Χριστοῦ
2691 982 2903 1050 μάρτυς
2933 977 3246 1040 Ἀειθαλᾶς,
3279 976 3338 1029 τὸ
3367 977 3469 1042 τῆς
3502 973 3795 1033 εὐσεϐείας

2203 1071 2370 1134 ὅντως
2386 1062 2826 1142 ἀειθαλὲςφυτδν
2847 1074 2943 1127 καὶ
2968 1073 3220 1143 οὐράνιον
3239 1069 3424 1140 ἔργον,
3442 1068 3635 1128 Τοῦτο,
3661 1065 3794 1135 ἔφη,

2203 1166 2302 1235 τῆς
2327 1169 2429 1236 σῆς
2459 1166 2772 1236 ἀκαθάρτου
2800 1165 2895 1220 καὶ
2919 1165 3192 1228 κυνώδους
3227 1162 3484 1230 ὀρέξεως,
3526 1160 3588 1212 τὸ
3615 1158 3792 1229 αἱμά-

2202 1276 2312 1312 των
2337 1259 2702 1327 άπογεύεσοαι
2728 1258 2824 1312 καὶ
2855 1259 2978 1310 ἀντὶ
3012 1258 3108 1311 τοῦ
3135 1255 3272 1309 Θεοῦ
3307 1256 3374 1308 τά
3405 1253 3498 1307 τοῦ
3532 1252 3667 1306 Θεοῦ
3705 1251 3796 1304 σέ-

2203 1351 2416 1405 ϐεσθαι.
2453 1351 2608 1419 Ἑμοὶ
2623 1350 2681 1404 δὲ
2715 1349 2789 1420 μὴ
2823 1350 3038 1418 γένοιτο
3075 1347 3330 1418 χαλεπῶς
3375 1344 3516 1398 οὕτω
3536 1343 3794 1411 τυφλώτ-

2203 1463 2318 1499 τειν
2345 1444 2438 1496 καὶ
2470 1443 2598 1506 τοὺς
2614 1443 2706 1495 τοῦ
2727 1441 2980 1511 σώματος
3003 1441 3096 1492 καὶ
3123 1439 3252 1502 τοὺς
3275 1438 3372 1506 τῆς
3391 1435 3566 1504 ψυχῆς
3590 1433 3797 1502 ὀφθαλ-

2208 1536 2342 1606 μοὺς
2365 1535 2441 1598 ὡς
2477 1535 2675 1606 δρῶντι
2712 1533 2863 1588 τόνδε
2900 1533 2992 1586 τὸν
3025 1533 3181 1602 ἥλιον
3216 1530 3412 1601 μέχρις
3451 1527 3617 1582 αὑτοῦ
3654 1525 3795 1592 στῆη

2205 1645 2315 1694 ναι,
2345 1629 2441 1681 καὶ
2478 1627 2608 1680 Θεὸν
2631 1627 2821 1689 ἁπλῶς
2860 1625 3176 1698 ἡγήσασθαι
3216 1624 3274 1677 τὸ
3315 1622 3667 1691 φαινόμενον,
3693 1620 3794 1672 καὶ

526 1718 641 1770 rius
680 1718 998 1784 progredior
1037 1717 1339 1771 sinceriore
1399 1718 1556 1770 oculo
1613 1717 1986 1784 cogitationis,
2047 1729 2101 1772 et

2217 1723 2290 1793 μὴ
2321 1721 2654 1792 προσωτέρω
2677 1720 2950 1790 χωρῆσαι,
2970 1717 3209 1780 διανοίας
3233 1715 3498 1787 ὀφθαλμῷ
3524 1714 3793 1784 τρανοτὲ-

529 1809 694 1862 Deum
721 1808 940 1875 quidem
966 1809 1040 1870 id,
1061 1810 1205 1878 quod
1233 1817 1446 1863 movet:
1477 1823 1587 1862 rem
1614 1823 1740 1864 vero
1758 1817 1998 1863 creatam
2023 1824 2111 1864 re-

526 1911 709 1969 putem
744 1903 816 1962 id,
874 1903 1016 1970 quod
1069 1909 1338 1954 movetur.
1394 1901 1450 1954 Si
1509 1913 1691 1956 autem
1722 1903 1856 1956 mihi
1890 1902 1968 1958 sic
2025 1901 2111 1972 ju-

527 1993 733 2047 dteanti
780 2002 834 2046 et
889 1994 1075 2063 plagas
1119 2003 1172 2047 et
1224 2002 1455 2047 mortem
1506 1993 1777 2058 minaris,
1832 2009 1938 2048 non
1987 1993 2109 2047 ideo

526 2085 656 2137 mihi
696 2085 1070 2152 persuadebis,
1101 2096 1160 2139 ut
1191 2085 1398 2138 discam
1453 2093 1606 2138 tuum
1661 2086 1880 2156 dogma,
1930 2094 1985 2140 et
2013 2101 2108 2141 ne-

523 2193 640 2243 gem
684 2194 862 2230 veram
907 2180 1246 2243 religionem.
1303 2178 1529 2248 Propter
1584 2180 1697 2235 hac
1767 2182 1940 2235 iratus
2005 2182 2108 2234 int-

537 2271 691 2336 pius:
757 2271 861 2322 Sed
925 2271 1132 2330 nullus,
1196 2271 1394 2339 inquit,
1438 2286 1586 2325 same
1639 2273 1840 2328 mentis
1876 2282 2103 2328 mortem

524 2367 649 2416 vita:
690 2365 1013 2432 prtetulerit,
1062 2364 1226 2431 idque
1259 2373 1482 2435 propter
1545 2365 1766 2419 stultam
1803 2374 1855 2420 et
1884 2366 2108 2420 minime

528 2458 934 2510 consideratam
992 2459 1376 2511 constantiam.
1413 2457 1782 2522 Quamobrem
1839 2473 1941 2513 nec
2007 2459 2104 2514 tibi

525 2549 858 2599 credendum
890 2555 971 2600 est
1024 2546 1226 2600 dicenti
1261 2555 1314 2600 te
1355 2557 1604 2617 paratum
1654 2563 1781 2605 esse
1832 2550 1970 2603 mori
2005 2565 2104 2621 pro

527 2650 621 2690 tuo
657 2640 908 2706 dogmate
937 2651 991 2692 et
1021 2640 1305 2706 religione.
1347 2639 1653 2711 Respondit
1695 2642 1965 2699 Sanctus:
1997 2645 2102 2698 Ve-

534 2731 658 2795 stri,
701 2734 852 2799 quia
896 2747 1032 2784 vana
1103 2748 1199 2802 spe
1256 2733 1513 2802 pendent,
1544 2742 1593 2788 et
1653 2735 1858 2789 nullam
1889 2747 2105 2791 aeterna:

534 2824 656 2877 vitae
701 2824 900 2877 habent
931 2829 1418 2893 exspectationem,
1446 2837 1735 2896 postquam
1767 2828 1892 2882 hinc
1916 2845 2106 2884 exces-

528 2917 717 2976 serint.
742 2919 867 2985 jure
890 2920 1191 2972 existimari
1216 2923 1495 2988 potuerint
1515 2935 1637 2976 esse
1663 2932 1719 2978 et
1745 2923 1866 2978 vitae
1894 2925 2100 2993 cupidi,

527 3017 857 3066 clamantes
927 3012 1197 3080 corporis.
1252 3011 1498 3079 Quorum
1529 3025 1708 3070 autem
1741 3032 1838 3086 spe
1891 3031 2018 3072 vera
2050 3024 2104 3071 et

2216 1832 2294 1884 ρῳ
2315 1855 2330 1880 ,
2368 1817 2463 1868 καὶ
2495 1815 2630 1867 Θεὸν
2661 1814 2760 1883 μὲν
2787 1816 2848 1868 τὸ
2891 1812 3105 1878 κινοῦν,
3143 1812 3352 1878 κτίσμα
3381 1811 3438 1864 δὲ
3465 1809 3791 1877 λογίσασθαι

2209 1911 2270 1962 τὸ
2298 1910 2642 1977 κινούμενον.
2677 1909 2739 1962 Εἰ
2783 1908 2841 1961 δέ
2874 1925 2964 1977 μοι
2999 1907 3144 1960 οὕτω
3194 1907 3432 1975 κρίσεως
3475 1905 3652 1974 ἔχοντι
3695 1903 3791 1956 καὶ

2208 2001 2430 2072 πληγὰς
2471 2001 2564 2054 καὶ
2609 2001 2839 2055 θάνατον
2885 2000 3152 2063 ἀπειλεῖς,
3211 1999 3272 2052 οὐ
3318 1999 3467 2068 παρὰ
3508 1997 3668 2050 τοῦτό
3719 2013 3788 2066 με

2206 2097 2417 2160 πείσεις
2459 2095 2523 2150 τὸ
2548 2097 2638 2150 σὺν
2660 2097 2841 2165 δόγμα
2871 2095 3214 2164 μεταμαθεῖν
3235 2095 3328 2148 καὶ
3367 2094 3464 2163 τὴν
3497 2092 3790 2145 εύσέϐειαν

2203 2189 2656 2260 ἀπαρνήσασθαι.
2696 2187 3008 2259 Ὀργισθεὶς
3044 2187 3139 2238 ἐπὶ
3181 2186 3392 2246 τούτοις
3435 2183 3786 2252 ὁξδυσσεϐὴς,

2220 2282 2358 2337 Ἀλλ’
2387 2283 2562 2346 οὐδεὶς
2593 2280 2900 2350 ἀνθρώπων
2933 2279 3235 2349 εύφρονῶν,
3283 2279 3412 2347 ἔφη.
3447 2275 3677 2330 θάνατον
3721 2274 3788 2327 ἂν

2205 2375 2313 2445 πρὸ
2336 2375 2436 2447 τῆς
2460 2374 2606 2444 ζωῆς
2646 2374 2843 2439 ἕλοιτο,
2874 2374 2970 2426 καὶ
3017 2371 3192 2425 ταῦτα
3231 2371 3468 2439 ματαίας
3503 2369 3665 2438 χάριν
3693 2368 3791 2420 καὶ

2203 2469 2264 2521 ού
2302 2467 2614 2537 λεγομένης
2663 2465 2971 2527 ὲνστάσεως
3001 2479 3013 2493 ’
3045 2462 3167 2516 ὅθεν
3195 2463 3317 2515 οὐδὲ
3352 2461 3668 2514 πιστευτέον
3705 2476 3790 2510 σοι

2203 2561 2437 2630 λέγοντι,
2492 2558 2790 2630 προθύμως
2842 2557 2986 2626 ἔχειν
3045 2556 3187 2625 ὑπὲρ
3226 2555 3318 2608 τοῦ
3373 2554 3646 2622 δόγματός
3688 2570 3789 2606 σου

2201 2659 2294 2709 καὶ
2329 2655 2428 2726 τῆς
2461 2653 2759 2726 θρησκείας
2793 2650 3110 2705 ἀποθανεῖν.
3156 2650 3215 2704 Ὀ
3241 2650 3395 2717 ἆγιος
3427 2647 3787 2716 ἁπεκρίνατο.

2202 2751 2262 2803 Οἱ
2295 2749 2418 2803 καθ’
2463 2748 2608 2817 ὑμᾶς
2657 2747 2753 2800 ἐπὶ
2788 2749 2978 2809 κεναῖς
3024 2743 3394 2815 αἰωρούμενοι
3433 2745 3554 2805 ταῖς
3601 2741 3791 2794 ἐλπίσι

2201 2845 2296 2896 καὶ
2336 2842 2408 2912 μή
2442 2857 2565 2902 τινα
2591 2838 2924 2909 προσδοκίαν
2971 2839 3108 2908 μετὰ
3143 2837 3241 2908 τὴν
3294 2835 3542 2890 ἐντεῦθεν
3581 2835 3791 2905 ἀποδη-

2208 2933 2336 3003 μίαν
2370 2933 2585 3002 ἔχοντες
2619 2930 2981 3000 ἀτελευτήτου
3014 2930 3182 3000 ζωῆς,
3216 2930 3444 2987 εἰκότως
3487 2928 3554 2983 ἂν
3579 2930 3672 2981 καὶ
3697 2946 3792 2996 φι-

2213 3025 2435 3089 λοζωεῖν
2465 3019 2608 3079 οὗτοι
2643 3024 2740 3078 καὶ
2789 3023 3197 3092 φιλοσωματεῖν
3243 3022 3569 3091 νομίζοιντο.
3601 3014 3696 3084 Οἷς
3732 3020 3792 3073 δὲ

532 3102 690 3154 ﬁrma
717 3103 883 3157 altur
917 3107 1120 3170 anima,
1155 3107 1298 3175 quod
1331 3115 1385 3160 ct
1424 3123 1486 3161 ea
1520 3109 1592 3161 sit
1651 3108 2000 3174 immortalis,
2052 3121 2104 3163 et

2209 3119 2427 3188 ἀληθεῖς
2460 3119 2678 3182 ἐλπίδες
2703 3118 2798 3172 καὶ
2823 3117 3033 3187 βέϐαιοι
3059 3115 3157 3187 τὴν
3181 3115 3359 3187 ψυχὴν
3384 3117 3790 3186 ὑποτρέφουσιν

533 3195 606 3248 sit
642 3211 837 3249 rursus
869 3212 992 3249 cum
1028 3212 1130 3251 suo
1183 3212 1417 3268 corpore
1467 3200 1684 3254 coitura
1743 3210 1868 3268 post
1917 3203 2107 3256 mortis

533 3286 981 3352 dissolutionem,
1008 3300 1061 3344 et
1091 3299 1313 3345 αξιοι-ηαξ
1348 3292 1472 3346 vitae
1497 3291 1679 3348 tutura
1703 3295 2002 3364 particeps,
2037 3297 2106 3351 iis

532 3395 779 3451 praesens
812 3382 919 3434 vita
973 3397 1060 3437 res
1117 3394 1202 3438 est
1257 3399 1420 3454 parva
1467 3395 1522 3440 et
1576 3389 2001 3454 contemnenda,
2055 3397 2108 3445 et

533 3487 683 3524 mors
714 3473 940 3527 minime
996 3474 1284 3530 terribilis.
1327 3474 1503 3530 Verax
1529 3486 1613 3532 est
1653 3479 1799 3534 enim
1833 3479 1976 3536 Deus
2010 3497 2104 3537 no-

527 3571 639 3616 ster
665 3571 718 3617 et
743 3566 1022 3632 magister,
1079 3569 1173 3636 qui
1216 3567 1388 3624 dicit:
1445 3587 1463 3622 ι
1507 3568 1682 3625 Nolite
1713 3574 1908 3627 timere
1935 3572 2004 3628 ab
2038 3573 2106 3630 iis

526 3657 619 3725 qui
654 3656 913 3711 occidunt
945 3673 1164 3730 corpus,
1197 3649 1440 3716 aniinam
1482 3672 1670 3719 autem
1731 3680 1842 3720 non
1874 3674 2106 3734 possunt

527 3749 784 3805 occidere
807 3751 846 3802 '.
864 3768 882 3802 ι

599 3927 689 3983 IX.
725 3928 876 3983 Tunc
905 3929 1062 3999 jubet
1089 3931 1172 3984 vir
1203 3931 1294 3988 ille
1325 3932 1473 3988 ferus
1503 3933 1624 4004 ejus
1649 3937 1870 4006 quidem
1907 3955 2107 3998 manus

527 4019 741 4088 alligati
792 4022 1110 4090 poplitibus,
1155 4031 1210 4076 et
1269 4023 1494 4094 longum
1548 4025 1754 4095 lignum
1810 4029 1866 4085 in
1926 4033 2107 4089 medio

527 4115 817 4180 utriusque
851 4116 1173 4183 transadigi.
1200 4132 1296 4170 sex
1325 4126 1505 4172 autem
1537 4121 1686 4174 viros
1743 4122 2004 4181 robustos
2031 4128 2102 4183 ab

530 4208 821 4273 utriusque
865 4205 994 4272 ligni
1062 4207 1328 4262 extremis
1378 4213 1835 4279 conscendentes,
1892 4214 2107 4274 fortiter

531 4313 779 4366 premere
809 4310 1226 4353 sacrosanctum
1272 4302 1403 4355 illud
1461 4319 1685 4372 corpus,
1711 4305 1781 4362 de
1833 4309 2106 4366 industria

534 4385 694 4439 lactis
726 4387 979 4450 saltibus,
1019 4397 1072 4441 et
1098 4405 1226 4444 ossa
1273 4391 1396 4460 ejus
1449 4393 1798 4464 confringere
1825 4407 1880 4453 ct
1909 4398 2107 4454 dissol-

2205 3211 2278 3274 ὡς
2314 3212 2453 3278 αὐτή
2483 3229 2542 3264 τε
2570 3212 2842 3276 ἀθάνατος
2870 3210 2954 3280 εἴη
3011 3213 3104 3264 καὶ
3123 3211 3200 3281 τῷ
3236 3211 3353 3280 ίδίῳ
3384 3210 3546 3263 πάλιν
3570 3209 3790 3277 σώματι

2206 3302 2540 3356 συνελθοῦσα
2577 3303 2716 3372 μετὰ
2737 3302 2837 3372 τὴν
2879 3302 2974 3356 τοῦ
3007 3303 3244 3356 θανάτου
3265 3302 3512 3357 διάλυσιν
3561 3302 3786 3356 αἰωνίου

2209 3394 2395 3462 μέλλοι
2425 3393 2567 3463 ζωῆς
2607 3393 2910 3458 κοινωνεῖν,
2936 3433 2950 3457 ,
2981 3392 3190 3454 τούτοις
3217 3392 3328 3461 ἄρα
3350 3392 3446 3445 καὶ
3477 3393 3508 3460 ἡ
3537 3391 3790 3460 παροῦσα

2207 3486 2320 3553 ζωὴ
2351 3487 2541 3555 χρῆμα
2569 3484 2804 3555 σμικρὸν
2837 3486 2929 3538 καὶ
2951 3483 3430 3552 εὐκαταφρόνητον
3448 3484 3544 3536 καὶ
3572 3485 3599 3535 ὁ
3623 3484 3791 3536 θάνα-

2213 3595 2304 3642 τος
2337 3578 2539 3649 ἥκιστα
2571 3576 2821 3647 φοϐερός.
2863 3575 3124 3646 Ἀψευδὴς
3144 3575 3254 3646 γάρ
3287 3578 3314 3628 ὁ
3356 3576 3627 3647 ἡμέτερος
3656 3577 3790 3639 Θεὸς

2214 3673 2306 3725 καὶ
2333 3671 2679 3736 διδάσκαλος,
2715 3689 2736 3725 ι
2775 3671 2867 3739 Μὴ
2895 3668 3158 3739 φοϐηθῇς,
3184 3688 3201 3720 ι
3242 3668 3438 3736 λέγων,
3495 3686 3513 3719 ι
3548 3669 3658 3722 ἀπὸ
3682 3669 3792 3722 τῶν

2210 3762 2647 3816 ἀποκτεινόντων
2695 3762 2757 3814 τὸ
2799 3762 2982 3830 σῶμα,
3014 3760 3112 3828 τὴν
3145 3758 3201 3812 δὲ
3235 3758 3414 3829 ψυχὴν
3466 3759 3789 3812 ἀποκτεῖναι

2210 3853 2286 3924 μὴ
2317 3853 2660 3922 δυναμένων.
2696 3870 2715 3905 ι

2277 3946 2352 4002 Θ’.
2396 3945 2526 4000 Τότε
2551 3945 2764 4000 κελεύει
2793 3945 2820 3998 δ
2847 3941 3120 4015 θηριώδης
3170 3944 3381 4006 ἐκεῖνος
3417 3942 3515 4007 τάς
3551 3941 3650 4012 μὲν
3677 3944 3791 4013 χεῖ-

2208 4059 2314 4116 ρας
2354 4041 2518 4095 αὑτοῦ
2571 4042 2689 4102 ταῖς
2726 4037 2938 4106 ἰγνύαις
2973 4037 3363 4107 προσδεθῆναι,
3398 4036 3554 4102 ξύλον
3579 4055 3639 4092 τε
3685 4055 3792 4106 μα-

2206 4139 2339 4209 κρὸν
2360 4137 2526 4207 μέσον
2547 4134 2954 4207 άμφωτέρωθεν
2975 4133 3312 4204 διελαθῆναι,
3343 4134 3403 4199 ἓξ
3420 4133 3477 4188 δὲ
3508 4135 3707 4206 ἄνδρας
3728 4133 3790 4199 ἐξ

2205 4232 2486 4300 ἑκατέρων
2531 4229 2716 4298 ἄκρων
2763 4227 2857 4280 τοῦ
2889 4224 3050 4292 ξύλου
3105 4225 3504 4296 ἐπιϐεϐηκότας
3541 4225 3790 4295 ἀτεχνῶς

2209 4323 2467 4393 ἰσχυροὺς
2507 4320 2841 4393 ἐρρωμένως
2873 4319 3088 4385 πιέζειν
3117 4322 3231 4384 τοίς
3282 4320 3536 4391 ἐπίτηδες
3579 4321 3789 4389 ἆλμασι

2206 4415 2273 4468 τὸ·
2311 4413 2453 4482 ἱερὸν
2487 4415 2665 4465 ὲκεῑνο
2697 4411 2857 4482 σῶμα
2901 4412 2997 4465 καὶ
3026 4412 3096 4466 τὰ
3130 4411 3268 4466 ὀστᾶ
3311 4412 3655 4476 συνθλῶντας
3693 4416 3792 4467 καὶ

530 4491 680 4529 vere.
718 4475 919 4532 Deinde
951 4480 1115 4533 etiam
1155 4483 1307 4535 .mali
1369 4499 1592 4554 quoque
1647 4486 1883 4543 Persica:
1931 4491 2104 4563 virgis

2212 4475 2550 4569 διαλύοντας,
2582 4503 2676 4557 ἐπὶ
2705 4475 2918 4567 τούτοις
2959 4504 3056 4557 καὶ
3107 4504 3328 4574 ῥάϐδοις
3360 4504 3503 4576 ῥοῶν
3543 4505 3792 4575 ἀνηλεῶς

533 4582 658 4621 eum
692 4569 994 4624 verberari.
1033 4569 1339 4628 indomitus
1383 4585 1564 4630 autem
1618 4578 1709 4634 ille
1769 4580 1994 4647 athleta,
2056 4594 2110 4639 et

534 4659 695 4725 cujus
728 4661 875 4715 nulla
921 4677 978 4715 re
1012 4661 1364 4734 frangebatur
1410 4667 1656 4737 spiritus,
1687 4673 1912 4741 perinde
1946 4691 2010 4730 ac
2061 4677 2108 4732 si

531 4755 743 4809 nullum
775 4754 1016 4810 dolorem
1037 4757 1263 4813 sentiret
1282 4775 1312 4814 a
1332 4770 1440 4815 tam
1477 4762 1674 4834 insigni
1697 4765 1964 4833 cruciatu,
1991 4783 2110 4822 ma-

530 4861 639 4917 gno
668 4856 723 4902 et
755 4849 974 4904 excelso
1023 4851 1208 4907 animo
1277 4854 1554 4924 aspiciens
1596 4857 1662 4911 ad
1689 4855 1932 4926 iudicem
1963 4878 1977 4916 :
2033 4861 2107 4918 Ut

530 4941 769 5007 videtur,
827 4943 1029 5014 inquit,
1066 4959 1298 5016 corpora
1351 4948 1664 5016 hominum,
1712 4967 1835 5022 quas
1891 4955 2105 5011 discer-

531 5044 758 5102 puntur,
795 5035 893 5090 tibi
957 5037 1193 5107 aliquam
1230 5039 1464 5096 aﬂ'erunt
1517 5043 1872 5114 voluptatem,
1932 5049 2107 5104 instar

530 5141 730 5179 canum
763 5137 860 5181 aut
912 5141 1200 5183 corvorum
1254 5131 1334 5187 cis
1387 5133 1600 5204 impleri
1643 5137 1908 5206 cupienti.
1953 5138 2108 5196 Scias

531 5233 662 5285 ergo
709 5234 794 5272 me
853 5220 1054 5274 nullam
1089 5221 1294 5277 ducere
1326 5226 1595 5280 rationem
1634 5227 1829 5283 horum
1865 5240 2107 5286 tormen-

530 5321 736 5378 torum,
766 5327 884 5381 qua:
910 5327 941 5366 a
979 5325 1028 5368 te
1063 5313 1396 5372 inferuntur.
1448 5319 1556 5373 Aut
1589 5334 1719 5388 ergo
1775 5337 1915 5376 nova
1943 5339 2108 5379 exco-

529 5405 637 5473 gita
677 5407 967 5476 supplicia,
1009 5416 1102 5463 aut
1135 5415 1276 5466 scito
1308 5427 1392 5467 me
1417 5428 1480 5468 ea
1511 5415 1646 5470 nihil
1677 5414 1878 5472 facere.
1916 5415 2106 5488 Magus

528 5508 712 5552 autem
747 5498 931 5553 statim
963 5514 1263 5558 conversus
1297 5502 1363 5558 ad
1395 5505 1651 5562 lictores:
1703 5507 1836 5572 Cur,
1904 5510 2104 5580 inquit,

529 5589 960 5644 misericorditer
976 5588 1165 5663 ﬂagris
1189 5594 1400 5653 creditis
1423 5596 1647 5669 impimn
1669 5600 1693 5653 ?
1715 5597 1907 5656 Videte
1931 5602 2100 5666 enim,

603 5774 620 5806 ⁸
662 5775 797 5835 Luc.
826 5796 921 5846 ιιι,
955 5781 1004 5835 7.

2207 4601 2370 4654 αὐτὸν
2410 4597 2736 4653 τύπτεσθαι.
2777 4597 2838 4650 Ὀ
2863 4597 2919 4650 δὲ
2943 4597 3158 4668 ἀδάμας
3185 4598 3428 4672 ἀθλητὴς
3452 4600 3658 4663 ἐκεῖνος
3695 4603 3793 4654 καὶ

2208 4692 2269 4746 τὸ
2319 4693 2575 4762 φρόνημα
2605 4689 2697 4742 ὑπ’
2738 4686 2951 4751 οὐδενὸς
2979 4687 3413 4759 ταπεινούμενος
3433 4689 3624 4762 ὥσπερ
3650 4691 3791 4744 ἀπό-

2209 4803 2313 4848 νως
2359 4784 2450 4836 καὶ
2487 4782 2808 4851 ἀναλγήτως
2861 4781 2996 4852 πρὸς
3043 4781 3280 4852 βασάνου
3335 4782 3590 4853 τοιαύτην
3621 4783 3794 4853 ὑπερ·-

2210 4879 2372 4944 ϐολὴν
2397 4876 2763 4945 διακείμενος,
2809 4875 3030 4940 εὐγενές
3051 4894 3104 4929 τι
3136 4876 3230 4930 καὶ⁸
3260 4877 3604 4948 μεγαλόφρον
3651 4877 3791 4946 πρὶς

2204 4971 2297 5024 τὸν
2330 4969 2591 5039 δικαστὴν
2624 4969 2963 5040 ἀποϐλέψας,
2998 4970 3086 5034 Ὧς
3112 4971 3310 5035 ἔοικεν,
3336 4970 3533 5040 ἡδονήν
3561 4987 3644 5024 σοι
3667 4974 3793 5027 τινὰ

2203 5061 2272 5112 τὰ
2297 5058 2406 5112 τῶν
2446 5056 2773 5129 ἀνθρώπων,
2809 5057 2938 5128 ἔφη,
2974 5057 3208 5128 σώματα
3260 5059 3791 5131 διασπαρασσόμενα

2207 5152 2430 5222 ἐμποιεῖ
2453 5151 2546 5205 τὸν
2592 5149 2835 5221 κυνῶνῆ
2893 5151 3156 5220 κοράκων
3206 5150 3431 5222 τρόπον,
3500 5153 3785 5221 έμπίπλα-
3833 5153 3836 5160 ’

2209 5241 2334 5294 σθαι
2355 5239 2564 5294 τούτων
2603 5239 2900 5310 ἐφιεμένῳ.
2954 5239 3129 5293 Γνῶθι
3162 5241 3452 5310 τοιγαροῦν
3493 5245 3682 5312 σαφῶς
3708 5244 3787 5308 ὡς

2208 5331 2387 5393 οὐδείς
2429 5349 2517 5403 μοι
2548 5331 2703 5400 λόγος
2731 5331 2840 5384 τῶν
2872 5333 3027 5400 παρὰ
3067 5333 3162 5385 σοῦ
3196 5335 3402 5387 τούτων
3430 5335 3788 5404 ἐπαγομένων

2206 5423 2554 5492 βασάνων.’“ίί
2577 5423 2758 5477 τοίνυν
2787 5426 3105 5494 καινοτέρας
3132 5426 3359 5492 ἐπινόει,
3388 5426 3417 5497 ἢ
3444 5431 3649 5491 ταύτας
3675 5427 3788 5482 ῐσθι

2203 5515 2262 5566 τὸ
2293 5515 2462 5585 μηδέν
2494 5533 2583 5586 μοι
2605 5516 2988 5587 λογιζομένοις.
3028 5519 3086 5572 ὐ
3111 5517 3167 5571 δὲ
3211 5519 3385 5589 μάγος
3413 5519 3616 5574 αὐτίκα
3646 5523 3787 5591 πρὸς

2202 5606 2324 5669 τοὺς
2356 5605 2584 5676 δημίους
2615 5608 2997 5680 ἐπιστραφεὶς,
3032 5610 3147 5664 Ἵνα
3178 5611 3232 5664 τί
3285 5612 3420 5684 πρὸς
3445 5611 3622 5681 ἔλεον,
3655 5613 3787 5685 ἔφη,
