4142 6384
381 335 481 400 Sil

1239 335 1648 395 CERTAMEN
1691 334 1749 394 S.
1795 330 2195 392 ACEPSIMJE
2235 331 2331 391 ET
2367 329 2780 393 SOCIORUM.

3533 331 3640 395 8B

384 453 681 525 μαστίζετε
734 455 825 507 τὸν
874 455 1141 522 ἆνόσιον;
1194 457 1366 526 ’ὁρᾶτε
1400 456 1507 523 γὰρ
1557 455 1705 518 ὅπως
1754 451 1970 522 φειδοῦς

2085 451 2360 521 quomodo
2393 453 2521 506 dum
2546 451 2604 507 ei
2638 453 2883 519 parcitis,
2908 452 2973 506 ad
3001 471 3100 508 nos
3137 455 3490 513 incessendos
3523 473 3663 513 con-

384 547 712 616 ἀξιούμενος
739 549 876 618 πρὸς
907 548 1006 610 τὰς
1026 547 1150 602 καθ’
1182 547 1342 617 ἡμῶν
1372 547 1560 618 ὕϐρεις
1591 546 1732 598 κατὰ
1765 545 1968 613 πολλὴν

387 643 561 711 χωρεῖ
581 641 680 711 τὴν
707 641 1043 712 ἐλευθερίαν.
1078 643 1150 695 Oi
1174 641 1251 707 δὲ,
1281 640 1472 710 ὥσπερ
1500 638 1606 692 τινὶ
1655 637 1864 706 κέντρῳ
1893 636 1970 706 τῷ

385 734 532 803 λόγῳ
559 734 966 801 διαναστάντες,
994 733 1168 797 οῦτως
1197 734 1454 786 ἐπέθεντο
1484 731 1764 801 κραταιῶς
1805 730 1879 793 ὠς
1909 731 1972 784 ἐκ

381 828 484 898 τῆς
510 826 618 880 τῶν
644 826 1058 898 ὲπιόεϐηκότων
1087 827 1164 896 τῷ
1195 824 1338 896 ξύλῳ
1393 824 1699 895 βαρύτητος
1746 824 1842 875 καὶ
1872 823 1974 888 τῆς

383 920 497 975 τῶν
545 920 834 973 τεινόντων
893 918 1256 988 σφοδρότητος
1311 920 1412 986 τῆς
1441 916 1728 987 ὠμότητός
1759 933 1817 968 τε
1863 914 1974 967 τῶν

391 1011 767 1086 μαστιζόντων
795 1009 980 1063 τέλεον
1010 1008 1320 1079 παρεθῆναι
1357 1008 1455 1077 μὲν
1489 1007 1640 1078 αὐτῷ
1671 1008 1768 1067 τὰς
1800 1007 1976 1077 ἁρμο-

385 1106 508 1170 νίας
532 1105 627 1158 τοῦ
658 1103 934 1174 σώματος,
965 1101 1372 1172 συνθλασθῆναι
1397 1101 1457 1155 δὲ
1484 1100 1554 1154 τὰ
1589 1101 1725 1153 ὀστᾶ
1750 1099 1844 1152 καὶ
1875 1098 1974 1162 τὰς

386 1198 605 1267 σάρκας
639 1195 1105 1263 καταξανθῆναι.·
1145 1192 1626 1254 Διαόαστάσαντες
1649 1188 1748 1245 οὖν
1781 1189 1971 1254 αὑτὸν,

387 1286 512 1340 ἐπεὶ
541 1286 620 1356 μὴ
649 1288 890 1355 χρῆσθαι
916 1286 1027 1348 τοῖς
1067 1283 1228 1338 ποσὶν
1262 1281 1497 1354 ἠδύνατο
1525 1282 1720 1353 ὥσπερ
1750 1300 1803 1337 τι
1837 1299 1976 1352 φορ·

383 1378 500 1432 τίον
527 1383 595 1451 τῇ
629 1380 844 1450 φυλακῇ
875 1377 1316 1449 προσρίπτθυσιν
1336 1419 1354 1446 ,
1409 1376 1543 1432 ἔνθα
1570 1375 1635 1448 δὴ
1667 1377 1761 1430 καὶ
1787 1377 1826 1447 ή
1861 1375 1971 1430 τῶν

383 1473 560 1542 ἁγίων
590 1475 721 1537 δυάς
757 1472 1155 1536 κατάκλειστος
1185 1467 1280 1543 ἦν.

462 1565 520 1622 l'.
547 1567 715 1622 Πέντε
743 1565 962 1636 διῆλθον
995 1565 1224 1637 ἡμέραι,
1255 1565 1352 1618 καὶ
1381 1563 1609 1628 τούτους
1643 1563 1738 1616 τοῦ
1763 1563 1978 1634 δεσμω-

383 1664 576 1735 τηρίου
611 1661 976 1732 ἐξαγαγόντες
1019 1662 1100 1724 εἰς
1129 1661 1297 1714 τόπον
1326 1659 1386 1723 ὃς
1413 1660 1666 1714 ἐκαλεῖτο
1699 1645 1976 1730 Παράδει·

2078 542 2316 597 tumellis
2412 543 2649 597 maxima
2715 544 2992 599 invehitur
3046 547 3314 602 libertate.
3369 547 3446 603 Illi
3507 565 3660 617 vero,

2078 636 2247 688 veluti
2281 634 2523 704 quodam
2552 635 2778 689 stimulo
2801 635 2922 707 eius
2953 652 3209 694 sermone
3265 641 3516 706 excitati,
3548 653 3657 696 tam

2077 725 2292 781 fortiter
2344 727 2712 792 invaserunt,
2767 737 2828 783 ut
2879 744 2944 784 ex
2993 732 3262 799 gravitate
3314 749 3506 788 eorum
3562 735 3661 804 qui

2079 815 2463 880 ascenderant,
2495 825 2546 870 et
2578 832 2646 872 ex
2677 819 3022 874 vehementia
3082 837 3274 876 eorum
3316 826 3409 894 qui
3463 828 3656 880 tende-
3759 885 3762 888 ,

2077 909 2233 973 bant,
2266 919 2322 962 et
2368 924 2439 964 ex
2501 911 2827 966 credulitate
2895 927 3083 967 eorum
3143 916 3237 984 qui
3285 916 3655 986 flagellabant,

2076 1013 2370 1070 compages
2407 999 2630 1070 quidem
2666 1003 2918 1071 corporis
2968 1004 3018 1058 ei
3076 1003 3285 1060 fuerint
3340 1008 3658 1079 dissolutae,

2077 1107 2206 1148 ossa
2230 1101 2411 1148 autem
2434 1095 2544 1150 sint
2575 1095 2875 1161 confracta,
2904 1105 2958 1152 et
2985 1112 3182 1154 carnes
3202 1100 3312 1154 sint
3340 1100 3659 1173 discerptas.

2079 1181 2217 1238 Eum
2241 1197 2372 1256 ergo
2401 1194 2707 1256 portantes,
2736 1188 2997 1256 quoniam
3037 1190 3268 1260 pedibus
3312 1193 3541 1250 minime
3581 1196 3662 1251 uti

2081 1285 2319 1344 poterat,
2363 1287 2623 1348 tanquam
2666 1293 2817 1334 onus
2871 1281 3094 1352 aliquod
3157 1285 3461 1354 projicinnt
3507 1287 3558 1342 vi
3605 1288 3662 1343 in

2080 1370 2410 1437 custodiam,
2446 1369 2502 1426 in
2542 1386 2652 1440 qua
2709 1372 2877 1428 etiam
2929 1373 3202 1430 inclusum
3236 1387 3357 1432 erat
3396 1377 3529 1435 illud
3566 1394 3664 1450 par

2080 1470 2421 1518 sanctorum.

2155 1551 2220 1609 Χ.
2250 1553 2386 1609 Cum
2418 1556 2662 1628 quinque
2690 1557 2806 1613 dies
2860 1560 3280 1629 praeteriissent,
3327 1579 3425 1620 eos
3453 1580 3485 1620 e
3538 1582 3662 1623 car-

2082 1658 2209 1700 cere
2238 1643 2567 1714 eduxerunt,
2603 1657 2658 1702 et
2694 1649 2970 1704 duxerunt
3017 1650 3073 1706 in
3102 1653 3304 1716 locum,
3355 1656 3451 1724 qui
3504 1672 3662 1712 voca-

386 1770 482 1816 σος
511 1752 760 1821 ἄγουσιν,
809 1744 872 1804 οῦ
905 1750 972 1821 δὴ
1005 1749 1098 1802 καὶ
1132 1749 1368 1821 πλησίον
1417 1751 1546 1813 ναὸς
1575 1751 1875 1820 ἐτύγχανεν
1900 1747 1977 1802 ὢν

2085 1735 2246 1792 batur
2275 1739 2602 1804 Paradisus,
2631 1756 2800 1812 prope
2831 1743 2978 1812 quod
3024 1757 3151 1799 erat
3185 1747 3444 1816 templum
3499 1749 3664 1819 ignis.

383 1844 480 1901 τοῦ
509 1845 643 1914 παρ’
674 1842 857 1899 αὐτῶν
907 1841 1206 1913 σεϐομένου
1240 1841 1437 1914 πυρὸς,
1472 1841 1530 1894 ἐν
1561 1835 1605 1909 ᾧ
1631 1840 1978 1912 προκαθίσας

385 1941 417 1994 ὀ
467 1938 686 2010 μιαρὸς,
745 1935 956 1991 Είπατέ
1013 1953 1104 2007 μοι
1133 1935 1195 1989 τὸ
1223 1937 1412 2005 τάχος,
1449 1934 1585 2005 πρὸς
1610 1935 1740 1998 τοὺς
1791 1935 1984 2003 ἁγίους

389 2033 580 2100 φησιν,
614 2029 694 2082 ἔτι
726 2030 805 2101 τῷ
837 2029 988 2100 αὐτῷ
1031 2029 1132 2098 τῆς
1163 2027 1349 2091 ἀνοίας
1380 2028 1680 2099 ἐπιμένετε
1712 2027 1982 2098 λογισμῷ,

389 2126 425 2196 ἧ
454 2141 507 2177 τι
546 2127 797 2194 κρεῖττον
847 2123 978 2190 ὑμῖν
1028 2121 1529 2191 μεταϐεσούλευται
1549 2121 1646 2175 καὶ
1673 2121 1982 2191 σωτήριονς

385 2216 452 2270 Ol
498 2215 645 2285 ἅγιοι
671 2215 747 2279 ὡς
797 2214 858 2280 ἐξ
891 2213 1010 2278 ὲνδς
1063 2213 1334 2284 στόματος
1367 2213 1531 2277 εὐθὺς
1585 2212 1980 2285 ἀπεκρίναντο·

386 2309 634 2364 Γνωστὸν
670 2309 812 2362 ἔστω
863 2323 967 2371 σοι,
1013 2307 1268 2370 δικαστά,
1305 2306 1389 2360 ὅτι
1435 2305 1494 2358 ὃν
1527 2303 1587 2371 ἐξ
1621 2307 1797 2375 ἀρχῆς
1823 2305 1981 2372 λογι-

389 2403 530 2474 σμδν
577 2403 822 2472 εῐχομεν,
850 2400 1026 2469 τούτῳ
1077 2397 1171 2452 καὶ
1201 2398 1369 2452 είσέτι
1405 2397 1748 2468 στοιχοῦντές
1787 2399 1977 2466 ἐσμεν,

389 2494 680 2564 καὶμέχρι
727 2493 916 2553 τέλους
947 2491 1041 2545 τὸν
1093 2490 1256 2545 αὑτὸν
1283 2490 1504 2561 ἕξομεν,
1544 2491 1646 2543 οὐκ
1699 2487 1976 2555 ἀπειλαῖς,

388 2589 451 2642 ού
486 2587 766 2655 βασάνοις,
819 2584 881 2637 ού
913 2584 1168 2653 δωρεαῖς,
1211 2581 1392 2636 οὐδενὶ
1422 2581 1569 2652 ἄλλῳ
1613 2581 1675 2634 τὸ
1713 2580 1977 2652 παράπαν

392 2677 831 2750 μετατιθέμενοι.
848 2675 989 2730 Ἕνα
1005 2675 1114 2743 γὰρ
1149 2674 1282 2729 Θεὸν
1303 2676 1740 2745 προσκυνοῦμεν,
1758 2675 1855 2728 καὶ
1878 2673 1980 2726 αύ-

387 2772 481 2826 τδν
515 2769 676 2840 μόνον
707 2768 912 2838 Κύριον
960 2761 1102 2821 εἶναι
1132 2767 1242 2819 τῶν
1284 2767 1455 2820 ὄντων
1485 2768 1706 2820 πάντων
1732 2764 1982 2834 ἐγνώκα-

392 2880 514 2934 μεν.
539 2861 760 2916 τούτων
795 2861 1036 2924 ἀκούσας
1073 2861 1101 2914 ό
1135 2859 1332 2930 μάγος,
1382 2858 1620 2926 βασάνου
1653 2859 1817 2912 πάλιν
1865 2858 1984 2911 ὲτέ·

391 2970 494 3022 ραν
521 2952 734 3006 ἐπενόει
785 2951 1144 3020 καινοτομίαν
1165 2989 1178 3012 ,
1210 2950 1303 3002 καὶ
1343 2947 1566 3000 κελεύει
1600 2946 1856 3016 σχοινίοις
1884 2946 1982 3001 αύ-

2082 1832 2176 1906 qui
2208 1831 2278 1886 ab
2306 1833 2398 1887 eis
2432 1833 2745 1888 colebatur.
2770 1835 2838 1888 -ln
2867 1852 2978 1905 quo
3019 1852 3142 1892 cum
3173 1841 3533 1907 praesedisset
3573 1843 3664 1898 ille

2081 1924 2388 1979 sceleratus
2417 1941 2430 1978 :
2464 1923 2645 1980 Ocius
2690 1926 2824 1980 mihi
2854 1929 3040 1995 dicite,
3097 1932 3274 2000 inquit
3309 1935 3541 1998 sanctis,
3593 1949 3664 1989 an

2083 2015 2262 2072 adhuc
2287 2019 2662 2088 permaneatis
2705 2019 2760 2074 in
2814 2020 3006 2075 eadem
3061 2025 3232 2078 stulta
3293 2027 3664 2096 cogitatione,

2083 2125 2154 2164 an
2185 2110 2478 2165 consilium
2512 2114 2864 2170 :mutaveritis
2891 2115 2943 2168 in
2972 2116 3178 2186 aliquid
3226 2117 3419 2174 melius
3451 2129 3508 2174 et
3573 2134 3666 2173 sa-

2086 2201 2278 2258 lutare.
2310 2202 2500 2258 Sancti
2535 2213 2797 2275 tanquam
2852 2222 2965 2262 uno
2997 2223 3095 2263 ore
3145 2211 3397 2278 protinus
3443 2225 3664 2279 respon-

2081 2293 2314 2352 derunt:
2349 2293 2548 2351 Notum
2585 2299 2679 2352 tibi
2708 2301 2800 2364 sit,
2831 2299 3021 2368 iudex,
3044 2301 3190 2370 quod
3217 2316 3382 2369 quam
3407 2302 3477 2356 ab
3508 2302 3667 2360 initio

2082 2384 2378 2443 habuimus
2417 2389 2828 2460 cogitationem,
2859 2391 2914 2446 in
2967 2408 3028 2446 ea
3056 2393 3237 2450 adhuc
3291 2395 3666 2464 persistimus,

2077 2485 2133 2534 et
2200 2493 2462 2552 perpetuo
2545 2487 2902 2553 persistemus
2942 2525 2957 2552 ,
3051 2502 3158 2542 non
3251 2489 3464 2554 minis,
3556 2504 3666 2546 non

2081 2575 2422 2638 tormentis,
2481 2591 2591 2629 non
2648 2577 2854 2640 donis,
2912 2579 3060 2632 nullo
3117 2579 3354 2650 denique
3414 2581 3522 2636 alio
3553 2597 3660 2636 om-

2081 2665 2216 2720 nino
2249 2667 2466 2731 mutati,
2498 2667 2594 2722 sed
2627 2685 2796 2722 unum
2835 2669 3003 2726 Deum
3058 2672 3378 2736 adoramus,
3415 2684 3465 2728 et
3517 2690 3668 2729 eum-

2083 2755 2206 2811 dem
2255 2755 2432 2812 solum
2488 2772 2610 2813 esse
2673 2760 2960 2815 Dominum
3007 2764 3261 2818 omnium
3311 2780 3502 2820 eorum
3547 2783 3668 2838 qua?

2083 2865 2232 2919 sunt,
2256 2855 2636 2924 cognovimus.
2671 2856 2797 2910 Haec
2823 2872 2947 2911 cum
2977 2858 3242 2914 audiisset
3277 2873 3492 2930 magns,
3514 2860 3664 2918 aliud

2086 2962 2284 3000 rursus
2318 2961 2518 3001 novum
2552 2947 2828 3017 excogitat
2863 2955 3232 3016 tormentum,
3261 2958 3317 3005 et
3373 2949 3533 3020 jubet
3569 2967 3668 3010 eos

389 3047 518 3110 τοὺς
550 3045 640 3099 διά
667 3063 724 3098 τε
758 3044 866 3098 τῶν
910 3043 1206 3113 μασχαλῶν
1238 3043 1334 3096 καὶ
1369 3043 1467 3112 τῆς
1499 3042 1703 3110 ὀσφύος
1742 3042 1837 3095 καὶ
1865 3041 1976 3093 τῶν

2085 3039 2224 3108 cingi
2265 3038 2487 3094 funibus
2520 3056 2615 3108 per
2669 3041 2867 3094 axillas
2917 3051 2970 3095 et
3004 3041 3220 3099 lumbos
3255 3052 3309 3098 et
3364 3045 3549 3110 tibias,
3609 3059 3666 3100 tn

391 3137 621 3207 κνημῶν
660 3136 990 3206 περιζώσαι,
1029 3135 1150 3189 καθ’
1182 3135 1414 3188 ἕκαστον
1445 3134 1502 3186 δὲ
1533 3134 1796 3203 ζωστῆρα
1821 3132 1980 3198 ξύλον

390 3228 782 3300 ὲμϐάλλεσθαι,
808 3229 902 3280 καὶ
920 3227 1448 3297 περιδινεῖσθαι,καὶ
1473 3225 1551 3296 τῷ
1577 3227 1801 3297 σχοινίῳ
1825 3227 1984 3297 στερ-

394 3323 502 3396 ρῶς
538 3319 936 3392 στρεϐλοῦσθαι
958 3337 972 3350 ο
1004 3313 1065 3372 οῦ
1101 3318 1398 3388 γενομένου
1433 3318 1616 3387 Θέαμα
1644 3319 1884 3388 χαλεπὸν
1911 3314 1981 3389 ἦν

395 3415 489 3470 καὶ
517 3413 818 3484 ὀφθαλμοῖς
857 3413 1085 3484 ἡμέροις
1117 3411 1370 3481 δακρύων
1394 3409 1567 3474 ἄξιον.
1617 3410 1698 3462 Τὰ
1727 3410 1827 3480 μὲν
1873 3412 1979 3480 γὰρ

396 3508 532 3574 ξύλα
566 3506 926 3577 περιειλείτο,
961 3504 1018 3558 αί
1050 3505 1252 3574 σχοῖνοι
1280 3503 1337 3555 δὲ
1375 3504 1823 3573 συνεστρέφοντο,
1844 3505 1979 3557 κάν-

390 3597 584 3653 τεῦθον
641 3597 840 3668 σάρκες
875 3613 935 3648 τε
971 3595 1274 3658 ἐπιέζοντο,
1319 3596 1414 3648 καὶ
1458 3596 1785 3667 ήσυντριόῆ
1830 3595 1977 3665 μάλα

392 3692 566 3760 δεινή.
593 3690 703 3744 Καὶ
719 3690 829 3759 γάρ
861 3691 974 3753 τοῖς
1010 3689 1200 3760 πόῤῥω
1226 3688 1541 3757 διεστηκόσι
1571 3687 1744 3756 ψόφος
1776 3681 1886 3750 οἷος
1915 3690 1979 3740 ὲκ

397 3785 505 3838 τῶν
525 3783 699 3838 ὀστῶν
723 3782 975 3854 ἠκούετο.
1010 3778 1120 3835 Ἦν
1143 3782 1200 3834 δὲ
1233 3783 1295 3834 τὸ
1322 3785 1385 3852 τῇ
1438 3781 1662 3852 βασάνῳ
1721 3780 1978 3848 ἐπιλεγόο

403 3893 585 3947 μενονο
620 3877 711 3946 Τῷ
743 3877 1015 3945 θελήματι
1045 3875 1135 3928 τοῦ
1166 3873 1432 3945 βασιλέως
1467 3873 1541 3945 μὴ
1565 3873 1978 3928 ἀντιτάσσεσθε.

401 3964 537 4022 Εἶτα
567 3968 628 4021 τὸ
665 3966 804 4035 πρὸς
857 3965 964 4018 τῶν
1001 3966 1177 4033 ἁγίων
1225 3965 1762 4032 ἀντιφθεγγόμενονο
1807 3964 1869 4015 Οἱ
1907 3962 1984 4034 τῷ

397 4057 494 4112 τοῦ
527 4056 787 4126 βασιλέως
817 4057 846 4107 ύ
857 4055 973 4125 μῶν
1004 4053 1272 4123 θελήματι
1303 4053 1737 4115 καθυπείκοντες
1783 4052 1862 4122 τῷ
1889 4051 1981 4105 τοῦ

396 4150 536 4204 Θεοῦ
566 4149 839 4219 θελήματι
865 4146 1234 4214 ἀντιλέγουσι.
1292 4145 1465 4218 Τρίτη
1516 4145 1615 4216 μὲν
1649 4143 1744 4197 οὖν
1769 4144 1888 4216 ὥρα
1912 4139 1982 4215 ἦν

395 4246 487 4298 ὅτε
541 4244 573 4313 ἡ
618 4243 851 4312 βάσανος
896 4242 1135 4310 ἤρχετο·
1197 4239 1360 4310 μέχρι
1394 4239 1450 4292 δὲ
1493 4240 1590 4292 καὶ
1641 4238 1806 4309 ἕκτης
1839 4237 1984 4292 οῦτω

398 4337 721 4408 πασχόντων
753 4336 862 4390 τῶν
889 4334 1139 4407 ἀθλητῶν
1177 4332 1554 4407 παρετείνετο.

499 4515 578 4568 A'.
624 4512 1036 4583 Ἀπαγορεύσας
1087 4511 1180 4564 οῦν
1219 4511 1422 4583 μᾶλλον
1465 4512 1492 4564 ὁ
1519 4511 1783 4582 δικαστὴς
1812 4513 1893 4573 εἰς
1925 4509 1986 4563 τὸ

397 4605 777 4675 δεσμωτήριον
807 4604 1006 4667 αὐτοὺς
1024 4602 1190 4656 πάλιν
1217 4603 1508 4655 ἐκέλευσεν
1533 4602 1872 4673 ἀπαχθῆναι.
1893 4602 1987 4656 Διδ

394 4698 464 4765 δὴ
502 4700 597 4750 καὶ
648 4696 980 4768 ἀπήχθησαν
1009 4697 1072 4751 ού
1118 4699 1279 4751 ποσὶν
1309 4698 1559 4762 οἰκείοις,
1594 4699 1709 4751 ἀλλ’
1744 4698 1835 4767 ὑφ’
1871 4697 1988 4751 ἑτέ-

399 4807 512 4861 ρων
536 4790 692 4842 αὐτοὶ
717 4789 1050 4854 διαδασταζό
1059 4807 1214 4860 μενοι
1249 4790 1329 4861 τῷ
1354 4790 1706 4844 παντάπασιν
1729 4792 1991 4860 νενεκρῶο

402 4886 550 4936 σθαι.
577 4883 939 4953 Παρήγγελτο
961 4881 1025 4935 -δὶ
1051 4885 1164 4946 τοῖς
1194 4884 1560 4951 φυλάττουσιν
1589 4883 1686 4945 ὡς.
1721 4885 1770 4936 εί
1796 4900 1986 4954 φωρα-

399 4974 522 5045 θείη
544 4991 628 5036 τις
662 4974 872 5044 τροφῆς
907 4973 1091 5038 αὐτοῖς
1114 4975 1393 5028 κοινωνῶν
1424 4975 1457 5046 ἢ
1494 4975 1660 5027 ποτοῦ
1686 4975 1718 5044 ἢ
1750 4975 1987 5045 ἐνδύμα-

399 5083 512 5132 τος,
545 5065 802 5134 ἐσχάταις
839 5065 1286 5138 ύποσληθήσεται
1312 5067 1627 5138 τιμωρίαις.
1657 5068 1748 5130 Εἰς
1781 5067 1987 5136 ταύτην

399 5156 491 5211 οῦν
523 5159 624 5228 τὴν
652 5158 878 5231 εἱρκτὴν
913 5160 965 5212 oi
1013 5159 1106 5214 τοῦ
1149 5161 1392 5232 Χριστοῦ
1424 5161 1762 5232 στρατιῶται
1808 5162 1992 5215 πᾶσαν

399 5249 648 5304 κάκωσιν
671 5252 741 5304 δι’
789 5252 955 5305 αὑτὸν
1002 5253 1375 5324 ὑπομένοντες
1401 5294 1417 5318 ,
1451 5255 1548 5307 ἐπὶ
1588 5255 1737 5325 τρισὶ
1777 5255 1994 5326 χρόνοις

396 5342 847 5411 ιγκεκλεισμὲνοι
873 5344 1175 5414 διέμειναν,
1203 5346 1328 5400 οὐδὲ
1361 5346 1491 5416 μίαν
1517 5347 1550 5418 ἢ
1577 5347 1672 5400 τοῦ
1695 5346 1860 5416 λιμοῦ
1895 5346 1991 5399 λύ-

397 5445 504 5495 σιν,
533 5431 567 5503 ﬂ
600 5433 708 5488 τῶν
739 5437 797 5488 ὲν
828 5439 894 5506 τῇ
933 5437 1148 5507 φυλακῇ
1190 5438 1382 5492 κακῶν
1420 5439 1782 5510 παραμυθίαν
1830 5439 1986 5512 εὑρίο

396 5537 648 5589 σκοντες,
679 5525 728 5577 εί
762 5527 838 5596 μή
896 5545 1044 5589 τινες
1072 5531 1184 5581 τῶν
1218 5530 1616 5600 συνδεσμωτῶν
1670 5531 1983 5585 κατοικτεί-

392 5631 594 5687 ραντες
647 5615 824 5688 βραχύ
853 5635 908 5671 τι
969 5619 1183 5690 τροφῆς
1237 5621 1383 5674 κατὰ
1417 5622 1476 5674 τὸ
1531 5621 1756 5694 λεληθὸς
1801 5624 1988 5686 αὐτοῖς

393 5702 633 5775 ὤρεξεν.
667 5711 730 5762 0t
762 5714 872 5781 γὰρ
903 5714 970 5783 τῇ
1017 5715 1210 5782 εἱρκτῇ
1246 5713 1698 5785 προσκαθήμενοι
1743 5714 1986 5784 φύλακες

390 5794 588 5868 ἠλέουν
626 5801 726 5870 μὲν
787 5801 986 5864 αὐτοὺς
1026 5801 1136 5855 τῶν
1173 5803 1473 5872 συμφορῶν
1497 5803 1594 5860 καὶ
1647 5803 1742 5858 τοῦ
1765 5806 1980 5878 γήρως,

691 5895 964 5960 Paeon.
1016 5898 1137 5960 Gn.
1182 5894 1404 5964 CXVI.

2017 4401 2063 4457 D

2087 3145 2421 3200 unoquoque
2453 3139 2636 3185 autem
2660 3131 2880 3200 cingulo
2907 3131 3115 3201 lignum
3147 3134 3300 3204 injici
3342 3143 3396 3190 et
3427 3138 3667 3192 circum-

2084 3222 2211 3291 agi,
2279 3232 2331 3276 et
2385 3221 2514 3278 [sine
2589 3225 2940 3280 vehementer
2998 3229 3268 3298 torqueri.
3336 3228 3491 3296 Quod
3537 3245 3668 3286 cum

2084 3313 2286 3369 factum
2327 3325 2497 3381 esset,
2533 3327 2649 3371 erat
2704 3318 2965 3373 acerbum
3023 3321 3424 3389 spectaculum,
3461 3333 3515 3378 et
3570 3325 3670 3380 mi-

2083 3411 2231 3466 tibus
2281 3410 2459 3464 oculis
2514 3409 2893 3480 lacrymabile.
2946 3410 3082 3466 Nam
3112 3413 3256 3484 ligna
3282 3415 3504 3483 quidem
3562 3417 3672 3472 cir-

2085 3505 2540 3575 cumagebantur,
2599 3503 2756 3560 funes
2795 3511 2982 3559 autem
3045 3507 3510 3563 eonvertebantur
3544 3549 3560 3576 ,
3614 3517 3672 3567 et

2085 3612 2283 3652 carnes
2312 3595 2438 3651 inde
2470 3597 2885 3666 premebantur,
2918 3607 2971 3653 et
3029 3614 3156 3654 ossa
3211 3603 3660 3657 conterebantur.
3705 3676 3711 3682 ο

2086 3688 2215 3744 Erat
2242 3705 2374 3744 vero
2405 3691 2563 3745 valde
2601 3689 2785 3759 gravis
2829 3692 3132 3758 contritio;
3169 3694 3371 3750 etenim
3411 3696 3479 3752 iis
3534 3711 3672 3768 quo-

2085 3797 2191 3851 que
2244 3784 2337 3852 qui
2385 3783 2576 3853 procul
2623 3795 2784 3838 erant
2834 3787 3424 3850 remoti,-audiebatur
3483 3791 3671 3862 fragor

2087 3872 2318 3926 ossium.
2355 3873 2487 3927 Erat
2518 3881 2699 3927 autem
2757 3873 2809 3927 id
2860 3876 3005 3945 quod
3049 3877 3130 3932 eis
3192 3879 3479 3933 dicebatur
3525 3881 3674 3937 inter

2091 3973 2403 4018 tormenta:
2443 3962 2728 4018 Voluntati
2765 3967 2909 4034 regis
2956 3969 3126 4022 nolite
3181 3985 3511 4040 repugnare.
3571 3972 3674 4028 De-

2090 4054 2217 4107 inde
2250 4053 2302 4107 id
2352 4056 2498 4124 quod
2539 4071 2568 4107 e
2593 4057 2870 4110 contrario
2899 4058 3190 4113 dicebatur
3225 4075 3253 4113 a
3290 4063 3537 4117 sanctis:
3565 4061 3670 4130 Qui

2090 4143 2234 4210 regis
2271 4144 2443 4198 vestri
2497 4145 2764 4200 voluntati
2814 4146 3042 4214 cedunt,
3099 4149 3191 4204 Dei
3256 4151 3524 4207 voluntati
3587 4169 3673 4210 re-

2090 4232 2316 4288 sistunt.
2348 4234 2526 4304 Atque
2561 4245 2682 4291 erat
2739 4239 2960 4306 quidem
3016 4240 3148 4294 hora
3209 4244 3392 4306 tertia,
3445 4245 3671 4314 quando

2090 4325 2256 4392 cwpit
2311 4334 2677 4392 tormentum,
2725 4345 2899 4400 usque
2953 4331 3020 4386 ad
3082 4342 3297 4389 sextam
3352 4345 3530 4392 autem
3589 4339 3675 4396 sic

2091 4416 2427 4486 patientibus
2456 4419 2678 4474 athletis
2709 4428 2795 4474 est
2825 4422 3178 4491 productum.

2162 4507 2255 4562 XI.
2303 4507 2563 4565 Defessus
2617 4511 2802 4582 itaque
2838 4515 3032 4581 judex,
3098 4516 3271 4585 jussit
3323 4535 3418 4577 eos
3473 4537 3669 4581 rursus

2099 4599 2301 4654 abduci
2344 4600 2396 4654 in
2437 4615 2737 4657 carcerem.
2762 4603 3130 4670 Quamobrem
3166 4609 3391 4666 fuerunt
3421 4613 3666 4679 abducti,

2091 4707 2201 4747 non
2231 4692 2344 4747 suis
2371 4694 2621 4763 pedibus.
2647 4694 2743 4749 sed
2768 4701 2970 4766 portati
3004 4702 3071 4754 ab
3095 4703 3218 4756 aliis
3243 4705 3389 4773 quod
3423 4705 3456 4759 ii
3488 4719 3673 4762 essent

2091 4784 2318 4838 omnino
2379 4795 2556 4840 morte
2593 4785 2794 4841 allecti.
2857 4787 3185 4860 lmperatum
3245 4804 3429 4849 autem
3491 4797 3674 4853 fuerat

2091 4877 2442 4941 custodibus,
2473 4886 2533 4931 ut
2568 4879 2613 4933 si
2649 4880 3030 4949 deprehensus
3061 4885 3258 4940 fuisset
3297 4888 3518 4957 aliquis,
3573 4906 3671 4947 eos

2091 4971 2176 5024 vel
2221 4968 2346 5024 cibo
2375 4969 2456 5023 vel
2483 4981 2611 5039 potu
2647 4974 2728 5026 vel
2761 4975 3086 5030 indumento
3119 4978 3462 5047 impertiens,
3515 4983 3562 5037 is
3590 4981 3672 5037 uls

2095 5063 2228 5120 timo
2264 5061 2630 5133 subjiceretur
2670 5068 2963 5136 supplicio.
3002 5070 3058 5122 In
3105 5069 3251 5126 hunc
3300 5088 3430 5140 ergo
3485 5091 3674 5131 carce-

2092 5168 2210 5209 rem
2245 5153 2483 5225 conjceti
2511 5153 2716 5210 Christi
2745 5158 2971 5224 milites,
3019 5174 3238 5215 omnem
3292 5163 3672 5229 amictionent.

2091 5265 2311 5307 omnem
2368 5252 2714 5307 vexationem
2784 5262 3010 5324 propter
3071 5254 3248 5323 ipsum
3311 5260 3670 5327 sustinentes,

2095 5353 2207 5397 tres
2264 5357 2442 5398 annos
2504 5343 2704 5397 inclusi
2782 5357 3250 5414 permanserunt:
3299 5350 3504 5403 nullam
3577 5363 3674 5408 aut

2095 5431 2257 5488 famis
2315 5432 2742 5498 recreationem,
2778 5446 2872 5489 aut
2922 5438 3216 5506 malorum,
3271 5457 3392 5511 quat
3427 5446 3671 5500 erantin

2094 5525 2370 5589 custodia,
2421 5523 2769 5580 invenientes
2831 5529 3290 5600 consolationem,
3340 5534 3444 5591 nisi
3501 5537 3672 5608 aliqui

2093 5633 2160 5674 ex
2191 5619 2262 5673 iis
2300 5619 2392 5688 qui
2425 5628 2582 5673 erant
2609 5619 2774 5676 simul
2811 5624 3001 5692 vineti,
3057 5643 3247 5683 eorum
3305 5629 3537 5693 miserti,
3573 5647 3673 5702 pa-

2095 5725 2215 5764 rum
2263 5708 2397 5778 quid
2453 5710 2782 5770 nutrimenti
2831 5717 2912 5772 eis
2965 5718 3200 5774 latenter
3287 5721 3670 5791 prmbuissent.

2095 5803 2201 5875 Qui
2224 5803 2372 5863 enim
2414 5804 2471 5862 in
2501 5819 2726 5866 carcere
2771 5811 3096 5869 assidebam
3151 5813 3436 5879 custodes,
3470 5830 3669 5874 eorum

3283 5909 3362 5975 2'1
