4128 6384
457 354 566 418 8113

1671 338 2054 406 ADDENDA.
2090 356 2161 375 σ·-·
2198 333 2531 397 APRILIS.

3618 321 3732 390 866

456 472 682 543 quidem
730 465 1107 521 calamitatum
1176 461 1576 517 miserebantur
1603 467 1658 513 et
1686 456 2039 520 senectutis;

2149 452 2300 506 οὐδὲν
2325 451 2384 504 δὲ
2412 449 2518 504 τῶν
2545 451 2623 512 είς
2655 444 2958 519 θεραπείαν
2986 443 3185 515 δρᾶσαι
3214 443 3303 497 διὰ
3330 442 3422 498 τὸν
3449 441 3546 497 τοῦ
3574 442 3735 499 δικα-

458 566 557 625 sod
590 578 712 618 cum
746 560 881 614 nihil
910 566 1132 628 possent
1163 556 1363 619 facere,
1397 554 1539 622 quod
1572 552 1640 608 ad
1684 565 1877 607 eorum
1913 564 2035 619 per-

467 658 664 710 tineret
699 650 1036 707 curationem
1067 656 1291 718 propter
1323 653 1531 700 metum
1581 641 1809 713 iudicis,
1861 641 2036 695 solum

465 763 531 802 ex
572 760 762 800 eorum
798 742 957 796 malis
984 739 1226 795 dolorem
1251 736 1617 807 accipiebant,
1649 741 1703 787 et
1739 730 2040 785 aﬁ‘erebaut

463 842 737 911 Iacrymas
759 830 1284 892 commiserationis.

536 932 651 988 XII.
687 929 893 986 Deinde
933 935 1055 997 post
1089 925 1239 980 illam
1296 921 1550 978 acerbam
1606 927 1662 974 et
1713 916 2038 973 diuturnam

465 1023 589 1081 aﬁlit
611 1024 842 1088 tionem,
868 1034 993 1075 cum
1026 1025 1175 1073 esset
1209 1016 1265 1071 in
1281 1029 1347 1070 eo
1390 1015 1510 1069 loco
1540 1012 1777 1082 Sapores
1809 1010 1901 1081 (is
1945 1022 2044 1061 au-

467 1127 579 1172 tem
609 1114 898 1169 dicebatur
932 1106 1261 1177 Bithmada)
1292 1120 1387 1162 eos
1419 1105 1602 1161 educit
1627 1119 1659 1158 e
1706 1100 1956 1157 custodia
1992 1099 2041 1155 is

465 1211 555 1266 cui
590 1210 766 1263 fuerat
791 1207 1169 1271 commiSsum,
1194 1210 1258 1257 ut
1279 1215 1377 1257 eos
1406 1200 1722 1269 castigaret.
1775 1194 2037 1259 Dixisses,

466 1307 515 1364 si
546 1305 798 1369 vidisses,
826 1303 953 1357 illos
1005 1314 1127 1356 esse
1168 1297 1377 1353 umbrae
1432 1292 1682 1358 similes;
1719 1291 1855 1344 adeo
1878 1288 2042 1355 longa

467 1400 762 1454 afﬂictione
807 1395 1190 1451 extahuerant.
1227 1389 1432 1446 Deinde
1480 1402 1575 1445 eos
1639 1385 1787 1441 sistit
1834 1383 1900 1438 ad
1945 1383 2045 1436 tri-

472 1490 637 1545 bunal
672 1486 1021 1550 Ardasabor;
1055 1489 1177 1537 erat
1206 1488 1387 1534 autem
1420 1477 1466 1533 is
1494 1477 1752 1546 princeps
1799 1472 2044 1528 omnium

467 1596 776 1651 magorum,
822 1577 1102 1648 quierant
1156 1573 1209 1628 in
1239 1570 1486 1627 Perside.
1527 1569 1622 1624 [lle
1678 1582 1810 1623 vero
1857 1565 2043 1620 statim

467 1677 553 1732 eis
576 1674 756 1730 dixit:
815 1670 959 1738 Quid
1012 1675 1219 1731 autem,
1266 1664 1403 1721 estis
1456 1660 1805 1720 Christiani?
1853 1658 2043 1714 Sancti

465 1783 621 1831 vero,
658 1766 842 1831 Certe,
874 1762 1154 1823 dixerunt,
1206 1755 1535 1822 Christiani,
1558 1760 1613 1808 et
1644 1752 1819 1807 solum
1870 1750 2040 1807 Deum

466 1864 652 1916 vivum
683 1857 1003 1918 adorantes,
1033 1863 1087 1909 et
1121 1850 1224 1921 ipsi
1253 1847 1356 1905 soli
1393 1847 1719 1903 servientes.
1752 1845 2043 1916 Tyrannus

470 1960 652 2007 autem
681 1970 696 2006 :
725 1948 962 2011 Videtis,
1003 1943 1164 2008 dixit,
1216 1937 1680 2012 quemadmodum
1724 1952 1846 2007 σεται
1891 1934 2046 1990 vobis

472 2046 621 2099 illata
679 2050 809 2097 sunt
859 2047 1165 2101 tormenta,
1218 2032 1524 2089 attulerunt
1582 2029 1741 2084 vobis
1791 2040 2044 2099 magnam

466 2130 843 2189 alﬁictionem,
880 2125 1051 2180 multo
1085 2131 1270 2177 autem
1319 2120 1498 2190 magis
1532 2119 1792 2174 diuturna
1832 2114 2047 2170 vexatio

468 2231 524 2276 et
557 2216 828 2280 inclusio;
868 2228 935 2270 ea
964 2212 1110 2269 enim
1145 2219 1201 2266 et
1233 2208 1465 2264 formam
1513 2206 1673 2261 vobis
1707 2206 1964 2268 mutavit,
1993 2209 2051 2257 et

470 2307 650 2364 eﬁ'ecit
715 2314 776 2359 ut
826 2303 902 2357 ita
950 2296 1406 2356 extabesceretis.
1451 2293 1821 2360 Quamobrem
1892 2290 2047 2346 vobis

466 2398 832 2471 consuluerint,
879 2403 940 2449 ut
994 2389 1440 2460 mihi-pareretis
1500 2387 1756 2443 atl'erenti
1803 2399 1869 2441 ea
1925 2396 2051 2452 qua

473 2500 601 2547 sunt
635 2488 788 2544 vobis
812 2483 1207 2547 conducibilia,
1238 2489 1296 2538 et
1323 2480 1479 2537 vobis
1513 2478 1773 2548 parcatis,
1795 2485 1851 2532 et
1875 2478 2049 2533 solem

472 2581 715 2636 lucidum
742 2577 1009 2632 adoretis.
1041 2574 1138 2629 Sin
1164 2573 1368 2639 minus,
1403 2577 1574 2627 restat
1627 2577 1685 2625 ut
1715 2568 2053 2640 gravissima

474 2674 638 2730 morti
694 2669 1089 2741 subjiciamini.

544 2765 689 2833 Xlll.
742 2763 1050 2834 Respondit
1102 2768 1328 2817 sanctus
1368 2756 1730 2826 Acepsimas:
1787 2753 1911 2809 Non
1963 2768 2052 2810 me

473 2858 612 2915 latet
635 2872 850 2914 summo
884 2870 1006 2914 esse
1034 2854 1134 2909 tibi
1196 2851 1380 2909 studio
1419 2850 1615 2919 dogma
1676 2848 1951 2919 patrium;
1997 2856 2055 2902 et

2149 542 2275 597 στοῦ
2306 543 2472 612 φόϐον
2503 542 2793 611 δυνάμενοι
2832 537 3138 608 συνήλγουν
3195 535 3379 598 αὑτοῖς
3433 536 3598 603 μόνον
3628 535 3731 589 καὶ

2148 637 2209 688 τὸ
2232 634 2333 704 τῆς
2355 633 2696 704 συμπαθείας
2725 630 3069 702 προσέφερον
3092 628 3352 699 δάκρυον.

2216 899 2317 957 ΙΒ’.
2347 897 2481 955 Εἶτα
2515 900 2655 971 μετὰ
2690 899 2788 971 τὴν
2819 899 3024 971 πικράν
3068 900 3285 971 δκεὶνην
3333 900 3427 954 καὶ
3460 899 3739 972 πολυχρόο

2143 1011 2258 1049 νιον
2288 994 2535 1048 κάκωσιν
2565 993 2850 1064 Σαΰωρὶου
2902 993 3047 1049 κατᾶ
3072 994 3165 1047 τὸν
3195 995 3386 1049 αὐτόθι
3431 994 3600 1050 τόπον
3630 1011 3737 1063 γε·

2143 1087 2374 1155 νομένου
2402 1085 2518 1151 (Βιθ
2529 1085 2675 1155 μαδᾶ
2706 1080 2862 1149 οὗτος
2891 1085 3157 1153 ιλέγετο).
3186 1087 3376 1153 ἐξάγει
3421 1088 3523 1157 τῆς
3553 1088 3736 1156 cpula-

2148 1180 2247 1248 κῆς
2275 1179 2305 1232 6
2336 1178 2590 1243 κολάζειν
2640 1178 2840 1242 αὐτοὺς
2893 1179 3231 1242 πιστευθείς.
3284 1176 3453 1242 Eius;
3485 1180 3554 1234 ἂν
3600 1180 3737 1236 ίδὼν

2145 1271 2388 1334 ἐκείνους
2443 1271 2680 1326 ἐοικέναι
2740 1273 2905 1342 σκιᾷ’
2943 1270 3120 1336 οὕτως
3165 1266 3310 1342 ἦσαν
3340 1271 3449 1324 ὑπὸ
3476 1272 3580 1340 τῆς
3619 1289 3738 1341 μα-

2145 1365 2284 1432 κρᾶς
2315 1362 2693 1427 κακοπαθείας
2734 1364 3117 1435 ἑκτετηκότες.
3171 1360 3309 1417 Εἶτα
3334 1363 3414 1433 τῷ
3459 1364 3557 1417 τοῦ
3601 1366 3739 1434 ’Δρ-

2144 1455 2401 1528 δασαϐὼρ
2435 1457 2738 1528 παρίστησι
2775 1458 3007 1528 βήματν
3043 1458 3232 1529 ἄρχων
3291 1457 3349 1511 δὲ
3392 1450 3549 1520 οὗτος
3587 1457 3738 1511 πάν-

2143 1566 2255 1603 των
2279 1549 2388 1603 τῶν
2407 1550 2466 1602 ὲν
2497 1550 2720 1620 Περσίδι
2755 1551 2946 1620 μάγων
2970 1551 3270 1622 ἐτύγχανεν
3294 1550 3391 1606 ὢν.
3420 1550 3528 1606 Καὶ
3559 1551 3620 1613 ὃς
3644 1550 3739 1603 εύ-

2147 1641 2242 1706 θὺς
2272 1643 2409 1711 πρὸς
2437 1644 2636 1709 αὐτούς
2667 1661 2682 1676 ο
2708 1645 2773 1697 Τί
2803 1646 2892 1698 δαὶ
2917 1685 2934 1710 ,
2968 1644 3287 1715 Χριστιανοί
3340 1648 3501 1711 sese;
3538 1645 3652 1699 Καὶ
3680 1646 3737 1697 ot

2146 1732 2313 1801 ἅγιοι,
2344 1735 2472 1799 Ναὶ,
2513 1731 2669 1792 εἷπον
2692 1776 2707 1801 ,
2742 1738 3087 1807 Χριστιανοὶ,
3145 1738 3240 1792 καὶ
3267 1737 3347 1807 τῷ
3381 1738 3530 1807 μόνῳ
3560 1737 3736 1800 ζῶντι

2145 1827 2265 1897 Θεῷ
2316 1829 2754 1901 προσκυνοῦντες
2788 1830 2884 1884 καὶ
2938 1829 3092 1902 αύτῷ
3143 1831 3292 1901 μόνῳ
3344 1829 3731 1901 λατρεύοντες.

2148 1920 2260 1974 Καὶ
2286 1921 2316 1973 6
2346 1920 2611 1991 τύραννος
2639 1938 2654 1953 ·
2692 1923 2878 1995 Ὁρᾷς,
2928 1918 3109 1988 εἶπεν,
3156 1924 3307 1986 ὅπως
3338 1925 3395 1976 αἱ
3429 1921 3737 1994 ἐνεχθεῖσαι
3827 1991 3841 2002 _

2147 2012 2373 2082 βάσανοι
2402 2013 2606 2086 πολλὴν
2641 2015 2771 2085 ὑμῖν
2802 2014 2904 2085 τὴν
2934 2014 3315 2086 ταλαιπωρίαν
3342 2014 3737 2085 ὲμπεποιήκα-

2147 2124 2254 2173 σιν,
2275 2108 2370 2161 ἐπὶ
2417 2108 2580 2163 πλέον
2607 2108 2687 2174 δὲ,
2740 2104 2919 2179 οἶμαι,
2951 2107 3048 2164 καὶ
3094 2110 3128 2180 ἡ
3159 2111 3355 2179 χρονία
3390 2109 3640 2171 κάκωσές
3670 2122 3735 2161 τε

2149 2199 2246 2252 καὶ
2278 2197 2584 2271 κάθειρξις.
2627 2199 2776 2268 Αὕτη
2813 2198 2923 2270 γάρ
2973 2198 3073 2263 τάς
3111 2215 3173 2253 τε
3217 2198 3435 2270 μορφὰς
3470 2198 3601 2267 ὑμῖν
3631 2198 3738 2268 ὴλ-

2149 2292 2368 2357 λοίωσε,
2414 2292 2510 2347 καὶ
2542 2293 2725 2359 δεινὴν
2751 2290 2895 2346 οὕτω
2923 2290 3022 2362 τὴν
3051 2289 3307 2361 σύντηξιν
3334 2288 3696 2361 ἐνειργάσατο
3716 2301 3737 2320 ⁶

2150 2382 2231 2437 διδ
2281 2384 2378 2437 καὶ
2430 2382 2904 2455 συμϐουλεύσαιμι
2941 2383 3009 2438 ἂν
3059 2383 3192 2452 ὑμῖν
3218 2381 3513 2453 πεισθῆναί
3545 2399 3637 2452 μοι
3664 2381 3739 2437 τά

2150 2473 2537 2530 λυσιτελοῦντα
2586 2476 2968 2545 είσηγουμένῳ
3018 2476 3115 2529 καὶ
3162 2473 3453 2543 φείσασθαι
3498 2472 3738 2538 ἑαυτῶν,

2149 2566 2290 2639 ἡλίῳ
2304 2584 2365 2621 τε
2388 2565 2467 2638 τῷ
2500 2567 2709 2636 φασινῷ
2732 2565 3116 2635 προσκυνῆσαι
3137 2582 3152 2597 ο
3179 2567 3228 2619 εί
3243 2564 3289 2619 δ’
3315 2564 3434 2629 οὖν,
3460 2562 3521 2618 τὸ
3546 2563 3742 2618 λειπό-

2155 2661 2317 2730 μενόν
2346 2663 2462 2714 ἐστι
2487 2660 2708 2731 θανάτῳ
2735 2661 2883 2732 ὑμᾶς
2915 2645 3231 2730 ὑπαχθῆναι
3262 2657 3660 2729 χαλεπωτάτῳ.

2225 2755 2324 2810 ΙΓ¹.
2374 2754 2432 2808 '0
2455 2756 2611 2824 ἅγιος
2645 2754 2949 2825 ’Δκεψιμᾶς
2973 2752 3325 2822 ἀπεκρίνατο·
3351 2750 3428 2806 οο
3455 2768 3523 2822 με
3550 2750 3740 2805 διέλα-

2155 2847 2248 2900 θεν
2278 2845 2353 2911 ὡς
2384 2846 2803 2918 ὑπερϐάλλουσα
2852 2861 2936 2900 σοι
2967 2844 3175 2915 σπουδὴ
3223 2843 3356 2914 περὶ
3391 2843 3455 2897 τὸ
3501 2842 3742 2913 πάτριον

474 2952 579 3008 hoc
599 2949 693 3006 tibi
719 2963 842 3004 esse
860 2946 1225 3017 propositum,
1246 2943 1293 3000 si
1323 2942 1483 2998 modo
1513 2940 1628 2995 ﬁeri
1658 2948 1865 3010 posset,
1883 2939 1973 2994 vel
1999 2938 2047 2993 vi

2152 2940 2333 3010 δόγμα
2361 2941 2459 2994 καὶ
2490 2939 2649 2994 τοῦτο
2690 2939 2970 3010 πρόθεσις,
3028 2939 3186 3009 ειπερ
3223 2938 3333 3007 ἄρα
3368 2936 3464 2990 καὶ
3504 2936 3739 2991 δυνατὸν

473 3043 558 3096 vel
613 3039 969 3111 persuasione
1024 3038 1275 3101 elﬁcere,
1318 3040 1379 3088 ut
1430 3047 1623 3088 omnes
1674 3032 1923 3086 attrahas
1982 3029 2047 3084 ad

2153 3030 2221 3105 ἦν
2244 3034 2276 3106 ἢ
2302 3033 2394 3105 βίᾳ
2418 3032 2452 3104 ἢ
2479 3033 2660 3087 πειθοῖ
2681 3049 2764 3087 σοι
2795 3030 3238 3102 κατορθωθῆναι,
3268 3030 3331 3083 τὸ
3360 3030 3570 3093 πάντας
3596 3027 3740 3098 πρὶς

474 3133 721 3190 eamdem
747 3130 1090 3202 religionem.
1125 3125 1240 3183 Hoc
1264 3135 1447 3182 autem
1479 3124 1548 3181 do
1575 3126 1733 3180 nobis
1765 3137 2045 3195 nunquam

2157 3129 2253 3198 τὴν
2283 3126 2455 3198 αὐτὴν
2483 3124 2713 3180 ὲλκῦσαι
2755 3123 3075 3196 θρησκείαν.
3110 3122 3284 3177 Τοῦτο
3312 3121 3370 3175 δὲ
3405 3122 3535 3192 περὶ
3572 3120 3739 3191 ἡμῶν

474 3225 574 3281 tibi
607 3225 793 3279 veniat
828 3225 884 3277 in
930 3228 1195 3286 mentem,
1250 3228 1312 3274 ut
1341 3226 1504 3288 putes
1542 3216 1627 3272 vel
1654 3216 1935 3271 blanditiis
1965 3214 2052 3270 vel

476 3318 644 3372 minis
668 3318 755 3371 vel
788 3315 912 3371 aliis
976 3311 1266 3369 intentatis
1327 3310 1489 3366 malis
1530 3324 1690 3377 posse
1725 3308 1882 3363 nobis
1930 3323 2054 3377 per—

476 3409 734 3473 suadere,
772 3414 832 3462 ut
854 3406 1176 3461 deﬁciamus
1221 3420 1251 3459 a
1293 3403 1454 3458 nobis
1492 3402 1669 3457 semel
1723 3400 2052 3456 conﬁrmato

477 3497 735 3568 dogmate
768 3506 822 3550 et
856 3511 887 3551 a
923 3494 1290 3551 confessione.
1324 3491 1510 3547 Parati
1542 3492 1688 3545 enim
1717 3505 1910 3547 sumus
1935 3506 2054 3547 om-

475 3591 567 3647 nia
595 3589 706 3660 pati
736 3588 939 3656 potius,
973 3601 1134 3656 quam
1169 3600 1200 3642 a
1270 3583 1375 3639 ﬁde
1403 3583 1457 3638 in
1489 3580 1770 3638 Christum
1794 3583 2049 3639 deiicere.

474 3681 594 3738 Non
649 3682 860 3751 ignoro,
922 3678 1101 3749 inquit
1157 3686 1445 3748 tyrannus,
1510 3674 1658 3745 quod
1709 3690 1834 3731 cum
1894 3675 2052 3732 vobis

473 3770 805 3829 Christianis
858 3783 1008 3824 mors
1051 3774 1272 3838 putetur
1312 3779 1435 3821 esse
1491 3764 1649 3834 quies
1675 3803 1690 3829 ,
1734 3778 1897 3820 omne
1938 3774 2053 3820 stu-

475 3866 629 3921 dium
668 3880 699 3918 a
752 3863 908 3918 vobis
962 3858 1030 3914 ad
1084 3859 1190 3914 hoc
1237 3870 1494 3930 ponatur,
1539 3864 1597 3910 ut
1638 3856 1706 3910 iis
1761 3855 2051 3922 l'ruamini,

474 3971 711 4028 quorum
734 3968 883 4024 spem
903 3950 1261 4022 concepistis,
1281 3948 1373 4004 sed
1401 3963 1510 4003 non
1544 3945 1731 4002 licebit
1755 3947 1911 4002 vobis
1940 3948 2051 4002 cito

474 4047 738 4118 consequi
787 4045 863 4111 id,
899 4043 1041 4114 quod
1076 4041 1420 4098 desideratis.
1447 4039 1584 4095 Nam
1624 4055 1747 4095 cum
1776 4041 1929 4111 prius
1960 4055 2053 4095 ve-

476 4150 623 4196 stras
661 4153 855 4195 carnes
880 4136 1145 4207 paulatim
1173 4147 1594 4204 consumpsere,
1637 4133 1898 4187 acerbum
1924 4131 2053 4188 vitae

475 4235 636 4290 ﬁnem
660 4231 816 4287 vobis
849 4231 1154 4299 imponam.
1188 4225 1290 4281 Cui
1325 4234 1553 4283 sanctus
1582 4243 1596 4278 :
1624 4223 1690 4280 Et
1731 4224 1844 4293 jam
1871 4225 2048 4294 prius,

477 4325 679 4395 inquit,
711 4338 739 4376 a
770 4321 932 4376 nobis
984 4318 1211 4383 audisti,
1236 4326 1290 4373 et
1337 4331 1485 4370 nunc
1535 4316 1586 4371 id
1629 4330 1847 4386 quoque
1897 4324 2051 4372 certo

2157 3218 2294 3288 μηδὲ
2325 3219 2406 3283 είς
2438 3218 2564 3272 νοῦν
2609 3217 2869 3288 ἁναϐήτω
2900 3234 2984 3271 σοι
3021 3216 3156 3287 dicit
3194 3216 3458 3278 θωπείαις
3487 3214 3523 3286 ἢ
3573 3217 3738 3269 amt-

2152 3310 2334 3381 λαῖςῆ
2381 3311 2572 3365 κακῶν
2597 3309 2791 3371 ἄλλαις
2830 3311 3131 3379 ᾶπιφοραίς
3191 3308 3545 3378 μεταπείσεις
3582 3309 3736 3378 ἡμᾶς

2151 3402 2457 3472 ἀποστῆναι
2511 3402 2609 3456 τοῦ
2671 3401 2817 3465 ἅπαξ
2873 3400 3267 3471 βεϐαιωθέντος
3295 3403 3432 3471 ἡμῖν
3458 3399 3736 3470 δόγματος

2151 3494 2247 3548 καὶ⁵
2273 3495 2372 3565 τῆς
2405 3494 2718 3565 ὁμολογίας.
2777 3494 3045 3565 Ἐτοίμως
3074 3494 3184 3565 γάρ
3210 3494 3409 3566 ἔχομεν
3434 3496 3612 3550 πάντα
3629 3510 3737 3547 πα-

2152 3586 2267 3641 θείν
2328 3587 2531 3658 μᾶλλον
2572 3588 2605 3658 ἢ
2664 3589 2766 3657 τῆς
2824 3587 2961 3659 πρὸς
3009 3588 3246 3658 Χριστὸν
3299 3587 3605 3657 ἀποστῆναι
3641 3587 3737 3641 πί-

2155 3696 2343 3744 στεως.
2377 3680 2492 3734 Οὐκ
2533 3679 2735 3748 ἀγνοῶ,
2771 3680 2877 3750 ἔφη
2899 3681 2928 3733 6
2967 3682 3256 3752 τύραννος,
3292 3680 3369 3743 ὼς
3410 3680 3543 3752 παρ’
3594 3680 3731 3749 ύμῖν

2150 3774 2265 3835 τοῖς
2310 3772 2663 3841 Χριστιανοίς
2711 3774 2794 3835 είς
2824 3771 3143 3826 ἀνάπαυσιν
3189 3768 3331 3827 εἶναι
3363 3772 3459 3826 τοῦ
3489 3772 3729 3827 θανάτου

2151 3863 2513 3933 νομιζομένου
2542 3862 2749 3934 σπουδὴ
2784 3864 2934 3918 πᾶσα
2966 3864 3107 3932 πρὸς
3145 3865 3339 3918 τοῦτον
3367 3864 3460 3919 διά
3484 3863 3586 3936 τὴν
3618 3864 3730 3918 τῶν

2152 3955 2524 4026 ἐλπιζομένων
2579 3956 2911 4009 ἀπόλαυσινο
2950 3954 3067 4010 ἀλλ’
3096 3957 3198 4009 οὐκ
3238 3957 3456 4024 ἐξέσται
3484 3958 3617 4026 ὑμῖν
3643 3960 3730 4022 είς

2149 4049 2313 4119 τάχος
2361 4047 2455 4102 τοῦ
2507 4048 2842 4117 ποθουμένου
2882 4047 3246 4120 μεταλαχεῖν·
3302 4052 3573 4122 πρότερον
3613 4053 3731 4123 γάρ

2150 4141 2308 4215 ὑμῶν
2335 4142 2478 4196 κατὰ
2507 4139 2681 4213 βραχὺ
2716 4142 2814 4205 τάς
2872 4141 3086 4213 σάρκας
3118 4145 3530 4216 ἑκδαπανήσας,
3580 4146 3728 4200 οὕτω

2152 4236 2353 4309 πικρδν
2377 4237 2505 4309 ὑμῖν
2520 4238 2581 4289 τὸ
2609 4236 2761 4300 τέλος
2778 4235 2882 4306 τῆς
2906 4237 3050 4304 ζωῆς
3073 4237 3337 4308 ἐπιθήσω.
3368 4240 3480 4293 Ka‘t
3497 4242 3525 4292 6
3546 4239 3723 4307 ἅγιος.

2154 4332 2294 4403 Ἤδη
2341 4332 2470 4402 παρ’
2502 4330 2661 4402 ἡμῶν
2714 4331 2811 4385 καὶ
2874 4330 3142 4401 πρότερον
3194 4332 3457 4402 ἤκουσας.
3499 4333 3594 4385 καὶ
3626 4333 3725 4386 νῦν

479 4415 642 4479 scias,
688 4414 833 4482 quod
888 4425 1066 4479 neque
1127 4419 1344 4464 tuorum
1406 4416 1830 4468 tormentorum.
1875 4422 2047 4477 neque

2156 4422 2394 4491 μάνθανε
2424 4424 2552 4492 περὶ
2600 4421 2791 4475 τούτου
2827 4420 3060 4489 βεϐαίως
3088 4422 3162 4486 ὡς
3194 4421 3317 4476 οὔτε
3346 4424 3457 4476 τῶν
3484 4425 3597 4478 σῶν
3631 4423 3729 4495 βα-

480 4506 751 4560 minarum
786 4517 885 4556 nos
919 4502 1084 4555 ullam
1143 4499 1397 4554 ducimus
1441 4499 1735 4553 rationem.
1776 4496 1912 4553 Nam
1951 4498 2047 4569 qui

2155 4516 2349 4580 σάνων,
2382 4513 2508 4567 οὔτε
2556 4514 2665 4569 τῶν
2716 4514 2957 4569 ἀπειλῶν
3006 4514 3161 4584 λόγος
3187 4519 3323 4586 ἡμῖν
3354 4519 3412 4571 τὸ
3462 4517 3727 4587 παράπαν

480 4598 534 4651 in
582 4593 1013 4667 praecedentibus
1073 4590 1234 4646 malis
1293 4590 1454 4645 nobis
1525 4597 1744 4645 manum
1813 4590 2050 4659 przebuit

480 4688 829 4758 adjntricem,
893 4685 1010 4755 ipse
1044 4698 1194 4738 nunc
1248 4697 1468 4755 quoque
1502 4681 1660 4737 nobis
1695 4683 1832 4737 feret
1864 4698 2048 4753 opem,

480 4790 533 4834 et
568 4778 786 4844 eﬂiciet,
819 4786 879 4835 ut
907 4793 1016 4834 non
1054 4775 1343 4831 difﬁciliter
1375 4776 1618 4829 feramus
1653 4790 1716 4829 ea
1743 4789 1866 4845 quae
1892 4775 2053 4831 nobis

480 4872 910 4927 intentabuntur.
965 4869 1028 4925 Et
1073 4870 1122 4926 si
1173 4868 1310 4924 velis
1357 4869 1547 4926 Iacere
1585 4868 1888 4937 periculum
1953 4883 2053 4927 n0-

481 4975 611 5020 strae
663 4963 715 5018 in
753 4961 1031 5034 profundo
1087 4961 1239 5017 senio
1264 4960 1626 5027 fortitudinis,
1679 4960 1812 5015 nihil
1844 4962 2049 5016 obstat.

476 5057 630 5113 Scies
668 5056 813 5112 enim
852 5068 903 5112 te
929 5054 1137 5110 frustra
1186 5054 1462 5120 laborare,
1494 5063 1548 5108 et
1579 5055 1800 5127 aggredi
1834 5069 1899 5109 ea
1926 5070 2052 5123 qua-

478 5156 606 5202 sunt
651 5147 892 5203 inutilia.

548 5239 690 5296 XIV.
720 5241 950 5311 Propter
979 5240 1097 5295 huic
1135 5239 1216 5293 ira
1273 5238 1512 5310 repletus
1535 5238 1730 5310 judex,
1770 5239 1927 5311 iubet
1970 5238 2056 5294 al-

477 5332 607 5388 ferri
647 5332 856 5403 ﬂagella
900 5348 966 5387 ex
1012 5330 1164 5388 corio
1199 5330 1372 5387 crudo
1431 5329 1704 5391 confecta.
1743 5340 1799 5387 et
1851 5331 2049 5400 subjici

475 5441 665 5481 eorum
701 5424 895 5480 oculis.
935 5425 1142 5480 Deinde
1173 5424 1307 5479 dicit
1334 5424 1579 5479 sanctis:
1615 5423 1774 5488 λιιι-ο,
1845 5423 2051 5493 inquit,

479 5533 576 5587 per
623 5518 802 5584 ipsum
853 5532 1108 5587 magnum
1161 5516 1332 5570 Deum
1359 5524 1414 5571 et
1449 5516 1707 5587 inclytam
1769 5517 2049 5571 fortunam

479 5608 721 5678 Saporis,
765 5606 866 5663 nisi
905 5606 1135 5677 imperio
1161 5606 1281 5676 ejus
1313 5605 1660 5671 obedieritis,
1685 5656 1691 5663 ,
1718 5606 1806 5660 his
1837 5613 2051 5659 vestras

429 5759 433 5764 ,
476 5712 670 5752 carnes
701 5713 1041 5761 consumam,
1074 5692 1238 5751 ves'tri
1267 5697 1413 5751 nulla
1443 5707 1622 5752 motus
1646 5697 2047 5751 misericordia.

477 5786 630 5857 Quod
659 5791 701 5845 si
730 5791 894 5847 etiam
935 5770 1247 5858 contigerit,
1291 5796 1349 5843 ut
1385 5803 1479 5845 vos
1514 5789 1674 5845 citius
1710 5787 2043 5857 moriemini,

2149 4606 2259 4661 οὐδ’
2287 4604 2315 4657 6
2350 4605 2549 4677 τυχών.
2584 4604 2644 4660 '0
2667 4606 2777 4677 γάρ
2803 4607 2860 4658 ὲν
2888 4608 3001 4668 ταῖς
3024 4607 3356 4685 προλαδοῦρι
3388 4609 3585 4673 δεινοῖς
3611 4612 3728 4680 χεί-

2154 4718 2224 4772 ρα
2252 4699 2447 4773 βοηθὸν
2468 4699 2912 4770 παρασχόμενος,
2953 4700 3119 4763 αὐτὸς
3153 4703 3248 4755 καὶ
3278 4702 3374 4757 νῦν
3404 4703 3726 4775 ἐπικουρῶν

2152 4793 2327 4858 ἔσται,
2360 4794 2453 4846 καὶ
2486 4792 2701 4855 ἀπόνως
2730 4792 2923 4863 φέρειν
2951 4795 3393 4863 παρασκευάζων
3418 4797 3487 4849 τά
3518 4796 3727 4864 ἑπαγό-

2154 4901 2312 4955 μενα.
2343 4884 2453 4936 Καὶ
2483 4883 2532 4936 εί
2568 4881 2749 4950 βούλει
2780 4885 2977 4953 πεῖραν
3017 4884 3207 4939 λαϐεῖν
3247 4885 3347 4954 τῆς
3378 4889 3437 4940 ὲν
3461 4885 3542 4957 τῷ
3568 4887 3727 4957 βαθεῖ

2150 4973 2300 5041 γήρᾳ
2323 4970 2621 5040 καρτερίας
2638 4968 2816 5039 ἡμῶν.
2835 4970 2984 5024 οὐδὲν
3008 4972 3071 5025 τὸ
3098 4972 3329 5027 κωλύονο
3356 4977 3481 5049 stag
3502 4977 3611 5049 γὰρ
3626 4979 3721 5034 επὶ

2153 5062 2372 5133 ματαίῳ
2407 5061 2742 5133 πονούμενος
2781 5062 2879 5117 καὶ
2898 5064 3195 5135 ἀνηνύτοις
3226 5067 3544 5139 ἐπιχειρῶν.

2222 5238 2322 5292 IA’.
2344 5232 2530 5307 Θυμοῦ
2560 5236 2870 5307 πληρωθεὶς
2922 5242 2982 5293 ἑν
3017 5241 3231 5306 τούτοις
3260 5244 3290 5296 6
3323 5242 3586 5317 δικαστὴς
3617 5246 3728 5317 μά-

2154 5346 2341 5398 στιγας
2376 5328 2587 5381 κελεύει
2620 5327 2826 5399 βύρσης
2848 5329 3008 5402 ὠμῆς
3056 5333 3370 5403 ἐνεχθῆναι,
3411 5335 3637 5405 τεθῆναι
3662 5337 3723 5392 δὶ

2148 5421 2290 5476 κατὰ
2313 5420 2603 5491 πρόσωπον
2623 5435 2638 5450 ·
2663 5415 2786 5475 εἶτα
2815 5422 2953 5493 πρὸς
2971 5427 3096 5487 τους
3122 5425 3337 5493 ἁγίους,
3363 5427 3542 5480 Αὑτὸν
3560 5428 3726 5498 ὀμνυ-

2151 5532 2212 5585 μι
2236 5513 2327 5567 τὸν
2356 5514 2553 5583 μέγαν,
2588 5512 2716 5584 ἔφη,
2748 5514 2881 5567 Θεὸν
2916 5516 3012 5569 καὶ
3056 5516 3156 5587 τὴν
3185 5519 3385 5571 εὐκλεᾶ
3412 5520 3587 5591 τύχην
3611 5522 3722 5574 Σα-

2148 5605 2378 5675 πωρίου,
2407 5605 2453 5656 εί
2478 5603 2554 5675 μὴ
2583 5603 2659 5673 τῷ
2689 5604 2850 5659 αὐτοῦ
2878 5607 3136 5678 πεισθῆτε
3170 5611 3722 5682 προστάγματιβού-

2144 5715 2253 5755 τοις
2286 5696 2440 5766 ὑμῶν
2459 5696 2720 5751 άναλώσω
2737 5698 2834 5760 τὰς
2867 5701 3100 5771 σάρκας,
3117 5703 3307 5757 οὐδένα
3323 5699 3506 5758 οἶκτον
3540 5706 3726 5758 πο.ού-

2149 5804 2331 5858 μενος.
2366 5786 2427 5841 El
2475 5786 2529 5843 δὲ
2569 5789 2663 5841 καὶ
2695 5788 2888 5862 τάχιον
2940 5791 3069 5863 ὑμῖν
3118 5792 3346 5864 γένηται
3385 5795 3725 5867 μαστιζομι-
