4142 6384
414 298 524 360 815

1281 308 1697 370 CERTAMEN
1738 313 1798 376 s.
1850 292 2244 380 ACEPSllii/E
2284 321 2380 381 ET
2403 324 2815 390 SOCIORUM.

3566 339 3673 404 846

413 428 523 475 νοις
545 412 865 482 ἀποθανεῖν,
898 417 1014 472 ἀλλ’
1059 419 1173 488 ἐγὼ
1194 423 1288 476 καὶ
1320 421 1492 487 οὕτως
1548 426 1836 498 αίκίσομαι
1866 430 1988 494 τοὺς

2098 433 2230 488 dum
2263 434 2449 506 ﬂagris
2478 440 2775 506 cedimini,
2835 451 2892 499 at
2928 459 3028 516 ego
3059 447 3140 502 sic
3196 463 3416 520 quoque
3454 453 3679 521 puniant

412 506 664 576 νεκροὺς,
722 509 996 564 καὶκατὰ
1031 513 1192 580 μέλος
1237 513 1513 585 διατεμὼν
1557 516 1765 587 ὀρνέοις
1795 537 1853 572 τε
1898 523 1992 574 καὶ

411 601 568 652 κυσὶν
617 601 919 672 ὲπιρρἰω.
975 601 1034 655 '0
1087 604 1242 674 ἅγιος
1280 601 1433 660 εἷπεν
1493 607 1838 679 Ἀκεψιμᾶς·
1897 613 1991 676 Εἰς

411 691 621 760 κτίσμα
657 692 919 762 ὀμόσαντί
951 710 1032 746 σοι
1066 697 1161 750 καὶ
1203 697 1265 748 οὐ
1300 696 1456 762 Θεὸν,
1487 698 1627 753 ἀλλά
1675 703 1771 757 καὶ
1820 702 1991 773 τύχην

413 780 733 851 ἀνθρώπου,
759 783 975 838 δέδοικα
1018 786 1218 855 μήπως
1247 788 1307 840 οὐ
1339 787 1564 859 μελήσει
1585 794 1712 863 περὶ
1761 793 1868 849 τῶν
1899 800 1992 866 ορο

409 891 545 940 κων,
571 875 680 928 οὐδ’
723 876 1060 946 ἀπαράϐατοι
1087 879 1532 950 φυλαχθῆσονται
1559 884 1629 936 τὰ
1663 885 1993 956 ὀμωμοσμέ-

409 980 496 1020 να.
525 965 588 1019 El
616 967 660 1021 δ’
694 969 953 1036 ἀσφαλῶς
974 970 1120 1041 ἔχεις
1155 973 1326 1027 ταῦτα
1357 975 1451 1028 καὶ
1475 975 1732 1045 βεϐαίως,
1768 977 1877 1030 ἔδού
1908 994 1990 1030 σοι

407 1059 478 1113 τὰ
498 1061 657 1130 ἡμῶν
679 1061 933 1132 σώματα,
961 1065 1079 1133 χρῶ
1113 1068 1256 1120 κατὰ
1285 1069 1512 1139 γνώμην
1567 1071 1775 1140 μηδένα
1808 1066 1992 1124 οἶκτον

408 1151 591 1222 ἡμῶν,
632 1154 706 1218 ὡς
747 1155 902 1226 ἔφης,
941 1158 1076 1225 μηδὲ
1116 1157 1282 1226 φειδὼ
1306 1160 1654 1231 ποιούμενος.
1689 1162 1878 1224 Οὖτως
1912 1165 1989 1215 si-

411 1245 606 1306 πόντος
626 1246 653 1296 ό
689 1247 888 1316 μιαρὸς
913 1247 1136 1300 ἐκέλευε
1168 1248 1432 1320 δικαστὴς
1461 1251 1560 1314 τὰς
1587 1255 1775 1321 χεῖρας
1807 1251 1994 1305 διατα-

409 1334 571 1392 θέντα
605 1335 749 1390 κατά
775 1354 832 1389 τε
869 1339 1054 1392 νώτων
1100 1339 1194 1392 καὶ
1250 1343 1486 1412 στέρνων
1523 1344 1760 1414 ίσχυρῶς
1790 1343 1994 1396 τύπτει

410 1429 552 1483 σθαι.
588 1430 680 1492 Είς
704 1429 860 1483 τοῦτο
880 1429 936 1483 δὲ
962 1432 1232 1501 προῆλθον
1249 1431 1534 1503 ὠμότητος
1557 1437 1606 1488 ei
1635 1435 1994 1504 μαστίζοντες

406 1520 481 1583 ὡς
507 1521 752 1575 ἐνδοῦναι
783 1522 907 1594 μηδ’
939 1523 1098 1587 ὅλως,
1129 1524 1232 1588 ἕως
1265 1528 1319 1578 αἱ
1354 1530 1560 1598 σάρκες
1592 1529 1993 1598 ἀποσπώμεναι

405 1614 515 1667 τῶν
548 1613 748 1667 ὀστέων
779 1617 856 1677 εἰς
893 1618 994 1686 γῆν
1028 1616 1106 1687 τῷ
1130 1617 1328 1688 αἵματι
1365 1621 1804 1691 συγκατέρῤεον.
1851 1621 1910 1672 ’0
1935 1621 1993 1675 δὲ

406 1708 583 1780 κῆρυξ
611 1708 764 1761 ἐϐόα·
800 1707 1068 1779 Πείσθητι
1110 1710 1190 1780 τῷ
1245 1711 1339 1765 τοῦ
1388 1712 1653 1782 βασιλέως
1701 1713 1990 1783 θελήματι,

2103 527 2190 583 vel
2214 535 2502 597 mortuos,
2533 541 2594 586 et
2633 535 2984 592 membratim
3041 539 3330 609 dissectos,
3393 545 3680 616 projiciam

2102 616 2299 672 avibus
2328 626 2385 673 et
2411 621 2666 676 canibus.
2696 623 2934 682 Sanctus
2955 638 3139 684 autem
3167 631 3308 687 dixit
3333 632 3677 704 Acepsimas:

2100 707 2238 764 Cum
2261 724 2360 780 per
2382 727 2498 768 rem
2529 726 2795 784 creatam,
2827 730 2884 776 et
2916 738 3027 778 non
3056 740 3154 794 per
3177 727 3346 782 Deum
3373 729 3678 800 juraveris,

2101 812 2157 856 et
2197 804 2362 858 etiam
2395 821 2491 874 per
2517 807 2794 864 fortunam
2829 813 3090 880 hominis,
3133 835 3326 875 vereor
3350 837 3418 876 ne
3460 838 3569 877 non
3609 823 3683 879 sit

2104 893 2204 947 tibi
2231 911 2378 951 cura:
2403 899 2812 968 jusjurandum,
2843 914 2898 960 et
2919 922 3030 961 non
3062 924 3252 964 serves
3295 927 3361 966 ea
3398 928 3521 982 quze
3551 921 3684 967 sunt

2103 997 2135 1035 a
2171 992 2222 1037 te
2253 985 2460 1054 jurata.
2491 988 2546 1042 Si
2573 999 2758 1044 autem
2794 1009 2857 1048 ea
2886 1012 3115 1054 servare
3174 1001 3402 1056 omnino
3465 1004 3679 1059 constio

2105 1077 2283 1142 tuisti,
2311 1093 2442 1134 ecce
2481 1081 2580 1136 tibi
2623 1098 2813 1140 nostra
2845 1103 3107 1158 corpora,
3135 1091 3205 1144 iis
3241 1101 3402 1147 utere
3430 1103 3490 1149 ut
3523 1095 3681 1160 libet,

2102 1170 2254 1228 nulla
2317 1179 2377 1225 ut
2431 1174 2594 1238 dicis,
2656 1180 2832 1234 noswi
2891 1191 3073 1236 motus
3128 1184 3528 1252 misericordia,
3585 1203 3686 1244 ne-

2103 1263 2395 1330 queuobis
2429 1268 2732 1338 quidquam
2782 1289 3030 1340 parcens.
3086 1277 3225 1331 Cum
3288 1279 3369 1335 sic
3427 1280 3684 1345 dixisset,

2098 1354 2263 1422 jussit
2321 1358 2628 1414 sceleratus
2676 1365 2842 1432 judex
2895 1383 3045 1433 eum,
3109 1372 3357 1427 extensis
3405 1371 3683 1441 manibus,

2107 1447 2261 1502 talde
2301 1452 2580 1506 verberari
2615 1455 2669 1508 in
2707 1457 2873 1510 dorso
2904 1467 2959 1513 et
3025 1465 3076 1514 in
3119 1473 3365 1529 pectore.
3427 1466 3508 1520 Eo
3550 1485 3684 1524 vero

2100 1538 2449 1596 crudelitatis
2476 1559 2871 1612 processerunt
2903 1553 2994 1620 qui
3026 1553 3397 1623 ﬂagellabant,
3455 1571 3514 1614 ut
3545 1561 3684 1616 nihil

2103 1633 2328 1686 omnino
2355 1634 2774 1700 intermiserint.
2805 1642 2984 1698 donec
3025 1660 3220 1701 carnes
3253 1651 3458 1704 avulsas
3483 1653 3552 1706 ab
3598 1669 3688 1708 os.

2104 1720 2278 1784 sibus,
2311 1722 2472 1778 simul
2500 1742 2624 1780 cum
2681 1735 2952 1801 sanguine
3003 1734 3056 1788 in
3093 1748 3294 1792 terram
3350 1740 3680 1798 deﬂuerent.

406 1803 501 1856 atat
522 1799 670 1871 ζῆθι.
703 1800 794 1870 Τῷ
844 1801 900 1856 δὲ
927 1801 1020 1855 τοῦ
1067 1802 1202 1856 Θεοῦ
1249 1804 1502 1874 ἀρχιερεῖ
1548 1806 1654 1869 ἕως
1708 1807 1806 1875 μὲν
1838 1808 1988 1875 ἰσχὺς

2095 1813 2279 1867 Przeeo
2309 1824 2495 1869 autem
2535 1799 2807 1873 clamabat
2859 1825 3040 1878 :Pare
3093 1828 3236 1897 regis
3279 1829 3571 1898 voluntati,
3626 1845 3684 1888 et

405 1887 496 1964 ἦν,
529 1894 786 1947 άντεϐόα·
833 1893 973 1962 Ἐγὼ
1007 1894 1067 1947 τὸ
1095 1894 1190 1948 τοῦ
1222 1896 1357 1965 ἐμοῦ
1384 1897 1518 1950 Θεοῦ
1549 1896 1761 1969 θέλημα
1788 1899 1992 1967 μᾶλλον

405 1986 554 2057 αὐτῷ
614 1985 1024 2056 δυναμούμενος
1071 1987 1384 2042 τελειώσω·
1450 1989 1546 2042 τοῦ
1611 1991 1668 2044 δὲ
1724 1991 1994 2061 βασιλέως

405 2077 561 2150 ὑμῶν
600 2079 708 2131 οὐδ’
741 2080 932 2150 ἄκροις
965 2081 1070 2134 ὠσὶ
1113 2081 1523 2152 παραδέχομαι,
1566 2084 1722 2136 Ἐπεὶ
1749 2086 1805 2137 δὲ
1839 2085 1908 2139 τά
1931 2103 1990 2140 τε

401 2171 722 2242 τῆςφωνῆς
759 2170 912 2241 αὑτῷ
953 2172 1293 2239 διεκόπτετο,
1346 2175 1443 2228 καὶ
1482 2176 1554 2230 τὰ
1585 2177 1683 2247 τῆς
1706 2177 1992 2247 δυνάμεως

399 2264 504 2334 ἤδη
553 2263 694 2316 κατὰ
724 2262 898 2334 βραχὺ
951 2263 1217 2330 διελύετο,
1246 2267 1272 2318 ό
1305 2265 1538 2332 θάνατός
1595 2286 1653 2321 τε
1686 2271 1810 2323 ὅσον
1838 2269 1992 2322 οὔπω

402 2357 609 2426 παρῆν,
637 2353 698 2408 τὸ
725 2354 881 2426 δμμα
914 2355 1050 2424 ὑψοῦ
1070 2355 1293 2427 διάρας,
1333 2358 1428 2412 καὶ
1457 2359 1558 2430 τὴν
1584 2361 1665 2423 είς
1698 2361 1835 2414 Θεὸν
1856 2363 1990 2428 ὀμο-

403 2445 594 2514 λογίαν
625 2447 714 2499 διὰ
743 2448 841 2518 τῆς
877 2447 1016 2518 πρὸς
1050 2448 1211 2502 αὑτὸν
1265 2450 1614 2513 άνανεῦσεως
1671 2451 1990 2524 ἀπαράτρε-

402 2555 536 2591 πτον
561 2537 760 2602 σώζειν
788 2539 1256 2610 βεϐαιωσάμενος,
1301 2543 1361 2595 ὲν
1385 2545 1524 2616 αὐτῇ
1556 2548 1622 2616 τῇ
1655 2547 1762 2598 τῶν
1795 2545 1988 2600 δεινῶν

401 2626 668 2698 καρτερία
697 2628 795 2698 τὴν
821 2630 1096 2701 ἀήττητον
1133 2632 1348 2705 ἐκείνην
1378 2635 1559 2706 ψυχὴν
1599 2634 1680 2705 τῷ
1711 2635 1988 2705 ἀγωνοθέ-

399 2734 471 2791 τῃ
509 2719 628 2791 Θεῷ
657 2722 947 2792 παρέθετο.

469 2908 571 2961 lE'.
603 2908 723 2960 Ἔτι
761 2909 817 2962 δὲ
867 2907 1040 2980 θυμοῦ
1100 2909 1354 2976 πνέοντες
1381 2916 1429 2967 oi
1477 2917 1668 2985 πικροὶ
1717 2916 1983 2974 κολασταὶ

397 3001 492 3054 καὶ
517 3000 711 3072 νεκρὸν
742 3002 842 3073 ἤδη
863 3003 922 3056 τὸ
956 3003 1114 3074 σῶμα
1157 3005 1308 3076 νόμῳ
1332 3006 1410 3077 τῷ
1432 3007 1541 3060 τῶν
1574 3008 1832 3078 κοράκων
1859 3010 1983 3082 ᾐκί-

2100 1901 2242 1957 vive.
2289 1903 2385 1958 Dei
2442 1921 2573 1961 vero
2623 1911 2894 1977 pontifex,
2941 1914 3118 1970 donec
3178 1928 3338 1974 erant
3401 1921 3451 1974 ei
3506 1923 3677 1990 vires,

2097 2001 2287 2050 eontra
2322 1994 2634 2055 clamabat:
2685 2002 2801 2073 Ego
2838 2005 2930 2059 Dei
2967 2009 3074 2060 mei
3126 2011 3491 2079 voluntatem,
3543 2015 3680 2070 viri-

2096 2081 2200 2140 bus
2229 2083 2297 2142 ab
2325 2101 2394 2141 eo
2420 2090 2684 2158 acceptis,
2712 2109 3010 2164 exsequar,
3079 2102 3254 2154 vestri
3313 2113 3498 2160 autem
3531 2108 3677 2178 regis

2095 2175 2432 2234 voluntatem
2465 2197 2538 2236 ne
2579 2187 2814 2241 summis
2864 2190 3090 2258 quidem
3147 2196 3377 2252 auribus
3435 2200 3675 2269 accipio.

2093 2265 2230 2322 Cum
2260 2279 2444 2326 autem
2477 2282 2534 2327 et
2577 2289 2680 2329 vox
2731 2279 2784 2332 ei
2845 2281 3365 2354 interrumperetur,
3425 2299 3483 2346 et
3530 2292 3680 2349 vires

2089 2359 2201 2430 jam
2224 2362 2492 2430 paulatim
2517 2365 2980 2436 dissolverentur,
3017 2382 3074 2428 et
3127 2391 3276 2432 mors
3303 2379 3527 2449 jamjam
3582 2383 3682 2438 ad-

2095 2458 2264 2516 esset,
2322 2454 2500 2511 oculis
2552 2458 2607 2512 in
2649 2461 2852 2516 crelum
2913 2465 3169 2530 sublatis,
3223 2484 3351 2524 eum
3382 2471 3442 2528 in
3504 2473 3680 2531 Deum

2094 2543 2500 2602 confessionem
2529 2566 2861 2609 conservare
2893 2556 3107 2612 firmam
3134 2569 3189 2614 et
3215 2560 3555 2622 immobilem
3583 2583 3682 2623 an-

2092 2636 2317 2692 nuendo
2349 2653 2742 2709 asseverasset,
2805 2647 2860 2701 in
2924 2648 3042 2717 ipsa
3096 2665 3284 2708 rerum
3334 2657 3584 2722 gravium
3621 2669 3680 2714 et

2093 2726 2398 2785 didicilium
2429 2733 2749 2795 tolerantia.
2788 2738 3055 2796 invictam
3099 2743 3248 2799 illam
3276 2747 3518 2802 animam
3559 2759 3676 2806 tra-

2091 2820 2236 2876 didit
2273 2823 2391 2879 Deo
2430 2830 2799 2896 agonothetae.

2162 2913 2277 2972 XV.
2307 2917 2503 2974 Adhuc
2528 2932 2713 2977 autem
2747 2924 2886 2981 iram
2921 2928 3198 2998 spirantes
3227 2934 3412 2990 acerbi
3446 2935 3524 2991 illi
3559 2945 3675 2994 tor-

2094 3009 2266 3068 tores,
2315 3007 2371 3061 in
2408 3025 2610 3079 corpus
2636 3014 2744 3083 jam
2807 3031 3086 3074 mortuum
3153 3024 3451 3079 saeviebant
3502 3029 3675 3084 instar

394 3089 574 3158 ζοντο.
616 3091 746 3148 Εἶτα
777 3095 1092 3164 ὠθήσαντες
1123 3100 1219 3151 ἐπὶ
1277 3100 1524 3170 κεφαλὴν
1562 3103 1656 3154 καὶ
1700 3103 1841 3156 κατὰ
1881 3105 1982 3173 τὴν

2095 3108 2404 3153 corvorum.
2454 3101 2664 3157 Deinde
2714 3120 2840 3160 cum
2900 3111 3242 3181 praecipitem
3295 3114 3674 3186 impulissent,

395 3186 656 3242 πλατεῖαν
689 3187 765 3250 ὦς
793 3206 847 3242 τι
875 3190 988 3241 τῶν
1027 3189 1274 3260 βεϐήλων
1305 3192 1354 3245 οἱ
1395 3194 1581 3262 μιαροὶ
1605 3194 1862 3264 ῥίψαντες
1885 3195 1987 3264 φύ-

393 3281 565 3343 λακας
593 3281 858 3348 ἐφιστῶσι
883 3281 976 3334 τοῦ
1012 3283 1148 3352 μηδὲ
1185 3285 1365 3352 ταφῆς
1423 3285 1530 3338 ὑπό
1560 3304 1657 3338 του
1691 3287 1802 3340 τῶν
1833 3287 1988 3355 φιλο-

395 3369 636 3440 χρίστων
663 3370 988 3442 ἀξιωθῆναι,
1036 3374 1310 3444 δαιμόνων
1356 3377 1709 3446 ἰσχυρότατον
1749 3378 1865 3440 δέος
1889 3383 1986 3434 ἐκ·

2086 3193 2140 3240 et
2175 3184 2230 3239 in
2257 3188 2488 3256 plateam
2520 3202 2777 3264 tanquam
2811 3199 3103 3266 profanum
3153 3184 3391 3274 aliquid:
3415 3184 3674 3266 scelerati

2089 3277 2472 3344 projecissent.
2501 3282 2769 3340 adhibent
2795 3291 3077 3354 custodes,
3110 3301 3169 3346 ut
3199 3312 3269 3350 ne
3323 3301 3672 3368 sepulturam

2087 3367 2312 3436 quidem
2367 3388 2807 3444 consequeretur
2839 3381 2909 3435 ab
2970 3384 3086 3439 ullo
3123 3401 3191 3440 ex
3220 3367 3428 3446 Christi
3479 3407 3674 3448 aman-

393 3462 582 3534 τρίψαι
620 3463 1058 3534 φιλονεικοῦντες
1107 3467 1156 3518 oi
1186 3467 1412 3520 ἐκείνων
1461 3469 1616 3533 ὄντες
1648 3471 1988 3540 θεραπευταὶ

2095 3459 2261 3524 tibus,
2299 3464 2597 3520 maximum
2629 3478 2837 3524 metum
2877 3473 3194 3531 daemonum
3228 3478 3508 3550 depellere
3540 3500 3675 3542 con-

396 3555 824 3624 προθυμότατοι.
857 3558 1016 3628 Τρισὶ
1048 3558 1106 3611 δὲ
1141 3557 1369 3630 ὕστερον
1409 3563 1645 3633 ἡμέραις
1672 3567 1779 3618 τῶν
1811 3568 1984 3636 φυλά-

392 3665 506 3701 κων
537 3648 950 3719 ἀσχολουμένων
997 3653 1090 3706 ἐπὶ
1123 3655 1188 3724 τῇ
1243 3656 1518 3726 παρουσίᾳ
1561 3658 1662 3727 τῆς
1715 3658 1985 3729 θυγατρὸς

391 3740 485 3794 τοῦ
507 3742 614 3796 τῶν
639 3743 948 3814 Ἀρμενίων
969 3747 1113 3815 φημὶ
1134 3746 1420 3817 βασιλέως,
1447 3749 1570 3820 ἥτις
1597 3752 1820 3823 εἰρήνης
1844 3754 1983 3823 ὅμη-

395 3851 489 3905 ρον
546 3837 623 3906 τῷ
654 3836 756 3902 τῆς
796 3838 1055 3908 Περσίδος
1105 3840 1225 3893 τότε
1269 3841 1612 3911 βασιλεύοντι
1641 3845 1974 3914 παρεσχέθη,

391 3927 545 3997 παρὰ
573 3928 914 3998 Χριστιανῶν
967 3927 1280 3997 κλέπτεται,
1317 3931 1596 4004 θησαυρὸς
1628 3933 1801 3997 ὕντως
1830 3936 1980 3989 οὐδέ-

390 4035 522 4072 ποτε
551 4019 962 4091 δαπανώμενος.
1085 4061 1114 4097 ,

409 4167 412 4170 ,
460 4108 580 4177 ις’.
607 4109 796 4175 Οὕτως
833 4109 926 4166 οῦν
959 4111 1055 4166 τοῦ
1104 4115 1380 4186 μακαρίου
1429 4116 1704 4189 Ἀκεψεμᾶ
1740 4118 1975 4190 δεκάτην

2090 3551 2400 3618 tendentes,
2427 3557 2520 3625 qui
2546 3573 2734 3615 revera
2760 3565 3160 3622 erantillorum
3205 3571 3450 3630 cultores
3487 3590 3674 3644 prom-

2085 3643 2349 3712 ptissimi.
2411 3643 2614 3704 Tribus
2664 3662 2849 3708 autem
2876 3655 3072 3714 diebus
3131 3671 3318 3729 postea
3386 3643 3672 3737 occupatis

2084 3738 2410 3795 custodibus
2440 3754 2669 3812 propter
2702 3747 3002 3806 adventum
3045 3753 3171 3810 tiliae
3205 3757 3354 3828 regis
3377 3757 3670 3817 Armenio-

2081 3845 2233 3896 rum,
2264 3849 2386 3902 quae
2421 3844 2648 3892 utesset
2673 3839 2842 3898 obses
2879 3847 3058 3915 pacis,
3096 3855 3230 3904 tunc
3259 3849 3382 3905 data
3415 3853 3523 3908 fuit
3549 3855 3670 3925 regi

2080 3921 2392 3989 Persarum,
2429 3929 2731 3996 surripitur
2756 3947 2786 3986 a
2813 3933 3150 3994 Christianis
3194 3954 3389 3996 revera
3445 3921 3670 4000 thesau-

2077 4029 2197 4076 rus,
2243 4016 2335 4083 qui
2367 4032 2652 4088 nunquam
2679 4026 3058 4080 consumitur.

2143 4103 2283 4161 XVI.
2314 4106 2451 4162 Cum
2484 4111 2564 4164 sic
2587 4127 2722 4182 ergo
2760 4115 2822 4170 Β..
2860 4116 3185 4188 Acepsimas
3233 4121 3453 4183 decimo
3494 4127 3665 4186 Octo-

388 4202 612 4270 ἄγοντος
637 4203 731 4256 τοῦ
770 4205 1108 4276 Ὀκτωϐρίου
1142 4208 1344 4278 τρόπον
1371 4209 1431 4262 δν
1461 4210 1678 4281 εἴρηται
1702 4210 1761 4264 τὸ
1798 4213 1975 4284 πέρας
2073 4196 2193 4254 bris
2225 4213 2293 4254 eo
2313 4201 2501 4267 modo,
2537 4219 2650 4270 quo
2678 4205 2890 4264 dietum
2926 4219 3030 4278 est,
3070 4212 3234 4269 ﬁnem
3263 4219 3390 4271 vita:
3420 4222 3666 4291 accepis-

386 4297 486 4366 τῆς
520 4296 664 4367 ζωῆς
702 4297 1018 4366 δεξαμένου,
1060 4301 1087 4353 ό
1127 4300 1423 4372 ἱερώτατος
1480 4303 1678 4372 Ἰωσὴφ
1726 4303 1846 4373 μετ’
1875 4305 1973 4359 αὖ·

2095 4298 2182 4352 εει,
2214 4291 2597 4349 sanctissimus
2615 4295 2815 4368 Ioseph
2845 4312 2970 4370 post
2994 4318 3122 4359 eum
3148 4305 3256 4362 fuit
3287 4307 3660 4370 introductus.

383 4349 484 4442 τδῖ
509 4349 852 4460 εἰσήγετδῖ
878 4349 1224 4462 προσσχὼνδό
1261 4349 1486 4465 βέϐηλος
1518 4349 1800 4467 summa},
1836 4397 1972 4490 'Etb:

2095 4349 2360 4452 Ad'quem
2391 4401 2449 4441 se
2489 4349 3066 4460 prOpiu‘s'rat—lmovens
3123 4400 3297 4472 judex
3351 4349 3662 4475 profanus”:

385 4497 580 4551 ρακας,
606 4477 749 4546 εἷπε,
780 4483 868 4534 τὸν
891 4485 1104 4553 ἑταῖρον
1125 4485 1214 4537 τὸν
1248 4486 1338 4538 σὺν
1376 4485 1476 4555 οἴῳ
1501 4486 1682 4557 πικρῷ
1705 4489 1848 4543 τέλει
1873 4489 1967 4542 τοῦ

2095 4473 2291 4540 Vidisti,
2332 4477 2532 4547 inquit,
2577 4497 2741 4552 quam
2781 4488 2979 4544 acerba
3045 4503 3224 4550 morte
3264 4473 3477 4555 amicus
3534 4509 3664 4556 tuus

384 4573 482 4644 ζῇν
503 4575 817 4645 ἀπηλλάγη.
861 4577 968 4630 Καὶ
1000 4579 1062 4630 σὺ
1095 4578 1296 4643 τοίνυν,
1329 4579 1376 4630 εί
1405 4579 1481 4649 μὴ
1534 4582 1645 4642 τοῖς
1691 4581 1846 4647 ὲμοῖς
1879 4579 1967 4680 λό-

2095 4566 2178 4622 'uit
2209 4569 2320 4624 vita
2351 4572 2621 4640 privatus,
2657 4585 2714 4630 et
2767 4585 2822 4632 tu
2875 4595 3026 4636 nunc
3060 4598 3309 4653 quoque,
3367 4590 3473 4644 nisi
3522 4592 3660 4648 meis

381 4679 498 4730 γοις
539 4662 789 4734 πεισθῇς,
823 4668 942 4729 ταῖς
974 4666 1192 4735 ὁμοίαις
1228 4668 1556 4740 ὑποϐληθεὶς
1593 4670 1845 4724 κολάσεσι
1877 4671 1967 4726 τὸν
2074 4662 2298 4716 "ionius
2359 4678 2557 4732 Pareas
2581 4707 2596 4731 ν
2666 4668 2942 4726 “milibus
3008 4675 3293 4744 subiectus
3345 4683 3656 4750 ευρριίεῖῖεν

381 4754 543 4809 αὐτὸν
602 4757 794 4827 ἐκείνῳ
836 4759 1064 4812 θάνατον
1112 4761 1411 4832 ὑποστήσῃ.
1489 4763 1547 4816 Ὀ
1600 4763 1656 4816 δὲ
1702 4761 1796 4816 τοῦ
1829 4764 1965 4818 Θεοῦ

2095 4753 2322 4809 eamdem
2353 4772 2520 4827 quam
2555 4759 2916 4822 ille,mortem
2941 4767 3178 4823 subibis.
3207 4772 3437 4826 Divinus
3471 4784 3655 4830 autem

382 4845 527 4912 θεῖος
560 4848 757 4918 ἱερεὺς,
789 4852 852 4904 Ὀ
882 4855 978 4907 καὶ
1005 4852 1290 4923 πρότερον,
1320 4853 1422 4924 ἔφη
1443 4894 1460 4918 ,
1483 4855 1564 4925 τῷ
1592 4855 1698 4926 πρὸ
1732 4857 1825 4910 σοῦ
1851 4859 1966 4926 κρῖ-

2095 4845 2165 4899 )ei
2193 4848 2488 4905 sacerdos:
2529 4851 2712 4919 Quod,
2739 4857 2941 4927 inquit,
2988 4861 3143 4930 prius
3176 4862 3285 4916 dixi
3312 4864 3361 4917 ei
3391 4865 3478 4920 cui
3507 4867 3657 4938 judi-

380 4957 470 4994 ναι
512 4941 730 5011 λαχόντι
767 4944 835 4996 τὰ
871 4945 1111 5016 ἡμέτερα
1161 4948 1388 5018 εἴρηκα,
1413 4945 1574 5002 τοῦτο
1608 4953 1701 5003 καὶ
1734 4949 1870 5019 πρὸς
1903 4949 1964 5001 σὲ

2099 4936 2228 4991 andi
2261 4954 2464 4995 munus
2493 4953 2622 4998 ante
2657 4955 2708 5001 te
2730 4949 3028 5020 obtigerat.
3069 4953 3176 5006 hoc
3234 4968 3383 5009 nunc
3431 4936 3653 5027 quoque

379 5031 476 5086 νῦν
500 5034 629 5104 ἐρῶ,
657 5033 732 5098 ὡς
769 5033 970 5090 οὔποτε
1033 5038 1240 5108 κτίσμα
1287 5043 1702 5110 προτιμήσομαι
1726 5042 1820 5093 τοῦ
1851 5043 1962 5111 Δηο

2095 5028 2166 5083 ibi
2191 5030 2396 5096 dicam,
2424 5036 2573 5102 quod
2607 5052 2893 5107 nunquam
2929 5045 3173 5099 creatori
3213 5045 3496 5115 praeferam
3531 5064 3649 5104 rem

381 5125 671 5194 μιουργοῦ,
730 5126 849 5179 οὐδὲ
884 5128 1252 5198 προσκυνήσω
1296 5130 1470 5183 κτίσει
1524 5129 1677 5200 παρὰ
1713 5129 1806 5183 τὸν
1839 5132 1961 5185 κτί-

2097 5133 2304 5178 reatain
2331 5141 2344 5176 :
2374 5141 2556 5195 neque
2584 5129 2660 5196 id,
2692 5133 2843 5199 quod
2877 5144 2961 5189 est
3014 5138 3325 5204 conditum,
3380 5140 3646 5209 adorabo,

380 5232 550 5272 σαντα
583 5219 686 5282 ἕως
719 5219 782 5289 δὴ
813 5220 904 5274 τοῦ
945 5220 1076 5290 ἐμοῦ
1105 5221 1294 5293 κύριός
1319 5225 1435 5293 είμι
1458 5223 1746 5294 λογισμοῦ.
1782 5225 1957 5296 nam,

2095 5216 2159 5271 ed
2215 5219 2582 5288 conditorem,
2647 5226 2893 5294 quandiu
2933 5227 3094 5285 fuero
3154 5247 3380 5302 compos
3413 5236 3642 5290 mentis.

376 5309 515 5376 πρὸς
551 5307 725 5362 ταῦτα
751 5310 778 5362 ὁ
808 5312 990 5382 ἄρχων
1030 5314 1098 5382 τῇ
1129 5312 1302 5386 λύσσῃ
1324 5316 1712 5384 καταληφθεὶς,
1739 5317 1954 5370 ἐκέλευ-

2095 5308 2157 5366 lis
2201 5311 2367 5371 dictis
2391 5356 2405 5381 ,
2446 5331 2653 5386 praeses
2682 5332 2976 5390 correptus
3003 5340 3202 5395 magno
3230 5326 3440 5394 furore,
3475 5330 3648 5400 jussit

378 5415 438 5453 σε
458 5402 553 5455 καὶ
577 5401 737 5455 αὐτὸν
771 5401 970 5471 ὁμοίως
1011 5403 1089 5474 τῷ
1145 5406 1467 5476 προλαϐόντι
1493 5408 1810 5464 διατεθέντα
1836 5410 1956 5472 ταῖς

2095 5421 2184 5459 um
2211 5408 2466 5464 similiter
2503 5419 2792 5465 extensum
2825 5422 2994 5484 atque
3046 5417 3312 5486 priorem,
3368 5420 3642 5491 ﬂagellari

377 5489 579 5558 βοείαις
617 5495 997 5564 μαστίζεσθαι,
1050 5497 1268 5568 κήρυκά
1306 5515 1362 5551 τε
1413 5499 1730 5569 ὶπιφωνεῖν,
1772 5501 1834 5553 τὸ
1859 5499 1950 5554 τοῦ

2097 5511 2225 5550 eum
2266 5497 2447 5552 nervis
2474 5535 2490 5562 ,
2529 5506 2584 5554 et
2620 5501 2930 5558 acelamare
2982 5520 3313 5575 praconem,
3346 5523 3471 5563 eum
3525 5509 3646 5565 fore

377 5582 640 5654 βασιλέως
695 5589 954 5643 ποιοῦντα
1012 5589 1225 5660 θέλημα
1289 5590 1585 5655 σώζεσθαι.
1632 5593 1690 5646 '0
1739 5593 1816 5658 δὲ,
1859 5587 1954 5656 Εἷς

2095 5589 2292 5656 alvum,
2338 5589 2384 5644 si
2452 5591 2600 5662 regis
2656 5603 2849 5662 pareat
2913 5599 3205 5653 voluntati.
3250 5601 3348 5656 Ille
3412 5612 3638 5657 autem:

373 5675 522 5727 ἐστιν
553 5675 704 5743 Θεὸς,
735 5681 952 5745 ἀνεϐόα,
981 5685 1076 5738 καὶ
1110 5683 1250 5753 πλὴν
1275 5683 1440 5739 αὑτοῦ
1471 5685 1720 5757 οὐδαμῶς
1744 5686 1951 5756 ἕτερος,

2095 5681 2212 5737 Ilius
2230 5690 2318 5738 est
2344 5681 2514 5748 Deus,
2542 5675 2908 5755 exclamabat,
2935 5697 2992 5744 et
3017 5698 3219 5760 praeter
3239 5695 3418 5758 ipsum
3452 5693 3641 5749 nullus

371 5759 414 5834 «ἶ.
445 5769 540 5821 καὶ
570 5768 753 5831 ζῶιιεν
781 5778 873 5830 καὶ
895 5775 1191 5844 κινούμεθα
1214 5780 1305 5832 καὶ
1337 5777 1524 5842 ὲσμὶν,
1552 5769 1597 5842 ᾧ
1625 5780 1718 5833 καὶ
1743 5776 1842 5844 τὴν
1870 5776 1957 5831 λο-

2095 5775 2224 5846 lius,
2254 5775 2313 5834 in
2369 5790 2482 5847 quo
2513 5785 2570 5834 et
2613 5778 2854 5840 vivimus
2902 5791 2959 5842 et
3007 5798 3298 5843 movemur
3321 5795 3376 5846 et
3424 5802 3658 5872 sumus,
