4142 6384
444 329 546 393 847

1659 318 2038 383 ADDENDA.
2081 341 2150 359 -ν
2175 320 2502 382 APRILIS.

3611 319 3716 379 διε

447 443 541 500 cui
575 440 741 496 etiam
765 441 974 494 cultum
999 435 1286 493 oderimus
1323 433 1670 500 rationalem,
1704 434 1850 506 regia
1871 434 2024 506 iussa

2159 437 2293 508 ἰκὴν
2333 437 2590 510 λατρείαν
2633 435 3004 507 προσάγομεν,
3041 433 3247 507 βραχέα
3281 433 3388 486 τῶν
3419 430 3716 502 βασιλικῶν

448 550 644 606 parum
677 539 959 587 curantes.
1001 527 1139 584 Cum
1170 544 1300 584 vero
1336 527 1539 583 multas
1566 527 1733 582 horas
1765 526 2026 581 verbera-

452 637 560 691 tus,
604 625 717 680 fere
736 623 849 694 jam
889 629 1036 677 esset
1065 629 1242 676 morte
1293 619 1550 682 allectus,
1603 616 1864 673 arbitrati
1898 629 2026 670 eum

449 731 570 772 esse
614 724 930 777 mortuum,
985 713 1368 778 sustulerunt,
1415 721 1472 766 et
1511 710 1567 764 In
1616 707 1796 762 forum
1841 705 2028 776 proje-

453 815 673 866 cerunt.
729 805 940 862 Deinde
999 820 1124 860 cum
1188 803 1542 859 rescivissent
1592 801 1806 869 aliquas
1861 796 2028 866 spiri-

452 912 544 959 tus
574 899 838 970 reliquias
879 897 1062 954 adhuc
1111 898 1166 952 in
1216 911 1284 952 eo
1332 908 1555 950 manere
1582 933 1596 958 ,
1649 889 1943 946 includunt
1977 889 2032 942 in

451 1007 697 1048 carcere.

527 1081 690 1141 XVII.
723 1083 856 1139 Post
880 1097 1008 1138 eum
1052 1088 1237 1137 autem
1276 1081 1472 1134 tertius
1524 1078 1626 1133 fuit
1679 1077 2034 1133 introductus

449 1177 672 1248 sapiens
708 1174 995 1232 Eithalas.
1035 1173 1138 1230 Cui
1189 1173 1358 1245 iudex
1399 1189 1412 1224 :
1472 1172 1636 1234 Vita,
1697 1171 1918 1240 inquit,
1978 1177 2034 1223 et

451 1279 628 1326 morte
659 1270 958 1341 propositis
994 1277 1123 1325 ante
1178 1277 1303 1323 tuos
1357 1265 1568 1330 oculos,
1633 1263 1920 1333 gloriaque
1968 1269 2027 1316 et

2125 529 2506 600 φροντίζοντες
2532 527 2993 600 προσταγμάτων.
3032 524 3125 590 Ὠς
3142 526 3199 580 δὲ
3227 528 3321 581 ἐπὶ
3349 525 3572 588 πολλαῖς
3594 527 3714 588 ταῖς

2128 621 2301 690 ὥραις
2331 621 2668 690 τυπτόμενος
2701 619 2890 690 σχεδὸν
2915 619 3019 691 ἤδη
3055 620 3152 673 καὶ
3183 615 3513 686 νενέκρωτο,
3551 615 3710 684 νομί-

2130 729 2322 776 σαντες
2352 712 2516 766 αὐτόν
2547 711 2802 766 τεθνάναι
2834 712 2926 765 ἐπὶ
2971 709 3072 780 τῆς
3107 709 3316 779 ἀγορᾶς
3365 707 3597 778 ἄραντες
3618 705 3712 776 Ep-

2134 805 2317 876 ριψαν.
2350 800 2486 859 Εἶτα
2518 803 2781 875 μαθόντες
2805 802 2886 856 ἔτι
2917 801 2975 854 λε
2987 800 3175 873 ίψανόν
3201 817 3258 853 τι
3285 799 3600 869 πνεύματος
3616 797 3713 852 αὑ-

2135 898 2211 970 τῷ
2239 899 2604 970 παραμένειν,
2639 899 2733 953 ἐπὶ
2749 898 2848 968 τήν
2877 896 3101 968 εἱρκτὴν
3128 893 3540 949 κατακλείουσι.

2205 1077 2304 1132 IZ'.
2330 1076 2486 1132 Μετὰ
2505 1076 2562 1131 δὲ
2588 1075 2781 1130 τοῦτον
2808 1075 2992 1143 τρίτος
3034 1070 3320 1136 ’Λειθαλᾶς
3349 1069 3377 1125 6
3401 1070 3564 1140 σοφὸς
3604 1070 3716 1122 είσο

2135 1169 2326 1238 ηγετο,
2356 1169 2494 1239 πρὸς
2515 1168 2574 1221 δν
2605 1169 2634 1220 6
2661 1165 2919 1230 δικάζων,
2934 1167 3046 1219 Καὶ
3073 1163 3241 1231 ζωῆς,
3269 1163 3401 1233 ἔφη,
3429 1163 3525 1214 καὶ
3557 1158 3719 1213 θανά-

2134 1277 2228 1314 του
2278 1260 2658 1331 προκειμένων
2704 1261 2764 1313 ἐν
2816 1258 3117 1329 ὀφθαλμοῖς
3151 1274 3274 1320 σου,
3307 1255 3468 1326 δόξης
3511 1271 3572 1308 τε
3629 1255 3723 1308 καὶ

451 1361 774 1434 ignominia,
803 1376 874 1416 ne
901 1360 1073 1431 eligas
1095 1358 1362 1420 deterius,
1404 1355 1598 1410 relicto
1631 1351 1884 1417 meliori;
1918 1364 2022 1406 nec

2159 1355 2374 1424 τιμίας,
2409 1354 2485 1424 μὴ
2512 1353 2572 1406 τὸ
2597 1355 2778 1425 χεῖρον
2826 1351 2948 1425 ἕλῃ,
2992 1349 3052 1403 τὸ
3086 1352 3334 1421 κρεῖττον
3382 1347 3721 1410 καταλιπὼν,

451 1453 702 1510 eamdem
757 1451 911 1507 ineas
959 1451 1127 1516 viam,
1180 1464 1344 1522 quam
1375 1447 1410 1502 ii
1446 1447 1542 1517 qui
1598 1455 2028 1517 praecesserunt,

453 1545 545 1616 qui
571 1559 668 1600 sua
702 1542 935 1597 stultitia
986 1541 1214 1612 dignum
1249 1541 1373 1595 vita:
1429 1539 1638 1593 exitum
1674 1541 2029 1605 acceperunt.

461 1630 535 1684 I‘u
568 1639 752 1684 autem
778 1643 962 1682 meum
991 1642 1230 1698 sequens
1282 1626 1599 1692 consilium,
1655 1633 1714 1680 et
1769 1623 2036 1678 maximos

454 1732 696 1777 honores
723 1721 1107 1790 consequeris,
1139 1727 1195 1774 et
1233 1734 1461 1774 munera
1495 1733 1525 1772 a
1577 1732 1708 1788 rege
1763 1716 2028 1784 accipies.

2134 1445 2270 1516 μηδὲ
2301 1443 2472 1514 αὐτὴν
2503 1443 2724 1514 βαδίσαι
2749 1444 2863 1507 τοῖς
2893 1440 3280 1513 προλαϐοῦσιν,
3311 1441 3361 1495 οἳ
3392 1440 3492 1509 τῆς
3517 1440 3722 1494 ἑαυτῶν

2133 1536 2451 1608 ἀφροσύνης
2483 1535 2634 1600 ἀξιον
2681 1535 3071 1607 ἀπηνέγκαντο
3132 1535 3229 1588 καὶ
3262 1533 3325 1587 τὸ
3349 1532 3520 1598 τέλος.
3553 1531 3626 1586 Σὺ
3667 1532 3723 1586 6s

2137 1629 2272 1683 ἀλλὰ
2303 1632 2369 1700 τῇ
2408 1631 2517 1700 ἐμῇ
2559 1627 2880 1698 πειθόμενος
2915 1625 3221 1698 συμϐουλῇ,
3251 1626 3426 1696 τιμῶν
3454 1641 3514 1679 τε
3569 1627 3725 1695 μεγίο

2146 1739 2290 1777 στων
2321 1721 2601 1795 ἀξιωθήσῃ
2662 1722 2756 1775 καὶ
2785 1720 3083 1792 βασιλικῶν
3133 1721 3263 1774 οῖων
3313 1718 3572 1788 ιπιτεύξῃ
3615 1719 3726 1772 τῶν

455 1815 550 1870 Sin
599 1813 803 1880 minus,
848 1827 977 1868 cum
1043 1811 1141 1866 tibi
1180 1825 1346 1866 causa
1402 1809 1578 1864 fueris
1637 1786 2038 1878 suppliciorum

2159 1814 2382 1888 ῑωρεῶν.
2422 1816 2486 1871 Et
2514 1786 2704 1878 δρῦν,
2726 1786 2940 1886 μυρίων
2971 1811 3186 1883 σεαυτῷ
3239 1812 3527 1882 γενόμενος
3546 1786 3724 1874 ήαῐτιος

457 1905 993 1968 innumerabilium,
1043 1903 1306 1958 omnibus
1357 1917 1579 1972 quoque
1634 1899 2038 1972 iucundissima

2159 1906 2442 1978 ςιμωριῶν,
2471 1905 2591 1961 είτα
2620 1906 2834 1962 καὶτοῦ
2875 1903 3127 1960 ποθεινοῦ
3165 1905 3298 1957 πᾶσι
3347 1904 3525 1972 φωτὸς
3557 1902 3725 1972 βιαιό⁹

456 2009 578 2054 luce
612 2013 708 2068 per
741 1998 852 2053 vim
877 1995 1206 2068 privaberis.
1233 1993 1464 2053 Divinus
1513 1998 1699 2048 autem
1727 1991 1995 2048 .‘Eithalas
2021 2002 2036 2045 :

459 2088 562 2152 Ile,
618 2087 818 2159 inquit,
871 2087 1108 2159 puderet
1155 2085 1281 2142 coeli
1332 2093 1390 2141 et
1449 2094 1632 2150 terra,
1662 2083 1736 2148 si,
1775 2097 1902 2138 cum
1933 2079 2043 2137 mei

458 2181 646 2247 amici,
668 2181 761 2252 qui
797 2190 854 2235 et
876 2179 1275 2251 premebantur
1301 2184 1611 2242 senectute,
1637 2182 1694 2230 et
1720 2183 1883 2230 aetate
1913 2187 2045 2244 pro-

461 2282 759 2339 cesserant,
794 2271 1102 2327 fortissime
1155 2267 1584 2334 decertaverint,
1633 2270 1754 2336 Ipse
1807 2274 1864 2321 et
1914 2264 2042 2320 vitm

2139 2015 2283 2052 τατα
2310 1997 2654 2070 στερηθήσῃ.
2732 1997 2792 2050 '0
2819 1997 2875 2050 δέ
2904 2013 2967 2064 γε
3007 1994 3150 2059 θεῖος
3189 1994 3494 2060 Ἀειθαλᾶς,
3529 1993 3727 2062 Δίσχυ-

2143 2089 2346 2161 ναίμην
2375 2089 2466 2156 ἀν,
2515 2088 2646 2160 εφη,
2690 2089 2784 2144 τὸν
2833 2088 3064 2161 οὐρανὸν
3117 2091 3212 2144 καὶ
3234 2087 3334 2159 τὴν
3363 2087 3491 2157 γῆν,
3541 2088 3592 2139 εί
3620 2085 3724 2139 τῶν

2143 2183 2296 2252 ἐμῶν
2337 2183 2574 2254 ἑταίρων
2598 2185 2694 2236 καὶ
2713 2183 2784 2254 γή
2795 2199 2862 2253 ρᾳ
2888 2183 3238 2253 τρυχομένων
3267 2183 3361 2236 καὶ
3390 2180 3578 2252 ἡλικία
3599 2195 3728 2250 προ-

2143 2273 2496 2346 ϐεὸηκότων,
2554 2272 2752 2329 ἔπειτα
2807 2273 3203 2344 καρτερώτατα
3266 2271 3723 2343 διηγωνισμένων,

462 2363 714 2435 cupidus,
749 2370 805 2418 et
834 2370 1108 2418 tormenta
1134 2361 1505 2415 extimescens
1539 2356 1918 2427 conspicerer,
1944 2355 2043 2426 qui

2159 2367 2308 2432 ιὺτδς
2337 2367 2620 2437 φιλοζωῶν
2665 2368 2763 2420 καὶ¹
2784 2367 3155 2437 ὑποπτήσσων
3189 2382 3282 2419 σου
3335 2364 3434 2426 τὰς
3460 2363 3727 2434 βασάνους

463 2471 581 2510 sum
604 2463 766 2510 aetate
784 2454 1082 2524 vegetiore.
1108 2453 1255 2515 Non,
1279 2467 1379 2522 per
1405 2449 1611 2506 Christi
1643 2449 1750 2504 mei
1785 2456 2041 2512 mortem,

465 2560 556 2602 ero
585 2544 712 2600 vita:
743 2543 834 2600 hic
865 2541 1090 2615 agendze
1111 2541 1370 2612 cupidus.
1408 2540 1527 2596 Non
1563 2556 1663 2612 pro
1690 2540 1759 2595 iis
1787 2554 1910 2610 quae
1954 2537 2044 2593 vi-

469 2642 688 2706 lentur,
713 2639 898 2704 bonis,
942 2654 1053 2694 non
1079 2652 1180 2709 pro
1212 2637 1432 2707 asperis
1456 2635 1626 2691 rebus
1658 2633 1887 2705 prodam
1917 2633 2041 2705 pie-

469 2741 656 2790 tatem.
687 2732 922 2802 Propter
951 2731 1069 2786 haec
1108 2744 1303 2800 magna
1361 2726 1574 2784 exstitit
1621 2725 1708 2781 ira
1756 2724 2043 2797 presidis:

470 2833 521 2880 st
559 2823 614 2878 in
649 2831 902 2879 sanctum
936 2822 1084 2876 illata
1108 2829 1239 2877 sunt
1263 2820 1497 2892 ﬂagella.
1531 2818 1628 2873 Ille
1653 2826 1835 2873 autem
1859 2817 2044 2888 ipsum

472 2913 755 2970 sordidum
801 2928 994 2969 canem
1043 2912 1265 2968 vocavit
1315 2921 1372 2967 et
1417 2909 1700 2981 ignavum,
1749 2918 1840 2965 et:
1894 2909 2048 2975 Quo-

473 3006 658 3073 modo,
695 3005 896 3076 inquit,
936 3019 1096 3062 mens
1152 3013 1246 3059 tua
1293 3010 1380 3060 est
1407 3001 1625 3058 inﬁrma
1656 3008 1710 3056 et
1750 3000 2045 3062 imbecilla.

2141 2459 2366 2530 ὀφθείην
2411 2459 2512 2530 τὴν
2535 2457 2752 2529 ἠλικίαν
2777 2456 2918 2529 ἔχων
2965 2456 3353 2527 ἀκμαιοτέραν.
3389 2456 3490 2519 Οὑ,
3538 2457 3616 2525 μὴ
3641 2455 3728 2507 τὸν

2145 2552 2240 2606 τοῦ
2273 2551 2408 2624 ἐμοῦ
2439 2550 2678 2622 Χριστοῦ
2709 2549 2965 2616 θάνατον,
3001 2550 3062 2604 οὑ
3094 2548 3472 2619 φιλοψυχήσω,
3503 2549 3565 2602 οὑ
3595 2564 3730 2619 προ-

2153 2643 2310 2699 δώσω
2356 2644 2465 2699 τῶν
2497 2643 2798 2699 δοκούντων
2827 2642 3068 2712 ἀγαθῶν,
3100 2643 3162 2696 οὑ
3193 2643 3300 2696 τῶν
3327 2641 3578 2712 χαλεπῶν
3634 2640 3729 2709 τὴν

2155 2737 2459 2793 εὐσέϐειαν.
2491 2736 2676 2807 Θυμδς
2698 2737 2760 2790 τὸ
2791 2737 2885 2788 ἐπὶ
2906 2735 3114 2800 τούτοις
3135 2733 3302 2798 πολὺς
3329 2733 3420 2787 τοῦ
3451 2734 3730 2803 ἄρχοντος,

2161 2829 2446 2901 μαστίγων
2479 2830 2742 2900 ἐπιφοραὶ⁹
2767 2827 2909 2883 κατὰ
2953 2827 3048 2882 τοῦ
3073 2828 3253 2894 ἁγίου.
3296 2827 3356 2880 '0
3393 2825 3450 2879 δὲ
3485 2825 3731 2897 ῥυπαρὸν

2157 2921 2321 2976 αὑτὸν
2342 2922 2604 2976 ἀπεκάλει
2635 2922 2775 2975 κύνα
2808 2921 2902 2974 καὶ
2933 2919 3132 2989 ἀγεννῆ
3165 2919 3282 2982 καὶ,
3315 2918 3529 2988 Ὠσπερ
3551 2917 3580 2968 6
3609 2915 3732 2980 νοῦς

2157 3015 2186 3068 6
2219 3014 2331 3081 σὸς,
2359 3014 2537 3083 ἔλεγε,
2570 3013 2771 3086 σαθρός
2808 3030 2868 3068 τε
2905 3016 3001 3068 καὶ
3029 3013 3281 3082 ἀσθενὴς,
3303 3010 3450 3064 οὕτω
3469 3010 3535 3081 δη
3560 3009 3656 3064 καὶ
3679 3009 3731 3062 αἱ

475 3111 546 3157 ita
576 3100 743 3156 etiam
784 3105 1096 3163 tormenta,
1156 3111 1278 3166 quae
1323 3103 1453 3151 sunt
1481 3093 1790 3149 infelicium
1849 3101 1906 3148 ct
1953 3093 2052 3147 ab-

2160 3103 2384 3175 βάσανοι
2419 3104 2790 3176 μορμολύκεια
2831 3103 3024 3175 ψυχῶν
3053 3101 3256 3157 ἀθλίων
3295 3102 3402 3155 είσὶ
3430 3102 3524 3154 καὶ
3547 3116 3735 3152 ταπει-

476 3195 741 3265 iectarum
800 3191 1114 3246 animarum
1161 3187 1446 3255 terricula,
1492 3201 1602 3241 non
1665 3201 1798 3240 vero
1828 3184 2054 3240 fortium

2159 3198 2287 3263 νῶν,
2313 3197 2428 3250 ἀλλ’
2451 3199 2552 3250 οὑκ
2573 3197 2785 3268 ἀνδρῶν
2807 3197 3074 3266 γενναίων
3103 3197 3198 3250 καὶ
3215 3191 3448 3266 Χριστοῦ
3469 3192 3618 3263 πόθῳ
3636 3191 3734 3255 τάς

480 3284 751 3348 virorum,
785 3296 1025 3352 quorum
1061 3278 1235 3335 animi
1265 3276 1543 3334 desiderio
1574 3274 1785 3331 Christi
1815 3284 1945 3331 sunt
1975 3275 2060 3329 in-

479 3374 762 3431 ﬂammati.

546 3466 744 3523 XVIII.
769 3463 866 3520 His
893 3464 1068 3535 judex
1113 3460 1549 3533 obstupefactus,
1591 3461 1687 3532 qui
1727 3471 1847 3517 erat
1877 3468 2061 3517 mente

482 3569 710 3631 captus:
733 3555 1022 3623 Quidhoc,
1038 3555 1177 3610 dixit
1194 3553 1625 3615 confessoribus,
1641 3552 1744 3608 sibi
1763 3553 1900 3619 vult,
1915 3553 2059 3622 quod

473 3644 595 3719 isti,
627 3650 720 3722 qui
745 3649 1008 3706 dicuntur
1042 3646 1365 3712 Christiani,
1389 3646 1555 3702 vitam
1588 3653 1912 3716 praesentem
1959 3642 2062 3701 de-

485 3745 810 3818 spicientes,
846 3750 1080 3797 mortem
1121 3749 1411 3812 tantOpere
1461 3738 1694 3794 sitiunt?
1726 3738 1809 3792 Illi
1839 3746 2062 3792 autem:

485 3836 782 3904 Quoniam,
835 3835 1018 3902 aiunt,
1065 3850 1098 3890 a
1146 3834 1400 3905 patribus
1447 3830 1676 3888 traditas
1716 3828 2066 3886 attendentes

486 3929 792 3994 doctrinas,
819 3929 1056 3982 credunt
1082 3926 1253 3980 alium
1287 3940 1412 3981 esse
1462 3923 1757 3991 mundum,
1808 3919 2066 3993 praesenti

487 4027 648 4090 longe
691 4019 978 4075 meliorem
1014 4026 1072 4074 et
1100 4015 1602 4081 admirabiliorem,
1635 4022 1859 4084 propter
1900 4027 2066 4082 quem

489 4114 658 4170 vitam
676 4128 899 4184 quoque
917 4120 1247 4182 praesentem
1270 4109 1607 4178 despiciunt.
1627 4106 1855 4162 Interim
1880 4114 2064 4160 autem

490 4207 622 4264 dum
680 4207 798 4261 ha:c
845 4205 1191 4271 dicerentur,
1228 4211 1287 4258 et
1317 4201 1584 4272 temporis
1621 4196 1960 4269 prolixitate,
2011 4205 2070 4252 et

493 4299 564 4355 ab
595 4299 664 4354 iis
692 4299 786 4368 qui
817 4297 998 4367 ipsum
1048 4295 1402 4365 torquebant,
1438 4291 1926 4349 vehementissima
1956 4290 2072 4360 pla-

493 4406 688 4461 garum
724 4390 992 4456 illatione,
1045 4387 1298 4457 corporis
1341 4385 1588 4456 quidem,
1638 4383 1787 4454 quod
1836 4383 2072 4438 multum

495 4484 898 4546 dcccrtaverat,
974 4479 1421 4536 dissolvebantur
1478 4491 1802 4548 compages;

2155 3284 2334 3355 ψυχὰς
2367 3286 2868 3358 ἑκπεπυρωμένων.

2231 3463 2335 3520 Ill'.
2387 3466 2710 3536 Ἐκπλαγεὶς
2759 3469 2851 3522 επὶ
2895 3467 3105 3532 τούτοις
3135 3470 3162 3522 ό
3194 3467 3562 3538 φρενόληπτος
3585 3466 3739 3522 δικα-

2162 3558 2314 3627 στὴς,
2341 3558 2407 3612 Τί
2428 3559 2607 3626 τοῦτο,
2662 3561 2799 3632 πρὸς
2828 3562 2954 3624 τοὺς
2986 3561 3432 3631 συνεδριάζοντας
3460 3561 3588 3630 ἔφη,
3624 3559 3736 3624 πῶς

2163 3647 2215 3700 οἱ
2241 3648 2525 3720 λεγόμενοι
2558 3645 2704 3706 οὗτοι
2739 3652 3055 3722 Χριστιανοὶ
3104 3651 3207 3720 τῆς
3255 3650 3538 3722 παρούσης
3571 3668 3738 3706 καταο

2165 3741 2488 3812 φρονοῦντες
2509 3743 2678 3813 ζωῆς,
2705 3745 2948 3808 ἐκτόπως
2965 3744 3108 3798 οὑτω
3135 3742 3333 3812 διψῶσι
3357 3747 3448 3799 τὸν
3475 3745 3739 3811 θάνατον;

2167 3831 2230 3885 Ol
2268 3831 2347 3898 δὲ,
2389 3831 2512 3886 Ὀτι
2541 3837 3066 3906 πατροπαραδότοις,
3102 3838 3333 3909 ἔφησαν,
3383 3840 3740 3909 προσέχοντες

2167 3923 2433 3995 διδαχαῖς,
2472 3925 2632 3980 ἀλλον
2662 3923 2801 3981 εἶναι
2827 3941 3036 3998 ’κοσμον
3069 3932 3405 3997 πιστεύουσι,
3426 3932 3519 3986 τοῦ
3544 3931 3744 4002 παρόν-

2167 4031 2260 4078 τος
2316 4015 2457 4069 κατὰ
2513 4017 2648 4071 πολὺ
2690 4017 2885 4088 βελτίω
2926 4037 2984 4072 τε
3016 4021 3110 4075 καὶ
3161 4021 3627 4092 θαυμασιώτερον,
3680 4015 3742 4074 οὗ

2168 4107 2331 4178 χάριν
2378 4107 2474 4162 καὶ
2525 4110 2626 4180 τῆς
2655 4110 2939 4183 παρούσης
2967 4113 3281 4186 ὑπερορῶσι
3309 4115 3476 4184 ζωῆς.
3521 4116 3607 4169 Ἑν
3637 4115 3744 4184 ὅσῳ

2167 4199 2224 4253 δὲ
2251 4199 2424 4254 ταῦτα
2456 4200 2673 4270 ἐλέγετο
2692 4206 2758 4274 τῇ
2789 4220 2849 4256 τε
2879 4204 2980 4274 τῆς
3003 4205 3154 4276 ῶρας
3181 4207 3488 4278 παρατάσει
3513 4207 3606 4260 καὶ
3626 4207 3746 4268 ταῖς

2167 4292 2278 4346 τῶν
2333 4294 2656 4358 αίκιζόντων
2702 4295 2866 4350 αὑτὸν
2917 4297 3310 4366 σφοδροτάταις
3356 4299 3649 4369 ἐπιφοραῖς
3691 4297 3747 4351 αί

2174 4385 2274 4456 μὲν
2306 4385 2397 4439 τοῦ
2433 4387 2738 4440 πολυάθλου
2778 4387 3028 4458 σώματος
3061 4391 3322 4459 ἁρμονίαι
3352 4390 3645 4455 διελύοντο,
3689 4389 3746 4443 αι

1879 4490 2074 4530 carnes
2176 4477 2378 4547 σάρκες
2405 4478 2462 4530 δὲ
2489 4479 2743 4550 ξεόμεναι
2773 4480 2923 4550 αὑτῴ
2963 4481 3160 4550 αἵματι
3213 4482 3354 4535 κατὰ
3381 4482 3486 4551 γῆς
3535 4484 3745 4553 ἔρρεον.

497 4590 652 4638 vero,
707 4588 829 4644 quae
880 4572 1291 4638 Iaeerabantur,
1351 4587 1477 4626 cum
1535 4572 1656 4641 ipso
1694 4571 1962 4639 sanguine
2016 4567 2055 4621 ir

2190 4567 2314 4624 Ἐπὶ
2353 4569 2526 4640 βραχὺ
2566 4570 2624 4623 δὲ
2655 4571 2843 4624 τοῦτον
2897 4572 3161 4642 ἀνεθῆναι
3219 4573 3506 4638 κελεύσας,
3561 4573 3746 4643 ὥσπερ

500 4678 705 4722 terram
769 4664 1108 4720 deﬂuebant.
1169 4665 1306 4720 Cum
1370 4678 1500 4719 eum
1566 4669 1750 4716 autem
1818 4659 2074 4731 iussisset

501 4772 699 4828 parum
726 4756 962 4811 relaxari
986 4757 1178 4826 judex,
1203 4765 1466 4824 tanquam
1497 4754 1618 4824 ejus
1644 4761 1828 4806 motus
1857 4749 2075 4804 miseri-

499 4849 726 4905 cordia:
785 4848 842 4903 Si
889 4849 1156 4913 volueris,
1215 4845 1416 4916 inquit,
1474 4859 1666 4913 parere
1696 4842 1874 4913 jussui
1907 4840 2072 4912 regis,

501 4952 634 4996 sunt
672 4943 817 5010 apud
847 4955 950 4995 nos
978 4939 1206 5002 medici,
1257 4939 1350 5007 qui
1382 4936 1561 5007 plagis
1599 4934 1708 4989 tuis
1735 4933 1846 4989 cito
1891 4935 2078 4988 mede-

503 5037 738 5090 buntur.
808 5031 910 5088 Cui
981 5033 1170 5087 statim
1247 5037 1510 5084 sanctus:
1579 5025 1638 5081 Si
1701 5026 1820 5084 sole
1884 5026 2076 5090 verbo,

503 5127 710 5197 inquit,
745 5139 940 5196 posses
971 5122 1110 5178 meis
1183 5120 1390 5176 mederi
1429 5119 1622 5190 plagis,
1660 5134 1693 5173 ο
1743 5127 1819 5183 tu,
1875 5118 1968 5189 qui
2020 5132 2083 5172 es

506 5230 692 5276 mente
725 5225 782 5273 et
827 5217 1007 5272 anima
1039 5213 1284 5280 saucius,
1325 5228 1394 5268 ne
1430 5213 1511 5268 sic
1545 5212 1767 5282 quidem
1813 5211 1911 5265 tibi
1963 5209 2082 5265 ani-

506 5329 657 5368 mum
693 5311 1040 5375 adhiberem,
1068 5322 1195 5365 cum
1229 5323 1294 5363 ea
1318 5306 1573 5370 suadeas,
1606 5320 1728 5375 quae
1757 5315 1886 5358 sunt
1924 5305 2083 5372 plane

504 5408 674 5462 stulta
727 5414 784 5460 et
834 5411 1045 5459 remota
1104 5401 1174 5456 ab
1227 5399 1613 5471 intelligentia.
1652 5395 1898 5452 Tentans
1944 5396 2081 5458 dixi,

511 5499 696 5570 inquit
723 5497 937 5568 judex:
988 5511 1116 5550 nam
1151 5493 1368 5548 etiamsi
1401 5502 1458 5547 tu
1491 5492 1660 5547 velles
1683 5505 1880 5562 parere
1908 5490 2085 5560 jussui

493 5595 673 5663 'reg's,
711 5591 815 5646 hoc
874 5589 973 5645 tibi
1011 5587 1152 5644 nihil
1206 5587 1516 5658 prodesset,
1572 5599 1701 5638 cum
1752 5583 1921 5652 plagae
1975 5583 2086 5653 jam

511 5683 610 5737 tibi
659 5695 892 5735 mortem
947 5687 1270 5749 procurent.
1315 5675 1684 5742 Quamobrem
1719 5687 1820 5742 ego
1861 5672 2087 5742 quidem

511 5774 768 5845 efﬁciam,
805 5783 860 5830 ut
891 5774 970 5831 sis
1012 5772 1266 5834 exemplo
1308 5769 1564 5826 omnibus
1608 5765 1960 5834 Christianis,
2021 5780 2089 5821 ne

2173 4661 2322 4716 ἔλεον
2361 4663 2528 4716 αὑτοῦ
2568 4663 2750 4718 λαόὼν
2799 4665 2828 4716 6
2867 4664 3123 4731 δικάζων,
3142 4666 3283 4719 Ἀλλ’
3311 4667 3358 4718 εί
3410 4665 3748 4737 βουληθείης,

2174 4751 2305 4824 ἔφη,
2331 4754 2406 4825 τῷ
2435 4754 2700 4826 βασιλικῴ
2727 4754 3016 4825 πεισθῆναι
3043 4757 3448 4827 προστάγματι,
3479 4759 3586 4810 είσὶ
3617 4757 3749 4827 παρ’
3851 4763 3864 4768 “

2175 4847 2306 4918 ἡμῖν
2335 4849 2510 4918 ἰατροὶ
2541 4848 2595 4901 οῖ
2623 4864 2716 4900 σου
2767 4848 2827 4901 τὸ
2857 4849 3020 4918 τάχος
3071 4849 3312 4902 ἰάσονται
3361 4849 3460 4913 τὰς
3511 4848 3749 4920 πληγάς.

2177 4939 2320 5010 Πρὸς
2351 4939 2411 4993 ὃν
2449 4939 2612 5003 εὐθὺς
2645 4942 2674 4993 6
2704 4940 2998 5010 μακάριος·
3033 4941 3095 4994 Ei
3134 4940 3280 5011 λόγῳ
3311 4941 3458 5012 μόνῳ
3483 4941 3582 5005 τὰς
3611 4940 3752 5011 ἐμὰς

2179 5023 2326 5100 εἶχες
2377 5029 2560 5083 ίᾶσθαι
2597 5030 2834 5100 πληγὰς,
2880 5024 2925 5083 ὦ
2952 5031 3264 5101 τραυματία
3297 5032 3361 5084 σὺ
3414 5031 3511 5084 καὶ
3553 5033 3757 5102 φρένας

2182 5125 2275 5176 καὶ
2305 5124 2401 5192 τὴν
2427 5123 2624 5194 ψυχὴν,
2653 5122 2763 5177 οὐδ’
2797 5121 2967 5186 οὕτως
3000 5123 3064 5177 ἀν
3105 5140 3187 5178 σοι
3222 5126 3522 5194 προσέσχον
3560 5125 3646 5194 ἐφ’
3675 5118 3758 5188 οἷς

2181 5215 2383 5283 ἀνόητα
2405 5217 2710 5285 παραινεῖς.
2734 5216 3018 5286 Πειράζων
3034 5217 3431 5288 εἷρηκα,φησὶν
3455 5221 3484 5272 6
3499 5218 3757 5284 δικάζων,

2183 5309 2304 5361 ἐπεὶ
2333 5310 2428 5362 καὶ
2465 5307 2757 5378 θελήσαντι
2792 5325 2875 5362 σοι
2902 5309 3041 5380 τάχα
3067 5309 3144 5381 τῷ
3171 5310 3264 5363 τοῦ
3298 5312 3562 5380 βασιλέως
3614 5308 3757 5379 εἶξαι

2186 5399 2566 5468 προστάγματι
2593 5399 2747 5454 οὐδὲν
2769 5396 2836 5470 ἧν
2866 5403 3016 5472 παρὰ
3039 5402 3196 5456 τοῦτο
3217 5401 3376 5456 πλέον
3397 5403 3504 5456 τῶν
3533 5403 3760 5472 πληγῶν

2186 5489 2286 5561 ήδη
2327 5491 2417 5543 τὸν
2451 5490 2681 5545 θάνατόν
2737 5509 2820 5545 σοι
2876 5494 3328 5564 μνηστευομένων
3352 5509 3365 5524 ⁸
3395 5494 3518 5547 ὅθεν
3584 5494 3761 5562 ἔγωγε

2186 5583 2229 5635 Χ
2239 5585 2532 5651 ριστιανοῖς
2549 5585 2714 5637 πᾶσιν
2735 5584 3040 5655 ὑπόδειγμα
3058 5586 3312 5652 γενέσθαι
3336 5603 3393 5638 σε
3413 5587 3765 5655 παρασκευά-

2189 5691 2268 5727 σω
2319 5673 2412 5726 τοῦ
2467 5674 2540 5744 μὴ
2593 5675 2764 5739 ἀδεῶς
2824 5675 2967 5730 οὓτω
2996 5679 3112 5741 τοῖς
3165 5678 3306 5731 κατά
3345 5677 3451 5730 τῶν
3487 5678 3767 5747 ἀρχόντων

2191 5763 2380 5831 ὕϐρεσι
2416 5765 2676 5832 χρῆσθαι.
2722 5765 2860 5821 Ἀλλ’
2887 5768 2934 5821 εί
2966 5769 3059 5824 καὶ
3088 5770 3143 5822 ὲν
3173 5767 3376 5834 ἀλλοις,
3410 5769 3437 5823 6
3468 5769 3764 5833 ἱερώτατος
