4142 6384
419 372 531 436 849

1285 374 1698 436 CERTAMEN
1738 375 1800 438 S.
1840 375 2237 434 ACEPSlbUE
2279 376 2375 435 ET
2417 375 2858 441 SOCIORUMV

3575 372 3680 434 850

423 485 656 557 μάρτυς,
684 487 951 541 ἀλλόκοτα
975 489 1236 552 πολλάκις
1263 490 1492 561 εἴρηκας
1539 494 1634 546 καὶ
1653 490 1844 559 ψευδῆ,
1877 489 1996 552 νῦν,

2107 500 2212 543 tam
2247 504 2443 544 secure
2481 489 2836 558 magistratus
2879 487 3118 543 afﬁciant
3167 485 3541 540 contumeliis.
3578 483 3685 539 Sed

421 575 550 648 εφη,
599 562 800 650 καῖ’μὴ
852 577 1174 650 βουλόμενος
1230 582 1301 634 τὰ
1350 582 1529 652 ἁληθῆ
1575 582 1784 646 ἔλεξας,
1837 585 1932 637 καὶ
1971 583 2000 635 ὃ

423 670 645 733 πάντως
704 671 805 723 οὐκ
858 671 938 734 είς
991 672 1210 743 μακρὰν
1260 674 1636 741 ἀποϐήσεταιο
1697 675 2001 743 ὑπόδειγμα

423 762 532 832 γάρ
565 779 632 830 με
666 761 743 830 τῷ
783 761 895 816 δντι
925 763 1126 830 ἀγαθὸν
1159 768 1251 820 καὶ
1280 768 1390 829 τοῖς
1424 767 1616 820 ἔπειτα
1652 767 1838 836 θήσεις
1868 786 2002 838 καρ-

424 851 610 917 τερίας
642 855 736 907 καὶ
768 854 1170 925 γενναιότητος,
1198 855 1248 908 οἱ
1283 856 1536 928 καθάπερ
1562 860 1642 920 εἰς
1689 858 2003 928 ἀρχέτυπόν

425 957 478 993 τι
500 941 599 1010 τὴν
649 943 921 1012 ἡμετέραν
948 944 1259 1015 ἀφορῶντες
1303 947 1602 1017 ὑπομονὴν,
1645 949 1844 1021 ῥαδίως
1902 949 1999 1003 σοῦ

426 1050 486 1086 τε
545 1037 641 1089 καὶ
700 1036 807 1088 τῶν
851 1037 1051 1107 ὁμοίως
1106 1038 1337 1109 ἑχόντων
1377 1040 1474 1104 τὰς
1527 1039 1792 1109 βασάνους
1824 1041 2001 1096 οἴσου-

426 1141 533 1178 σιν.

504 1215 603 1272 Ιθθ.
645 1216 950 1288 Ἐκπληξις
979 1219 1072 1275 ἐπὶ
1093 1221 1206 1285 τοῖς
1231 1221 1444 1293 ῥηθεῖσι
1479 1222 1708 1293 κατέσχε
1731 1223 1824 1277 τὸν
1847 1223 1998 1278 δικα-

427 1308 580 1379 στὴν,
609 1312 705 1365 καὶ
743 1309 805 1378 δή
854 1328 975 1364 τινα
1014 1312 1122 1367 τῶν
1155 1315 1281 1384 παρ’
1318 1313 1466 1384 αὐτῷ
1505 1316 1647 1385 μέγα
1686 1316 2000 1386 δυναμένων

425 1398 934 1469 προσκαλεσάμενος
976 1402 1056 1472 (ὃς
1107 1402 1327 1473 Ἀδέσχε
1367 1403 1468 1474 μὲν
1504 1405 1742 1474 ἐλέγετο,
1779 1407 1844 1459 ἐκ
1899 1405 2001 1459 πό-

425 1484 562 1550 λεως
600 1484 654 1539 δὲ
689 1487 916 1559 ὥρμητο
955 1489 1156 1563 Ἀρδὴλ
1194 1493 1587 1565 καλουμένης),
1623 1492 1857 1559 Τούτους
1900 1515 2006 1551 πα.-

430 1576 697 1647 ραλαὸὼν,
721 1578 846 1650 ἔφη,
867 1581 1002 1652 πρὸς
1030 1581 1127 1653 τὴν
1158 1583 1255 1654 σὴν
1282 1585 1460 1654 ἄπαγε
1488 1587 1641 1640 πόλιν
1663 1587 2007 1658 Χριστιανῶν

426 1669 584 1740 χερσὶ
611 1671 1219 1744 καταλευσθησομένους
1240 1691 1254 1706 ο
1302 1676 1461 1729 τοῦτο
1496 1677 1607 1745 γάρ
1639 1693 1729 1746 μοι
1769 1678 1830 1731 τὸ
1858 1678 2008 1731 δικα-

2100 579 2145 632 si
2198 581 2254 632 in
2306 577 2454 644 aliis,
2509 578 2692 648 inquit
2745 577 3133 634 sanctissimus
3206 584 3436 646 martyr,
3496 574 3685 629 dixisti

2100 685 2245 739 siepe
2285 670 2465 724 aliena
2500 677 2556 722 et
2595 669 2753 736 falsa,
2789 684 2958 733 nunc,
3006 668 3222 724 etiamsi
3264 669 3460 732 nolles,
3501 667 3689 723 dixisti

2100 777 2252 826 vera,
2285 769 2340 814 et
2371 761 2519 830 quod
2565 770 2649 815 est
2709 761 2936 815 omnino
2971 761 3292 830 propediem
3329 768 3680 824 eventurum.

2103 853 2184 906 Me
2215 852 2364 906 enim
2405 867 2597 907 revera
2633 852 2837 906 bonum
2872 852 3111 921 posteris
3133 851 3446 919 exemplum
3471 859 3687 904 statues

2101 943 2451 1016 fortitudinis
2497 952 2552 997 et
2593 943 2762 997 animi
2815 942 3232 1011 magnitudinis,
3285 941 3376 1009 qui
3427 949 3685 1009 tanquam

2099 1035 2167 1088 ad
2190 1034 2469 1103 exemplar
2493 1031 2737 1100 aliquod,
2769 1032 2835 1086 ad
2859 1040 3104 1086 nostram
3133 1031 3412 1085 intuentes
3443 1031 3688 1083 toleran-

2100 1131 2255 1190 tiam,
2292 1125 2452 1181 facile
2494 1124 2676 1180 ferent
2725 1132 2818 1179 tua
2853 1132 2907 1178 et
2940 1124 3017 1178 tui
3065 1124 3169 1176 sim
3195 1123 3328 1175 lium
3393 1129 3688 1175 tormenta.

2173 1216 2454 1284 XlX.His,
2479 1233 2601 1286 qua:
2635 1218 2783 1272 dicta
2818 1225 2968 1277 sunt,
3009 1215 3113 1270 fuit
3146 1214 3567 1283 obstupefactus
3603 1214 3694 1281 ju—

2097 1310 2232 1375 dex;
2257 1319 2314 1363 et
2337 1310 2606 1364 accersito
2636 1309 2875 1378 quodam
2905 1324 2972 1362 ex
3001 1309 3088 1373 iis,
3111 1307 3205 1377 qui
3230 1308 3370 1376 apud
3399 1321 3526 1360 eum
3555 1307 3697 1358 mu!-

2101 1410 2217 1457 tum
2251 1411 2538 1473 poterant.
2564 1404 2657 1472 qui
2715 1402 3009 1457 dicebatur
3053 1401 3276 1471 quidem
3308 1398 3558 1453 Adesehe
3583 1399 3694 1469 (or-

2103 1503 2192 1549 tus
2222 1505 2407 1551 autem
2437 1504 2558 1549 erat
2606 1512 2671 1550 ex
2721 1494 2968 1555 civitate,
2993 1509 3115 1563 qua:
3145 1492 3447 1549 vocabatur
3463 1492 3649 1559 Arbel)
3678 1508 3691 1544 :

2105 1587 2237 1653 llos,
2290 1587 2490 1656 inquit,
2538 1587 2745 1656 accipe,
2792 1596 2849 1641 et
2898 1588 3005 1640 duc
3051 1587 3117 1640 ad
3173 1595 3320 1640 tuam
3383 1585 3691 1648 civitatem,

2103 1677 2550 1733 Christianorum
2585 1677 2842 1732 manibus
2879 1677 3198 1733 obruendos
3231 1677 3527 1748 lapidibus.
3557 1677 3694 1731 Volo

429 1759 648 1828 στήριον
670 1763 730 1812 τὸ
752 1761 842 1815 σὺν
868 1767 1324 1834 καταπράξασθαι
1345 1768 1627 1839 βούλομαι,
1647 1769 1714 1822 δι’
1732 1771 1797 1841 ῆν
1825 1772 2005 1824 αἰτίαν

2109 1770 2256 1824 enim
2297 1778 2446 1824 tuam
2497 1770 2782 1825 solertiam
2826 1769 2933 1823 hoc
2985 1770 3118 1823 mihi
3167 1769 3406 1824 efﬁcere.
3459 1770 3694 1838 Propter

426 1847 547 1901 οὐδὲ
581 1849 670 1901 τὸν
695 1850 785 1903 διὰ
813 1852 999 1922 ξίφους
1029 1855 1209 1908 αὐτῶν
1233 1858 1548 1924 ἐπενεγκεῖν
1575 1859 1818 1929 ἠθέλησα
1841 1861 2006 1914 θάνα-

427 1955 539 1994 τον.
577 1941 898 2011 Παραντίκα
946 1946 1076 2014 γοῦν
1101 1947 1424 2019 ἀχθοφόροις
1458 1948 1619 2016 ζώοις
1659 1952 1848 2024 ῶσπερ
1886 1954 2006 2008 τινὰ

427 2032 534 2084 τῶν
568 2032 788 2104 ἀψύχων
827 2037 1187 2107 ὲπιφορτίσας
1216 2039 1412 2104 αὐτοὺς
1454 2043 1546 2094 καὶ
1576 2043 2001 2116 περιδεσμήσας,

428 2124 526 2197 τὴν
583 2127 676 2182 ἐπὶ
720 2127 818 2199 τὴν
870 2131 1103 2202 πατρίδα
1157 2133 1363 2198 ἐκεῖνος
1398 2136 1707 2189 ἐστέλλετο·
1745 2139 1871 2192 ἐπεὶ
1925 2141 2001 2210 μὴ

428 2217 668 2281 δυνατῶς
695 2215 840 2290 εἶχον
870 2221 1208 2293 ἐγκαθῆσθαι
1247 2227 1358 2288 τοῖς
1390 2225 1569 2292 ζώοις,
1600 2229 1837 2300 ἐσχάτην
1865 2230 2000 2284 ὑπο-

431 2307 660 2372 στάντες
690 2312 797 2364 τῶν
828 2313 1005 2383 μελῶν
1057 2315 1287 2385 πάρεσιν
1306 2333 1318 2347 ·
1365 2319 1486 2372 ὅθεν
1512 2321 1834 2391 ὲρρίπτοντο
1862 2324 2003 2378 κατὰ

430 2399 532 2467 γῆς
567 2401 626 2453 ὲν
652 2395 734 2462 οἷς
759 2402 869 2456 ἔδει
902 2405 1196 2461 καταλύειν
1225 2411 1424 2474 αὐτοὺς
1447 2408 1536 2465 οἷά
1559 2431 1681 2467 τινα
1705 2415 1872 2485 νεκρὰ
1901 2417 2003 2470 σώ-

431 2505 599 2558 ματα.
633 2491 744 2544 Καὶ
781 2492 917 2562 δῆτα
978 2497 1118 2550 κατὰ
1147 2498 1246 2569 τὴν
1299 2500 1453 2555 πόλιν
1500 2503 1763 2573 ἀχθέντας
1803 2506 2004 2578 Ἀρὸὴλ

428 2582 806 2654 δεσμωτήριόν
841 2604 896 2640 τι
945 2589 1160 2660 δέχεται
1203 2594 1400 2658 αὐτοὺς
1433 2597 1670 2664 ζοφῶδες
1701 2600 1796 2653 καὶ
1828 2599 2003 2669 ἀλαμ-

431 2675 552 2741 πὲς,
578 2678 633 2731 ἐν
658 2673 701 2747 ᾦ
729 2680 942 2751 σήψεως
974 2685 1085 2738 τῶν
1116 2688 1334 2756 σαρκῶν
1367 2689 1473 2744 ἀπὸ
1502 2690 1607 2743 τῶν
1651 2691 1876 2762 πληγῶν
1909 2673 2008 2746 αύδ

431 2769 548 2858 τοῖς
574 2768 969 2845 ἐπιγενομένης
1026 2775 1160 2848 ίχώρ
1190 2795 1250 2831 τε
1274 2779 1438 2844 πολὺς
1469 2780 1728 2852 ἀπέρρει,
1763 2783 1857 2835 καὶ
1887 2782 2009 2836 ὀδύ-

435 2876 526 2912 ναι
553 2860 663 2914 τῶν
689 2863 862 2930 ἁγίων
884 2865 1211 2936 δριμύταται
1237 2871 1612 2938 καθικνοῦντο,
1645 2877 1739 2930 καὶ
1771 2875 2009 2945 μάλιστα

434 2949 512 3020 τῷ
551 2953 627 3024 μὴ
660 2954 908 3024 ἐφεῖσθαι
931 2976 1032 3012 τινι
1061 2959 1172 3014 τῶν
1201 2962 1544 3032 Χριστιανῶν
1575 2966 1650 3029 ῶς
1674 2967 1872 3032 αὐτοὺς
1901 2967 2011 3022 είσ-

436 3044 612 3101 ιλθεῖν
665 3050 758 3102 καὶ
809 3053 1012 3122 μικρᾶς
1073 3053 1204 3122 γοῦν
1252 3072 1396 3119 τινος
1457 3057 1776 3128 ἐπιμελείας
1809 3060 2010 3126 αὐτοὺς

434 3138 688 3204 ἀξιῶσαι.
743 3143 884 3216 Γυνη
926 3145 984 3198 δέ
1014 3163 1096 3209 τις
1156 3148 1383 3218 εὐσεϐὴς
1433 3153 1528 3206 καὶ
1575 3150 1882 3222 φοϐουμένη
1916 3155 2009 3208 τὸν

434 3229 645 3300 Κύριον
666 3235 725 3288 ὲν
751 3237 862 3299 τοῖς
881 3237 1050 3308 ὁρίοις
1097 3238 1196 3310 τῆς
1225 3241 1398 3311 αὐτῆς
1431 3241 1640 3306 πόλεως
1669 3244 2010 3314 παροικοῦσα

436 3322 580 3391 ἀωρὶ
614 3323 721 3376 τῶν
747 3326 954 3379 νυκτῶν
977 3329 1206 3397 ἀφίκετο
1235 3330 1370 3400 πρὸς
1390 3331 1452 3385 τὸ
1480 3334 1876 3408 δεσμωτήριον,
1914 3342 2008 3394 καὶ

435 3411 716 3482 χρήμασιν
751 3415 951 3481 ἱκανῶς
980 3421 1105 3482 τοὺς
1135 3422 1380 3492 φύλακας
1411 3423 1801 3496 θεραπεύσασα
1845 3447 2008 3484 κατε-

439 3504 686 3574 πράξατο
707 3509 873 3581 ἑαυτῇ
914 3511 974 3564 τὸ
995 3512 1120 3575 τοὺς
1148 3514 1335 3582 ἁγίους
1368 3516 1509 3570 οὕτω
1534 3517 1836 3590 λεληθότως
1875 3522 2008 3576 ἀνα-

435 3594 620 3650 λαϐεῖν
661 3598 915 3666 καὶπρὸς
943 3603 1036 3656 τὶν
1077 3605 1279 3674 ἑαυτῆς
1306 3604 1454 3660 οἷκον
1485 3608 1545 3660 ού
1605 3611 1828 3681 μακρὰν
1880 3612 2012 3667 δντα

436 3689 594 3760 χερσὶ
659 3692 767 3744 τῶν
818 3693 1018 3766 ἑαυτῆς
1068 3695 1415 3766 θεραπόντων
1480 3699 2013 3771 διαδασταζομένους

435 3781 688 3850 ἀγαγεῖν.
727 3782 860 3839 Εἶτα
911 3787 1177 3855 προθεῖσα
1228 3788 1449 3853 τούτους
1502 3791 1623 3847 οὐδὲ
1670 3792 2010 3861 φθέγξασθαι

435 3873 790 3944 δυναμένους,
811 3879 1079 3948 ὲκμάσσει
1131 3882 1228 3952 μὲν
1260 3882 1442 3945 αὐτοῖς
1468 3883 1561 3936 τὸν
1596 3883 1793 3954 ίχῶρα,
1828 3885 2012 3956 ηπίοις

436 3964 493 4018 δέ
525 3984 632 4020 τισι
663 3971 978 4039 φαρμάκοις
1024 3975 1431 4042 παραμυθεῖται
1478 3974 1577 4038 τὰς
1615 3973 1938 4044 ἀλγηδόνας,
1961 3977 2015 4028 ὀ-

439 4055 637 4122 θονίοις
663 4062 1020 4132 περιδεσμεῖ,
1076 4065 1340 4133 καθαροῖς
1377 4067 1571 4138 μύροις
1613 4067 1756 4136 χρίει
1787 4066 2014 4120 πολυτε-

437 4149 574 4214 λὲσι,
605 4151 700 4205 καὶ
721 4152 970 4207 οὕτωδιὰ
1013 4157 1230 4211 πάντων
1263 4158 1324 4210 τὸ
1373 4157 1772 4228 θεραπευτικόν
1801 4175 1862 4212 τε
1920 4159 2014 4214 καὶ

437 4244 782 4313 φιλόχριστον
806 4246 1194 4310 ἐπιδείκνυται,
1221 4250 1594 4318 καταφιλοῦσα
1627 4250 1728 4321 μὲν
1764 4252 1833 4306 τὰ
1869 4268 2016 4322 μαρ-

437 4334 636 4426 τυρικὰ
680 4336 840 4406 μέλη,
875 4341 971 4393 καὶ
1015 4339 1222 4404 τούτοις
1266 4341 1672 4412 ἰπιδακρύουσα
1699 4384 1715 4410 ,
1760 4343 1919 4417 ίχῶρι
1954 4343 2012 4399 δὲ
2046 4368 2093 4426 1)

435 4425 516 4497 τῷ
541 4426 600 4494 ἑξ
626 4428 804 4484 αὐτῶν
830 4429 1190 4496 ἀποστάζοντι
1219 4431 1416 4504 ἑαυτὴν
1446 4433 1842 4502 ὑπαλείφουσα.

510 4519 596 4572 κν.
635 4520 766 4589 Ὀψὲ
793 4521 850 4574 δὲ
885 4525 975 4576 καὶ
1008 4524 1162 4594 μόλις
1186 4526 1489 4596 ἀνενεγκὼν
1522 4528 1550 4580 ό
1585 4527 1860 4598 μακάριος
1898 4529 2010 4584 Ἰω-

441 4607 574 4680 σὴφ,
613 4609 690 4663 Τὸ
717 4613 816 4682 μὲν
847 4614 977 4683 περὶ
1023 4616 1173 4686 ἡμᾶς
1210 4633 1304 4670 σου
1337 4618 1625 4688 συμπαθὲς
1673 4621 1766 4674 καὶ
1800 4619 2009 4689 φιλότι-

441 4717 564 4770 μον,
587 4695 634 4756 ὦ
663 4703 958 4773 ίερώτατον
977 4748 992 4772 ,
1018 4707 1144 4778 ἔφη,
1177 4711 1422 4778 γύναιον,
1453 4713 1748 4768 ἀπόδεκτον
1776 4717 1869 4768 καὶ
1890 4713 2012 4786 Θεῷ

438 4795 534 4845 καὶ
571 4795 686 4858 τοῖς
739 4794 879 4865 ύπδρ
927 4795 1092 4871 αὐτοῦ
1154 4800 1408 4856 ἀθλοῦσιν
1457 4803 1622 4874 ἡμῖν·
1658 4805 1719 4859 τὸ
1742 4806 1799 4860 δὲ
1833 4806 2009 4873 οὕτως

438 4883 586 4952 ἡμᾶς
617 4885 872 4955 δακρύειν
924 4888 1178 4961 ἀμέτρως
1229 4893 1418 4964 πόρρω
1467 4895 1566 4963 τῆς
1607 4896 1872 4967 ἀψευδοῦς
1902 4901 2010 4954 τῶν

439 4974 784 5045 Χριστιανῶν
812 4980 1024 5047 ἐλπίδος
1059 4984 1153 5039 καὶ
1182 4985 1282 5056 τῆς
1306 4987 1465 5057 ἡμῶν
1492 4988 1748 5053 πίστεως.
1781 4991 1924 5062 Πρὸς
1950 4993 2012 5048 ὃν

435 5067 471 5136 ἡ
500 5071 801 5144 σεμνοτάτη
861 5075 1158 5142 γυναικῶνο
1222 5077 1378 5139 Ἐμοὶ
1443 5078 1542 5148 μὲν
1588 5082 1761 5151 χαρᾶς
1800 5081 2010 5153 ἡψυχὴ

435 5160 759 5231 πληροῦται,
793 5165 1120 5238 λογιζομένη
1169 5168 1317 5232 ὅπως
1345 5171 1614 5240 τοσαύτην
1649 5173 1776 5242 ὑμῖν
1823 5173 1850 5227 ὁ
1879 5174 2011 5244 Χρι·

437 5250 563 5312 στὺς
605 5252 830 5324 ἐνέθηκε
864 5257 965 5326 τὴν
994 5257 1268 5326 ἀνδρείαν,
1300 5259 1441 5314 ὥστε
1479 5261 1613 5330 πρὸς
1670 5261 2008 5334 τηλικαύτην

431 5339 636 5397 ὀδυνῶν
665 5344 970 5418 δριμύτητα
997 5349 1448 5421 διακαρτερῆσαι·
1481 5350 1655 5423 ἥσθην
1699 5351 1742 5404 δ’
1793 5355 1855 5406 ἂν
1883 5356 2008 5406 ἐπι-

433 5433 598 5489 πλέον
629 5437 722 5489 καὶ
753 5439 802 5491 εί
829 5438 906 5509 τῷ
934 5442 1220 5512 μαρτυρίῳ
1245 5442 1628 5507 τελειωθέντας
1670 5439 1808 5498 εἶδον
1843 5444 2007 5516 ὑμᾶς.

435 5527 511 5582 Τδ
543 5528 600 5582 δὲ
623 5529 878 5602 δακρύειν
899 5532 1111 5601 φύσεως
1149 5533 1499 5606 ἀνθρωπίνης
1532 5537 1664 5591 ῐδιον
1691 5532 1874 5592 οἶκτον
1920 5537 2012 5592 ἐπὶ

432 5620 512 5691 τῷ
549 5626 804 5690 συγγενεῖ
843 5625 1248 5698 λαμϐανούσης.
1293 5629 1452 5682 Ἀλλὰ
1483 5629 1560 5701 μὴ
1589 5629 1876 5685 λυπεῖσθαί
1927 5648 2005 5697 σε,

429 5716 461 5768 δ
492 5713 632 5777 θεῖος
697 5715 894 5790 Ἰωσὴφ
945 5719 1299 5791 ἀπεκρίνατο,
1351 5720 1485 5789 μηδὲ
1549 5721 1805 5791 δακρύειν
1853 5723 2008 5795 ήμῶν

429 5806 616 5862 ῐνεκεν
664 5807 792 5878 χρὴ,
823 5811 1192 5883 ἐπισταμένην
1212 5811 1428 5876 πάντως
1458 5810 1532 5876 ὡς
1569 5813 1620 5864 αἱ
1658 5811 1744 5865 διὰ
1773 5813 2006 5885 Χριστὸν

2103 1878 2270 1932 quam
2298 1878 2522 1918 causam
2561 1878 2661 1918 nec
2691 1863 2773 1918 eis
2809 1863 3032 1933 quidem
3067 1862 3249 1933 gladio
3276 1863 3424 1916 volui
3460 1870 3690 1917 mortem

2103 1955 2319 2014 aﬂ'erre.
2363 1956 2500 2011 Cum
2540 1971 2636 2010 eos
2661 1972 2792 2026 ergo
2823 1957 3096 2012 onerariis
3128 1957 3395 2027 iumentis
3431 1967 3690 2028 tanquam

2102 2044 2407 2102 inanimum
2463 2047 2668 2116 aliquid
2725 2048 3079 2116 imposuisset
3131 2057 3188 2102 et
3241 2048 3542 2117 alligasset,
3601 2048 3694 2103 ille

2103 2136 2385 2208 profectus
2429 2146 2514 2193 est
2560 2139 2612 2191 in
2667 2138 2926 2206 patriam,
2975 2138 3237 2206 quoniam
3285 2153 3394 2191 non
3439 2145 3695 2208 poterant

2101 2229 2347 2285 insidere
2391 2229 2696 2300 iumentis,
2764 2244 2890 2284 cum
2949 2239 3135 2282 essent
3188 2244 3382 2284 eorum
3444 2229 3692 2284 membra

2102 2322 2331 2377 omnino
2353 2322 2646 2377 dissoluta.
2676 2320 3048 2388 Quamobrem
3079 2321 3234 2376 humi
3261 2321 3614 2391 iaciebantur
3641 2324 3696 2375 in

2103 2411 2172 2466 iis
2201 2411 2359 2478 locis,
2405 2411 2462 2465 in
2503 2411 2709 2480 quibus
2755 2426 2851 2465 eos
2899 2411 3191 2481 oportebat
3245 2411 3538 2472 diversari.
3576 2419 3695 2465 tan»

2104 2519 2269 2573 quam
2304 2512 2522 2557 mortua
2555 2517 2811 2572 corpora.
2866 2503 2932 2556 Et
2964 2517 3092 2557 cum
3142 2502 3363 2557 adducti
3415 2511 3606 2557 essent
3642 2503 3697 2557 in

2106 2597 2390 2652 civitatem
2435 2594 2623 2660 Arbcl,
2666 2609 2763 2652 eos
2813 2594 3018 2663 accipit
3067 2610 3258 2650 carcer
3320 2594 3596 2648 obscurus
3641 2603 3698 2648 et

2109 2687 2517 2751 tenebricosus,
2556 2688 2612 2741 in
2647 2703 2757 2757 quo
2790 2702 2915 2741 cum
2957 2686 3296 2757 putrefactio
3327 2687 3578 2742 carnium
3617 2688 3701 2740 eis

2106 2790 2174 2830 ex
2225 2776 2399 2846 plagis
2454 2784 2572 2830 orta
2637 2785 2808 2839 esset,
2843 2773 3102 2830 emuebat
3163 2776 3335 2829 multa
3387 2775 3591 2838 sanies,
3645 2785 3700 2830 et

2105 2876 2326 2923 sanctos
2350 2866 2662 2939 gravissimi
2700 2867 2920 2922 dolores
2954 2867 3308 2927 invadebant.
3343 2875 3400 2920 et
3438 2867 3696 2928 maxime,

2115 2958 2265 3030 quod
2312 2973 2422 3014 non
2457 2957 2872 3028 permitteretur
2905 2957 2999 3012 ulli
3029 2971 3096 3011 ex
3127 2956 3461 3012 Christianis
3491 2957 3558 3012 ad
3603 2973 3700 3012 eos

2116 3047 2480 3113 accedere,et
2523 3063 2715 3104 eorum
2749 3047 2918 3102 ullam
2950 3061 3145 3102 curam
3171 3063 3385 3118 gerere.
3437 3047 3698 3112 Quaedam

2110 3149 2296 3194 autem
2324 3140 2526 3195 mulier
2552 3141 2641 3210 pia
2671 3147 2728 3195 et
2757 3141 2958 3195 timens
2989 3139 3306 3206 Dominum,
3335 3155 3458 3210 quae
3487 3140 3700 3196 habitae

2107 3231 2202 3288 bat
2242 3233 2298 3286 in
2344 3230 2550 3287 finibus
2597 3232 2762 3303 huius
2809 3231 3074 3296 civitatis,
3141 3231 3472 3302 intempesta
3536 3233 3699 3288 nocte

2108 3324 2262 3379 vertit
2315 3323 2385 3378 ad
2440 3339 2741 3391 carcerem,
2795 3335 2851 3379 et
2900 3325 3090 3379 multis
3138 3326 3394 3394 pecuniis
3453 3325 3700 3380 delinitis

2109 3415 2453 3480 custodibus,
2506 3414 2692 3470 effecit
2744 3425 2804 3470 ut
2852 3425 3076 3471 sanctos
3119 3416 3355 3471 latenter
3397 3417 3698 3486 acciperet,

2107 3517 2164 3565 et
2194 3509 2416 3564 domum
2448 3523 2624 3571 suam,
2658 3522 2778 3578 qua:
2812 3523 2922 3562 non
2955 3508 3116 3579 longe
3150 3508 3363 3570 aberat,
3401 3523 3693 3564 servorum

2110 3613 2338 3654 suorum
2371 3597 2627 3654 manibus
2658 3605 2909 3668 portatas
2941 3597 3190 3654 duceret.
3227 3598 3437 3654 Deinde
3470 3599 3537 3653 iis
3565 3614 3696 3668 pro«

2110 3691 2313 3756 ductis,
2351 3693 2445 3763 qui
2485 3707 2587 3746 nec
2617 3691 2766 3760 loqui
2797 3691 3022 3760 quidem
3059 3699 3342 3760 poterant,
3374 3693 3460 3746 eis
3484 3693 3698 3746 abster-

2110 3783 2190 3856 git
2215 3783 2448 3849 saniem,
2481 3784 2702 3839 lenibus
2727 3793 2914 3838 autem
2953 3785 3286 3854 quibusdam
3319 3785 3697 3840 medicamen-

2112 3876 2184 3931 tis
2229 3877 2386 3932 sedat
2433 3890 2626 3930 eorum
2681 3876 2924 3942 dolores,
2979 3877 3200 3932 mundis
3250 3878 3436 3946 alligat
3487 3877 3696 3942 linteis,

2114 3970 2414 4040 unguentis
2447 3970 2604 4040 ungit
2629 3970 2914 4040 pretiosis,
2948 3981 3005 4027 et
3034 3971 3090 4025 in
3139 3970 3402 4026 omnibus
3454 3969 3699 4026 ostendit

2114 4077 2279 4132 quam
2307 4071 2452 4117 esset
2482 4063 2574 4132 pia
2605 4071 2663 4118 et
2692 4063 2898 4117 Christi
2931 4078 3144 4128 amans,
3178 4063 3440 4119 osculans
3471 4061 3696 4132 quidem

2115 4154 2365 4210 membra
2437 4161 2767 4227 martyrum,
2824 4161 2882 4210 et
2943 4158 3027 4209 eis
3081 4155 3470 4226 illacrymans,
3539 4155 3696 4211 sanie

2114 4258 2300 4306 autem
2348 4264 2472 4321 quae
2511 4262 2580 4304 ex
2623 4248 2707 4304 eis
2747 4245 3069 4313 distillabat,
3123 4246 3360 4318 seipsam
3399 4247 3692 4320 inungens.

2867 4455 2898 4466 ιον

2183 4523 2302 4579 XX.
2339 4523 2476 4580 Cum
2505 4524 2594 4579 vix
2641 4524 2863 4581 tandem
2911 4534 3096 4580 autem
3123 4522 3190 4579 ad
3215 4538 3277 4580 se
3321 4523 3693 4580 rediissetJo-

2110 4615 2246 4685 seph
2276 4632 2290 4671 :
2320 4615 2436 4671 Tua
2466 4617 2714 4686 quidem,
2741 4617 2943 4688 inquit,
2992 4620 3049 4672 in
3095 4633 3196 4673 nos
3223 4617 3609 4674 misericordia
3638 4627 3696 4672 et

2109 4706 2556 4772 munificentia,o
2578 4723 2929 4765 sacrosancta
2956 4709 3177 4776 mulier,
3192 4709 3308 4765 Deo
3335 4710 3698 4778 eritaccepta

2106 4807 2163 4856 et
2189 4799 2372 4866 nobis,
2426 4799 2522 4870 qui
2566 4817 2664 4870 pro
2691 4816 2759 4857 eo
2797 4801 3170 4858 deeertamus.
3207 4800 3321 4856 Nos
3341 4810 3528 4857 autem
3584 4808 3694 4856 tam

2113 4891 2404 4948 immodice
2439 4891 2646 4948 deﬂere
2698 4901 2784 4948 est
2847 4895 3082 4949 multum
3114 4903 3391 4948 remotum
3426 4907 3457 4946 a
3485 4907 3614 4947 vera
3639 4898 3699 4948 et

2109 4994 2261 5041 certa
2302 5001 2400 5056 spe
2426 4986 2870 5043 Christianorum
2919 4997 2976 5044 et
3005 4997 3195 5042 nostra
3227 4985 3355 5041 ﬁde.
3389 4984 3489 5042 Cui
3525 4986 3699 5040 hone-

2108 5077 2350 5132 stissima
2398 5077 2640 5132 mulier:
2682 5078 2814 5132 Mihi
2839 5077 3063 5147 quidem
3113 5080 3333 5132 animus
3361 5085 3448 5132 est
3493 5077 3694 5148 gaudio

2111 5167 2376 5237 repletus,
2395 5167 2794 5236 consideranti,
2825 5169 2974 5238 quod
3007 5169 3264 5226 Christus
3292 5169 3454 5224 vobis
3484 5177 3692 5224 tantam

2107 5259 2322 5314 dederit
2349 5259 2756 5327 fortitudinem,
2783 5270 2845 5315 ut
2876 5277 3075 5332 magno
3097 5263 3284 5316 animo
3312 5261 3539 5318 ferretis
3568 5272 3691 5317 tan.

2110 5359 2219 5406 tam
2277 5352 2530 5407 dolorum
2590 5353 2990 5408 acerbitatem:
3055 5353 3228 5423 magis
3260 5364 3447 5410 autem
3508 5355 3689 5411 laetata

2107 5459 2309 5503 essem,
2354 5444 2398 5498 si
2460 5459 2558 5498 vos
2615 5443 2874 5499 vidissem
2937 5447 3212 5517 martyrio.
3258 5457 3688 5502 consummatos.

2110 5533 2424 5605 Lacrymari
2458 5549 2590 5588 vero
2619 5544 2703 5589 est
2740 5535 3025 5604 proprium
3057 5536 3316 5592 humana:
3341 5547 3550 5593 natura:
3571 5555 3692 5608 qua:

2117 5635 2370 5680 movetur
2405 5625 2786 5682 misericordia
2825 5629 2966 5697 ejus,
3013 5629 3158 5696 quod
3205 5639 3292 5684 est
3338 5631 3443 5684 sibi
3493 5647 3693 5700 genere

2116 5720 2492 5790 coniunctum.
2550 5717 2654 5774 Sed
2710 5737 2820 5775 non
2875 5731 3093 5791 oportet
3158 5732 3208 5777 te
3275 5723 3464 5778 dolore
3519 5723 3692 5788 allici,

2115 5829 2294 5883 neque
2350 5813 2640 5884 lacrymari
2695 5823 2917 5885 propter
2959 5833 3078 5884 nos,
3135 5816 3419 5888 respondit
3475 5817 3694 5875 divinus
