4142 6384
439 403 545 466 851

1670 407 2058 468 ADDENDA.
2100 431 2168 446 --
2207 411 2539 474 APRILIS,

3593 416 3698 479 852

435 523 665 594 Joseph,
723 536 848 577 cum
906 517 1134 576 omnino
1189 518 1355 584 scias,
1413 518 1564 589 quod
1614 534 1738 590 quas
1804 530 2059 592 propter.

2165 527 2341 598 λίψεις
2377 528 2599 583 αἰωνίου
2635 529 2882 601 πρόξενοι
2916 531 3258 603 εὐφροσύνης
3295 530 3392 587 καὶ
3425 531 3703 601 βασιλείας

441 619 719 672 (ῖιιτὶειυιη
757 613 1139 684 suscipiuntur
1179 611 1525 678 alllictiones,
1552 622 1815 669 aeternam
1841 613 2031 668 conci-

439 700 575 763 h’ent
605 706 853 762 laetitiam
887 715 943 762 et
969 721 1197 776 regnum
1239 705 1529 761 caelorum.
1556 704 1654 760 Die
1691 715 1880 761 autem
1909 706 2033 760 illu-

439 816 472 856 c
492 810 718 862 -scente,
750 816 941 854 rursus
969 799 1211 853 latenter
1241 799 1616 853 restituuntur
1640 797 1694 852 in
1727 813 2028 854 carcerem.

513 891 654 946 XXI.
693 890 831 946 Cum
872 907 967 944 sex
1016 898 1201 944 autem
1236 903 1454 943 menses
1481 889 1902 957 praeteriissent,
1934 889 2033 946 de-

440 985 666 1054 ponitur
687 983 910 1053 quidem
943 999 974 1038 a
1007 983 1330 1052 magistratu
1357 981 1423 1046 is,
1439 981 1533 1052 qui
1556 991 1775 1037 sanctos
1807 995 2037 1050 accepe-

446 1085 552 1140 rat,
578 1083 638 1128 ut
657 1075 939 1144 lapidibus
956 1074 1329 1129 obruerentur
1349 1089 1363 1128 :
1382 1073 1523 1128 alius
1538 1082 1721 1127 autem
1752 1087 1820 1127 eo
1839 1071 2036 1127 saevior

441 1174 495 1230 ei
526 1174 793 1236 succedit,
820 1172 1045 1228 nomine
1101 1171 1331 1235 Zeroth,
1367 1169 1458 1224 cui
1518 1169 1686 1225 etiam
1740 1183 1836 1222 rex
1867 1167 2037 1236 impe-

447 1279 690 1332 raverat,
725 1277 785 1320 ut
814 1266 1206 1335 comprehensi
1238 1262 1566 1327 Christiani,
1589 1260 2036 1318 Christianorum

446 1361 706 1416 manibus
735 1358 944 1423 obruti,
997 1357 1478 1412 interimerentur.
1511 1354 1648 1409 Cum
1685 1367 1817 1422 ergo
1846 1350 2034 1406 venis-

446 1463 530 1511 set
559 1453 630 1508 ad
660 1452 966 1516 civitatem,
989 1461 1044 1505 et
1074 1449 1217 1520 ignis
1252 1448 1519 1517 templum
1547 1453 1698 1502 esset
1727 1445 2034 1514 ingressus,

447 1555 512 1602 ut
562 1547 745 1616 ignem
779 1543 1061 1605 adoraret,
1096 1541 1148 1596 ei
1180 1541 1446 1596 dixerunt
1496 1539 1643 1611 ignis
1670 1538 2036 1592 adoratores:

450 1641 592 1695 Sunt
621 1637 846 1709 quidam
878 1637 972 1692 hic
1011 1637 1124 1705 jam
1157 1636 1324 1705 longo
1355 1642 1605 1704 tempore
1638 1629 1946 1686 Christiani
1985 1627 2041 1682 in

451 1741 570 1787 tuta
593 1731 794 1786 inclusi
821 1729 1099 1798 custodia,
1127 1727 1220 1797 qui
1252 1727 1430 1797 prius,
1456 1735 1518 1780 ut
1547 1723 1709 1780 nobis
1743 1722 1844 1778 fuit
1869 1718 2043 1791 signi-

459 1822 708 1886 ﬁcatum,
743 1819 1089 1892 gravissimis
1118 1817 1354 1888 subjecti
1391 1815 1681 1887 suppliciis
1711 1828 1776 1869 ac
1805 1821 2047 1867 tormen-

453 1916 545 1978 tis,
593 1930 705 1969 non
756 1921 1060 1983 potuerunt
1107 1910 1317 1976 induci,
1371 1919 1436 1966 ut
1495 1923 1650 1965 suam
1704 1907 2045 1976 abnegarent

455 2007 804 2077 religionem.
845 2006 972 2061 Haec
1002 2021 1130 2060 cum
1181 2005 1300 2074 ipse
1344 2002 1668 2065 audivisset,
1717 2015 1816 2055 eos
1859 1996 2045 2054 statim

453 2101 613 2171 jubet
667 2099 790 2156 sisti
821 2114 928 2169 pro
962 2097 1252 2161 tribunali,
1297 2104 1354 2150 et
1391 2095 1474 2151 eis
1527 2094 1709 2149 dicit:
1762 2092 1899 2146 Cum
1949 2103 2048 2144 rex

458 2195 698 2264 Sapores
731 2195 976 2248 munitas
1005 2193 1238 2264 quidem
1263 2198 1322 2246 et
1357 2190 1570 2245 validas
1612 2185 1879 2243 everterit
1911 2184 2051 2241 civi-

461 2304 623 2360 tates,
658 2302 715 2348 et
743 2293 946 2347 multas
975 2300 1170 2362 gentes
1188 2295 1511 2360 oppugnata
1538 2284 1790 2340 diliiciles
1823 2280 2053 2350 redege-

458 2391 532 2443 rit
569 2388 626 2441 in
657 2385 1010 2449 servitutem,
1076 2380 1359 2452 quomodo
1385 2393 1505 2442 vos,
1537 2377 1631 2448 qui
1671 2375 1806 2431 estis
1828 2372 2054 2444 quidem

461 2478 518 2531 in
543 2478 665 2548 ejus
705 2482 999 2546 potestate,
1029 2474 1150 2545 ejus
1179 2481 1364 2525 autem
1401 2479 1566 2523 terra;
1606 2466 1828 2522 habetis
1867 2476 2058 2520 usum-

463 2571 728 2633 fructum,
753 2566 984 2638 perinde
1003 2580 1068 2620 ac
1089 2565 1186 2633 qui
1215 2563 1284 2618 ab
1306 2578 1374 2616 eo
1390 2559 1725 2623 deleceritis,
1761 2558 1882 2628 ejus
1906 2554 2058 2626 iussa

466 2669 756 2729 tantopere
794 2655 1126 2727 despicitis?
1175 2654 1258 2708 Ad
1291 2653 1408 2707 haec
1456 2649 1660 2718 Joseph
1694 2648 1785 2702 ille
1815 2643 2059 2700 admira-

469 2755 600 2808 bilis
621 2769 636 2807 :
657 2753 715 2806 Si
735 2749 1105 2822 tyrannidem,
1131 2747 1333 2816 inquit,
1355 2753 1412 2798 et
1438 2743 1796 2800 rebellionem
1824 2738 2063 2806 aliquam

467 2847 832 2902 movissemus
847 2842 1113 2898 adversus
1136 2853 1318 2910 regem
1347 2847 1616 2898 vestrum,
1644 2839 1928 2905 oporteret
1948 2845 2068 2884 om-

471 2937 603 2990 nino
626 2934 806 3004 ipsum
832 2930 1000 2986 illatis
1025 2929 1198 2983 armis
1221 2935 1276 2982 et
1307 2931 1499 2980 coacto
1519 2922 1762 2976 exercitu
1782 2933 1886 2972 nos
1910 2919 2066 2973 inva-

2135 618 2383 690 οὐρανῶν
2415 619 2792 678 καθίστανται.
2824 622 2960 692 Ἤδη
2992 622 3048 676 δὲ
3072 622 3172 692 τῆς
3198 623 3230 694 ἡ
3241 622 3414 693 μέρος
3453 623 3706 690 ὑπαυγα-

2135 709 2335 784 ζούσης
2363 715 2428 784 τῇ
2463 713 2657 786 εἱρκτῇ
2693 713 2856 770 πάλιν
2896 714 3036 769 κατὰ
3063 714 3124 768 τὸ
3164 714 3386 784 λεληθὸς
3430 713 3706 770 ἀποδίδον-

2133 821 2246 859 ται.

2209 896 2340 952 KA'.
2374 896 2471 964 Ἐξ
2514 897 2572 952 δὲ
2603 897 2998 969 διεληλυθότων
3029 899 3214 969 μηνῶν
3237 897 3576 970 παραλύεται
3609 898 3708 967 μὲν

2134 988 2236 1060 τῆς
2285 988 2463 1057 ἀρχῆς
2513 987 2543 1040 ό
2580 989 2706 1051 τοὺς
2756 989 2943 1056 ἁγίους
2986 990 3080 1042 ἐπὶ⁵
3134 988 3212 1058 τῷ
3263 988 3703 1057 καταλευσθῆναι

2135 1080 2694 1151 παραλαϐὼν,ἐτερος
2729 1079 2786 1133 δὲ
2815 1081 3002 1134 τοῦτον
3027 1080 3334 1150 δεινότερος
3374 1078 3705 1148 διαδέχεται,

2133 1173 2373 1243 τοῦνομα
2404 1173 2694 1242 Ναζερὼθ,
2720 1166 2764 1241 ᾧ
2791 1174 2889 1226 καὶ⁸
2934 1172 3268 1243 πρόσταγμα
3323 1170 3603 1242 βασιλικὸν
3639 1164 3706 1240 ἦν

2134 1262 2278 1318 ὥστε
2299 1263 2427 1326 τοὺς
2455 1262 2863 1332 συλληφθέντας
2888 1263 3248 1333 Χριστιανοὺς
3274 1262 3433 1334 χερσὶ
3451 1262 3709 1331 Χριστια-

2134 1355 2241 1410 νῶν
2309 1355 2480 1420 λίθοις
2535 1354 2906 1426 βαλλομένους
2968 1355 3335 1425 ἀναιρεῖσθαι.
3397 1352 3710 1406 Ἐπιστάντι

2139 1446 2272 1517 γοῦν
2305 1448 2370 1518 τῇ
2414 1446 2566 1500 πόλει
2607 1447 2700 1501 καί⁵
2737 1447 2831 1500 τὸν
2877 1444 2972 1500 τοῦ
3013 1445 3186 1516 πυρὸς
3232 1443 3361 1499 ναὸν
3415 1443 3710 1497 εἰσελθόντι

2137 1537 2226 1592 διὰ
2247 1537 2620 1609 προσκύνησιν
2649 1537 2699 1590 oi
2731 1535 2824 1590 τοῦ
2849 1534 3017 1608 πυρὸς
3050 1535 3364 1606 λατρευταί,
3390 1533 3509 1588 Εἰσί
3544 1550 3708 1598 τινες,

2141 1625 2322 1696 εἷπον,
2374 1628 2611 1683 ἐνταῦθα
2665 1628 2987 1699 Χριστιανοὶ
3037 1629 3227 1698 συχνὸν
3268 1628 3368 1698 ἤδη
3415 1628 3606 1698 χρόνον
3653 1627 3712 1679 ἐν

2143 1722 2378 1789 ἀσφαλεῖ
2404 1721 2618 1792 φρουρᾷ
2642 1719 3186 1791 κατακεκλεισμένοι,
3218 1720 3268 1772 οἳ
3309 1718 3401 1773 καὶ
3429 1719 3714 1789 πρότερον,

2075 1791 2119 1846 Β
2144 1814 2222 1877 ὡς
2251 1815 2386 1884 ἡμῖν
2415 1791 2691 1883 ἐγνώσθη,
2722 1813 3002 1884 αἰκισμοῖς
3032 1812 3240 1882 σφόδρα
3293 1809 3543 1881 χαλεπῶς
3586 1807 3736 1863 ὐποο’

2143 1906 2436 1975 ϐληθέντες
2458 1906 2559 1976 τῆς
2585 1905 2718 1968 ίδίας
2748 1907 2850 1959 οὐκ
2871 1903 3203 1975 ἐπείσθησαν
3222 1903 3438 1974 ἔξαρνοι
3467 1901 3718 1970 γενέσθαι

2143 1999 2465 2072 θρησκείας.
2497 1997 2718 2052 Τούτων
2752 1997 2916 2062 αὐτὸς
2945 1995 3188 2059 ἀκούσας
3221 1992 3563 2066 παραχρῆμα
3593 1993 3716 2056 τοὺς

2146 2093 2339 2162 ἁγίους
2385 2091 2464 2163 τῷ
2499 2091 2704 2163 βήματι
2755 2090 3104 2162 παραστῆναι
3155 2087 3391 2152 κελεύει,
3431 2085 3528 2140 καί
3583 2101 3715 2154 φησι

2149 2186 2289 2258 πρὸς
2339 2183 2560 2249 αὐτούς’
2599 2184 2707 2239 Τοῦ
2765 2182 3031 2255 βασιλέως
3073 2182 3360 2251 Σαπωρίου
3407 2177 3590 2241 πόλεις
3621 2175 3720 2245 μὲν

2149 2281 2353 2351 ὀχυρὰς
2377 2265 2930 2350 καταστρεψαμένου,
2959 2275 3090 2347 ἔθνη
3123 2292 3183 2328 τε
3214 2274 3441 2327 πλεῖστα
3464 2269 3724 2324 καταδου-

2150 2375 2468 2442 λωσαμένου
2503 2368 3013 2438 δυσκαταγώνιστα,
3037 2367 3156 2430 πῶς
3185 2367 3342 2438 ὑμεῖς
3374 2364 3478 2418 ὑπὸ
3503 2361 3602 2434 τὴν
3627 2363 3725 2416 αύ-

2152 2465 2249 2520 τοῦ
2282 2465 2382 2536 μὲν
2404 2466 2567 2536 χεῖρα
2589 2463 2895 2528 τελοῦντες,
2931 2462 3023 2533 τὴν
3059 2459 3224 2514 αὑτοῦ
3260 2457 3316 2511 δὲ
3353 2454 3723 2526 καρπούμενοι

2156 2562 2283 2631 γῆν,
2301 2559 2489 2628 ὥσπερ
2515 2557 2820 2613 ἀποστάται
2849 2555 2993 2617 τινὲς
3011 2552 3212 2621 πολλὴν
3233 2548 3394 2606 αὐτοῦ
3415 2547 3725 2614 κατέγνωτε

2161 2653 2271 2708 τῶν
2297 2651 2739 2724 προσταγμάτων
2769 2649 3099 2718 όλιγωρίαν;
3130 2646 3276 2718 Πρδς
3320 2641 3495 2698 ταῦτα
3541 2643 3569 2694 ὁ
3600 2640 3727 2693 θαυ-

2166 2747 2371 2818 μαστὸς
2411 2745 2632 2814 Ἰωσὴφ,
2673 2743 2735 2796 Εἰ
2765 2741 3053 2812 τυραννίδα
3095 2737 3216 2793 τινὰ
3247 2736 3339 2791 καὶ
3368 2730 3726 2795 ἀποστασίαν,

2163 2841 2291 2910 ἔφη,
2341 2839 2484 2892 κατὰ
2534 2837 2631 2891 τοῦ
2681 2835 2946 2908 βασιλέως
2993 2834 3147 2903 ὑμῶν
3187 2830 3580 2898 κεκινήκαμεν,
3623 2825 3729 2877 ἔδει

2165 2930 2382 2993 πάντως
2409 2927 2569 2982 αὐτὸν
2597 2926 2738 2980 ὅπλα
2764 2943 2822 2980 τε
2846 2925 2939 2978 καὶ
2967 2922 3196 2994 στρατὸν
3234 2919 3571 2990 ἐπαγόμενον
3601 2916 3730 2986 ἡμῖν

469 3025 627 3091 dere,
647 3034 741 3079 aut
758 3025 927 3078 alium
951 3031 1101 3076 certe
1123 3020 1387 3074 adversus
1408 3031 1510 3071 nos
1534 3014 1772 3077 mittere,
1798 3009 1890 3072 qui
1915 3014 2059 3064 esset

2167 3021 2537 3092 ἐπιθέσθαι,ἢ
2577 3019 2708 3090 γοῦν
2748 3020 2937 3090 ἓτερον
2986 3017 3109 3070 καθ’
3139 3016 3295 3086 ἡμῶν
3335 3009 3614 3080 ἐκπέμψαι
3645 3007 3732 3061 τον

470 3129 524 3175 et
565 3133 735 3173 manu
765 3115 946 3179 fortis,
978 3122 1037 3170 et
1070 3125 1258 3166 rerum
1299 3106 1643 3177 experientia
1685 3100 1973 3172 praeditus,
2008 3105 2066 3151 et

473 3212 544 3268 ad
595 3210 908 3268 ducendum
969 3205 1275 3261 exercitum
1351 3200 1608 3254 idoneus.
1678 3193 1782 3250 Sed
1852 3198 2064 3245 tantum

477 3309 656 3370 abest,
691 3314 751 3358 ut
799 3317 902 3358 nos
933 3300 1062 3356 talia
1089 3295 1502 3367 aggrediamur,
1529 3302 1592 3345 ut
1615 3304 1725 3342 non
1749 3287 1940 3348 alium,
1973 3283 2068 3339 sed

481 3391 534 3453 ιε
587 3397 856 3452 adversus
890 3408 995 3448 nos
1018 3391 1291 3452 emiserit,
1328 3388 1422 3457 qui
1458 3401 1582 3441 cum
1615 3380 1836 3438 l'cminis
1865 3378 2069 3448 potius,

482 3506 603 3560 quae
650 3490 856 3557 degunt
885 3487 939 3540 in
993 3483 1273 3547 thalamis,
1301 3495 1468 3550 quam
1503 3494 1626 3533 cum
1657 3475 1792 3530 viris
1827 3485 2067 3544 pugnare

484 3580 786 3638 studueris.
823 3578 936 3632 Nos
964 3576 1114 3629 enim
1152 3573 1405 3644 nosipsos
1431 3579 1692 3640 tanquam
1744 3581 1875 3622 oves
1904 3563 2071 3620 tradi-

487 3675 672 3730 dimus
696 3671 764 3726 ad
791 3669 1155 3732 occisionem,
1185 3675 1249 3721 ut
1269 3653 1365 3736 qui
1393 3663 1757 3720 didicerimus
1786 3675 1910 3717 esse
1943 3658 2073 3714 sub—

483 3765 616 3837 jecti
650 3762 913 3819 omnibus
943 3757 1334 3830 potestatibus.

556 3857 726 3915 XXII.
747 3856 894 3912 Dixit
932 3867 1174 3927 praises:
1211 3852 1294 3907 Me
1320 3849 1388 3905 ad
1413 3850 1577 3916 iram,
1596 3856 1658 3904 ιιι
1677 3846 1919 3910 videtur,
1944 3859 2075 3915 pro-

477 3967 716 4059 ivocans,
743 3952 988 4005 utvitam
1009 3947 1108 4001 tibi
1136 3945 1301 4001 citius
1323 3943 1581 4008 adimam,
1602 3955 1700 3994 nos
1726 3939 1814 3993 bis
1841 3939 2079 3992 insecta-

525 4046 536 4056 ι
716 4050 730 4059 .
813 4057 820 4059 _
847 4040 960 4059 ,ns-
1019 4037 1123 4059 ο-)
1172 4052 1278 4059 _-_
1313 4032 1628 4059 ---Α-..κέλ
1662 4031 1714 4059 :A
1759 4029 1902 4059 -..ΑΛ
1926 4028 2076 4059 11Δοῖ-

478 4028 571 4124 iris
607 4040 985 4099 contumeliis.
1019 4037 1125 4094 Sed
1172 4052 1283 4092 non
1313 4032 1629 4104 assequeris
1662 4029 1904 4100 id,quod
1926 4028 2077 4083 desi-

480 4123 680 4218 gderas.
715 4138 905 4206 Longo
938 4133 1089 4189 enim
1122 4138 1370 4200 tempore
1401 4137 1459 4183 et
1480 4142 1636 4181 mora
1665 4133 1716 4180 te
1736 4123 2079 4194 protraham,

483 4211 550 4292 Eet
584 4231 776 4288 multis
806 4225 1103 4283 tormentis
1141 4232 1194 4279 te
1223 4220 1490 4293 paulatim
1523 4229 1868 4274 consumam.
1916 4211 2082 4268 iubet

484 4318 630 4394 ergo
649 4339 777 4379 eum
807 4321 1035 4376 iunibus
1072 4317 1318 4372 vinctum
1348 4327 1379 4368 a
1407 4312 1638 4368 summis
1667 4307 1926 4378 pedibus,
1960 4318 2082 4360 sus-

2167 3116 2262 3170 καὶ
2297 3117 2455 3186 χεῖρα
2483 3114 2731 3183 γενναῖον
2770 3111 2868 3166 καὶ
2912 3112 3110 3180 πεῖραν
3151 3107 3335 3162 ἰκανὸν
3374 3106 3468 3159 καὶ
3499 3119 3735 3172 στρατη-

2166 3211 2284 3278 γεῖν
2325 3207 2669 3272 δεξιώτατον.
2717 3203 2882 3259 Ἀλλά
2931 3201 3188 3258 τοσοῦτον
3241 3200 3402 3270 ἡμεῖς
3456 3195 3733 3264 ἀπέχομεν

2167 3299 2430 3362 τοιούτοις
2466 3298 2788 3368 ἐπιχειρεῖν,
2825 3295 2966 3349 ὥστε
2997 3294 3098 3347 οὐκ
3127 3291 3309 3356 ἄλλον,
3351 3286 3488 3342 ἀλλὰ
3522 3285 3579 3338 σέ
3611 3283 3732 3338 καθ’

2165 3394 2328 3464 ἡμῶν
2349 3390 2651 3460 ἐκπέμψαι,
2685 3387 2774 3443 τὸν
2809 3386 3024 3458 γυναιξὶ
3051 3383 3247 3456 μᾶλλον
3271 3376 3737 3450 θαλαμευομέναις

2172 3483 2462 3555 ῆᾶνδράσι
2497 3480 2855 3550 διαμάχεσθαι
2910 3477 3340 3549 μεμελετηκότα.
3391 3471 3582 3539 Ἡμεῖς
3631 3465 3738 3534 γὰρ

2169 3575 2246 3637 ὡς
2285 3571 2530 3644 πρόϐατα
2561 3570 2786 3632 ἑαυτοὺς
2833 3570 2925 3622 ἐπὶ
2978 3565 3192 3636 σφαγὴν
3239 3561 3637 3629 ἐκδεδὼκαμεν,
3667 3556 3739 3620 ὠς

2173 3667 2239 3721 ἂν
2266 3662 2666 3719 ὑποτάσσεσθαι
2697 3661 2898 3724 πάσαις
2922 3658 3194 3725 ἐξουσίαις
3225 3652 3668 3723 κεκελευσμένοι.

2249 3849 2380 3902 KB’.
2425 3846 2485 3898 Ὀ
2517 3845 2700 3916 ἄρχων
2723 3840 2898 3896 εἶπεν·
2935 3841 3023 3902 Ὠς
3050 3839 3214 3902 ἔοικε,
3254 3839 3344 3889 τδν
3370 3835 3500 3905 ἐμὸν
3559 3831 3744 3900 ἀνερεο
3844 3899 3849 3902 _

2173 3943 2342 4005 θίζων
2383 3938 2552 4009 θυμὸν
2596 3939 2686 3990 ἐττί⁸
2733 3937 2792 3988 τὸ
2837 3935 3025 4004 τάχιόν
3067 3951 3126 3986 σε
3165 3930 3258 3984 τοῦ
3291 3929 3392 4000 ζῇν
3438 3925 3742 3989 ἀπαλλάξαι

2175 4035 2294 4094 ταῖς
2323 4030 2511 4099 ῦδρεσι
2536 4027 2762 4089 ταύταις
2800 4022 2921 4078 καθ’
2954 4021 3109 4093 ἡμῶν
3137 4019 3424 4089 κέχρησαι.
3470 4013 3611 4070 Ἀλλ’
3645 4011 3742 4063 ούκ

2178 4122 2438 4194 ἐπιτεύξῃ
2479 4120 2574 4174 τοῦ
2629 4119 3005 4187 ποθουμένουο
3059 4113 3235 4185 χρόνῳ
3279 4111 3387 4181 γὰρ
3437 4107 3530 4161 καὶ
3581 4103 3741 4174 τριδῇ

2177 4215 2488 4289 παραδώσω
2507 4232 2564 4267 σε
2591 4214 2684 4266 καὶ
2701 4211 2922 4272 πολλαῖς
2948 4207 3201 4279 βασάνοις
3221 4203 3340 4260 κατ’
3360 4202 3536 4270 ὀλίγον
3559 4199 3744 4263 ἐξανα-

2180 4313 2359 4365 λώσω.
2409 4306 2640 4362 Κελεύει
2694 4306 2871 4358 τοίνυν
2927 4299 3180 4371 σχοινίοις
3227 4298 3414 4366 ἄκρων
3461 4289 3748 4346 ἐκδεθέντα

486 4396 671 4501 :pendi
738 4415 938 4484 capite,
994 4409 1283 4468 exsiccatis
1330 4415 1513 4462 autem
1580 4404 1746 4458 boum
1796 4398 1982 4454 nervis
2028 4412 2057 4451 c

2187 4384 2362 4458 ποδῶν
2390 4401 2532 4455 κατὰ
2561 4398 2800 4467 κεφαλῆς
2833 4391 3228 4464 κρεμασθῆναι,
3259 4388 3461 4460 βοείαις
3481 4385 3535 4438 δὲ
3561 4383 3748 4454 ξηραῖς

2224 4497 2234 4501 -
2360 4494 2374 4501 -
2480 4491 2491 4501 -
2567 4493 2580 4501 .
2668 4490 2690 4501 ..
2737 4487 2750 4501 .
2850 4487 2874 4501 λ
2997 4483 3064 4501 ...ν
3169 4500 3177 4501 ,
3230 4479 3316 4501 JH
3359 4476 3406 4501 ,Α
3449 4476 3636 4501 “tu.”
3673 4469 3748 4501 ,δ

499 4516 688 4586 plagas
722 4509 912 4580 inﬂigi.
961 4506 1052 4562 Sic
1081 4519 1212 4574 ergo
1241 4517 1396 4558 venre
1435 4507 1638 4568 apertae
1680 4500 2081 4550 tormentorum

490 4583 785 4668 i—violentia,
851 4609 1112 4670 tanquam
1161 4611 1230 4652 ex
1285 4595 1440 4650 fonte
1490 4587 1806 4659 prabebant
1879 4583 2084 4636 ﬂuxum

502 4695 812 4768 sanguinis.
841 4693 949 4762 Qui
981 4706 1116 4748 vero
1165 4683 1611 4744 circumsistebat
1651 4679 1910 4750 populus,
1933 4673 2084 4748 judi-

505 4809 624 4850 cem
687 4804 954 4849 accusans
1034 4781 1416 4846 immanitatis,
1506 4776 1571 4833 ad
1648 4768 2084 4829 misericordiam

506 4885 834 4943 movebatur
895 4893 953 4937 et
1003 4879 1069 4934 ad
1121 4879 1414 4946 lacrymas,
1468 4879 1698 4937 stupens
1749 4861 2083 4920 sacrosancti

507 4980 658 5038 senis
688 4975 1060 5034 tolerantiam.
1115 4968 1347 5036 Quidam
1381 4971 1568 5018 autem
1612 4976 1681 5016 ex
1709 4957 1943 5028 magnis,
1989 4952 2083 5024 qui

493 5060 1015 5132 ‘clrcumsistebant,
1049 5070 1264 5120 secreto
1300 5057 1624 5114 accedentes
1655 5052 1722 5108 ad
1765 5059 2082 5121 martyrem,

499 5149 812 5220 idicebant:
847 5159 1001 5216 Clam
1035 5153 1328 5210 nobiscum
1359 5147 1646 5220 ingredere
1679 5145 1735 5199 in
1768 5139 1946 5197 nostri
1989 5137 2085 5192 Dei

2182 4497 2279 4559 τὰς
2319 4491 2536 4562 πληγὰς
2566 4487 2959 4553 ἐπιξαίνεσθαι.
2994 4483 3180 4545 Οῦτως
3224 4479 3317 4534 οὖν
3353 4476 3409 4532 αἱ
3446 4476 3636 4546 φλέϐες
3673 4469 3750 4539 τῷ

2185 4585 2344 4658 βιαίῳ
2400 4581 2508 4638 τῶν
2551 4577 2829 4648 αἰκισμῶν
2862 4573 3330 4645 ἁναστομωθεῖσαι
3370 4568 3445 4632 ὡς
3481 4568 3544 4619 ἐκ
3570 4564 3752 4632 πηγῆς

2185 4656 2442 4749 παρεῖχον
2473 4675 2541 4729 τὰ
2589 4673 2796 4742 αἵματα
2843 4669 3161 4739 καταρρεῖν.
3222 4663 3298 4718 To
3359 4662 3416 4716 δέ
3471 4656 3755 4729 περιεστδς

2185 4770 2386 4834 πλῆθος
2437 4767 2536 4838 τὴν
2587 4763 2682 4817 τοῦ
2732 4759 2990 4817 δικαστοῦ
3049 4757 3398 4829 μεμφόμενον
3455 4751 3756 4820 ἀγριότητα

2193 4862 2329 4934 πρὸς
2358 4854 2534 4913 οἶκτον
2569 4854 2844 4909 ἐκινοῦντο
2868 4853 2961 4907 καὶ
2985 4851 3218 4921 δάκρυα,
3237 4847 3329 4901 τὸν
3362 4843 3506 4916 ἱερὸν
3523 4837 3758 4914 πρεσϐύ-

2192 4973 2294 5025 την
2340 4951 2440 5022 τῆς
2498 4948 2774 5017 ὑπομονῆς
2828 4943 3275 5013 ἐκπληττόμενοι.
3336 4939 3493 5000 Τινὲς
3543 4937 3598 4990 δέ
3651 4933 3756 4988 τῶν

2194 5021 2579 5115 περιεστώτων
2633 5038 2822 5109 μάγων
2877 5038 2935 5090 ἐν
2987 5033 3284 5106 ἀπορρήτῳ
3328 5029 3646 5104 προσιόντες
3683 5021 3760 5090 τῷ

2197 5113 2456 5210 μάρτυρι,
2517 5131 2738 5210 Είσελθε
2779 5128 2897 5201 μεθ’
2948 5129 3128 5200 ἡμῶν,
3158 5127 3362 5194 ἔλεγον,
3417 5122 3496 5180 εἰς
3545 5119 3635 5172 τὸν
3666 5113 3759 5172 τοῦ

517 5255 805 5325 templum,
854 5250 901 5306 si
949 5264 978 5303 a
1031 5244 1223 5301 multis
1269 5241 1437 5312 aspici
1487 5235 1792 5297 erubescis,
1853 5240 1910 5288 et
1964 5244 2059 5284 cun

2163 5230 2323 5314 ,Θεοῦ
2357 5227 2516 5300 ἡμῶν
2541 5225 2667 5280 ναὸν
2699 5225 2756 5277 ἐν
2789 5224 2996 5295 κρυφῇ,
3036 5222 3090 5273 εῐ
3134 5237 3197 5288 γε
3239 5220 3335 5271 καί
3369 5215 3466 5284 τὴν
3499 5211 3609 5267 τῶν
3638 5210 3766 5262 πολ-

516 5304 1138 5408 εαετῖίὶεατίε,ιίἰ>εται·ρ
1170 5352 1200 5391 a
1237 5304 1544 5404 suppliciis.
1575 5329 1673 5386 ille
1707 5335 1932 5381 autem:
1973 5321 2059 5374 Dis

2161 5311 2166 5324 "
2192 5321 2296 5376 λῶν
2325 5321 2447 5391 ὕψιν
2477 5317 2730 5388 αἰσχύνῃ,
2764 5316 2857 5369 καὶ
2909 5313 3100 5379 θύσας,
3142 5307 3486 5376 ἀπαλλάγηθι
3518 5304 3626 5358 τῶν
3676 5319 3768 5355 κο·-

520 5437 698 5492 cedite
727 5451 759 5489 a
793 5448 903 5496 me,
933 5432 1080 5486 clara
1110 5441 1246 5483 voce
1295 5395 1472 5480 dixit:
1511 5418 1811 5482 discedite,
1847 5414 1942 5485 qui
1971 5427 2059 5480 opt

2192 5418 2424 5471 λάσεων.
2461 5411 2522 5466 Ὀ
2547 5409 2626 5474 δὲ,
2654 5408 2957 5477 Ἀπόστητε
2981 5405 3076 5460 ἀπ’
3103 5403 3260 5476 ἐμοῦ,
3287 5397 3408 5455 εἵπε
3438 5397 3668 5467 λαμπρᾷ
3697 5395 3768 5463 τῇ

522 5528 724 5585 ramini
779 5524 1150 5594 iniquitatem,
1202 5518 1464 5589 quoniam
1516 5513 1784 5568 Dominus
1817 5506 2059 5563 exaudiv‘

2200 5510 2375 5580 φωνῇ,
2393 5505 2690 5574 ἀπόστητε,
2714 5500 2762 5555 οἱ
2787 5500 2886 5571 τὴν
2906 5499 3134 5567 ἀνομίαν
3158 5488 3629 5566 ἐργαζόμενοι,ὅτι
3656 5485 3770 5538 Κύ-

525 5577 972 5690 deprecation'cm
1017 5577 1234 5670 meam:
1267 5608 1474 5665 Deinde
1507 5621 1632 5660 cum
1665 5613 1776 5659 tres
1815 5600 1966 5655 horae
1990 5598 2059 5666 jal

2203 5618 2316 5671 ριος
2347 5601 2445 5668 τῆς
2477 5594 2714 5666 δεήσεώς
2747 5609 2848 5663 μου
2878 5592 3216 5659 εἰσήκουσεν.
3264 5582 3395 5639 Εἶτα
3423 5581 3589 5654 τριῶν
3611 5577 3772 5648 ὡρῶν

531 5664 972 5690 ““ι’“ν““·““·“·ν“·
1017 5664 1214 5670 ----η-νη
1271 5664 1276 5665 γ
1993 5664 2004 5666 _

531 5713 964 5786 prateriissent,
1007 5709 1168 5781 jubet
1240 5719 1366 5759 eum
1426 5701 1730 5756 relaxatum
1781 5709 1812 5749 a
1866 5689 2054 5748 vincul

2201 5693 2302 5762 ήδη
2340 5685 2664 5742 διελθουσῶν
2703 5677 3202 5737 κελεύειὰνεθέντα
3237 5675 3346 5729 τῶν
3376 5671 3603 5740 πληγῶν
3622 5664 3774 5734 αύτῷ

2426 5781 2452 5786 ⁸-
2693 5776 2705 5786 ⁸
2772 5773 2841 5786 ³³⁸·
3003 5772 3016 5786 ι
3157 5769 3233 5786 in,
3279 5765 3344 5786 κε
3383 5762 3473 5786 __."!
3510 5759 3774 5786 0..-.\1.‘p

527 5759 718 5862 coram
748 5820 807 5861 se
839 5801 980 5869 sisti,
1003 5759 1075 5865 et,
1095 5797 1260 5865 Quid,
1293 5793 1495 5863 inquit,
1538 5804 1699 5861 pares
1725 5784 1903 5858 jussui
1939 5781 2059 5853 regi

2205 5759 2570 5854 παραστῆναι·
2621 5776 2738 5843 καὶ,
2772 5773 2862 5840 τί,
2892 5772 3046 5843 φησι,
3078 5769 3243 5840 πείθῃ
3275 5765 3350 5836 τῷ
3381 5762 3474 5818 τοῦ
3509 5759 3774 5864 βασιλέως

534 5848 718 5862 νν--ιη
749 5848 807 5861 υν
839 5848 980 5869 mu.
1006 5848 1075 5865 ν-.
1103 5848 1260 5865 νη.
1295 5848 1328 5851 -κ
1372 5848 1388 5863 .
1483 5848 1494 5857 ,
1541 5848 1556 5861 ,
1725 5848 1742 5858 ,
2001 5848 2026 5853 ,

534 5905 592 5952 et
613 5894 777 5951 vitam
802 5894 966 5950 morti
998 5890 1242 5963 praefers,
1267 5901 1334 5943 an
1353 5883 1496 5940 non?
1523 5878 1824 5950 Respondit
1847 5885 2059 5933 sanctus

2208 5873 2611 5947 προστάγματι,
2647 5867 2739 5924 καὶ
2761 5867 2817 5920 τδ
2853 5864 2950 5937 ζῇν
2982 5863 3072 5916 τοῦ
3114 5859 3405 5917 ἀποθανεῖν
3438 5848 3775 5920 insanit-.5
