4142 6384
453 351 562 416 853
1305 349 1731 413 CERTAMEN
1768 353 1836 419 8.
1884 350 2284 417 ACEPSIMIE
2314 352 2413 417 ET
2440 354 2853 420 SOCIORUM.
3622 348 3740 415 855

449 465 493 541 ἢ
516 464 603 531 aii:
666 465 727 520 Ὀ
776 464 935 536 ἅγιος
980 464 1361 540 ἁπεκρίνατο;
1393 469 1487 540 Μὴ
1519 469 1731 539 γένοιτό
1779 471 1871 541 μοί
1906 489 2036 526 ποτε

2145 474 2326 540 Absit,
2350 466 2418 530 'ut
2444 490 2547 547 ego
2593 462 2839 546 unquam
2868 489 2993 530 eam
3025 472 3199 529 vitam
3250 471 3589 539 cupiamﬂn
3620 485 3727 541 qua

453 557 713 631 τοιαύτης
742 559 1085 632 ιπιθυμῆσαι
1117 560 1264 629 ζωῆς
1290 560 1350 614 δν
1373 554 1407 636 ᾖ
1430 559 1531 615 ίδοι
1556 572 1623 632 με
1647 563 1676 616 ό
1702 563 1856 634 ἥλιος
1882 564 2035 636 αὐτῷ

2143 580 2223 622 me
2272 566 2357 621 soi
2401 566 2608 623 viderit
2650 568 2761 623 sibi
2807 567 3016 639 potius,
3058 580 3224 638 quam
3281 566 3403 635 ejus
3451 562 3728 628 euectori,

459 650 663 723 μᾶλλον
692 650 725 719 ἦ
756 651 836 722 τῷ
856 653 1060 722 ποιητῇ
1097 650 1264 706 αὐτοῦ
1296 652 1398 722 τὴν
1437 652 1812 725 προσκύνησιν
1836 656 2037 709 ἀπονέ-

2143 659 2474 715 tribuentem
2524 660 2926 716 adorationem.
2968 659 3113 727 Quid
3148 664 3334 713 autem
3362 656 3387 710 ?
3419 665 3575 711 estne
3604 656 3728 719 tibi,

459 760 653 815 μοντα.
675 743 740 796 Τί
758 743 867 811 δαὶ,
896 748 994 799 καὶ
1018 746 1383 816 προτιμητέος
1413 762 1518 811 σοι,
1548 744 1724 812 εἶπεν,
1756 751 1785 803 ό
1809 748 2039 812 θάνατος

454 835 557 904 τῆς
586 835 767 905 ζωῆς;
813 837 873 890 '0
906 838 1061 907 ἅγιος
1094 836 1224 907 ἔφη·
1248 838 1375 892 Ναβ
1410 840 1441 892 ό
1474 839 1586 912 γὰρ
1616 841 1849 906 θάνατος
1884 836 2040 907 οὗτος

457 925 721 996 πρόξενός
759 944 851 997 μοι
874 930 1021 999 ζωῆς
1048 930 1259 999 γίνεται
1294 931 1517 986 αἰωνίου
1556 933 1780 1001 ἀγαθῶν
1809 952 1870 989 τε
1905 934 2041 989 πολ-

457 1014 569 1069 λῶν
593 1017 728 1087 ἡμῖν
762 1018 1091 1075 καθίσταται
1135 1022 1313 1085 αττιος
1351 1022 1389 1076 ἃ
1420 1021 1546 1079 οὒτε
1590 1025 1893 1095 ὀφθαλμοῖς
1921 1028 2041 1083 ἔστι

460 1103 631 1159 θεατὰ
661 1104 786 1160 οὔτε
811 1107 949 1161 ὠσὶν
976 1109 1243 1178 ἀκουστὰ,
1268 1109 1392 1165 οὔτε
1436 1111 1545 1184 μὴν
1567 1115 1898 1185 καταληπτά
1927 1117 2044 1172 δια-

459 1197 600 1268 νοίᾳο
653 1198 798 1269 Πρὸς
829 1199 1008 1255 ταῦτα
1061 1203 1089 1257 ὁ
1134 1203 1300 1274 εἴρων
1350 1206 1559 1270 ἐκεῖνος
1595 1207 1694 1260 καὶ
1739 1208 2042 1281 χλευαστὴς

459 1286 552 1343 old
576 1306 684 1359 περ
716 1291 960 1360 ἑγγελῶν
992 1294 1073 1363 τῷ
1103 1295 1343 1367 μάρτυρι
1375 1297 1474 1368 τῆς
1504 1298 1824 1367 ἀπολογίας,
1858 1300 2044 1370 Μεγά-

459 1380 560 1446 λας
583 1374 680 1437 οῦν
704 1385 859 1453 ἡμῖν,
894 1385 1021 1455 ἔφη,
1052 1387 1152 1452 τὰς
1183 1389 1415 1460 χάριτας
1452 1391 1691 1461 ὀφείλεις
1734 1394 2041 1464 ὁμολογεῖν,

460 1474 518 1528 ετ
537 1490 624 1528 σοι
648 1476 989 1546 τηλικούτων
1019 1481 1245 1550 ἀγαθῶν
1283 1483 1534 1554 πρόξενοι
1596 1486 2040 1558 καθεστήκαμεν.

461 1566 690 1631 Πάντως
725 1568 781 1622 δὲ
818 1572 916 1626 καὶ
948 1573 1098 1643 ἡμᾶς
1126 1577 1417 1641 κοινωνοὺς
1458 1578 1641 1634 αὐτῶν
1678 1581 1931 1649 γενέσθαι
1961 1599 2044 1638 σοι

461 1662 929 1732 παρασκευάσεις,
960 1664 1058 1719 ἅτε
1082 1665 1146 1738 δὴ
1175 1668 1271 1723 καὶ
1294 1671 1591 1741 συνεργούς
1611 1690 1692 1727 σοι
1715 1676 2044 1744 γενομένους

462 1752 601 1822 πρὸς
622 1754 723 1825 τὴν
740 1755 937 1823 κτῆσιν
961 1759 1063 1829 τῆς
1078 1761 1296 1815 τοιᾶσδε
1323 1764 1746 1836 μακαριότητος.
1781 1768 1842 1821 '0
1864 1767 2019 1837 ἅγιος

2141 753 2342 823 inquit,
2393 768 2542 810 mors
2593 754 2723 811 vita:
2787 753 3197 825 praeponenda?
3253 750 3492 806 Sanctus
3541 751 3725 805 dixit:

2141 841 2323 898 Certe.
2350 842 2477 900 Haec
2518 846 2665 900 enim
2697 860 2848 900 mors
2883 845 3019 899 mihi
3052 846 3221 899 vitam
3254 855 3514 901 aeternam
3544 840 3732 897 conci-

2141 934 2259 1000 iiat,
2291 944 2349 991 et
2378 945 2466 992 est
2509 937 2674 993 nobis
2719 953 2884 992 causa
2930 937 3233 991 multorum
3284 937 3578 997 bonorum,
3608 946 3731 1001 quae

2140 1043 2243 1085 nec
2277 1037 2512 1099 possunt
2556 1031 2705 1085 cerni
2749 1031 2945 1096 oculis,
2981 1046 3085 1085 nec
3122 1029 3305 1084 audiri
3335 1028 3580 1087 auribus,
3630 1037 3731 1078 nec

2142 1131 2325 1176 mente
2351 1122 2775 1192 comprehendi.
2809 1121 2893 1177 Ad
2939 1122 3056 1177 haec
3083 1121 3175 1178 ille
3220 1121 3430 1175 ironice
3472 1121 3725 1187 loquens,

2140 1218 2197 1267 et
2228 1212 2408 1267 veluti
2447 1212 2690 1268 irridens
2726 1212 2979 1283 martyris
3007 1211 3423 1282 responsionem
3452 1228 3468 1267 :
3511 1209 3731 1280 Magnas

2140 1316 2292 1373 ergo,
2323 1301 2535 1373 inquit,
2592 1303 2755 1358 nobis
2809 1302 2981 1358 debes
3030 1317 3192 1373 agere
3239 1300 3466 1372 gratias,
3517 1300 3565 1355 si
3619 1310 3730 1355 tam

2139 1397 2314 1451 multa
2374 1396 2519 1450 bona
2578 1395 2679 1451 tibi
2734 1395 3177 1451 conciliavimus.
3228 1376 3468 1448 Omnino
3532 1400 3722 1446 autem

2134 1487 2360 1554 eﬂicies,
2399 1495 2456 1543 ut
2492 1496 2688 1543 eorum
2724 1500 2950 1559 quoque
2973 1487 3150 1542 simus
3180 1494 3364 1541 tecum
3406 1483 3725 1556 participes,

2138 1588 2201 1636 ut
2247 1580 2345 1650 qui
2402 1579 2502 1635 tibi
2558 1580 2833 1635 fuerimus
2887 1579 3170 1650 adjutores
3222 1578 3291 1633 ad
3332 1574 3729 1647 acquirendam

2138 1673 2306 1727 talem
2349 1670 2778 1727 beatitudinem.
2811 1668 3051 1725 Sanctus
3101 1675 3322 1722 autem:
3371 1665 3453 1721 Ne
3492 1664 3728 1731 ironiCe,

2139 1761 2341 1834 inquit,
2373 1762 2666 1818 nobiscum
2699 1777 2849 1833 agas,
2879 1777 2913 1817 o
2958 1760 3142 1830 iudex.
3172 1761 3305 1816 Nam
3357 1774 3460 1814 nos
3502 1757 3730 1828 quidem

461 1842 557 1913 Μὴ
586 1846 901 1917 είρωνεύου,
932 1844 1080 1916 εἷπε,
1104 1851 1176 1906 τά
1202 1852 1340 1923 πρὸς
1375 1856 1545 1925 ἡμᾶς,
1578 1856 1812 1914 δικαστά
1832 1875 1847 1891 ·
1879 1860 2043 1931 ἡμεῖς

2146 1864 2204 1912 et
2229 1856 2487 1918 inimicos
2538 1855 2790 1926 diligere,
2822 1862 2880 1909 et
2932 1854 3000 1909 iis
3040 1855 3134 1924 qui
3188 1869 3288 1909 nos
3320 1852 3449 1908 odio
3499 1852 3728 1915 habent,

466 1933 569 2005 μιν
590 1935 705 2009 γὰρ
734 1940 830 1993 καὶ
857 1942 987 2005 τοὺς
1016 1942 1248 2015 ἐχθροὺς
1272 1945 1494 2019 ἀγαπᾷν
1534 1953 1629 2003 καὶ
1658 1950 1786 2013 τοὺς
1820 1951 2045 2021 μισοῦν-

462 2042 565 2091 τας
584 2029 768 2095 καλῶς
808 2036 987 2087 ποιεῖν
1028 2036 1185 2106 παρὰ
1226 2040 1328 2108 τῆς
1365 2038 1520 2105 θείας
1568 2043 1791 2114 ἐντολῆς
1835 2060 2045 2100 πεπαι-

463 2116 702 2190 δεύμεθα
725 2137 742 2156 ο
782 2123 922 2195 πλὴν
954 2126 1068 2181 ἀλλ’
1098 2128 1207 2194 ἕως
1234 2133 1293 2185 ὲν
1341 2130 1423 2202 τῷ
1450 2134 1681 2203 παρόντι
1711 2134 1810 2205 βίῳ
1843 2136 2046 2203 ζῶντές

465 2211 657 2283 ἔσμεν,
683 2214 875 2287 ἀμέλει
912 2221 1007 2274 καὶ
1040 2222 1313 2293 εὐχόμεθα
1341 2225 1444 2295 τῆς
1477 2226 1688 2300 πλάνης
1732 2228 1879 2299 ὑμᾶς
1911 2231 2048 2284 ἁπο-

466 2303 700 2370 στάντας
752 2312 1088 2381 μεταμαθεῖν
1129 2313 1231 2386 τὴν
1263 2316 1543 2372 εὐσέϐειαν
1593 2319 1670 2383 ῶς
1716 2320 1783 2374 ἂν
1826 2321 1916 2393 εἴη
1946 2324 2042 2376 καὶ

464 2394 594 2465 ὑμῖν
631 2399 790 2467 μερὶς
822 2402 919 2456 καὶ
963 2403 1168 2475 κλῆρος
1202 2406 1263 2460 ἐν
1286 2410 1403 2471 τοῖς
1425 2410 1727 2479 ἁφράστοις
1769 2412 1864 2466 τοῦ
1903 2414 2040 2467 Θεοῦ

462 2488 709 2558 ἀγαθοῖς·
740 2494 797 2547 ὲν
841 2494 899 2547 δὲ
927 2496 1008 2566 τῷ
1037 2499 1283 2568 μέλλοντι
1313 2501 1411 2572 οὐχ
1457 2504 1590 2575 ἡμῖν
1621 2505 1833 2562 δέδοται
1880 2506 2043 2563 κολά-

464 2595 604 2674 σεως
629 2582 968 2654 ἐξαιρεῖσθαι
989 2588 1024 2659 ἢ
1055 2590 1127 2645 τὰ
1163 2593 1346 2661 ἀγαθὰ
1384 2595 1604 2650 διδόναιο
1629 2597 1789 2653 τοῦτο
1819 2599 1929 2671 γὰρ
1961 2602 2040 2674 τῷ

462 2670 584 2741 Θεῷ
623 2675 802 2729 κεῖται
853 2678 1001 2750 μόνῳ
1044 2679 1123 2751 τῷ
1167 2684 1264 2737 καὶ
1319 2683 1574 2751 ἐξουσίαν
1621 2687 1799 2758 ἔχοντι
1831 2670 2042 2763 κρίνειν

463 2766 672 2832 ζῶντάς
699 2786 760 2822 τε
783 2772 881 2825 καὶ
904 2773 1153 2844 νεκρούς.

532 2862 663 2918 ΚΓ.
716 2863 776 2918 Ὀ
800 2865 986 2938 άρχων
1016 2867 1142 2940 ἔφη’
1173 2870 1288 2935 Τὰς
1313 2874 1572 2938 τοιαύτας
1619 2877 1940 2947 ἐρεσχελίας
1984 2879 2043 2933 ἐν

460 2952 542 3024 τῷ
578 2956 809 3027 παρόντι
837 2959 1156 3015 καταλιπὼν
1192 2963 1288 3016 καὶ
1331 2966 1401 3020 τὰ
1431 2966 1925 3038 ὀνειροπολούμενά
1959 2986 2042 3024 σοι

462 3049 620 3102 ταυτὶ
669 3049 872 3118 ἀγαθά,
901 3052 981 3125 τῷ
1036 3053 1307 3127 βασιλικῷ
1337 3059 1722 3130 προστάγματι
1763 3061 2040 3133 πείσθητι,

2141 1948 2492 2017 benefacere,
2522 1963 2552 2004 a
2585 1948 2779 2003 divino
2805 1955 3083 2019 praecepto
3114 1945 3425 2002 didicimus.
3456 1944 3737 2000 Caeterum

2141 2043 2389 2115 quandiu
2415 2057 2607 2099 sumus
2630 2043 2739 2096 vivi
2770 2042 2826 2096 in
2860 2042 2969 2096 vita
3004 2040 3281 2111 praesenti,
3323 2040 3494 2095 Deum
3532 2050 3741 2109 preca-

2141 2153 2288 2203 mur,
2320 2144 2381 2191 ut
2419 2136 2491 2190 ab
2529 2150 2724 2190 errore
2776 2132 3153 2196 discedentes,
3187 2130 3417 2187 discatis
3466 2130 3735 2201 pietatem

2141 2237 2200 2284 et
2227 2241 2415 2284 veram
2452 2227 2801 2298 religionem,
2840 2232 2900 2279 ut
2950 2224 3111 2279 vobis
3139 2234 3362 2294 quoque
3417 2223 3489 2277 sit
3520 2236 3647 2292 pars
3673 2228 3731 2274 ct

2139 2336 2262 2377 sors
2295 2320 2352 2376 in
2388 2320 2577 2374 futuro
2617 2322 2673 2373 in
2721 2319 2820 2373 Dei
2862 2316 3048 2379 bonis,
3078 2332 3199 2387 quae
3251 2315 3357 2371 dici
3420 2321 3727 2385 nequeunt.

2135 2411 2257 2467 Non
2280 2420 2365 2468 est
2387 2421 2571 2468 autem
2601 2411 2763 2466 nobis
2791 2412 2978 2465 datum
3010 2410 3093 2464 vel
3122 2425 3152 2464 a
3182 2408 3459 2478 supplicio
3488 2406 3726 2475 eripere,

2140 2506 2227 2560 vel
2254 2506 2399 2561 bona
2426 2506 2578 2561 dare.
2615 2504 2731 2560 iioc
2760 2513 2846 2560 est
2878 2505 3026 2559 enim
3059 2504 3113 2558 in
3153 2502 3325 2557 solius
3362 2500 3456 2554 Dei
3490 2498 3739 2568 positum

2138 2607 2435 2671 potestate,
2485 2598 2581 2669 qui
2632 2599 2801 2654 habet
2855 2596 3023 2653 etiam
3075 2602 3409 2667 potestatem
3445 2589 3737 2665 jndicandi

2140 2690 2297 2746 vivos
2335 2698 2391 2746 et
2420 2696 2691 2744 mortuos.

2209 2868 2573 2925 XXIii.Dixit
2619 2880 2825 2938 praeses
2869 2882 2885 2920 :
2928 2863 3217 2937 Ejusmodi
3267 2858 3733 2945 contentionibus

2139 2963 2323 3018 missis
2340 2962 2393 3017 in
2418 2961 2711 3033 praesentia
2738 2968 2795 3015 et
2818 2959 2887 3014 iis
2912 2957 3078 3014 bonis
3097 2970 3262 3027 quma
3281 2962 3333 3010 te
3357 2953 3731 3009 somniantum

2141 3070 2274 3126 pare
2305 3056 2450 3124 regis
2477 3053 2734 3123 imperio.
2766 3051 2848 3107 Te
2875 3050 3025 3106 enim
3057 3049 3257 3105 talibus
3283 3056 3339 3105 et
3373 3046 3540 3101 tantis
3563 3044 3737 3116 subji-

476 3141 628 3243 Ἐπεὶ
660 3145 1016 3215 τηλικαύταις
1033 3150 1291 3205 ὑποϐαλῶ
1311 3171 1371 3207 σε
1389 3156 1686 3227 τιμωρίαις
1715 3156 1790 3218 ὡς
1819 3157 1911 3210 διὰ
1942 3157 2036 3212 σοῦ

2143 3149 2286 3203 ciam
2320 3145 2628 3217 suppliciis,
2662 3154 2722 3201 ut
2754 3160 2855 3215 per
2894 3150 2949 3198 te
2978 3143 3069 3197 alii
3102 3156 3327 3212 quoque
3361 3138 3735 3211 persuadean-

465 3236 559 3290 καὶ
591 3239 714 3301 τοὺς
735 3240 930 3305 ἄλλους
964 3242 1259 3313 πεισθῆναι
1282 3247 1642 3317 Χριστιανοὺς
1664 3249 1773 3302 τῶν
1800 3251 1860 3303 ὲν
1881 3250 2041 3321 χερσὶ

463 3330 533 3379 τά
564 3326 623 3381 ιν
674 3329 858 3384 ὲλπίσι
912 3334 1181 3407 μηδαμῶς
1216 3337 1703 3396 ἀνταλλάττεσθαι.
1744 3339 1805 3395 '0
1843 3341 2041 3410 άγιοςς

464 3416 639 3472 Τοῦτο
666 3420 774 3493 γάρ
817 3439 909 3493 μοι
936 3425 1156 3503 ἔφεσις,
1196 3425 1341 3495 eius,
1375 3432 1628 3504 καθάπερ
1658 3432 1722 3505 δὴ
1757 3435 1850 3487 καὶ
1881 3434 2045 3498 αὐτὸς

467 3508 736 3578 ἔγνωκας,
778 3514 845 3567 τδ
893 3515 981 3570 διὰ
1014 3518 1215 3588 τάχους
1248 3521 1386 3591 πρὸς
1427 3522 1528 3587 τὰς
1573 3524 1827 3588 αἰωνίους
1866 3542 2046 3595 παρα-

467 3605 789 3677 πεμφθῆναι
824 3609 1011 3677 μονάς.
1050 3611 1171 3665 Κᾶν
1199 3612 1366 3678 άλλας
1415 3614 1471 3668 δὲ
1513 3616 1714 3687 μυρίας
1750 3619 2047 3691 ὲπαγάγῃς

470 3711 561 3763 μοι
592 3698 884 3768 τιμωρίας,
910 3701 1017 3755 κᾶν
1053 3703 1192 3773 μετὰ
1214 3704 1275 3757 σὲ
1309 3705 1518 3776 ἕτερος,
1540 3710 1963 3779 τετελειωμένος
1988 3712 2049 3764 ὲν

465 3787 534 3855 τῇ
580 3787 820 3859 Χριστοῦ
853 3794 1047 3867 ἀγάπῃ
1091 3797 1468 3869 εὑρεθήσομαι
1492 3814 1507 3829 ο
1559 3798 1669 3870 ἔχω
1696 3800 1807 3872 γὰρ
1837 3801 1931 3855 τδν
1964 3803 2051 3856 εν-

473 3876 728 3947 ισχύοντά
783 3898 852 3952 με
905 3883 1072 3951 Θεὸν,
1130 3884 1201 3940 δι’
1261 3888 1323 3941 ὃν
1378 3890 1471 3943 καὶ
1521 3890 1695 3943 ταῦτα
1753 3892 2048 3962 ὑπομένειν

470 3969 814 4040 προῄρημαι.
880 3976 1229 4044 Χριστιανοϊς
1259 3981 1316 4034 δὲ
1347 3983 1410 4034 οὐ
1443 3984 1729 4056 προτροπὴ
1772 3985 1909 4055 arpis
1951 3984 2051 4055 ἀρ·

472 4076 627 4126 νησιν
656 4065 962 4134 εὐσεϐείας,
1006 4070 1083 4136 ὡς
1117 4073 1181 4127 σὺ
1212 4072 1377 4143 ἔφης,
1412 4074 1501 4129 διὰ
1534 4075 1643 4128 τῶν
1691 4076 1799 4130 σῶν
1854 4076 2049 4144 ἔσομαι

475 4151 749 4223 βασάνων,
777 4158 915 4215 άλλά
949 4163 1301 4244 παράκλησις
1327 4166 1526 4235 μᾶλλον
1549 4165 2047 4237 πρδςηθεοσὲϐειαν·

474 4244 628 4298 αὐτοὶ
660 4250 770 4320 γάρ
804 4268 872 4321 με
908 4253 1253 4323 καθοριῖιντες
1296 4257 1355 4310 ἑν
1388 4259 1535 4328 γήρᾳ
1565 4256 1793 4329 τοιούτῳ
1818 4257 1921 4322 τὰς
1953 4264 2053 4324 σαξ

475 4338 631 4408 παρὰ
653 4340 859 4409 φαῦλον
886 4348 1215 4416 ποιούμενον
1241 4350 1536 4419 τιμωρίας,
1555 4349 1862 4420 ὑπόδειγμα
1890 4351 2055 4405 καλὸν

2143 3246 2235 3294 tur
2275 3237 2602 3304 Christiani,
2658 3253 2722 3293 ea
2782 3252 2905 3307 qua:
2958 3242 3149 3291 tenent
3198 3232 3479 3300 manibus,
3526 3244 3735 3301 nequa-

2141 3346 2309 3402 quam
2358 3340 2705 3387 commutare
2755 3344 2882 3386 cum
2917 3328 2986 3384 iis
3038 3342 3162 3399 quae
3205 3342 3303 3398 spe
3348 3324 3734 3397 apprehende-

2141 3431 2295 3478 runt.
2320 3421 2557 3480 Sanctus
2588 3430 2775 3477 autem
2806 3438 2821 3477 :
2874 3419 3010 3487 Hoc,
3045 3429 3108 3474 ut
3146 3418 3265 3489 ipse
3300 3430 3522 3488 quoque
3551 3415 3724 3472 nos-ti.

2141 3518 2380 3575 maxime
2409 3517 2594 3586 cupio,
2624 3529 2793 3586 quam
2824 3512 3095 3569 citissime
3135 3509 3438 3565 transmitti
3474 3509 3541 3563 ad
3568 3519 3734 3563 aeter-

2143 3626 2245 3665 nas
2288 3608 2627 3664 mansiones.
2655 3606 2815 3672 Quod
2842 3605 2889 3661 si
2935 3604 3073 3659 mihi
3119 3603 3257 3658 alios
3297 3600 3733 3658 innumerabiles

2146 3701 2405 3759 intuleris
2451 3700 2757 3765 cruciatus,
2792 3697 3089 3753 autetiam
3118 3707 3246 3768 post
3294 3705 3348 3751 te
3386 3696 3552 3761 alius,
3600 3709 3735 3749 con-

2142 3803 2451 3850 summatus
2484 3792 2737 3848 inveniar
2779 3791 2833 3845 in
2867 3790 3074 3847 Christi
3114 3790 3313 3861 gratia.
3358 3788 3546 3843 Habeo
3580 3787 3728 3843 enim

2144 3886 2319 3941 Deum
2368 3898 2456 3939 me
2505 3884 2953 3949 conﬁrmantem,
2988 3891 3220 3953 propter
3248 3894 3414 3951 quem
3467 3881 3587 3935 haec
3619 3878 3733 3949 pati

2146 3975 2432 4030 constitui.
2462 3972 2586 4028 Non
2637 3988 2734 4028 ero
2762 3981 2970 4038 autem,
3000 3979 3060 4027 ut
3088 3981 3146 4025 tu
3197 3970 3358 4035 dicis,
3396 3969 3735 4024 Christianis

2149 4066 2464 4125 adhortatio
2500 4062 2573 4120 ad
2601 4065 2908 4136 negantiam
2941 4065 3201 4135 pietatem
3233 4070 3462 4134 propter
3490 4068 3581 4117 tua
3618 4070 3734 4117 tor.

2150 4168 2357 4224 menta,
2413 4158 2512 4213 sed
2564 4158 2987 4215 incitamentum
3039 4159 3226 4227 potius
3274 4156 3344 4211 ad
3388 4168 3582 4210 verum
3633 4153 3733 4210 Dei

2150 4253 2380 4308 cultum.
2437 4250 2550 4323 ipsi
2602 4251 2875 4306 enim‘me
2922 4249 3175 4305 videntes
3212 4248 3272 4303 in
3317 4248 3414 4305 taii
3447 4255 3737 4304 senectute

2152 4350 2277 4399 tuos
2332 4343 2678 4414 viiipcndere
2744 4342 3047 4407 cruciatus,
3113 4340 3401 4396 habebunt
3438 4340 3735 4411 puichrum

475 4431 660 4497 ἕξουσι
707 4436 1106 4508 γενναιότητος,
1123 4441 1217 4493 καὶ
1240 4441 1341 4511 τῆς
1387 4442 1675 4511 μιμήσεως
1713 4442 1812 4496 οὐκ
1836 4443 2045 4497 ἀπολει-

2153 4436 2440 4507 exemplar
2476 4435 2844 4499 fortitudinis,
2884 4448 2990 4490 nec
3035 4433 3211 4488 deerit
3249 4433 3382 4498 illis,
3411 4440 3577 4503 quem
3602 4430 3733 4487 imi-

474 4523 791 4596 φθήσονται.
826 4526 1045 4584 Τούτων
1102 4531 1342 4596 ἀκούσας
1389 4534 1420 4587 ό
1475 4531 1660 4603 ἄρχων
1723 4533 1821 4588 καὶ
1858 4533 1923 4587 τὸ
1953 4534 2050 4589 τοῦ

474 4618 755 4688 μακαρίου
810 4620 1068 4690 γέροντος
1106 4623 1533 4696 ἀκατάπληκτον
1579 4626 1899 4696 ἐκπλαγεὶς,
1941 4628 2051 4682 ύπό

468 4724 632 4762 τινων
688 4709 1157 4785 ὃιαϐασταχθέντα
1222 4714 1457 4780 κελεύει,
1517 4717 1641 4770 επεὶ
1692 4717 1768 4789 μὴ
1809 4716 2050 4788 βαδίζειν

468 4797 702 4869 ἠδύνατο
720 4841 737 4869 ,
761 4802 841 4871 τῷ
864 4804 1228 4877 δεσμωτηρίω
1268 4807 1433 4861 πάλιν
1460 4807 1943 4879 κατακλεισθῆναι.

537 4892 669 4947 KA'.
709 4891 845 4950 Εῐτα
878 4896 1018 4967 πρὸς
1053 4896 1149 4951 τὸν
1183 4901 1455 4969 μακάριον
1475 4900 1791 4971 ἀποϐλέψας
1833 4901 2046 4955 Ἀειθα-

463 4982 586 5048 liv,
625 4986 739 5040 Καὶ
793 4988 883 5054 σὺ,
941 4989 1099 5060 φησὶ,
1146 4992 1246 5061 τῆς
1279 4991 1454 5061 αὐτῆς
1491 4989 1594 5065 ἔχῃ
1636 4992 2050 5064 παραπληξίας,

466 5075 566 5130 καὶ
591 5076 694 5147 τὴν
715 5078 810 5132 τοῦ
829 5082 1092 5150 μεγίστου
1115 5083 1402 5155 φωστῆρος
1425 5084 1711 5148 δια-πτύεις
1731 5086 2048 5157 προσκύνησ-

470 5185 590 5238 σιν;
625 5171 687 5225 ὀ
714 5173 813 5245 τῆς
840 5174 1103 5248 ἀληθείας
1132 5176 1311 5249 κῆρυξ
1336 5179 1717 5251 ἀποκρίνεταιδ
1741 5183 1813 5253 Ζῇ
1840 5182 2050 5253 Κύριος

478 5259 688 5331 ¹ἰηιιοῦς
723 5264 958 5335 Χριστὸς
982 5272 1013 5323 ό
1039 5270 1133 5324 τοῦ
1177 5270 1383 5334 ζῶντος
1412 5273 1552 5327 θεοῦ
1580 5273 1733 5336 Υἱὸς,
1783 5277 1860 5338 είς
1890 5274 1949 5329 ὃν
1983 5276 2048 5329 ἐκ

469 5357 722 5430 νεότητος
754 5360 984 5432 ἡλπισα,
1019 5363 1096 5427 ὡς
1120 5365 1457 5435 ἀμετάθετον
1496 5367 1607 5438 ἔχω
1648 5369 1738 5420 τὸν
1760 5367 2049 5437 λογισμόνο

469 5452 564 5505 καὶ
590 5453 770 5517 οὐδεὶς
806 5457 1128 5524 μεταπείσει
1182 5474 1251 5527 με
1300 5458 1403 5529 τὴν
1429 5460 1525 5513 τοῦ
1563 5458 1700 5512 Θεοῦ
1726 5454 1892 5529 τιμὴν
1934 5461 2050 5523 τοῖς

474 5542 642 5598 αὐτοῦ
672 5544 970 5617 κτίσμασιν
995 5549 1317 5619 ἀπονεῖμαι.
1364 5551 1516 5603 Ἐπεὶ
1540 5547 1748 5603 τούτων
1772 5552 1800 5602 ό
1835 5548 2052 5614 ἀλαζὼν

471 5632 681 5695 ἐκεῖνος
707 5635 802 5688 καὶ
829 5635 1105 5707 βάρϐαρος
1128 5638 1383 5707 ﬁmus-3v,
1410 5638 1695 5707 ἐκδεθῆναι
1716 5639 1829 5692 τῶν
1853 5640 2055 5707 ἀστρα-

468 5723 650 5788 γάλων
696 5728 912 5783 κελεύει
946 5730 1039 5784 τὸν
1075 5731 1254 5799 ὄιγιον,
1306 5731 1385 5801 τῷ
1436 5730 1578 5800 ξύλῳ
1625 5746 1684 5783 τε
1736 5744 2045 5801 προσαναιρε-

468 5814 691 5887 τᾶσθαι,
720 5821 810 5873 καὶ
849 5823 967 5885 ταῖς
1000 5821 1203 5893 βοείαις
1245 5820 1621 5894 μαστίζεσθαι.
1658 5821 1714 5877 '0
1743 5820 1800 5875 δὲ
1840 5819 2046 5891 μεγάλῃ

2152 4538 2359 4587 tentur.
2408 4529 2509 4585 His
2554 4528 2782 4595 auditis,
2816 4541 3021 4599 praises
3072 4526 3217 4582 beati
3271 4526 3423 4582 senis
3478 4524 3737 4582 interrita

2150 4619 2465 4679 constantia
2482 4620 2924 4691 obstupeiactus,
2951 4617 3112 4690 jubet
3138 4627 3417 4689 portatum
3443 4617 3512 4672 ab
3539 4616 3738 4686 aliqui-

2148 4714 2277 4781 bus,
2310 4712 2574 4784 quoniam
2611 4712 2824 4783 ingredi
2852 4726 2962 4767 non
3002 4718 3243 4783 poterat,
3282 4722 3478 4764 rursus
3522 4705 3744 4763 includi

2148 4809 2205 4864 in
2243 4820 2489 4864 carcere.
3250 4812 3255 4821 ³

2219 4899 2410 4957 XXIV.
2438 4898 2650 4956 Deinde
2695 4898 2970 4970 aspiciens
3011 4897 3079 4952 ad
3133 4896 3356 4951 beatum
3382 4891 3723 4949 Eitiralam:

2151 4994 2304 5049 Tene
2318 5008 2561 5063 quoque,
2578 4993 2781 5063 inquit,
2800 4992 3004 5047 invasit
3024 4989 3167 5044 idem
3194 4996 3407 5057 stupor,
3425 4993 3481 5041 et
3505 4985 3732 5039 maximi

2148 5085 2438 5141 tuminaris
2472 5098 2697 5141 recusas
2726 5081 3149 5139 adorationem?
3184 5078 3501 5148 Respondet
3551 5092 3733 5146 praeco

2146 5178 2440 5236 veritatis:
2487 5178 2638 5234 Vivit
2675 5176 2940 5233 Dominus
2971 5174 3130 5229 Jesus
3163 5170 3442 5233 Christus,
3479 5170 3589 5223 vivi
3632 5169 3728 5225 Dei

2148 5269 2340 5332 Filius,
2370 5269 2426 5323 in
2458 5281 2625 5339 quem
2650 5265 2866 5334 speravi
2893 5280 2921 5319 a
2949 5264 3262 5333 iuventute,
3289 5259 3437 5330 quod
3473 5260 3730 5314 immuta-

2149 5362 2313 5417 bilem
2347 5360 2524 5416 habeo
2556 5359 2948 5429 coglt‘utioncm
2977 5372 2991 5410 :
3027 5368 3131 5410 nec
3160 5353 3292 5408 mihi
3325 5353 3473 5408 ullus
3501 5366 3730 5420 persna-

2150 5454 2306 5517 serit,
2331 5462 2394 5506 ut
2414 5453 2510 5507 Dei
2533 5452 2799 5506 honorem
2818 5450 3061 5503 tribuam
3080 5447 3247 5502 rebus
3274 5447 3343 5500 ab
3369 5446 3487 5515 ipso
3506 5443 3727 5499 creatis.

2151 5550 2444 5618 Postquam
2487 5547 2605 5600 haec
2646 5544 2860 5599 audivit
2905 5542 2995 5597 ille
3023 5542 3298 5612 superbus
3328 5548 3385 5595 et
3433 5538 3747 5606 barbarus,-

2149 5639 2309 5711 jubet
2356 5644 2608 5692 sanctum
2638 5635 2853 5706 alligari
2889 5634 3037 5697 talis,
3073 5642 3130 5688 et
3174 5633 3322 5703 ligno
3346 5630 3602 5702 appendi.
3637 5630 3732 5685 ille

2154 5734 2337 5779 autem
2362 5738 2556 5795 magna
2586 5738 2723 5780 voce
2745 5723 3078 5795 praedicabat
3101 5738 3158 5778 se
3183 5736 3304 5778 esse
3328 5720 3728 5778 Christianum.

2156 5817 2324 5891 Magis
2356 5826 2474 5876 erat
2520 5816 2768 5877 defessus
2797 5816 2989 5896 ﬂagris.
3015 5816 3276 5874 credendo
3311 5816 3531 5888 impius,
3566 5831 3732 5888 quam
