4128 6384
404 323 514 390 855

1631 319 2011 384 ΑΟΒΕΝΟΑ.
2049 345 2127 358 ---
2157 321 2505 384 Ανιιιιιεε.

3563 317 3677 383 856

406 448 634 497 sanctus
670 434 879 508 aliquid
927 434 1252 505 loqueretur
1281 434 1576 492 remissum
1608 443 1666 492 et
1696 425 1982 506 indignum

2088 435 2152 506 τῇ
2185 437 2338 506 ςωνῇ
2361 433 2698 506 Χριστιανὸν·
2715 431 2905 488 ἑαυτὸν
2932 429 3321 502 ἀνεκήρυττινι
3345 429 3672 501 ’Δξπειρὴκει

407 545 474 583 ca
521 545 643 598 quae
683 542 784 597 pro
835 525 1057 582 Christo
1097 533 1184 583 est
1241 525 1602 590 ostendenda,
1637 525 1986 582 fortitudine.

379 623 575 686 _Juhet
624 635 758 690 ergo
806 635 934 675 eum
985 619 1056 675 de
1110 619 1262 690 ligno
1309 617 1535 689 deponi,
1587 627 1644 676 et
1694 619 1815 690 ejus
1867 618 1990 673 loco

406 715 597 770 induci
623 714 1010 780 Manichaeum,
1030 714 1124 784 qui
1148 727 1337 769 coram
1367 723 1606 785 martyre
1623 722 1811 784 aperte
1834 727 1990 767 suam

402 809 684 877 alnjuraret
722 807 1071 877 religionem.
1100 804 1312 860 .iubens
1336 819 1470 875 ergo
1509 814 1771 875 torquere
1817 803 1992 858 Mani-

401 899 638 962 chaeum,
672 898 912 969 cogebat.
929 898 999 952 ad
1039 898 1382 968 negandum.
1409 897 1504 952 llie
1531 908 1718 952 autem
1749 895 1989 966 primum

403 992 628 1060 quidem
681 991 996 1057 resistebat,
1045 998 1108 1045 et
1154 990 1424 1047 adversus
1468 991 1653 1062 plagas
1697 987 1992 1044 videbatur

400 1082 713 1138 decertare.
757 1082 896 1139 Cum
932 1092 1117 1139 autem
1149 1083 1710 1138 violentiusverbera
1755 1081 1996 1137 intenta-

399 1183 548 1234 rent.
586 1174 682 1244 qui
733 1173 1107 1244 ﬂagellabant,
1151 1185 1206 1233 et
1247 1191 1375 1232 eum
1427 1178 1601 1247 plagae
1627 1177 1992 1233 vehementer

401 1277 683 1338 urgerent,
717 1268 898 1324 victus
931 1285 973 1323 a.
996 1270 1307 1333 doloribus,
1348 1271 1536 1326 statim
1589 1271 1990 1338 inﬁciabatur;

400 1361 479 1416 et,
532 1355 842 1411 Anathema
873 1357 1074 1412 Maneti
1125 1365 1190 1412 et
1235 1358 1358 1428 ejus
1391 1360 1768 1430 dogmatibus,
1803 1360 1996 1415 excla-

403 1443 613 1499 mabat.
662 1445 916 1502 Ail‘erunt
952 1447 1140 1518 itaque
1175 1448 1244 1504 ad
1287 1465 1414 1504 eum
1449 1449 1765 1516 formicam,
1794 1450 1998 1521 juben-

401 1541 486 1590 tcs
516 1534 860 1592 interficere.
913 1538 1010 1594 ille
1041 1548 1229 1594 autem
1278 1556 1402 1596 eam
1445 1543 1632 1596 statim
1679 1542 1900 1612 accepit
1928 1554 1986 1599 et

2091 527 2376 598 μαστίξων
2431 525 2463 580 ό
2519 525 2726 596 ἀσεϐὴς
2771 524 2972 596 μᾶλλον
3018 523 3050 596 ἢ
3103 525 3133 578 ὁ
3180 522 3338 593 ἀγιος
3380 522 3674 593 ὑφειμένον

2087 638 2141 675 τι
2173 621 2473 691 φθέγγεται
2495 621 2590 674 καὶ
2617 619 2721 689 τῆς
2752 618 2892 690 ὑπὲρ
2929 617 3168 689 Χριστοῦ
3219 614 3517 687 καρτερίας
3543 615 3674 668 άνάο

2091 714 2228 779 ξιον.
2263 712 2498 768 Κελεύει
2547 709 2842 783 τοιγαροῦν
2891 709 2989 764 τοῦ
3044 709 3208 775 ξύλου
3260 707 3674 778 κατενεχθῆναι,

2089 807 2185 860 καί
2219 823 2342 861 τινα
2370 806 2674 875 Μανιχαῖον
2721 803 2813 859 ἐπ’
2853 803 3079 866 ἀτόποις
3109 804 3251 856 τισὶν
3287 801 3484 856 ἁλόντα
3505 801 3587 863 είς
3619 799 3678 852 τὺ

2093 897 2263 967 μέσον
2311 895 2570 967 ἀχθῆναι,
2595 895 2712 962 καὶ,
2738 895 2903 966 Ὅρα,
2959 895 3097 965 φησὶ
3134 894 3213 964 τῷ
3261 894 3522 963 μάρτυρι,
3578 889 3676 959 τὴν

2091 990 2302 1045 οἰκείαν
2351 988 2520 1044 αὐτὸν
2571 989 2872 1060 θρησκείαν
2919 986 3236 1059 περιφανῶς
3288 984 3672 1054 ὲεομνύμενον.

2095 1080 2422 1146 Αίκίζεσθαι
2457 1076 2553 1134 οὖν
2585 1078 2887 1152 ἐπιτρέψας
2913 1079 3006 1133 τὸν
3041 1078 3347 1148 Μανιχαῖον
3395 1074 3676 1145 ἠνάγκαζε

2097 1175 2234 1244 πρδς
2261 1173 2362 1243 τὴν
2396 1174 2651 1246 ἄρνησιν.
2709 1173 2773 1228 'O
2816 1173 2878 1227 δὲ
2917 1172 3200 1243 ἀντείχετο
3225 1171 3326 1242 μὲν
3355 1168 3424 1223 τὰ
3452 1167 3676 1238 πρῶτα,

2096 1267 2190 1321 καὶ
2232 1267 2372 1337 πρὸς
2419 1265 2521 1329 τὰς
2559 1263 2778 1335 πληγὰς
2823 1261 2987 1335 ἐῴκει
3033 1258 3475 1330 διαγωνίζεσθαι.
3521 1256 3679 1311 Ἐπεὶ

2092 1357 2148 1410 δὲ
2185 1355 2490 1427 βιαιότερον
2527 1356 2578 1409 oi
2616 1353 2977 1426 μαστίζοντες
3015 1351 3348 1415 ἐπετίθεντο,
3383 1348 3479 1404 καὶ
3527 1348 3680 1417 ισχυ-

2099 1449 2209 1520 ρῶς
2242 1449 2408 1505 αὑτοῦ
2442 1447 2733 1502 καθίκοντο
2770 1448 2828 1501 ai
2875 1445 3105 1517 πληγαὶ,
3142 1442 3398 1515 ἡττηθεὶς
3427 1441 3539 1494 τῶν
3574 1440 3676 1493 πό-

2096 1561 2204 1598 νων
2235 1542 2457 1614 ἔξαρνος
2491 1541 2660 1606 εὐθὺς.
2688 1541 2919 1610 γίνεται,
2965 1538 3088 1603 καὶ,
3130 1536 3410 1606 Ἀνάθεμα
3438 1533 3675 1588 Μάνεντι

399 1627 697 1682 interfecit.
730 1629 962 1699 Propter
993 1631 1142 1702 quod
1169 1643 1395 1689 sanctus
1423 1634 1616 1690 laetitia
1646 1634 1907 1702 diffusus,
1938 1645 1984 1691 el

2099 1630 2191 1685 καὶ
2221 1633 2335 1695 τοῖς
2371 1629 2538 1686 αὑτοῦ
2567 1631 2852 1701 δόγμασιν,
2908 1629 3122 1696 ἐξεϐόα.
3168 1627 3282 1681 Καὶ
3335 1625 3472 1696 δῆτα
3503 1639 3674 1694 προσ-

397 1718 469 1773 ob
504 1718 581 1786 id,
625 1719 774 1789 quod
815 1720 1020 1777 factum
1057 1722 1259 1786 fuerat,
1313 1725 1507 1780 ridens
1539 1726 1945 1796 propemodum
1980 1728 1995 1766 ε

2096 1725 2324 1795 άγουσιν
2359 1723 2510 1793 αύτῷ
2547 1722 2818 1794 μύρμηκα
2865 1721 3313 1791 προστάσσοντες
3347 1718 3575 1773 ἀνελεῖν.
3613 1716 3673 1769 '0

398 1809 600 1866 Gravia
629 1788 847 1882 passus,
881 1813 1083 1884 inquit,
1120 1815 1326 1872 defecit
1357 1788 1618 1873 adorator
1643 1788 1903 1886 bianetis,
1935 1828 1984 1875 et

2091 1788 2157 1871 δὲ.
2193 1788 2856 1886 ἀπέκτεινε-παραγρῆμα
2893 1788 3098 1869 λαϐὼν.
3157 1812 3276 1882 Ἐφ’
3303 1804 3348 1880 ᾧ
3394 1809 3674 1880 διαχυθεὶς

397 1902 604 1956 caedem
639 1903 836 1960 fecisse
871 1915 955 1961 est
1001 1908 1307 1973 convictus,
1355 1918 1419 1964 ut
1463 1912 1556 1980 qui
1604 1912 1778 1967 Deum
1831 1927 1991 1968 suum

397 1995 702 2053 interemit.
737 1999 850 2069 Ego
897 2009 1086 2055 autem
1135 2003 1408 2073 meipsum
1437 2003 1659 2060 beatum
1708 2006 1989 2072 existimo,

396 2098 460 2142 ut
481 2088 709 2152 Paulus.
729 2091 876 2161 quod
894 2091 1102 2148 Christi
1121 2095 1326 2149 virtute
1351 2105 1542 2165 aperte
1567 2097 1988 2165 corroboratus,

395 2182 496 2249 qui
551 2181 730 2237 dixit:
777 2201 795 2235 ι
835 2184 949 2252 Ego
1003 2185 1112 2240 vici
1147 2187 1440 2254 mundum,
1479 2207 1505 2240 ιι
1534 2203 1804 2246 conservo
1825 2190 1992 2261 spiri-

396 2281 514 2330 tum
542 2284 600 2332 et
631 2275 876 2330 animum
913 2276 1207 2332 invictum.

468 2541 635 2599 XXV.
655 2544 887 2616 Propter
907 2547 1024 2605 btec
1045 2548 1128 2604 ira
1153 2551 1642 2621 repietusinsanus
1661 2555 1852 2627 judex,
1880 2556 1992 2628 spi-

394 2636 549 2692 nosis
587 2637 716 2692 mali
749 2639 985 2695 Persicas
1025 2641 1198 2712 virgis
1215 2643 1376 2714 jubet
1404 2654 1654 2700 sanctum
1680 2648 1986 2704 verberari.

395 2728 574 2800 Plaga:
614 2739 801 2786 autem
829 2731 910 2788 sic
957 2748 1085 2788 eum
1117 2735 1499 2803 confecerunt,
1532 2747 1592 2793 ut
1631 2755 1805 2810 prope
1836 2751 1986 2796 esset

397 2831 605 2892 mutus,
633 2834 697 2881 et.
749 2841 856 2882 nec
890 2827 1127 2884 sentiret
1159 2829 1382 2900 quidem
1411 2833 1643 2889 verbera
1675 2850 1796 2904 quae
1841 2835 1990 2890 iniii-

396 2915 688 2988 gcbantur.
750 2916 1123 2986 Quamobrem
1183 2938 1310 2978 cum
1344 2940 1472 2980 eum
1508 2927 1828 2992 traxissent,
1861 2937 1982 2982 tan-

395 3021 562 3077 quam
590 3009 701 3080 jam
733 3024 1041 3079 mortuum,
1071 3014 1221 3071 foras
1243 3017 1495 3088 ejiciunt.
1529 3018 1763 3085 Quidam
1795 3029 1982 3075 autem

2091 1911 2119 1963 ὁ
2149 1910 2304 1978 ἅγιος
2332 1908 2429 1964 καὶ
2453 1902 2565 1962 οἷον
2593 1907 2930 1975 ἐπιγελάσας
2964 1905 3044 1976 τῷ
3078 1906 3381 1975 γενομένῳ.
3409 1903 3672 1957 Τεταλαι-

2093 2001 2368 2074 πώρηται,
2401 2001 2527 2071 ἔφη,
2564 2001 2594 2054 δ
2617 1999 2711 2056 τοῦ
2742 1999 3022 2062 Μάνεντυς
3049 1997 3476 2067 λατρευτὴς,καὶ
3511 1994 3670 2064 φόνου

2089 2094 2235 2148 ἑάλω
2263 2096 2354 2149 τὸν
2394 2091 2591 2148 ἑαυτοῦ
2613 2093 2747 2148 Θεὸν
2800 2089 3032 2147 ἀνελών.
3098 2089 3242 2158 Ἐγὼ
3283 2088 3342 2142 δὲ
3400 2087 3672 2165 μακάριον

2090 2185 2333 2258 ἐμαυτὸν
2365 2187 2584 2258 ἥγημαι
2615 2185 2758 2240 κατά
2786 2182 3130 2249 Παῦλον,’,ὃτι
3151 2179 3390 2253 Χριστοῦ
3421 2181 3487 2251 τῇ
3517 2178 3672 2231 δυνά-

2090 2296 2182 2350 μει
2219 2277 2537 2349 περιφανῶς
2571 2274 3004 2347 κραταιούμενσς
3030 2273 3127 2328 τοῦ
3160 2274 3427 2334 εἰπόντος,
3467 2289 3488 2322 ‹
3524 2268 3669 2338 Ἐγὼ

2087 2372 2352 2441 νενίκηκα
2407 2371 2498 2424 τὸν
2547 2370 2774 2440 κόσμον,
2814 2387 2832 2419 ι
2869 2366 3140 2440 ἀήττητόν
3177 2383 3279 2437 μου
3313 2364 3374 2417 τὸ
3411 2364 3676 2434 φρόνημα(

2092 2482 2256 2534 συντη
2265 2465 2365 2534 ρῶ.

2159 2557 2290 2612 KE’.
2327 2556 2517 2627 Θυμοῦ
2569 2556 2881 2628 πληρωθεὶς
2929 2554 3023 2610 ἐπὶ
3075 2552 3252 2622 τούτῳ
3285 2551 3313 2604 δ
3345 2549 3663 2621 παράφορος

2084 2649 2346 2722 δικαστὴς
2411 2649 2631 2720 ῥάϐδοις
2703 2649 2845 2720 ῥοῶν
2903 2645 3380 2714 ἑξηκανθωμέναις
3435 2641 3664 2694 τύπτειν

2081 2743 2410 2814 προστάττει
2438 2741 2534 2796 τὸν
2561 2741 2738 2810 ἆγιον.
2764 2739 2923 2795 Οὕτω
2952 2739 3011 2793 δὲ
3036 2738 3473 2808 κατειργάσαντο
3503 2733 3664 2788 αὐτὸν

2080 2838 2137 2891 αί
2170 2834 2374 2905 πληγαὶ
2401 2835 2478 2898 ὼς
2507 2835 2605 2888 καὶ
2631 2832 2847 2902 ἄφωνον
2879 2830 3070 2902 σχεδὸν
3094 2828 3370 2899 γενέσθαι,
3403 2829 3500 2882 καὶ
3531 2825 3664 2897 μηδὲ

2079 2931 2188 2986 τῶν
2235 2929 2518 3000 ἐπιφανῶν
2571 2925 3002 2982 ὲπαισθάνεσθαι
3037 2939 3052 2955 ⁸
3108 2923 3235 2978 ὅθεν
3292 2923 3387 2977 καὶ
3441 2921 3518 2986 ὼς
3561 2920 3678 2990 ἠδη-

2079 3025 2381 3096 τεθνηκότα
2412 3024 2681 3097 σύραντες
2711 3020 2816 3088 ἔξω
2848 3019 3155 3090 ῥίπτουσιν.
3205 3013 3302 3082 Εἷς
3332 3017 3389 3070 δὲ
3419 3015 3527 3069 τῶν
3556 3015 3662 3084 μά-

395 3115 462 3156 ex
485 3102 686 3171 magis,
711 3117 836 3159 cum
869 3104 1013 3161 forte
1041 3106 1175 3162 illud
1200 3123 1402 3179 corpus
1434 3111 1667 3168 vidisset
1687 3113 1978 3180 nudatum,

2084 3131 2198 3184 γων
2219 3115 2281 3168 τὸ
2311 3113 2641 3186 καρτερικὸν
2675 3113 2855 3166 ἐκεῖνο
2885 3111 3046 3180 σῶμα
3073 3109 3360 3181 γυμνωθὲν
3385 3107 3659 3200 θεασάμεο

395 3201 453 3249 et
490 3203 700 3250 natura:
737 3197 1206 3267 contemplatione
1252 3209 1439 3258 motus
1485 3213 1644 3259 esset
1666 3205 1980 3261 misericor-

396 3286 509 3352 dia,
543 3303 726 3357 pauno
767 3304 895 3345 eum
949 3291 1150 3361 operit.
1201 3292 1305 3359 Qui
1337 3311 1470 3351 vero
1523 3306 1683 3351 erant
1707 3299 1978 3370 ejusdem,

397 3379 555 3451 cujus
617 3381 763 3450 ipse,
821 3382 1148 3454 religionis,
1202 3400 1328 3440 cum
1385 3389 1771 3458 aspexissent,
1831 3391 1977 3460 quod

398 3472 467 3527 ab
491 3487 556 3528 eo
585 3472 791 3529 factum
835 3475 1043 3542 fuerat,
1090 3477 1460 3534 criminantur
1486 3495 1613 3535 eum
1645 3481 1792 3552 apud
1842 3499 1982 3552 prae.

402 3567 749 3640 sidem:qui
807 3584 935 3626 eum
1000 3574 1216 3630 acerbis
1274 3577 1460 3631 statim
1512 3577 1675 3634 caedit
1722 3579 1978 3650 ﬂagellis,

400 3671 457 3718 ct
513 3662 585 3716 ab
640 3663 1178 3724 immisericordibus
1235 3683 1358 3724 eam
1409 3670 1615 3740 accipit
1667 3676 1980 3730 mercedem

402 3751 814 3812 misericordia.
877 3755 1110 3811 Beatum
1173 3768 1360 3814 autem
1436 3760 1733 3817 Eithalam
1797 3764 1981 3822 adhuc

402 3848 708 3919 spirantem
732 3848 970 3904 tradunt
1004 3849 1060 3905 in
1105 3852 1436 3909 custodiam.
1480 3853 1618 3911 Cum
1659 3872 1794 3912 vero
1823 3873 1979 3914 acce-

403 3943 576 4013 pisset
599 3943 792 4014 judex,
836 3944 1141 4000 maximum
1175 3947 1470 4016 quemdam
1521 3949 1834 4019 praesidem,
1886 3969 1985 4008 no-

404 4035 552 4090 mine
577 4035 894 4104 Saborium,
943 4037 1158 4110 in—ejus
1179 4037 1367 4095 vinum
1409 4039 1726 4108 advenisse,
1759 4045 1856 4114 qui
1887 4061 1985 4115 ap—

403 4127 720 4198 pellabatur
743 4127 1082 4197 Macellaria,
1111 4131 1168 4186 ei
1235 4141 1546 4205 martyrum
1578 4135 1805 4191 mandat
1855 4151 1989 4194 exa»

405 4220 806 4277 minationem..
843 4221 941 4277 ille
1001 4231 1217 4292 autem,
1277 4240 1389 4282 non
1449 4226 1635 4282 minus
1666 4226 1872 4299 impius
1926 4238 1984 4286 et

403 4329 581 4370 saevus
613 4329 780 4384 quam
808 4315 1210 4384 praecedentes,
1251 4317 1530 4388 aspiciens
1573 4318 1641 4373 ad
1697 4329 1922 4376 sanctos
1962 4337 1979 4377 :

2082 3227 2193 3272 νος.
2226 3209 2321 3262 καί
2366 3225 2420 3262 τι
2469 3205 2854 3277 φιλάνθρωπον
2904 3202 3096 3257 παθὼν
3151 3202 3288 3273 πρὸς
3331 3200 3430 3271 τὴν
3470 3199 3671 3268 φύσιν..

2083 3303 2242 3375 ῥάκει
2279 3299 2441 3354 τοῦτο
2501 3299 2790 3354 καλύπτει.
2885 3297 2949 3352 Oi
3004 3294 3062 3349 δὲ
3103 3296 3204 3364 τῆς
3245 3294 3416 3363 αὐτῆς
3460 3291 3672 3359 ἐκείνῳ-

2082 3394 2383 3466 θρησκείας
2414 3392 2478 3446 τδ
2510 3390 2734 3462 γεγονὸς
2769 3389 3098 3459 θεασάμενοι
3123 3385 3510 3442 διαϐάλλουσιν
3557 3383 3657 3436 αύ-

2079 3488 2172 3542 τδν
2241 3485 2375 3556 πρὸς
2429 3485 2521 3537 τὸν
2579 3484 2842 3554 ἄρχοντα,
2891 3482 2988 3535 καὶ
3036 3478 3377 3551 παραχρῆμα
3425 3478 3658 3545 πικραῖς

2082 3578 2355 3642 αἰκίζεται
2389 3575 2632 3647 μάστιξι,
2656 3574 2753 3630 καὶ
2778 3573 2973 3645 μισθὸν
3001 3571 3162 3626 τοῦτο
3177 3570 3277 3638 τῆς
3311 3566 3658 3639 συμπαθείας

2081 3670 2236 3739 παρὰ
2265 3668 2376 3722 τῶν
2407 3667 2526 3721 λίαν
2554 3665 2895 3736 ἀσυμπαθῶν
2920 3665 3158 3736 δέχεται.
3202 3663 3308 3715 Τὸν
3341 3660 3525 3730 μέντοι
3553 3675 3659 3728 μα-

2083 3762 2276 3832 κάριον
2336 3757 2622 3812 Ἀειθαλᾶν
2678 3757 2984 3827 ἐμπνέοντα
3037 3755 3124 3808 ἔτι
3171 3754 3250 3825 τῷ
3297 3751 3658 3823 δεσμωτηρίῳ

2085 3850 2463 3922 παραδιδοῦσι.
2485 3847 2694 3904 Μαθὼν
2709 3849 2767 3902 δέ
2794 3865 2918 3904 τινα
2947 3849 2982 3902 ό
3001 3845 3265 3918 δικαστὴς
3289 3845 3525 3916 ἀρχοντα
3546 3844 3669 3897 τῶν

2085 3945 2364 4017 μεγίστων
2396 3943 2679 4014 Σαϐὠριον
2701 3938 2946 4011 τοῦνομα
2979 3942 3048 4012 τῇ
3077 3939 3243 3994 αὐτοῦ
3282 3939 3447 4011 κώμῃ
3475 3938 3656 3992 ἔπιδε.

2079 4037 2408 4109 δημηκέναι,
2439 4033 2804 4105 Μακελλαρία
2841 4031 2982 4102 αῦτη
3033 4033 3256 4102 ἐλέγετο
3289 4029 3654 4103 φερωνύμως,

2077 4127 2254 4199 τούτῳ
2281 4127 2382 4198 τὴν
2406 4125 2516 4180 τῶν
2550 4123 2849 4196 μαρτύρων
2877 4123 3126 4188 ἐξέτασιν
3157 4123 3466 4193 ἐπιτρέπει.
3507 4122 3568 4174 '0
3599 4121 3658 4174 δὲ

2079 4226 2194 4287 τοῖς
2216 4218 2584 4294 προλαϐοῦσιν
2613 4219 2817 4290 δμοίως
2844 4218 2986 4290 ἔχων
3007 4217 3265 4282 ἀσεϐείας
3289 4217 3381 4271 καὶ
3397 4216 3658 4287 ἀγριότη-

2076 4333 2189 4381 τος,
2219 4313 2533 4384 ἀποϐλέψας
2583 4313 2722 4384 πρὸς
2753 4312 2882 4376 τοὺς
2929 4312 3142 4381 ἁγίους,
3173 4312 3285 4366 Καὶ
3313 4309 3413 4383 τὴν
3461 4309 3659 4364 πολιὰν

402 4405 678 4472 Vestram,
722 4406 925 4478 inquit,
960 4409 1537 4478 reverituscanitiem,
1571 4419 1628 4467 et
1656 4424 1854 4470 vestrae
1877 4415 1984 4470 mi-

2085 4407 2259 4479 ὑμῶν,
2291 4403 2467 4472 εἶπεν,
2485 4405 2635 4459 αίδού
2644 4422 2805 4475 μενος
2835 4405 3044 4474 καὶτῆς
3057 4402 3437 4474 ταλαιπωρίας
3456 4401 3656 4456 οἰκτεί-

403 4507 590 4553 sertus
622 4497 960 4565 aictionis,
985 4499 1196 4556 suadeo
1218 4510 1280 4556 ut
1307 4502 1480 4558 solem
1515 4503 1780 4572 adoretis,
1809 4515 1870 4562 et
1886 4522 1982 4578 gu-

403 4590 566 4646 stetis
597 4591 926 4663 sanguinem
956 4591 1382 4661 sacriﬁciorum,
1421 4604 1482 4650 ut
1512 4606 1752 4652 a-morte
1781 4598 1980 4654 acerba

401 4679 645 4746 liberati,
714 4680 979 4736 omnibus
1017 4681 1322 4753 jucundam
1375 4683 1543 4739 vitam
1594 4685 1982 4745 lucrifaciatis.

400 4771 591 4844 Sancti
619 4779 807 4829 autem
861 4781 1122 4844 tanquam
1156 4789 1269 4831 uno
1301 4790 1399 4832 ore
1427 4775 1692 4832 dixerunt
1731 4795 1747 4834 :
1787 4778 1984 4834 Carui-

399 4866 558 4923 voris
613 4866 850 4923 canibus
896 4883 1021 4924 mos
1075 4875 1162 4925 est
1210 4869 1538 4941 sanguinem
1587 4879 1835 4942 gustare,
1867 4889 1979 4931 non

399 4956 745 5015 hominibus.
778 4957 905 5015 Tibi
931 4974 1068 5016 vero
1089 4963 1290 5032 potius
1305 4964 1571 5019 convenit
1595 4965 1665 5020 iis
1689 4966 1977 5034 exsatiari,

400 5050 494 5119 qui
527 5066 591 5106 es
616 5050 795 5108 instar
817 5052 975 5109 canis
1008 5053 1286 5120 rabiosus,
1311 5065 1370 5112 et
1398 5056 1594 5123 latras,
1624 5067 1683 5114 et
1725 5057 1981 5116 ederaris

399 5141 457 5196 in
495 5157 622 5195 eum
654 5141 749 5212 qui
785 5151 838 5198 te
868 5142 1021 5200 fecit.

472 5233 664 5290 XXVI.
717 5235 1017 5305 Postquam
1062 5247 1247 5294 autem
1291 5240 1454 5311 jussit
1508 5251 1732 5299 sanctos
1793 5243 1989 5314 ﬂagris-

401 5323 562 5388 θεαί.
603 5339 797 5380 eorum
859 5326 1239 5382 misericordia
1295 5330 1453 5397 moti,
1503 5331 1599 5401 qui
1649 5333 1978 5387 circumsta-

403 5414 541 5471 bant
574 5432 588 5468 :
628 5415 986 5483 Decoctione,
1021 5418 1306 5486 dicebant,
1334 5429 1550 5493 gustata
1581 5423 1704 5478 loco
1754 5424 1976 5495 sangui-

401 5507 514 5570 nis,
545 5507 871 5572 servemini,
901 5517 958 5562 et
982 5509 1296 5567 liberemini
1321 5514 1391 5568 ab
1429 5514 1497 5569 iis
1529 5530 1653 5584 quae
1687 5516 1844 5571 vobis
1875 5521 1977 5573 im-

406 5599 646 5662 minent,
673 5600 982 5670 suppliciis.
1011 5603 1095 5658 illi
1140 5619 1274 5660 vero
1314 5609 1722 5676 responderunt
1749 5627 1764 5663 :
1795 5611 1975 5677 Absit,

407 5700 471 5746 ut
498 5693 581 5745 vel
613 5700 800 5758 gustu,
828 5691 913 5746 vel
943 5693 1057 5748 ullo
1099 5696 1208 5749 alio
1241 5697 1406 5751 modo
1434 5698 1794 5768 inquinemus
1823 5704 1976 5773 puri-

405 5789 570 5841 tatem
604 5792 803 5840 nostrze
830 5782 978 5850 fidei,
1017 5793 1071 5840 et
1103 5785 1246 5842 hanc
1279 5786 1580 5856 longaevam
1639 5801 1974 5850 senectutem

2082 4518 2190 4573 ρων
2238 4499 2384 4570 ὑμᾶς
2417 4498 2674 4569 παραινῶ
2703 4495 3085 4568 προσκυνῆσαι
3141 4494 3278 4565 ἡλίῳ
3308 4494 3406 4548 καὶ
3448 4491 3544 4546 τοῦ
3593 4493 3658 4544 ἐκ

2077 4591 2189 4646 τῶν
2220 4590 2423 4646 θυσιῶν
2451 4590 2684 4662 αἵματος
2708 4587 3124 4658 ἀπογεύσασθαι
3152 4588 3239 4641 ίνα
3262 4585 3464 4657 πικροῦ
3485 4584 3657 4638 θανά-

2078 4700 2173 4739 του
2200 4682 2495 4756 ῥυσθέντες
2527 4682 2627 4751 τὴν
2664 4681 2924 4751 γλυκεῖαν
2954 4681 3094 4734 πᾶσι
3142 4675 3292 4750 ζωὴν
3327 4676 3653 4749 κερδήσητε.

2079 4776 2143 4829 Oi
2173 4775 2321 4843 ἅγιοι
2353 4773 2430 4836 ὡς
2459 4773 2667 4840 ἐξὲνὸς
2700 4772 2968 4842 στόματος
2990 4771 3127 4844 πρὸς
3154 4771 3340 4835 αὐτὸν,
3363 4769 3492 4832 Τοῖς
3520 4785 3658 4836 σαρθ

2080 4865 2352 4937 κοϐόροις,
2370 4860 2548 4930 εἷπον,
2565 4864 2796 4918 εἴθισται
2828 4863 3232 4935 κυσὶναῖματος
3259 4861 3654 4930 ἀπογεύεσθαι,

2077 4957 2179 5014 οὐκ
2204 4956 2536 5028 ἀνθρώποις.
2566 4955 2660 5010 Σοὶ
2681 4956 2737 5010 δὲ
2774 4957 2978 5026 μᾶλλον
2997 4955 3364 5027 ἐμφορεῖσθαι
3397 4953 3656 5008 τοιούτων

2077 5050 2353 5122 προσήκει
2383 5048 2547 5112 κυνὸς
2579 5048 2758 5119 ἔχοντι
2787 5049 3015 5112 λύσσαν,
3043 5048 3257 5104 καὶτοῦ
3288 5047 3667 5118 πεποιηκότος-

2079 5139 2517 5196 καθυλακτοῦντι
2553 5143 2646 5195 καὶ
2681 5141 3044 5214 ἁγριαίνοντι.

2151 5233 2299 5304 Kq’.
2336 5235 2425 5299 Ὧς
2453 5233 2522 5288 δὲη
2561 5234 2660 5287 καὶ
2712 5232 3070 5305 μαστίζεσθαι
3120 5233 3250 5299 τοὺς
3298 5233 3490 5303 ἁγίους
3535 5233 3658 5288 ὲκὲ-

2078 5336 2256 5394 λευεν,
2295 5327 2446 5380 ἔλεον
2477 5326 2640 5398 δῆθεν
2680 5327 2861 5381 αὐτῶν
2898 5328 2949 5380 oi
2984 5329 3410 5400 περιεστηκότες
3436 5328 3655 5396 λαμϐά-

2074 5437 2280 5484 νοντες,
2333 5418 2669 5488 Ἐψήματος,
2711 5417 2919 5485 ἔλεγον,
2955 5421 3076 5473 ἀντὶ
3119 5420 3349 5490 αἵματος
3399 5400 3666 5473 necf-ro.

2074 5515 2339 5571 λανθάνον
2371 5512 2810 5582 ἀπογευσάμενοι
2843 5510 3079 5583 σώθητε,
3125 5515 3220 5569 καὶ
3261 5514 3371 5568 τῶν
3405 5515 3652 5585 ἐπηρτη-

2078 5606 2254 5677 μένων
2304 5602 2660 5671 ἀπαλλάγητε
2711 5603 3017 5674 τιμωριῶν.
3074 5604 3138 5658 Οί
3171 5604 3250 5669 δὲ,
3303 5604 3389 5676 Μὴ
3441 5607 3652 5674 γένοιτο

2073 5702 2229 5770 ἡμῖν,
2287 5697 2678 5769 ἀπεκρίναντο,
2738 5697 2877 5768 μήτε
2929 5699 3173 5770 σχήματι
3212 5700 3350 5770 μήτε
3379 5699 3563 5763 ἄλλως
3591 5701 3652 5752 τὸ

2090 5790 2327 5863 καθαρὸν
2364 5788 2714 5861 ἐπηλυγάσαι
2746 5789 2843 5861 τῆς
2874 5789 3030 5862 ἡμῶν
3063 5791 3298 5856 πίστεως
3325 5793 3418 5848 καὶ
3444 5795 3500 5849 τὸ
3542 5813 3640 5850 πο-
