4142 6384
371 357 479 423 857

1219 354 1630 414 (ΣΕΒΤΑΜΕΝ
1674 354 1738 414 S.
1793 352 2199 416 ACEPSIMAZ
2241 356 2340 418 ET
2377 359 2787 424 SOCIOBUM.

3535 364 3644 428 εςε

368 466 660 540 λυχρόνιον
687 461 851 518 τοῦτο
880 479 1246 536 καταισχυναι
1272 465 1472 536 γῆρας.
1517 465 1578 519 '0
1620 466 1677 519 δὲ
1717 464 1962 527 ποικίλος

2064 464 2338 524 dedecore
2395 467 2722 526 alﬁ‘ciamus.
2765 473 3035 528 Versutus
3087 481 3266 527 autem
3309 472 3396 528 ille
3447 489 3648 542 praeses

373 561 564 630 ἄρχων
590 559 803 620 ἐκεῖνος
831 556 928 610 καὶ
967 555 1164 626 κομιδῆ
1214 559 1472 627 πονηρὸς,
1535 558 1680 612 ‘AD.’
1707 558 1757 612 el
1793 558 1963 628 κρέας

378 654 532 721 ὑμῖν,
568 649 701 719 ἔφη,
749 647 996 718 καθαρὸν
1038 648 1311 720 ἐνεχθείη,
1351 649 1473 703 οὐδὲ
1502 653 1692 704 τούτου
1725 650 1792 704 ἂν
1825 651 1964 705 ἀπο-

376 741 698 810 γεύσοισθες
735 741 801 794 Oi
836 739 984 810 ἅγιοι
1014 736 1171 793 εἷπον
1190 756 1205 772 ο
1255 741 1343 806 Ἐξ
1365 743 1680 812 ἀκαθάρτου
1708 741 1764 796 τί
1787 743 1964 798 καθα-

378 834 498 905 ρὸν,
528 834 622 887 καὶ
665 834 730 887 ὲκ
766 833 966 904 χειρῶν
1003 832 1114 886 σῶν
1150 832 1262 888 τῶν
1297 835 1729 906 μεμολυσμένων
1753 837 1807 890 τί
1835 853 1965 892 ποτε

376 927 444 981 ἂν
478 928 784 998 ἀμόλυντον
832 923 910 1002 ᾖς
965 926 1163 982 Πασῶν
1209 926 1390 981 τοίνυν
1421 928 1532 981 τῶν
1578 930 1837 983 τοιούτων
1884 945 1965 982 σοι

382 1016 645 1087 μηχανῶν
665 1016 938 1085 ἀφέμενος
967 1019 1192 1086 ταχεῖαν
1215 1015 1318 1085 τὴν
1357 1017 1484 1071 καθ’
1509 1018 1667 1088 ήμῶν
1690 1020 1970 1088 ἀπόφασιν

377 1108 701 1176 ἐπενεγκεῖν
744 1107 1152 1178 προθυμήθητι·
1175 1100 1300 1179 είκῆ
1329 1109 1441 1179 γὰρ
1474 1111 1695 1180 κοπιᾷς,
1719 1113 1798 1173 είς
1828 1113 1963 1182 ἀέρα

377 1200 552 1270 δέρων
579 1200 675 1253 καὶ
704 1201 880 1254 παίων
909 1201 1141 1271 ἀμαθῶς
1167 1201 1258 1255 τον
1295 1202 1611 1272 ἀδάμαντα.
1643 1204 1815 1274 Κοινῆ
1849 1221 1963 1258 τοι-

380 1293 591 1364 γαροῦν
639 1293 777 1362 μετά
808 1292 919 1347 τῶν
964 1294 1396 1365 συνεδρευόντων
1433 1298 1866 1368 διασκεψάμενοι
1903 1316 1966 1353 τε

381 1385 478 1459 καὶ
504 1383 879 1454 ψηφισάμενοι
900 1401 960 1455 χε
968 1385 1058 1456 pol
1071 1387 1420 1456 Χριστιανῶν
1440 1391 1568 1453 τοὺς
1593 1391 1781 1458 ἁγίους
1797 1407 1966 1445 κατα-

377 1475 678 1546 λευσθῆναι
709 1477 911 1546 πλῆθος
956 1478 1304 1545 Χριστιανῶν
1360 1481 1804 1551 συναθροίζουσι,
1852 1483 1972 1553 μεθ’

2063 566 2122 613 et
2151 558 2459 615 admodum
2508 561 2688 617 malus
2721 579 2738 617 :
2787 564 2856 618 At
2887 564 2933 619 si
2968 565 3035 620 ad
3071 580 3190 631 vos,
3256 565 3454 636 inquit,
3509 581 3647 633 pura

2063 665 2194 706 caro
2226 651 2395 706 fuerit
2431 654 2618 718 allata,
2648 671 2720 712 ne
2743 672 2864 711 eam
2901 657 3125 727 quidem
3158 659 3649 730 gustabitis?San-

2065 744 2136 798 cti
2170 743 2430 800 dixerunt
2460 763 2476 799 :
2509 749 2586 802 Ex
2613 748 2899 803 immundo
2948 750 3213 819 quidnam
3267 752 3560 810 mmdum.
3590 762 3648 805 et

2064 847 2130 886 ex
2166 833 2400 902 pollutis
2431 836 2540 890 tuis
2574 838 2833 893 manibus
2867 839 3128 908 quidnam
3177 839 3347 894 fuerit
3396 841 3650 910 impallui-

2070 924 2525 981 tum?0umibus
2553 943 2688 997 ergo
2723 929 2906 984 missis
2944 929 3029 984 his
3078 931 3190 984 tuis
3223 931 3646 985 machinationi-

2069 1015 2196 1082 bus,
2235 1016 2291 1070 in
2314 1030 2416 1072 nos
2442 1018 2578 1073 velis
2607 1021 2716 1076 cito
2747 1022 3002 1091 proferre
3032 1022 3390 1076 sententiam.
3421 1023 3645 1078 Frustra

2070 1109 2221 1163 enim
2271 1109 2494 1166 laboras
2536 1127 2720 1168 aerem
2770 1113 3090 1175 verberans,
3144 1123 3200 1168 et
3232 1129 3329 1182 per
3365 1113 3644 1169 inscitiam

2062 1215 2194 1255 eum
2233 1201 2482 1272 pulsans,
2532 1204 2626 1272 qui
2673 1219 2786 1258 non
2820 1213 3000 1273 potest
3050 1205 3285 1259 domari.
3331 1203 3468 1259 Cum
3519 1221 3648 1274 ergo

2065 1295 2438 1351 communiter
2458 1311 2584 1350 cum
2607 1296 2676 1352 iis
2694 1297 2789 1366 qui
2805 1296 3184 1360 considebant,
3212 1296 3644 1362 consultassent,

2059 1396 2117 1444 et
2149 1389 2412 1444 tulissent
2459 1390 2818 1454 sententiam,
2857 1398 2918 1444 ut
2968 1390 3147 1444 sancti
3207 1388 3646 1444 Christianorum

2073 1478 2332 1534 manibus
2375 1479 2751 1535 obruerentur
2779 1479 3075 1549 lapidibus,
3109 1489 3444 1550 congregant
3486 1479 3648 1534 Chri-
3694 1495 3698 1542 λ

376 1559 454 1621 ὧν
505 1567 600 1620 καὶ
648 1567 750 1638 τὴν
798 1567 1110 1641 θαυμασίαν
1155 1571 1458 1627 κατέλαϐον
1497 1573 1816 1630 Ἰσδανδούλ.
1865 1575 1976 1638 Καὶ

2073 1570 2384 1628 etianorum
2419 1572 2858 1636 multitudinem,
2890 1587 3015 1626 cum
3049 1571 3253 1642 quibus
3281 1571 3648 1640 comprehen-

377 1661 516 1731 δῆτα
545 1661 640 1716 τὸν
699 1664 973 1733 μακάριον
1015 1666 1216 1738 Ἰωσὴφ
1268 1668 1429 1724 πάλιν
1478 1667 1972 1736 διαϐαστάσαντες,

2071 1663 2277 1719 derunt
2304 1665 2470 1718 etiam
2499 1664 2884 1720 admirabilem
2916 1665 3067 1720 illam
3115 1663 3406 1728 lsdandul;
3439 1672 3493 1717 et
3519 1679 3644 1716 cum

375 1755 457 1817 εἰς
488 1753 550 1807 τδ
579 1756 863 1827 κριτήριον
899 1759 1232 1829 παριστῶσι.
1286 1759 1455 1814 Νεύει
1507 1760 1602 1814 οὖν
1629 1761 1708 1831 τῷ
1733 1763 1974 1831 ἡγεμόνι

2071 1755 2291 1811 beatum
2332 1755 2535 1826 Ioseph
2567 1771 2765 1810 rursus
2813 1763 3218 1825 exportassent,
3270 1756 3477 1810 sistunt
3517 1769 3645 1808 eum

374 1846 406 1898 6
436 1842 591 1913 ἆγιος
619 1845 760 1916 πρὸς
812 1847 976 1900 αὐτὸν
1008 1849 1227 1916 ἐγγίσαι
1272 1849 1344 1914 ὥς
1390 1867 1445 1903 τι
1493 1851 1605 1904 τῶν
1635 1853 1968 1924 ἀπορρήτων

2073 1850 2127 1904 ἱιι
2157 1849 2437 1918 praetorio.
2479 1848 2714 1904 Sanctus
2748 1858 2932 1903 autem
2977 1848 3172 1902 annuit
3204 1847 3445 1917 praesidi,
3481 1856 3544 1900 ut
3578 1849 3644 1898 ad

374 1937 756 2008 ἀκουσομένῳ.
815 1939 923 1993 Τοῦ
983 1939 1042 1994 δὲ
1100 1942 1305 2006 εὐθέως
1363 1947 1813 2016 παραγενομένου
1869 1949 1966 2002 καὶ

2069 1956 2130 1997 se
2153 1941 2389 1997 accedat
2446 1942 2698 2012 propius,
2732 1949 2794 1995 ut
2834 1941 2928 2010 qui
2965 1955 3228 1995 arcanum
3259 1940 3468 2008 aliquid
3499 1947 3648 1992 esset

373 2027 802 2100 πλησιάσαντος,
829 2030 1011 2086 σιέλου
1037 2032 1097 2086 τὸ
1127 2035 1304 2106 στόμα
1335 2035 1631 2107 πληρώσας
1662 2037 1692 2091 ό
1714 2019 1967 2110 μάρτυς,

2062 2033 2134 2089 ab
2180 2049 2247 2088 eo
2280 2033 2600 2088 auditurus.
2635 2032 2774 2089 Cum
2812 2033 2859 2087 is
2893 2046 3027 2086 vero
3085 2031 3271 2084 statim
3323 2029 3648 2083 accessisset

370 2120 470 2175 τοῦ
500 2121 700 2193 μιαροῦ
729 2123 941 2178 ἐκείνου
968 2125 1274 2181 καταπτύει
1299 2130 1616 2199 προσώπου,
1638 2132 1752 2185 Οὐκ
1777 2132 1969 2204 αἰσχύ-

2063 2125 2312 2194 propius,
2355 2135 2564 2196 martyr
2614 2140 2678 2180 os
2716 2125 2952 2194 implens
3003 2123 3197 2187 saliva,
3243 2121 3644 2176 exsecrandum

374 2229 481 2277 νει,
519 2213 787 2281 ἐπειπὼν,
826 2215 1205 2283 ἀναιδέστατε,
1236 2221 1442 2290 ἀγρίως
1472 2220 1616 2275 οὕτω
1642 2222 1738 2276 καὶ
1764 2223 1967 2294 δυσμε-

2061 2219 2215 2274 illum
2249 2219 2460 2274 vultum
2493 2219 2788 2288 conspuit,
2828 2226 2884 2272 et
2918 2233 2932 2270 :
2974 2217 3094 2271 Non
3123 2223 3176 2270 te
3208 2215 3399 2284 pudet,
3441 2213 3641 2282 inquit,

373 2304 487 2368 νῶς
516 2306 660 2359 κατὰ
693 2306 791 2376 τῆς
824 2309 1013 2378 κοινῆς
1045 2313 1252 2382 ταύτης
1301 2314 1716 2385 νεανιευόμενος
1747 2315 1965 2384 φύσεως

2063 2327 2096 2368 o
2128 2311 2628 2381 impudentissime,
2665 2319 2774 2363 tam
2803 2307 3122 2361 immaniter
3139 2315 3195 2361 et
3225 2317 3332 2360 tam
3365 2305 3646 2358 hostiliter

373 2394 471 2447 καὶ
518 2395 680 2466 σῶμα
736 2398 839 2468 ήδη
903 2403 1316 2472 νενεκρωμένον
1375 2399 1534 2467 αὖθις
1593 2407 1674 2468 εἰς
1716 2405 1963 2471 ἐξέτασιν

2064 2405 2119 2460 in
2153 2404 2295 2458 hanc
2325 2416 2678 2458 communem
2713 2400 2982 2456 insultare
3045 2409 3324 2463 naturam,
3358 2406 3414 2452 et
3444 2413 3647 2466 corpus

374 2485 574 2554 ἀγῶνι
604 2486 662 2539 Ὀ
718 2487 784 2541 δὲΔ
831 2490 928 2542 καὶ
977 2491 1128 2563 παρὰ
1166 2491 1276 2545 τῶν
1327 2495 1764 2564 συνεδρευόντων
1795 2496 1966 2552 πολλὰ

2060 2499 2172 2570 jam
2209 2507 2388 2553 morte
2421 2496 2705 2560 aﬂ'ectum,
2736 2510 2932 2551 rursus
2975 2493 3289 2564 producere
3320 2493 3389 2546 ad
3436 2492 3646 2546 exami-

371 2580 474 2649 τῆς
507 2585 774 2652 περιττῆς
820 2583 1027 2654 ταύτης
1076 2583 1362 2655 ὠμότητος
1404 2587 1836 2652 κατονειδισθεὶς
1871 2604 1968 2661 και

2065 2591 2386 2648 nationem?
2416 2591 2512 2645 Ille
2541 2599 2726 2645 autem
2760 2589 2828 2644 ab
2863 2588 2930 2642 iis
2978 2601 3226 2658 quoque,
3263 2585 3358 2655 qui
3391 2585 3642 2639 conside~

372 2673 589 2740 γέλωτα
622 2675 745 2729 οὐδὲ
793 2677 916 2730 ὅσον
971 2679 1148 2730 εἰπεῖν
1202 2678 1446 2748 όφλήσας
1492 2679 1630 2749 πρὸς
1677 2680 1778 2749 τὴν
1827 2679 1965 2734 ίδίαν

2065 2683 2222 2746 bant,
2269 2692 2498 2754 propter
2533 2683 2676 2736 hanc
2710 2680 2936 2735 nimiam
2979 2679 3368 2734 crudelitatem
3422 2677 3643 2747 probris

372 2763 536 2818 πάλιν
569 2765 840 2838 καθέδραν
869 2768 1205 2841 ὑποστρέφει
1238 2773 1720 2843 κατῃσχυμμένος.

445 2947 576 3002 ΚΖ’.
605 2947 707 3000 Τὸν
739 2948 796 3002 δὲ
826 2949 982 3018 ἅγιον
1014 2952 1352 3024 πορρωτέρω
1399 2971 1510 3009 που.
1557 2955 1973 3027 διαστήσαντες·

373 3043 470 3095 καὶ
498 3041 674 3094 ὀπίσω
694 3041 771 3096 τὼ
790 3045 939 3115 χεῖρε
965 3043 1139 3116 δεσμή
1149 3062 1340 3110 σαντες
1360 3047 1556 3119 βόθρον
1574 3049 1722 3121 αὐτῷ
1738 3050 1956 3121 διορύσ-

376 3147 554 3197 σουσι,
582 3133 679 3186 καὶ
708 3133 968 3198 καθέντες
1003 3136 1202 3206 μέχρις
1231 3137 1432 3205 ὀσφύος
1471 3139 1638 3193 αὑτὸν
1674 3140 1951 3211 χωννύουο

2063 2777 2317 2840 allectus,
2342 2785 2398 2831 et
2434 2775 2749 2831 mirandum
2794 2773 2850 2830 in
2883 2771 3107 2826 modum
3144 2770 3359 2834 irrisus,
3392 2769 3456 2822 ad
3486 2784 3640 2823 suam

2067 2871 2388 2928 cathedram
2424 2871 2572 2925 redit
2601 2869 2817 2939 pudore
2851 2867 3105 2922 aﬂ‘ectus.

2133 2962 2351 3020 XXVII.
2395 2961 2532 3018 Cum
2575 2970 2756 3017 autem
2795 2969 3049 3016 sanctum
3111 2957 3278 3027 paulo
3315 2957 3530 3024 longius
3561 2956 3643 3010 di-

2055 3056 2379 3121 movissent,
2422 3063 2479 3109 et
2511 3069 2710 3110 manus
2751 3066 2895 3123 pone
2932 3049 3263 3112 vinxissent,
3331 3048 3533 3102 fossam
3585 3050 3637 3102 ei

2055 3149 2295 3213 fodiunt,
2325 3158 2380 3203 et
2406 3163 2532 3203 eum
2563 3147 2631 3202 ad
2661 3147 2884 3201 lumbos
2919 3159 3094 3214 usque
3136 3141 3463 3202 demissum,
3496 3141 3639 3194 info-

373 3241 480 3279 σιν.
522 3220 658 3280 Εἶτα
684 3225 812 3290 τοὺς
867 3226 1274 3299 συλληφθέντας
1320 3232 1650 3302 περιιστῶσι
1684 3233 1952 3305 Χριστια-

2061 3242 2242 3296 diunt.
2275 3240 2484 3296 Deinde
2529 3238 2969 3308 comprehensos
3013 3234 3434 3290 circumsistunt
3482 3231 3639 3286 Chri-

375 3317 523 3382 νοὺς,
584 3319 684 3373 κα)⁸
737 3319 994 3382 παίοντες
1055 3321 1272 3389 βάλλειν
1331 3322 1423 3376 τὸν
1472 3323 1718 3394 ἀοίδιμον
1777 3326 1950 3391 λίθοις

371 3410 768 3466 διεκελεύοντο.
806 3411 945 3466 Μεθ’
982 3407 1058 3468 ὧν
1108 3416 1203 3468 καὶ
1231 3414 1332 3486 τὴν
1371 3416 1525 3486 ίερὰν
1560 3418 1858 3472 Ἶσδανδοὺλ
1890 3421 1962 3475 τὰ

368 3505 532 3572 ὅμοια
581 3507 756 3559 ποιεῖν
787 3505 1143 3576 ἐπειγόντων,
1184 3508 1395 3580 εκείνη,
1433 3510 1567 3565 ’Δπδ
1596 3511 1692 3565 τοῦ
1732 3513 1955 3579 αἰῶνος,

368 3594 500 3666 εφη,
517 3597 670 3650 οὐδὲν
699 3599 964 3670 ἦκουσται
984 3600 1250 3668 τοιοῦτον,
1270 3601 1412 3656 ὥστε
1447 3605 1683 3671 γυναῖκα
1707 3604 1830 3658 κατ’
1869 3608 1964 3660 dv-

366 3689 688 3760 δρῶνὸσίων
719 3693 877 3761 χεῖρα
895 3693 1161 3747 ἐκτείνειν
1204 3695 1744 3764 καταναγκάζεσθαι.
1772 3695 1965 3768 ῶσπερ

365 3780 463 3835 νῦν
500 3780 659 3852 ὑμεῖς
706 3785 934 3850 ποιεῖτε,
970 3784 1345 3856 ἀποσχόμενοι
1402 3786 1504 3856 μὶν
1533 3786 1632 3840 τοῦ
1668 3789 1811 3840 κατὰ
1851 3788 1963 3842 τῶν

367 3873 588 3944 ιχθρῶν
632 3875 1001 3942 ἀγωνίζεσθαι
1030 3877 1156 3931 καθ’
1199 3878 1358 3949 ἡμῶν
1404 3879 1650 3948 αἴροντες
1680 3880 1823 3933 ὅπλα
1866 3881 1961 3934 καὶ

368 3967 472 4040 τὴν
508 3969 748 4042 πατρίδα
792 3971 1020 4042 εἰρήνην
1052 3970 1294 4040 ἄγουσαν
1328 3971 1579 4040 αἱμάτων
1611 3972 1704 4024 καὶ
1733 3972 1960 4039 σφαγῶν

367 4063 777 4134 ιμπιπλῶντες.
813 4064 965 4118 om
989 4063 1276 4118 ὀϐελίσκον
1297 4065 1493 4135 μακρῷ
1519 4065 1751 4134 καλάμῳ
1775 4081 1955 4132 παρα-

371 4154 758 4227 δωμήσαντες
791 4159 1005 4210 κεντεῖν
1055 4156 1204 4227 αύτῷ
1246 4157 1338 4210 τὸν
1370 4156 1526 4226 ἅγιον
1561 4155 1952 4211 διεκελεύοντο.

368 4247 641 4317 Κάκείνη,
669 4248 762 4316 Μὴ
786 4247 1000 4316 γένοιτό
1033 4265 1148 4317 μοι,
1192 4248 1320 4318 ἔφη,
1352 4248 1550 4318 δρᾶσαι
1579 4247 1844 4301 τοιοῦτον
1875 4247 1952 4310 ὠς

365 4339 545 4408 εγωγε
582 4339 750 4409 ἡδέως
781 4339 848 4392 ἂν
881 4339 1147 4410 πρότερον
1171 4342 1246 4410 τῇ
1271 4341 1377 4410 ἐμῇ
1411 4339 1612 4410 καρδίᾳ
1658 4338 1818 4391 τοῦτο
1864 4341 1958 4392 ὲκο

369 4432 790 4503 καταπλήξαιμι
829 4430 863 4502 ἢ
912 4433 1051 4500 πρὸς
1096 4433 1273 4504 βραχὺ
1309 4435 1402 4488 τοῦ
1453 4435 1612 4502 ἁγίου
1660 4434 1728 4488 δι’
1784 4433 1953 4488 αὐτοῦ

367 4524 567 4595 ψαύσω
597 4525 870 4595 σώματος.
896 4524 1082 4589 Οὕτως
1103 4527 1135 4596 ή
1158 4526 1257 4596 μὲν
1280 4526 1542 4597 ἀνδρικὴν
1567 4526 1953 4597 έπιδειξαμένη

1977 3283 2024 3345 C

2059 3335 2290 3399 stianos,
2315 3341 2373 3387 et
2403 3333 2705 3401 pulsantes,
2747 3330 2946 3401 jubent
2989 3343 3086 3383 eos
3135 3326 3338 3381 virum'
3373 3325 3636 3395 inclytum

2061 3434 2328 3497 appetere
2357 3424 2656 3495 lapidibus.
2685 3423 2823 3479 Cum
2843 3421 3049 3493 quibus
3074 3428 3483 3476 sacrosanctam
3508 3433 3638 3486 quo-

2059 3536 2171 3590 que
2203 3518 2488 3584 lsdandul,
2523 3525 2586 3571 ut
2615 3515 2817 3572 similia
2847 3515 3073 3580 faceret,
3096 3511 3444 3582 urgentibus,
3500 3507 3638 3562 dixit

2057 3613 2194 3667 illa:
2225 3609 2376 3665 Nihil
2406 3625 2648 3679 unquam
2682 3623 2713 3663 a
2749 3606 2951 3662 saeculo
2982 3605 3087 3659 tale
3123 3604 3226 3658 fuit
3259 3603 3528 3665 auditum,
3580 3611 3638 3654 ut

2061 3712 2291 3772 cogatur
2322 3701 2529 3756 femina
2570 3699 2868 3755 extendere
2909 3711 3133 3752 manum
3169 3695 3439 3749 adversus
3487 3694 3638 3747 viros

2062 3800 2305 3855 sanctos,
2341 3789 2620 3860 quomodo
2652 3803 2753 3843 vos
2782 3803 2932 3842 nunc
2976 3786 3178 3851 facitis,
3233 3785 3327 3854 qui
3372 3785 3637 3838 adversus

2059 3882 2316 3938 inimicos
2339 3881 2560 3951 quidem
2586 3895 2697 3934 non
2725 3879 3046 3942 decertatis,
3076 3879 3128 3931 in
3150 3892 3252 3930 nos
3282 3883 3464 3928 autem
3485 3889 3635 3926 arma

2061 3975 2275 4038 tollitis,
2309 3981 2366 4027 et
2397 3973 2655 4042 patriam,
2685 3986 2807 4040 quae
2837 3970 2987 4040 degit
3017 3967 3073 4022 in
3106 3983 3259 4036 pace,
3289 3967 3554 4035 sanguine
3579 3975 3638 4017 et

2058 4067 2210 4123 caede
2265 4065 2530 4134 impletis.
2561 4063 2643 4119 Illi
2673 4078 2806 4118 vero
2864 4061 3106 4116 obelisco
3157 4060 3334 4128 longae
3377 4057 3634 4112 arundini

2057 4161 2302 4231 alligato,
2330 4173 2397 4213 eo
2428 4165 2678 4213 sanctum
2719 4169 2968 4224 pungere
3017 4151 3382 4222 imperabant.
3411 4150 3506 4204 llla
3535 4165 3636 4204 au-

2060 4263 2169 4308 tem
2202 4268 2216 4304 :
2251 4249 2426 4315 Absit,
2463 4245 2664 4318 inquit.
2697 4255 2758 4301 ut
2786 4260 2888 4314 ego
2935 4243 2990 4299 id
3026 4242 3246 4298 faciam.
3281 4242 3418 4297 Nam
3447 4255 3551 4311 ego
3579 4239 3636 4295 id

2060 4343 2219 4411 prius
2251 4341 2490 4396 libenter
2515 4338 2671 4394 cordi
2701 4352 2830 4392 meo
2857 4335 3102 4400 aliisero,
3129 4349 3293 4404 quam
3322 4349 3422 4404 per
3452 4333 3639 4403 ipsum

2059 4443 2313 4489 sanctum
2335 4445 2540 4503 corpus
2562 4429 2647 4485 vel
2668 4427 2956 4483 minimum
2975 4427 3263 4497 attingam.
3285 4425 3378 4481 Sic
3401 4423 3492 4478 illa
3517 4424 3633 4492 qui-

2059 4525 2184 4581 dem
2215 4525 2432 4580 virilem
2455 4521 2760 4578 ostendens
2785 4518 3178 4583 constantiam,
3213 4526 3512 4587 conspecta
3547 4525 3637 4570 est

369 4617 467 4689 τὴν
495 4618 773 4682 ἔνστασιν,
797 4618 1064 4688 κρείττων
1090 4617 1191 4688 τῆς
1215 4617 1461 4681 ἐπινοίας
1483 4617 1640 4688 ὤφθη
1661 4617 1770 4670 τῶν
1805 4635 1955 4687 μιαι-

2059 4617 2340 4688 potentior
2367 4632 2532 4686 quam
2562 4613 2872 4684 cogitaraut
2894 4610 3206 4682 parricidae.
3241 4609 3508 4665 Sanctum
3540 4623 3627 4662 au-

370 4713 567 4780 φόνων·
595 4712 688 4766 τὸν
715 4712 773 4766 δὲ
800 4711 957 4781 ἅγιον
983 4711 1277 4774 τοσαύταις
1299 4711 1489 4780 νιφάσι
1515 4710 1682 4765 λίθων
1713 4710 1951 4780 συνέχω-

371 4824 472 4862 σαν
493 4805 569 4869 ὡς
588 4806 760 4877 μόνην
791 4805 1024 4878 ὁρᾶσθαι
1055 4806 1157 4876 τὴν
1191 4805 1464 4876 κεφαλὴν,
1498 4804 1592 4858 τοῦ
1623 4803 1815 4858 λοιποῦ
1844 4802 1950 4856 ai»

373 4916 544 4972 ματος
566 4902 634 4971 τῇ
673 4899 878 4970 σωρεία
912 4898 1022 4952 τῶν
1055 4897 1219 4952 λίθων
1244 4898 1725 4968 συγκεχωσμένου.
1755 4893 1859 4948 Ἦν
1885 4895 1949 4966 δή

369 5010 455 5058 τις
488 4992 601 5047 τῶν
631 4991 847 5048 ἀσεϐῶν
877 4992 1158 5064 ἀρχόντων
1187 4993 1269 5046 ἔτι
1323 4990 1654 5062 κινουμένην
1686 4990 1954 5061 ἑωρακὼς

370 5088 456 5140 ἐνὶ
491 5085 614 5140 τῶν
647 5085 861 5156 δημίων
900 5085 1113 5140 κελεύει
1157 5085 1499 5158 χειροπληθῆ
1543 5084 1690 5139 λίθον
1733 5083 1957 5137 λαϐόντι

365 5182 579 5239 ἀνωθεν
609 5182 748 5252 αὐτῇ
772 5183 1090 5252 ἐπαφεῖναι·
1115 5177 1180 5236 οὗ
1206 5181 1272 5254 δὴ
1304 5181 1599 5251 γενομένου
1629 5180 1725 5234 καὶ
1756 5179 1836 5250 τῷ
1857 5175 1952 5232 τοῦ

366 5275 534 5331 λίθου-
562 5277 722 5348 βάρει
757 5277 945 5330 τέλεον
976 5275 1152 5348 αὐτῆς
1195 5274 1603 5346 συντριϐείσης,
1622 5271 1723 5345 τὴν
1758 5273 1952 5344 τιμίαν

367 5370 552 5441 ψυχὴν
574 5372 604 5424 ό
638 5372 908 5441 μακάριος
939 5369 1017 5441 τῷ
1041 5368 1266 5441 Χριστῷ
1291 5367 1648 5438 παρατίθησι.
1685 5365 1953 5418 Φυλάκων

363 5463 548 5518 τοίνυν
576 5466 927 5528 έπιστασίαις
956 5463 1020 5518 τδ
1053 5461 1350 5533 πολύτιμον
1374 5462 1554 5515 έκεῖνο
1582 5458 1750 5530 σῶμα
1771 5455 1951 5512 καθά-

366 5570 476 5622 περ
506 5552 780 5625 θησαυρός
809 5570 894 5618 τις
923 5552 1293 5622 συνετηρεϊτο.
1329 5548 1513 5622 Τριῶν
1539 5547 1598 5601 δὲ
1623 5544 1949 5600 διελθουσῶν

362 5648 592 5719 ἡμερῶν
607 5649 700 5702 καὶ
730 5647 998 5718 τετάρτης
1021 5648 1126 5717 ήδη
1157 5642 1696 5711 ἐπικαταλαϐούσης,
1725 5639 1950 5709 σεισμὸς

366 5735 542 5806 μέγας
578 5731 688 5799 οἷος
725 5737 818 5790 καὶ
852 5736 1083 5805 φοϐερὸς
1127 5736 1358 5805 γίνεται·
1388 5730 1493 5786 εἷθ’
1521 5730 1696 5793 οὕτως
1738 5731 1942 5800 ἀστρα-

363 5829 482 5884 κῶν
514 5828 964 5900 ὑποφαινομένων
1001 5829 1240 5899 βροντῶν
1264 5846 1318 5882 τε
1343 5825 1615 5896 μεγίστων
1639 5823 1942 5891 ἐπικαταρ-

2064 4721 2174 4768 tem
2205 4719 2313 4765 tam
2355 4709 2568 4764 crebris
2626 4707 2872 4777 lapidum
2933 4703 3174 4771 nivibus}
3201 4703 3528 4765 obruerunt,
3579 4710 3639 4754 ut

2061 4811 2392 4859 cerneretur
2449 4800 2630 4856 solum
2659 4807 2847 4869 caput,
2895 4798 3114 4868 reliquo
3151 4809 3386 4865 corpore
3431 4791 3636 4847 obruto

2057 4896 2303 4968 lapidum
2329 4895 2607 4965 congerie.
2625 4891 2782 4960 Quod
2813 4891 3039 4962 quidem
3069 4897 3236 4960 caput
3257 4902 3382 4944 cum
3411 4885 3636 4956 quidam

2055 5004 2125 5045 ex
2156 4986 2342 5057 impiis
2374 4984 2723 5056 principibus
2745 4983 2976 5038 vidisset
3003 4981 3188 5037 adhuc
3216 4976 3452 5042 moveri,
3473 4975 3634 5048 jubet

2055 5078 2154 5134 uni
2184 5093 2253 5134 ex
2284 5075 2594 5142 lictoribus,
2620 5081 2682 5129 ut
2713 5085 2942 5144 accepto
2971 5071 3176 5142 lapide,
3227 5076 3496 5140 quantum
3528 5081 3633 5137 po-

2055 5177 2202 5224 terat
2236 5181 2434 5222 manus
2454 5154 2674 5236 capere,
2695 5164 2752 5219 in
2770 5164 2825 5220 id
2851 5164 3092 5233 desuper
3107 5160 3453 5216 immitteret.
3474 5156 3630 5224 Quod

2055 5262 2280 5334 quidem
2310 5276 2434 5316 cum
2459 5259 2665 5316 factum
2689 5265 2862 5318 esset,
2881 5263 2938 5310 et
2967 5254 3212 5325 pondere
3239 5252 3440 5322 lapidis
3464 5257 3631 5320 caput

2053 5362 2202 5412 esset
2247 5353 2574 5416 contritum,
2623 5349 2820 5404 beatus
2858 5343 3080 5401 Christo
3109 5342 3278 5398 tradit
3329 5340 3636 5412 pretiosam.

2057 5447 2323 5502 animam.
2355 5447 2534 5514 Atque
2566 5441 2946 5497 venerandum
2985 5436 3209 5505 quidem
3242 5434 3373 5490 illud
3401 5447 3626 5503 corpus,

2053 5537 2322 5593 adhibitis
2351 5533 2702 5599 custodibus,
2729 5529 3168 5588 conservabatur
3201 5538 3461 5596 tanquam
3507 5526 3634 5582 the-

2053 5643 2256 5686 saurus
2286 5625 2511 5696 aliquis.
2534 5626 2673 5681 Cum
2710 5632 2823 5679 tres
2845 5633 3030 5678 autem
3057 5621 3176 5677 dies
3206 5619 3635 5690 praeteriissent,

2054 5731 2110 5778 et
2122 5723 2237 5793 jam
2264 5719 2577 5775 advenisset
2599 5725 2852 5788 quartus,
2881 5714 3093 5771 exstitit
3118 5729 3348 5784 magnus
3371 5721 3428 5768 et
3462 5710 3634 5764 terri...

2053 5815 2180 5874 bilis
2213 5823 2372 5871 terrae
2403 5820 2606 5869 motus.
2645 5809 2853 5868 Deinde
2875 5824 2998 5866 cum
3037 5808 3117 5866 sic
3153 5817 3484 5879 apparerent
3516 5803 3640 5858 iul:—

3700 1279 3718 1338 ί
