4142 6384
513 299 623 365 859

1689 291 2068 358 ADDENDA.
2106 320 2178 331 —
2215 296 2548 361 APRILlS.

3679 305 3784 372 860

509 418 675 485 gnra,
717 419 774 467 et
805 409 1040 465 maxima
1096 406 1340 464 tonitrua
1396 423 1524 464 cum
1574 409 1656 464 eis
1701 419 2093 479 erumperent,

2204 409 2566 480 ῥηγνυμένων
2592 408 2786 473 αὐταῖς
2821 409 2934 479 πῦρ
2978 408 3275 481 οὐρανόθεν
3305 413 3630 485 κατενεχθὲν
3656 418 3796 472 ἀπο-

509 504 652 575 ignis
679 518 710 556 e
743 503 886 557 cmlo
916 501 1192 556 demissus
1219 500 1482 556 custodes
1522 501 1750 572 quidem
1801 501 2006 572 redigit
2036 501 2093 556 in

401 621 404 624 ·
510 597 754 650 cinerem
779 634 794 658 ,
829 593 1072 663 lapidum
1108 610 1238 648 vero
1267 596 1583 665 congeriem
1614 595 1802 651 educit
1832 605 2095 666 tanquam

508 685 817 754 pulverem,
859 684 970 738 Deo
1008 687 1268 740 omnibus
1292 685 1561 740 reddente
1591 687 1946 741 manifestum
1991 687 2095 741 ho-

508 793 700 831 norem
741 777 795 830 in
832 788 1170 848 martyrem;
1225 794 1431 846 corpus
1462 789 1648 833 autem
1690 795 1799 834 non
1834 788 2090 849 apparet,

513 886 610 925 seu
646 869 793 939 quod
828 870 974 922 Deus
1008 871 1367 939 providisset,
1407 881 1468 924 ut
1499 873 1550 925 id
1576 872 1981 928 transferretur
2027 873 2097 928 iis

513 979 655 1032 quos
687 962 803 1030 ipse
829 963 1004 1027 novit,
1037 964 1237 1029 modis,
1272 979 1370 1019 seu
1409 965 1557 1035 quod
1590 965 1878 1019 hominum
1902 980 2101 1020 manus

511 1051 565 1104 id
595 1051 973 1104 sustulissent.

584 1142 824 1199 XXVIII.
859 1142 1250 1198 Venerandum
1303 1150 1490 1198 autem
1535 1141 1836 1197 Eithalam
1879 1159 2005 1199 cum
2041 1144 2097 1201 in

510 1235 719 1297 vicum,
756 1235 849 1302 qui
881 1235 1085 1290 dicitur
1143 1235 1378 1300 Patrias,
1414 1234 1797 1300 abduxissent,
1853 1236 2100 1292 efﬁciunt

509 1340 567 1383 ut
595 1328 1040 1382 Christianorum
1090 1329 1348 1384 manibus
1382 1328 1498 1398 ipse
1538 1343 1761 1399 quoque
1823 1329 2096 1385 obruatur

510 1421 812 1489 lapidibus.
871 1420 1042 1490 Cujus
1084 1436 1289 1491 corpus
1339 1423 1593 1477 monachi
1649 1423 1872 1491 quidam
1919 1425 2092 1481 exiis

509 1510 600 1580 qui
629 1510 741 1564 illic
777 1510 1126 1576 habitabant,
1163 1522 1331 1566 noctu
1367 1511 1747 1578 advenientes,
1802 1512 2090 1568 inscienti-

510 1602 616 1656 bus
647 1602 977 1657 custodibus
1014 1603 1069 1656 id
1101 1603 1385 1668 auferunt,
1424 1619 1618 1659 revera
1659 1603 1871 1659 furtum
1895 1604 2094 1660 lauda-

509 1695 620 1750 bile
654 1695 954 1760 facientes,
977 1703 1034 1749 et
1080 1712 1193 1750 rem
1227 1697 1350 1751 luce
1383 1697 1626 1761 dignam,
1662 1712 1774 1751 non
1826 1696 2092 1753 tenebris.

2203 502 2400 572 τεφροῖ
2442 500 2546 571 μὲν
2574 503 2704 562 τοὺς
2759 501 3034 570 φύλακας,
3071 500 3166 555 τδν
3194 502 3370 572 σωρδν
3403 504 3459 557 δέ
3487 506 3597 559 τῶν
3625 507 3792 564 λίθων

2201 586 2292 647 οἷά
2337 609 2463 648 τινα
2504 592 2636 664 χοῦν
2673 593 2902 664 ἐκφορεῖ
2945 594 3044 663 τὴν
3092 594 3189 648 ἐπὶ⁸
3237 594 3317 664 τῷ
3352 597 3589 668 μάρτυρι
3625 602 3793 669 τιμὴν

2201 687 2297 738 τοῦ
2331 685 2468 739 Θεοῦ
2507 686 2754 755 φανερὰν
2810 687 2945 739 πᾶσι
2984 685 3375 749 καθιστῶντος·
3430 687 3489 742 τὸ
3523 690 3684 759 σῶμα
3735 693 3792 748 δί

2189 778 2414 847 ’ἀφανὲς
2438 778 2676 846 γίνεται,
2709 778 2818 830 εἴτε
2844 778 2938 830 τοῦ
2967 777 3103 832 Θεοῦ
3131 775 3288 832 τοῦτό
3317 776 3398 844 οἷς
3428 776 3536 834 οἶδε
3569 784 3791 852 τρόποις

2207 869 2528 941 μεταθεῖναι
2559 871 3050 941 οἰκονομήσαντος,
3079 871 3190 924 εἴτε
3223 872 3582 944 ἀνθρωπίνων
3606 877 3789 930 ἀνελοο

2203 961 2386 1032 μένων
2427 960 2654 1033 χειρῶν.

2269 1139 2410 1194 ΚΗ’.
2449 1139 2736 1193 Ἀειθαλᾶν
2764 1139 2822 1194 δὲ
2849 1139 2940 1194 τὸν
2977 1139 3316 1209 τιμιώτατον
3343 1142 3424 1204 εἰς
3451 1139 3648 1213 κώμην
3676 1145 3792 1200 Πα.

2205 1231 2366 1302 τριὰς
2416 1231 2764 1302 καλουμένην
2817 1233 3201 1302 ἀπαγαγόντες
3229 1234 3582 1304 Χριστιανῶν
3630 1238 3791 1306 χερσὶ

2203 1323 2301 1376 καὶ
2335 1323 2499 1377 αὑτὸν
2532 1324 2968 1396 καταλευσθῆναι
3025 1325 3545 1394 παρασκευάζουσιν
3570 1342 3584 1356 ’
3632 1321 3694 1380 οὗ
3727 1327 3789 1380 τὸ

2204 1415 2367 1485 σῶμα
2399 1417 2628 1488 μοναχοί
2671 1433 2820 1480 τινες
2854 1417 2963 1471 τῶν
2999 1418 3120 1471 ἐκεῖ
3157 1417 3560 1473 κατοικούντων
3590 1421 3789 1482 νυκτὸς

2201 1506 2521 1573 ἐπελθόντες
2551 1510 2642 1562 καὶ
2666 1508 3015 1573 διαλαθόντες
3047 1510 3174 1574 τοὺς
3197 1510 3447 1579 φύλακας
3474 1512 3786 1583 ὑφαιροῦσι,

2208 1597 2436 1668 κλέμμα
2465 1599 2637 1662 ὅντως
2661 1599 2954 1654 ἐπαινετὸν
2999 1601 3374 1672 ἐργασάμενοι
3428 1603 3523 1656 καὶ
3553 1605 3790 1674 πρᾶγμα

2202 1691 2265 1744 οὺ
2297 1692 2555 1756 σκότους,
2603 1692 2741 1746 ἀλλὰ
2775 1693 2954 1762 φωτὸς
3008 1693 3182 1757 ἀξιον.
3234 1689 3369 1748 Εῐτα
3413 1695 3598 1748 καὶτὰ
3645 1713 3789 1748 νενο-

509 1787 721 1843 Deinde
745 1802 871 1842 cum
901 1787 953 1842 ei
974 1788 1120 1858 iusta
1145 1788 1431 1855 fecissent,
1463 1790 1750 1859 deponunt
1773 1789 1830 1844 in
1855 1790 2094 1861 quodam

2206 1784 2450 1854 μισμένα
2499 1761 2800 1856 δράσαντες
2853 1785 2944 1839 ἐπ’
2986 1785 3136 1856 αὐτῷ
3200 1785 3259 1838 ἐν
3303 1787 3459 1857 τόπῳ
3520 1787 3630 1841 τινὶ
3678 1787 3787 1841 τῶν

509 1879 632 1934 loco
662 1879 887 1947 insigni.
921 1878 1044 1946 Quo
1075 1890 1261 1934 autem
1317 1880 1372 1934 in
1416 1881 1536 1936 loco
1575 1891 1827 1936 sanctum
1864 1883 2096 1953 contigit

509 1970 775 2034 interimi,
803 1970 934 2028 facit
967 1972 1111 2028 Deus
1133 1972 1536 2028 admirabiliter
1551 1974 1838 2043 quiddam,
1867 1977 2094 2045 dignum

509 2072 566 2116 et
593 2078 692 2118 sua
721 2065 990 2132 potentia,
1024 2076 1080 2122 et
1109 2066 1284 2135 gloria
1313 2067 1591 2137 martyris.
1623 2067 1817 2122 Planta
1841 2069 2095 2138 quaedam

510 2156 677 2226 myrti
710 2155 825 2212 illic
853 2165 1037 2221 enata,
1071 2157 1310 2213 efﬁcitur
1353 2174 1518 2215 omne
1563 2175 1738 2231 genus
1771 2162 2094 2217 morborum

511 2247 795 2302 liberatio.
827 2248 967 2303 Cum
999 2249 1252 2320 quinque
1283 2267 1416 2322 ergo
1446 2252 1610 2308 annis
1640 2269 1742 2323 per
1765 2254 1910 2309 hanc
1941 2256 2099 2325 plan-

512 2347 624 2394 tam
652 2339 732 2394 sic
761 2339 961 2396 ﬂerent
985 2342 1276 2406 miracula,
1313 2344 1409 2413 qui
1433 2345 1680 2410 gentium
1711 2346 1902 2400 falsam
1938 2359 2096 2404 tene-

507 2430 647 2486 bant
671 2425 1022 2502 religionem,
1054 2433 1265 2490 invidia
1285 2437 1444 2502 moti,
1489 2446 1544 2491 et
1578 2452 1690 2492 non
1726 2439 1972 2494 ferentes
2011 2440 2097 2497 in-

511 2524 658 2578 tueri
690 2529 807 2579 haec
841 2525 1109 2582 miracula
1137 2527 1206 2582 ad
1239 2529 1632 2585 confutandam
1665 2531 1860 2588 falsam
1903 2549 2096 2588 eorum

511 2616 1124 2688 religionem,plantam
1180 2622 1521 2676 exscindunt
1583 2624 1876 2682 radicitus.
1937 2627 2096 2682 Multi

513 2726 652 2766 vero
689 2726 756 2766 ex
785 2712 854 2767 iis
875 2713 971 2783 qui
998 2723 1157 2768 erant
1175 2716 1364 2771 animo
1391 2718 1632 2788 purgati,
1663 2720 1826 2789 longo
1847 2729 2096 2791 tempore

514 2803 774 2859 videbant
825 2807 1005 2860 lucem
1068 2807 1126 2862 in
1174 2823 1242 2864 eo
1298 2810 1444 2873 loco.
1487 2822 1544 2867 et
1593 2811 1810 2868 divinas
1861 2814 2097 2870 virtutes

513 2897 904 2962 ascendentes,
930 2908 986 2954 et
1012 2900 1242 2967 gloriam
1279 2905 1602 2959 emittentes
1636 2905 1689 2960 ei
1743 2907 1840 2976 qui
1874 2918 2098 2963 sanctos

2167 1911 2178 1922 .
2201 1875 2495 1958 ἐπισήμων
2525 1877 2933 1933 κατατιθοῦσιν.
2973 1877 3142 1933 Ἐνθα
3174 1879 3238 1949 δὴ
3264 1879 3354 1932 τὸν
3386 1879 3540 1947 διγιον
3571 1881 3789 1951 ἀναιρε-

2203 1964 2366 2034 θῆναι
2398 1968 2622 2039 συνέϐη,
2647 1969 3063 2040 θαυματουργεϊ
3107 1971 3240 2034 Θεὸς
3285 1971 3437 2035 ἄξιόν
3477 1989 3529 2024 τι
3559 1973 3651 2024 καὶ
3690 1971 3790 2044 τῆς

2201 2060 2368 2114 αὐτοῦ
2397 2061 2681 2131 δυνάμεως
2711 2064 2807 2116 καὶ
2835 2063 2937 2132 τῆς
2967 2064 3064 2116 τοῦ
3089 2065 3373 2134 μάρτυρος
3395 2064 3572 2135 δόξης.
3616 2063 3788 2118 Φυτδν

2202 2148 2314 2218 γάρ
2347 2165 2403 2202 τι
2431 2150 2672 2223 μυρρίνη
2698 2153 2896 2218 φυεϊσα
2924 2152 3248 2222 νοσημάτων
3275 2152 3484 2220 γίνεται
3515 2154 3785 2208 παντοίων

2202 2242 2521 2314 ἀπαλλαγή.
2557 2244 2682 2296 Ἐπὶ
2717 2245 2888 2297 πέντε
2917 2245 3211 2315 τοιγαροῦν
3261 2245 3475 2316 χρόνοις
3510 2246 3619 2299 τῶν
3657 2247 3790 2300 θαυ-

2212 2335 2400 2405 μάτων
2426 2334 2571 2387 οὕτω
2606 2335 2697 2388 διὰ
2739 2336 2894 2390 τοῦδε
2923 2337 3019 2390 τοῦ
3053 2337 3225 2406 φυτοῦ
3253 2340 3616 2408 τελουμένων,
3652 2341 3788 2394 οἱτὰ

2215 2428 2493 2499 Ἑλλήνων
2531 2429 2924 2500 θρησκεύοντες
2967 2430 3150 2503 φθόνῳ
3192 2432 3508 2502 βαλλόμενοι
3542 2436 3643 2503 τὴν
3684 2435 3786 2505 ψυ·

2201 2519 2340 2590 χὴν,
2374 2521 2470 2574 καὶ
2518 2522 2587 2574 τὰ
2638 2522 2923 2594 παράδοξα
2978 2524 3044 2594 δὴ
3088 2523 3260 2578 ταῦτα
3313 2525 3400 2578 ἐπ’
3441 2527 3646 2598 ἐλέγχῳ
3689 2528 3788 2598 τῆς

2202 2613 2382 2666 αὐτῶν
2405 2613 2703 2685 θρησκείας
2730 2615 2790 2667 οὐ
2815 2616 3074 2686 φέροντες
3105 2619 3370 2689 καθορᾷν,
3398 2619 3590 2682 αὑταῖς
3610 2621 3787 2690 ῥίζαις

2201 2705 2528 2773 ἐκτέμνουσί
2561 2723 2620 2759 τε
2668 2709 2730 2760 τὸ
2765 2709 2934 2776 φυτὸν
2963 2711 3058 2761 καὶ
3089 2711 3222 2781 πυρὶ
3253 2711 3491 2780 νέμουσι.
3515 2713 3708 2764 Πολλοὶ
3728 2713 3786 2766 δέ

2207 2795 2319 2849 τῶν
2357 2797 2458 2866 τὴν
2506 2798 2688 2868 ψυχὴν
2715 2799 3219 2871 ἐκκεκαθαρμένων
3251 2804 3335 2872 ἐφ’
3373 2804 3555 2857 ἱκανὸν
3595 2804 3787 2874 χρόνον

2204 2889 2363 2957 φῶτα
2411 2893 2543 2961 περὶ
2590 2891 2742 2944 τόνδε
2791 2893 2888 2946 τὸν
2935 2892 3116 2962 χῶρον
3163 2896 3349 2965 ἐώρων
3386 2897 3480 2950 καὶ
3524 2897 3789 2967 δυνάμεις

514 3001 646 3041 suos
679 2987 972 3057 glorificat.
1025 2989 1458 3048 Consummatus
1518 3005 1704 3051 autem
1737 2998 1842 3052 fuit
1888 2998 2096 3054 Christi

2207 2977 2361 3044 θείας
2383 2981 2641 3046 ἀνιούσας
2672 2983 2865 3055 ὥσπερ
2890 2987 2985 3040 καὶ
3007 2988 3308 3050 κατιούσας
3338 2991 3433 3042 καὶ
3459 2987 3615 3053 δόξαν
3655 2990 3788 3043 ἀναν

516 3087 726 3150 martyr
759 3077 1037 3136 Eithalas
1090 3098 1282 3139 mense
1313 3085 1506 3150 Iunio,
1540 3088 1792 3143 eamdem
1835 3099 2100 3146 constan-

519 3167 652 3221 tiam
680 3177 736 3222 et
763 3168 1183 3238 fortitudinem,
1217 3189 1382 3242 quam
1415 3177 1454 3230 ii
1487 3177 1580 3248 qui
1609 3190 1739 3232 ante
1764 3179 1944 3248 ipsum
1981 3181 2102 3238 fue-

517 3267 653 3311 runt
705 3261 1098 3325 consummati,
1162 3263 1230 3317 ad
1265 3275 1503 3320 mortem
1549 3283 1724 3336 usque
1779 3271 2099 3336 ostendens,

519 3349 730 3403 auxilio
759 3361 815 3404 et
835 3353 1012 3420 gratia
1047 3353 1254 3410 Christi
1279 3358 1396 3414 veri
1425 3359 1520 3414 Dei
1549 3361 1726 3415 nostri
1761 3378 1776 3415 :
1813 3377 1976 3431 quem
1999 3363 2100 3420 de-

521 3442 610 3488 cet
644 3437 813 3504 gloria
850 3449 909 3494 et
953 3440 1152 3507 honor,
1194 3459 1318 3500 cum
1379 3449 1652 3518 principio
1711 3463 1936 3508 carente
1979 3455 2102 3526 ejus

523 3525 710 3592 Patre,
740 3538 796 3584 et
835 3534 1186 3592 sanctissimo
1214 3546 1272 3593 et
1306 3538 1531 3595 viviﬁco
1572 3541 1811 3612 Spiritu,
1839 3525 2021 3606 nunc,
2047 3558 2104 3606 et

523 3631 762 3690 semper,
796 3629 852 3678 et
883 3623 940 3680 in
969 3627 1169 3684 saecula
1194 3632 1546 3691 saeculorum.
1573 3635 1771 3693 Amen.

2207 3072 2534 3143 πεμπούσας
2553 3073 2632 3145 τῷ
2691 3078 2820 3139 τοὺς
2849 3077 3042 3145 ἁγίους
3071 3077 3240 3132 αὑτοῦ
3293 3078 3599 3144 δοξάζοντι.
3638 3079 3790 3132 Ἐτε-

2205 3163 2407 3235 huiqu
2441 3165 2498 3218 δὲ
2542 3167 2572 3218 ό
2626 3165 2722 3219 τοῦ
2781 3169 3023 3237 Χριστοῦ
3060 3169 3271 3240 μάρτυς
3327 3169 3618 3232 Ἀειθαλᾶς
3645 3169 3790 3222 κατὰ

2203 3255 2297 3310 τὸν
2343 3257 2562 3310 Ἰούνιον
2595 3257 2767 3326 μῆνα,
2797 3261 2898 3329 τὴν
2936 3259 3058 3330 ῐσην
3085 3263 3196 3324 τοῖς
3227 3261 3334 3331 πρὸ
3364 3263 3528 3315 αὑτοῦ
3563 3261 3790 3314 τελειω-

2205 3348 2348 3402 θεῖσι
2399 3349 2668 3421 μάρτυσιν
2723 3352 2978 3407 ἔνστασιν
3043 3371 3104 3407 τε
3149 3355 3245 3408 καὶ
3290 3355 3592 3426 καρτερίαν
3656 3355 3788 3424 ἄχρι

2205 3444 2440 3501 θανάτου
2473 3446 2892 3518 ἐπιδειξάμενος
2924 3449 3148 3521 βοηθείᾳ
3191 3451 3288 3505 καλ⁸
3331 3452 3516 3521 χάριτι
3550 3450 3788 3521 Χριστοῦ

2205 3540 2307 3594 τοῦ
2339 3539 2600 3610 ἀληθινοῦ
2624 3539 2762 3595 Θεοῦ
2793 3543 2971 3612 ἡμῶν,
2996 3538 3040 3612 ᾧ
3071 3545 3273 3614 πρέπει
3297 3546 3447 3598 πᾶσα
3476 3543 3624 3610 δόξα,
3655 3542 3788 3614 τιμὴ

2211 3631 2307 3686 καὶ
2345 3632 2720 3704 προσκύνησις
2773 3635 2870 3688 σὺν
2913 3635 2991 3706 τῷ
3037 3635 3260 3706 ἀνάρχῳ
3299 3635 3446 3705 αὐτῷ
3483 3636 3659 3704 Ilath
3694 3634 3790 3687 καὶ

2208 3722 2288 3793 τῷ
2335 3724 2586 3794 ζωοποιῷ
2624 3724 2902 3796 Πνεύματι
2934 3725 3032 3780 νῦν
3084 3727 3182 3782 καὶ
3233 3727 3344 3794 ἀεὶ,
3381 3727 3476 3780 καὶ
3530 3727 3610 3790 εις
3661 3723 3788 3788 τοὺς

2214 3814 2418 3880 αἰῶνας
2449 3815 2560 3873 τῶν
2596 3816 2833 3874 αἰώνων.
2865 3819 3066 3889 Ἀμήν.
