4142 6384
395 374 497 436 861

1673 382 1848 445 VITA
1874 386 1936 448 S.
1981 386 2086 444 AM
2096 386 2380 451 BROSII.

412 501 2626 538 .—__.___.__________________________

679 659 928 748 ΒΙΟΣ
1005 661 1200 748 ΚΑΙ
1275 665 1821 755 ΠΟΛΙΤΕΙΑ
1894 675 2002 757 Τ(

2105 673 2124 694 ⁸
2201 677 2543 765 ΟΣΙΟΥ
2582 681 3019 769 ΠΑΤΡΟΣ
3101 683 3428 772 ΗΜΩΝ
3510 797 3514 801 _

1376 878 2700 1058 ΑΜΒΡΟΣΙΟΥ

1023 1169 1954 1294 ΕΠΙΣΚΟΠΟΥ
2027 1173 3094 1299 ΜΕΔΙΟΛΑΝΟΥ.

1989 1423 2064 1436 ’⁸.

812 1555 1098 1650 VITA
1171 1560 1325 1656 ET
1385 1564 2234 1664 CONVERSATIO
2309 1568 2738 1662 PATRIS
2825 1567 3271 1665 NOSTBI

1577 1812 2509 1974 AMBROSII

1045 2101 1699 2221 EPISCOPI
1801 2111 3028 2229 MEDIOLANENSIS.

529 2323 737 2388 (Aprilis
756 2324 840 2376 die
866 2327 917 2376 ι.
955 2352 1014 2364 -—
1032 2326 1107 2378 Ex
1129 2327 1238 2379 cod.
1265 2329 1352 2380 Gr.
1377 2328 1532 2382 Paris.
1562 2331 1697 2383 1458.
1727 2334 1900 2385 Exstat
1919 2335 2122 2398 quidem
2164 2337 2416 2400 Operibus
2453 2342 2706 2395 Ambrosii
2729 2346 2813 2397 ed.
2836 2343 3026 2397 Beaed.
3061 2344 3281 2407 proﬂxa,
3302 2343 3393 2395 sed
3416 2341 3562 2397 initio

1590 2446 1764 2496 mutila
1789 2454 1973 2501 etcum
1995 2451 2155 2503 multa
2195 2454 2486 2517 varietate.)

1991 2644 2050 2658 '-

473 2765 642 2834 οὗτος
670 2773 698 2824 ὁ
730 2772 788 2824 ὲν
827 2771 1002 2839 ἁγίοις
1045 2770 1369 2842 ’Δμόρόσιος
1389 2773 1528 2844 ἀνὴρ
1559 2774 1896 2845 ἀξιέπαινος,
1933 2781 1991 2835 ἐν

2167 2781 2405 2838 Sanctus
2433 2781 2787 2846 Ambrosius,
2808 2781 2895 2836 vir
2912 2781 3173 2838 laudibus
3189 2781 3683 2851 cumulatissimus,

402 2863 470 2931 τῇ
502 2861 600 2931 τῆς
653 2858 872 2930 Ῥώμης
919 2859 1211 2931 συγκλήτῳ
1270 2861 1326 2914 ἐν
1365 2862 1637 2930 πλείστοις
1685 2867 1990 2938 ἀξιώμασιν

404 2953 732 3023 διαπρέψας,
762 2953 820 3016 ὃς
863 2953 955 3007 καὶ
985 2953 1084 3024 τὴν
1120 2954 1418 3025 ἡγεμονίαν
1444 2957 1852 3026 ὲμπεπίστευτο
1884 2963 1996 3018 πά·

404 3065 506 3118 σης
529 3050 628 3118 τῆς
685 3047 913 3110 Ἰταλίας
945 3049 1096 3118 παρὰ
1128 3048 1240 3101 τῶν
1270 3049 1511 3105 εὐσεϐῶν
1540 3051 1805 3122 βασιλέων
1836 3057 1995 3110 Κων-

402 3141 686 3194 σταντίνου
721 3140 815 3194 καὶ
866 3139 1103 3193 Κώνστα
1133 3139 1268 3193 υίῶν
1306 3139 1400 3194 τοῦ
1433 3144 1671 3211 μεγάλου
1703 3147 1994 3202 Κωνσταν-

400 3234 568 3298 τίνου,
604 3234 846 3302 ἀμύητος
869 3232 970 3303 μὲν
995 3231 1088 3285 τοῦ
1123 3231 1272 3286 θείου
1307 3233 1682 3305 βαπτίσματος
1715 3237 1990 3310 ὑπῆρχεν,

403 3325 516 3397 βίον
547 3325 602 3378 δὲ
633 3324 1023 3396 καθαρώτατον
1063 3327 1157 3379 καὶ
1195 3327 1451 3397 ἐνάρετον
1485 3329 1768 3400 ἐκέκτητο,
1792 3333 1854 3384 οὐ
1887 3331 1994 3404 μὴν

400 3418 537 3470 ἀλλὰ
576 3417 669 3470 καὶ
700 3416 821 3488 θείᾳ
861 3417 1026 3488 σοφίᾳ
1081 3417 1175 3470 καὶ
1204 3419 1418 3472 συνέσει
1463 3420 1562 3490 τῆς
1594 3419 1853 3488 γνώσεως
1882 3423 1994 3478 τῶν

398 3508 658 3580 Γραφῶν,
693 3509 791 3580 τῆς
842 3527 900 3562 τε
932 3509 1037 3578 ἔξω
1078 3509 1326 3575 παιδείας
1374 3511 1468 3566 καὶ
1498 3513 1598 3582 τῆς
1633 3513 1994 3570 θεοπνεύστου

399 3599 442 3654 Γ
447 3603 626 3672 ραφῆς
649 3602 913 3673 ἔμπειρος
938 3598 1026 3672 ἦν,
1053 3601 1428 3676 δικαιοκρίτης
1449 3621 1508 3658 τε
1545 3605 1636 3658 καὶ
1667 3607 1996 3679 ἀπροσωπό-

399 3693 605 3764 ληπτος
643 3693 905 3766 δικαστὴς
933 3695 990 3747 ὲν
1017 3697 1081 3765 τῇ
1120 3697 1267 3767 ἀρχῇ
1291 3697 1390 3767 τῆς
1440 3697 1739 3768 ἡγεμονίας
1769 3699 1997 3771 γενόμε-

401 3802 490 3848 νος
515 3787 694 3840 πᾶσαν
721 3786 971 3859 πονηρὰν
1003 3787 1202 3857 πρᾶξιν
1237 3788 1327 3841 καὶ
1361 3788 1676 3859 παράνομον
1703 3789 1997 3860 διελέγχων

403 3879 498 3932 καὶ
528 3878 932 3950 διορθούμενος.
962 3879 1152 3944 Ὅπως
1181 3880 1236 3933 δὲ
1268 3881 1348 3943 είς
1403 3880 1504 3951 τὴν
1533 3881 1633 3952 τῆς
1688 3882 1998 3952 ἐπισκοπῆς

403 3971 578 4042 ἀρχὴν
612 3973 998 4045 προεχειρίσθη
1031 3974 1152 4045 θείᾳ
1179 3976 1341 4046 ψήφῳ
1363 3975 1497 4046 ἐρῶ.

477 4061 560 4116 A'.
591 4064 1037 4118 Οὐαλεντινιανού
1073 4067 1150 4136 (Ι)
1187 4067 1369 4120 τοίνυν
1406 4068 1545 4136 μετὰ
1578 4067 1837 4138 τελευτὴν
1881 4067 1996 4120 ἰω-

405 4155 592 4210 6ιανοῦ
629 4157 698 4210 τὰ
754 4161 1011 4229 σκῆπτρα
1061 4160 1162 4230 τῆς
1218 4159 1500 4230 βασιλείας
1559 4160 1878 4230 δεξαμένου,
1904 4160 2000 4214 τὸν

407 4249 540 4303 ίδιον
561 4250 790 4321 ἀδελφὸν
836 4254 1052 4324 Οὐάλην
1091 4254 1154 4306 ὲκ
1183 4254 1454 4318 Πενονίας
1485 4253 1712 4322 ἀγαγὼν
1745 4253 1999 4307 κοινωνὸν

405 4345 645 4396 ποιεῖται
675 4344 774 4413 τῆς
811 4344 1113 4415 βασιλείας,
1157 4345 1253 4399 καὶ
1289 4347 1387 4415 τῆς
1425 4346 1610 4410 Ἀσίας
1643 4345 1791 4418 αὐτῷ
1821 4363 2000 4416 παρα-

403 4434 528 4498 δοὺς
557 4436 627 4488 τὰ
649 4438 906 4508 σκῆπτρα
933 4439 1026 4492 καὶ
1063 4440 1249 4509 μέντοι
1284 4441 1377 4493 καὶ
1411 4439 1510 4510 τῆς
1529 4440 1810 4508 Αἰγύπτου
1834 4480 1848 4504 ,
1875 4440 2000 4493 ἐαυ-

411 4527 488 4598 τῷ
518 4530 618 4600 τὴν
650 4530 922 4604 Εὐρώπην
973 4533 1262 4605 ἀπένειμε,
1312 4533 1405 4587 καὶ
1441 4535 1538 4604 τὴν
1576 4534 1797 4605 Ῥώμην
1831 4551 2003 4589 κατα-

409 4622 590 4679 λαϐὼν
620 4628 801 4680 πᾶσαν
831 4627 928 4698 τὴν
956 4626 1108 4682 δύσιν
1138 4627 1401 4700 εὐνομίαν
1449 4627 1855 4693 ὲξεπαίδευσεν,
1892 4625 2001 4680 ἀπὸ

403 4712 513 4767 τῶν
542 4717 641 4781 τῆς
667 4719 949 4783 εὐσεϐείας
985 4721 1360 4791 κηρυγμάτων
1386 4719 1715 4790 ἀρξάμενος.

476 4806 552 4861 B’.
591 4805 881 4871 Δύξεντίου
907 4811 1035 4882 γὰρ,
1068 4809 1128 4875 ὃς
1161 4810 1261 4877 τὴν
1301 4809 1518 4878 Ἀρείου
1566 4808 1665 4878 μὲν
1699 4804 2002 4871 εἰσεδέξατο

403 4897 965 4965 λώϐην,Μεδιολάνων
992 4902 1047 4956 δὲ
1077 4902 1177 4970 τὴν
1215 4902 1542 4972 Ἐκκλησίαν
1565 4899 2004 4970 ἐμπεπιστευμέ-

405 5007 499 5045 νου
530 4993 587 5045 ὲν
618 4993 898 5058 πλείσταις
919 4994 1279 5066 ἀπεκηρύχθη
1299 4995 1560 5058 συνόδοις,
1579 4995 1670 5048 τὸν
1691 4993 1803 5064 βίον
1831 4991 2002 5060 ὐπεξ-

407 5084 678 5152 ελθόντος,
748 5087 1256 5158 μεταπεμψάμενος
1344 5088 1469 5152 τοὺς
1535 5087 1636 5157 τῆς
1694 5085 2003 5156 ἐπισκοπῆς

407 5176 846 5243 Οὐαλεντινιανὸς
869 5181 897 5232 ὁ
919 5178 1194 5250 βασιλεὺς,
1209 5181 1436 5234 τοιοῖσδε
1457 5179 1592 5250 πρὸς
1615 5179 1812 5242 αὐτοὺς
1837 5178 2002 5250 ἐχρή-

407 5287 538 5323 σατο
557 5272 753 5340 λόγοις·
813 5273 955 5326 Ἰστε
990 5273 1202 5343 σαφῶς,
1234 5273 1333 5328 ἅτε
1367 5272 1432 5343 δὴ
1461 5275 1577 5336 τοῖς
1613 5271 1780 5336 θείοις
1823 5271 2002 5338 λόγοις

404 5363 857 5435 ἐντεθραμμένοι,
884 5368 1067 5419 ὁποῖον
1093 5362 1235 5420 εἶναι
1257 5368 1524 5437 προσήκει
1544 5366 1635 5418 τὸν
1659 5362 2003 5434 ἀρχιερωσύ-

405 5471 503 5524 νης
537 5453 864 5526 ἠξιωμένον,
895 5459 988 5512 καὶ
1015 5456 1090 5520 ὡς
1113 5456 1173 5510 οὐ
1205 5457 1312 5528 χρὴ
1341 5456 1486 5526 λόγῳ
1523 5455 1705 5526 μόνον,
1739 5455 1877 5510 ἀλλὰ
1906 5455 2002 5508 καὶ

408 5547 510 5617 βίῳ
559 5550 683 5611 τούς
713 5548 1050 5620 ἀρχομένους
1080 5549 1391 5621 ῥυθμίζειν,
1423 5547 1518 5602 καὶ
1567 5548 1750 5618 πάσης
1798 5547 2002 5618 ἀρετῆς

405 5636 596 5692 ἑαυτὸν
617 5641 927 5712 ἀρχέτυπον
954 5641 1294 5712 προτιθέναι.
1321 5642 1417 5694 καὶ
1453 5639 1709 5711 μάρτυρα
1731 5639 1876 5710 ἔχειν
1899 5639 1997 5709 τῆς

2097 2873 2356 2946 plurimis
2417 2882 2647 2930 senatus
2710 2875 2944 2930 Romani
3006 2875 3376 2945 dignitatibus
3433 2875 3684 2942 functus,

2100 2970 2273 3021 totius
2333 2981 2555 3036 quoque
2581 2965 2751 3021 Italia
2797 2966 3092 3035 praefectus
3131 2967 3459 3022 nominatus
3511 2983 3541 3021 a
3580 2969 3687 3038 piis

2097 3059 2536 3129 imperatoribus
2562 3059 2931 3116 Constantino
2959 3069 3017 3116 et
3044 3059 3372 3123 Constanet,
3407 3059 3688 3115 Constan-

2098 3151 2204 3206 tini
2233 3151 2411 3222 Magni
2443 3151 2798 3217 ﬁliis,dirino
2829 3152 3162 3223 baptismate
3185 3154 3535 3223 perfunctus,
3562 3151 3688 3207 vitae

2100 3244 2418 3314 integritate
2447 3255 2504 3301 et
2537 3245 2766 3313 virtute,
2795 3246 2908 3301 imo
2941 3245 3131 3302 divina
3156 3260 3380 3316 quoque
3413 3245 3687 3313 sapientia

2099 3347 2158 3393 et
2184 3337 2599 3406 Scripturarum
2635 3338 2910 3394 divinitus
2938 3338 3335 3409 inspiratarum
3366 3335 3688 3406 cognitione

2100 3430 2366 3500 praeditus
2439 3430 2566 3487 fuit.
2643 3430 2753 3486 Sed
2803 3431 2978 3502 judex
3045 3444 3271 3502 quoque
3325 3430 3510 3500 justus
3567 3427 3690 3483 sine

2103 3525 2428 3596 acceptione
2453 3541 2842 3596 personarum,
2875 3527 2931 3582 in
2967 3524 3299 3596 praefectura
3330 3539 3430 3578 sua
3467 3536 3687 3576 omnem

2103 3617 2304 3672 malam
2333 3622 2616 3673 actionem
2646 3618 2850 3675 avertit
2886 3617 3236 3688 punivitque.
3273 3614 3374 3669 Hic
3404 3613 3688 3684 quomodo

2104 3707 2291 3762 divina
2341 3709 2633 3765 voluntate
2691 3708 2750 3764 in
2801 3706 3344 3779 archiepiscopatum
3395 3710 3692 3774 provectus

2104 3799 2198 3866 sit,
2228 3801 2342 3870 jam
2379 3801 2636 3857 referam.

2177 4069 2222 4120 ι.
2291 4065 2430 4122 Cum
2501 4066 2929 4123 Valentinianus
2997 4075 3124 4138 post
3177 4066 3400 4123 Ioviani
3456 4073 3693 4122 mortem

2106 4168 2389 4230 sceptrum
2418 4160 2638 4230 imperii
2665 4161 3024 4231 suscepisset,
3045 4159 3276 4214 fratrem
3300 4173 3462 4213 suum
3491 4158 3694 4212 Valen-

2106 4257 2218 4308 tem
2275 4266 2343 4305 ex
2403 4251 2688 4306 Pannonia
2737 4266 3057 4318 accersens,
3111 4265 3341 4307 summa:
3403 4249 3698 4321 potestatis

2107 4352 2423 4399 consortem
2475 4344 2606 4400 fecit
2659 4361 2676 4399 :
2727 4352 2787 4399 et
2837 4358 3060 4415 sceptro
3113 4344 3256 4400 Asiae
3307 4353 3475 4416 atque
3526 4346 3696 4401 etiam

2106 4431 2326 4504 Egypti
2355 4433 2410 4488 in
2441 4447 2570 4488 eum
2597 4434 2954 4505 transcripto,
2981 4437 3260 4504 Europam
3286 4436 3398 4490 sibi
3437 4435 3694 4501 retinuit,

2106 4533 2163 4582 et
2191 4523 2422 4581 Romam
2451 4533 2668 4595 petens,
2702 4527 2998 4584 universos
3015 4528 3339 4584 Occidentis
3363 4530 3602 4598 populos
3625 4528 3696 4582 ad

2107 4634 2298 4676 veram
2329 4618 2560 4674 adduxit
2604 4619 2702 4675 Dei
2753 4621 3152 4690 cognitionem,
3176 4637 3206 4676 a
3242 4622 3464 4692 pietatis
3504 4621 3701 4692 praelii-

2107 4713 2330 4769 catione
2371 4719 2500 4767 ante
2532 4712 2717 4769 omnia
2752 4729 2984 4784 regnum
3011 4715 3354 4784 auspicatus.

2177 4805 2244 4862 ll.
2295 4807 2514 4861 Etenim
2543 4806 2844 4867 Auxentio.
2903 4808 3000 4877 qui
3046 4807 3164 4862 Arii
3228 4807 3472 4862 scliisma
3515 4807 3698 4860 fuerat

2111 4898 2422 4968 amplexus,
2445 4906 2504 4954 et
2525 4898 2829 4956 Ecclesium
2853 4900 3322 4958 Mediolauensem
3346 4902 3696 4956 commissam

2110 4991 2349 5057 habens,
2408 4990 2468 5046 in
2528 4991 2720 5049 multis
2777 4993 3006 5065 synodis
3065 4993 3356 5048 abdicatus
3417 5001 3522 5058 est,
3583 4993 3696 5047 vita

2109 5083 2396 5150 defuncto,
2439 5083 2743 5155 imperator
2781 5084 3206 5142 Valentinianus
3248 5099 3376 5139 cum
3402 5085 3699 5154 episcopos

2109 5180 2178 5236 ad
2200 5197 2260 5236 se
2285 5189 2561 5244 vocasset,
2588 5180 2735 5251 apud
2764 5196 2864 5237 eos
2896 5196 3029 5237 usus
3055 5190 3142 5237 est
3176 5181 3265 5236 bis
3287 5180 3643 5236 sermonibus
3677 5197 3694 5233 :

2109 5273 2316 5346 Aperte
2395 5276 2596 5342 nostis,
2662 5274 3130 5346 quemadmodum
3211 5272 3467 5328 homines
3534 5272 3696 5327 decet

2111 5365 2417 5422 innutritos
2450 5366 2660 5422 divinis
2701 5365 2915 5432 verbis,
2952 5365 3172 5435 qualem
3217 5378 3342 5420 esse
3388 5363 3538 5418 hunc
3565 5378 3696 5417 con-

2111 5457 2316 5524 veniat,
2350 5457 2446 5528 qui
2478 5457 2548 5512 ad
2584 5456 2857 5512 honorem
2878 5455 3235 5527 episcopatus
3261 5462 3694 5526 promoveatur;

2109 5556 2166 5604 et
2189 5564 2296 5618 qua
2326 5547 2543 5604 ratione
2604 5547 2860 5604 subditos
2887 5562 2999 5602 non
3029 5546 3202 5602 verbo
3233 5554 3469 5608 tantum,
3499 5557 3698 5598 verum

2109 5647 2166 5696 et
2197 5640 2309 5694 vita
2341 5653 2535 5711 regere
2567 5638 2790 5708 debeat,
2837 5648 2894 5697 et
2933 5639 3216 5709 exemplar
3254 5636 3437 5695 omnis
3470 5634 3730 5692 virtutis;

482 5851 558 5917 (ι)
615 5847 712 5905 ilic
762 5847 958 5918 incipit
1016 5845 1139 5904 Vita
1201 5843 1258 5902 in
1303 5841 1391 5898 ed.
1448 5842 1653 5900 Bcned.
1694 5843 1750 5899 S.
1802 5837 2110 5898 Ambrosii.
