4142 6384
458 304 571 370 863

1611 308 1994 372 ADDENDA.
2024 334 2094 349 —
2127 308 2458 372 APRILIS.

3627 300 3734 365 864

459 420 705 491 seipsum
729 432 1065 490 proponere,
1089 434 1155 475 ac
1172 419 1390 475 demum
1413 419 1683 475 doctrinae
1706 438 1820 478 suae
1842 430 2037 479 testem

2156 422 2498 485 ςιδασκαλίας
2546 420 2644 493 τὴν
2673 417 2972 476 πολιτείαν.
3026 416 3280 473 Τοιοῦτον
3308 416 3372 487 δὴ
3399 411 3495 470 οὖν
3524 416 3618 470 καὶ
3647 416 3744 471 νῦν

461 511 666 568 habere
695 513 819 565 vitae
852 511 1285 566 institutionem.
1317 511 1506 566 Talem
1539 513 1711 581 igitur
1736 521 1791 567 et
1813 529 1961 569 nunc
1984 515 2041 570 iu

462 603 766 673 episcopali
797 603 1001 658 throno
1033 603 1324 667 coilocate,
1359 611 1418 658 ut
1445 618 1547 658 nos
1575 619 1605 658 a
1637 603 1841 673 quibus
1865 605 2042 675 impe-

461 695 603 748 rium
658 693 1022 762 gubernatur,
1089 694 1306 749 sincere
1371 693 1706 750 iuclinemus
1759 694 1809 750 ei
1863 697 2042 765 capita

462 797 675 848 nostra,
724 797 779 840 et
830 786 1002 841 iactas
1042 787 1110 841 ab
1140 803 1208 844 eo
1256 787 1720 856 reprehensiones
1784 797 2043 856 tanquam

466 878 734 930 medicam
762 880 1104 932 curationem
1137 879 1506 948 excipiamus;
1539 895 1662 933 cum
1691 879 1840 934 enim
1871 879 2045 934 simus

465 966 742 1024 homines.
781 969 947 1021 etiam
1002 968 1353 1022 offendamus
1384 968 1612 1021 omnino
1661 984 1887 1024 necesse
1936 976 2041 1025 est.

534 1060 624 1114 III.
659 1059 997 1130 Religiosum
1056 1061 1446 1129 imperatorem
1485 1059 1926 1114 Valentinianum
1970 1059 2045 1112 ita

464 1151 712 1208 locutum
769 1153 996 1222 rogabat
1056 1164 1384 1216 conventus,
1443 1161 1503 1204 ut
1557 1151 1672 1220 ipse
1723 1149 2044 1220 suffragium

465 1243 657 1306 ferret,
679 1244 883 1312 quippe
906 1243 997 1312 qui
1026 1243 1296 1312 sapientia
1322 1253 1372 1298 et
1399 1245 1602 1312 pietate
1627 1247 1855 1295 ornatus
1876 1250 2042 1296 esset.

467 1333 567 1388 Ille
596 1349 730 1388 vero
765 1352 777 1386 :
815 1334 972 1390 Vires
1013 1351 1183 1400 meas,
1230 1335 1429 1404 inquit,
1465 1334 1628 1403 longe
1662 1342 1890 1401 superat
1924 1332 2047 1386 talis

468 1437 698 1482 coinatus
729 1444 744 1482 :
774 1437 830 1481 at
857 1443 954 1480 vos
984 1428 1078 1496 qui
1113 1427 1301 1480 divina
1336 1426 1512 1497 gratia
1547 1426 1818 1490 decorati,
1852 1434 1908 1480 et
1941 1426 2048 1480 huc

467 1519 662 1573 eodem
687 1517 982 1587 splendore
1004 1517 1194 1571 donati
1217 1517 1372 1582 estis,
1395 1517 1568 1586 magis
1590 1533 1833 1587 congrue
1857 1517 2049 1572 feretis

469 1611 817 1681 suﬂragium.
855 1609 951 1662 isti
983 1609 1148 1679 igitur
1177 1609 1310 1662 hinc
1347 1615 1618 1662 exeuntes
1649 1608 1793 1678 apud
1825 1623 1884 1662 se
1911 1608 2051 1663 deli-

2147 513 2259 578 τοῖς
2290 512 2703 584 ἀρχιερατικοῖς
2726 510 3158 580 ἐγκαθιδρύσατε
3203 509 3434 581 θρόνοις,
3466 509 3616 565 ὅπως
3649 511 3742 565 καὶ

2147 607 2307 679 ἡμεῖς
2346 605 2396 658 oi
2449 604 2550 676 τὴν
2601 603 2879 673 βασιλείαν
2912 603 3183 665 ίθύνοντες
3237 600 3550 672 εἰλικρινῶς
3594 600 3741 670 αὐτῷ

2147 696 2247 758 τὰς
2271 695 2547 767 ἡμετέρας
2601 693 2980 763 ὓποκλίνωμεν
3009 691 3278 761 κεφαλὰς,
3323 691 3420 744 καὶ
3457 692 3584 753 τοὺς
3609 689 3740 760 παρ’

2148 790 2360 844 ἐκείνου
2411 790 2730 860 γινομένους
2765 789 3023 860 ἐλέγχους
3061 788 3135 850 ὡς
3172 787 3427 856 ἰατρικὴν
3477 783 3739 838 ἀσπασώ-

2151 881 2292 952 μεθα
2353 882 2686 952 θεραπείαν·
2730 881 3052 952 ἀνθρώπους
3105 879 3215 949 γὰρ
3249 879 3399 948 ἡμᾶς
3455 877 3616 941 ὄντας
3646 877 3738 929 καὶ

2151 974 2512 1042 προσπταίειν
2541 972 2756 1044 ἀνάγκη
2790 971 3028 1034 πάντως.

2222 1065 2296 1120 Γ’.
2336 1063 2524 1118 Ταῦτα
2553 1063 2650 1117 τοῦ
2681 1061 2942 1126 εὐσεϐοῦς
2978 1061 3245 1133 βασιλέως
3284 1055 3737 1113 Οὐαλεντινιανοῦ

2150 1157 2433 1225 εἰρηκότος
2475 1158 2507 1227 ἡ
2563 1155 2784 1220 σύνοδος
2847 1156 3011 1209 αὑτὸν
3062 1154 3215 1225 ἠξίου
3265 1150 3609 1222 ψηφίσασθαι
3646 1165 3738 1201 σο-

2151 1251 2248 1315 φόν
2273 1263 2331 1299 τε
2366 1247 2496 1300 ὄντα
2527 1248 2619 1300 καὶ
2657 1246 2913 1317 εὐσεϐείᾳ
2964 1243 3363 1314 κοσμούμενον.
3413 1241 3473 1294 '0
3501 1240 3560 1292 δέ
3599 1238 3734 1308 ἔφη·

2150 1335 2353 1402 Μεῖζον
2391 1337 2425 1407 ἦ
2455 1336 2577 1390 καθ’
2627 1338 2772 1408 ἡμᾶς
2803 1337 2861 1389 τδ
2907 1335 3252 1406 ἐγχείρημα·
3292 1333 3452 1403 ὑμεῖς
3499 1330 3609 1399 γὰρ
3637 1329 3736 1398 τῆς

2151 1429 2300 1490 θείας
2329 1426 2619 1500 ἠξιωμένοι
2664 1428 2888 1500 χάριτος
2914 1427 3010 1481 καὶ
3033 1426 3133 1497 τὴν
3156 1425 3354 1495 ατγλην
3385 1423 3601 1490 ἐκείνην
3627 1421 3738 1473 είσ-

2149 1519 2462 1589 δεδεγμένοι
2514 1520 2737 1590 ἄμεινον
2767 1518 3088 1590 ψηφιεῖσθε.
3113 1513 3274 1572 Οὗτοι
3309 1517 3406 1587 μὲν
3427 1513 3738 1579 ἐξελθόντες

2151 1610 2276 1663 καθ’
2308 1611 2538 1674 ἑαυτοὺς
2572 1611 2955 1665 ἐϐουλεύοντο·
3001 1612 3052 1664 οί
3087 1610 3144 1664 δὲ
3174 1609 3274 1680 τὴν
3316 1608 3470 1662 πόλιν
3523 1605 3737 1675 ἐκείνην

467 1706 822 1760 beraverunt.
847 1704 1007 1758 Cives
1031 1720 1198 1772 porro
1214 1703 1360 1756 illius
1379 1701 1537 1757 urbis
1556 1701 1882 1756 seditionem
1905 1702 2049 1756 inter

2156 1702 2429 1765 οἰκοῦντες
2482 1703 2832 1769 ἐστασίαζον,
2885 1703 2935 1756 οί
2967 1703 3067 1773 μὲν
3099 1701 3309 1765 τοῦτον,
3359 1701 3406 1753 οἱ
3447 1699 3502 1752 δὲ
3527 1699 3738 1752 ἐκεῖνον

467 1813 528 1852 se
556 1795 1000 1858 commovebant,
1026 1795 1081 1848 hi
1109 1793 1332 1863 quidem
1362 1793 1538 1859 illum,
1583 1793 1660 1846 illi
1691 1803 1875 1848 autem
1903 1792 2049 1848 hunc

2157 1794 2535 1866 προϐληθῆναι
2567 1796 3020 1864 φιλονεικοῦντες.
3055 1795 3120 1847 Oi
3159 1795 3258 1865 μὲν
3293 1795 3400 1862 γὰρ
3424 1795 3524 1860 τῆς
3542 1791 3739 1856 Αύξενο

469 1889 710 1960 praeponi
742 1887 1158 1942 contendentes.
1185 1885 1288 1952 Qui
1321 1886 1468 1940 enim
1495 1885 1754 1940 Auxenlii
1774 1886 1863 1939 lue
1887 1894 2047 1939 erant

2156 1887 2268 1938 τίου
2295 1887 2450 1940 νόσου
2488 1887 2868 1958 μετειληχότες
2894 1887 3022 1950 τοὺς
3051 1885 3359 1955 ὁμόφρονας
3390 1882 3736 1952 ἐψηφίζοντο·

469 1982 680 2046 iniecti,
713 1996 898 2035 secum
929 1979 1298 2034 sentientibus
1323 1978 1771 2048 suﬂragabantur
1810 1995 1822 2030 :
1863 1977 1943 2030 illi
1977 1993 2047 2032 ex

2156 1978 2202 2030 οἱ
2239 1979 2294 2031 δὲ
2351 1979 2449 2048 τῆς
2483 1979 2835 2049 ὑγιαινούσης
2860 1979 3057 2050 μοίρας
3118 1975 3480 2050 ὁμογνώμονα
3514 1974 3739 2044 ἐζήτουν

469 2073 724 2136 adverso,
753 2071 848 2142 qui
897 2071 1106 2125 saniori
1147 2088 1175 2124 a
1221 2077 1375 2139 parte
1429 2069 1676 2132 stabant,
1709 2068 2047 2137 expetebant

2159 2069 2305 2139 ἔχειν
2339 2072 2623 2141 ἀρχιερέα.

473 2165 597 2220 iidei
634 2171 946 2219 consortem
981 2163 1182 2216 habere
1212 2162 1538 2216 antistitem.
1575 2160 1768 2229 Itaque
1818 2159 2043 2214 divinus
2082 2161 2412 2219 Ambrosius
2453 2164 2506 2218 in
2541 2164 2918 2217 Romanorum
2950 2162 3136 2216 clarus
3159 2167 3379 2220 senatu,
3437 2166 3561 2227 post
3636 2158 3737 2212 alia

469 2258 642 2312 multa
664 2257 940 2317 bonorum
973 2255 1215 2325 fastigia,
1282 2271 1382 2324 per
1413 2253 1469 2308 id
1530 2254 1806 2324 temporis
1871 2253 2259 2328 praefecturam
2309 2256 2480 2311 Italia:
2537 2273 2567 2311 a
2644 2257 2752 2326 piis
2800 2253 3234 2325 imperatoribus
3279 2251 3638 2307 Constantino
3686 2257 3739 2306 et

469 2350 775 2405 Constante
808 2349 1149 2402 obtinuerat.
1182 2348 1233 2402 Is
1265 2358 1386 2402 erat
1415 2362 1548 2402 sane
1594 2347 1676 2400 vir
1704 2348 1815 2401 vita
1853 2363 2048 2416 purus,
2091 2358 2147 2404 et
2194 2350 2422 2405 virtutis
2487 2361 2726 2413 amator,
2787 2349 3052 2419 probatus
3103 2355 3288 2401 autem
3355 2354 3412 2399 et
3460 2344 3642 2398 verbis
3686 2353 3740 2398 et

468 2457 672 2513 opere;
699 2442 970 2512 sapientia
994 2457 1123 2497 vero
1148 2457 1270 2510 qua:
1329 2441 1832 2496 haurituresacris
1873 2439 2124 2505 Litteris,
2167 2444 2468 2510 enutritus,
2528 2445 2745 2499 tametsi
2794 2442 3030 2497 necdum
3085 2440 3336 2495 initiatus
3377 2447 3547 2493 esset.
3596 2437 3738 2502 Quin

469 2533 638 2589 etiam
690 2534 1008 2602 eloquentia
1063 2534 1366 2605 grrecanica
1395 2541 1452 2589 et
1506 2534 1729 2604 poetica
1780 2533 2047 2589 facultate
2087 2537 2431 2592 exercitatus
2485 2547 2627 2603 erat,
2663 2553 2856 2607 aequus
2897 2534 3103 2605 pariter
3149 2541 3207 2588 et
3295 2547 3464 2587 sanus
3555 2544 3740 2585 rerum

470 2626 698 2691 arbiter,
744 2641 848 2681 nec
893 2641 1002 2681 non
1043 2626 1225 2681 omnis
1271 2626 1508 2681 actionis
1551 2642 1734 2696 prava:
1784 2627 2049 2696 quaesitor
2087 2638 2402 2683 accuratus.

538 2718 633 2774 IV.
681 2718 1011 2774 Ambrosius
1040 2720 1245 2774 certior
1283 2719 1462 2774 iactus
1493 2719 1691 2774 harum
1735 2720 2049 2785 turbarum,

2226 2723 2302 2776 A'.
2332 2721 2550 2789 Ταύτην
2601 2721 2698 2791 τὴν
2731 2720 2920 2775 στάσιν
2969 2719 3161 2788 μαθὼν
3207 2714 3532 2787 Ἃμϐρόσιος
3565 2717 3593 2768 ό
3624 2715 3742 2768 ἀοίο

469 2816 527 2864 et
573 2823 643 2863 ne
699 2807 833 2878 quid
895 2810 1024 2864 novi
1077 2809 1354 2864 accideret
1409 2811 1639 2876 veritus,
1693 2810 1865 2865 multa
1922 2825 2049 2864 cum

2156 2812 2333 2882 διμος,
2365 2815 2391 2864 ὁ
2449 2812 2542 2865 τοῦ
2575 2811 2761 2872 ἔθνους
2809 2810 2908 2880 τὴν
2937 2809 3221 2879 πολιτικὴν
3251 2807 3547 2877 ἡγεμονίαν
3579 2820 3742 2858 πεπι-

469 2899 755 2955 celeritate
811 2901 1106 2956 ecclesiam
1160 2902 1342 2972 petiit,
1375 2902 1773 2972 ambarumque
1810 2903 2049 2972 partium

2157 2904 2474 2972 στευμένος,
2521 2903 2615 2954 καὶ
2649 2901 2909 2972 φοϐηθεὶς
2967 2904 3122 2970 μήτι
3163 2897 3430 2967 νεώτερον
3475 2898 3738 2967 γένηται,

469 3001 653 3048 motus
684 2993 906 3063 sopivit.
931 2994 1009 3049 llli
1037 3008 1186 3059 vero,
1217 2995 1467 3064 deposita
1494 2995 1869 3058 contentione,
1901 3008 2049 3047 eom-

2157 2993 2253 3047 σὺν
2284 2993 2439 3064 τάχει
2470 2994 2568 3064 τὴν
2614 2994 2914 3064 ἐκκλησίαν
2953 2993 3240 3054 κατέλαϐε,
3275 2993 3368 3045 καὶ
3425 2993 3742 3062 είρήνευσεν

471 3100 696 3140 munem
769 3087 1080 3142 emiserunt
1163 3102 1378 3150 vocem,
1452 3090 1754 3156 ipsummet
1821 3085 2049 3140 beatum

2156 3083 2441 3154 ἀμφότερα
2470 3085 2537 3136 τὰ
2567 3085 2728 3155 μέρη.
2763 3085 2825 3136 Οί
2854 3083 2910 3135 δέ
2944 3081 3044 3149 τῆς
3077 3085 3255 3153 μάχης
3287 3081 3500 3150 ἐκείνης
3531 3081 3744 3133 παυσά-

469 3176 826 3232 Ambrosium
848 3177 1097 3231 ordinari
1114 3175 1220 3231 sibi
1244 3185 1524 3245 pastorem
1547 3174 1714 3229 simul
1737 3184 2051 3244 poscentes.

469 3270 601 3337 Quae
658 3271 959 3340 imperator
1018 3285 1145 3325 cum
1195 3269 1566 3340 cognovisset,
1629 3269 1816 3323 statim
1879 3269 2054 3323 edixit

470 3363 806 3418 laudabilem
850 3363 1110 3418 eumdem
1157 3364 1337 3416 virum
1376 3372 1432 3417 et
1482 3363 1712 3424 initiari,
1759 3370 1814 3417 ct
1853 3379 2052 3417 conse-

471 3453 656 3520 crari;
704 3464 935 3510 noverat
984 3455 1135 3510 enim
1171 3453 1323 3530 illius
1363 3465 1604 3508 mentem
1641 3454 1815 3524 magis
1841 3464 2049 3509 rectam

471 3560 594 3600 esse
612 3543 856 3614 qualibet
884 3545 1045 3609 libra,
1071 3545 1305 3615 ejusque
1331 3543 1654 3612 suti‘ragium
1685 3543 1835 3597 omni
1860 3543 2050 3613 regula

467 3636 803 3692 accuratius.
857 3635 1184 3706 Suspicatus
1225 3644 1408 3691 autem
1450 3645 1536 3690 est
1578 3635 1747 3690 etiam
1784 3652 1898 3691 nou
1931 3636 2051 3692 sine

471 3730 571 3786 Dei
597 3729 812 3785 calculo
837 3729 893 3785 id
916 3730 1237 3801 contigisse,
1277 3745 1394 3785 rem
1423 3728 1727 3799 conjiciens
1757 3745 1825 3785 ex
1855 3745 2049 3785 eorum

473 3821 861 3886 consensione,
889 3821 986 3892 qui
1028 3821 1322 3878 sententiis
1349 3829 1476 3876 ante
1513 3820 1880 3877 dissidebant.

543 4092 608 4148 V.
660 4091 956 4161 Postquam
990 4105 1122 4148 vero
1161 4091 1521 4148 sacratissimi
1551 4091 1812 4162 baptismi
1842 4092 2050 4148 donum

2165 3191 2317 3244 μενοι
2380 3174 2570 3244 κοινὴν
2617 3175 2836 3245 ἀφῆκαν
2893 3173 3096 3244 φωνὴν,
3152 3173 3315 3226 αὑτὸν
3352 3173 3441 3225 τὸν
3476 3173 3743 3242 μακάριον

2175 3265 2502 3336 Ἀμϐρόσον
2538 3268 2880 3333 ἐξαιτοῦντες
2920 3266 3154 3334 ποιμένα
3190 3267 3399 3319 ἑαυτῶν
3439 3265 3747 3335 προϐληθῆ-

2156 3375 2273 3413 ναι·
2316 3360 2397 3413 ἔτι
2431 3361 2486 3414 δὲ
2516 3354 2671 3422 οὗτος
2724 3359 2969 3430 ἀμύητος
3017 3353 3109 3430 ἦν.
3145 3357 3333 3410 Ταῦτα
3366 3355 3557 3427 μαθὼν
3585 3359 3613 3410 ό
3643 3355 3742 3426 βα-

2155 3452 2339 3515 σιλεὺς
2371 3452 2674 3521 προσέταξε
2727 3450 3045 3523 παραυτίκα
3073 3450 3167 3504 καὶ
3199 3449 3478 3520 μυηθῆναι
3508 3449 3603 3502 καλ⁵
3630 3465 3744 3518 χει-

2157 3546 2514 3617 ροτονηθῆναι
2546 3545 2737 3600 τοῦτον
2769 3545 2861 3598 τὸν
2888 3543 3206 3611 ἀξιέπαινον
3228 3542 3417 3613 ἄνδρα.
3452 3543 3608 3614 ’ῌδει
3637 3543 3744 3611 γὰρ

2154 3635 2320 3691 αὑτοῦ
2343 3635 2523 3704 πάσης
2555 3639 2652 3705 μὲν
2683 3633 2929 3705 στάθμης
2961 3631 3261 3702 εὐθυτέραν
3285 3627 3454 3684 οὖσαν
3471 3631 3570 3701 τὴν
3600 3628 3740 3698 γνώ-

2156 3743 2287 3798 μην,
2322 3729 2522 3792 παντὸς
2555 3728 2612 3782 δέ
2645 3727 2867 3789 κανόνος
2908 3724 3310 3795 ἀκριϐεστέρας
3349 3725 3405 3775 τ“
3427 3740 3454 3786 ς
3483 3723 3698 3790 ψήφους
3723 3737 3737 3750 ⁸

2153 3819 2390 3873 ὑπέλαϐε
2418 3820 2475 3874 δὲ
2510 3821 2603 3873 κα)⁸
2633 3818 2784 3872 θείαν
2811 3812 2952 3871 εἶναι
2981 3817 3080 3888 τὴν
3103 3801 3284 3887 ψῆφον
3315 3815 3409 3869 τοῦ
3437 3815 3628 3886 ἀνδρὸς
3670 3813 3737 3866 ἐκ

2153 3912 2255 3982 τῆς
2286 3912 2355 3968 τά
2384 3911 2602 3966 ἐναντία
2656 3909 3001 3982 φρονούντων
3027 3908 3463 3981 τεκμαιρόμενος
3511 3923 3741 3976 συμφω-

2155 4003 2299 4066 νίας.

2229 4097 2306 4151 Ε’.
2349 4093 2570 4164 Ἐπειδὴ
2601 4095 2657 4148 δὲ
2686 4093 2783 4147 καὶ
2819 4094 2918 4164 τῆς
2945 4091 3094 4156 θείας
3117 4091 3212 4145 τοῦ
3240 4091 3508 4160 παναγίου
3553 4089 3742 4162 βαπτίο

470 4183 798 4240 Ambrosius
820 4183 1057 4254 adeptus
1083 4183 1208 4245 fuit.
1239 4192 1298 4239 et
1329 4185 1559 4254 gratiam
1585 4185 1800 4254 accepit
1837 4185 2049 4255 episco-

2158 4207 2365 4260 σματος
2403 4189 2681 4243 ἀπέλαυσε
2708 4188 2938 4258 δωρεᾶς,
2965 4189 3064 4240 καὶ
3093 4187 3191 4257 τὴν
3211 4185 3605 4257 ἀρχιερατικὴν
3634 4185 3744 4238 ἐδέ-

471 4276 676 4347 palem,
699 4276 970 4331 Salvatori
996 4287 1164 4346 atque
1182 4276 1419 4331 Domino
1443 4275 1760 4346 bujusmodi
1787 4276 2049 4348 hymnum

2157 4278 2287 4348 ξατο
2309 4283 2466 4352 χάριν
2485 4297 2499 4312 ·
2537 4280 2726 4335 τοῦτον
2758 4281 2787 4332 ό
2815 4280 2994 4333 πάντα
3023 4280 3249 4348 ἀριστος
3284 4279 3543 4349 βασιλεὺς
3570 4293 3743 4344 προσ-

473 4368 721 4437 optimus
739 4369 1042 4438 imperator
1064 4369 1176 4437 (his
1188 4371 1337 4425 enim
1361 4373 1529 4425 rebus
1551 4368 1742 4424 aderat
1764 4370 2049 4440 praesens),

2156 4375 2471 4442 ενηνοχέναι
2515 4371 2736 4441 λέγεται
2794 4371 2872 4441 τῷ
2925 4371 3140 4441 Σωτῆρι
3193 4372 3287 4424 καὶ
3357 4370 3605 4441 Δεσπότῃ
3654 4368 3745 4421 τὸν

473 4460 678 4516 dicitur
715 4460 1024 4518 obtulisse:
1055 4461 1242 4518 Gratia
1275 4463 1401 4528 tibi,
1437 4461 1670 4517 Domine
1699 4461 2049 4532 omnipotens

2156 4463 2323 4529 ὕμνον
2344 4463 2461 4534 (καὶ
2493 4464 2597 4535 γὰρ
2623 4466 2732 4526 τοῖς
2755 4464 3144 4535 γεγενημένοις
3166 4462 3373 4533 παρῆν)
3398 4479 3411 4492 ·
3432 4461 3609 4532 Χάρις
3639 4478 3746 4528 σοι,

473 4561 530 4608 et
561 4551 818 4608 Salvator
849 4564 1062 4621 noster,
1093 4555 1243 4626 quod
1278 4554 1409 4610 huic
1442 4555 1626 4610 eidem
1657 4551 1778 4606 viro
1798 4567 1902 4623 ego
1929 4554 2049 4624 qui-

2156 4557 2409 4611 Δέσποτα
2438 4555 2834 4628 παντοκράτωρ
2865 4558 2961 4608 καὶ
2993 4553 3180 4624 Σῶτερ
3215 4554 3474 4626 ἡμέτερε,
3501 4556 3585 4608 ὅτι
3609 4553 3746 4626 τῷδε

471 4642 597 4698 dem
612 4658 848 4714 corpora
879 4646 1156 4710 commisi,
1178 4655 1236 4701 tu
1261 4660 1395 4700 vero
1416 4646 1630 4701 animas
1647 4684 1665 4714 ,
1701 4637 1756 4701 ei
1778 4646 2049 4718 judicium

2157 4648 2235 4720 τῷ
2264 4649 2419 4720 ἀνδρὶ
2448 4647 2558 4716 ἐγὼ
2593 4648 2694 4717 μὲν
2735 4647 3043 4718 ἐνεχείρισα
3076 4644 3326 4716 σώματα,
3356 4647 3420 4699 σὺ
3450 4646 3508 4700 δὲ
3539 4644 3746 4717 ψυχὰς,

473 4751 658 4792 meum
692 4737 988 4794 ostendisti
1021 4739 1234 4810 justum
1271 4737 1463 4792 fuisse.

2157 4741 2254 4796 καὶ
2277 4740 2377 4806 τάς
2393 4741 2533 4810 ὲμάς
2553 4739 2770 4811 ψήφους
2795 4738 3010 4802 δικαίας
3036 4737 3348 4808 ἀπέφηνας.

548 4828 635 4886 VI.
661 4828 879 4901 Eiapsis
896 4846 1064 4901 porro
1086 4833 1279 4902 paucis
1304 4831 1524 4896 diebus,
1548 4846 1676 4887 cum
1699 4833 1896 4904 majori
1916 4849 2049 4892 usus

2232 4835 2323 4900 ς’.
2376 4831 2597 4903 Ἐπειδὴ
2630 4831 2688 4885 δὲ
2707 4831 2907 4899 ὀλίγων
2935 4827 3264 4883 διελθουσῶν
3295 4827 3522 4901 ἡμερῶν
3549 4830 3578 4882 ὁ
3604 4829 3749 4893 θεῖος

474 4922 732 4978 libertate
763 4924 909 4978 idem
955 4921 1242 4980 hic'divus
1285 4923 1611 4981 Ambrosius
1655 4926 2049 4997 imperatorem

2157 4917 2312 4988 οὗτος
2345 4923 2672 4995 Ἀμϐρόσιος
2706 4923 2802 4976 σὺν
2844 4921 3134 4992 παρρησίᾳ
3163 4921 3393 4994 πλείστῃ
3423 4921 3502 4990 τῷ
3532 4921 3750 4990 βασιλεῖ

474 5016 876 5088 alioqueretur,
915 5032 1045 5073 eum
1097 5017 1388 5088 arguebat,
1434 5027 1494 5074 ut
1539 5029 1673 5090 puta
1707 5019 1781 5075 ob
1830 5022 2055 5093 negotia

475 5109 731 5180 quaedam
765 5125 793 5165 a
823 5109 1102 5180 praefectis
1128 5111 1250 5181 ejus
1286 5110 1436 5167 haud
1467 5119 1621 5168 recte
1666 5112 1846 5176 facta;
1883 5112 2058 5183 impe-

480 5215 653 5266 rator.
685 5205 979 5275 Equidem,
1011 5206 1111 5272 ait,
1133 5207 1279 5263 hanc
1308 5215 1458 5263 tuam
1491 5208 1806 5264 libertatem
1839 5208 2054 5277 pridem

479 5311 768 5357 noveram,
791 5303 848 5352 et
873 5297 1057 5353 sciens
1083 5299 1436 5370 prudensque
1461 5315 1572 5354 non
1596 5297 1760 5354 modo
1795 5313 1903 5352 non
1934 5313 2055 5353 sum

480 5389 812 5459 refragatus,
843 5389 942 5445 sed
967 5391 1133 5444 etiam
1175 5392 1448 5448 calculum
1483 5407 1669 5447 meum
1698 5406 1807 5446 una
1841 5392 2057 5447 contuli

473 5485 588 5529 ture
622 5478 985 5537 ordinationi.
1027 5481 1304 5538 Medicare
1337 5483 1528 5553 igitur,
1554 5482 1721 5539 sicuti
1745 5481 1934 5539 divina
1967 5483 2055 5539 lex

478 5569 748 5637 praecipit,
770 5573 998 5628 vulnera
1028 5574 1338 5630 animarum
1362 5585 1702 5633 nostrarum.

555 5660 663 5714 νη.
703 5663 825 5718 llaec
871 5665 1058 5737 itaque
1096 5681 1222 5722 cum
1279 5668 1702 5725 Valentinianus
1731 5685 1962 5743 magnus
2002 5677 2058 5725 et

480 5746 609 5819 plus
637 5751 934 5823 imperator
963 5755 1262 5814 Mediolani
1290 5757 1516 5814 dixisset
1543 5767 1705 5831 atque
1728 5760 1972 5828 iecisset,
2005 5767 2062 5815 et

2157 5015 2544 5087 διαλεγόμενος
2569 5014 2861 5087 ἐμέμψατο
2879 5014 2954 5078 ὡς
2995 5015 3099 5068 οὐκ
3128 5008 3189 5068 εὖ
3225 5014 3380 5084 παρά
3400 5013 3510 5067 τῶν
3549 5013 3748 5083 ἀρχόν-

2160 5127 2268 5164 των
2287 5109 2674 5181 γεγενημένοις
2706 5107 2848 5163 τισίν
2871 5124 2885 5140 ·
2918 5110 2946 5162 ό
2973 5108 3232 5180 βασιλεὺς
3263 5107 3388 5178 ἔφη·
3412 5104 3631 5173 Ταύτην
3653 5121 3749 5157 σου

2166 5203 2260 5269 καὶ
2291 5202 2457 5257 πάλαι
2492 5199 2642 5272 ᾔδειν
2669 5199 2768 5270 τὴν
2805 5199 3144 5274 παρρησίαν,
3179 5197 3274 5251 καὶ
3306 5195 3495 5265 σαφῶς
3523 5195 3750 5248 ἐπιστά-

2166 5312 2325 5368 μενος
2352 5297 2411 5348 οὐ
2446 5294 2605 5365 μόνον
2635 5295 2735 5347 οὐκ
2757 5295 3028 5361 ἀντεῖπον,
3053 5293 3187 5347 ἀλλά
3217 5292 3310 5346 καὶ
3342 5291 3632 5362 σύμψηφος
3648 5293 3748 5360 τῆς

2165 5385 2500 5458 χειροτονίας
2526 5385 2849 5455 γεγένημαι.
2880 5385 3121 5456 Ἰἀτρευε
3147 5379 3263 5448 οὖν,
3296 5385 3371 5447 ὡς
3401 5385 3429 5437 ό
3451 5385 3592 5446 θεῖος
3610 5383 3749 5434 ὑπα-

2168 5477 2388 5550 γορεύει
2418 5480 2600 5548 νόμος,
2629 5479 2696 5531 τά
2723 5477 2832 5531 τῶν
2884 5477 3170 5549 ἡμετέρων
3198 5476 3388 5548 ψυχῶν
3420 5473 3748 5547 πλημμελή-

2173 5588 2342 5642 ματα.

2239 5664 2311 5719 Ζ’.
2342 5665 2527 5718 Ταῦτα
2564 5666 2662 5734 μὲν
2693 5666 2750 5716 ἐν
2779 5665 3092 5734 Μεδιολάνῳ
3139 5665 3232 5718 καὶ
3270 5659 3391 5715 εἷπε
3429 5663 3520 5716 καὶ
3561 5660 3753 5730 δέδρα-

2167 5775 2261 5814 κεν
2312 5757 2754 5824 Οὐαλεντινιανδς
2787 5759 2813 5812 ὁ
2873 5758 3044 5831 μέγας
3087 5759 3178 5814 καὶ
3208 5756 3434 5830 εὐσεϐὴς
3468 5754 3742 5827 βασιλεύς.
