  <div class='ocr_page' id='page_1' title='image "/cluster/home/n/w/nwhite01/storage/ocr_20150623/116/hvd.32044073502221/438.png"; bbox 0 0 4142 6384; ppageno 0'>
   <div class='ocr_carea' id='block_1_1' title="bbox 402 315 3668 389">
    <p class='ocr_par' dir='ltr' id='par_1_1' title="bbox 402 315 3668 389">
     <span class='ocr_line' id='line_1_1' title="bbox 402 315 3668 389; baseline -0.003 -2"><span class='ocrx_word' id='word_1_1' title='bbox 402 330 509 389; x_wconf 62' lang='grc' dir='ltr'><strong>ξοδ</strong></span> <span class='ocrx_word' id='word_1_2' title='bbox 1673 319 1854 382; x_wconf 73' lang='lat' dir='ltr'><strong>VITA</strong></span> <span class='ocrx_word' id='word_1_3' title='bbox 1895 319 1951 381; x_wconf 87' lang='lat' dir='ltr'><strong>S.</strong></span> <span class='ocrx_word' id='word_1_4' title='bbox 1997 318 2394 380; x_wconf 78' lang='lat' dir='ltr'><strong>AMBROSU.</strong></span> <span class='ocrx_word' id='word_1_5' title='bbox 3560 315 3668 380; x_wconf 83' lang='lat'><em>866</em></span> 
     </span>
    </p>
   </div>
   <div class='ocr_carea' id='block_1_2' title="bbox 389 429 1980 508">
    <p class='ocr_par' dir='ltr' id='par_1_2' title="bbox 389 436 1980 508">
     <span class='ocr_line' id='line_1_2' title="bbox 389 436 1980 508; baseline -0.003 -15"><span class='ocrx_word' id='word_1_6' title='bbox 389 437 555 500; x_wconf 65' lang='grc' dir='ltr'>Οὗτος</span> <span class='ocrx_word' id='word_1_7' title='bbox 584 438 761 500; x_wconf 75' lang='grc' dir='ltr'>καλῶς</span> <span class='ocrx_word' id='word_1_8' title='bbox 795 437 1073 506; x_wconf 72' lang='grc' dir='ltr'>διοικήσας</span> <span class='ocrx_word' id='word_1_9' title='bbox 1127 436 1296 490; x_wconf 84' lang='grc' dir='ltr'>πάντα</span> <span class='ocrx_word' id='word_1_10' title='bbox 1332 436 1401 490; x_wconf 78' lang='grc' dir='ltr'><strong>τά</strong></span> <span class='ocrx_word' id='word_1_11' title='bbox 1430 437 1528 508; x_wconf 82' lang='grc' dir='ltr'>τῆς</span> <span class='ocrx_word' id='word_1_12' title='bbox 1570 437 1849 508; x_wconf 82' lang='grc' dir='ltr'>βασιλείας</span> <span class='ocrx_word' id='word_1_13' title='bbox 1889 437 1980 489; x_wconf 61' lang='grc' dir='ltr'>καὶ</span> 
     </span>
    </p>
   </div>
   <div class='ocr_carea' id='block_1_3' title="bbox 2085 429 3675 508">
    <p class='ocr_par' dir='ltr' id='par_1_3' title="bbox 2089 429 3675 504">
     <span class='ocr_line' id='line_1_3' title="bbox 2089 429 3675 504; baseline -0.001 -15"><span class='ocrx_word' id='word_1_14' title='bbox 2089 435 2322 504; x_wconf 76' lang='lat' dir='ltr'><strong>pulchre</strong></span> <span class='ocrx_word' id='word_1_15' title='bbox 2385 432 2610 502; x_wconf 86' lang='lat' dir='ltr'><strong>quidem</strong></span> <span class='ocrx_word' id='word_1_16' title='bbox 2667 431 3052 486; x_wconf 85' lang='lat' dir='ltr'><strong>constituisset</strong></span> <span class='ocrx_word' id='word_1_17' title='bbox 3123 429 3444 501; x_wconf 87' lang='lat' dir='ltr'><strong>imperium,</strong></span> <span class='ocrx_word' id='word_1_18' title='bbox 3508 441 3675 487; x_wconf 68' lang='lat' dir='ltr'><strong>rectm</strong></span> 
     </span>
    </p>
   </div>
   <div class='ocr_carea' id='block_1_4' title="bbox 389 523 1980 602">
    <p class='ocr_par' dir='ltr' id='par_1_4' title="bbox 389 523 1977 600">
     <span class='ocr_line' id='line_1_4' title="bbox 389 523 1977 600; baseline -0.004 -18"><span class='ocrx_word' id='word_1_19' title='bbox 389 527 670 600; x_wconf 77' lang='grc' dir='ltr'>ὀρθοδοξίςι</span> <span class='ocrx_word' id='word_1_20' title='bbox 699 525 1010 596; x_wconf 67' lang='grc' dir='ltr'>διαλάμψας</span> <span class='ocrx_word' id='word_1_21' title='bbox 1038 524 1384 578; x_wconf 71' lang='grc' dir='ltr'><strong>ἀνεπαύσατο</strong></span> <span class='ocrx_word' id='word_1_22' title='bbox 1411 524 1735 596; x_wconf 76' lang='grc' dir='ltr'><strong>βασιλεύσας</strong></span> <span class='ocrx_word' id='word_1_23' title='bbox 1759 523 1852 576; x_wconf 78' lang='grc' dir='ltr'>ἐπὶ</span> <span class='ocrx_word' id='word_1_24' title='bbox 1879 523 1977 593; x_wconf 82' lang='grc' dir='ltr'>ἔτη</span> 
     </span>
    </p>
   </div>
   <div class='ocr_carea' id='block_1_5' title="bbox 2085 523 3676 602">
    <p class='ocr_par' dir='ltr' id='par_1_5' title="bbox 2088 523 3676 602">
     <span class='ocr_line' id='line_1_5' title="bbox 2088 523 3676 602; baseline -0.002 -21"><span class='ocrx_word' id='word_1_25' title='bbox 2088 542 2217 581; x_wconf 91' lang='lat' dir='ltr'><strong>vero</strong></span> <span class='ocrx_word' id='word_1_26' title='bbox 2269 525 2396 580; x_wconf 87' lang='lat' dir='ltr'><strong>ﬁdei</strong></span> <span class='ocrx_word' id='word_1_27' title='bbox 2451 523 2794 594; x_wconf 79' lang='lat' dir='ltr'><strong>professione</strong></span> <span class='ocrx_word' id='word_1_28' title='bbox 2853 524 3204 586; x_wconf 76' lang='lat' dir='ltr'><strong>remisisset,</strong></span> <span class='ocrx_word' id='word_1_29' title='bbox 3255 537 3412 580; x_wconf 80' lang='lat' dir='ltr'><strong>sexto</strong></span> <span class='ocrx_word' id='word_1_30' title='bbox 3455 523 3676 602; x_wconf 78' lang='lat' dir='ltr'><strong>decimo</strong></span> 
     </span>
    </p>
   </div>
   <div class='ocr_carea' id='block_1_6' title="bbox 397 615 1980 687">
    <p class='ocr_par' dir='ltr' id='par_1_6' title="bbox 397 615 1980 687">
     <span class='ocr_line' id='line_1_6' title="bbox 397 615 1980 687; baseline -0.006 -12"><span class='ocrx_word' id='word_1_31' title='bbox 397 618 482 684; x_wconf 86' lang='lat' dir='ltr'><strong>t;&#39;.</strong></span> <span class='ocrx_word' id='word_1_32' title='bbox 517 619 793 674; x_wconf 80' lang='grc' dir='ltr'><strong>Κατέλιπε</strong></span> <span class='ocrx_word' id='word_1_33' title='bbox 821 617 878 670; x_wconf 78' lang='grc' dir='ltr'><strong>δέ</strong></span> <span class='ocrx_word' id='word_1_34' title='bbox 932 617 1206 687; x_wconf 77' lang='grc' dir='ltr'><strong>διαδόχους</strong></span> <span class='ocrx_word' id='word_1_35' title='bbox 1237 615 1363 681; x_wconf 74' lang='grc' dir='ltr'>τοὺς</span> <span class='ocrx_word' id='word_1_36' title='bbox 1391 617 1587 679; x_wconf 76' lang='grc' dir='ltr'>παῖῖας</span> <span class='ocrx_word' id='word_1_37' title='bbox 1638 615 1804 670; x_wconf 82' lang='grc' dir='ltr'>αὐτοῦ</span> <span class='ocrx_word' id='word_1_38' title='bbox 1835 615 1980 686; x_wconf 78' lang='grc' dir='ltr'>Γρα-</span> 
     </span>
    </p>
   </div>
   <div class='ocr_carea' id='block_1_7' title="bbox 392 707 1980 778">
    <p class='ocr_par' dir='ltr' id='par_1_7' title="bbox 392 707 1980 778">
     <span class='ocr_line' id='line_1_7' title="bbox 392 707 1980 778; baseline -0.005 -14"><span class='ocrx_word' id='word_1_39' title='bbox 392 710 577 767; x_wconf 82' lang='grc' dir='ltr'>τιανδν</span> <span class='ocrx_word' id='word_1_40' title='bbox 607 711 703 764; x_wconf 72' lang='grc' dir='ltr'>καὶ</span> <span class='ocrx_word' id='word_1_41' title='bbox 731 708 1174 762; x_wconf 76' lang='grc' dir='ltr'>Οὐαλεντινιανὸν</span> <span class='ocrx_word' id='word_1_42' title='bbox 1205 709 1296 760; x_wconf 79' lang='grc' dir='ltr'>τὸν</span> <span class='ocrx_word' id='word_1_43' title='bbox 1316 709 1454 763; x_wconf 73' lang='grc' dir='ltr'>νέον.</span> <span class='ocrx_word' id='word_1_44' title='bbox 1490 708 1602 778; x_wconf 78' lang='grc' dir='ltr'><strong>Τῆς</strong></span> <span class='ocrx_word' id='word_1_45' title='bbox 1633 708 1691 761; x_wconf 79' lang='grc' dir='ltr'><strong>δέ</strong></span> <span class='ocrx_word' id='word_1_46' title='bbox 1717 707 1980 776; x_wconf 77' lang='grc' dir='ltr'><strong>ἀνατολῆς</strong></span> 
     </span>
    </p>
   </div>
   <div class='ocr_carea' id='block_1_8' title="bbox 392 795 1980 867">
    <p class='ocr_par' dir='ltr' id='par_1_8' title="bbox 392 795 1980 867">
     <span class='ocr_line' id='line_1_8' title="bbox 392 795 1980 867; baseline -0.006 -12"><span class='ocrx_word' id='word_1_47' title='bbox 392 799 708 855; x_wconf 89' lang='grc' dir='ltr'>ἐϐασίλευεν</span> <span class='ocrx_word' id='word_1_48' title='bbox 736 797 949 867; x_wconf 87' lang='grc' dir='ltr'>Οὐάλης</span> <span class='ocrx_word' id='word_1_49' title='bbox 975 798 1002 849; x_wconf 99' lang='lat'><strong>6</strong></span> <span class='ocrx_word' id='word_1_50' title='bbox 1031 795 1257 866; x_wconf 68' lang='grc' dir='ltr'>ἀδελφὸς</span> <span class='ocrx_word' id='word_1_51' title='bbox 1288 795 1735 849; x_wconf 73' lang='grc' dir='ltr'>Οὐαλεντινιανοῦ</span> <span class='ocrx_word' id='word_1_52' title='bbox 1760 795 1853 848; x_wconf 81' lang='grc' dir='ltr'>τοῦ</span> <span class='ocrx_word' id='word_1_53' title='bbox 1880 812 1980 863; x_wconf 77' lang='grc' dir='ltr'>με-</span> 
     </span>
    </p>
   </div>
   <div class='ocr_carea' id='block_1_9' title="bbox 390 881 1982 963">
    <p class='ocr_par' dir='ltr' id='par_1_9' title="bbox 390 881 1982 963">
     <span class='ocr_line' id='line_1_9' title="bbox 390 881 1982 963; baseline -0.004 -16"><span class='ocrx_word' id='word_1_54' title='bbox 390 893 583 963; x_wconf 89' lang='grc' dir='ltr'>γάλου,</span> <span class='ocrx_word' id='word_1_55' title='bbox 622 891 769 954; x_wconf 81' lang='grc' dir='ltr'>ὅστις</span> <span class='ocrx_word' id='word_1_56' title='bbox 791 893 890 961; x_wconf 83' lang='grc' dir='ltr'>τῆς</span> <span class='ocrx_word' id='word_1_57' title='bbox 932 891 1218 960; x_wconf 77' lang='grc' dir='ltr'>Ἀρειανῆς</span> <span class='ocrx_word' id='word_1_58' title='bbox 1273 889 1456 959; x_wconf 87' lang='grc' dir='ltr'>λώϐης</span> <span class='ocrx_word' id='word_1_59' title='bbox 1505 890 1774 959; x_wconf 84' lang='grc' dir='ltr'>μετεῖχεν.</span> <span class='ocrx_word' id='word_1_60' title='bbox 1810 881 1982 951; x_wconf 68' lang='grc' dir='ltr'>Οὗτος</span> 
     </span>
    </p>
   </div>
   <div class='ocr_carea' id='block_1_10' title="bbox 394 977 1982 1054">
    <p class='ocr_par' dir='ltr' id='par_1_10' title="bbox 394 977 1982 1054">
     <span class='ocr_line' id='line_1_10' title="bbox 394 977 1982 1054; baseline -0.004 -17"><span class='ocrx_word' id='word_1_61' title='bbox 394 979 689 1054; x_wconf 90' lang='grc' dir='ltr'>συμϐαλὼν</span> <span class='ocrx_word' id='word_1_62' title='bbox 719 979 955 1050; x_wconf 89' lang='grc' dir='ltr'>πόλεμον</span> <span class='ocrx_word' id='word_1_63' title='bbox 993 979 1133 1049; x_wconf 78' lang='grc' dir='ltr'>μετὰ</span> <span class='ocrx_word' id='word_1_64' title='bbox 1179 979 1288 1032; x_wconf 86' lang='grc' dir='ltr'>τῶν</span> <span class='ocrx_word' id='word_1_65' title='bbox 1321 979 1359 1031; x_wconf 85' lang='grc' dir='ltr'><strong>Γ</strong></span> <span class='ocrx_word' id='word_1_66' title='bbox 1361 979 1555 1044; x_wconf 87' lang='grc' dir='ltr'>ότθων,</span> <span class='ocrx_word' id='word_1_67' title='bbox 1596 978 1852 1048; x_wconf 67' lang='grc' dir='ltr'>ἡττηθεὶς</span> <span class='ocrx_word' id='word_1_68' title='bbox 1888 977 1982 1032; x_wconf 66' lang='grc' dir='ltr'><strong>καί⁸</strong></span> 
     </span>
    </p>
   </div>
   <div class='ocr_carea' id='block_1_11' title="bbox 396 1066 1977 1145">
    <p class='ocr_par' dir='ltr' id='par_1_11' title="bbox 396 1066 1977 1145">
     <span class='ocr_line' id='line_1_11' title="bbox 396 1066 1977 1145; baseline -0.004 -19"><span class='ocrx_word' id='word_1_69' title='bbox 396 1071 732 1145; x_wconf 79' lang='grc' dir='ltr'><strong>προσφυγὼν</strong></span> <span class='ocrx_word' id='word_1_70' title='bbox 784 1071 864 1134; x_wconf 81' lang='grc' dir='ltr'>εἰς</span> <span class='ocrx_word' id='word_1_71' title='bbox 903 1069 1160 1141; x_wconf 71' lang='grc' dir='ltr'>άχυρτῦνα</span> <span class='ocrx_word' id='word_1_72' title='bbox 1215 1070 1274 1122; x_wconf 80' lang='grc' dir='ltr'><strong>ἐν</strong></span> <span class='ocrx_word' id='word_1_73' title='bbox 1330 1066 1478 1138; x_wconf 86' lang='grc' dir='ltr'>αὐτῷ</span> <span class='ocrx_word' id='word_1_74' title='bbox 1525 1069 1659 1136; x_wconf 77' lang='grc' dir='ltr'>πυρὶ</span> <span class='ocrx_word' id='word_1_75' title='bbox 1711 1067 1977 1139; x_wconf 79' lang='grc' dir='ltr'><strong>κατεκάη.</strong></span> 
     </span>
    </p>
   </div>
   <div class='ocr_carea' id='block_1_12' title="bbox 393 1161 1983 1236">
    <p class='ocr_par' dir='ltr' id='par_1_12' title="bbox 393 1161 1983 1236">
     <span class='ocr_line' id='line_1_12' title="bbox 393 1161 1983 1236; baseline -0.003 -18"><span class='ocrx_word' id='word_1_76' title='bbox 393 1163 691 1236; x_wconf 77' lang='grc' dir='ltr'>Γρατιανδς</span> <span class='ocrx_word' id='word_1_77' title='bbox 719 1164 776 1218; x_wconf 79' lang='grc' dir='ltr'>δὲ</span> <span class='ocrx_word' id='word_1_78' title='bbox 822 1164 851 1217; x_wconf 89' lang='lat'><strong>6</strong></span> <span class='ocrx_word' id='word_1_79' title='bbox 882 1161 1327 1218; x_wconf 78' lang='grc' dir='ltr'>Οὐαλεντινιανοῦ</span> <span class='ocrx_word' id='word_1_80' title='bbox 1369 1161 1466 1232; x_wconf 67' lang='grc' dir='ltr'>μιν</span> <span class='ocrx_word' id='word_1_81' title='bbox 1513 1161 1646 1224; x_wconf 83' lang='grc' dir='ltr'>υἱὸς,</span> <span class='ocrx_word' id='word_1_82' title='bbox 1681 1161 1983 1225; x_wconf 77' lang='grc' dir='ltr'><strong>Οὐάλεντος</strong></span> 
     </span>
    </p>
   </div>
   <div class='ocr_carea' id='block_1_13' title="bbox 395 1252 1981 1325">
    <p class='ocr_par' dir='ltr' id='par_1_13' title="bbox 395 1252 1981 1325">
     <span class='ocr_line' id='line_1_13' title="bbox 395 1252 1981 1325; baseline -0.003 -16"><span class='ocrx_word' id='word_1_83' title='bbox 395 1256 455 1310; x_wconf 81' lang='grc' dir='ltr'>δὲ</span> <span class='ocrx_word' id='word_1_84' title='bbox 479 1256 719 1325; x_wconf 75' lang='grc' dir='ltr'>ἀνεψιὸς,</span> <span class='ocrx_word' id='word_1_85' title='bbox 747 1255 928 1308; x_wconf 73' lang='grc' dir='ltr'>πᾶσαν</span> <span class='ocrx_word' id='word_1_86' title='bbox 955 1255 1052 1323; x_wconf 80' lang='grc' dir='ltr'>τὴν</span> <span class='ocrx_word' id='word_1_87' title='bbox 1069 1254 1175 1307; x_wconf 81' lang='grc' dir='ltr'><strong>τῶν</strong></span> <span class='ocrx_word' id='word_1_88' title='bbox 1189 1253 1480 1324; x_wconf 85' lang='grc' dir='ltr'>Ῥωμαίων</span> <span class='ocrx_word' id='word_1_89' title='bbox 1512 1252 1809 1322; x_wconf 83' lang='grc' dir='ltr'>ἡγεμονίαν</span> <span class='ocrx_word' id='word_1_90' title='bbox 1837 1270 1981 1321; x_wconf 82' lang='grc' dir='ltr'>παρ-</span> 
     </span>
    </p>
   </div>
   <div class='ocr_carea' id='block_1_14' title="bbox 395 1345 1982 1418">
    <p class='ocr_par' dir='ltr' id='par_1_14' title="bbox 395 1345 1982 1418">
     <span class='ocr_line' id='line_1_14' title="bbox 395 1345 1982 1418; baseline -0.006 -13"><span class='ocrx_word' id='word_1_91' title='bbox 395 1349 609 1405; x_wconf 76' lang='grc' dir='ltr'>έλαϐεν.</span> <span class='ocrx_word' id='word_1_92' title='bbox 645 1347 865 1418; x_wconf 84' lang='grc' dir='ltr'>Πρῶτον</span> <span class='ocrx_word' id='word_1_93' title='bbox 896 1346 996 1416; x_wconf 81' lang='grc' dir='ltr'>μὲν</span> <span class='ocrx_word' id='word_1_94' title='bbox 1026 1347 1134 1418; x_wconf 75' lang='grc' dir='ltr'><strong>γάρ</strong></span> <span class='ocrx_word' id='word_1_95' title='bbox 1151 1345 1220 1399; x_wconf 71' lang='grc' dir='ltr'><strong>τά</strong></span> <span class='ocrx_word' id='word_1_96' title='bbox 1250 1346 1347 1416; x_wconf 85' lang='grc' dir='ltr'>τῆς</span> <span class='ocrx_word' id='word_1_97' title='bbox 1373 1345 1642 1416; x_wconf 83' lang='grc' dir='ltr'><strong>Εὐρώπης</strong></span> <span class='ocrx_word' id='word_1_98' title='bbox 1677 1346 1770 1398; x_wconf 83' lang='grc' dir='ltr'>καὶ</span> <span class='ocrx_word' id='word_1_99' title='bbox 1801 1345 1982 1416; x_wconf 78' lang='grc' dir='ltr'>πάσης</span> 
     </span>
    </p>
   </div>
   <div class='ocr_carea' id='block_1_15' title="bbox 393 1438 1976 1514">
    <p class='ocr_par' dir='ltr' id='par_1_15' title="bbox 393 1438 1976 1514">
     <span class='ocr_line' id='line_1_15' title="bbox 393 1438 1976 1514; baseline -0.019 -15"><span class='ocrx_word' id='word_1_100' title='bbox 393 1443 496 1514; x_wconf 81' lang='grc' dir='ltr'>τῆς</span> <span class='ocrx_word' id='word_1_101' title='bbox 520 1441 736 1505; x_wconf 88' lang='grc' dir='ltr'>Δύσεως</span> <span class='ocrx_word' id='word_1_102' title='bbox 767 1441 920 1511; x_wconf 77' lang='grc' dir='ltr'>παρὰ</span> <span class='ocrx_word' id='word_1_103' title='bbox 946 1439 1038 1493; x_wconf 81' lang='grc' dir='ltr'><strong>τοῦ</strong></span> <span class='ocrx_word' id='word_1_104' title='bbox 1071 1440 1276 1510; x_wconf 68' lang='grc' dir='ltr'>πατρὸς</span> <span class='ocrx_word' id='word_1_105' title='bbox 1324 1438 1653 1509; x_wconf 70' lang='grc' dir='ltr'>παρειλήφει</span> <span class='ocrx_word' id='word_1_106' title='bbox 1683 1438 1942 1510; x_wconf 59' lang='grc' dir='ltr'><strong>σκῆπτρα</strong></span> <span class='ocrx_word' id='word_1_107' title='bbox 1962 1456 1976 1469; x_wconf 93' lang='grc'><strong>.</strong></span> 
     </span>
    </p>
   </div>
   <div class='ocr_carea' id='block_1_16' title="bbox 397 1528 1980 1605">
    <p class='ocr_par' dir='ltr' id='par_1_16' title="bbox 397 1528 1980 1605">
     <span class='ocr_line' id='line_1_16' title="bbox 397 1528 1980 1605; baseline -0.002 -17"><span class='ocrx_word' id='word_1_108' title='bbox 397 1533 673 1605; x_wconf 84' lang='grc' dir='ltr'>παρέλαϐε</span> <span class='ocrx_word' id='word_1_109' title='bbox 720 1533 775 1587; x_wconf 85' lang='grc' dir='ltr'>δὲ</span> <span class='ocrx_word' id='word_1_110' title='bbox 810 1536 901 1586; x_wconf 78' lang='grc' dir='ltr'>καὶ</span> <span class='ocrx_word' id='word_1_111' title='bbox 929 1533 1030 1604; x_wconf 77' lang='grc' dir='ltr'>τὴν</span> <span class='ocrx_word' id='word_1_112' title='bbox 1076 1532 1264 1585; x_wconf 84' lang='grc' dir='ltr'>’Δσίαν</span> <span class='ocrx_word' id='word_1_113' title='bbox 1301 1535 1395 1586; x_wconf 75' lang='grc' dir='ltr'>καὶ</span> <span class='ocrx_word' id='word_1_114' title='bbox 1439 1530 1509 1584; x_wconf 80' lang='grc' dir='ltr'><strong>τὰ</strong></span> <span class='ocrx_word' id='word_1_115' title='bbox 1543 1528 1840 1601; x_wconf 86' lang='grc' dir='ltr'>λειπόμενα</span> <span class='ocrx_word' id='word_1_116' title='bbox 1881 1531 1980 1603; x_wconf 82' lang='grc' dir='ltr'>τῆς</span> 
     </span>
    </p>
   </div>
   <div class='ocr_carea' id='block_1_17' title="bbox 401 1620 1982 1694">
    <p class='ocr_par' dir='ltr' id='par_1_17' title="bbox 401 1620 1982 1694">
     <span class='ocr_line' id='line_1_17' title="bbox 401 1620 1982 1694; baseline -0.003 -13"><span class='ocrx_word' id='word_1_117' title='bbox 401 1625 632 1692; x_wconf 83' lang='grc' dir='ltr'>Λιϐύης,</span> <span class='ocrx_word' id='word_1_118' title='bbox 670 1624 897 1686; x_wconf 79' lang='grc' dir='ltr'>άπαιδος</span> <span class='ocrx_word' id='word_1_119' title='bbox 931 1621 1310 1694; x_wconf 77' lang='grc' dir='ltr'><strong>ἀναιρεθέντος</strong></span> <span class='ocrx_word' id='word_1_120' title='bbox 1341 1620 1436 1677; x_wconf 81' lang='grc' dir='ltr'><strong>τοῦ</strong></span> <span class='ocrx_word' id='word_1_121' title='bbox 1462 1621 1782 1686; x_wconf 80' lang='grc' dir='ltr'>Οὐάλεντος.</span> <span class='ocrx_word' id='word_1_122' title='bbox 1812 1623 1982 1676; x_wconf 80' lang='grc' dir='ltr'>Εὐσε-</span> 
     </span>
    </p>
   </div>
   <div class='ocr_carea' id='block_1_18' title="bbox 399 1711 1981 1790">
    <p class='ocr_par' dir='ltr' id='par_1_18' title="bbox 399 1711 1981 1790">
     <span class='ocr_line' id='line_1_18' title="bbox 399 1711 1981 1790; baseline -0.004 -19"><span class='ocrx_word' id='word_1_123' title='bbox 399 1716 500 1790; x_wconf 77' lang='grc' dir='ltr'>ϐὴς</span> <span class='ocrx_word' id='word_1_124' title='bbox 530 1717 587 1770; x_wconf 75' lang='grc' dir='ltr'><strong>δέ</strong></span> <span class='ocrx_word' id='word_1_125' title='bbox 608 1715 684 1769; x_wconf 83' lang='grc' dir='ltr'>ὢν</span> <span class='ocrx_word' id='word_1_126' title='bbox 714 1715 854 1770; x_wconf 83' lang='grc' dir='ltr'>κατά</span> <span class='ocrx_word' id='word_1_127' title='bbox 882 1713 972 1766; x_wconf 71' lang='grc' dir='ltr'><strong>τὸν</strong></span> <span class='ocrx_word' id='word_1_128' title='bbox 995 1711 1207 1783; x_wconf 87' lang='grc' dir='ltr'>πατέρα</span> <span class='ocrx_word' id='word_1_129' title='bbox 1233 1713 1602 1768; x_wconf 71' lang='grc' dir='ltr'>ἀνεκαλέσατο</span> <span class='ocrx_word' id='word_1_130' title='bbox 1621 1713 1832 1776; x_wconf 86' lang='grc' dir='ltr'>πάντας</span> <span class='ocrx_word' id='word_1_131' title='bbox 1853 1713 1981 1776; x_wconf 86' lang='grc' dir='ltr'><strong>τούς</strong></span> 
     </span>
    </p>
   </div>
   <div class='ocr_carea' id='block_1_19' title="bbox 2085 605 3676 687">
    <p class='ocr_par' dir='ltr' id='par_1_19' title="bbox 2085 605 3676 687">
     <span class='ocr_line' id='line_1_19' title="bbox 2085 605 3676 687; baseline -0.002 -14"><span class='ocrx_word' id='word_1_132' title='bbox 2085 618 2304 687; x_wconf 86' lang='lat' dir='ltr'><strong>imperii</strong></span> <span class='ocrx_word' id='word_1_133' title='bbox 2366 633 2512 671; x_wconf 90' lang='lat' dir='ltr'><strong>anno</strong></span> <span class='ocrx_word' id='word_1_134' title='bbox 2557 615 2668 670; x_wconf 87' lang='lat' dir='ltr'><strong>vita</strong></span> <span class='ocrx_word' id='word_1_135' title='bbox 2723 615 2946 670; x_wconf 77' lang='lat' dir='ltr'><strong>decedit</strong></span> <span class='ocrx_word' id='word_1_136' title='bbox 3008 632 3022 669; x_wconf 89' lang='lat'><strong>:</strong></span> <span class='ocrx_word' id='word_1_137' title='bbox 3085 632 3438 672; x_wconf 78' lang='lat' dir='ltr'><strong>successores</strong></span> <span class='ocrx_word' id='word_1_138' title='bbox 3471 605 3676 671; x_wconf 44' lang='lat' dir='ltr'><strong>‘autem</strong></span> 
     </span>
    </p>
   </div>
   <div class='ocr_carea' id='block_1_20' title="bbox 2085 708 3677 780">
    <p class='ocr_par' dir='ltr' id='par_1_20' title="bbox 2085 708 3677 780">
     <span class='ocr_line' id='line_1_20' title="bbox 2085 708 3677 780; baseline 0 -16"><span class='ocrx_word' id='word_1_139' title='bbox 2085 710 2348 779; x_wconf 86' lang='lat' dir='ltr'><strong>relinquit</strong></span> <span class='ocrx_word' id='word_1_140' title='bbox 2371 710 2517 764; x_wconf 89' lang='lat' dir='ltr'><strong>ﬁlios</strong></span> <span class='ocrx_word' id='word_1_141' title='bbox 2539 725 2671 764; x_wconf 88' lang='lat' dir='ltr'><strong>suos</strong></span> <span class='ocrx_word' id='word_1_142' title='bbox 2697 708 3026 763; x_wconf 75' lang='lat' dir='ltr'><strong>Gratianum</strong></span> <span class='ocrx_word' id='word_1_143' title='bbox 3053 709 3446 780; x_wconf 84' lang='lat' dir='ltr'><strong>juniorcmque</strong></span> <span class='ocrx_word' id='word_1_144' title='bbox 3477 710 3677 765; x_wconf 85' lang='lat' dir='ltr'><strong>Valen-</strong></span> 
     </span>
    </p>
   </div>
   <div class='ocr_carea' id='block_1_21' title="bbox 2087 799 3676 872">
    <p class='ocr_par' dir='ltr' id='par_1_21' title="bbox 2087 799 3676 872">
     <span class='ocr_line' id='line_1_21' title="bbox 2087 799 3676 872; baseline 0.001 -20"><span class='ocrx_word' id='word_1_145' title='bbox 2087 800 2388 863; x_wconf 88' lang='lat' dir='ltr'><strong>tinianum,</strong></span> <span class='ocrx_word' id='word_1_146' title='bbox 2431 801 2660 855; x_wconf 87' lang='lat' dir='ltr'><strong>Valente</strong></span> <span class='ocrx_word' id='word_1_147' title='bbox 2717 800 2888 854; x_wconf 84' lang='lat' dir='ltr'><strong>fratre</strong></span> <span class='ocrx_word' id='word_1_148' title='bbox 2945 801 3000 855; x_wconf 89' lang='lat' dir='ltr'><strong>in</strong></span> <span class='ocrx_word' id='word_1_149' title='bbox 3050 799 3296 857; x_wconf 76' lang='lat' dir='ltr'><strong>Orientis</strong></span> <span class='ocrx_word' id='word_1_150' title='bbox 3352 801 3676 872; x_wconf 80' lang='lat' dir='ltr'><strong>regionibus</strong></span> 
     </span>
    </p>
   </div>
   <div class='ocr_carea' id='block_1_22' title="bbox 2082 890 3672 963">
    <p class='ocr_par' dir='ltr' id='par_1_22' title="bbox 2082 890 3672 963">
     <span class='ocr_line' id='line_1_22' title="bbox 2082 890 3672 963; baseline 0.002 -19"><span class='ocrx_word' id='word_1_151' title='bbox 2082 905 2268 946; x_wconf 88' lang='lat' dir='ltr'><strong>rerum</strong></span> <span class='ocrx_word' id='word_1_152' title='bbox 2301 890 2573 961; x_wconf 89' lang='lat' dir='ltr'><strong>potiente,</strong></span> <span class='ocrx_word' id='word_1_153' title='bbox 2612 907 2680 946; x_wconf 90' lang='lat' dir='ltr'><strong>eo</strong></span> <span class='ocrx_word' id='word_1_154' title='bbox 2727 892 2943 946; x_wconf 77' lang='lat' dir='ltr'><strong>scilicet</strong></span> <span class='ocrx_word' id='word_1_155' title='bbox 2978 892 3072 960; x_wconf 92' lang='lat' dir='ltr'><strong>qui</strong></span> <span class='ocrx_word' id='word_1_156' title='bbox 3105 893 3326 948; x_wconf 80' lang='lat' dir='ltr'><strong>Arianis</strong></span> <span class='ocrx_word' id='word_1_157' title='bbox 3357 893 3412 947; x_wconf 91' lang='lat' dir='ltr'><strong>in</strong></span> <span class='ocrx_word' id='word_1_158' title='bbox 3445 894 3672 963; x_wconf 90' lang='lat' dir='ltr'><strong>perﬁdia</strong></span> 
     </span>
    </p>
   </div>
   <div class='ocr_carea' id='block_1_23' title="bbox 2084 982 3672 1055">
    <p class='ocr_par' dir='ltr' id='par_1_23' title="bbox 2084 982 3672 1055">
     <span class='ocr_line' id='line_1_23' title="bbox 2084 982 3672 1055; baseline 0.002 -18"><span class='ocrx_word' id='word_1_159' title='bbox 2084 996 2206 1037; x_wconf 89' lang='lat' dir='ltr'><strong>sese</strong></span> <span class='ocrx_word' id='word_1_160' title='bbox 2258 983 2570 1054; x_wconf 76' lang='lat' dir='ltr'><strong>conjunxit.</strong></span> <span class='ocrx_word' id='word_1_161' title='bbox 2626 983 2728 1038; x_wconf 76' lang='lat' dir='ltr'><strong>ilic</strong></span> <span class='ocrx_word' id='word_1_162' title='bbox 2785 982 3011 1053; x_wconf 86' lang='lat' dir='ltr'><strong>quidem</strong></span> <span class='ocrx_word' id='word_1_163' title='bbox 3061 999 3186 1038; x_wconf 91' lang='lat' dir='ltr'><strong>cum</strong></span> <span class='ocrx_word' id='word_1_164' title='bbox 3235 983 3433 1038; x_wconf 92' lang='lat' dir='ltr'><strong>Gothis</strong></span> <span class='ocrx_word' id='word_1_165' title='bbox 3490 1001 3672 1055; x_wconf 78' lang='lat' dir='ltr'><strong>pugna</strong></span> 
     </span>
    </p>
   </div>
   <div class='ocr_carea' id='block_1_24' title="bbox 2082 1075 3675 1146">
    <p class='ocr_par' dir='ltr' id='par_1_24' title="bbox 2082 1075 3675 1146">
     <span class='ocr_line' id='line_1_24' title="bbox 2082 1075 3675 1146; baseline -0.001 -15"><span class='ocrx_word' id='word_1_166' title='bbox 2082 1091 2418 1146; x_wconf 87' lang='lat' dir='ltr'><strong>congressus</strong></span> <span class='ocrx_word' id='word_1_167' title='bbox 2462 1085 2627 1145; x_wconf 83' lang='lat' dir='ltr'><strong>atque</strong></span> <span class='ocrx_word' id='word_1_168' title='bbox 2687 1075 2962 1137; x_wconf 86' lang='lat' dir='ltr'><strong>devictus,</strong></span> <span class='ocrx_word' id='word_1_169' title='bbox 3021 1080 3076 1128; x_wconf 87' lang='lat' dir='ltr'><strong>in</strong></span> <span class='ocrx_word' id='word_1_170' title='bbox 3134 1076 3432 1145; x_wconf 84' lang='lat' dir='ltr'><strong>paleariam</strong></span> <span class='ocrx_word' id='word_1_171' title='bbox 3489 1091 3675 1130; x_wconf 83' lang='lat' dir='ltr'><strong>casam</strong></span> 
     </span>
    </p>
   </div>
   <div class='ocr_carea' id='block_1_25' title="bbox 2087 1167 3677 1239">
    <p class='ocr_par' dir='ltr' id='par_1_25' title="bbox 2087 1167 3677 1239">
     <span class='ocr_line' id='line_1_25' title="bbox 2087 1167 3677 1239; baseline 0.001 -16"><span class='ocrx_word' id='word_1_172' title='bbox 2087 1169 2454 1239; x_wconf 77' lang='lat' dir='ltr'><strong>confugiens,</strong></span> <span class='ocrx_word' id='word_1_173' title='bbox 2491 1168 2616 1238; x_wconf 90' lang='lat' dir='ltr'><strong>igne</strong></span> <span class='ocrx_word' id='word_1_174' title='bbox 2673 1167 2879 1223; x_wconf 81' lang='lat' dir='ltr'><strong>ibidem</strong></span> <span class='ocrx_word' id='word_1_175' title='bbox 2938 1167 3148 1222; x_wconf 73' lang='lat' dir='ltr'><strong>interiit</strong></span> <span class='ocrx_word' id='word_1_176' title='bbox 3199 1186 3213 1223; x_wconf 87' lang='lat'><strong>:</strong></span> <span class='ocrx_word' id='word_1_177' title='bbox 3259 1170 3315 1223; x_wconf 93' lang='lat' dir='ltr'><strong>in</strong></span> <span class='ocrx_word' id='word_1_178' title='bbox 3352 1167 3677 1224; x_wconf 73' lang='lat' dir='ltr'><strong>Gratianum</strong></span> 
     </span>
    </p>
   </div>
   <div class='ocr_carea' id='block_1_26' title="bbox 2083 1259 3676 1330">
    <p class='ocr_par' dir='ltr' id='par_1_26' title="bbox 2083 1259 3676 1330">
     <span class='ocr_line' id='line_1_26' title="bbox 2083 1259 3676 1330; baseline 0 -16"><span class='ocrx_word' id='word_1_179' title='bbox 2083 1268 2267 1315; x_wconf 90' lang='lat' dir='ltr'><strong>autem</strong></span> <span class='ocrx_word' id='word_1_180' title='bbox 2305 1259 2674 1316; x_wconf 82' lang='lat' dir='ltr'><strong>Valentiniani</strong></span> <span class='ocrx_word' id='word_1_181' title='bbox 2698 1261 2922 1330; x_wconf 87' lang='lat' dir='ltr'><strong>quidem</strong></span> <span class='ocrx_word' id='word_1_182' title='bbox 2953 1259 3147 1325; x_wconf 89' lang='lat' dir='ltr'><strong>ﬁlium,</strong></span> <span class='ocrx_word' id='word_1_183' title='bbox 3175 1260 3421 1316; x_wconf 82' lang='lat' dir='ltr'><strong>Valentis</strong></span> <span class='ocrx_word' id='word_1_184' title='bbox 3443 1276 3575 1315; x_wconf 89' lang='lat' dir='ltr'><strong>vero</strong></span> <span class='ocrx_word' id='word_1_185' title='bbox 3606 1276 3676 1315; x_wconf 79' lang='lat' dir='ltr'><strong>ex</strong></span> 
     </span>
    </p>
   </div>
   <div class='ocr_carea' id='block_1_27' title="bbox 2083 1351 3672 1422">
    <p class='ocr_par' dir='ltr' id='par_1_27' title="bbox 2083 1351 3672 1422">
     <span class='ocr_line' id='line_1_27' title="bbox 2083 1351 3672 1422; baseline 0.001 -17"><span class='ocrx_word' id='word_1_186' title='bbox 2083 1351 2254 1407; x_wconf 83' lang='lat' dir='ltr'><strong>fratre</strong></span> <span class='ocrx_word' id='word_1_187' title='bbox 2292 1362 2553 1422; x_wconf 87' lang='lat' dir='ltr'><strong>nepotem</strong></span> <span class='ocrx_word' id='word_1_188' title='bbox 2601 1352 2802 1408; x_wconf 86' lang='lat' dir='ltr'><strong>recidit</strong></span> <span class='ocrx_word' id='word_1_189' title='bbox 2846 1353 3110 1407; x_wconf 86' lang='lat' dir='ltr'><strong>universa</strong></span> <span class='ocrx_word' id='word_1_190' title='bbox 3142 1353 3404 1407; x_wconf 71' lang='lat' dir='ltr'><strong>Romana:</strong></span> <span class='ocrx_word' id='word_1_191' title='bbox 3442 1352 3672 1408; x_wconf 78' lang='lat' dir='ltr'><strong>ditionis</strong></span> 
     </span>
    </p>
   </div>
   <div class='ocr_carea' id='block_1_28' title="bbox 2085 1444 3675 1517">
    <p class='ocr_par' dir='ltr' id='par_1_28' title="bbox 2085 1444 3675 1517">
     <span class='ocr_line' id='line_1_28' title="bbox 2085 1444 3675 1517; baseline -0.001 -17"><span class='ocrx_word' id='word_1_192' title='bbox 2085 1444 2378 1515; x_wconf 89' lang='lat' dir='ltr'><strong>potentia;</strong></span> <span class='ocrx_word' id='word_1_193' title='bbox 2430 1447 2670 1514; x_wconf 88' lang='lat' dir='ltr'><strong>primum</strong></span> <span class='ocrx_word' id='word_1_194' title='bbox 2717 1446 2868 1501; x_wconf 90' lang='lat' dir='ltr'><strong>enim</strong></span> <span class='ocrx_word' id='word_1_195' title='bbox 2900 1462 2932 1501; x_wconf 91' lang='lat' dir='ltr'><strong>a</strong></span> <span class='ocrx_word' id='word_1_196' title='bbox 2967 1457 3120 1517; x_wconf 85' lang='lat' dir='ltr'><strong>patre</strong></span> <span class='ocrx_word' id='word_1_197' title='bbox 3161 1461 3272 1500; x_wconf 90' lang='lat' dir='ltr'><strong>non</strong></span> <span class='ocrx_word' id='word_1_198' title='bbox 3315 1445 3480 1500; x_wconf 89' lang='lat' dir='ltr'><strong>modo</strong></span> <span class='ocrx_word' id='word_1_199' title='bbox 3513 1461 3675 1514; x_wconf 80' lang='lat' dir='ltr'><strong>scep-</strong></span> 
     </span>
    </p>
   </div>
   <div class='ocr_carea' id='block_1_29' title="bbox 2084 1537 3672 1606">
    <p class='ocr_par' dir='ltr' id='par_1_29' title="bbox 2084 1537 3672 1606">
     <span class='ocr_line' id='line_1_29' title="bbox 2084 1537 3672 1606; baseline 0.001 -16"><span class='ocrx_word' id='word_1_200' title='bbox 2084 1545 2233 1591; x_wconf 89' lang='lat' dir='ltr'><strong>trum</strong></span> <span class='ocrx_word' id='word_1_201' title='bbox 2303 1538 2559 1606; x_wconf 73' lang='lat' dir='ltr'><strong>Europae,</strong></span> <span class='ocrx_word' id='word_1_202' title='bbox 2629 1553 2824 1592; x_wconf 79' lang='lat' dir='ltr'><strong>rerum</strong></span> <span class='ocrx_word' id='word_1_203' title='bbox 2899 1539 3065 1594; x_wconf 87' lang='lat' dir='ltr'><strong>etiam</strong></span> <span class='ocrx_word' id='word_1_204' title='bbox 3131 1540 3298 1593; x_wconf 81' lang='lat' dir='ltr'><strong>totius</strong></span> <span class='ocrx_word' id='word_1_205' title='bbox 3353 1537 3672 1592; x_wconf 91' lang='lat' dir='ltr'><strong>Occidentis</strong></span> 
     </span>
    </p>
   </div>
   <div class='ocr_carea' id='block_1_30' title="bbox 2083 1626 3672 1696">
    <p class='ocr_par' dir='ltr' id='par_1_30' title="bbox 2083 1626 3672 1696">
     <span class='ocr_line' id='line_1_30' title="bbox 2083 1626 3672 1696; baseline 0.002 -16"><span class='ocrx_word' id='word_1_206' title='bbox 2083 1626 2342 1681; x_wconf 90' lang='lat' dir='ltr'><strong>relictum</strong></span> <span class='ocrx_word' id='word_1_207' title='bbox 2392 1628 2539 1696; x_wconf 84' lang='lat' dir='ltr'><strong>cepit</strong></span> <span class='ocrx_word' id='word_1_208' title='bbox 2592 1647 2605 1682; x_wconf 88' lang='lat'><strong>:</strong></span> <span class='ocrx_word' id='word_1_209' title='bbox 2651 1627 2856 1683; x_wconf 85' lang='lat' dir='ltr'><strong>deinde</strong></span> <span class='ocrx_word' id='word_1_210' title='bbox 2900 1644 3056 1694; x_wconf 89' lang='lat' dir='ltr'><strong>vero,</strong></span> <span class='ocrx_word' id='word_1_211' title='bbox 3109 1643 3236 1684; x_wconf 92' lang='lat' dir='ltr'><strong>cum</strong></span> <span class='ocrx_word' id='word_1_212' title='bbox 3299 1627 3421 1683; x_wconf 88' lang='lat' dir='ltr'><strong>sine</strong></span> <span class='ocrx_word' id='word_1_213' title='bbox 3477 1628 3672 1686; x_wconf 87' lang='lat' dir='ltr'><strong>liberis</strong></span> 
     </span>
    </p>
   </div>
   <div class='ocr_carea' id='block_1_31' title="bbox 2082 1716 3778 1791">
    <p class='ocr_par' dir='ltr' id='par_1_31' title="bbox 2082 1716 3778 1791">
     <span class='ocr_line' id='line_1_31' title="bbox 2082 1716 3778 1791; baseline 0.001 -19"><span class='ocrx_word' id='word_1_214' title='bbox 2082 1716 2284 1773; x_wconf 86' lang='lat' dir='ltr'><strong>Valens</strong></span> <span class='ocrx_word' id='word_1_215' title='bbox 2319 1734 2350 1774; x_wconf 93' lang='lat' dir='ltr'><strong>e</strong></span> <span class='ocrx_word' id='word_1_216' title='bbox 2387 1719 2567 1774; x_wconf 92' lang='lat' dir='ltr'><strong>medio</strong></span> <span class='ocrx_word' id='word_1_217' title='bbox 2607 1720 2860 1776; x_wconf 90' lang='lat' dir='ltr'><strong>sublatus</strong></span> <span class='ocrx_word' id='word_1_218' title='bbox 2901 1731 3068 1788; x_wconf 83' lang='lat' dir='ltr'><strong>esset,</strong></span> <span class='ocrx_word' id='word_1_219' title='bbox 3111 1722 3295 1777; x_wconf 85' lang='lat' dir='ltr'><strong>Asiam</strong></span> <span class='ocrx_word' id='word_1_220' title='bbox 3335 1737 3581 1791; x_wconf 88' lang='lat' dir='ltr'><strong>quoque,</strong></span> <span class='ocrx_word' id='word_1_221' title='bbox 3616 1727 3674 1774; x_wconf 88' lang='lat' dir='ltr'><strong>et</strong></span> <span class='ocrx_word' id='word_1_222' title='bbox 3773 1731 3778 1734; x_wconf 86' lang='lat'>&#39;</span> 
     </span>
    </p>
   </div>
   <div class='ocr_carea' id='block_1_32' title="bbox 396 1805 1980 1884">
    <p class='ocr_par' dir='ltr' id='par_1_32' title="bbox 396 1805 1977 1879">
     <span class='ocr_line' id='line_1_32' title="bbox 396 1805 1977 1879; baseline -0.003 -14"><span class='ocrx_word' id='word_1_223' title='bbox 396 1809 732 1872; x_wconf 83' lang='grc' dir='ltr'>ἐπισκόπους</span> <span class='ocrx_word' id='word_1_224' title='bbox 783 1806 991 1879; x_wconf 83' lang='grc' dir='ltr'>οὐσπερ</span> <span class='ocrx_word' id='word_1_225' title='bbox 1021 1806 1235 1877; x_wconf 85' lang='grc' dir='ltr'>Οὐάλης</span> <span class='ocrx_word' id='word_1_226' title='bbox 1271 1807 1301 1860; x_wconf 86' lang='grc' dir='ltr'><strong>ό</strong></span> <span class='ocrx_word' id='word_1_227' title='bbox 1351 1805 1493 1869; x_wconf 86' lang='grc' dir='ltr'>θεῖος</span> <span class='ocrx_word' id='word_1_228' title='bbox 1521 1805 1688 1861; x_wconf 83' lang='grc' dir='ltr'>αὐτοῦ</span> <span class='ocrx_word' id='word_1_229' title='bbox 1719 1806 1977 1877; x_wconf 72' lang='grc' dir='ltr'><strong>ἐξώρισεν</strong></span> 
     </span>
    </p>
   </div>
   <div class='ocr_carea' id='block_1_33' title="bbox 2085 1805 3672 1884">
    <p class='ocr_par' dir='ltr' id='par_1_33' title="bbox 2085 1809 3672 1884">
     <span class='ocr_line' id='line_1_33' title="bbox 2085 1809 3672 1884; baseline 0 -20"><span class='ocrx_word' id='word_1_230' title='bbox 2085 1809 2354 1880; x_wconf 82' lang='lat' dir='ltr'><strong>quidquid</strong></span> <span class='ocrx_word' id='word_1_231' title='bbox 2397 1810 2453 1865; x_wconf 90' lang='lat' dir='ltr'><strong>in</strong></span> <span class='ocrx_word' id='word_1_232' title='bbox 2496 1811 2684 1868; x_wconf 83' lang='lat' dir='ltr'><strong>Africa</strong></span> <span class='ocrx_word' id='word_1_233' title='bbox 2730 1813 2930 1884; x_wconf 89' lang='lat' dir='ltr'><strong>reliqui</strong></span> <span class='ocrx_word' id='word_1_234' title='bbox 2959 1821 3101 1879; x_wconf 88' lang='lat' dir='ltr'><strong>erat,</strong></span> <span class='ocrx_word' id='word_1_235' title='bbox 3139 1813 3186 1868; x_wconf 89' lang='lat' dir='ltr'><strong>is</strong></span> <span class='ocrx_word' id='word_1_236' title='bbox 3219 1813 3484 1867; x_wconf 89' lang='lat' dir='ltr'><strong>obtinuit.</strong></span> <span class='ocrx_word' id='word_1_237' title='bbox 3516 1813 3672 1879; x_wconf 85' lang='lat' dir='ltr'><strong>Quo-</strong></span> 
     </span>
    </p>
   </div>
   <div class='ocr_carea' id='block_1_34' title="bbox 399 1896 1981 1971">
    <p class='ocr_par' dir='ltr' id='par_1_34' title="bbox 399 1896 1981 1971">
     <span class='ocr_line' id='line_1_34' title="bbox 399 1896 1981 1971; baseline -0.003 -16"><span class='ocrx_word' id='word_1_238' title='bbox 399 1898 735 1971; x_wconf 84' lang='grc' dir='ltr'>ὐπερμαχῶν</span> <span class='ocrx_word' id='word_1_239' title='bbox 764 1897 864 1968; x_wconf 82' lang='grc' dir='ltr'>τῆς</span> <span class='ocrx_word' id='word_1_240' title='bbox 897 1897 1182 1968; x_wconf 84' lang='grc' dir='ltr'>Ἀρειανῆς</span> <span class='ocrx_word' id='word_1_241' title='bbox 1209 1896 1498 1968; x_wconf 76' lang='grc' dir='ltr'>αἱρέσεως.</span> <span class='ocrx_word' id='word_1_242' title='bbox 1524 1896 1732 1952; x_wconf 81' lang='grc' dir='ltr'>Μαθὼν</span> <span class='ocrx_word' id='word_1_243' title='bbox 1753 1897 1810 1951; x_wconf 81' lang='grc' dir='ltr'>δὲ</span> <span class='ocrx_word' id='word_1_244' title='bbox 1837 1898 1981 1968; x_wconf 85' lang='grc' dir='ltr'>Γρα-</span> 
     </span>
    </p>
   </div>
   <div class='ocr_carea' id='block_1_35' title="bbox 398 1989 1982 2062">
    <p class='ocr_par' dir='ltr' id='par_1_35' title="bbox 398 1989 1982 2062">
     <span class='ocr_line' id='line_1_35' title="bbox 398 1989 1982 2062; baseline -0.002 -15"><span class='ocrx_word' id='word_1_245' title='bbox 398 1992 580 2055; x_wconf 78' lang='grc' dir='ltr'>τιανδς</span> <span class='ocrx_word' id='word_1_246' title='bbox 609 1991 708 2061; x_wconf 85' lang='grc' dir='ltr'>τὴν</span> <span class='ocrx_word' id='word_1_247' title='bbox 728 1990 950 2062; x_wconf 78' lang='grc' dir='ltr'>Θρᾴκην</span> <span class='ocrx_word' id='word_1_248' title='bbox 969 1989 1297 2060; x_wconf 74' lang='grc' dir='ltr'>ληϊζομένην</span> <span class='ocrx_word' id='word_1_249' title='bbox 1329 1989 1434 2044; x_wconf 81' lang='grc' dir='ltr'>ὑπὸ</span> <span class='ocrx_word' id='word_1_250' title='bbox 1459 1989 1569 2047; x_wconf 81' lang='grc' dir='ltr'><strong>τῶν</strong></span> <span class='ocrx_word' id='word_1_251' title='bbox 1594 1989 1684 2043; x_wconf 74' lang='grc' dir='ltr'>τὸν</span> <span class='ocrx_word' id='word_1_252' title='bbox 1706 1990 1982 2045; x_wconf 76' lang='grc' dir='ltr'>Οὐάλεντα</span> 
     </span>
    </p>
   </div>
   <div class='ocr_carea' id='block_1_36' title="bbox 399 2077 1981 2152">
    <p class='ocr_par' dir='ltr' id='par_1_36' title="bbox 399 2077 1981 2152">
     <span class='ocr_line' id='line_1_36' title="bbox 399 2077 1981 2152; baseline -0.003 -14"><span class='ocrx_word' id='word_1_253' title='bbox 399 2083 719 2138; x_wconf 88' lang='grc' dir='ltr'>καυσάντων</span> <span class='ocrx_word' id='word_1_254' title='bbox 758 2079 1077 2152; x_wconf 86' lang='grc' dir='ltr'>βαρϐάρων,</span> <span class='ocrx_word' id='word_1_255' title='bbox 1124 2077 1443 2134; x_wconf 86' lang='grc' dir='ltr'>καταλιπὼν</span> <span class='ocrx_word' id='word_1_256' title='bbox 1478 2078 1577 2150; x_wconf 79' lang='grc' dir='ltr'>τὴν</span> <span class='ocrx_word' id='word_1_257' title='bbox 1615 2078 1849 2132; x_wconf 80' lang='grc' dir='ltr'>Ἰταλίαν</span> <span class='ocrx_word' id='word_1_258' title='bbox 1898 2081 1981 2145; x_wconf 86' lang='grc' dir='ltr'>εἰς</span> 
     </span>
    </p>
   </div>
   <div class='ocr_carea' id='block_1_37' title="bbox 398 2173 1086 2246">
    <p class='ocr_par' dir='ltr' id='par_1_37' title="bbox 398 2173 1086 2246">
     <span class='ocr_line' id='line_1_37' title="bbox 398 2173 1086 2246; baseline 0.004 -19"><span class='ocrx_word' id='word_1_259' title='bbox 398 2177 498 2246; x_wconf 81' lang='grc' dir='ltr'><strong>τὴν</strong></span> <span class='ocrx_word' id='word_1_260' title='bbox 536 2173 800 2228; x_wconf 83' lang='grc' dir='ltr'>Πανονίαν</span> <span class='ocrx_word' id='word_1_261' title='bbox 830 2173 1086 2243; x_wconf 82' lang='grc' dir='ltr'>ἀφίκετο.</span> 
     </span>
    </p>
   </div>
   <div class='ocr_carea' id='block_1_38' title="bbox 2085 1900 3669 1974">
    <p class='ocr_par' dir='ltr' id='par_1_38' title="bbox 2085 1900 3669 1974">
     <span class='ocr_line' id='line_1_38' title="bbox 2085 1900 3669 1974; baseline 0.001 -18"><span class='ocrx_word' id='word_1_262' title='bbox 2085 1900 2236 1956; x_wconf 88' lang='lat' dir='ltr'><strong>niam</strong></span> <span class='ocrx_word' id='word_1_263' title='bbox 2279 1909 2467 1956; x_wconf 88' lang='lat' dir='ltr'><strong>autem</strong></span> <span class='ocrx_word' id='word_1_264' title='bbox 2493 1903 2668 1972; x_wconf 87' lang='lat' dir='ltr'><strong>patris</strong></span> <span class='ocrx_word' id='word_1_265' title='bbox 2696 1906 2950 1974; x_wconf 83' lang='lat' dir='ltr'><strong>exemplo</strong></span> <span class='ocrx_word' id='word_1_266' title='bbox 2977 1905 3194 1960; x_wconf 88' lang='lat' dir='ltr'><strong>colebat</strong></span> <span class='ocrx_word' id='word_1_267' title='bbox 3224 1905 3509 1974; x_wconf 87' lang='lat' dir='ltr'><strong>pietatem,</strong></span> <span class='ocrx_word' id='word_1_268' title='bbox 3545 1903 3669 1973; x_wconf 82' lang='lat' dir='ltr'><strong>epi-</strong></span> 
     </span>
    </p>
   </div>
   <div class='ocr_carea' id='block_1_39' title="bbox 2080 1995 3666 2068">
    <p class='ocr_par' dir='ltr' id='par_1_39' title="bbox 2080 1995 3666 2068">
     <span class='ocr_line' id='line_1_39' title="bbox 2080 1995 3666 2068; baseline -0.001 -17"><span class='ocrx_word' id='word_1_269' title='bbox 2080 2009 2281 2064; x_wconf 87' lang='lat' dir='ltr'><strong>scopos</strong></span> <span class='ocrx_word' id='word_1_270' title='bbox 2339 2009 2554 2058; x_wconf 76' lang='lat' dir='ltr'><strong>omnes,</strong></span> <span class='ocrx_word' id='word_1_271' title='bbox 2605 2011 2746 2064; x_wconf 86' lang='lat' dir='ltr'><strong>quos</strong></span> <span class='ocrx_word' id='word_1_272' title='bbox 2806 1997 3006 2053; x_wconf 89' lang='lat' dir='ltr'><strong>Valens</strong></span> <span class='ocrx_word' id='word_1_273' title='bbox 3050 1997 3105 2052; x_wconf 93' lang='lat' dir='ltr'><strong>in</strong></span> <span class='ocrx_word' id='word_1_274' title='bbox 3155 1996 3389 2068; x_wconf 90' lang='lat' dir='ltr'><strong>gratiam</strong></span> <span class='ocrx_word' id='word_1_275' title='bbox 3446 1995 3666 2051; x_wconf 70' lang='lat' dir='ltr'><strong>Arianzn</strong></span> 
     </span>
    </p>
   </div>
   <div class='ocr_carea' id='block_1_40' title="bbox 2082 2087 3666 2158">
    <p class='ocr_par' dir='ltr' id='par_1_40' title="bbox 2082 2087 3666 2158">
     <span class='ocr_line' id='line_1_40' title="bbox 2082 2087 3666 2158; baseline 0 -16"><span class='ocrx_word' id='word_1_276' title='bbox 2082 2087 2309 2142; x_wconf 61' lang='lat' dir='ltr'><strong>haeresis</strong></span> <span class='ocrx_word' id='word_1_277' title='bbox 2354 2087 2533 2157; x_wconf 89' lang='lat' dir='ltr'><strong>patria</strong></span> <span class='ocrx_word' id='word_1_278' title='bbox 2562 2089 2770 2158; x_wconf 86' lang='lat' dir='ltr'><strong>ejectos</strong></span> <span class='ocrx_word' id='word_1_279' title='bbox 2809 2097 3063 2147; x_wconf 82' lang='lat' dir='ltr'><strong>extorres</strong></span> <span class='ocrx_word' id='word_1_280' title='bbox 3104 2089 3334 2156; x_wconf 87' lang='lat' dir='ltr'><strong>fecerat,</strong></span> <span class='ocrx_word' id='word_1_281' title='bbox 3369 2090 3439 2143; x_wconf 91' lang='lat' dir='ltr'><strong>ab</strong></span> <span class='ocrx_word' id='word_1_282' title='bbox 3469 2089 3666 2144; x_wconf 81' lang='lat' dir='ltr'><strong>exsilio</strong></span> 
     </span>
    </p>
   </div>
   <div class='ocr_carea' id='block_1_41' title="bbox 2084 2175 3663 2248">
    <p class='ocr_par' dir='ltr' id='par_1_41' title="bbox 2084 2175 3663 2248">
     <span class='ocr_line' id='line_1_41' title="bbox 2084 2175 3663 2248; baseline 0.003 -18"><span class='ocrx_word' id='word_1_283' title='bbox 2084 2175 2203 2248; x_wconf 89' lang='lat' dir='ltr'><strong>ipse</strong></span> <span class='ocrx_word' id='word_1_284' title='bbox 2255 2178 2560 2234; x_wconf 76' lang='lat' dir='ltr'><strong>revocavit.</strong></span> <span class='ocrx_word' id='word_1_285' title='bbox 2609 2180 2757 2234; x_wconf 89' lang='lat' dir='ltr'><strong>Idem</strong></span> <span class='ocrx_word' id='word_1_286' title='bbox 2793 2181 2963 2236; x_wconf 88' lang='lat' dir='ltr'><strong>etiam</strong></span> <span class='ocrx_word' id='word_1_287' title='bbox 2995 2197 3118 2235; x_wconf 87' lang='lat' dir='ltr'><strong>cum</strong></span> <span class='ocrx_word' id='word_1_288' title='bbox 3153 2197 3183 2235; x_wconf 90' lang='lat' dir='ltr'><strong>a</strong></span> <span class='ocrx_word' id='word_1_289' title='bbox 3212 2181 3489 2245; x_wconf 87' lang='lat' dir='ltr'><strong>barbaris,</strong></span> <span class='ocrx_word' id='word_1_290' title='bbox 3530 2181 3663 2234; x_wconf 90' lang='lat' dir='ltr'><strong>dum</strong></span> 
     </span>
    </p>
   </div>
   <div class='ocr_carea' id='block_1_42' title="bbox 397 2264 3670 2344">
    <p class='ocr_par' dir='ltr' id='par_1_42' title="bbox 397 2264 3670 2344">
     <span class='ocr_line' id='line_1_42' title="bbox 397 2264 3670 2344; baseline 0.002 -21"><span class='ocrx_word' id='word_1_291' title='bbox 397 2269 600 2324; x_wconf 84' lang='lat' dir='ltr'><strong>Valens</strong></span> <span class='ocrx_word' id='word_1_292' title='bbox 632 2268 950 2338; x_wconf 87' lang='lat' dir='ltr'><strong>imperaret,</strong></span> <span class='ocrx_word' id='word_1_293' title='bbox 980 2266 1130 2322; x_wconf 89' lang='lat' dir='ltr'><strong>bello</strong></span> <span class='ocrx_word' id='word_1_294' title='bbox 1159 2264 1466 2322; x_wconf 80' lang='lat' dir='ltr'><strong>victoribus</strong></span> <span class='ocrx_word' id='word_1_295' title='bbox 1489 2274 1830 2322; x_wconf 79' lang='lat' dir='ltr'><strong>oevastatam</strong></span> <span class='ocrx_word' id='word_1_296' title='bbox 1846 2282 1969 2324; x_wconf 90' lang='lat' dir='ltr'><strong>esse</strong></span> <span class='ocrx_word' id='word_1_297' title='bbox 2009 2269 2306 2328; x_wconf 84' lang='lat' dir='ltr'><strong>Thraciam</strong></span> <span class='ocrx_word' id='word_1_298' title='bbox 2330 2273 2716 2344; x_wconf 82' lang='lat' dir='ltr'><strong>comperisset,</strong></span> <span class='ocrx_word' id='word_1_299' title='bbox 2741 2273 2930 2328; x_wconf 85' lang='lat' dir='ltr'><strong>relicta</strong></span> <span class='ocrx_word' id='word_1_300' title='bbox 2963 2273 3137 2341; x_wconf 83' lang='lat' dir='ltr'><strong>italia,</strong></span> <span class='ocrx_word' id='word_1_301' title='bbox 3204 2274 3260 2328; x_wconf 89' lang='lat' dir='ltr'><strong>in</strong></span> <span class='ocrx_word' id='word_1_302' title='bbox 3325 2274 3670 2329; x_wconf 85' lang='lat' dir='ltr'><strong>Pannoniam</strong></span> 
     </span>
    </p>
   </div>
   <div class='ocr_carea' id='block_1_43' title="bbox 398 2362 576 2416">
    <p class='ocr_par' dir='ltr' id='par_1_43' title="bbox 398 2362 576 2416">
     <span class='ocr_line' id='line_1_43' title="bbox 398 2362 576 2416; baseline 0 0"><span class='ocrx_word' id='word_1_303' title='bbox 398 2362 576 2416; x_wconf 87' lang='lat' dir='ltr'><strong>venit.</strong></span> 
     </span>
    </p>
   </div>
   <div class='ocr_carea' id='block_1_44' title="bbox 470 2452 1972 2523">
    <p class='ocr_par' dir='ltr' id='par_1_44' title="bbox 470 2452 1972 2523">
     <span class='ocr_line' id='line_1_44' title="bbox 470 2452 1972 2523; baseline 0.001 -17"><span class='ocrx_word' id='word_1_304' title='bbox 470 2454 552 2508; x_wconf 80' lang='lat' dir='ltr'><strong>H‘.</strong></span> <span class='ocrx_word' id='word_1_305' title='bbox 589 2452 727 2507; x_wconf 84' lang='grc' dir='ltr'>Κατ’</span> <span class='ocrx_word' id='word_1_306' title='bbox 780 2454 988 2507; x_wconf 84' lang='grc' dir='ltr'>ἐκεῖνον</span> <span class='ocrx_word' id='word_1_307' title='bbox 1022 2453 1080 2506; x_wconf 84' lang='grc' dir='ltr'>δὲ</span> <span class='ocrx_word' id='word_1_308' title='bbox 1130 2468 1224 2507; x_wconf 84' lang='grc' dir='ltr'><strong>τον</strong></span> <span class='ocrx_word' id='word_1_309' title='bbox 1265 2470 1456 2523; x_wconf 86' lang='grc' dir='ltr'>καιρον</span> <span class='ocrx_word' id='word_1_310' title='bbox 1489 2452 1772 2518; x_wconf 67' lang='grc' dir='ltr'>Θεοδόσιος</span> <span class='ocrx_word' id='word_1_311' title='bbox 1803 2454 1892 2508; x_wconf 82' lang='grc' dir='ltr'><strong>διά</strong></span> <span class='ocrx_word' id='word_1_312' title='bbox 1915 2472 1972 2508; x_wconf 85' lang='grc' dir='ltr'><strong>τε</strong></span> 
     </span>
    </p>
   </div>
   <div class='ocr_carea' id='block_1_45' title="bbox 301 2539 1976 2619">
    <p class='ocr_par' dir='ltr' id='par_1_45' title="bbox 301 2539 1976 2619">
     <span class='ocr_line' id='line_1_45' title="bbox 301 2539 1976 2619; baseline 0.002 -22"><span class='ocrx_word' id='word_1_313' title='bbox 301 2539 305 2541; x_wconf 61' lang='grc'><strong>’</strong></span> <span class='ocrx_word' id='word_1_314' title='bbox 399 2545 498 2617; x_wconf 77' lang='grc' dir='ltr'><strong>τὴν</strong></span> <span class='ocrx_word' id='word_1_315' title='bbox 522 2545 630 2598; x_wconf 84' lang='grc' dir='ltr'><strong>τῶν</strong></span> <span class='ocrx_word' id='word_1_316' title='bbox 662 2547 944 2616; x_wconf 86' lang='grc' dir='ltr'>προγόνων</span> <span class='ocrx_word' id='word_1_317' title='bbox 976 2548 1336 2619; x_wconf 79' lang='grc' dir='ltr'>περιφάνειαν</span> <span class='ocrx_word' id='word_1_318' title='bbox 1369 2548 1462 2601; x_wconf 74' lang='grc' dir='ltr'>καὶ</span> <span class='ocrx_word' id='word_1_319' title='bbox 1493 2547 1582 2600; x_wconf 69' lang='grc' dir='ltr'>διὰ</span> <span class='ocrx_word' id='word_1_320' title='bbox 1634 2548 1734 2617; x_wconf 79' lang='grc' dir='ltr'>τὴν</span> <span class='ocrx_word' id='word_1_321' title='bbox 1769 2549 1976 2600; x_wconf 77' lang='grc' dir='ltr'>οἰκείαν</span> 
     </span>
    </p>
   </div>
   <div class='ocr_carea' id='block_1_46' title="bbox 401 2635 1977 2711">
    <p class='ocr_par' dir='ltr' id='par_1_46' title="bbox 401 2635 1977 2711">
     <span class='ocr_line' id='line_1_46' title="bbox 401 2635 1977 2711; baseline 0 -17"><span class='ocrx_word' id='word_1_322' title='bbox 401 2640 658 2708; x_wconf 80' lang='grc' dir='ltr'>ἀνδρείαν</span> <span class='ocrx_word' id='word_1_323' title='bbox 685 2639 1116 2709; x_wconf 63' lang='grc' dir='ltr'>ὀιομαστότατος</span> <span class='ocrx_word' id='word_1_324' title='bbox 1142 2635 1230 2711; x_wconf 86' lang='grc' dir='ltr'>ἦν,</span> <span class='ocrx_word' id='word_1_325' title='bbox 1246 2641 1338 2694; x_wconf 79' lang='grc' dir='ltr'>καὶ</span> <span class='ocrx_word' id='word_1_326' title='bbox 1360 2639 1550 2692; x_wconf 83' lang='grc' dir='ltr'>τούτου</span> <span class='ocrx_word' id='word_1_327' title='bbox 1579 2640 1736 2711; x_wconf 87' lang='grc' dir='ltr'>χάριν</span> <span class='ocrx_word' id='word_1_328' title='bbox 1761 2640 1866 2692; x_wconf 71' lang='grc' dir='ltr'>ὑπὸ</span> <span class='ocrx_word' id='word_1_329' title='bbox 1884 2640 1977 2694; x_wconf 81' lang='grc' dir='ltr'>τοῦ</span> 
     </span>
    </p>
   </div>
   <div class='ocr_carea' id='block_1_47' title="bbox 400 2731 1978 2803">
    <p class='ocr_par' dir='ltr' id='par_1_47' title="bbox 400 2731 1978 2803">
     <span class='ocr_line' id='line_1_47' title="bbox 400 2731 1978 2803; baseline -0.001 -17"><span class='ocrx_word' id='word_1_330' title='bbox 400 2734 595 2803; x_wconf 78' lang='grc' dir='ltr'>φθόνου</span> <span class='ocrx_word' id='word_1_331' title='bbox 638 2732 747 2786; x_wconf 84' lang='grc' dir='ltr'>τῶν</span> <span class='ocrx_word' id='word_1_332' title='bbox 773 2731 1050 2802; x_wconf 76' lang='grc' dir='ltr'><strong>ὁμοτίμων</strong></span> <span class='ocrx_word' id='word_1_333' title='bbox 1080 2731 1410 2803; x_wconf 88' lang='grc' dir='ltr'>βαλλόμενος</span> <span class='ocrx_word' id='word_1_334' title='bbox 1459 2734 1515 2785; x_wconf 72' lang='grc' dir='ltr'><strong>ἐν</strong></span> <span class='ocrx_word' id='word_1_335' title='bbox 1544 2734 1663 2794; x_wconf 80' lang='grc' dir='ltr'>ταῖς</span> <span class='ocrx_word' id='word_1_336' title='bbox 1711 2731 1978 2795; x_wconf 86' lang='grc' dir='ltr'>Σπανίαις</span> 
     </span>
    </p>
   </div>
   <div class='ocr_carea' id='block_1_48' title="bbox 396 2822 1976 2896">
    <p class='ocr_par' dir='ltr' id='par_1_48' title="bbox 396 2822 1976 2896">
     <span class='ocr_line' id='line_1_48' title="bbox 396 2822 1976 2896; baseline -0.001 -18"><span class='ocrx_word' id='word_1_337' title='bbox 396 2824 686 2896; x_wconf 81' lang='grc' dir='ltr'>διέτριϐεν.</span> <span class='ocrx_word' id='word_1_338' title='bbox 752 2823 843 2878; x_wconf 88' lang='grc' dir='ltr'><strong>Ἐν</strong></span> <span class='ocrx_word' id='word_1_339' title='bbox 895 2824 1132 2888; x_wconf 79' lang='grc' dir='ltr'>ἐκείναις</span> <span class='ocrx_word' id='word_1_340' title='bbox 1182 2824 1292 2896; x_wconf 80' lang='grc' dir='ltr'><strong>γάρ</strong></span> <span class='ocrx_word' id='word_1_341' title='bbox 1329 2822 1429 2892; x_wconf 72' lang='grc' dir='ltr'>ἔφυ</span> <span class='ocrx_word' id='word_1_342' title='bbox 1486 2841 1546 2876; x_wconf 91' lang='grc' dir='ltr'><strong>τε</strong></span> <span class='ocrx_word' id='word_1_343' title='bbox 1589 2822 1685 2877; x_wconf 72' lang='grc' dir='ltr'>καὶ</span> <span class='ocrx_word' id='word_1_344' title='bbox 1740 2823 1976 2893; x_wconf 81' lang='grc' dir='ltr'>ἐτράφη.</span> 
     </span>
    </p>
   </div>
   <div class='ocr_carea' id='block_1_49' title="bbox 408 2915 1980 2989">
    <p class='ocr_par' dir='ltr' id='par_1_49' title="bbox 408 2915 1980 2989">
     <span class='ocr_line' id='line_1_49' title="bbox 408 2915 1980 2989; baseline -0.001 -19"><span class='ocrx_word' id='word_1_345' title='bbox 408 2915 658 2988; x_wconf 77' lang='grc' dir='ltr'>Ἀπορῶν</span> <span class='ocrx_word' id='word_1_346' title='bbox 687 2917 750 2988; x_wconf 77' lang='grc' dir='ltr'>δὴ</span> <span class='ocrx_word' id='word_1_347' title='bbox 779 2916 872 2971; x_wconf 78' lang='grc' dir='ltr'>οὖν</span> <span class='ocrx_word' id='word_1_348' title='bbox 897 2917 926 2970; x_wconf 89' lang='lat'><strong>6</strong></span> <span class='ocrx_word' id='word_1_349' title='bbox 954 2917 1207 2988; x_wconf 84' lang='grc' dir='ltr'>βασιλεὺς</span> <span class='ocrx_word' id='word_1_350' title='bbox 1241 2918 1280 2970; x_wconf 83' lang='grc' dir='ltr'><strong>Γ</strong></span> <span class='ocrx_word' id='word_1_351' title='bbox 1287 2916 1539 2989; x_wconf 83' lang='grc' dir='ltr'>ρατιανὸς</span> <span class='ocrx_word' id='word_1_352' title='bbox 1562 2916 1589 2968; x_wconf 85' lang='grc' dir='ltr'><strong>ὃ</strong></span> <span class='ocrx_word' id='word_1_353' title='bbox 1620 2932 1674 2968; x_wconf 90' lang='grc' dir='ltr'><strong>τι</strong></span> <span class='ocrx_word' id='word_1_354' title='bbox 1715 2916 1822 2986; x_wconf 70' lang='grc' dir='ltr'>χρὴ</span> <span class='ocrx_word' id='word_1_355' title='bbox 1849 2916 1980 2986; x_wconf 80' lang='grc' dir='ltr'>δρά-</span> 
     </span>
    </p>
   </div>
   <div class='ocr_carea' id='block_1_50' title="bbox 403 3007 1982 3080">
    <p class='ocr_par' dir='ltr' id='par_1_50' title="bbox 403 3007 1982 3080">
     <span class='ocr_line' id='line_1_50' title="bbox 403 3007 1982 3080; baseline 0 -18"><span class='ocrx_word' id='word_1_356' title='bbox 403 3025 494 3063; x_wconf 85' lang='grc' dir='ltr'><strong>σαι</strong></span> <span class='ocrx_word' id='word_1_357' title='bbox 522 3010 873 3079; x_wconf 76' lang='grc' dir='ltr'>(φυσηθέντες</span> <span class='ocrx_word' id='word_1_358' title='bbox 898 3012 1006 3080; x_wconf 85' lang='grc' dir='ltr'><strong>γὰρ</strong></span> <span class='ocrx_word' id='word_1_359' title='bbox 1022 3012 1088 3064; x_wconf 92' lang='grc' dir='ltr'><strong>ἐκ</strong></span> <span class='ocrx_word' id='word_1_360' title='bbox 1108 3011 1204 3078; x_wconf 83' lang='grc' dir='ltr'>τῆς</span> <span class='ocrx_word' id='word_1_361' title='bbox 1223 3010 1380 3079; x_wconf 83' lang='grc' dir='ltr'>νίκης</span> <span class='ocrx_word' id='word_1_362' title='bbox 1406 3011 1454 3062; x_wconf 79' lang='grc' dir='ltr'>οἱ</span> <span class='ocrx_word' id='word_1_363' title='bbox 1484 3007 1752 3079; x_wconf 88' lang='grc' dir='ltr'>βάρϐαροι</span> <span class='ocrx_word' id='word_1_364' title='bbox 1775 3007 1982 3077; x_wconf 84' lang='grc' dir='ltr'>δύσμα-</span> 
     </span>
    </p>
   </div>
   <div class='ocr_carea' id='block_1_51' title="bbox 400 3094 1976 3175">
    <p class='ocr_par' dir='ltr' id='par_1_51' title="bbox 400 3094 1976 3175">
     <span class='ocr_line' id='line_1_51' title="bbox 400 3094 1976 3175; baseline -0.002 -22"><span class='ocrx_word' id='word_1_365' title='bbox 400 3117 486 3171; x_wconf 89' lang='grc' dir='ltr'><strong>χοι</strong></span> <span class='ocrx_word' id='word_1_366' title='bbox 550 3096 691 3175; x_wconf 77' lang='grc' dir='ltr'>ἦσάν</span> <span class='ocrx_word' id='word_1_367' title='bbox 731 3117 791 3154; x_wconf 89' lang='grc' dir='ltr'><strong>τε</strong></span> <span class='ocrx_word' id='word_1_368' title='bbox 825 3102 918 3155; x_wconf 75' lang='grc' dir='ltr'>καὶ</span> <span class='ocrx_word' id='word_1_369' title='bbox 955 3100 1218 3171; x_wconf 88' lang='grc' dir='ltr'>ἐδόκουν),</span> <span class='ocrx_word' id='word_1_370' title='bbox 1274 3100 1396 3153; x_wconf 87' lang='grc' dir='ltr'>τότε</span> <span class='ocrx_word' id='word_1_371' title='bbox 1423 3094 1516 3153; x_wconf 83' lang='grc' dir='ltr'>οὖν</span> <span class='ocrx_word' id='word_1_372' title='bbox 1549 3099 1648 3171; x_wconf 84' lang='grc' dir='ltr'>τὴν</span> <span class='ocrx_word' id='word_1_373' title='bbox 1696 3099 1976 3151; x_wconf 81' lang='grc' dir='ltr'>Θεοδοσίου</span> 
     </span>
    </p>
   </div>
   <div class='ocr_carea' id='block_1_52' title="bbox 2155 2453 3664 2530">
    <p class='ocr_par' dir='ltr' id='par_1_52' title="bbox 2155 2453 3664 2530">
     <span class='ocr_line' id='line_1_52' title="bbox 2155 2453 3664 2530; baseline 0.003 -20"><span class='ocrx_word' id='word_1_374' title='bbox 2155 2454 2291 2510; x_wconf 83' lang='lat' dir='ltr'><strong>Vill.</strong></span> <span class='ocrx_word' id='word_1_375' title='bbox 2317 2453 2432 2510; x_wconf 86' lang='lat' dir='ltr'><strong>Sub</strong></span> <span class='ocrx_word' id='word_1_376' title='bbox 2458 2454 2604 2512; x_wconf 90' lang='lat' dir='ltr'><strong>idem</strong></span> <span class='ocrx_word' id='word_1_377' title='bbox 2637 2466 2852 2527; x_wconf 86' lang='lat' dir='ltr'><strong>tempus</strong></span> <span class='ocrx_word' id='word_1_378' title='bbox 2882 2457 3233 2514; x_wconf 88' lang='lat' dir='ltr'><strong>Theodosius</strong></span> <span class='ocrx_word' id='word_1_379' title='bbox 3262 2474 3506 2530; x_wconf 90' lang='lat' dir='ltr'><strong>quoque.</strong></span> <span class='ocrx_word' id='word_1_380' title='bbox 3539 2475 3664 2515; x_wconf 91' lang='lat' dir='ltr'><strong>cum</strong></span> 
     </span>
    </p>
   </div>
   <div class='ocr_carea' id='block_1_53' title="bbox 2081 2550 3665 2625">
    <p class='ocr_par' dir='ltr' id='par_1_53' title="bbox 2081 2550 3665 2625">
     <span class='ocr_line' id='line_1_53' title="bbox 2081 2550 3665 2625; baseline 0.003 -20"><span class='ocrx_word' id='word_1_381' title='bbox 2081 2550 2154 2606; x_wconf 84' lang='lat' dir='ltr'><strong>ob</strong></span> <span class='ocrx_word' id='word_1_382' title='bbox 2186 2551 2459 2620; x_wconf 86' lang='lat' dir='ltr'><strong>majorum</strong></span> <span class='ocrx_word' id='word_1_383' title='bbox 2493 2551 2864 2625; x_wconf 72' lang='lat' dir='ltr'><strong>nobilitatem,</strong></span> <span class='ocrx_word' id='word_1_384' title='bbox 2903 2560 3016 2608; x_wconf 86' lang='lat' dir='ltr'><strong>tum</strong></span> <span class='ocrx_word' id='word_1_385' title='bbox 3063 2554 3135 2607; x_wconf 88' lang='lat' dir='ltr'><strong>ob</strong></span> <span class='ocrx_word' id='word_1_386' title='bbox 3169 2554 3451 2622; x_wconf 81' lang='lat' dir='ltr'><strong>propriam</strong></span> <span class='ocrx_word' id='word_1_387' title='bbox 3495 2569 3665 2622; x_wconf 77' lang='lat' dir='ltr'><strong>gene-</strong></span> 
     </span>
    </p>
   </div>
   <div class='ocr_carea' id='block_1_54' title="bbox 2085 2642 3782 2716">
    <p class='ocr_par' dir='ltr' id='par_1_54' title="bbox 2085 2642 3782 2716">
     <span class='ocr_line' id='line_1_54' title="bbox 2085 2642 3782 2716; baseline 0.004 -21"><span class='ocrx_word' id='word_1_388' title='bbox 2085 2642 2367 2698; x_wconf 86' lang='lat' dir='ltr'><strong>rositatem</strong></span> <span class='ocrx_word' id='word_1_389' title='bbox 2397 2644 2799 2700; x_wconf 87' lang='lat' dir='ltr'><strong>celeberrimus</strong></span> <span class='ocrx_word' id='word_1_390' title='bbox 2824 2654 2950 2700; x_wconf 87' lang='lat' dir='ltr'><strong>erat</strong></span> <span class='ocrx_word' id='word_1_391' title='bbox 2979 2666 2994 2700; x_wconf 82' lang='lat'><strong>;</strong></span> <span class='ocrx_word' id='word_1_392' title='bbox 3025 2655 3080 2701; x_wconf 92' lang='lat' dir='ltr'><strong>et</strong></span> <span class='ocrx_word' id='word_1_393' title='bbox 3106 2647 3404 2716; x_wconf 63' lang='lat' dir='ltr'><strong>animalium</strong></span> <span class='ocrx_word' id='word_1_394' title='bbox 3433 2662 3664 2701; x_wconf 90' lang='lat' dir='ltr'><strong>suorum</strong></span> <span class='ocrx_word' id='word_1_395' title='bbox 3779 2642 3782 2644; x_wconf 47' lang='grc'>⁷</span> 
     </span>
    </p>
   </div>
   <div class='ocr_carea' id='block_1_55' title="bbox 2082 2732 3670 2808">
    <p class='ocr_par' dir='ltr' id='par_1_55' title="bbox 2082 2732 3670 2808">
     <span class='ocr_line' id='line_1_55' title="bbox 2082 2732 3670 2808; baseline 0.004 -20"><span class='ocrx_word' id='word_1_396' title='bbox 2082 2732 2388 2790; x_wconf 82' lang='lat' dir='ltr'><strong>invidentia</strong></span> <span class='ocrx_word' id='word_1_397' title='bbox 2412 2736 2629 2806; x_wconf 90' lang='lat' dir='ltr'><strong>pulsus,</strong></span> <span class='ocrx_word' id='word_1_398' title='bbox 2663 2738 2716 2791; x_wconf 86' lang='lat' dir='ltr'><strong>in</strong></span> <span class='ocrx_word' id='word_1_399' title='bbox 2746 2737 3028 2806; x_wconf 85' lang='lat' dir='ltr'><strong>Hispaniis</strong></span> <span class='ocrx_word' id='word_1_400' title='bbox 3051 2739 3265 2808; x_wconf 88' lang='lat' dir='ltr'><strong>agebat,</strong></span> <span class='ocrx_word' id='word_1_401' title='bbox 3304 2739 3395 2793; x_wconf 88' lang='lat' dir='ltr'><strong>ubi</strong></span> <span class='ocrx_word' id='word_1_402' title='bbox 3426 2747 3482 2794; x_wconf 91' lang='lat' dir='ltr'><strong>et</strong></span> <span class='ocrx_word' id='word_1_403' title='bbox 3505 2747 3670 2794; x_wconf 88' lang='lat' dir='ltr'><strong>natus</strong></span> 
     </span>
    </p>
   </div>
   <div class='ocr_carea' id='block_1_56' title="bbox 2085 2824 3670 2901">
    <p class='ocr_par' dir='ltr' id='par_1_56' title="bbox 2085 2824 3670 2901">
     <span class='ocr_line' id='line_1_56' title="bbox 2085 2824 3670 2901; baseline 0.006 -22"><span class='ocrx_word' id='word_1_404' title='bbox 2085 2824 2265 2881; x_wconf 88' lang='lat' dir='ltr'><strong>fuerat</strong></span> <span class='ocrx_word' id='word_1_405' title='bbox 2289 2837 2344 2882; x_wconf 91' lang='lat' dir='ltr'><strong>et</strong></span> <span class='ocrx_word' id='word_1_406' title='bbox 2382 2827 2673 2883; x_wconf 87' lang='lat' dir='ltr'><strong>educatus.</strong></span> <span class='ocrx_word' id='word_1_407' title='bbox 2705 2829 2974 2899; x_wconf 74' lang='lat' dir='ltr'><strong>Ignorans</strong></span> <span class='ocrx_word' id='word_1_408' title='bbox 3008 2831 3180 2901; x_wconf 84' lang='lat' dir='ltr'><strong>igitur</strong></span> <span class='ocrx_word' id='word_1_409' title='bbox 3211 2834 3512 2900; x_wconf 88' lang='lat' dir='ltr'><strong>imperator</strong></span> <span class='ocrx_word' id='word_1_410' title='bbox 3533 2831 3670 2888; x_wconf 83' lang='lat' dir='ltr'><strong>Gra-</strong></span> 
     </span>
    </p>
   </div>
   <div class='ocr_carea' id='block_1_57' title="bbox 2088 2919 3667 2990">
    <p class='ocr_par' dir='ltr' id='par_1_57' title="bbox 2088 2919 3667 2990">
     <span class='ocr_line' id='line_1_57' title="bbox 2088 2919 3667 2990; baseline 0.004 -18"><span class='ocrx_word' id='word_1_411' title='bbox 2088 2920 2274 2973; x_wconf 88' lang='lat' dir='ltr'><strong>tianus</strong></span> <span class='ocrx_word' id='word_1_412' title='bbox 2297 2919 2428 2989; x_wconf 90' lang='lat' dir='ltr'><strong>quid</strong></span> <span class='ocrx_word' id='word_1_413' title='bbox 2465 2920 2609 2975; x_wconf 84' lang='lat' dir='ltr'><strong>facto</strong></span> <span class='ocrx_word' id='word_1_414' title='bbox 2639 2936 2780 2990; x_wconf 91' lang='lat' dir='ltr'><strong>opus</strong></span> <span class='ocrx_word' id='word_1_415' title='bbox 2799 2930 2983 2985; x_wconf 90' lang='lat' dir='ltr'><strong>esset;</strong></span> <span class='ocrx_word' id='word_1_416' title='bbox 3024 2922 3196 2976; x_wconf 86' lang='lat' dir='ltr'><strong>inﬂati</strong></span> <span class='ocrx_word' id='word_1_417' title='bbox 3221 2925 3369 2978; x_wconf 89' lang='lat' dir='ltr'><strong>enim</strong></span> <span class='ocrx_word' id='word_1_418' title='bbox 3394 2940 3459 2978; x_wconf 82' lang='lat' dir='ltr'><strong>es</strong></span> <span class='ocrx_word' id='word_1_419' title='bbox 3490 2925 3667 2979; x_wconf 86' lang='lat' dir='ltr'><strong>victo-</strong></span> 
     </span>
    </p>
   </div>
   <div class='ocr_carea' id='block_1_58' title="bbox 2088 3010 3671 3082">
    <p class='ocr_par' dir='ltr' id='par_1_58' title="bbox 2088 3010 3671 3082">
     <span class='ocr_line' id='line_1_58' title="bbox 2088 3010 3671 3082; baseline 0.004 -17"><span class='ocrx_word' id='word_1_420' title='bbox 2088 3011 2168 3065; x_wconf 85' lang='lat' dir='ltr'><strong>ria</strong></span> <span class='ocrx_word' id='word_1_421' title='bbox 2206 3010 2429 3065; x_wconf 89' lang='lat' dir='ltr'><strong>barbari</strong></span> <span class='ocrx_word' id='word_1_422' title='bbox 2463 3012 2865 3082; x_wconf 88' lang='lat' dir='ltr'><strong>propemodum</strong></span> <span class='ocrx_word' id='word_1_423' title='bbox 2894 3012 3088 3067; x_wconf 76' lang='lat' dir='ltr'><strong>invicti</strong></span> <span class='ocrx_word' id='word_1_424' title='bbox 3112 3025 3269 3068; x_wconf 89' lang='lat' dir='ltr'><strong>erant</strong></span> <span class='ocrx_word' id='word_1_425' title='bbox 3307 3015 3671 3070; x_wconf 80' lang='lat' dir='ltr'><strong>ethabeban—</strong></span> 
     </span>
    </p>
   </div>
   <div class='ocr_carea' id='block_1_59' title="bbox 2087 3101 3668 3172">
    <p class='ocr_par' dir='ltr' id='par_1_59' title="bbox 2087 3101 3668 3172">
     <span class='ocr_line' id='line_1_59' title="bbox 2087 3101 3668 3172; baseline 0.004 -18"><span class='ocrx_word' id='word_1_426' title='bbox 2087 3108 2180 3154; x_wconf 89' lang='lat' dir='ltr'><strong>tur</strong></span> <span class='ocrx_word' id='word_1_427' title='bbox 2229 3118 2243 3155; x_wconf 90' lang='lat'>:</span> <span class='ocrx_word' id='word_1_428' title='bbox 2293 3101 2587 3156; x_wconf 89' lang='lat' dir='ltr'><strong>militarem</strong></span> <span class='ocrx_word' id='word_1_429' title='bbox 2625 3102 2924 3157; x_wconf 88' lang='lat' dir='ltr'><strong>Theodosii</strong></span> <span class='ocrx_word' id='word_1_430' title='bbox 2959 3103 3214 3172; x_wconf 88' lang='lat' dir='ltr'><strong>peritiam</strong></span> <span class='ocrx_word' id='word_1_431' title='bbox 3251 3105 3522 3158; x_wconf 87' lang='lat' dir='ltr'><strong>malorum</strong></span> <span class='ocrx_word' id='word_1_432' title='bbox 3553 3104 3668 3160; x_wconf 80' lang='lat' dir='ltr'><strong>fore</strong></span> 
     </span>
    </p>
   </div>
   <div class='ocr_carea' id='block_1_60' title="bbox 401 3190 1980 3263">
    <p class='ocr_par' dir='ltr' id='par_1_60' title="bbox 401 3190 1980 3261">
     <span class='ocr_line' id='line_1_60' title="bbox 401 3190 1980 3261; baseline 0.001 -18"><span class='ocrx_word' id='word_1_433' title='bbox 401 3191 735 3261; x_wconf 83' lang='grc' dir='ltr'>στρατηγίαν</span> <span class='ocrx_word' id='word_1_434' title='bbox 768 3191 920 3244; x_wconf 82' lang='grc' dir='ltr'>λύσιν</span> <span class='ocrx_word' id='word_1_435' title='bbox 950 3192 1187 3245; x_wconf 80' lang='grc' dir='ltr'>ὑπέλαϐε</span> <span class='ocrx_word' id='word_1_436' title='bbox 1226 3191 1334 3245; x_wconf 84' lang='grc' dir='ltr'>τῶν</span> <span class='ocrx_word' id='word_1_437' title='bbox 1362 3192 1551 3245; x_wconf 81' lang='grc' dir='ltr'>κακῶν</span> <span class='ocrx_word' id='word_1_438' title='bbox 1583 3190 1848 3259; x_wconf 72' lang='grc' dir='ltr'>γίνεσθαι.</span> <span class='ocrx_word' id='word_1_439' title='bbox 1875 3192 1980 3245; x_wconf 80' lang='grc' dir='ltr'><strong>Αὐ-</strong></span> 
     </span>
    </p>
   </div>
   <div class='ocr_carea' id='block_1_61' title="bbox 2085 3190 3665 3263">
    <p class='ocr_par' dir='ltr' id='par_1_61' title="bbox 2085 3191 3665 3263">
     <span class='ocr_line' id='line_1_61' title="bbox 2085 3191 3665 3263; baseline 0.003 -17"><span class='ocrx_word' id='word_1_440' title='bbox 2085 3191 2472 3263; x_wconf 85' lang='lat' dir='ltr'><strong>depulsionem</strong></span> <span class='ocrx_word' id='word_1_441' title='bbox 2506 3193 2809 3249; x_wconf 86' lang='lat' dir='ltr'><strong>arbitratus</strong></span> <span class='ocrx_word' id='word_1_442' title='bbox 2836 3201 2943 3249; x_wconf 90' lang='lat' dir='ltr'><strong>est.</strong></span> <span class='ocrx_word' id='word_1_443' title='bbox 2974 3196 3042 3249; x_wconf 85' lang='lat' dir='ltr'><strong>Et</strong></span> <span class='ocrx_word' id='word_1_444' title='bbox 3070 3196 3358 3251; x_wconf 88' lang='lat' dir='ltr'><strong>confestim</strong></span> <span class='ocrx_word' id='word_1_445' title='bbox 3378 3212 3444 3250; x_wconf 81' lang='lat' dir='ltr'><strong>es</strong></span> <span class='ocrx_word' id='word_1_446' title='bbox 3466 3196 3665 3261; x_wconf 80' lang='lat' dir='ltr'><strong>Iberia,</strong></span> 
     </span>
    </p>
   </div>
   <div class='ocr_carea' id='block_1_62' title="bbox 397 3277 1979 3353">
    <p class='ocr_par' dir='ltr' id='par_1_62' title="bbox 397 3277 1979 3353">
     <span class='ocr_line' id='line_1_62' title="bbox 397 3277 1979 3353; baseline 0.002 -19"><span class='ocrx_word' id='word_1_447' title='bbox 397 3282 528 3335; x_wconf 84' lang='grc' dir='ltr'>τίκα</span> <span class='ocrx_word' id='word_1_448' title='bbox 559 3281 622 3352; x_wconf 79' lang='grc' dir='ltr'>δὴ</span> <span class='ocrx_word' id='word_1_449' title='bbox 651 3277 744 3336; x_wconf 80' lang='grc' dir='ltr'>οὖν</span> <span class='ocrx_word' id='word_1_450' title='bbox 782 3282 847 3335; x_wconf 83' lang='grc' dir='ltr'><strong>ἐκ</strong></span> <span class='ocrx_word' id='word_1_451' title='bbox 873 3283 982 3336; x_wconf 86' lang='grc' dir='ltr'><strong>τῶν</strong></span> <span class='ocrx_word' id='word_1_452' title='bbox 1011 3282 1265 3336; x_wconf 85' lang='grc' dir='ltr'>Σπανιῶν</span> <span class='ocrx_word' id='word_1_453' title='bbox 1295 3282 1385 3336; x_wconf 79' lang='grc' dir='ltr'>τὸν</span> <span class='ocrx_word' id='word_1_454' title='bbox 1415 3281 1588 3352; x_wconf 78' lang='grc' dir='ltr'>ἄνδρα</span> <span class='ocrx_word' id='word_1_455' title='bbox 1620 3282 1979 3353; x_wconf 81' lang='grc' dir='ltr'>μεταπεμψά-</span> 
     </span>
    </p>
   </div>
   <div class='ocr_carea' id='block_1_63' title="bbox 401 3374 1982 3447">
    <p class='ocr_par' dir='ltr' id='par_1_63' title="bbox 401 3374 1982 3447">
     <span class='ocr_line' id='line_1_63' title="bbox 401 3374 1982 3447; baseline -0.001 -19"><span class='ocrx_word' id='word_1_456' title='bbox 401 3391 564 3446; x_wconf 87' lang='grc' dir='ltr'>μενος</span> <span class='ocrx_word' id='word_1_457' title='bbox 591 3375 686 3430; x_wconf 78' lang='grc' dir='ltr'>καὶ</span> <span class='ocrx_word' id='word_1_458' title='bbox 725 3375 1030 3447; x_wconf 77' lang='grc' dir='ltr'>στρατηγὸν</span> <span class='ocrx_word' id='word_1_459' title='bbox 1060 3377 1447 3446; x_wconf 71' lang='grc' dir='ltr'>χειροτονήσας</span> <span class='ocrx_word' id='word_1_460' title='bbox 1479 3374 1619 3445; x_wconf 81' lang='grc' dir='ltr'>μετὰ</span> <span class='ocrx_word' id='word_1_461' title='bbox 1660 3375 1760 3444; x_wconf 80' lang='grc' dir='ltr'>τῆς</span> <span class='ocrx_word' id='word_1_462' title='bbox 1804 3391 1982 3428; x_wconf 65' lang='grc' dir='ltr'>συνειο</span> 
     </span>
    </p>
   </div>
   <div class='ocr_carea' id='block_1_64' title="bbox 397 3465 1983 3538">
    <p class='ocr_par' dir='ltr' id='par_1_64' title="bbox 397 3465 1983 3538">
     <span class='ocr_line' id='line_1_64' title="bbox 397 3465 1983 3538; baseline 0.001 -19"><span class='ocrx_word' id='word_1_463' title='bbox 397 3465 669 3538; x_wconf 75' lang='grc' dir='ltr'>λεγμένης</span> <span class='ocrx_word' id='word_1_464' title='bbox 694 3467 1000 3538; x_wconf 75' lang='grc' dir='ltr'>ἐξέπεμψεν</span> <span class='ocrx_word' id='word_1_465' title='bbox 1037 3469 1316 3538; x_wconf 79' lang='grc' dir='ltr'>στρατιᾶς.</span> <span class='ocrx_word' id='word_1_466' title='bbox 1359 3467 1420 3523; x_wconf 87' lang='grc'><strong>’0</strong></span> <span class='ocrx_word' id='word_1_467' title='bbox 1446 3467 1504 3520; x_wconf 84' lang='grc' dir='ltr'>δὲ</span> <span class='ocrx_word' id='word_1_468' title='bbox 1535 3470 1598 3538; x_wconf 79' lang='grc' dir='ltr'>τῇ</span> <span class='ocrx_word' id='word_1_469' title='bbox 1631 3466 1810 3520; x_wconf 84' lang='grc' dir='ltr'>πίστει</span> <span class='ocrx_word' id='word_1_470' title='bbox 1841 3484 1983 3536; x_wconf 82' lang='grc' dir='ltr'>φρα-</span> 
     </span>
    </p>
   </div>
   <div class='ocr_carea' id='block_1_65' title="bbox 399 3557 1978 3630">
    <p class='ocr_par' dir='ltr' id='par_1_65' title="bbox 399 3557 1978 3630">
     <span class='ocr_line' id='line_1_65' title="bbox 399 3557 1978 3630; baseline 0.001 -20"><span class='ocrx_word' id='word_1_471' title='bbox 399 3557 632 3628; x_wconf 80' lang='grc' dir='ltr'>ξάμενος</span> <span class='ocrx_word' id='word_1_472' title='bbox 671 3559 989 3630; x_wconf 83' lang='grc' dir='ltr'>θαρσαλέως</span> <span class='ocrx_word' id='word_1_473' title='bbox 1020 3557 1331 3630; x_wconf 79' lang='grc' dir='ltr'>ἐξώρμησε,</span> <span class='ocrx_word' id='word_1_474' title='bbox 1356 3559 1449 3613; x_wconf 76' lang='grc' dir='ltr'>καὶ</span> <span class='ocrx_word' id='word_1_475' title='bbox 1489 3559 1586 3628; x_wconf 83' lang='grc' dir='ltr'>τῆς</span> <span class='ocrx_word' id='word_1_476' title='bbox 1607 3558 1829 3630; x_wconf 82' lang='grc' dir='ltr'>Θρᾴκης</span> <span class='ocrx_word' id='word_1_477' title='bbox 1855 3561 1978 3613; x_wconf 82' lang='grc' dir='ltr'>ἐπι·-</span> 
     </span>
    </p>
   </div>
   <div class='ocr_carea' id='block_1_66' title="bbox 400 3649 1980 3722">
    <p class='ocr_par' dir='ltr' id='par_1_66' title="bbox 400 3649 1980 3722">
     <span class='ocr_line' id='line_1_66' title="bbox 400 3649 1980 3722; baseline 0.002 -20"><span class='ocrx_word' id='word_1_478' title='bbox 400 3649 505 3713; x_wconf 71' lang='grc' dir='ltr'><strong>ϐάς</strong></span> <span class='ocrx_word' id='word_1_479' title='bbox 542 3651 635 3703; x_wconf 71' lang='grc' dir='ltr'>καὶ</span> <span class='ocrx_word' id='word_1_480' title='bbox 695 3649 984 3719; x_wconf 87' lang='grc' dir='ltr'>συμϐαλὼν</span> <span class='ocrx_word' id='word_1_481' title='bbox 1037 3651 1274 3722; x_wconf 88' lang='grc' dir='ltr'>πόλεμον</span> <span class='ocrx_word' id='word_1_482' title='bbox 1332 3650 1472 3720; x_wconf 64' lang='grc' dir='ltr'>μετὰ</span> <span class='ocrx_word' id='word_1_483' title='bbox 1528 3649 1637 3703; x_wconf 84' lang='grc' dir='ltr'><strong>τῶν</strong></span> <span class='ocrx_word' id='word_1_484' title='bbox 1685 3651 1980 3721; x_wconf 80' lang='grc' dir='ltr'>βαρϐάρων</span> 
     </span>
    </p>
   </div>
   <div class='ocr_carea' id='block_1_67' title="bbox 401 3740 1980 3812">
    <p class='ocr_par' dir='ltr' id='par_1_67' title="bbox 401 3740 1980 3812">
     <span class='ocr_line' id='line_1_67' title="bbox 401 3740 1980 3812; baseline -0.003 -16"><span class='ocrx_word' id='word_1_485' title='bbox 401 3741 546 3796; x_wconf 76' lang='grc' dir='ltr'>κατὰ</span> <span class='ocrx_word' id='word_1_486' title='bbox 581 3740 782 3812; x_wconf 88' lang='grc' dir='ltr'>κράτος</span> <span class='ocrx_word' id='word_1_487' title='bbox 808 3740 1058 3811; x_wconf 84' lang='grc' dir='ltr'>ἐνίκησεν</span> <span class='ocrx_word' id='word_1_488' title='bbox 1079 3757 1093 3771; x_wconf 88' lang='grc'><strong>·</strong></span> <span class='ocrx_word' id='word_1_489' title='bbox 1126 3741 1226 3795; x_wconf 88' lang='grc' dir='ltr'><strong>οὐκ</strong></span> <span class='ocrx_word' id='word_1_490' title='bbox 1256 3740 1578 3810; x_wconf 82' lang='grc' dir='ltr'>ἐνεγκόντες</span> <span class='ocrx_word' id='word_1_491' title='bbox 1633 3740 1739 3811; x_wconf 87' lang='grc' dir='ltr'><strong>γάρ</strong></span> <span class='ocrx_word' id='word_1_492' title='bbox 1781 3741 1980 3794; x_wconf 85' lang='grc' dir='ltr'>ἐκεῖνοι</span> 
     </span>
    </p>
   </div>
   <div class='ocr_carea' id='block_1_68' title="bbox 400 3831 1980 3902">
    <p class='ocr_par' dir='ltr' id='par_1_68' title="bbox 400 3831 1980 3902">
     <span class='ocr_line' id='line_1_68' title="bbox 400 3831 1980 3902; baseline -0.001 -17"><span class='ocrx_word' id='word_1_493' title='bbox 400 3831 450 3885; x_wconf 84' lang='lat' dir='ltr'><strong>ol</strong></span> <span class='ocrx_word' id='word_1_494' title='bbox 492 3832 591 3902; x_wconf 76' lang='grc' dir='ltr'>μὲν</span> <span class='ocrx_word' id='word_1_495' title='bbox 623 3831 844 3901; x_wconf 77' lang='grc' dir='ltr'>ἔφυγον,</span> <span class='ocrx_word' id='word_1_496' title='bbox 873 3833 922 3886; x_wconf 89' lang='grc' dir='ltr'><strong>οί</strong></span> <span class='ocrx_word' id='word_1_497' title='bbox 948 3831 1005 3885; x_wconf 76' lang='grc' dir='ltr'>δὲ</span> <span class='ocrx_word' id='word_1_498' title='bbox 1059 3832 1305 3887; x_wconf 86' lang='grc' dir='ltr'>ἐδίωκον.</span> <span class='ocrx_word' id='word_1_499' title='bbox 1366 3833 1541 3896; x_wconf 84' lang='grc' dir='ltr'>Πολὺς</span> <span class='ocrx_word' id='word_1_500' title='bbox 1569 3831 1628 3885; x_wconf 82' lang='grc' dir='ltr'>δὲ</span> <span class='ocrx_word' id='word_1_501' title='bbox 1661 3831 1827 3900; x_wconf 84' lang='grc' dir='ltr'>φόϐος</span> <span class='ocrx_word' id='word_1_502' title='bbox 1870 3831 1980 3885; x_wconf 83' lang='grc' dir='ltr'><strong>τῶν</strong></span> 
     </span>
    </p>
   </div>
   <div class='ocr_carea' id='block_1_69' title="bbox 400 3921 1979 3996">
    <p class='ocr_par' dir='ltr' id='par_1_69' title="bbox 400 3921 1979 3996">
     <span class='ocr_line' id='line_1_69' title="bbox 400 3921 1979 3996; baseline -0.003 -19"><span class='ocrx_word' id='word_1_503' title='bbox 400 3923 694 3996; x_wconf 82' lang='grc' dir='ltr'>βαρϐάρων</span> <span class='ocrx_word' id='word_1_504' title='bbox 725 3925 967 3993; x_wconf 84' lang='grc' dir='ltr'>ἐγένετο·</span> <span class='ocrx_word' id='word_1_505' title='bbox 990 3925 1052 3978; x_wconf 91' lang='grc' dir='ltr'><strong>οὐ</strong></span> <span class='ocrx_word' id='word_1_506' title='bbox 1085 3925 1246 3994; x_wconf 87' lang='grc' dir='ltr'>μόνον</span> <span class='ocrx_word' id='word_1_507' title='bbox 1271 3924 1377 3994; x_wconf 86' lang='grc' dir='ltr'><strong>γάρ</strong></span> <span class='ocrx_word' id='word_1_508' title='bbox 1407 3924 1510 3978; x_wconf 80' lang='grc' dir='ltr'>ὐπὸ</span> <span class='ocrx_word' id='word_1_509' title='bbox 1535 3925 1642 3978; x_wconf 83' lang='grc' dir='ltr'>τῶν</span> <span class='ocrx_word' id='word_1_510' title='bbox 1670 3921 1979 3993; x_wconf 85' lang='grc' dir='ltr'>Ῥωμαίων,</span> 
     </span>
    </p>
   </div>
   <div class='ocr_carea' id='block_1_70' title="bbox 401 4015 1417 4086">
    <p class='ocr_par' dir='ltr' id='par_1_70' title="bbox 401 4015 1417 4086">
     <span class='ocr_line' id='line_1_70' title="bbox 401 4015 1417 4086; baseline -0.004 -13"><span class='ocrx_word' id='word_1_511' title='bbox 401 4015 541 4073; x_wconf 74' lang='grc' dir='ltr'>ἀλλὰ</span> <span class='ocrx_word' id='word_1_512' title='bbox 573 4015 666 4070; x_wconf 69' lang='grc' dir='ltr'><strong>καλ⁸</strong></span> <span class='ocrx_word' id='word_1_513' title='bbox 695 4016 799 4070; x_wconf 85' lang='grc' dir='ltr'><strong>ὐπδ</strong></span> <span class='ocrx_word' id='word_1_514' title='bbox 825 4016 1068 4086; x_wconf 78' lang='grc' dir='ltr'>ἀλλήλων</span> <span class='ocrx_word' id='word_1_515' title='bbox 1097 4015 1417 4069; x_wconf 76' lang='grc' dir='ltr'>ἐκτείνοντο.</span> 
     </span>
    </p>
   </div>
   <div class='ocr_carea' id='block_1_71' title="bbox 2084 3285 3670 3357">
    <p class='ocr_par' dir='ltr' id='par_1_71' title="bbox 2084 3285 3670 3357">
     <span class='ocr_line' id='line_1_71' title="bbox 2084 3285 3670 3357; baseline 0.003 -19"><span class='ocrx_word' id='word_1_516' title='bbox 2084 3300 2207 3357; x_wconf 70' lang='lat' dir='ltr'><strong>qua:</strong></span> <span class='ocrx_word' id='word_1_517' title='bbox 2258 3285 2718 3356; x_wconf 83' lang='lat' dir='ltr'><strong>Hispania-etiam</strong></span> <span class='ocrx_word' id='word_1_518' title='bbox 2768 3286 3113 3349; x_wconf 87' lang='lat' dir='ltr'><strong>nominatur,</strong></span> <span class='ocrx_word' id='word_1_519' title='bbox 3165 3287 3446 3340; x_wconf 82' lang='lat' dir='ltr'><strong>hominem</strong></span> <span class='ocrx_word' id='word_1_520' title='bbox 3480 3303 3670 3342; x_wconf 86' lang='lat' dir='ltr'><strong>accer-</strong></span> 
     </span>
    </p>
   </div>
   <div class='ocr_carea' id='block_1_72' title="bbox 2085 3377 3670 3446">
    <p class='ocr_par' dir='ltr' id='par_1_72' title="bbox 2085 3377 3670 3446">
     <span class='ocr_line' id='line_1_72' title="bbox 2085 3377 3670 3446; baseline 0.002 -16"><span class='ocrx_word' id='word_1_521' title='bbox 2085 3390 2234 3442; x_wconf 89' lang='lat' dir='ltr'><strong>sens,</strong></span> <span class='ocrx_word' id='word_1_522' title='bbox 2290 3394 2354 3432; x_wconf 90' lang='lat' dir='ltr'><strong>ac</strong></span> <span class='ocrx_word' id='word_1_523' title='bbox 2407 3378 2554 3432; x_wconf 88' lang='lat' dir='ltr'><strong>bello</strong></span> <span class='ocrx_word' id='word_1_524' title='bbox 2608 3377 2939 3446; x_wconf 71' lang='lat' dir='ltr'><strong>praeﬁciens,</strong></span> <span class='ocrx_word' id='word_1_525' title='bbox 2976 3393 3104 3432; x_wconf 88' lang='lat' dir='ltr'><strong>curn</strong></span> <span class='ocrx_word' id='word_1_526' title='bbox 3148 3379 3396 3433; x_wconf 76' lang='lat' dir='ltr'><strong>exercitu</strong></span> <span class='ocrx_word' id='word_1_527' title='bbox 3433 3379 3670 3434; x_wconf 87' lang='lat' dir='ltr'><strong>collecto</strong></span> 
     </span>
    </p>
   </div>
   <div class='ocr_carea' id='block_1_73' title="bbox 2085 3469 3666 3536">
    <p class='ocr_par' dir='ltr' id='par_1_73' title="bbox 2085 3469 3666 3536">
     <span class='ocr_line' id='line_1_73' title="bbox 2085 3469 3666 3536; baseline 0.001 -12"><span class='ocrx_word' id='word_1_528' title='bbox 2085 3469 2258 3524; x_wconf 89' lang='lat' dir='ltr'><strong>misit.</strong></span> <span class='ocrx_word' id='word_1_529' title='bbox 2281 3470 2378 3524; x_wconf 85' lang='lat' dir='ltr'><strong>Hic</strong></span> <span class='ocrx_word' id='word_1_530' title='bbox 2399 3479 2583 3524; x_wconf 75' lang='lat' dir='ltr'><strong>autem</strong></span> <span class='ocrx_word' id='word_1_531' title='bbox 2605 3471 2828 3525; x_wconf 87' lang='lat' dir='ltr'><strong>invictis</strong></span> <span class='ocrx_word' id='word_1_532' title='bbox 2851 3472 3042 3536; x_wconf 91' lang='lat' dir='ltr'><strong>armis,</strong></span> <span class='ocrx_word' id='word_1_533' title='bbox 3070 3471 3379 3526; x_wconf 81' lang='lat' dir='ltr'><strong>orthodoxa</strong></span> <span class='ocrx_word' id='word_1_534' title='bbox 3404 3473 3666 3528; x_wconf 87' lang='lat' dir='ltr'><strong>nimirum</strong></span> 
     </span>
    </p>
   </div>
   <div class='ocr_carea' id='block_1_74' title="bbox 2085 3559 3669 3630">
    <p class='ocr_par' dir='ltr' id='par_1_74' title="bbox 2085 3559 3669 3630">
     <span class='ocr_line' id='line_1_74' title="bbox 2085 3559 3669 3630; baseline 0.004 -16"><span class='ocrx_word' id='word_1_535' title='bbox 2085 3559 2194 3614; x_wconf 93' lang='lat' dir='ltr'><strong>ﬁde</strong></span> <span class='ocrx_word' id='word_1_536' title='bbox 2227 3561 2710 3627; x_wconf 74' lang='lat' dir='ltr'><strong>circummunitos,</strong></span> <span class='ocrx_word' id='word_1_537' title='bbox 2747 3577 2944 3630; x_wconf 81' lang='lat' dir='ltr'><strong>magna</strong></span> <span class='ocrx_word' id='word_1_538' title='bbox 2981 3578 3106 3617; x_wconf 87' lang='lat' dir='ltr'><strong>cum</strong></span> <span class='ocrx_word' id='word_1_539' title='bbox 3161 3561 3364 3618; x_wconf 87' lang='lat' dir='ltr'><strong>ﬁducia</strong></span> <span class='ocrx_word' id='word_1_540' title='bbox 3399 3565 3669 3620; x_wconf 90' lang='lat' dir='ltr'><strong>adversus</strong></span> 
     </span>
    </p>
   </div>
   <div class='ocr_carea' id='block_1_75' title="bbox 2085 3651 3667 3728">
    <p class='ocr_par' dir='ltr' id='par_1_75' title="bbox 2085 3651 3667 3728">
     <span class='ocr_line' id='line_1_75' title="bbox 2085 3651 3667 3728; baseline 0.006 -24"><span class='ocrx_word' id='word_1_541' title='bbox 2085 3651 2348 3707; x_wconf 87' lang='lat' dir='ltr'><strong>hostilem</strong></span> <span class='ocrx_word' id='word_1_542' title='bbox 2384 3653 2563 3707; x_wconf 90' lang='lat' dir='ltr'><strong>aciem</strong></span> <span class='ocrx_word' id='word_1_543' title='bbox 2611 3653 2887 3722; x_wconf 88' lang='lat' dir='ltr'><strong>procedit.</strong></span> <span class='ocrx_word' id='word_1_544' title='bbox 2919 3653 2989 3706; x_wconf 88' lang='lat' dir='ltr'><strong>Et</strong></span> <span class='ocrx_word' id='word_1_545' title='bbox 3019 3654 3311 3709; x_wconf 82' lang='lat' dir='ltr'><strong>Thraciam</strong></span> <span class='ocrx_word' id='word_1_546' title='bbox 3359 3656 3667 3728; x_wconf 81' lang='lat' dir='ltr'><strong>ingressus,</strong></span> 
     </span>
    </p>
   </div>
   <div class='ocr_carea' id='block_1_76' title="bbox 2085 3739 3670 3814">
    <p class='ocr_par' dir='ltr' id='par_1_76' title="bbox 2085 3739 3670 3814">
     <span class='ocr_line' id='line_1_76' title="bbox 2085 3739 3670 3814; baseline 0.006 -19"><span class='ocrx_word' id='word_1_547' title='bbox 2085 3739 2134 3798; x_wconf 87' lang='lat' dir='ltr'><strong>is</strong></span> <span class='ocrx_word' id='word_1_548' title='bbox 2167 3741 2392 3812; x_wconf 87' lang='lat' dir='ltr'><strong>quidem</strong></span> <span class='ocrx_word' id='word_1_549' title='bbox 2429 3759 2528 3813; x_wconf 88' lang='lat' dir='ltr'><strong>per</strong></span> <span class='ocrx_word' id='word_1_550' title='bbox 2563 3744 2671 3797; x_wconf 87' lang='lat' dir='ltr'><strong>vim</strong></span> <span class='ocrx_word' id='word_1_551' title='bbox 2726 3745 2922 3814; x_wconf 69' lang='lat' dir='ltr'><strong>praelio</strong></span> <span class='ocrx_word' id='word_1_552' title='bbox 2955 3745 3086 3800; x_wconf 89' lang='lat' dir='ltr'><strong>vicit</strong></span> <span class='ocrx_word' id='word_1_553' title='bbox 3127 3763 3142 3800; x_wconf 87' lang='lat'><strong>:</strong></span> <span class='ocrx_word' id='word_1_554' title='bbox 3183 3746 3406 3802; x_wconf 84' lang='lat' dir='ltr'><strong>barbari</strong></span> <span class='ocrx_word' id='word_1_555' title='bbox 3441 3765 3571 3804; x_wconf 90' lang='lat' dir='ltr'><strong>vero</strong></span> <span class='ocrx_word' id='word_1_556' title='bbox 3604 3766 3670 3806; x_wconf 87' lang='lat' dir='ltr'><strong>ne</strong></span> 
     </span>
    </p>
   </div>
   <div class='ocr_carea' id='block_1_77' title="bbox 2087 3834 3672 3907">
    <p class='ocr_par' dir='ltr' id='par_1_77' title="bbox 2087 3834 3672 3907">
     <span class='ocr_line' id='line_1_77' title="bbox 2087 3834 3672 3907; baseline 0.003 -19"><span class='ocrx_word' id='word_1_557' title='bbox 2087 3834 2173 3888; x_wconf 85' lang='lat' dir='ltr'><strong>vel</strong></span> <span class='ocrx_word' id='word_1_558' title='bbox 2224 3835 2462 3904; x_wconf 85' lang='lat' dir='ltr'><strong>primum</strong></span> <span class='ocrx_word' id='word_1_559' title='bbox 2515 3838 2858 3893; x_wconf 85' lang='lat' dir='ltr'><strong>sustinentes</strong></span> <span class='ocrx_word' id='word_1_560' title='bbox 2908 3840 3201 3907; x_wconf 89' lang='lat' dir='ltr'><strong>impetum,</strong></span> <span class='ocrx_word' id='word_1_561' title='bbox 3245 3840 3432 3894; x_wconf 89' lang='lat' dir='ltr'><strong>statim</strong></span> <span class='ocrx_word' id='word_1_562' title='bbox 3479 3856 3672 3896; x_wconf 75' lang='lat' dir='ltr'><strong>omnes</strong></span> 
     </span>
    </p>
   </div>
   <div class='ocr_carea' id='block_1_78' title="bbox 2089 3926 3664 3996">
    <p class='ocr_par' dir='ltr' id='par_1_78' title="bbox 2089 3926 3664 3996">
     <span class='ocr_line' id='line_1_78' title="bbox 2089 3926 3664 3996; baseline 0.006 -16"><span class='ocrx_word' id='word_1_563' title='bbox 2089 3926 2252 3982; x_wconf 90' lang='lat' dir='ltr'><strong>simul</strong></span> <span class='ocrx_word' id='word_1_564' title='bbox 2299 3937 2446 3996; x_wconf 85' lang='lat' dir='ltr'><strong>terga</strong></span> <span class='ocrx_word' id='word_1_565' title='bbox 2486 3926 2798 3994; x_wconf 86' lang='lat' dir='ltr'><strong>dederunt;</strong></span> <span class='ocrx_word' id='word_1_566' title='bbox 2838 3937 2896 3984; x_wconf 90' lang='lat' dir='ltr'><strong>et</strong></span> <span class='ocrx_word' id='word_1_567' title='bbox 2927 3931 3096 3985; x_wconf 89' lang='lat' dir='ltr'><strong>multa</strong></span> <span class='ocrx_word' id='word_1_568' title='bbox 3127 3947 3320 3986; x_wconf 90' lang='lat' dir='ltr'><strong>eorum</strong></span> <span class='ocrx_word' id='word_1_569' title='bbox 3348 3949 3458 3987; x_wconf 87' lang='lat' dir='ltr'><strong>non</strong></span> <span class='ocrx_word' id='word_1_570' title='bbox 3484 3936 3664 3989; x_wconf 89' lang='lat' dir='ltr'><strong>solum</strong></span> 
     </span>
    </p>
   </div>
   <div class='ocr_carea' id='block_1_79' title="bbox 2096 4018 3670 4094">
    <p class='ocr_par' dir='ltr' id='par_1_79' title="bbox 2096 4018 3670 4094">
     <span class='ocr_line' id='line_1_79' title="bbox 2096 4018 3670 4094; baseline 0.007 -23"><span class='ocrx_word' id='word_1_571' title='bbox 2096 4035 2126 4071; x_wconf 88' lang='lat' dir='ltr'><strong>a</strong></span> <span class='ocrx_word' id='word_1_572' title='bbox 2150 4018 2415 4072; x_wconf 79' lang='lat' dir='ltr'><strong>Romanis</strong></span> <span class='ocrx_word' id='word_1_573' title='bbox 2444 4019 2623 4074; x_wconf 74' lang='lat' dir='ltr'><strong>czedes</strong></span> <span class='ocrx_word' id='word_1_574' title='bbox 2649 4022 2789 4074; x_wconf 82' lang='lat' dir='ltr'><strong>facta</strong></span> <span class='ocrx_word' id='word_1_575' title='bbox 2823 4031 2930 4087; x_wconf 91' lang='lat' dir='ltr'><strong>est,</strong></span> <span class='ocrx_word' id='word_1_576' title='bbox 2969 4039 3160 4076; x_wconf 87' lang='lat' dir='ltr'><strong>verum</strong></span> <span class='ocrx_word' id='word_1_577' title='bbox 3190 4025 3354 4078; x_wconf 83' lang='lat' dir='ltr'><strong>etiam</strong></span> <span class='ocrx_word' id='word_1_578' title='bbox 3397 4025 3510 4094; x_wconf 87' lang='lat' dir='ltr'><strong>jam</strong></span> <span class='ocrx_word' id='word_1_579' title='bbox 3541 4043 3572 4080; x_wconf 91' lang='lat' dir='ltr'><strong>a</strong></span> <span class='ocrx_word' id='word_1_580' title='bbox 3611 4043 3670 4082; x_wconf 84' lang='lat' dir='ltr'><strong>se</strong></span> 
     </span>
    </p>
   </div>
   <div class='ocr_carea' id='block_1_80' title="bbox 399 4107 3668 4182">
    <p class='ocr_par' dir='ltr' id='par_1_80' title="bbox 399 4107 3668 4182">
     <span class='ocr_line' id='line_1_80' title="bbox 399 4107 3668 4182; baseline 0.004 -19"><span class='ocrx_word' id='word_1_581' title='bbox 399 4108 582 4178; x_wconf 86' lang='lat' dir='ltr'><strong>ipsis:</strong></span> <span class='ocrx_word' id='word_1_582' title='bbox 625 4119 838 4179; x_wconf 90' lang='lat' dir='ltr'><strong>quanto</strong></span> <span class='ocrx_word' id='word_1_583' title='bbox 885 4109 1032 4164; x_wconf 87' lang='lat' dir='ltr'><strong>enim</strong></span> <span class='ocrx_word' id='word_1_584' title='bbox 1065 4109 1300 4179; x_wconf 84' lang='lat' dir='ltr'><strong>majores</strong></span> <span class='ocrx_word' id='word_1_585' title='bbox 1338 4116 1499 4163; x_wconf 89' lang='lat' dir='ltr'><strong>erant</strong></span> <span class='ocrx_word' id='word_1_586' title='bbox 1545 4107 1742 4162; x_wconf 90' lang='lat' dir='ltr'><strong>horum</strong></span> <span class='ocrx_word' id='word_1_587' title='bbox 1777 4108 1974 4179; x_wconf 62' lang='lat' dir='ltr'><strong>copiae,</strong></span> <span class='ocrx_word' id='word_1_588' title='bbox 2016 4117 2168 4166; x_wconf 90' lang='lat' dir='ltr'><strong>tanto</strong></span> <span class='ocrx_word' id='word_1_589' title='bbox 2219 4112 2393 4182; x_wconf 87' lang='lat' dir='ltr'><strong>magis</strong></span> <span class='ocrx_word' id='word_1_590' title='bbox 2463 4113 2568 4167; x_wconf 89' lang='lat' dir='ltr'><strong>sibi</strong></span> <span class='ocrx_word' id='word_1_591' title='bbox 2621 4112 2807 4182; x_wconf 90' lang='lat' dir='ltr'><strong>potius</strong></span> <span class='ocrx_word' id='word_1_592' title='bbox 2849 4129 3016 4182; x_wconf 91' lang='lat' dir='ltr'><strong>quam</strong></span> <span class='ocrx_word' id='word_1_593' title='bbox 3064 4116 3317 4171; x_wconf 86' lang='lat' dir='ltr'><strong>hostibus</strong></span> <span class='ocrx_word' id='word_1_594' title='bbox 3403 4119 3668 4177; x_wconf 87' lang='lat' dir='ltr'><strong>damnum</strong></span> 
     </span>
    </p>
   </div>
   <div class='ocr_carea' id='block_1_81' title="bbox 401 4200 738 4260">
    <p class='ocr_par' dir='ltr' id='par_1_81' title="bbox 401 4200 738 4260">
     <span class='ocr_line' id='line_1_81' title="bbox 401 4200 738 4260; baseline -0.006 0"><span class='ocrx_word' id='word_1_595' title='bbox 401 4200 738 4260; x_wconf 86' lang='lat' dir='ltr'><strong>inferebant.</strong></span> 
     </span>
    </p>
   </div>
   <div class='ocr_carea' id='block_1_82' title="bbox 468 4293 1988 4366">
    <p class='ocr_par' dir='ltr' id='par_1_82' title="bbox 468 4293 1988 4366">
     <span class='ocr_line' id='line_1_82' title="bbox 468 4293 1988 4366; baseline 0.001 -17"><span class='ocrx_word' id='word_1_596' title='bbox 468 4293 546 4350; x_wconf 76' lang='grc' dir='ltr'><strong>ϐ’.</strong></span> <span class='ocrx_word' id='word_1_597' title='bbox 577 4294 735 4350; x_wconf 86' lang='grc' dir='ltr'>Οὐτω</span> <span class='ocrx_word' id='word_1_598' title='bbox 785 4294 841 4348; x_wconf 80' lang='grc' dir='ltr'>δὲ</span> <span class='ocrx_word' id='word_1_599' title='bbox 897 4295 1082 4366; x_wconf 78' lang='grc' dir='ltr'>σχεδὸν</span> <span class='ocrx_word' id='word_1_600' title='bbox 1148 4295 1368 4350; x_wconf 88' lang='grc' dir='ltr'>πάντων</span> <span class='ocrx_word' id='word_1_601' title='bbox 1427 4294 1831 4366; x_wconf 78' lang='grc' dir='ltr'>ἀναιρεθέντων</span> <span class='ocrx_word' id='word_1_602' title='bbox 1879 4294 1988 4350; x_wconf 84' lang='grc' dir='ltr'><strong>τῶν</strong></span> 
     </span>
    </p>
   </div>
   <div class='ocr_carea' id='block_1_83' title="bbox 400 4380 1979 4457">
    <p class='ocr_par' dir='ltr' id='par_1_83' title="bbox 400 4380 1979 4457">
     <span class='ocr_line' id='line_1_83' title="bbox 400 4380 1979 4457; baseline 0.005 -25"><span class='ocrx_word' id='word_1_603' title='bbox 400 4380 694 4452; x_wconf 88' lang='grc' dir='ltr'>βαρϐάρων</span> <span class='ocrx_word' id='word_1_604' title='bbox 759 4383 929 4452; x_wconf 82' lang='grc' dir='ltr'>ὀλίγοι</span> <span class='ocrx_word' id='word_1_605' title='bbox 987 4383 1171 4437; x_wconf 83' lang='grc' dir='ltr'>λαθεῖν</span> <span class='ocrx_word' id='word_1_606' title='bbox 1203 4384 1522 4453; x_wconf 82' lang='grc' dir='ltr'>δυνηθέντες</span> <span class='ocrx_word' id='word_1_607' title='bbox 1564 4384 1824 4457; x_wconf 88' lang='grc' dir='ltr'>διέϐησαν</span> <span class='ocrx_word' id='word_1_608' title='bbox 1886 4385 1979 4440; x_wconf 76' lang='grc' dir='ltr'><strong>τὸν</strong></span> 
     </span>
    </p>
   </div>
   <div class='ocr_carea' id='block_1_84' title="bbox 2170 4285 3670 4372">
    <p class='ocr_par' dir='ltr' id='par_1_84' title="bbox 2170 4285 3670 4372">
     <span class='ocr_line' id='line_1_84' title="bbox 2170 4285 3670 4372; baseline 0.005 -20"><span class='ocrx_word' id='word_1_609' title='bbox 2170 4297 2262 4353; x_wconf 72' lang='grc' dir='ltr'>ιχ.</span> <span class='ocrx_word' id='word_1_610' title='bbox 2293 4297 2392 4353; x_wconf 78' lang='lat' dir='ltr'><strong>llis</strong></span> <span class='ocrx_word' id='word_1_611' title='bbox 2423 4297 2608 4369; x_wconf 89' lang='lat' dir='ltr'><strong>itaque</strong></span> <span class='ocrx_word' id='word_1_612' title='bbox 2631 4312 2804 4368; x_wconf 90' lang='lat' dir='ltr'><strong>prope</strong></span> <span class='ocrx_word' id='word_1_613' title='bbox 2836 4297 3097 4354; x_wconf 90' lang='lat' dir='ltr'><strong>omnibus</strong></span> <span class='ocrx_word' id='word_1_614' title='bbox 3130 4299 3207 4353; x_wconf 91' lang='lat' dir='ltr'><strong>ita</strong></span> <span class='ocrx_word' id='word_1_615' title='bbox 3239 4298 3458 4364; x_wconf 89' lang='lat' dir='ltr'><strong>deletis,</strong></span> <span class='ocrx_word' id='word_1_616' title='bbox 3503 4285 3670 4372; x_wconf 79' lang='lat' dir='ltr'><strong>pauci</strong></span> 
     </span>
    </p>
   </div>
   <div class='ocr_carea' id='block_1_85' title="bbox 2084 4391 3670 4462">
    <p class='ocr_par' dir='ltr' id='par_1_85' title="bbox 2084 4391 3670 4462">
     <span class='ocr_line' id='line_1_85' title="bbox 2084 4391 3670 4462; baseline 0.002 -16"><span class='ocrx_word' id='word_1_617' title='bbox 2084 4391 2404 4455; x_wconf 86' lang='lat' dir='ltr'><strong>admodum,</strong></span> <span class='ocrx_word' id='word_1_618' title='bbox 2437 4393 2530 4460; x_wconf 88' lang='lat' dir='ltr'><strong>qui</strong></span> <span class='ocrx_word' id='word_1_619' title='bbox 2574 4399 2877 4462; x_wconf 87' lang='lat' dir='ltr'><strong>potuerunt</strong></span> <span class='ocrx_word' id='word_1_620' title='bbox 2910 4405 2971 4445; x_wconf 90' lang='lat' dir='ltr'><strong>se</strong></span> <span class='ocrx_word' id='word_1_621' title='bbox 3011 4393 3314 4454; x_wconf 89' lang='lat' dir='ltr'><strong>occultare,</strong></span> <span class='ocrx_word' id='word_1_622' title='bbox 3355 4393 3670 4450; x_wconf 85' lang='lat' dir='ltr'><strong>Danubium</strong></span> 
     </span>
    </p>
   </div>
   <div class='ocr_carea' id='block_1_86' title="bbox 409 4474 1980 4554">
    <p class='ocr_par' dir='ltr' id='par_1_86' title="bbox 409 4474 1980 4550">
     <span class='ocr_line' id='line_1_86' title="bbox 409 4474 1980 4550; baseline 0.003 -22"><span class='ocrx_word' id='word_1_623' title='bbox 409 4474 642 4545; x_wconf 83' lang='grc' dir='ltr'>Ἵστρον.</span> <span class='ocrx_word' id='word_1_624' title='bbox 689 4475 904 4539; x_wconf 64' lang='grc' dir='ltr'>Ἡσθεὶς</span> <span class='ocrx_word' id='word_1_625' title='bbox 937 4475 994 4528; x_wconf 80' lang='grc' dir='ltr'>δὲ</span> <span class='ocrx_word' id='word_1_626' title='bbox 1033 4477 1062 4529; x_wconf 83' lang='grc' dir='ltr'><strong>ό</strong></span> <span class='ocrx_word' id='word_1_627' title='bbox 1088 4475 1340 4545; x_wconf 81' lang='grc' dir='ltr'>βασιλεὺς</span> <span class='ocrx_word' id='word_1_628' title='bbox 1370 4476 1411 4529; x_wconf 92' lang='grc' dir='ltr'><strong>Γ</strong></span> <span class='ocrx_word' id='word_1_629' title='bbox 1417 4477 1670 4546; x_wconf 81' lang='grc' dir='ltr'>ρατιανδς</span> <span class='ocrx_word' id='word_1_630' title='bbox 1691 4477 1766 4541; x_wconf 84' lang='grc' dir='ltr'><strong>ὡς</strong></span> <span class='ocrx_word' id='word_1_631' title='bbox 1791 4477 1980 4550; x_wconf 76' lang='grc' dir='ltr'>ἄριστα</span> 
     </span>
    </p>
   </div>
   <div class='ocr_carea' id='block_1_87' title="bbox 2085 4474 3673 4554">
    <p class='ocr_par' dir='ltr' id='par_1_87' title="bbox 2097 4481 3673 4554">
     <span class='ocr_line' id='line_1_87' title="bbox 2097 4481 3673 4554; baseline 0 -13"><span class='ocrx_word' id='word_1_632' title='bbox 2097 4484 2400 4554; x_wconf 85' lang='lat' dir='ltr'><strong>trajiciunt.</strong></span> <span class='ocrx_word' id='word_1_633' title='bbox 2447 4482 2629 4538; x_wconf 67' lang='lat' dir='ltr'><strong>Laetus</strong></span> <span class='ocrx_word' id='word_1_634' title='bbox 2659 4483 2824 4552; x_wconf 88' lang='lat' dir='ltr'><strong>igitur</strong></span> <span class='ocrx_word' id='word_1_635' title='bbox 2854 4481 3151 4538; x_wconf 89' lang='lat' dir='ltr'><strong>Gratianus</strong></span> <span class='ocrx_word' id='word_1_636' title='bbox 3171 4485 3318 4553; x_wconf 90' lang='lat' dir='ltr'><strong>quod</strong></span> <span class='ocrx_word' id='word_1_637' title='bbox 3359 4485 3489 4540; x_wconf 88' lang='lat' dir='ltr'><strong>belli</strong></span> <span class='ocrx_word' id='word_1_638' title='bbox 3521 4501 3673 4542; x_wconf 85' lang='lat' dir='ltr'><strong>sum-</strong></span> 
     </span>
    </p>
   </div>
   <div class='ocr_carea' id='block_1_88' title="bbox 398 4564 1982 4641">
    <p class='ocr_par' dir='ltr' id='par_1_88' title="bbox 398 4564 1982 4641">
     <span class='ocr_line' id='line_1_88' title="bbox 398 4564 1982 4641; baseline -0.009 -5"><span class='ocrx_word' id='word_1_639' title='bbox 398 4564 777 4637; x_wconf 73' lang='grc' dir='ltr'>ψηφισάμενος</span> <span class='ocrx_word' id='word_1_640' title='bbox 810 4568 974 4622; x_wconf 73' lang='grc' dir='ltr'>αὑτὸν</span> <span class='ocrx_word' id='word_1_641' title='bbox 1014 4569 1319 4638; x_wconf 76' lang='grc' dir='ltr'>στρατηγὸν</span> <span class='ocrx_word' id='word_1_642' title='bbox 1347 4568 1572 4640; x_wconf 82' lang='grc' dir='ltr'>βασιλέα</span> <span class='ocrx_word' id='word_1_643' title='bbox 1602 4571 1982 4641; x_wconf 80' lang='grc' dir='ltr'>κεχειροτόνη-</span> 
     </span>
    </p>
   </div>
   <div class='ocr_carea' id='block_1_89' title="bbox 399 4659 1982 4731">
    <p class='ocr_par' dir='ltr' id='par_1_89' title="bbox 399 4659 1982 4731">
     <span class='ocr_line' id='line_1_89' title="bbox 399 4659 1982 4731; baseline 0.004 -21"><span class='ocrx_word' id='word_1_644' title='bbox 399 4673 487 4722; x_wconf 86' lang='grc' dir='ltr'><strong>κε,</strong></span> <span class='ocrx_word' id='word_1_645' title='bbox 518 4660 615 4711; x_wconf 75' lang='grc' dir='ltr'>καὶ</span> <span class='ocrx_word' id='word_1_646' title='bbox 647 4659 746 4729; x_wconf 83' lang='grc' dir='ltr'>τῆς</span> <span class='ocrx_word' id='word_1_647' title='bbox 777 4659 1077 4722; x_wconf 84' lang='grc' dir='ltr'>Οὐάλεντος</span> <span class='ocrx_word' id='word_1_648' title='bbox 1111 4660 1310 4730; x_wconf 86' lang='grc' dir='ltr'>μοίρας</span> <span class='ocrx_word' id='word_1_649' title='bbox 1342 4661 1410 4714; x_wconf 82' lang='grc' dir='ltr'><strong>τά</strong></span> <span class='ocrx_word' id='word_1_650' title='bbox 1444 4659 1700 4731; x_wconf 79' lang='grc' dir='ltr'>σκῆπτρα</span> <span class='ocrx_word' id='word_1_651' title='bbox 1733 4663 1982 4730; x_wconf 85' lang='grc' dir='ltr'>παρέδω-</span> 
     </span>
    </p>
   </div>
   <div class='ocr_carea' id='block_1_90' title="bbox 399 4749 1980 4824">
    <p class='ocr_par' dir='ltr' id='par_1_90' title="bbox 399 4749 1980 4824">
     <span class='ocr_line' id='line_1_90' title="bbox 399 4749 1980 4824; baseline 0.003 -22"><span class='ocrx_word' id='word_1_652' title='bbox 399 4765 518 4802; x_wconf 83' lang='grc' dir='ltr'>κεν.</span> <span class='ocrx_word' id='word_1_653' title='bbox 555 4749 663 4802; x_wconf 79' lang='grc' dir='ltr'><strong>Καὶ</strong></span> <span class='ocrx_word' id='word_1_654' title='bbox 705 4752 866 4813; x_wconf 79' lang='grc' dir='ltr'>αὐτὸς</span> <span class='ocrx_word' id='word_1_655' title='bbox 930 4751 1029 4820; x_wconf 83' lang='grc' dir='ltr'>μὲν</span> <span class='ocrx_word' id='word_1_656' title='bbox 1075 4751 1169 4804; x_wconf 79' lang='grc' dir='ltr'>ἐπὶ</span> <span class='ocrx_word' id='word_1_657' title='bbox 1223 4751 1324 4823; x_wconf 81' lang='grc' dir='ltr'>τὴν</span> <span class='ocrx_word' id='word_1_658' title='bbox 1367 4751 1600 4804; x_wconf 86' lang='grc' dir='ltr'>Ἰταλίαν</span> <span class='ocrx_word' id='word_1_659' title='bbox 1640 4752 1980 4824; x_wconf 78' lang='grc' dir='ltr'>ἐξώρμησεν,</span> 
     </span>
    </p>
   </div>
   <div class='ocr_carea' id='block_1_91' title="bbox 400 4842 1977 4916">
    <p class='ocr_par' dir='ltr' id='par_1_91' title="bbox 400 4842 1977 4916">
     <span class='ocr_line' id='line_1_91' title="bbox 400 4842 1977 4916; baseline 0.003 -21"><span class='ocrx_word' id='word_1_660' title='bbox 400 4844 611 4896; x_wconf 84' lang='grc' dir='ltr'>ἐκεῖνον</span> <span class='ocrx_word' id='word_1_661' title='bbox 638 4843 694 4896; x_wconf 84' lang='grc' dir='ltr'>δὲ</span> <span class='ocrx_word' id='word_1_662' title='bbox 721 4844 800 4906; x_wconf 81' lang='grc' dir='ltr'>εἰς</span> <span class='ocrx_word' id='word_1_663' title='bbox 831 4843 930 4915; x_wconf 77' lang='grc' dir='ltr'>τὴν</span> <span class='ocrx_word' id='word_1_664' title='bbox 969 4842 1219 4898; x_wconf 84' lang='grc' dir='ltr'>δοθεῖσαν</span> <span class='ocrx_word' id='word_1_665' title='bbox 1263 4846 1563 4916; x_wconf 77' lang='grc' dir='ltr'>ἡγεμονίαν</span> <span class='ocrx_word' id='word_1_666' title='bbox 1591 4845 1977 4916; x_wconf 80' lang='grc' dir='ltr'>παρέπεμψεν.</span> 
     </span>
    </p>
   </div>
   <div class='ocr_carea' id='block_1_92' title="bbox 401 4933 1985 5008">
    <p class='ocr_par' dir='ltr' id='par_1_92' title="bbox 401 4933 1985 5008">
     <span class='ocr_line' id='line_1_92' title="bbox 401 4933 1985 5008; baseline 0.003 -21"><span class='ocrx_word' id='word_1_667' title='bbox 401 4933 577 4996; x_wconf 79' lang='grc' dir='ltr'>Εὐθὺς</span> <span class='ocrx_word' id='word_1_668' title='bbox 607 4933 670 5005; x_wconf 77' lang='grc' dir='ltr'>δὴ</span> <span class='ocrx_word' id='word_1_669' title='bbox 693 4934 785 4986; x_wconf 84' lang='grc' dir='ltr'><strong>οὐν</strong></span> <span class='ocrx_word' id='word_1_670' title='bbox 808 4936 906 5004; x_wconf 78' lang='grc' dir='ltr'>τὴν</span> <span class='ocrx_word' id='word_1_671' title='bbox 937 4935 1216 5006; x_wconf 71' lang='grc' dir='ltr'>βασιλείαν</span> <span class='ocrx_word' id='word_1_672' title='bbox 1242 4936 1572 5007; x_wconf 83' lang='grc' dir='ltr'>παραλαϐὼν</span> <span class='ocrx_word' id='word_1_673' title='bbox 1600 4939 1701 5008; x_wconf 83' lang='grc' dir='ltr'>τῆς</span> <span class='ocrx_word' id='word_1_674' title='bbox 1727 4939 1834 4992; x_wconf 82' lang='grc' dir='ltr'><strong>τῶν</strong></span> <span class='ocrx_word' id='word_1_675' title='bbox 1865 4940 1985 4992; x_wconf 80' lang='grc' dir='ltr'><strong>Ἐκ·</strong></span> 
     </span>
    </p>
   </div>
   <div class='ocr_carea' id='block_1_93' title="bbox 407 5026 1984 5101">
    <p class='ocr_par' dir='ltr' id='par_1_93' title="bbox 407 5026 1984 5101">
     <span class='ocr_line' id='line_1_93' title="bbox 407 5026 1984 5101; baseline 0.003 -22"><span class='ocrx_word' id='word_1_676' title='bbox 407 5026 650 5097; x_wconf 84' lang='grc' dir='ltr'>κλησιῶν</span> <span class='ocrx_word' id='word_1_677' title='bbox 677 5029 784 5097; x_wconf 87' lang='grc' dir='ltr'>πρὸ</span> <span class='ocrx_word' id='word_1_678' title='bbox 811 5028 922 5081; x_wconf 85' lang='grc' dir='ltr'><strong>τῶν</strong></span> <span class='ocrx_word' id='word_1_679' title='bbox 959 5030 1134 5084; x_wconf 77' lang='grc' dir='ltr'>ἄλλων</span> <span class='ocrx_word' id='word_1_680' title='bbox 1173 5029 1488 5100; x_wconf 81' lang='grc' dir='ltr'>συμφωνίας</span> <span class='ocrx_word' id='word_1_681' title='bbox 1521 5030 1862 5101; x_wconf 79' lang='grc' dir='ltr'>ἐπεμελήθη,</span> <span class='ocrx_word' id='word_1_682' title='bbox 1889 5031 1984 5084; x_wconf 79' lang='grc' dir='ltr'>καὶ</span> 
     </span>
    </p>
   </div>
   <div class='ocr_carea' id='block_1_94' title="bbox 407 5120 1982 5191">
    <p class='ocr_par' dir='ltr' id='par_1_94' title="bbox 407 5120 1982 5191">
     <span class='ocr_line' id='line_1_94' title="bbox 407 5120 1982 5191; baseline 0.003 -19"><span class='ocrx_word' id='word_1_683' title='bbox 407 5120 533 5183; x_wconf 83' lang='grc' dir='ltr'>τοὺς</span> <span class='ocrx_word' id='word_1_684' title='bbox 555 5121 653 5190; x_wconf 80' lang='grc' dir='ltr'>τῆς</span> <span class='ocrx_word' id='word_1_685' title='bbox 675 5121 881 5183; x_wconf 75' lang='grc' dir='ltr'>οἰκείας</span> <span class='ocrx_word' id='word_1_686' title='bbox 907 5121 1203 5191; x_wconf 76' lang='grc' dir='ltr'>ἡγεμονίας</span> <span class='ocrx_word' id='word_1_687' title='bbox 1231 5122 1563 5186; x_wconf 84' lang='grc' dir='ltr'>ἐπισκόπους</span> <span class='ocrx_word' id='word_1_688' title='bbox 1590 5125 1670 5186; x_wconf 80' lang='grc' dir='ltr'>εἰς</span> <span class='ocrx_word' id='word_1_689' title='bbox 1696 5125 1794 5191; x_wconf 84' lang='grc' dir='ltr'><strong>τὴν</strong></span> <span class='ocrx_word' id='word_1_690' title='bbox 1823 5125 1982 5177; x_wconf 82' lang='grc' dir='ltr'>Κων-</span> 
     </span>
    </p>
   </div>
   <div class='ocr_carea' id='block_1_95' title="bbox 408 5211 1984 5288">
    <p class='ocr_par' dir='ltr' id='par_1_95' title="bbox 408 5211 1984 5288">
     <span class='ocr_line' id='line_1_95' title="bbox 408 5211 1984 5288; baseline 0.004 -24"><span class='ocrx_word' id='word_1_691' title='bbox 408 5211 848 5265; x_wconf 88' lang='grc' dir='ltr'>σταντινούπολιν</span> <span class='ocrx_word' id='word_1_692' title='bbox 868 5211 1094 5283; x_wconf 76' lang='grc' dir='ltr'>δραμεῖν</span> <span class='ocrx_word' id='word_1_693' title='bbox 1119 5215 1514 5288; x_wconf 76' lang='grc' dir='ltr'>παρηγγύησεν</span> <span class='ocrx_word' id='word_1_694' title='bbox 1535 5233 1550 5248; x_wconf 88' lang='grc'><strong>·</strong></span> <span class='ocrx_word' id='word_1_695' title='bbox 1591 5215 1732 5288; x_wconf 78' lang='grc' dir='ltr'>αὕτη</span> <span class='ocrx_word' id='word_1_696' title='bbox 1757 5215 1865 5285; x_wconf 86' lang='grc' dir='ltr'><strong>γὰρ</strong></span> <span class='ocrx_word' id='word_1_697' title='bbox 1890 5216 1984 5287; x_wconf 87' lang='grc' dir='ltr'>μό-</span> 
     </span>
    </p>
   </div>
   <div class='ocr_carea' id='block_1_96' title="bbox 403 5299 1982 5379">
    <p class='ocr_par' dir='ltr' id='par_1_96' title="bbox 403 5299 1982 5379">
     <span class='ocr_line' id='line_1_96' title="bbox 403 5299 1982 5379; baseline 0.006 -28"><span class='ocrx_word' id='word_1_698' title='bbox 403 5314 473 5369; x_wconf 84' lang='grc' dir='ltr'><strong>νη</strong></span> <span class='ocrx_word' id='word_1_699' title='bbox 522 5299 620 5371; x_wconf 82' lang='grc' dir='ltr'>τῆς</span> <span class='ocrx_word' id='word_1_700' title='bbox 684 5301 1034 5372; x_wconf 83' lang='grc' dir='ltr'>Ἀρειανικῆς</span> <span class='ocrx_word' id='word_1_701' title='bbox 1086 5304 1441 5374; x_wconf 78' lang='grc' dir='ltr'>ἐμπέπληστο</span> <span class='ocrx_word' id='word_1_702' title='bbox 1505 5305 1718 5377; x_wconf 86' lang='grc' dir='ltr'>λώϐης·</span> <span class='ocrx_word' id='word_1_703' title='bbox 1785 5307 1818 5377; x_wconf 76' lang='grc' dir='ltr'>ἡ</span> <span class='ocrx_word' id='word_1_704' title='bbox 1871 5307 1982 5379; x_wconf 80' lang='grc' dir='ltr'><strong>γὰρ</strong></span> 
     </span>
    </p>
   </div>
   <div class='ocr_carea' id='block_1_97' title="bbox 415 5383 1983 5466">
    <p class='ocr_par' dir='ltr' id='par_1_97' title="bbox 415 5383 1983 5466">
     <span class='ocr_line' id='line_1_97' title="bbox 415 5383 1983 5466; baseline 0.005 -24"><span class='ocrx_word' id='word_1_705' title='bbox 415 5383 656 5460; x_wconf 77' lang='grc' dir='ltr'>Ἐσπέρα</span> <span class='ocrx_word' id='word_1_706' title='bbox 684 5392 782 5460; x_wconf 86' lang='grc' dir='ltr'>τῆς</span> <span class='ocrx_word' id='word_1_707' title='bbox 799 5392 956 5445; x_wconf 78' lang='grc' dir='ltr'>νόσου</span> <span class='ocrx_word' id='word_1_708' title='bbox 980 5392 1182 5464; x_wconf 83' lang='grc' dir='ltr'>ταύτης</span> <span class='ocrx_word' id='word_1_709' title='bbox 1209 5395 1466 5466; x_wconf 85' lang='grc' dir='ltr'>ἐλευθέρα</span> <span class='ocrx_word' id='word_1_710' title='bbox 1492 5396 1783 5465; x_wconf 86' lang='grc' dir='ltr'>διέμεινεν.</span> <span class='ocrx_word' id='word_1_711' title='bbox 1828 5399 1983 5450; x_wconf 81' lang='grc' dir='ltr'>Κων-</span> 
     </span>
    </p>
   </div>
   <div class='ocr_carea' id='block_1_98' title="bbox 405 5482 1978 5554">
    <p class='ocr_par' dir='ltr' id='par_1_98' title="bbox 405 5482 1978 5554">
     <span class='ocr_line' id='line_1_98' title="bbox 405 5482 1978 5554; baseline 0.005 -20"><span class='ocrx_word' id='word_1_712' title='bbox 405 5483 685 5544; x_wconf 84' lang='grc' dir='ltr'>σταντῖνος</span> <span class='ocrx_word' id='word_1_713' title='bbox 715 5482 826 5554; x_wconf 86' lang='grc' dir='ltr'><strong>γὰρ</strong></span> <span class='ocrx_word' id='word_1_714' title='bbox 875 5483 972 5537; x_wconf 67' lang='grc' dir='ltr'><strong>καὶ⁵</strong></span> <span class='ocrx_word' id='word_1_715' title='bbox 1006 5483 1268 5550; x_wconf 81' lang='grc' dir='ltr'>Κώνστας</span> <span class='ocrx_word' id='word_1_716' title='bbox 1314 5487 1364 5539; x_wconf 90' lang='grc' dir='ltr'><strong>οί</strong></span> <span class='ocrx_word' id='word_1_717' title='bbox 1417 5487 1831 5541; x_wconf 77' lang='grc' dir='ltr'>Κωνσταντίνου</span> <span class='ocrx_word' id='word_1_718' title='bbox 1883 5487 1978 5542; x_wconf 83' lang='grc' dir='ltr'>τοῦ</span> 
     </span>
    </p>
   </div>
   <div class='ocr_carea' id='block_1_99' title="bbox 405 5571 1980 5650">
    <p class='ocr_par' dir='ltr' id='par_1_99' title="bbox 405 5571 1980 5650">
     <span class='ocr_line' id='line_1_99' title="bbox 405 5571 1980 5650; baseline 0.006 -27"><span class='ocrx_word' id='word_1_719' title='bbox 405 5571 644 5642; x_wconf 82' lang='grc' dir='ltr'>μεγάλου</span> <span class='ocrx_word' id='word_1_720' title='bbox 681 5574 789 5628; x_wconf 70' lang='grc' dir='ltr'>υἱοὶ</span> <span class='ocrx_word' id='word_1_721' title='bbox 821 5575 921 5646; x_wconf 75' lang='grc' dir='ltr'>τὴν</span> <span class='ocrx_word' id='word_1_722' title='bbox 963 5575 1225 5648; x_wconf 80' lang='grc' dir='ltr'>πατρῴαν</span> <span class='ocrx_word' id='word_1_723' title='bbox 1258 5579 1442 5632; x_wconf 78' lang='grc' dir='ltr'>πίστιν</span> <span class='ocrx_word' id='word_1_724' title='bbox 1493 5579 1771 5650; x_wconf 75' lang='grc' dir='ltr'>ἀκήρατον</span> <span class='ocrx_word' id='word_1_725' title='bbox 1801 5579 1980 5649; x_wconf 78' lang='grc' dir='ltr'>διετη-</span> 
     </span>
    </p>
   </div>
   <div class='ocr_carea' id='block_1_100' title="bbox 402 5666 1978 5741">
    <p class='ocr_par' dir='ltr' id='par_1_100' title="bbox 402 5666 1978 5741">
     <span class='ocr_line' id='line_1_100' title="bbox 402 5666 1978 5741; baseline 0.011 -29"><span class='ocrx_word' id='word_1_726' title='bbox 402 5679 554 5733; x_wconf 83' lang='grc' dir='ltr'>ρουν,</span> <span class='ocrx_word' id='word_1_727' title='bbox 603 5668 697 5719; x_wconf 76' lang='grc' dir='ltr'>καὶ</span> <span class='ocrx_word' id='word_1_728' title='bbox 724 5666 886 5722; x_wconf 89' lang='grc' dir='ltr'>πάλιν</span> <span class='ocrx_word' id='word_1_729' title='bbox 913 5670 1354 5734; x_wconf 82' lang='grc' dir='ltr'>Οὐαλεντινιανὺς</span> <span class='ocrx_word' id='word_1_730' title='bbox 1384 5671 1662 5741; x_wconf 71' lang='grc' dir='ltr'>ἀκραιφνῆ</span> <span class='ocrx_word' id='word_1_731' title='bbox 1693 5671 1978 5740; x_wconf 77' lang='grc' dir='ltr'>διεφύλαξε</span> 
     </span>
    </p>
   </div>
   <div class='ocr_carea' id='block_1_101' title="bbox 403 5755 1974 5841">
    <p class='ocr_par' dir='ltr' id='par_1_101' title="bbox 403 5755 1974 5841">
     <span class='ocr_line' id='line_1_101' title="bbox 403 5755 1974 5841; baseline 0.01 -32"><span class='ocrx_word' id='word_1_732' title='bbox 403 5755 856 5832; x_wconf 44' lang='grc' dir='ltr'>τὴνοεύσέϐειανο</span> <span class='ocrx_word' id='word_1_733' title='bbox 896 5760 956 5817; x_wconf 76' lang='grc' dir='ltr'>τὸ</span> <span class='ocrx_word' id='word_1_734' title='bbox 985 5761 1042 5817; x_wconf 74' lang='grc' dir='ltr'><strong>δέ</strong></span> <span class='ocrx_word' id='word_1_735' title='bbox 1093 5761 1293 5836; x_wconf 84' lang='grc' dir='ltr'>τμῆμα</span> <span class='ocrx_word' id='word_1_736' title='bbox 1342 5764 1404 5819; x_wconf 71' lang='grc' dir='ltr'><strong>τὸ</strong></span> <span class='ocrx_word' id='word_1_737' title='bbox 1452 5763 1612 5836; x_wconf 74' lang='grc' dir='ltr'>ἑῷον,</span> <span class='ocrx_word' id='word_1_738' title='bbox 1642 5764 1974 5841; x_wconf 82' lang='grc' dir='ltr'>πολλαχόθεν</span> 
     </span>
    </p>
   </div>
   <div class='ocr_carea' id='block_1_102' title="bbox 2090 4574 3668 4642">
    <p class='ocr_par' dir='ltr' id='par_1_102' title="bbox 2090 4574 3668 4642">
     <span class='ocr_line' id='line_1_102' title="bbox 2090 4574 3668 4642; baseline 0.001 -10"><span class='ocrx_word' id='word_1_739' title='bbox 2090 4593 2240 4632; x_wconf 88' lang='lat' dir='ltr'><strong>mam</strong></span> <span class='ocrx_word' id='word_1_740' title='bbox 2300 4576 2631 4631; x_wconf 88' lang='lat' dir='ltr'><strong>credidisset</strong></span> <span class='ocrx_word' id='word_1_741' title='bbox 2686 4574 3022 4641; x_wconf 86' lang='lat' dir='ltr'><strong>Theodosio,</strong></span> <span class='ocrx_word' id='word_1_742' title='bbox 3088 4575 3481 4642; x_wconf 86' lang='lat' dir='ltr'><strong>imperatorem</strong></span> <span class='ocrx_word' id='word_1_743' title='bbox 3539 4593 3668 4634; x_wconf 88' lang='lat' dir='ltr'><strong>eum</strong></span> 
     </span>
    </p>
   </div>
   <div class='ocr_carea' id='block_1_103' title="bbox 2089 4666 3669 4736">
    <p class='ocr_par' dir='ltr' id='par_1_103' title="bbox 2089 4666 3669 4736">
     <span class='ocr_line' id='line_1_103' title="bbox 2089 4666 3669 4736; baseline 0 -12"><span class='ocrx_word' id='word_1_744' title='bbox 2089 4668 2274 4724; x_wconf 86' lang='lat' dir='ltr'><strong>statim</strong></span> <span class='ocrx_word' id='word_1_745' title='bbox 2324 4668 2588 4732; x_wconf 89' lang='lat' dir='ltr'><strong>declarat,</strong></span> <span class='ocrx_word' id='word_1_746' title='bbox 2631 4673 2687 4722; x_wconf 92' lang='lat' dir='ltr'><strong>et</strong></span> <span class='ocrx_word' id='word_1_747' title='bbox 2721 4666 2774 4720; x_wconf 90' lang='lat' dir='ltr'><strong>ei</strong></span> <span class='ocrx_word' id='word_1_748' title='bbox 2826 4666 3080 4733; x_wconf 87' lang='lat' dir='ltr'><strong>ditionis,</strong></span> <span class='ocrx_word' id='word_1_749' title='bbox 3131 4683 3238 4736; x_wconf 86' lang='lat' dir='ltr'><strong>qua</strong></span> <span class='ocrx_word' id='word_1_750' title='bbox 3287 4668 3492 4724; x_wconf 80' lang='lat' dir='ltr'><strong>Valens</strong></span> <span class='ocrx_word' id='word_1_751' title='bbox 3537 4681 3669 4724; x_wconf 84' lang='lat' dir='ltr'><strong>ante</strong></span> 
     </span>
    </p>
   </div>
   <div class='ocr_carea' id='block_1_104' title="bbox 2088 4758 3668 4830">
    <p class='ocr_par' dir='ltr' id='par_1_104' title="bbox 2088 4758 3668 4830">
     <span class='ocr_line' id='line_1_104' title="bbox 2088 4758 3668 4830; baseline 0 -15"><span class='ocrx_word' id='word_1_752' title='bbox 2088 4758 2427 4830; x_wconf 88' lang='lat' dir='ltr'><strong>potiebatur,</strong></span> <span class='ocrx_word' id='word_1_753' title='bbox 2452 4767 2734 4827; x_wconf 89' lang='lat' dir='ltr'><strong>sceptrum</strong></span> <span class='ocrx_word' id='word_1_754' title='bbox 2760 4759 3079 4813; x_wconf 87' lang='lat' dir='ltr'><strong>committit.</strong></span> <span class='ocrx_word' id='word_1_755' title='bbox 3107 4759 3178 4812; x_wconf 86' lang='lat' dir='ltr'><strong>Et</strong></span> <span class='ocrx_word' id='word_1_756' title='bbox 3205 4759 3324 4828; x_wconf 84' lang='lat' dir='ltr'><strong>ipse</strong></span> <span class='ocrx_word' id='word_1_757' title='bbox 3353 4759 3577 4827; x_wconf 88' lang='lat' dir='ltr'><strong>quidem</strong></span> <span class='ocrx_word' id='word_1_758' title='bbox 3597 4760 3668 4815; x_wconf 87' lang='lat' dir='ltr'><strong>ad</strong></span> 
     </span>
    </p>
   </div>
   <div class='ocr_carea' id='block_1_105' title="bbox 2087 4848 3666 4914">
    <p class='ocr_par' dir='ltr' id='par_1_105' title="bbox 2087 4848 3666 4914">
     <span class='ocr_line' id='line_1_105' title="bbox 2087 4848 3666 4914; baseline -0.003 -8"><span class='ocrx_word' id='word_1_759' title='bbox 2087 4850 2258 4906; x_wconf 66' lang='lat' dir='ltr'><strong>Italia:</strong></span> <span class='ocrx_word' id='word_1_760' title='bbox 2288 4848 2830 4905; x_wconf 82' lang='lat' dir='ltr'><strong>administrationem</strong></span> <span class='ocrx_word' id='word_1_761' title='bbox 2873 4850 3151 4914; x_wconf 88' lang='lat' dir='ltr'><strong>transivit,</strong></span> <span class='ocrx_word' id='word_1_762' title='bbox 3189 4850 3342 4902; x_wconf 91' lang='lat' dir='ltr'><strong>illum</strong></span> <span class='ocrx_word' id='word_1_763' title='bbox 3376 4855 3564 4902; x_wconf 91' lang='lat' dir='ltr'><strong>autem</strong></span> <span class='ocrx_word' id='word_1_764' title='bbox 3596 4848 3666 4902; x_wconf 89' lang='lat' dir='ltr'><strong>ad</strong></span> 
     </span>
    </p>
   </div>
   <div class='ocr_carea' id='block_1_106' title="bbox 2087 4939 3667 5010">
    <p class='ocr_par' dir='ltr' id='par_1_106' title="bbox 2087 4939 3667 5010">
     <span class='ocr_line' id='line_1_106' title="bbox 2087 4939 3667 5010; baseline -0.002 -13"><span class='ocrx_word' id='word_1_765' title='bbox 2087 4957 2413 4997; x_wconf 89' lang='lat' dir='ltr'><strong>concessum</strong></span> <span class='ocrx_word' id='word_1_766' title='bbox 2486 4940 2715 4996; x_wconf 89' lang='lat' dir='ltr'><strong>dimittit</strong></span> <span class='ocrx_word' id='word_1_767' title='bbox 2782 4940 3102 5010; x_wconf 85' lang='lat' dir='ltr'><strong>imperium.</strong></span> <span class='ocrx_word' id='word_1_768' title='bbox 3174 4939 3433 5009; x_wconf 82' lang='lat' dir='ltr'><strong>Regalem</strong></span> <span class='ocrx_word' id='word_1_769' title='bbox 3497 4939 3667 5009; x_wconf 87' lang='lat' dir='ltr'><strong>igitur</strong></span> 
     </span>
    </p>
   </div>
   <div class='ocr_carea' id='block_1_107' title="bbox 2088 5030 3669 5102">
    <p class='ocr_par' dir='ltr' id='par_1_107' title="bbox 2088 5030 3669 5102">
     <span class='ocr_line' id='line_1_107' title="bbox 2088 5030 3669 5102; baseline 0 -16"><span class='ocrx_word' id='word_1_770' title='bbox 2088 5031 2436 5088; x_wconf 88' lang='lat' dir='ltr'><strong>Theodosius</strong></span> <span class='ocrx_word' id='word_1_771' title='bbox 2455 5048 2754 5102; x_wconf 85' lang='lat' dir='ltr'><strong>capessens</strong></span> <span class='ocrx_word' id='word_1_772' title='bbox 2775 5032 3119 5100; x_wconf 87' lang='lat' dir='ltr'><strong>dignitatem,</strong></span> <span class='ocrx_word' id='word_1_773' title='bbox 3147 5030 3456 5085; x_wconf 73' lang='lat' dir='ltr'><strong>concordia:</strong></span> <span class='ocrx_word' id='word_1_774' title='bbox 3480 5031 3669 5086; x_wconf 86' lang='lat' dir='ltr'><strong>Eccle-</strong></span> 
     </span>
    </p>
   </div>
   <div class='ocr_carea' id='block_1_108' title="bbox 2087 5123 3667 5199">
    <p class='ocr_par' dir='ltr' id='par_1_108' title="bbox 2087 5123 3667 5199">
     <span class='ocr_line' id='line_1_108' title="bbox 2087 5123 3667 5199; baseline 0 -21"><span class='ocrx_word' id='word_1_775' title='bbox 2087 5126 2314 5187; x_wconf 89' lang='lat' dir='ltr'><strong>siarum,</strong></span> <span class='ocrx_word' id='word_1_776' title='bbox 2355 5140 2520 5194; x_wconf 89' lang='lat' dir='ltr'><strong>quam</strong></span> <span class='ocrx_word' id='word_1_777' title='bbox 2552 5125 2790 5179; x_wconf 78' lang='lat' dir='ltr'><strong>maxime</strong></span> <span class='ocrx_word' id='word_1_778' title='bbox 2824 5133 3062 5193; x_wconf 89' lang='lat' dir='ltr'><strong>poterat,</strong></span> <span class='ocrx_word' id='word_1_779' title='bbox 3095 5139 3284 5178; x_wconf 87' lang='lat' dir='ltr'><strong>curam</strong></span> <span class='ocrx_word' id='word_1_780' title='bbox 3332 5123 3578 5199; x_wconf 61' lang='lat' dir='ltr'><strong>gerebat,</strong></span> <span class='ocrx_word' id='word_1_781' title='bbox 3609 5134 3667 5178; x_wconf 86' lang='lat' dir='ltr'><strong>et</strong></span> 
     </span>
    </p>
   </div>
   <div class='ocr_carea' id='block_1_109' title="bbox 2086 5215 3666 5286">
    <p class='ocr_par' dir='ltr' id='par_1_109' title="bbox 2086 5215 3666 5286">
     <span class='ocr_line' id='line_1_109' title="bbox 2086 5215 3666 5286; baseline -0.001 -15"><span class='ocrx_word' id='word_1_782' title='bbox 2086 5217 2378 5286; x_wconf 90' lang='lat' dir='ltr'><strong>episcopos</strong></span> <span class='ocrx_word' id='word_1_783' title='bbox 2399 5217 2639 5286; x_wconf 72' lang='lat' dir='ltr'><strong>propriae</strong></span> <span class='ocrx_word' id='word_1_784' title='bbox 2659 5216 2909 5282; x_wconf 89' lang='lat' dir='ltr'><strong>ditionis,</strong></span> <span class='ocrx_word' id='word_1_785' title='bbox 2937 5224 2999 5270; x_wconf 91' lang='lat' dir='ltr'><strong>ut</strong></span> <span class='ocrx_word' id='word_1_786' title='bbox 3018 5215 3382 5270; x_wconf 87' lang='lat' dir='ltr'><strong>convenirent</strong></span> <span class='ocrx_word' id='word_1_787' title='bbox 3401 5215 3666 5271; x_wconf 81' lang='lat' dir='ltr'><strong>Constan-</strong></span> 
     </span>
    </p>
   </div>
   <div class='ocr_carea' id='block_1_110' title="bbox 2090 5307 3663 5380">
    <p class='ocr_par' dir='ltr' id='par_1_110' title="bbox 2090 5307 3663 5380">
     <span class='ocr_line' id='line_1_110' title="bbox 2090 5307 3663 5380; baseline 0.001 -17"><span class='ocrx_word' id='word_1_788' title='bbox 2090 5310 2400 5380; x_wconf 84' lang='lat' dir='ltr'><strong>tinopolim,</strong></span> <span class='ocrx_word' id='word_1_789' title='bbox 2434 5309 2762 5364; x_wconf 81' lang='lat' dir='ltr'><strong>exhortatus</strong></span> <span class='ocrx_word' id='word_1_790' title='bbox 2789 5316 2874 5364; x_wconf 84' lang='lat' dir='ltr'><strong>est</strong></span> <span class='ocrx_word' id='word_1_791' title='bbox 2909 5326 2922 5362; x_wconf 89' lang='lat'><strong>:</strong></span> <span class='ocrx_word' id='word_1_792' title='bbox 2958 5308 3074 5361; x_wconf 73' lang='lat' dir='ltr'><strong>haec</strong></span> <span class='ocrx_word' id='word_1_793' title='bbox 3103 5307 3250 5359; x_wconf 88' lang='lat' dir='ltr'><strong>enim</strong></span> <span class='ocrx_word' id='word_1_794' title='bbox 3303 5307 3418 5361; x_wconf 79' lang='lat' dir='ltr'><strong>sola</strong></span> <span class='ocrx_word' id='word_1_795' title='bbox 3460 5307 3663 5364; x_wconf 76' lang='lat' dir='ltr'><strong>referta</strong></span> 
     </span>
    </p>
   </div>
   <div class='ocr_carea' id='block_1_111' title="bbox 2089 5398 3665 5470">
    <p class='ocr_par' dir='ltr' id='par_1_111' title="bbox 2089 5398 3665 5470">
     <span class='ocr_line' id='line_1_111' title="bbox 2089 5398 3665 5470; baseline -0.001 -13"><span class='ocrx_word' id='word_1_796' title='bbox 2089 5403 2272 5459; x_wconf 89' lang='lat' dir='ltr'><strong>fuerat</strong></span> <span class='ocrx_word' id='word_1_797' title='bbox 2308 5403 2510 5458; x_wconf 83' lang='lat' dir='ltr'><strong>Ariana</strong></span> <span class='ocrx_word' id='word_1_798' title='bbox 2541 5409 2715 5470; x_wconf 90' lang='lat' dir='ltr'><strong>peste,</strong></span> <span class='ocrx_word' id='word_1_799' title='bbox 2747 5415 2872 5454; x_wconf 90' lang='lat' dir='ltr'><strong>cum</strong></span> <span class='ocrx_word' id='word_1_800' title='bbox 2904 5399 3009 5453; x_wconf 68' lang='lat' dir='ltr'><strong>illae</strong></span> <span class='ocrx_word' id='word_1_801' title='bbox 3041 5405 3226 5468; x_wconf 88' lang='lat' dir='ltr'><strong>partes</strong></span> <span class='ocrx_word' id='word_1_802' title='bbox 3257 5414 3381 5468; x_wconf 69' lang='lat' dir='ltr'><strong>qua</strong></span> <span class='ocrx_word' id='word_1_803' title='bbox 3413 5398 3479 5452; x_wconf 91' lang='lat' dir='ltr'><strong>ad</strong></span> <span class='ocrx_word' id='word_1_804' title='bbox 3503 5413 3665 5455; x_wconf 85' lang='lat' dir='ltr'><strong>occa-</strong></span> 
     </span>
    </p>
   </div>
   <div class='ocr_carea' id='block_1_112' title="bbox 2090 5491 3660 5564">
    <p class='ocr_par' dir='ltr' id='par_1_112' title="bbox 2090 5491 3660 5564">
     <span class='ocr_line' id='line_1_112' title="bbox 2090 5491 3660 5564; baseline -0.001 -14"><span class='ocrx_word' id='word_1_805' title='bbox 2090 5511 2210 5550; x_wconf 89' lang='lat' dir='ltr'><strong>sum</strong></span> <span class='ocrx_word' id='word_1_806' title='bbox 2250 5503 2412 5550; x_wconf 86' lang='lat' dir='ltr'><strong>erant</strong></span> <span class='ocrx_word' id='word_1_807' title='bbox 2458 5495 2668 5564; x_wconf 63' lang='lat' dir='ltr'><strong>positae,</strong></span> <span class='ocrx_word' id='word_1_808' title='bbox 2701 5492 2772 5547; x_wconf 78' lang='lat' dir='ltr'><strong>ab</strong></span> <span class='ocrx_word' id='word_1_809' title='bbox 2817 5491 2924 5548; x_wconf 79' lang='lat' dir='ltr'><strong>isto</strong></span> <span class='ocrx_word' id='word_1_810' title='bbox 2970 5491 3163 5546; x_wconf 84' lang='lat' dir='ltr'><strong>morbo</strong></span> <span class='ocrx_word' id='word_1_811' title='bbox 3210 5491 3406 5547; x_wconf 72' lang='lat' dir='ltr'><strong>libera:</strong></span> <span class='ocrx_word' id='word_1_812' title='bbox 3453 5501 3660 5548; x_wconf 85' lang='lat' dir='ltr'><strong>essent.</strong></span> 
     </span>
    </p>
   </div>
   <div class='ocr_carea' id='block_1_113' title="bbox 2087 5580 3662 5653">
    <p class='ocr_par' dir='ltr' id='par_1_113' title="bbox 2087 5580 3662 5653">
     <span class='ocr_line' id='line_1_113' title="bbox 2087 5580 3662 5653; baseline -0.001 -14"><span class='ocrx_word' id='word_1_813' title='bbox 2087 5583 2223 5640; x_wconf 78' lang='lat' dir='ltr'><strong>Nam</strong></span> <span class='ocrx_word' id='word_1_814' title='bbox 2283 5582 2647 5637; x_wconf 87' lang='lat' dir='ltr'><strong>Constantino</strong></span> <span class='ocrx_word' id='word_1_815' title='bbox 2709 5592 2879 5653; x_wconf 84' lang='lat' dir='ltr'><strong>atque</strong></span> <span class='ocrx_word' id='word_1_816' title='bbox 2941 5581 3245 5636; x_wconf 86' lang='lat' dir='ltr'><strong>Constante</strong></span> <span class='ocrx_word' id='word_1_817' title='bbox 3311 5580 3662 5638; x_wconf 63' lang='lat' dir='ltr'><strong>Constantini</strong></span> 
     </span>
    </p>
   </div>
   <div class='ocr_carea' id='block_1_114' title="bbox 2086 5660 3664 5744">
    <p class='ocr_par' dir='ltr' id='par_1_114' title="bbox 2086 5660 3664 5744">
     <span class='ocr_line' id='line_1_114' title="bbox 2086 5660 3664 5744; baseline -0.003 -14"><span class='ocrx_word' id='word_1_818' title='bbox 2086 5673 2267 5744; x_wconf 85' lang='lat' dir='ltr'><strong>Magni</strong></span> <span class='ocrx_word' id='word_1_819' title='bbox 2307 5671 2436 5729; x_wconf 88' lang='lat' dir='ltr'><strong>ﬁliis</strong></span> <span class='ocrx_word' id='word_1_820' title='bbox 2477 5685 2761 5744; x_wconf 88' lang='lat' dir='ltr'><strong>paternam</strong></span> <span class='ocrx_word' id='word_1_821' title='bbox 2810 5674 2974 5730; x_wconf 89' lang='lat' dir='ltr'><strong>ﬁdem</strong></span> <span class='ocrx_word' id='word_1_822' title='bbox 3013 5660 3393 5728; x_wconf 76' lang='lat' dir='ltr'><strong>intemeratatn</strong></span> <span class='ocrx_word' id='word_1_823' title='bbox 3439 5685 3664 5728; x_wconf 89' lang='lat' dir='ltr'><strong>conser-</strong></span> 
     </span>
    </p>
   </div>
   <div class='ocr_carea' id='block_1_115' title="bbox 2085 5765 3662 5842">
    <p class='ocr_par' dir='ltr' id='par_1_115' title="bbox 2085 5765 3662 5842">
     <span class='ocr_line' id='line_1_115' title="bbox 2085 5765 3662 5842; baseline -0.003 -15"><span class='ocrx_word' id='word_1_824' title='bbox 2085 5765 2364 5838; x_wconf 82' lang='lat' dir='ltr'><strong>vantibus,</strong></span> <span class='ocrx_word' id='word_1_825' title='bbox 2410 5778 2466 5827; x_wconf 81' lang='lat' dir='ltr'><strong>ct</strong></span> <span class='ocrx_word' id='word_1_826' title='bbox 2511 5782 2704 5827; x_wconf 81' lang='lat' dir='ltr'><strong>rursus</strong></span> <span class='ocrx_word' id='word_1_827' title='bbox 2747 5767 3136 5828; x_wconf 80' lang='lat' dir='ltr'><strong>Valentiniano</strong></span> <span class='ocrx_word' id='word_1_828' title='bbox 3181 5767 3445 5842; x_wconf 82' lang='lat' dir='ltr'><strong>pietatem</strong></span> <span class='ocrx_word' id='word_1_829' title='bbox 3471 5765 3662 5824; x_wconf 84' lang='lat' dir='ltr'><strong>dome-</strong></span> 
     </span>
    </p>
   </div>
  </div>
