  <div class='ocr_page' id='page_1' title='image "/cluster/home/n/w/nwhite01/storage/ocr_20150623/116/hvd.32044073502221/439.png"; bbox 0 0 4128 6384; ppageno 0'>
   <div class='ocr_carea' id='block_1_1' title="bbox 502 302 607 366">
    <p class='ocr_par' dir='ltr' id='par_1_1' title="bbox 502 302 607 366">
     <span class='ocr_line' id='line_1_1' title="bbox 502 302 607 366; baseline -0.019 0"><span class='ocrx_word' id='word_1_1' title='bbox 502 302 607 366; x_wconf 79' lang='lat'><strong>867</strong></span> 
     </span>
    </p>
   </div>
   <div class='ocr_carea' id='block_1_2' title="bbox 1701 288 2566 352">
    <p class='ocr_par' dir='ltr' id='par_1_2' title="bbox 1701 288 2566 352">
     <span class='ocr_line' id='line_1_2' title="bbox 1701 288 2566 352; baseline -0.001 -3"><span class='ocrx_word' id='word_1_2' title='bbox 1701 290 2078 352; x_wconf 78' lang='lat' dir='ltr'><strong>ADDENDA.</strong></span> <span class='ocrx_word' id='word_1_3' title='bbox 2120 314 2189 324; x_wconf 92' lang='grc'><strong>-·</strong></span> <span class='ocrx_word' id='word_1_4' title='bbox 2231 288 2566 351; x_wconf 78' lang='lat' dir='ltr'><strong>APRILIS.</strong></span> 
     </span>
    </p>
   </div>
   <div class='ocr_carea' id='block_1_3' title="bbox 3667 285 3770 348">
    <p class='ocr_par' dir='ltr' id='par_1_3' title="bbox 3667 285 3770 348">
     <span class='ocr_line' id='line_1_3' title="bbox 3667 285 3770 348; baseline -0.019 0"><span class='ocrx_word' id='word_1_5' title='bbox 3667 285 3770 348; x_wconf 80' lang='lat'><strong>868</strong></span> 
     </span>
    </p>
   </div>
   <div class='ocr_carea' id='block_1_4' title="bbox 500 399 2083 483">
    <p class='ocr_par' dir='ltr' id='par_1_4' title="bbox 500 403 2080 483">
     <span class='ocr_line' id='line_1_4' title="bbox 500 403 2080 483; baseline -0.011 -7"><span class='ocrx_word' id='word_1_6' title='bbox 500 420 695 476; x_wconf 67' lang='lat' dir='ltr'><strong>sticam</strong></span> <span class='ocrx_word' id='word_1_7' title='bbox 723 415 1042 483; x_wconf 81' lang='lat' dir='ltr'><strong>neutiquam</strong></span> <span class='ocrx_word' id='word_1_8' title='bbox 1069 412 1366 482; x_wconf 86' lang='lat' dir='ltr'><strong>prodente,</strong></span> <span class='ocrx_word' id='word_1_9' title='bbox 1385 408 1687 465; x_wconf 75' lang='lat' dir='ltr'><strong>Orientalis</strong></span> <span class='ocrx_word' id='word_1_10' title='bbox 1708 405 1889 475; x_wconf 82' lang='lat' dir='ltr'><strong>portio</strong></span> <span class='ocrx_word' id='word_1_11' title='bbox 1913 403 2080 458; x_wconf 90' lang='lat' dir='ltr'><strong>variis</strong></span> 
     </span>
    </p>
   </div>
   <div class='ocr_carea' id='block_1_5' title="bbox 2188 399 3775 483">
    <p class='ocr_par' dir='ltr' id='par_1_5' title="bbox 2188 399 3775 476">
     <span class='ocr_line' id='line_1_5' title="bbox 2188 399 3775 476; baseline 0.003 -24"><span class='ocrx_word' id='word_1_12' title='bbox 2188 400 2281 470; x_wconf 77' lang='grc' dir='ltr'><strong>τὴν</strong></span> <span class='ocrx_word' id='word_1_13' title='bbox 2307 399 2490 472; x_wconf 82' lang='grc' dir='ltr'><strong>λώϐην</strong></span> <span class='ocrx_word' id='word_1_14' title='bbox 2527 400 2736 471; x_wconf 83' lang='grc' dir='ltr'><strong>ταύτην</strong></span> <span class='ocrx_word' id='word_1_15' title='bbox 2763 400 2985 466; x_wconf 79' lang='grc' dir='ltr'><strong>ἐδέξατο</strong></span> <span class='ocrx_word' id='word_1_16' title='bbox 3013 402 3122 456; x_wconf 72' lang='grc' dir='ltr'><strong>ἀπδ</strong></span> <span class='ocrx_word' id='word_1_17' title='bbox 3161 402 3572 474; x_wconf 78' lang='grc' dir='ltr'><strong>Ἀλεξινδρείας</strong></span> <span class='ocrx_word' id='word_1_18' title='bbox 3600 403 3775 476; x_wconf 72' lang='grc' dir='ltr'><strong>ἀρξα-</strong></span> 
     </span>
    </p>
   </div>
   <div class='ocr_carea' id='block_1_6' title="bbox 501 501 2080 574">
    <p class='ocr_par' dir='ltr' id='par_1_6' title="bbox 501 501 2080 574">
     <span class='ocr_line' id='line_1_6' title="bbox 501 501 2080 574; baseline -0.01 -6"><span class='ocrx_word' id='word_1_19' title='bbox 501 513 640 568; x_wconf 90' lang='lat' dir='ltr'><strong>locis</strong></span> <span class='ocrx_word' id='word_1_20' title='bbox 689 511 832 563; x_wconf 88' lang='lat' dir='ltr'><strong>banc</strong></span> <span class='ocrx_word' id='word_1_21' title='bbox 875 508 1020 560; x_wconf 84' lang='lat' dir='ltr'><strong>luem</strong></span> <span class='ocrx_word' id='word_1_22' title='bbox 1077 505 1321 567; x_wconf 89' lang='lat' dir='ltr'><strong>admisit,</strong></span> <span class='ocrx_word' id='word_1_23' title='bbox 1383 518 1504 574; x_wconf 68' lang='lat' dir='ltr'><strong>quae</strong></span> <span class='ocrx_word' id='word_1_24' title='bbox 1553 519 1679 557; x_wconf 87' lang='lat' dir='ltr'><strong>cmn</strong></span> <span class='ocrx_word' id='word_1_25' title='bbox 1733 501 2080 554; x_wconf 64' lang='lat' dir='ltr'><strong>Alexandria:</strong></span> 
     </span>
    </p>
   </div>
   <div class='ocr_carea' id='block_1_7' title="bbox 501 595 2076 674">
    <p class='ocr_par' dir='ltr' id='par_1_7' title="bbox 501 595 2076 674">
     <span class='ocr_line' id='line_1_7' title="bbox 501 595 2076 674; baseline -0.008 -17"><span class='ocrx_word' id='word_1_26' title='bbox 501 603 658 674; x_wconf 87' lang='lat' dir='ltr'><strong>prius</strong></span> <span class='ocrx_word' id='word_1_27' title='bbox 677 601 958 671; x_wconf 66' lang='lat' dir='ltr'><strong>coepisset,</strong></span> <span class='ocrx_word' id='word_1_28' title='bbox 985 598 1041 652; x_wconf 89' lang='lat' dir='ltr'><strong>in</strong></span> <span class='ocrx_word' id='word_1_29' title='bbox 1068 598 1364 652; x_wconf 71' lang='lat' dir='ltr'><strong>ulteriores</strong></span> <span class='ocrx_word' id='word_1_30' title='bbox 1387 597 1572 668; x_wconf 74' lang='lat' dir='ltr'><strong>plagas</strong></span> <span class='ocrx_word' id='word_1_31' title='bbox 1596 595 2076 666; x_wconf 77' lang='lat' dir='ltr'><strong>progrediebatur.</strong></span> 
     </span>
    </p>
   </div>
   <div class='ocr_carea' id='block_1_8' title="bbox 574 858 2056 937">
    <p class='ocr_par' dir='ltr' id='par_1_8' title="bbox 574 858 2056 937">
     <span class='ocr_line' id='line_1_8' title="bbox 574 858 2056 937; baseline -0.009 -13"><span class='ocrx_word' id='word_1_32' title='bbox 574 869 646 924; x_wconf 83' lang='lat' dir='ltr'><strong>X.</strong></span> <span class='ocrx_word' id='word_1_33' title='bbox 693 868 820 922; x_wconf 69' lang='lat' dir='ltr'><strong>Haec</strong></span> <span class='ocrx_word' id='word_1_34' title='bbox 853 865 1076 937; x_wconf 85' lang='lat' dir='ltr'><strong>quidem</strong></span> <span class='ocrx_word' id='word_1_35' title='bbox 1104 864 1370 920; x_wconf 88' lang='lat' dir='ltr'><strong>Gratiano</strong></span> <span class='ocrx_word' id='word_1_36' title='bbox 1401 861 1582 916; x_wconf 87' lang='lat' dir='ltr'><strong>adhuc</strong></span> <span class='ocrx_word' id='word_1_37' title='bbox 1611 858 1912 928; x_wconf 81' lang='lat' dir='ltr'><strong>superstite</strong></span> <span class='ocrx_word' id='word_1_38' title='bbox 1957 873 2056 928; x_wconf 79' lang='lat' dir='ltr'><strong>age</strong></span> 
     </span>
    </p>
   </div>
   <div class='ocr_carea' id='block_1_9' title="bbox 500 951 2080 1023">
    <p class='ocr_par' dir='ltr' id='par_1_9' title="bbox 500 951 2080 1023">
     <span class='ocr_line' id='line_1_9' title="bbox 500 951 2080 1023; baseline -0.01 -5"><span class='ocrx_word' id='word_1_39' title='bbox 500 963 726 1018; x_wconf 86' lang='lat' dir='ltr'><strong>bantur.</strong></span> <span class='ocrx_word' id='word_1_40' title='bbox 786 959 979 1013; x_wconf 81' lang='lat' dir='ltr'><strong>Postea</strong></span> <span class='ocrx_word' id='word_1_41' title='bbox 1037 972 1172 1011; x_wconf 87' lang='lat' dir='ltr'><strong>vero</strong></span> <span class='ocrx_word' id='word_1_42' title='bbox 1200 971 1324 1010; x_wconf 90' lang='lat' dir='ltr'><strong>cum</strong></span> <span class='ocrx_word' id='word_1_43' title='bbox 1368 954 1483 1023; x_wconf 84' lang='lat' dir='ltr'><strong>ipse</strong></span> <span class='ocrx_word' id='word_1_44' title='bbox 1539 951 1778 1007; x_wconf 73' lang='lat' dir='ltr'><strong>indolem</strong></span> <span class='ocrx_word' id='word_1_45' title='bbox 1821 966 1979 1006; x_wconf 86' lang='lat' dir='ltr'><strong>suam</strong></span> <span class='ocrx_word' id='word_1_46' title='bbox 2027 951 2080 1003; x_wconf 91' lang='lat' dir='ltr'><strong>in</strong></span> 
     </span>
    </p>
   </div>
   <div class='ocr_carea' id='block_1_10' title="bbox 501 1043 2078 1122">
    <p class='ocr_par' dir='ltr' id='par_1_10' title="bbox 501 1043 2078 1122">
     <span class='ocr_line' id='line_1_10' title="bbox 501 1043 2078 1122; baseline -0.008 -12"><span class='ocrx_word' id='word_1_47' title='bbox 501 1057 670 1110; x_wconf 83' lang='lat' dir='ltr'><strong>rebus</strong></span> <span class='ocrx_word' id='word_1_48' title='bbox 731 1052 945 1107; x_wconf 76' lang='lat' dir='ltr'><strong>bellicis</strong></span> <span class='ocrx_word' id='word_1_49' title='bbox 987 1052 1098 1122; x_wconf 84' lang='lat' dir='ltr'><strong>jam</strong></span> <span class='ocrx_word' id='word_1_50' title='bbox 1151 1047 1490 1110; x_wconf 83' lang='lat' dir='ltr'><strong>ostenderet,</strong></span> <span class='ocrx_word' id='word_1_51' title='bbox 1546 1060 1610 1100; x_wconf 90' lang='lat' dir='ltr'><strong>ac</strong></span> <span class='ocrx_word' id='word_1_52' title='bbox 1651 1043 1905 1100; x_wconf 86' lang='lat' dir='ltr'><strong>civitates</strong></span> <span class='ocrx_word' id='word_1_53' title='bbox 1952 1059 2078 1098; x_wconf 87' lang='lat' dir='ltr'><strong>cum</strong></span> 
     </span>
    </p>
   </div>
   <div class='ocr_carea' id='block_1_11' title="bbox 503 1137 2080 1217">
    <p class='ocr_par' dir='ltr' id='par_1_11' title="bbox 503 1137 2080 1217">
     <span class='ocr_line' id='line_1_11' title="bbox 503 1137 2080 1217; baseline -0.008 -12"><span class='ocrx_word' id='word_1_54' title='bbox 503 1149 774 1206; x_wconf 85' lang='lat' dir='ltr'><strong>modestia</strong></span> <span class='ocrx_word' id='word_1_55' title='bbox 819 1157 983 1217; x_wconf 88' lang='lat' dir='ltr'><strong>atque</strong></span> <span class='ocrx_word' id='word_1_56' title='bbox 1037 1144 1253 1214; x_wconf 80' lang='lat' dir='ltr'><strong>justitia</strong></span> <span class='ocrx_word' id='word_1_57' title='bbox 1303 1151 1537 1210; x_wconf 65' lang='lat' dir='ltr'><strong>regeret,</strong></span> <span class='ocrx_word' id='word_1_58' title='bbox 1587 1156 1685 1210; x_wconf 87' lang='lat' dir='ltr'><strong>per</strong></span> <span class='ocrx_word' id='word_1_59' title='bbox 1713 1139 1941 1194; x_wconf 82' lang='lat' dir='ltr'><strong>insidias</strong></span> <span class='ocrx_word' id='word_1_60' title='bbox 1969 1137 2080 1193; x_wconf 86' lang='lat' dir='ltr'><strong>vita</strong></span> 
     </span>
    </p>
   </div>
   <div class='ocr_carea' id='block_1_12' title="bbox 497 1232 2083 1307">
    <p class='ocr_par' dir='ltr' id='par_1_12' title="bbox 497 1232 2083 1307">
     <span class='ocr_line' id='line_1_12' title="bbox 497 1232 2083 1307; baseline -0.008 -10"><span class='ocrx_word' id='word_1_61' title='bbox 497 1241 760 1306; x_wconf 78' lang='lat' dir='ltr'><strong>excessit,</strong></span> <span class='ocrx_word' id='word_1_62' title='bbox 785 1239 931 1293; x_wconf 81' lang='lat' dir='ltr'><strong>filios</strong></span> <span class='ocrx_word' id='word_1_63' title='bbox 943 1238 1166 1307; x_wconf 82' lang='lat' dir='ltr'><strong>quidem</strong></span> <span class='ocrx_word' id='word_1_64' title='bbox 1181 1237 1272 1304; x_wconf 85' lang='lat' dir='ltr'><strong>qui</strong></span> <span class='ocrx_word' id='word_1_65' title='bbox 1303 1250 1468 1304; x_wconf 80' lang='lat' dir='ltr'><strong>regno</strong></span> <span class='ocrx_word' id='word_1_66' title='bbox 1491 1233 1874 1293; x_wconf 85' lang='lat' dir='ltr'><strong>succederent.</strong></span> <span class='ocrx_word' id='word_1_67' title='bbox 1901 1232 2083 1285; x_wconf 89' lang='lat' dir='ltr'><strong>nullos</strong></span> 
     </span>
    </p>
   </div>
   <div class='ocr_carea' id='block_1_13' title="bbox 499 1325 2080 1399">
    <p class='ocr_par' dir='ltr' id='par_1_13' title="bbox 499 1325 2080 1399">
     <span class='ocr_line' id='line_1_13' title="bbox 499 1325 2080 1399; baseline -0.006 -14"><span class='ocrx_word' id='word_1_68' title='bbox 499 1331 842 1399; x_wconf 85' lang='lat' dir='ltr'><strong>relinquens,</strong></span> <span class='ocrx_word' id='word_1_69' title='bbox 899 1329 1122 1381; x_wconf 81' lang='lat' dir='ltr'><strong>fratrem</strong></span> <span class='ocrx_word' id='word_1_70' title='bbox 1175 1340 1306 1379; x_wconf 87' lang='lat' dir='ltr'><strong>vero</strong></span> <span class='ocrx_word' id='word_1_71' title='bbox 1341 1325 1638 1377; x_wconf 84' lang='lat' dir='ltr'><strong>admodum</strong></span> <span class='ocrx_word' id='word_1_72' title='bbox 1691 1325 1974 1393; x_wconf 85' lang='lat' dir='ltr'><strong>juvenem,</strong></span> <span class='ocrx_word' id='word_1_73' title='bbox 2025 1331 2080 1376; x_wconf 84' lang='lat' dir='ltr'><strong>et</strong></span> 
     </span>
    </p>
   </div>
   <div class='ocr_carea' id='block_1_14' title="bbox 498 1414 2078 1492">
    <p class='ocr_par' dir='ltr' id='par_1_14' title="bbox 498 1414 2078 1492">
     <span class='ocr_line' id='line_1_14' title="bbox 498 1414 2078 1492; baseline -0.004 -16"><span class='ocrx_word' id='word_1_74' title='bbox 498 1422 643 1492; x_wconf 86' lang='lat' dir='ltr'><strong>patri</strong></span> <span class='ocrx_word' id='word_1_75' title='bbox 684 1419 1095 1490; x_wconf 81' lang='lat' dir='ltr'><strong>cognominem,</strong></span> <span class='ocrx_word' id='word_1_76' title='bbox 1141 1433 1520 1472; x_wconf 84' lang='lat' dir='ltr'><strong>successorem</strong></span> <span class='ocrx_word' id='word_1_77' title='bbox 1578 1414 1794 1482; x_wconf 86' lang='lat' dir='ltr'><strong>imperii</strong></span> <span class='ocrx_word' id='word_1_78' title='bbox 1848 1414 2078 1469; x_wconf 75' lang='lat' dir='ltr'><strong>faciens.</strong></span> 
     </span>
    </p>
   </div>
   <div class='ocr_carea' id='block_1_15' title="bbox 500 1507 2080 1581">
    <p class='ocr_par' dir='ltr' id='par_1_15' title="bbox 500 1507 2080 1581">
     <span class='ocr_line' id='line_1_15' title="bbox 500 1507 2080 1581; baseline -0.004 -14"><span class='ocrx_word' id='word_1_79' title='bbox 500 1513 643 1567; x_wconf 89' lang='lat' dir='ltr'><strong>Tum</strong></span> <span class='ocrx_word' id='word_1_80' title='bbox 675 1529 808 1568; x_wconf 89' lang='lat' dir='ltr'><strong>vero</strong></span> <span class='ocrx_word' id='word_1_81' title='bbox 845 1513 1066 1581; x_wconf 87' lang='lat' dir='ltr'><strong>quidam</strong></span> <span class='ocrx_word' id='word_1_82' title='bbox 1117 1511 1404 1569; x_wconf 78' lang='lat' dir='ltr'><strong>Maximus,</strong></span> <span class='ocrx_word' id='word_1_83' title='bbox 1461 1517 1646 1578; x_wconf 86' lang='lat' dir='ltr'><strong>spreta</strong></span> <span class='ocrx_word' id='word_1_84' title='bbox 1703 1507 2080 1562; x_wconf 88' lang='lat' dir='ltr'><strong>Valentiniani</strong></span> 
     </span>
    </p>
   </div>
   <div class='ocr_carea' id='block_1_16' title="bbox 499 1602 2159 1694">
    <p class='ocr_par' dir='ltr' id='par_1_16' title="bbox 499 1602 2159 1694">
     <span class='ocr_line' id='line_1_16' title="bbox 499 1602 2159 1694; baseline -0.004 -34"><span class='ocrx_word' id='word_1_85' title='bbox 499 1608 761 1676; x_wconf 87' lang='lat' dir='ltr'><strong>pueritia,</strong></span> <span class='ocrx_word' id='word_1_86' title='bbox 796 1605 1168 1660; x_wconf 87' lang='lat' dir='ltr'><strong>Occidentalis</strong></span> <span class='ocrx_word' id='word_1_87' title='bbox 1221 1603 1440 1671; x_wconf 88' lang='lat' dir='ltr'><strong>imperii</strong></span> <span class='ocrx_word' id='word_1_88' title='bbox 1473 1603 1733 1655; x_wconf 90' lang='lat' dir='ltr'><strong>thronum</strong></span> <span class='ocrx_word' id='word_1_89' title='bbox 1766 1602 2080 1671; x_wconf 84' lang='lat' dir='ltr'><strong>usurpavit.</strong></span> <span class='ocrx_word' id='word_1_90' title='bbox 2116 1635 2159 1694; x_wconf 73' lang='grc' dir='ltr'><strong>Β</strong></span> 
     </span>
    </p>
   </div>
   <div class='ocr_carea' id='block_1_17' title="bbox 572 1689 2082 1762">
    <p class='ocr_par' dir='ltr' id='par_1_17' title="bbox 572 1689 2082 1762">
     <span class='ocr_line' id='line_1_17' title="bbox 572 1689 2082 1762; baseline -0.003 -13"><span class='ocrx_word' id='word_1_91' title='bbox 572 1695 665 1749; x_wconf 83' lang='lat' dir='ltr'><strong>XI.</strong></span> <span class='ocrx_word' id='word_1_92' title='bbox 721 1696 825 1748; x_wconf 90' lang='lat' dir='ltr'><strong>Per</strong></span> <span class='ocrx_word' id='word_1_93' title='bbox 854 1695 905 1748; x_wconf 88' lang='lat' dir='ltr'><strong>id</strong></span> <span class='ocrx_word' id='word_1_94' title='bbox 946 1695 1114 1749; x_wconf 89' lang='lat' dir='ltr'><strong>etiam</strong></span> <span class='ocrx_word' id='word_1_95' title='bbox 1148 1693 1415 1762; x_wconf 84' lang='lat' dir='ltr'><strong>temporis</strong></span> <span class='ocrx_word' id='word_1_96' title='bbox 1455 1692 1697 1755; x_wconf 85' lang='lat' dir='ltr'><strong>Justina,</strong></span> <span class='ocrx_word' id='word_1_97' title='bbox 1735 1691 1919 1759; x_wconf 72' lang='lat' dir='ltr'><strong>magni</strong></span> <span class='ocrx_word' id='word_1_98' title='bbox 1955 1689 2082 1760; x_wconf 88' lang='lat' dir='ltr'><strong>qui-</strong></span> 
     </span>
    </p>
   </div>
   <div class='ocr_carea' id='block_1_18' title="bbox 499 1784 2077 1858">
    <p class='ocr_par' dir='ltr' id='par_1_18' title="bbox 499 1784 2077 1858">
     <span class='ocr_line' id='line_1_18' title="bbox 499 1784 2077 1858; baseline -0.004 -14"><span class='ocrx_word' id='word_1_99' title='bbox 499 1787 627 1844; x_wconf 89' lang='lat' dir='ltr'><strong>dem</strong></span> <span class='ocrx_word' id='word_1_100' title='bbox 685 1787 1058 1842; x_wconf 81' lang='lat' dir='ltr'><strong>Valentiniani</strong></span> <span class='ocrx_word' id='word_1_101' title='bbox 1117 1787 1338 1858; x_wconf 81' lang='lat' dir='ltr'><strong>conjux,</strong></span> <span class='ocrx_word' id='word_1_102' title='bbox 1372 1795 1546 1840; x_wconf 82' lang='lat' dir='ltr'><strong>mater</strong></span> <span class='ocrx_word' id='word_1_103' title='bbox 1575 1795 1759 1839; x_wconf 83' lang='lat' dir='ltr'><strong>autem</strong></span> <span class='ocrx_word' id='word_1_104' title='bbox 1812 1784 2077 1854; x_wconf 83' lang='lat' dir='ltr'><strong>junioris,</strong></span> 
     </span>
    </p>
   </div>
   <div class='ocr_carea' id='block_1_19' title="bbox 500 1873 2079 1950">
    <p class='ocr_par' dir='ltr' id='par_1_19' title="bbox 500 1873 2079 1950">
     <span class='ocr_line' id='line_1_19' title="bbox 500 1873 2079 1950; baseline -0.006 -16"><span class='ocrx_word' id='word_1_105' title='bbox 500 1894 623 1950; x_wconf 72' lang='lat' dir='ltr'><strong>qua:</strong></span> <span class='ocrx_word' id='word_1_106' title='bbox 679 1878 946 1932; x_wconf 77' lang='lat' dir='ltr'><strong>doctrina:</strong></span> <span class='ocrx_word' id='word_1_107' title='bbox 998 1877 1215 1930; x_wconf 80' lang='lat' dir='ltr'><strong>Arianae</strong></span> <span class='ocrx_word' id='word_1_108' title='bbox 1265 1891 1454 1929; x_wconf 80' lang='lat' dir='ltr'><strong>semen</strong></span> <span class='ocrx_word' id='word_1_109' title='bbox 1509 1873 1716 1928; x_wconf 89' lang='lat' dir='ltr'><strong>dudum</strong></span> <span class='ocrx_word' id='word_1_110' title='bbox 1762 1883 2079 1940; x_wconf 83' lang='lat' dir='ltr'><strong>exceperat,</strong></span> 
     </span>
    </p>
   </div>
   <div class='ocr_carea' id='block_1_20' title="bbox 500 1966 2082 2034">
    <p class='ocr_par' dir='ltr' id='par_1_20' title="bbox 500 1966 2082 2034">
     <span class='ocr_line' id='line_1_20' title="bbox 500 1966 2082 2034; baseline -0.005 -8"><span class='ocrx_word' id='word_1_111' title='bbox 500 1971 638 2026; x_wconf 89' lang='lat' dir='ltr'><strong>illud</strong></span> <span class='ocrx_word' id='word_1_112' title='bbox 666 1971 779 2024; x_wconf 77' lang='lat' dir='ltr'><strong>lilio</strong></span> <span class='ocrx_word' id='word_1_113' title='bbox 807 1970 1201 2024; x_wconf 79' lang='lat' dir='ltr'><strong>manifestavit.</strong></span> <span class='ocrx_word' id='word_1_114' title='bbox 1231 1969 1420 2022; x_wconf 83' lang='lat' dir='ltr'><strong>Zelum</strong></span> <span class='ocrx_word' id='word_1_115' title='bbox 1454 1968 1600 2022; x_wconf 90' lang='lat' dir='ltr'><strong>enim</strong></span> <span class='ocrx_word' id='word_1_116' title='bbox 1619 1966 1802 2022; x_wconf 91' lang='lat' dir='ltr'><strong>mariti</strong></span> <span class='ocrx_word' id='word_1_117' title='bbox 1833 1966 1920 2020; x_wconf 88' lang='lat' dir='ltr'><strong>sui</strong></span> <span class='ocrx_word' id='word_1_118' title='bbox 1952 1979 2082 2034; x_wconf 78' lang='lat' dir='ltr'><strong>erga</strong></span> 
     </span>
    </p>
   </div>
   <div class='ocr_carea' id='block_1_21' title="bbox 498 2057 2083 2132">
    <p class='ocr_par' dir='ltr' id='par_1_21' title="bbox 498 2057 2083 2132">
     <span class='ocr_line' id='line_1_21' title="bbox 498 2057 2083 2132; baseline -0.004 -14"><span class='ocrx_word' id='word_1_119' title='bbox 498 2065 666 2120; x_wconf 82' lang='lat' dir='ltr'><strong>ﬁdem</strong></span> <span class='ocrx_word' id='word_1_120' title='bbox 714 2064 1081 2119; x_wconf 79' lang='lat' dir='ltr'><strong>orthodoxam</strong></span> <span class='ocrx_word' id='word_1_121' title='bbox 1118 2073 1468 2132; x_wconf 85' lang='lat' dir='ltr'><strong>perspectum</strong></span> <span class='ocrx_word' id='word_1_122' title='bbox 1503 2062 1734 2120; x_wconf 87' lang='lat' dir='ltr'><strong>habens.</strong></span> <span class='ocrx_word' id='word_1_123' title='bbox 1767 2059 1949 2129; x_wconf 80' lang='lat' dir='ltr'><strong>quoad</strong></span> <span class='ocrx_word' id='word_1_124' title='bbox 1991 2057 2083 2112; x_wconf 90' lang='lat' dir='ltr'><strong>ille</strong></span> 
     </span>
    </p>
   </div>
   <div class='ocr_carea' id='block_1_22' title="bbox 498 2157 2079 2222">
    <p class='ocr_par' dir='ltr' id='par_1_22' title="bbox 498 2157 2079 2222">
     <span class='ocr_line' id='line_1_22' title="bbox 498 2157 2079 2222; baseline -0.007 -8"><span class='ocrx_word' id='word_1_125' title='bbox 498 2158 558 2214; x_wconf 86' lang='lat' dir='ltr'><strong>in</strong></span> <span class='ocrx_word' id='word_1_126' title='bbox 590 2157 734 2213; x_wconf 85' lang='lat' dir='ltr'><strong>vivis</strong></span> <span class='ocrx_word' id='word_1_127' title='bbox 766 2157 892 2222; x_wconf 81' lang='lat' dir='ltr'><strong>fuit,</strong></span> <span class='ocrx_word' id='word_1_128' title='bbox 922 2157 1096 2211; x_wconf 89' lang='lat' dir='ltr'><strong>latere</strong></span> <span class='ocrx_word' id='word_1_129' title='bbox 1125 2166 1319 2210; x_wconf 65' lang='lat' dir='ltr'><strong>conata</strong></span> <span class='ocrx_word' id='word_1_130' title='bbox 1351 2166 1435 2209; x_wconf 86' lang='lat' dir='ltr'><strong>est</strong></span> <span class='ocrx_word' id='word_1_131' title='bbox 1472 2173 1486 2210; x_wconf 87' lang='lat'>:</span> <span class='ocrx_word' id='word_1_132' title='bbox 1521 2170 1648 2208; x_wconf 90' lang='lat' dir='ltr'><strong>cum</strong></span> <span class='ocrx_word' id='word_1_133' title='bbox 1681 2168 1815 2208; x_wconf 91' lang='lat' dir='ltr'><strong>vero</strong></span> <span class='ocrx_word' id='word_1_134' title='bbox 1838 2161 2079 2207; x_wconf 87' lang='lat' dir='ltr'><strong>mentem</strong></span> 
     </span>
    </p>
   </div>
   <div class='ocr_carea' id='block_1_23' title="bbox 500 2246 2078 2317">
    <p class='ocr_par' dir='ltr' id='par_1_23' title="bbox 500 2246 2078 2317">
     <span class='ocr_line' id='line_1_23' title="bbox 500 2246 2078 2317; baseline -0.005 -11"><span class='ocrx_word' id='word_1_135' title='bbox 500 2250 602 2306; x_wconf 80' lang='lat' dir='ltr'><strong>ﬁlii</strong></span> <span class='ocrx_word' id='word_1_136' title='bbox 641 2259 888 2304; x_wconf 87' lang='lat' dir='ltr'><strong>teneram</strong></span> <span class='ocrx_word' id='word_1_137' title='bbox 950 2263 1070 2303; x_wconf 89' lang='lat' dir='ltr'><strong>esse</strong></span> <span class='ocrx_word' id='word_1_138' title='bbox 1099 2258 1263 2317; x_wconf 83' lang='lat' dir='ltr'><strong>atque</strong></span> <span class='ocrx_word' id='word_1_139' title='bbox 1316 2248 1560 2302; x_wconf 85' lang='lat' dir='ltr'><strong>nobilem</strong></span> <span class='ocrx_word' id='word_1_140' title='bbox 1613 2260 1723 2300; x_wconf 92' lang='lat' dir='ltr'><strong>non</strong></span> <span class='ocrx_word' id='word_1_141' title='bbox 1773 2246 2078 2316; x_wconf 76' lang='lat' dir='ltr'><strong>ignoraret,</strong></span> 
     </span>
    </p>
   </div>
   <div class='ocr_carea' id='block_1_24' title="bbox 499 2338 2076 2408">
    <p class='ocr_par' dir='ltr' id='par_1_24' title="bbox 499 2338 2076 2408">
     <span class='ocr_line' id='line_1_24' title="bbox 499 2338 2076 2408; baseline -0.004 -11"><span class='ocrx_word' id='word_1_142' title='bbox 499 2342 754 2397; x_wconf 80' lang='lat' dir='ltr'><strong>fraudem</strong></span> <span class='ocrx_word' id='word_1_143' title='bbox 786 2356 942 2396; x_wconf 88' lang='lat' dir='ltr'><strong>suam</strong></span> <span class='ocrx_word' id='word_1_144' title='bbox 971 2339 1024 2394; x_wconf 93' lang='lat' dir='ltr'><strong>in</strong></span> <span class='ocrx_word' id='word_1_145' title='bbox 1067 2340 1309 2394; x_wconf 93' lang='lat' dir='ltr'><strong>medium</strong></span> <span class='ocrx_word' id='word_1_146' title='bbox 1353 2339 1602 2408; x_wconf 81' lang='lat' dir='ltr'><strong>proferre</strong></span> <span class='ocrx_word' id='word_1_147' title='bbox 1633 2355 1742 2393; x_wconf 91' lang='lat' dir='ltr'><strong>non</strong></span> <span class='ocrx_word' id='word_1_148' title='bbox 1783 2338 2076 2392; x_wconf 71' lang='lat' dir='ltr'><strong>dubitavit.</strong></span> 
     </span>
    </p>
   </div>
   <div class='ocr_carea' id='block_1_25' title="bbox 499 2430 2084 2503">
    <p class='ocr_par' dir='ltr' id='par_1_25' title="bbox 499 2430 2084 2503">
     <span class='ocr_line' id='line_1_25' title="bbox 499 2430 2084 2503; baseline -0.004 -13"><span class='ocrx_word' id='word_1_149' title='bbox 499 2434 605 2490; x_wconf 83' lang='lat' dir='ltr'><strong>Hic</strong></span> <span class='ocrx_word' id='word_1_150' title='bbox 645 2449 778 2489; x_wconf 88' lang='lat' dir='ltr'><strong>vero</strong></span> <span class='ocrx_word' id='word_1_151' title='bbox 831 2433 1214 2503; x_wconf 81' lang='lat' dir='ltr'><strong>suggestiones</strong></span> <span class='ocrx_word' id='word_1_152' title='bbox 1270 2431 1464 2485; x_wconf 83' lang='lat' dir='ltr'><strong>matris</strong></span> <span class='ocrx_word' id='word_1_153' title='bbox 1521 2430 1685 2486; x_wconf 85' lang='lat' dir='ltr'><strong>utiles</strong></span> <span class='ocrx_word' id='word_1_154' title='bbox 1735 2439 1969 2500; x_wconf 91' lang='lat' dir='ltr'><strong>putans,</strong></span> <span class='ocrx_word' id='word_1_155' title='bbox 2028 2438 2084 2484; x_wconf 86' lang='lat' dir='ltr'><strong>et</strong></span> 
     </span>
    </p>
   </div>
   <div class='ocr_carea' id='block_1_26' title="bbox 498 2521 2083 2597">
    <p class='ocr_par' dir='ltr' id='par_1_26' title="bbox 498 2521 2083 2597">
     <span class='ocr_line' id='line_1_26' title="bbox 498 2521 2083 2597; baseline -0.003 -18"><span class='ocrx_word' id='word_1_156' title='bbox 498 2532 729 2597; x_wconf 87' lang='lat' dir='ltr'><strong>propter</strong></span> <span class='ocrx_word' id='word_1_157' title='bbox 748 2533 962 2579; x_wconf 75' lang='lat' dir='ltr'><strong>:etatem</strong></span> <span class='ocrx_word' id='word_1_158' title='bbox 981 2537 1162 2578; x_wconf 86' lang='lat' dir='ltr'><strong>escam</strong></span> <span class='ocrx_word' id='word_1_159' title='bbox 1183 2521 1566 2576; x_wconf 88' lang='lat' dir='ltr'><strong>illecebrosam</strong></span> <span class='ocrx_word' id='word_1_160' title='bbox 1590 2530 1802 2576; x_wconf 84' lang='lat' dir='ltr'><strong>naturae</strong></span> <span class='ocrx_word' id='word_1_161' title='bbox 1825 2521 2083 2586; x_wconf 82' lang='lat' dir='ltr'><strong>intuitus,</strong></span> 
     </span>
    </p>
   </div>
   <div class='ocr_carea' id='block_1_27' title="bbox 499 2613 2085 2686">
    <p class='ocr_par' dir='ltr' id='par_1_27' title="bbox 499 2613 2085 2686">
     <span class='ocr_line' id='line_1_27' title="bbox 499 2613 2085 2686; baseline -0.005 -11"><span class='ocrx_word' id='word_1_162' title='bbox 499 2616 804 2686; x_wconf 88' lang='lat' dir='ltr'><strong>derepente</strong></span> <span class='ocrx_word' id='word_1_163' title='bbox 834 2614 1030 2671; x_wconf 88' lang='lat' dir='ltr'><strong>incidit</strong></span> <span class='ocrx_word' id='word_1_164' title='bbox 1073 2613 1126 2669; x_wconf 92' lang='lat' dir='ltr'><strong>in</strong></span> <span class='ocrx_word' id='word_1_165' title='bbox 1163 2614 1441 2684; x_wconf 89' lang='lat' dir='ltr'><strong>laqueum.</strong></span> <span class='ocrx_word' id='word_1_166' title='bbox 1466 2617 1816 2683; x_wconf 79' lang='lat' dir='ltr'><strong>Quapropter</strong></span> <span class='ocrx_word' id='word_1_167' title='bbox 1853 2627 2085 2682; x_wconf 79' lang='lat' dir='ltr'><strong>magnus</strong></span> 
     </span>
    </p>
   </div>
   <div class='ocr_carea' id='block_1_28' title="bbox 497 2706 2083 2780">
    <p class='ocr_par' dir='ltr' id='par_1_28' title="bbox 497 2706 2083 2780">
     <span class='ocr_line' id='line_1_28' title="bbox 497 2706 2083 2780; baseline -0.003 -14"><span class='ocrx_word' id='word_1_168' title='bbox 497 2709 846 2774; x_wconf 81' lang='lat' dir='ltr'><strong>Ambrosius,</strong></span> <span class='ocrx_word' id='word_1_169' title='bbox 879 2710 974 2780; x_wconf 91' lang='lat' dir='ltr'><strong>qui</strong></span> <span class='ocrx_word' id='word_1_170' title='bbox 1001 2722 1221 2763; x_wconf 84' lang='lat' dir='ltr'><strong>onmem</strong></span> <span class='ocrx_word' id='word_1_171' title='bbox 1265 2707 1488 2778; x_wconf 84' lang='lat' dir='ltr'><strong>quidem</strong></span> <span class='ocrx_word' id='word_1_172' title='bbox 1521 2707 1779 2762; x_wconf 82' lang='lat' dir='ltr'><strong>Arianam</strong></span> <span class='ocrx_word' id='word_1_173' title='bbox 1813 2706 2083 2761; x_wconf 66' lang='lat' dir='ltr'><strong>fallat-iam</strong></span> 
     </span>
    </p>
   </div>
   <div class='ocr_carea' id='block_1_29' title="bbox 499 2798 2086 2871">
    <p class='ocr_par' dir='ltr' id='par_1_29' title="bbox 499 2798 2086 2871">
     <span class='ocr_line' id='line_1_29' title="bbox 499 2798 2086 2871; baseline -0.003 -13"><span class='ocrx_word' id='word_1_174' title='bbox 499 2817 570 2858; x_wconf 79' lang='lat' dir='ltr'><strong>ex</strong></span> <span class='ocrx_word' id='word_1_175' title='bbox 615 2801 770 2857; x_wconf 86' lang='lat' dir='ltr'><strong>Italia</strong></span> <span class='ocrx_word' id='word_1_176' title='bbox 819 2801 932 2870; x_wconf 78' lang='lat' dir='ltr'><strong>jam</strong></span> <span class='ocrx_word' id='word_1_177' title='bbox 988 2799 1203 2871; x_wconf 89' lang='lat' dir='ltr'><strong>pridem</strong></span> <span class='ocrx_word' id='word_1_178' title='bbox 1256 2798 1568 2868; x_wconf 80' lang='lat' dir='ltr'><strong>expulerat,</strong></span> <span class='ocrx_word' id='word_1_179' title='bbox 1629 2813 1755 2853; x_wconf 90' lang='lat' dir='ltr'><strong>cum</strong></span> <span class='ocrx_word' id='word_1_180' title='bbox 1808 2798 2086 2868; x_wconf 88' lang='lat' dir='ltr'><strong>acciperet</strong></span> 
     </span>
    </p>
   </div>
   <div class='ocr_carea' id='block_1_30' title="bbox 501 2891 2079 2966">
    <p class='ocr_par' dir='ltr' id='par_1_30' title="bbox 501 2891 2079 2966">
     <span class='ocr_line' id='line_1_30' title="bbox 501 2891 2079 2966; baseline -0.002 -17"><span class='ocrx_word' id='word_1_181' title='bbox 501 2911 736 2966; x_wconf 86' lang='lat' dir='ltr'><strong>puerum</strong></span> <span class='ocrx_word' id='word_1_182' title='bbox 779 2909 996 2964; x_wconf 86' lang='lat' dir='ltr'><strong>quoque</strong></span> <span class='ocrx_word' id='word_1_183' title='bbox 1028 2893 1472 2950; x_wconf 79' lang='lat' dir='ltr'><strong>Valentinianum</strong></span> <span class='ocrx_word' id='word_1_184' title='bbox 1513 2892 1569 2946; x_wconf 91' lang='lat' dir='ltr'><strong>in</strong></span> <span class='ocrx_word' id='word_1_185' title='bbox 1601 2891 1775 2961; x_wconf 90' lang='lat' dir='ltr'><strong>ipsam</strong></span> <span class='ocrx_word' id='word_1_186' title='bbox 1811 2891 2079 2958; x_wconf 84' lang='lat' dir='ltr'><strong>incidere,</strong></span> 
     </span>
    </p>
   </div>
   <div class='ocr_carea' id='block_1_31' title="bbox 2193 495 3776 570">
    <p class='ocr_par' dir='ltr' id='par_1_31' title="bbox 2193 495 3776 570">
     <span class='ocr_line' id='line_1_31' title="bbox 2193 495 3776 570; baseline 0.004 -23"><span class='ocrx_word' id='word_1_187' title='bbox 2193 495 2360 565; x_wconf 80' lang='grc' dir='ltr'><strong>μένης</strong></span> <span class='ocrx_word' id='word_1_188' title='bbox 2389 497 2488 564; x_wconf 85' lang='grc' dir='ltr'><strong>τῆς</strong></span> <span class='ocrx_word' id='word_1_189' title='bbox 2534 495 2820 565; x_wconf 78' lang='grc' dir='ltr'><strong>αἱρέσεως.</strong></span> <span class='ocrx_word' id='word_1_190' title='bbox 2853 496 3059 550; x_wconf 83' lang='grc' dir='ltr'><strong>Τούτου</strong></span> <span class='ocrx_word' id='word_1_191' title='bbox 3117 497 3184 569; x_wconf 77' lang='grc' dir='ltr'><strong>δὴ</strong></span> <span class='ocrx_word' id='word_1_192' title='bbox 3231 499 3418 553; x_wconf 78' lang='grc' dir='ltr'><strong>εἵνεκα</strong></span> <span class='ocrx_word' id='word_1_193' title='bbox 3449 497 3622 570; x_wconf 85' lang='grc' dir='ltr'><strong>μόνης</strong></span> <span class='ocrx_word' id='word_1_194' title='bbox 3672 497 3776 568; x_wconf 80' lang='grc' dir='ltr'><strong>τῆς</strong></span> 
     </span>
    </p>
   </div>
   <div class='ocr_carea' id='block_1_32' title="bbox 2189 586 3772 663">
    <p class='ocr_par' dir='ltr' id='par_1_32' title="bbox 2189 586 3772 663">
     <span class='ocr_line' id='line_1_32' title="bbox 2189 586 3772 663; baseline 0.003 -25"><span class='ocrx_word' id='word_1_195' title='bbox 2189 587 2396 650; x_wconf 78' lang='grc' dir='ltr'><strong>οἰκείας</strong></span> <span class='ocrx_word' id='word_1_196' title='bbox 2430 586 2708 657; x_wconf 75' lang='grc' dir='ltr'><strong>βασιλείας</strong></span> <span class='ocrx_word' id='word_1_197' title='bbox 2734 590 2862 653; x_wconf 87' lang='grc' dir='ltr'><strong>τοὺς</strong></span> <span class='ocrx_word' id='word_1_198' title='bbox 2882 592 3218 655; x_wconf 71' lang='grc' dir='ltr'><strong>ἐπισκόπους</strong></span> <span class='ocrx_word' id='word_1_199' title='bbox 3247 594 3328 655; x_wconf 83' lang='grc' dir='ltr'><strong>είς</strong></span> <span class='ocrx_word' id='word_1_200' title='bbox 3347 591 3446 663; x_wconf 79' lang='grc' dir='ltr'><strong>τὴν</strong></span> <span class='ocrx_word' id='word_1_201' title='bbox 3471 593 3772 646; x_wconf 82' lang='grc' dir='ltr'><strong>Κώνσταν-</strong></span> 
     </span>
    </p>
   </div>
   <div class='ocr_carea' id='block_1_33' title="bbox 2188 677 3773 756">
    <p class='ocr_par' dir='ltr' id='par_1_33' title="bbox 2188 677 3773 756">
     <span class='ocr_line' id='line_1_33' title="bbox 2188 677 3773 756; baseline 0.004 -26"><span class='ocrx_word' id='word_1_202' title='bbox 2188 677 2498 733; x_wconf 86' lang='grc' dir='ltr'><strong>τινοὺπολιν</strong></span> <span class='ocrx_word' id='word_1_203' title='bbox 2548 680 3008 750; x_wconf 80' lang='grc' dir='ltr'><strong>συναθροισθῆναι</strong></span> <span class='ocrx_word' id='word_1_204' title='bbox 3049 684 3373 756; x_wconf 78' lang='grc' dir='ltr'><strong>προσέταξε,</strong></span> <span class='ocrx_word' id='word_1_205' title='bbox 3406 685 3640 754; x_wconf 76' lang='grc' dir='ltr'><strong>ποιήσας</strong></span> <span class='ocrx_word' id='word_1_206' title='bbox 3670 682 3773 756; x_wconf 70' lang='grc' dir='ltr'><strong>τὴν</strong></span> 
     </span>
    </p>
   </div>
   <div class='ocr_carea' id='block_1_34' title="bbox 2192 755 3758 829">
    <p class='ocr_par' dir='ltr' id='par_1_34' title="bbox 2192 773 2429 829">
     <span class='ocr_line' id='line_1_34' title="bbox 2192 773 2429 829; baseline 0.004 -1"><span class='ocrx_word' id='word_1_207' title='bbox 2192 773 2408 828; x_wconf 71' lang='grc' dir='ltr'><strong>σύνοδον</strong></span> <span class='ocrx_word' id='word_1_208' title='bbox 2415 816 2429 829; x_wconf 90' lang='grc'><strong>.</strong></span> 
     </span>
    </p>
   </div>
   <div class='ocr_carea' id='block_1_35' title="bbox 2263 861 3771 944">
    <p class='ocr_par' dir='ltr' id='par_1_35' title="bbox 2263 861 3771 944">
     <span class='ocr_line' id='line_1_35' title="bbox 2263 861 3771 944; baseline 0.002 -22"><span class='ocrx_word' id='word_1_209' title='bbox 2263 869 2318 926; x_wconf 86' lang='lat' dir='ltr'><strong>l&#39;.</strong></span> <span class='ocrx_word' id='word_1_210' title='bbox 2349 870 2536 924; x_wconf 84' lang='grc' dir='ltr'><strong>Ταῦτα</strong></span> <span class='ocrx_word' id='word_1_211' title='bbox 2588 872 2688 942; x_wconf 84' lang='grc' dir='ltr'><strong>μὲν</strong></span> <span class='ocrx_word' id='word_1_212' title='bbox 2727 861 3023 944; x_wconf 75' lang='grc' dir='ltr'><strong>Γρατιανού</strong></span> <span class='ocrx_word' id='word_1_213' title='bbox 3075 873 3154 926; x_wconf 80' lang='grc' dir='ltr'><strong>ἐτι</strong></span> <span class='ocrx_word' id='word_1_214' title='bbox 3201 874 3480 944; x_wconf 81' lang='grc' dir='ltr'><strong>περιόντος</strong></span> <span class='ocrx_word' id='word_1_215' title='bbox 3517 873 3771 941; x_wconf 85' lang='grc' dir='ltr'><strong>ἐγένετο·</strong></span> 
     </span>
    </p>
   </div>
   <div class='ocr_carea' id='block_1_36' title="bbox 2192 963 3777 1036">
    <p class='ocr_par' dir='ltr' id='par_1_36' title="bbox 2192 963 3777 1036">
     <span class='ocr_line' id='line_1_36' title="bbox 2192 963 3777 1036; baseline 0.003 -22"><span class='ocrx_word' id='word_1_216' title='bbox 2192 963 2382 1033; x_wconf 80' lang='grc' dir='ltr'><strong>ἐπειδὴ</strong></span> <span class='ocrx_word' id='word_1_217' title='bbox 2429 963 2486 1016; x_wconf 78' lang='grc' dir='ltr'><strong>δὲ</strong></span> <span class='ocrx_word' id='word_1_218' title='bbox 2521 966 2727 1027; x_wconf 81' lang='grc' dir='ltr'><strong>ἐκεῖνος</strong></span> <span class='ocrx_word' id='word_1_219' title='bbox 2755 965 2812 1019; x_wconf 76' lang='grc' dir='ltr'><strong>ἐν</strong></span> <span class='ocrx_word' id='word_1_220' title='bbox 2838 983 2899 1019; x_wconf 88' lang='grc' dir='ltr'><strong>τε</strong></span> <span class='ocrx_word' id='word_1_221' title='bbox 2925 966 3184 1036; x_wconf 82' lang='grc' dir='ltr'><strong>πολέμοις</strong></span> <span class='ocrx_word' id='word_1_222' title='bbox 3213 967 3514 1036; x_wconf 77' lang='grc' dir='ltr'><strong>ἀριστεύων</strong></span> <span class='ocrx_word' id='word_1_223' title='bbox 3538 967 3632 1017; x_wconf 78' lang='grc' dir='ltr'><strong>καὶ</strong></span> <span class='ocrx_word' id='word_1_224' title='bbox 3671 963 3777 1026; x_wconf 86' lang='grc' dir='ltr'><strong>τάς</strong></span> 
     </span>
    </p>
   </div>
   <div class='ocr_carea' id='block_1_37' title="bbox 2191 1053 3777 1123">
    <p class='ocr_par' dir='ltr' id='par_1_37' title="bbox 2191 1053 3777 1123">
     <span class='ocr_line' id='line_1_37' title="bbox 2191 1053 3777 1123; baseline 0.001 -17"><span class='ocrx_word' id='word_1_225' title='bbox 2191 1053 2376 1116; x_wconf 84' lang='grc' dir='ltr'><strong>πόλεις</strong></span> <span class='ocrx_word' id='word_1_226' title='bbox 2405 1055 2700 1123; x_wconf 85' lang='grc' dir='ltr'><strong>σωφρόνως</strong></span> <span class='ocrx_word' id='word_1_227' title='bbox 2736 1073 2796 1109; x_wconf 89' lang='grc' dir='ltr'><strong>τε</strong></span> <span class='ocrx_word' id='word_1_228' title='bbox 2845 1057 2940 1111; x_wconf 74' lang='grc' dir='ltr'><strong>καὶ</strong></span> <span class='ocrx_word' id='word_1_229' title='bbox 2974 1058 3198 1119; x_wconf 77' lang='grc' dir='ltr'><strong>δικαίως</strong></span> <span class='ocrx_word' id='word_1_230' title='bbox 3231 1057 3428 1111; x_wconf 75' lang='grc' dir='ltr'><strong>ἰθύνων</strong></span> <span class='ocrx_word' id='word_1_231' title='bbox 3454 1056 3514 1122; x_wconf 79' lang='grc' dir='ltr'><strong>ἐξ</strong></span> <span class='ocrx_word' id='word_1_232' title='bbox 3552 1055 3777 1110; x_wconf 83' lang='grc' dir='ltr'><strong>ἐπιϐου-</strong></span> 
     </span>
    </p>
   </div>
   <div class='ocr_carea' id='block_1_38' title="bbox 2191 1147 3779 1222">
    <p class='ocr_par' dir='ltr' id='par_1_38' title="bbox 2191 1147 3779 1222">
     <span class='ocr_line' id='line_1_38' title="bbox 2191 1147 3779 1222; baseline 0.001 -23"><span class='ocrx_word' id='word_1_233' title='bbox 2191 1147 2286 1215; x_wconf 82' lang='grc' dir='ltr'><strong>λῆς</strong></span> <span class='ocrx_word' id='word_1_234' title='bbox 2314 1148 2659 1221; x_wconf 84' lang='grc' dir='ltr'><strong>ἐτελεύτησε,</strong></span> <span class='ocrx_word' id='word_1_235' title='bbox 2699 1150 2892 1212; x_wconf 88' lang='grc' dir='ltr'><strong>παῖδας</strong></span> <span class='ocrx_word' id='word_1_236' title='bbox 2928 1149 3028 1222; x_wconf 80' lang='grc' dir='ltr'><strong>μὲν</strong></span> <span class='ocrx_word' id='word_1_237' title='bbox 3056 1150 3116 1202; x_wconf 84' lang='grc' dir='ltr'><strong>ού</strong></span> <span class='ocrx_word' id='word_1_238' title='bbox 3159 1147 3478 1202; x_wconf 82' lang='grc' dir='ltr'><strong>καταλιπὼν</strong></span> <span class='ocrx_word' id='word_1_239' title='bbox 3513 1147 3779 1217; x_wconf 76' lang='grc' dir='ltr'><strong>κληρονόο</strong></span> 
     </span>
    </p>
   </div>
   <div class='ocr_carea' id='block_1_39' title="bbox 2195 1239 3782 1310">
    <p class='ocr_par' dir='ltr' id='par_1_39' title="bbox 2195 1239 3782 1310">
     <span class='ocr_line' id='line_1_39' title="bbox 2195 1239 3782 1310; baseline 0 -18"><span class='ocrx_word' id='word_1_240' title='bbox 2195 1257 2330 1309; x_wconf 89' lang='grc' dir='ltr'><strong>μους</strong></span> <span class='ocrx_word' id='word_1_241' title='bbox 2360 1240 2459 1309; x_wconf 80' lang='grc' dir='ltr'><strong>τῆς</strong></span> <span class='ocrx_word' id='word_1_242' title='bbox 2497 1241 2796 1310; x_wconf 81' lang='grc' dir='ltr'><strong>βασιλείας,</strong></span> <span class='ocrx_word' id='word_1_243' title='bbox 2831 1241 3060 1304; x_wconf 77' lang='grc' dir='ltr'>ἀδελφὺν</span> <span class='ocrx_word' id='word_1_244' title='bbox 3090 1241 3145 1294; x_wconf 82' lang='grc' dir='ltr'><strong>δέ</strong></span> <span class='ocrx_word' id='word_1_245' title='bbox 3173 1242 3370 1310; x_wconf 88' lang='grc' dir='ltr'><strong>κομιδῆ</strong></span> <span class='ocrx_word' id='word_1_246' title='bbox 3411 1243 3532 1292; x_wconf 83' lang='grc' dir='ltr'><strong>νέον</strong></span> <span class='ocrx_word' id='word_1_247' title='bbox 3564 1239 3782 1308; x_wconf 80' lang='grc' dir='ltr'><strong>ὁμώνυ-</strong></span> 
     </span>
    </p>
   </div>
   <div class='ocr_carea' id='block_1_40' title="bbox 2194 1332 3776 1404">
    <p class='ocr_par' dir='ltr' id='par_1_40' title="bbox 2194 1332 3776 1404">
     <span class='ocr_line' id='line_1_40' title="bbox 2194 1332 3776 1404; baseline 0.002 -22"><span class='ocrx_word' id='word_1_248' title='bbox 2194 1348 2293 1400; x_wconf 88' lang='grc' dir='ltr'><strong>μον</strong></span> <span class='ocrx_word' id='word_1_249' title='bbox 2316 1332 2412 1384; x_wconf 79' lang='grc' dir='ltr'><strong>τοῦ</strong></span> <span class='ocrx_word' id='word_1_250' title='bbox 2441 1334 2647 1404; x_wconf 81' lang='grc' dir='ltr'><strong>πατρὸς</strong></span> <span class='ocrx_word' id='word_1_251' title='bbox 2675 1334 2914 1403; x_wconf 84' lang='grc' dir='ltr'><strong>διάδοχον</strong></span> <span class='ocrx_word' id='word_1_252' title='bbox 2936 1335 3036 1404; x_wconf 77' lang='grc' dir='ltr'><strong>τῆς</strong></span> <span class='ocrx_word' id='word_1_253' title='bbox 3061 1333 3338 1403; x_wconf 73' lang='grc' dir='ltr'><strong>βασιλείας</strong></span> <span class='ocrx_word' id='word_1_254' title='bbox 3357 1332 3776 1386; x_wconf 78' lang='grc' dir='ltr'><strong>καταλέλοιπεν·</strong></span> 
     </span>
    </p>
   </div>
   <div class='ocr_carea' id='block_1_41' title="bbox 2192 1423 3782 1497">
    <p class='ocr_par' dir='ltr' id='par_1_41' title="bbox 2192 1423 3782 1497">
     <span class='ocr_line' id='line_1_41' title="bbox 2192 1423 3782 1497; baseline 0 -19"><span class='ocrx_word' id='word_1_255' title='bbox 2192 1423 2447 1493; x_wconf 81' lang='grc' dir='ltr'><strong>Μάξιμος</strong></span> <span class='ocrx_word' id='word_1_256' title='bbox 2477 1425 2563 1495; x_wconf 77' lang='grc' dir='ltr'><strong>δὴ,</strong></span> <span class='ocrx_word' id='word_1_257' title='bbox 2591 1425 2690 1496; x_wconf 84' lang='grc' dir='ltr'><strong>τῆς</strong></span> <span class='ocrx_word' id='word_1_258' title='bbox 2738 1425 3184 1480; x_wconf 81' lang='grc' dir='ltr'><strong>Οὐαλεντινιανοΰ</strong></span> <span class='ocrx_word' id='word_1_259' title='bbox 3215 1427 3634 1497; x_wconf 81' lang='grc' dir='ltr'><strong>καταφρονήσας</strong></span> <span class='ocrx_word' id='word_1_260' title='bbox 3662 1426 3782 1478; x_wconf 85' lang='grc' dir='ltr'><strong>νεό-</strong></span> 
     </span>
    </p>
   </div>
   <div class='ocr_carea' id='block_1_42' title="bbox 2191 1517 2673 1588">
    <p class='ocr_par' dir='ltr' id='par_1_42' title="bbox 2191 1517 2673 1588">
     <span class='ocr_line' id='line_1_42' title="bbox 2191 1517 2673 1588; baseline 0.01 -21"><span class='ocrx_word' id='word_1_261' title='bbox 2191 1532 2374 1586; x_wconf 87' lang='grc' dir='ltr'><strong>τητος,</strong></span> <span class='ocrx_word' id='word_1_262' title='bbox 2403 1517 2673 1588; x_wconf 77' lang='grc' dir='ltr'><strong>ἥρπασεν.</strong></span> 
     </span>
    </p>
   </div>
   <div class='ocr_carea' id='block_1_43' title="bbox 2258 1703 3772 1778">
    <p class='ocr_par' dir='ltr' id='par_1_43' title="bbox 2258 1703 3772 1778">
     <span class='ocr_line' id='line_1_43' title="bbox 2258 1703 3772 1778; baseline 0.001 -23"><span class='ocrx_word' id='word_1_263' title='bbox 2258 1703 2364 1755; x_wconf 76' lang='lat' dir='ltr'><strong>lA&#39;.</strong></span> <span class='ocrx_word' id='word_1_264' title='bbox 2388 1703 2525 1756; x_wconf 78' lang='grc' dir='ltr'><strong>Κατ’</strong></span> <span class='ocrx_word' id='word_1_265' title='bbox 2555 1705 2766 1759; x_wconf 79' lang='grc' dir='ltr'><strong>ἐκεῖνον</strong></span> <span class='ocrx_word' id='word_1_266' title='bbox 2786 1705 2840 1759; x_wconf 87' lang='grc' dir='ltr'><strong>δέ</strong></span> <span class='ocrx_word' id='word_1_267' title='bbox 2866 1706 2960 1759; x_wconf 88' lang='grc' dir='ltr'><strong>τδν</strong></span> <span class='ocrx_word' id='word_1_268' title='bbox 2992 1707 3182 1778; x_wconf 83' lang='grc' dir='ltr'><strong>χρόνον</strong></span> <span class='ocrx_word' id='word_1_269' title='bbox 3214 1707 3504 1772; x_wconf 83' lang='grc' dir='ltr'><strong>Ἰουστίνα,</strong></span> <span class='ocrx_word' id='word_1_270' title='bbox 3531 1705 3772 1759; x_wconf 79' lang='grc' dir='ltr'><strong>ούαλεν-</strong></span> 
     </span>
    </p>
   </div>
   <div class='ocr_carea' id='block_1_44' title="bbox 2183 1795 3768 1870">
    <p class='ocr_par' dir='ltr' id='par_1_44' title="bbox 2183 1795 3768 1870">
     <span class='ocr_line' id='line_1_44' title="bbox 2183 1795 3768 1870; baseline 0.002 -22"><span class='ocrx_word' id='word_1_271' title='bbox 2183 1797 2418 1848; x_wconf 83' lang='grc' dir='ltr'><strong>τινιανοῦ</strong></span> <span class='ocrx_word' id='word_1_272' title='bbox 2455 1795 2554 1866; x_wconf 85' lang='grc' dir='ltr'><strong>μὲν</strong></span> <span class='ocrx_word' id='word_1_273' title='bbox 2587 1798 2803 1868; x_wconf 74' lang='grc' dir='ltr'><strong>γαμετὴ</strong></span> <span class='ocrx_word' id='word_1_274' title='bbox 2836 1799 2930 1852; x_wconf 82' lang='grc' dir='ltr'><strong>τοῦ</strong></span> <span class='ocrx_word' id='word_1_275' title='bbox 2967 1799 3230 1869; x_wconf 82' lang='grc' dir='ltr'><strong>μεγάλου,</strong></span> <span class='ocrx_word' id='word_1_276' title='bbox 3257 1797 3352 1853; x_wconf 83' lang='grc' dir='ltr'><strong>τοῦ</strong></span> <span class='ocrx_word' id='word_1_277' title='bbox 3390 1799 3448 1852; x_wconf 77' lang='grc' dir='ltr'><strong>δὲ</strong></span> <span class='ocrx_word' id='word_1_278' title='bbox 3496 1799 3620 1852; x_wconf 86' lang='grc' dir='ltr'><strong>νέου</strong></span> <span class='ocrx_word' id='word_1_279' title='bbox 3659 1797 3768 1870; x_wconf 72' lang='grc' dir='ltr'><strong>μή-</strong></span> 
     </span>
    </p>
   </div>
   <div class='ocr_carea' id='block_1_45' title="bbox 2183 1885 3770 1960">
    <p class='ocr_par' dir='ltr' id='par_1_45' title="bbox 2183 1885 3770 1960">
     <span class='ocr_line' id='line_1_45' title="bbox 2183 1885 3770 1960; baseline 0.004 -21"><span class='ocrx_word' id='word_1_280' title='bbox 2183 1885 2368 1956; x_wconf 76' lang='grc' dir='ltr'><strong>τηρ,ἀ</strong></span> <span class='ocrx_word' id='word_1_281' title='bbox 2397 1887 2568 1941; x_wconf 84' lang='grc' dir='ltr'><strong>πάλαι</strong></span> <span class='ocrx_word' id='word_1_282' title='bbox 2618 1891 2718 1960; x_wconf 80' lang='grc' dir='ltr'><strong>τῆς</strong></span> <span class='ocrx_word' id='word_1_283' title='bbox 2767 1889 3117 1960; x_wconf 83' lang='grc' dir='ltr'><strong>Ἀρειανικῆς</strong></span> <span class='ocrx_word' id='word_1_284' title='bbox 3160 1891 3509 1954; x_wconf 74' lang='grc' dir='ltr'><strong>διδασκαλίας</strong></span> <span class='ocrx_word' id='word_1_285' title='bbox 3553 1889 3770 1956; x_wconf 79' lang='grc' dir='ltr'><strong>ἐδέξατο</strong></span> 
     </span>
    </p>
   </div>
   <div class='ocr_carea' id='block_1_46' title="bbox 2187 1979 3771 2057">
    <p class='ocr_par' dir='ltr' id='par_1_46' title="bbox 2187 1979 3771 2057">
     <span class='ocr_line' id='line_1_46' title="bbox 2187 1979 3771 2057; baseline 0.004 -27"><span class='ocrx_word' id='word_1_286' title='bbox 2187 1979 2479 2047; x_wconf 85' lang='grc' dir='ltr'><strong>σπέρματα</strong></span> <span class='ocrx_word' id='word_1_287' title='bbox 2517 1979 2651 2048; x_wconf 82' lang='grc' dir='ltr'><strong>δῆλα</strong></span> <span class='ocrx_word' id='word_1_288' title='bbox 2704 1981 3008 2050; x_wconf 74' lang='grc' dir='ltr'><strong>πεποίηκεν</strong></span> <span class='ocrx_word' id='word_1_289' title='bbox 3059 1984 3138 2054; x_wconf 83' lang='grc' dir='ltr'><strong>τῷ</strong></span> <span class='ocrx_word' id='word_1_290' title='bbox 3170 1982 3346 2036; x_wconf 75' lang='grc' dir='ltr'><strong>παιδί.</strong></span> <span class='ocrx_word' id='word_1_291' title='bbox 3393 1981 3501 2036; x_wconf 81' lang='grc' dir='ltr'><strong>Τοῦ</strong></span> <span class='ocrx_word' id='word_1_292' title='bbox 3538 1985 3635 2057; x_wconf 76' lang='grc' dir='ltr'><strong>μὲν</strong></span> <span class='ocrx_word' id='word_1_293' title='bbox 3661 1985 3771 2054; x_wconf 83' lang='grc' dir='ltr'><strong>γάρ</strong></span> 
     </span>
    </p>
   </div>
   <div class='ocr_carea' id='block_1_47' title="bbox 2183 2070 3774 2146">
    <p class='ocr_par' dir='ltr' id='par_1_47' title="bbox 2183 2070 3774 2146">
     <span class='ocr_line' id='line_1_47' title="bbox 2183 2070 3774 2146; baseline 0.003 -23"><span class='ocrx_word' id='word_1_294' title='bbox 2183 2070 2456 2141; x_wconf 75' lang='grc' dir='ltr'><strong>ὁμοζύγου</strong></span> <span class='ocrx_word' id='word_1_295' title='bbox 2487 2072 2546 2125; x_wconf 84' lang='grc' dir='ltr'><strong>τὺ</strong></span> <span class='ocrx_word' id='word_1_296' title='bbox 2575 2071 2778 2143; x_wconf 73' lang='grc' dir='ltr'><strong>θερμὸν</strong></span> <span class='ocrx_word' id='word_1_297' title='bbox 2799 2074 3137 2146; x_wconf 77' lang='grc' dir='ltr'><strong>ἐπισταμένη</strong></span> <span class='ocrx_word' id='word_1_298' title='bbox 3169 2075 3271 2140; x_wconf 77' lang='grc' dir='ltr'><strong>τῆς</strong></span> <span class='ocrx_word' id='word_1_299' title='bbox 3299 2075 3557 2141; x_wconf 82' lang='grc' dir='ltr'><strong>πίστεως,</strong></span> <span class='ocrx_word' id='word_1_300' title='bbox 3591 2076 3774 2130; x_wconf 82' lang='grc' dir='ltr'><strong>λαθεῖν</strong></span> 
     </span>
    </p>
   </div>
   <div class='ocr_carea' id='block_1_48' title="bbox 2188 2162 3774 2236">
    <p class='ocr_par' dir='ltr' id='par_1_48' title="bbox 2188 2162 3774 2236">
     <span class='ocr_line' id='line_1_48' title="bbox 2188 2162 3774 2236; baseline 0.003 -20"><span class='ocrx_word' id='word_1_301' title='bbox 2188 2163 2409 2218; x_wconf 75' lang='grc' dir='ltr'><strong>ἅπαντα</strong></span> <span class='ocrx_word' id='word_1_302' title='bbox 2440 2162 2530 2216; x_wconf 78' lang='grc' dir='ltr'><strong>τδν</strong></span> <span class='ocrx_word' id='word_1_303' title='bbox 2577 2164 2768 2236; x_wconf 87' lang='grc' dir='ltr'><strong>χρόνον</strong></span> <span class='ocrx_word' id='word_1_304' title='bbox 2804 2166 3126 2220; x_wconf 86' lang='grc' dir='ltr'><strong>ἐσπούδασε·</strong></span> <span class='ocrx_word' id='word_1_305' title='bbox 3152 2167 3247 2220; x_wconf 81' lang='grc' dir='ltr'><strong>τοῦ</strong></span> <span class='ocrx_word' id='word_1_306' title='bbox 3279 2166 3335 2219; x_wconf 81' lang='grc' dir='ltr'><strong>δὲ</strong></span> <span class='ocrx_word' id='word_1_307' title='bbox 3361 2167 3551 2230; x_wconf 81' lang='grc' dir='ltr'><strong>παιδὸς</strong></span> <span class='ocrx_word' id='word_1_308' title='bbox 3577 2167 3638 2219; x_wconf 73' lang='grc' dir='ltr'><strong>τὸ</strong></span> <span class='ocrx_word' id='word_1_309' title='bbox 3665 2165 3774 2221; x_wconf 83' lang='grc' dir='ltr'><strong>τῶν</strong></span> 
     </span>
    </p>
   </div>
   <div class='ocr_carea' id='block_1_49' title="bbox 2186 2257 3774 2332">
    <p class='ocr_par' dir='ltr' id='par_1_49' title="bbox 2186 2257 3774 2332">
     <span class='ocr_line' id='line_1_49' title="bbox 2186 2257 3774 2332; baseline 0.004 -24"><span class='ocrx_word' id='word_1_310' title='bbox 2186 2257 2401 2326; x_wconf 78' lang='grc' dir='ltr'>φρενῶν</span> <span class='ocrx_word' id='word_1_311' title='bbox 2452 2259 2659 2312; x_wconf 81' lang='grc' dir='ltr'><strong>ἁπαλὸν</strong></span> <span class='ocrx_word' id='word_1_312' title='bbox 2702 2260 2796 2312; x_wconf 76' lang='grc' dir='ltr'><strong>καὶ</strong></span> <span class='ocrx_word' id='word_1_313' title='bbox 2827 2260 3226 2332; x_wconf 82' lang='grc' dir='ltr'><strong>εὑπαράγωγον</strong></span> <span class='ocrx_word' id='word_1_314' title='bbox 3256 2260 3533 2330; x_wconf 85' lang='grc' dir='ltr'><strong>θεωμένη,</strong></span> <span class='ocrx_word' id='word_1_315' title='bbox 3573 2277 3774 2331; x_wconf 82' lang='grc' dir='ltr'><strong>προσε·</strong></span> 
     </span>
    </p>
   </div>
   <div class='ocr_carea' id='block_1_50' title="bbox 2185 2347 3777 2423">
    <p class='ocr_par' dir='ltr' id='par_1_50' title="bbox 2185 2347 3777 2423">
     <span class='ocr_line' id='line_1_50' title="bbox 2185 2347 3777 2423; baseline 0.004 -26"><span class='ocrx_word' id='word_1_316' title='bbox 2185 2347 2400 2414; x_wconf 79' lang='grc' dir='ltr'><strong>νεγκεϊν</strong></span> <span class='ocrx_word' id='word_1_317' title='bbox 2429 2348 2529 2417; x_wconf 77' lang='grc' dir='ltr'><strong>τὴν</strong></span> <span class='ocrx_word' id='word_1_318' title='bbox 2571 2349 2850 2418; x_wconf 81' lang='grc' dir='ltr'><strong>ἐξαπάτην</strong></span> <span class='ocrx_word' id='word_1_319' title='bbox 2883 2350 3208 2423; x_wconf 75' lang='grc' dir='ltr'><strong>ἐθάρρησεν.</strong></span> <span class='ocrx_word' id='word_1_320' title='bbox 3257 2352 3314 2404; x_wconf 83' lang='grc'><strong>’0</strong></span> <span class='ocrx_word' id='word_1_321' title='bbox 3345 2350 3401 2405; x_wconf 67' lang='grc' dir='ltr'><strong>δὲ</strong></span> <span class='ocrx_word' id='word_1_322' title='bbox 3426 2351 3526 2422; x_wconf 86' lang='grc' dir='ltr'><strong>τῆς</strong></span> <span class='ocrx_word' id='word_1_323' title='bbox 3568 2351 3777 2422; x_wconf 67' lang='grc' dir='ltr'><strong>μητρὸς</strong></span> 
     </span>
    </p>
   </div>
   <div class='ocr_carea' id='block_1_51' title="bbox 2184 2433 3776 2512">
    <p class='ocr_par' dir='ltr' id='par_1_51' title="bbox 2184 2433 3776 2512">
     <span class='ocr_line' id='line_1_51' title="bbox 2184 2433 3776 2512; baseline 0.004 -23"><span class='ocrx_word' id='word_1_324' title='bbox 2184 2433 2284 2497; x_wconf 78' lang='grc' dir='ltr'><strong>τὰς</strong></span> <span class='ocrx_word' id='word_1_325' title='bbox 2311 2436 2591 2507; x_wconf 78' lang='grc' dir='ltr'><strong>ὑποθήκας</strong></span> <span class='ocrx_word' id='word_1_326' title='bbox 2610 2438 2966 2511; x_wconf 82' lang='grc' dir='ltr'><strong>ὀνησιφόρους</strong></span> <span class='ocrx_word' id='word_1_327' title='bbox 2993 2441 3303 2507; x_wconf 88' lang='grc' dir='ltr'><strong>ὑπολαϐὼν,</strong></span> <span class='ocrx_word' id='word_1_328' title='bbox 3345 2444 3426 2505; x_wconf 81' lang='grc' dir='ltr'><strong>είς</strong></span> <span class='ocrx_word' id='word_1_329' title='bbox 3461 2441 3571 2512; x_wconf 80' lang='grc' dir='ltr'><strong>γὰρ</strong></span> <span class='ocrx_word' id='word_1_330' title='bbox 3591 2444 3652 2494; x_wconf 80' lang='grc' dir='ltr'><strong>τὸ</strong></span> <span class='ocrx_word' id='word_1_331' title='bbox 3677 2442 3776 2511; x_wconf 83' lang='grc' dir='ltr'><strong>τῆς</strong></span> 
     </span>
    </p>
   </div>
   <div class='ocr_carea' id='block_1_52' title="bbox 2187 2528 3776 2607">
    <p class='ocr_par' dir='ltr' id='par_1_52' title="bbox 2187 2528 3776 2607">
     <span class='ocr_line' id='line_1_52' title="bbox 2187 2528 3776 2607; baseline 0.005 -25"><span class='ocrx_word' id='word_1_332' title='bbox 2187 2528 2402 2598; x_wconf 86' lang='grc' dir='ltr'><strong>φύσεως</strong></span> <span class='ocrx_word' id='word_1_333' title='bbox 2421 2530 2615 2603; x_wconf 87' lang='grc' dir='ltr'><strong>δέλεαρ</strong></span> <span class='ocrx_word' id='word_1_334' title='bbox 2636 2533 2984 2598; x_wconf 88' lang='grc' dir='ltr'><strong>ἀποϐλέπων,</strong></span> <span class='ocrx_word' id='word_1_335' title='bbox 3005 2535 3065 2589; x_wconf 80' lang='grc' dir='ltr'><strong>τὸ</strong></span> <span class='ocrx_word' id='word_1_336' title='bbox 3084 2536 3462 2607; x_wconf 79' lang='grc' dir='ltr'><strong>θανατηφόρον</strong></span> <span class='ocrx_word' id='word_1_337' title='bbox 3479 2535 3776 2606; x_wconf 78' lang='grc' dir='ltr'><strong>ἄγκιστρον</strong></span> 
     </span>
    </p>
   </div>
   <div class='ocr_carea' id='block_1_53' title="bbox 2185 2623 3779 2698">
    <p class='ocr_par' dir='ltr' id='par_1_53' title="bbox 2185 2623 3779 2698">
     <span class='ocr_line' id='line_1_53' title="bbox 2185 2623 3779 2698; baseline 0.002 -23"><span class='ocrx_word' id='word_1_338' title='bbox 2185 2623 2245 2676; x_wconf 81' lang='grc' dir='ltr'><strong>ἐν</strong></span> <span class='ocrx_word' id='word_1_339' title='bbox 2277 2627 2343 2694; x_wconf 74' lang='grc' dir='ltr'><strong>τῇ</strong></span> <span class='ocrx_word' id='word_1_340' title='bbox 2387 2623 2534 2695; x_wconf 80' lang='grc' dir='ltr'>ψυχῇ</span> <span class='ocrx_word' id='word_1_341' title='bbox 2573 2625 2947 2698; x_wconf 84' lang='grc' dir='ltr'><strong>περιέπειρεν.</strong></span> <span class='ocrx_word' id='word_1_342' title='bbox 3017 2626 3078 2680; x_wconf 87' lang='lat'><strong>&#39;0</strong></span> <span class='ocrx_word' id='word_1_343' title='bbox 3118 2627 3174 2680; x_wconf 81' lang='grc' dir='ltr'><strong>δὲ</strong></span> <span class='ocrx_word' id='word_1_344' title='bbox 3219 2627 3392 2698; x_wconf 84' lang='grc' dir='ltr'><strong>μέγας</strong></span> <span class='ocrx_word' id='word_1_345' title='bbox 3449 2626 3779 2697; x_wconf 79' lang='grc' dir='ltr'><strong>’Λμϐρόσιος</strong></span> 
     </span>
    </p>
   </div>
   <div class='ocr_carea' id='block_1_54' title="bbox 2187 2713 3776 2791">
    <p class='ocr_par' dir='ltr' id='par_1_54' title="bbox 2187 2713 3776 2791">
     <span class='ocr_line' id='line_1_54' title="bbox 2187 2713 3776 2791; baseline 0.004 -26"><span class='ocrx_word' id='word_1_346' title='bbox 2187 2713 2371 2766; x_wconf 86' lang='grc' dir='ltr'><strong>πᾶσαν</strong></span> <span class='ocrx_word' id='word_1_347' title='bbox 2393 2715 2494 2784; x_wconf 73' lang='grc' dir='ltr'><strong>μὲν</strong></span> <span class='ocrx_word' id='word_1_348' title='bbox 2520 2715 2617 2770; x_wconf 83' lang='grc' dir='ltr'><strong>καὶ</strong></span> <span class='ocrx_word' id='word_1_349' title='bbox 2649 2715 2847 2788; x_wconf 82' lang='grc' dir='ltr'><strong>πρώην</strong></span> <span class='ocrx_word' id='word_1_350' title='bbox 2886 2718 3235 2791; x_wconf 77' lang='grc' dir='ltr'><strong>Ἀρειανικὴν</strong></span> <span class='ocrx_word' id='word_1_351' title='bbox 3271 2717 3482 2789; x_wconf 84' lang='grc' dir='ltr'><strong>πλάνην</strong></span> <span class='ocrx_word' id='word_1_352' title='bbox 3503 2721 3568 2772; x_wconf 86' lang='grc' dir='ltr'><strong>ἐκ</strong></span> <span class='ocrx_word' id='word_1_353' title='bbox 3593 2718 3776 2789; x_wconf 80' lang='grc' dir='ltr'><strong>πάσης</strong></span> 
     </span>
    </p>
   </div>
   <div class='ocr_carea' id='block_1_55' title="bbox 2185 2803 3776 2879">
    <p class='ocr_par' dir='ltr' id='par_1_55' title="bbox 2185 2803 3776 2879">
     <span class='ocr_line' id='line_1_55' title="bbox 2185 2803 3776 2879; baseline 0.004 -23"><span class='ocrx_word' id='word_1_354' title='bbox 2185 2803 2288 2873; x_wconf 81' lang='grc' dir='ltr'><strong>τῆς</strong></span> <span class='ocrx_word' id='word_1_355' title='bbox 2327 2803 2562 2870; x_wconf 81' lang='grc' dir='ltr'><strong>Ἰταλίας</strong></span> <span class='ocrx_word' id='word_1_356' title='bbox 2597 2806 2844 2861; x_wconf 83' lang='grc' dir='ltr'><strong>ἐκποδὼν</strong></span> <span class='ocrx_word' id='word_1_357' title='bbox 2891 2808 3174 2879; x_wconf 84' lang='grc' dir='ltr'><strong>ἐποίησεν·</strong></span> <span class='ocrx_word' id='word_1_358' title='bbox 3225 2806 3416 2878; x_wconf 87' lang='grc' dir='ltr'><strong>μαθὼν</strong></span> <span class='ocrx_word' id='word_1_359' title='bbox 3455 2807 3512 2860; x_wconf 80' lang='grc' dir='ltr'><strong>δέ</strong></span> <span class='ocrx_word' id='word_1_360' title='bbox 3539 2808 3636 2860; x_wconf 68' lang='grc' dir='ltr'><strong>καὶ</strong></span> <span class='ocrx_word' id='word_1_361' title='bbox 3681 2808 3776 2862; x_wconf 77' lang='grc' dir='ltr'><strong>τὸν</strong></span> 
     </span>
    </p>
   </div>
   <div class='ocr_carea' id='block_1_56' title="bbox 2188 2897 3772 2972">
    <p class='ocr_par' dir='ltr' id='par_1_56' title="bbox 2188 2897 3772 2972">
     <span class='ocr_line' id='line_1_56' title="bbox 2188 2897 3772 2972; baseline -0.001 -20"><span class='ocrx_word' id='word_1_362' title='bbox 2188 2899 2307 2952; x_wconf 83' lang='grc' dir='ltr'><strong>νέον</strong></span> <span class='ocrx_word' id='word_1_363' title='bbox 2338 2897 2787 2953; x_wconf 83' lang='grc' dir='ltr'><strong>Οὑαλεντινιανὸν</strong></span> <span class='ocrx_word' id='word_1_364' title='bbox 2822 2899 3031 2971; x_wconf 82' lang='grc' dir='ltr'><strong>ταύτην</strong></span> <span class='ocrx_word' id='word_1_365' title='bbox 3077 2899 3417 2970; x_wconf 80' lang='grc' dir='ltr'><strong>εἰσδέχεσθαι</strong></span> <span class='ocrx_word' id='word_1_366' title='bbox 3447 2900 3550 2972; x_wconf 80' lang='grc' dir='ltr'><strong>τὴν</strong></span> <span class='ocrx_word' id='word_1_367' title='bbox 3594 2901 3772 2968; x_wconf 79' lang='grc' dir='ltr'><strong>νόσον,</strong></span> 
     </span>
    </p>
   </div>
   <div class='ocr_carea' id='block_1_57' title="bbox 465 2973 2083 3063">
    <p class='ocr_par' dir='ltr' id='par_1_57' title="bbox 465 2985 2083 3060">
     <span class='ocr_line' id='line_1_57' title="bbox 465 2985 2083 3060; baseline -0.003 -17"><span class='ocrx_word' id='word_1_368' title='bbox 465 2989 470 2993; x_wconf 85' lang='grc'><em>’</em></span> <span class='ocrx_word' id='word_1_369' title='bbox 498 2988 725 3060; x_wconf 80' lang='lat' dir='ltr'><strong>juvenis</strong></span> <span class='ocrx_word' id='word_1_370' title='bbox 768 2988 1008 3042; x_wconf 85' lang='lat' dir='ltr'><strong>animam</strong></span> <span class='ocrx_word' id='word_1_371' title='bbox 1050 2986 1120 3042; x_wconf 80' lang='lat' dir='ltr'><strong>ab</strong></span> <span class='ocrx_word' id='word_1_372' title='bbox 1151 3003 1214 3042; x_wconf 86' lang='lat' dir='ltr'><strong>ea</strong></span> <span class='ocrx_word' id='word_1_373' title='bbox 1257 2988 1517 3049; x_wconf 86' lang='lat' dir='ltr'><strong>liberare,</strong></span> <span class='ocrx_word' id='word_1_374' title='bbox 1553 2995 1820 3056; x_wconf 90' lang='lat' dir='ltr'><strong>quantum</strong></span> <span class='ocrx_word' id='word_1_375' title='bbox 1854 2985 1912 3040; x_wconf 90' lang='lat' dir='ltr'><strong>in</strong></span> <span class='ocrx_word' id='word_1_376' title='bbox 1965 2985 2083 3055; x_wconf 79' lang='lat' dir='ltr'><strong>ipso</strong></span> 
     </span>
    </p>
   </div>
   <div class='ocr_carea' id='block_1_58' title="bbox 2188 2973 3768 3063">
    <p class='ocr_par' dir='ltr' id='par_1_58' title="bbox 2191 2989 3768 3063">
     <span class='ocr_line' id='line_1_58' title="bbox 2191 2989 3768 3063; baseline 0.001 -19"><span class='ocrx_word' id='word_1_377' title='bbox 2191 2991 2452 3045; x_wconf 74' lang='grc' dir='ltr'><strong>ἔσπευδεν</strong></span> <span class='ocrx_word' id='word_1_378' title='bbox 2477 2994 2543 3046; x_wconf 91' lang='grc' dir='ltr'><strong>ἐκ</strong></span> <span class='ocrx_word' id='word_1_379' title='bbox 2573 2993 2672 3062; x_wconf 81' lang='grc' dir='ltr'><strong>τῆς</strong></span> <span class='ocrx_word' id='word_1_380' title='bbox 2715 2990 2810 3046; x_wconf 77' lang='grc' dir='ltr'><strong>τοῦ</strong></span> <span class='ocrx_word' id='word_1_381' title='bbox 2861 2992 2986 3046; x_wconf 84' lang='grc' dir='ltr'><strong>νέου</strong></span> <span class='ocrx_word' id='word_1_382' title='bbox 3018 2991 3197 3063; x_wconf 82' lang='grc' dir='ltr'><strong>ψυχῆς</strong></span> <span class='ocrx_word' id='word_1_383' title='bbox 3229 2989 3528 3058; x_wconf 73' lang='grc' dir='ltr'><strong>ἀποδιῶξαι</strong></span> <span class='ocrx_word' id='word_1_384' title='bbox 3560 2991 3768 3063; x_wconf 82' lang='grc' dir='ltr'><strong>ταύτην</strong></span> 
     </span>
    </p>
   </div>
   <div class='ocr_carea' id='block_1_59' title="bbox 502 3069 2086 3152">
    <p class='ocr_par' dir='ltr' id='par_1_59' title="bbox 502 3069 2086 3152">
     <span class='ocr_line' id='line_1_59' title="bbox 502 3069 2086 3152; baseline -0.003 -16"><span class='ocrx_word' id='word_1_385' title='bbox 502 3090 646 3147; x_wconf 90' lang='lat' dir='ltr'><strong>erat,</strong></span> <span class='ocrx_word' id='word_1_386' title='bbox 676 3079 984 3152; x_wconf 83' lang='lat' dir='ltr'><strong>satagebat.</strong></span> <span class='ocrx_word' id='word_1_387' title='bbox 1015 3080 1117 3134; x_wconf 83' lang='lat' dir='ltr'><strong>Hic</strong></span> <span class='ocrx_word' id='word_1_388' title='bbox 1155 3090 1340 3134; x_wconf 89' lang='lat' dir='ltr'><strong>autem</strong></span> <span class='ocrx_word' id='word_1_389' title='bbox 1367 3079 1547 3133; x_wconf 88' lang='lat' dir='ltr'><strong>virum</strong></span> <span class='ocrx_word' id='word_1_390' title='bbox 1580 3079 1734 3134; x_wconf 89' lang='lat' dir='ltr'><strong>illum</strong></span> <span class='ocrx_word' id='word_1_391' title='bbox 1765 3069 2086 3148; x_wconf 64' lang='lat' dir='ltr'><strong>suspccfnm</strong></span> 
     </span>
    </p>
   </div>
   <div class='ocr_carea' id='block_1_60' title="bbox 501 3172 2090 3243">
    <p class='ocr_par' dir='ltr' id='par_1_60' title="bbox 501 3172 2090 3243">
     <span class='ocr_line' id='line_1_60' title="bbox 501 3172 2090 3243; baseline -0.001 -15"><span class='ocrx_word' id='word_1_392' title='bbox 501 3173 922 3243; x_wconf 84' lang='lat' dir='ltr'><strong>habebatquasi</strong></span> <span class='ocrx_word' id='word_1_393' title='bbox 958 3172 1364 3237; x_wconf 87' lang='lat' dir='ltr'><strong>adversarium,</strong></span> <span class='ocrx_word' id='word_1_394' title='bbox 1402 3184 1456 3226; x_wconf 91' lang='lat' dir='ltr'><strong>et</strong></span> <span class='ocrx_word' id='word_1_395' title='bbox 1503 3172 1769 3227; x_wconf 83' lang='lat' dir='ltr'><strong>adversus</strong></span> <span class='ocrx_word' id='word_1_396' title='bbox 1803 3187 1931 3226; x_wconf 88' lang='lat' dir='ltr'><strong>eum</strong></span> <span class='ocrx_word' id='word_1_397' title='bbox 1964 3187 2090 3241; x_wconf 86' lang='lat' dir='ltr'><strong>per-</strong></span> 
     </span>
    </p>
   </div>
   <div class='ocr_carea' id='block_1_61' title="bbox 501 3264 1740 3334">
    <p class='ocr_par' dir='ltr' id='par_1_61' title="bbox 501 3264 1740 3334">
     <span class='ocr_line' id='line_1_61' title="bbox 501 3264 1740 3334; baseline -0.001 -15"><span class='ocrx_word' id='word_1_398' title='bbox 501 3265 630 3319; x_wconf 86' lang='lat' dir='ltr'><strong>inde</strong></span> <span class='ocrx_word' id='word_1_399' title='bbox 660 3281 726 3320; x_wconf 91' lang='lat' dir='ltr'><strong>ac</strong></span> <span class='ocrx_word' id='word_1_400' title='bbox 761 3265 1067 3334; x_wconf 88' lang='lat' dir='ltr'><strong>prolessum</strong></span> <span class='ocrx_word' id='word_1_401' title='bbox 1097 3264 1311 3318; x_wconf 87' lang='lat' dir='ltr'><strong>hostem</strong></span> <span class='ocrx_word' id='word_1_402' title='bbox 1344 3275 1568 3334; x_wconf 75' lang='lat' dir='ltr'><strong>paratus</strong></span> <span class='ocrx_word' id='word_1_403' title='bbox 1596 3275 1740 3318; x_wconf 88' lang='lat' dir='ltr'><strong>erat.</strong></span> 
     </span>
    </p>
   </div>
   <div class='ocr_carea' id='block_1_62' title="bbox 573 3355 2089 3426">
    <p class='ocr_par' dir='ltr' id='par_1_62' title="bbox 573 3355 2089 3426">
     <span class='ocr_line' id='line_1_62' title="bbox 573 3355 2089 3426; baseline 0 -16"><span class='ocrx_word' id='word_1_404' title='bbox 573 3355 690 3410; x_wconf 78' lang='lat' dir='ltr'><strong>Xll.</strong></span> <span class='ocrx_word' id='word_1_405' title='bbox 734 3355 834 3410; x_wconf 85' lang='lat' dir='ltr'><strong>Hic</strong></span> <span class='ocrx_word' id='word_1_406' title='bbox 863 3373 1030 3425; x_wconf 91' lang='lat' dir='ltr'><strong>porro</strong></span> <span class='ocrx_word' id='word_1_407' title='bbox 1063 3356 1115 3410; x_wconf 91' lang='lat' dir='ltr'><strong>in</strong></span> <span class='ocrx_word' id='word_1_408' title='bbox 1147 3355 1468 3411; x_wconf 78' lang='lat' dir='ltr'><strong>memoriam</strong></span> <span class='ocrx_word' id='word_1_409' title='bbox 1490 3358 1541 3412; x_wconf 90' lang='lat' dir='ltr'><strong>ei</strong></span> <span class='ocrx_word' id='word_1_410' title='bbox 1574 3357 1872 3412; x_wconf 85' lang='lat' dir='ltr'><strong>revocabat</strong></span> <span class='ocrx_word' id='word_1_411' title='bbox 1906 3366 2089 3426; x_wconf 86' lang='lat' dir='ltr'><strong>pater-</strong></span> 
     </span>
    </p>
   </div>
   <div class='ocr_carea' id='block_1_63' title="bbox 503 3452 2085 3522">
    <p class='ocr_par' dir='ltr' id='par_1_63' title="bbox 503 3452 2085 3522">
     <span class='ocr_line' id='line_1_63' title="bbox 503 3452 2085 3522; baseline -0.002 -14"><span class='ocrx_word' id='word_1_412' title='bbox 503 3467 630 3508; x_wconf 88' lang='lat' dir='ltr'><strong>nam</strong></span> <span class='ocrx_word' id='word_1_413' title='bbox 667 3452 954 3521; x_wconf 90' lang='lat' dir='ltr'><strong>pietatem,</strong></span> <span class='ocrx_word' id='word_1_414' title='bbox 986 3461 1042 3506; x_wconf 92' lang='lat' dir='ltr'><strong>et</strong></span> <span class='ocrx_word' id='word_1_415' title='bbox 1077 3462 1137 3504; x_wconf 94' lang='lat' dir='ltr'><strong>ut</strong></span> <span class='ocrx_word' id='word_1_416' title='bbox 1167 3467 1332 3521; x_wconf 86' lang='lat' dir='ltr'><strong>quam</strong></span> <span class='ocrx_word' id='word_1_417' title='bbox 1358 3461 1648 3522; x_wconf 89' lang='lat' dir='ltr'><strong>acceperat</strong></span> <span class='ocrx_word' id='word_1_418' title='bbox 1685 3452 2085 3517; x_wconf 57' lang='lat' dir='ltr'><strong>hereditatem,</strong></span> 
     </span>
    </p>
   </div>
   <div class='ocr_carea' id='block_1_64' title="bbox 506 3543 2083 3615">
    <p class='ocr_par' dir='ltr' id='par_1_64' title="bbox 506 3543 2083 3615">
     <span class='ocr_line' id='line_1_64' title="bbox 506 3543 2083 3615; baseline -0.001 -15"><span class='ocrx_word' id='word_1_419' title='bbox 506 3546 779 3615; x_wconf 80' lang='lat' dir='ltr'><strong>integram</strong></span> <span class='ocrx_word' id='word_1_420' title='bbox 804 3555 1176 3607; x_wconf 85' lang='lat' dir='ltr'><strong>conservaret.</strong></span> <span class='ocrx_word' id='word_1_421' title='bbox 1201 3543 1582 3599; x_wconf 83' lang='lat' dir='ltr'><strong>obtestabatur</strong></span> <span class='ocrx_word' id='word_1_422' title='bbox 1605 3563 1618 3599; x_wconf 94' lang='lat'>:</span> <span class='ocrx_word' id='word_1_423' title='bbox 1645 3543 1879 3599; x_wconf 83' lang='lat' dir='ltr'><strong>docebat</strong></span> <span class='ocrx_word' id='word_1_424' title='bbox 1899 3553 2083 3599; x_wconf 86' lang='lat' dir='ltr'><strong>autem</strong></span> 
     </span>
    </p>
   </div>
   <div class='ocr_carea' id='block_1_65' title="bbox 503 3637 2088 3709">
    <p class='ocr_par' dir='ltr' id='par_1_65' title="bbox 503 3637 2088 3709">
     <span class='ocr_line' id='line_1_65' title="bbox 503 3637 2088 3709; baseline -0.001 -15"><span class='ocrx_word' id='word_1_425' title='bbox 503 3638 784 3709; x_wconf 88' lang='lat' dir='ltr'><strong>quodnam</strong></span> <span class='ocrx_word' id='word_1_426' title='bbox 825 3638 1140 3707; x_wconf 75' lang='lat' dir='ltr'><strong>dogmatnm</strong></span> <span class='ocrx_word' id='word_1_427' title='bbox 1176 3637 1472 3693; x_wconf 87' lang='lat' dir='ltr'><strong>discrimen</strong></span> <span class='ocrx_word' id='word_1_428' title='bbox 1521 3647 1692 3702; x_wconf 85' lang='lat' dir='ltr'><strong>esset,</strong></span> <span class='ocrx_word' id='word_1_429' title='bbox 1729 3645 1786 3693; x_wconf 92' lang='lat' dir='ltr'><strong>et</strong></span> <span class='ocrx_word' id='word_1_430' title='bbox 1816 3637 2088 3708; x_wconf 84' lang='lat' dir='ltr'><strong>quemad-</strong></span> 
     </span>
    </p>
   </div>
   <div class='ocr_carea' id='block_1_66' title="bbox 504 3729 2088 3800">
    <p class='ocr_par' dir='ltr' id='par_1_66' title="bbox 504 3729 2088 3800">
     <span class='ocr_line' id='line_1_66' title="bbox 504 3729 2088 3800; baseline -0.001 -13"><span class='ocrx_word' id='word_1_431' title='bbox 504 3731 728 3787; x_wconf 87' lang='lat' dir='ltr'><strong>modum</strong></span> <span class='ocrx_word' id='word_1_432' title='bbox 762 3730 880 3785; x_wconf 73' lang='lat' dir='ltr'><strong>haec</strong></span> <span class='ocrx_word' id='word_1_433' title='bbox 907 3729 1125 3800; x_wconf 83' lang='lat' dir='ltr'><strong>quidem</strong></span> <span class='ocrx_word' id='word_1_434' title='bbox 1159 3731 1345 3785; x_wconf 91' lang='lat' dir='ltr'><strong>omnia</strong></span> <span class='ocrx_word' id='word_1_435' title='bbox 1382 3730 1591 3784; x_wconf 86' lang='lat' dir='ltr'><strong>Christi</strong></span> <span class='ocrx_word' id='word_1_436' title='bbox 1627 3730 1917 3794; x_wconf 73' lang='lat' dir='ltr'><strong>doctrinm,</strong></span> <span class='ocrx_word' id='word_1_437' title='bbox 1951 3745 2088 3800; x_wconf 86' lang='lat' dir='ltr'><strong>apo-</strong></span> 
     </span>
    </p>
   </div>
   <div class='ocr_carea' id='block_1_67' title="bbox 503 3821 2084 3892">
    <p class='ocr_par' dir='ltr' id='par_1_67' title="bbox 503 3821 2084 3892">
     <span class='ocr_line' id='line_1_67' title="bbox 503 3821 2084 3892; baseline -0.001 -14"><span class='ocrx_word' id='word_1_438' title='bbox 503 3825 890 3892; x_wconf 85' lang='lat' dir='ltr'><strong>stolorumque</strong></span> <span class='ocrx_word' id='word_1_439' title='bbox 915 3821 1296 3892; x_wconf 87' lang='lat' dir='ltr'><strong>praedicationi</strong></span> <span class='ocrx_word' id='word_1_440' title='bbox 1339 3830 1464 3891; x_wconf 89' lang='lat' dir='ltr'><strong>apte</strong></span> <span class='ocrx_word' id='word_1_441' title='bbox 1491 3830 1886 3891; x_wconf 80' lang='lat' dir='ltr'><strong>congruerent,</strong></span> <span class='ocrx_word' id='word_1_442' title='bbox 1923 3821 2016 3876; x_wconf 91' lang='lat' dir='ltr'><strong>illa</strong></span> <span class='ocrx_word' id='word_1_443' title='bbox 2052 3837 2084 3877; x_wconf 88' lang='lat' dir='ltr'><strong>e</strong></span> 
     </span>
    </p>
   </div>
   <div class='ocr_carea' id='block_1_68' title="bbox 501 3913 2082 3985">
    <p class='ocr_par' dir='ltr' id='par_1_68' title="bbox 501 3913 2082 3985">
     <span class='ocr_line' id='line_1_68' title="bbox 501 3913 2082 3985; baseline -0.001 -14"><span class='ocrx_word' id='word_1_444' title='bbox 501 3915 790 3972; x_wconf 85' lang='lat' dir='ltr'><strong>contrario</strong></span> <span class='ocrx_word' id='word_1_445' title='bbox 839 3915 1183 3985; x_wconf 86' lang='lat' dir='ltr'><strong>spiritualem</strong></span> <span class='ocrx_word' id='word_1_446' title='bbox 1229 3922 1615 3984; x_wconf 79' lang='lat' dir='ltr'><strong>oppugnarent</strong></span> <span class='ocrx_word' id='word_1_447' title='bbox 1655 3913 2082 3985; x_wconf 77' lang='lat' dir='ltr'><strong>legislationem.</strong></span> 
     </span>
    </p>
   </div>
   <div class='ocr_carea' id='block_1_69' title="bbox 503 4007 2085 4078">
    <p class='ocr_par' dir='ltr' id='par_1_69' title="bbox 503 4007 2085 4078">
     <span class='ocr_line' id='line_1_69' title="bbox 503 4007 2085 4078; baseline -0.001 -13"><span class='ocrx_word' id='word_1_448' title='bbox 503 4011 575 4065; x_wconf 79' lang='lat' dir='ltr'><strong>At</strong></span> <span class='ocrx_word' id='word_1_449' title='bbox 601 4025 736 4064; x_wconf 84' lang='lat' dir='ltr'><strong>vero</strong></span> <span class='ocrx_word' id='word_1_450' title='bbox 782 4023 942 4078; x_wconf 86' lang='lat' dir='ltr'><strong>puer,</strong></span> <span class='ocrx_word' id='word_1_451' title='bbox 976 4016 1170 4076; x_wconf 84' lang='lat' dir='ltr'><strong>utpote</strong></span> <span class='ocrx_word' id='word_1_452' title='bbox 1200 4007 1293 4076; x_wconf 85' lang='lat' dir='ltr'><strong>qui</strong></span> <span class='ocrx_word' id='word_1_453' title='bbox 1350 4021 1488 4076; x_wconf 89' lang='lat' dir='ltr'><strong>puer</strong></span> <span class='ocrx_word' id='word_1_454' title='bbox 1535 4015 1702 4071; x_wconf 87' lang='lat' dir='ltr'><strong>esset,</strong></span> <span class='ocrx_word' id='word_1_455' title='bbox 1739 4015 1795 4062; x_wconf 85' lang='lat' dir='ltr'><strong>et</strong></span> <span class='ocrx_word' id='word_1_456' title='bbox 1833 4021 1863 4061; x_wconf 91' lang='lat' dir='ltr'><strong>a</strong></span> <span class='ocrx_word' id='word_1_457' title='bbox 1911 4015 2085 4063; x_wconf 84' lang='lat' dir='ltr'><strong>matre</strong></span> 
     </span>
    </p>
   </div>
   <div class='ocr_carea' id='block_1_70' title="bbox 499 4097 2088 4170">
    <p class='ocr_par' dir='ltr' id='par_1_70' title="bbox 499 4097 2088 4170">
     <span class='ocr_line' id='line_1_70' title="bbox 499 4097 2088 4170; baseline -0.003 -13"><span class='ocrx_word' id='word_1_458' title='bbox 499 4100 737 4170; x_wconf 85' lang='lat' dir='ltr'><strong>decepta</strong></span> <span class='ocrx_word' id='word_1_459' title='bbox 774 4097 1059 4153; x_wconf 87' lang='lat' dir='ltr'><strong>blanditiis</strong></span> <span class='ocrx_word' id='word_1_460' title='bbox 1085 4097 1305 4151; x_wconf 89' lang='lat' dir='ltr'><strong>illectus</strong></span> <span class='ocrx_word' id='word_1_461' title='bbox 1325 4139 1340 4163; x_wconf 91' lang='lat'><strong>,</strong></span> <span class='ocrx_word' id='word_1_462' title='bbox 1371 4106 1427 4152; x_wconf 91' lang='lat' dir='ltr'><strong>et</strong></span> <span class='ocrx_word' id='word_1_463' title='bbox 1453 4097 1638 4153; x_wconf 85' lang='lat' dir='ltr'><strong>verbis</strong></span> <span class='ocrx_word' id='word_1_464' title='bbox 1663 4097 2001 4163; x_wconf 86' lang='lat' dir='ltr'><strong>armabatur,</strong></span> <span class='ocrx_word' id='word_1_465' title='bbox 2031 4105 2088 4155; x_wconf 83' lang='lat' dir='ltr'><strong>et</strong></span> 
     </span>
    </p>
   </div>
   <div class='ocr_carea' id='block_1_71' title="bbox 505 4188 2080 4262">
    <p class='ocr_par' dir='ltr' id='par_1_71' title="bbox 505 4188 2080 4262">
     <span class='ocr_line' id='line_1_71' title="bbox 505 4188 2080 4262; baseline -0.002 -14"><span class='ocrx_word' id='word_1_466' title='bbox 505 4193 778 4249; x_wconf 82' lang='lat' dir='ltr'><strong>militibus</strong></span> <span class='ocrx_word' id='word_1_467' title='bbox 812 4191 1043 4245; x_wconf 85' lang='lat' dir='ltr'><strong>armatis</strong></span> <span class='ocrx_word' id='word_1_468' title='bbox 1089 4188 1348 4244; x_wconf 84' lang='lat' dir='ltr'><strong>Ecclesiae</strong></span> <span class='ocrx_word' id='word_1_469' title='bbox 1394 4190 1638 4246; x_wconf 88' lang='lat' dir='ltr'><strong>ambitus</strong></span> <span class='ocrx_word' id='word_1_470' title='bbox 1677 4189 2080 4262; x_wconf 84' lang='lat' dir='ltr'><strong>circumcinge-</strong></span> 
     </span>
    </p>
   </div>
   <div class='ocr_carea' id='block_1_72' title="bbox 505 4286 621 4339">
    <p class='ocr_par' dir='ltr' id='par_1_72' title="bbox 505 4286 621 4339">
     <span class='ocr_line' id='line_1_72' title="bbox 505 4286 621 4339; baseline -0.026 0"><span class='ocrx_word' id='word_1_471' title='bbox 505 4286 621 4339; x_wconf 83' lang='lat' dir='ltr'><strong>bat.</strong></span> 
     </span>
    </p>
   </div>
   <div class='ocr_carea' id='block_1_73' title="bbox 577 4372 2083 4443">
    <p class='ocr_par' dir='ltr' id='par_1_73' title="bbox 577 4372 2083 4443">
     <span class='ocr_line' id='line_1_73' title="bbox 577 4372 2083 4443; baseline -0.002 -13"><span class='ocrx_word' id='word_1_472' title='bbox 577 4375 722 4430; x_wconf 79' lang='lat' dir='ltr'><strong>Xlll.</strong></span> <span class='ocrx_word' id='word_1_473' title='bbox 755 4375 950 4428; x_wconf 86' lang='lat' dir='ltr'><strong>Postea</strong></span> <span class='ocrx_word' id='word_1_474' title='bbox 979 4387 1112 4428; x_wconf 90' lang='lat' dir='ltr'><strong>vero</strong></span> <span class='ocrx_word' id='word_1_475' title='bbox 1135 4388 1299 4442; x_wconf 85' lang='lat' dir='ltr'><strong>quam</strong></span> <span class='ocrx_word' id='word_1_476' title='bbox 1327 4372 1626 4427; x_wconf 78' lang='lat' dir='ltr'><strong>maximum</strong></span> <span class='ocrx_word' id='word_1_477' title='bbox 1660 4372 1815 4427; x_wconf 90' lang='lat' dir='ltr'><strong>illum</strong></span> <span class='ocrx_word' id='word_1_478' title='bbox 1861 4373 2083 4443; x_wconf 85' lang='lat' dir='ltr'><strong>praelia-</strong></span> 
     </span>
    </p>
   </div>
   <div class='ocr_carea' id='block_1_74' title="bbox 505 4465 2078 4536">
    <p class='ocr_par' dir='ltr' id='par_1_74' title="bbox 505 4465 2078 4536">
     <span class='ocr_line' id='line_1_74' title="bbox 505 4465 2078 4536; baseline 0.001 -14"><span class='ocrx_word' id='word_1_479' title='bbox 505 4477 707 4530; x_wconf 88' lang='lat' dir='ltr'><strong>torem,</strong></span> <span class='ocrx_word' id='word_1_480' title='bbox 751 4466 1001 4520; x_wconf 87' lang='lat' dir='ltr'><strong>divinum</strong></span> <span class='ocrx_word' id='word_1_481' title='bbox 1048 4465 1645 4528; x_wconf 84' lang='lat' dir='ltr'><strong>Ambrosium,eorum</strong></span> <span class='ocrx_word' id='word_1_482' title='bbox 1681 4482 1804 4536; x_wconf 66' lang='lat' dir='ltr'><strong>quae</strong></span> <span class='ocrx_word' id='word_1_483' title='bbox 1861 4467 1930 4521; x_wconf 89' lang='lat' dir='ltr'><strong>ab</strong></span> <span class='ocrx_word' id='word_1_484' title='bbox 1981 4468 2078 4523; x_wconf 85' lang='lat' dir='ltr'><strong>illo</strong></span> 
     </span>
    </p>
   </div>
   <div class='ocr_carea' id='block_1_75' title="bbox 507 4559 2087 4632">
    <p class='ocr_par' dir='ltr' id='par_1_75' title="bbox 507 4559 2087 4632">
     <span class='ocr_line' id='line_1_75' title="bbox 507 4559 2087 4632; baseline 0.001 -17"><span class='ocrx_word' id='word_1_485' title='bbox 507 4560 738 4626; x_wconf 78' lang='lat' dir='ltr'><strong>ﬂebant,</strong></span> <span class='ocrx_word' id='word_1_486' title='bbox 765 4559 903 4612; x_wconf 88' lang='lat' dir='ltr'><strong>nihil</strong></span> <span class='ocrx_word' id='word_1_487' title='bbox 936 4559 1210 4613; x_wconf 73' lang='lat' dir='ltr'><strong>deterruit</strong></span> <span class='ocrx_word' id='word_1_488' title='bbox 1239 4561 1310 4630; x_wconf 91' lang='lat' dir='ltr'><strong>(is</strong></span> <span class='ocrx_word' id='word_1_489' title='bbox 1337 4560 1484 4614; x_wconf 85' lang='lat' dir='ltr'><strong>enim</strong></span> <span class='ocrx_word' id='word_1_490' title='bbox 1511 4560 1613 4615; x_wconf 91' lang='lat' dir='ltr'><strong>ista</strong></span> <span class='ocrx_word' id='word_1_491' title='bbox 1661 4569 1920 4630; x_wconf 81' lang='lat' dir='ltr'><strong>tanquam</strong></span> <span class='ocrx_word' id='word_1_492' title='bbox 1950 4577 2087 4632; x_wconf 87' lang='lat' dir='ltr'><strong>pue-</strong></span> 
     </span>
    </p>
   </div>
   <div class='ocr_carea' id='block_1_76' title="bbox 505 4651 2084 4722">
    <p class='ocr_par' dir='ltr' id='par_1_76' title="bbox 505 4651 2084 4722">
     <span class='ocr_line' id='line_1_76' title="bbox 505 4651 2084 4722; baseline 0.001 -15"><span class='ocrx_word' id='word_1_493' title='bbox 505 4667 696 4707; x_wconf 80' lang='lat' dir='ltr'><strong>rorum</strong></span> <span class='ocrx_word' id='word_1_494' title='bbox 737 4651 1189 4706; x_wconf 88' lang='lat' dir='ltr'><strong>terriculamenta</strong></span> <span class='ocrx_word' id='word_1_495' title='bbox 1237 4651 1637 4721; x_wconf 87' lang='lat' dir='ltr'><strong>existimabat),</strong></span> <span class='ocrx_word' id='word_1_496' title='bbox 1678 4653 1770 4707; x_wconf 87' lang='lat' dir='ltr'><strong>ille</strong></span> <span class='ocrx_word' id='word_1_497' title='bbox 1803 4653 2084 4722; x_wconf 86' lang='lat' dir='ltr'><strong>impendio</strong></span> 
     </span>
    </p>
   </div>
   <div class='ocr_carea' id='block_1_77' title="bbox 506 4745 2084 4816">
    <p class='ocr_par' dir='ltr' id='par_1_77' title="bbox 506 4745 2084 4816">
     <span class='ocr_line' id='line_1_77' title="bbox 506 4745 2084 4816; baseline 0.001 -14"><span class='ocrx_word' id='word_1_498' title='bbox 506 4746 736 4802; x_wconf 87' lang='lat' dir='ltr'><strong>moleste</strong></span> <span class='ocrx_word' id='word_1_499' title='bbox 784 4745 1002 4810; x_wconf 79' lang='lat' dir='ltr'><strong>ferens,</strong></span> <span class='ocrx_word' id='word_1_500' title='bbox 1060 4745 1238 4815; x_wconf 88' lang='lat' dir='ltr'><strong>ipsum</strong></span> <span class='ocrx_word' id='word_1_501' title='bbox 1301 4755 1458 4800; x_wconf 80' lang='lat' dir='ltr'><strong>extra</strong></span> <span class='ocrx_word' id='word_1_502' title='bbox 1505 4747 1834 4816; x_wconf 82' lang='lat' dir='ltr'><strong>templorum</strong></span> <span class='ocrx_word' id='word_1_503' title='bbox 1897 4747 2084 4804; x_wconf 87' lang='lat' dir='ltr'><strong>limina</strong></span> 
     </span>
    </p>
   </div>
   <div class='ocr_carea' id='block_1_78' title="bbox 503 4835 2083 4909">
    <p class='ocr_par' dir='ltr' id='par_1_78' title="bbox 503 4835 2083 4909">
     <span class='ocr_line' id='line_1_78' title="bbox 503 4835 2083 4909; baseline 0.003 -18"><span class='ocrx_word' id='word_1_504' title='bbox 503 4839 659 4892; x_wconf 76' lang='lat' dir='ltr'><strong>exire</strong></span> <span class='ocrx_word' id='word_1_505' title='bbox 699 4838 886 4908; x_wconf 80' lang='lat' dir='ltr'><strong>jussit.</strong></span> <span class='ocrx_word' id='word_1_506' title='bbox 922 4835 1024 4893; x_wconf 85' lang='lat' dir='ltr'><strong>llic</strong></span> <span class='ocrx_word' id='word_1_507' title='bbox 1052 4844 1259 4899; x_wconf 88' lang='lat' dir='ltr'><strong>autem.</strong></span> <span class='ocrx_word' id='word_1_508' title='bbox 1293 4835 1501 4908; x_wconf 87' lang='lat' dir='ltr'><strong>Sponte</strong></span> <span class='ocrx_word' id='word_1_509' title='bbox 1532 4852 1673 4901; x_wconf 90' lang='lat' dir='ltr'><strong>mea,</strong></span> <span class='ocrx_word' id='word_1_510' title='bbox 1709 4837 1911 4909; x_wconf 88' lang='lat' dir='ltr'><strong>inquit,</strong></span> <span class='ocrx_word' id='word_1_511' title='bbox 1946 4839 2083 4895; x_wconf 91' lang='lat' dir='ltr'><strong>illud</strong></span> 
     </span>
    </p>
   </div>
   <div class='ocr_carea' id='block_1_79' title="bbox 407 4928 2082 5000">
    <p class='ocr_par' dir='ltr' id='par_1_79' title="bbox 407 4928 2082 5000">
     <span class='ocr_line' id='line_1_79' title="bbox 407 4928 2082 5000; baseline 0.002 -17"><span class='ocrx_word' id='word_1_512' title='bbox 407 4946 434 4964; x_wconf 58' lang='grc' dir='ltr'>κ</span> <span class='ocrx_word' id='word_1_513' title='bbox 507 4929 713 4993; x_wconf 76' lang='lat' dir='ltr'><strong>facere,</strong></span> <span class='ocrx_word' id='word_1_514' title='bbox 742 4940 906 4999; x_wconf 87' lang='lat' dir='ltr'><strong>atque</strong></span> <span class='ocrx_word' id='word_1_515' title='bbox 939 4944 1124 4983; x_wconf 80' lang='lat' dir='ltr'><strong>ovium</strong></span> <span class='ocrx_word' id='word_1_516' title='bbox 1157 4930 1346 4984; x_wconf 84' lang='lat' dir='ltr'><strong>caulas</strong></span> <span class='ocrx_word' id='word_1_517' title='bbox 1378 4928 1522 4998; x_wconf 79' lang='lat' dir='ltr'><strong>lupis</strong></span> <span class='ocrx_word' id='word_1_518' title='bbox 1569 4930 1822 5000; x_wconf 87' lang='lat' dir='ltr'><strong>prodere,</strong></span> <span class='ocrx_word' id='word_1_519' title='bbox 1864 4931 2082 4987; x_wconf 86' lang='lat' dir='ltr'><strong>etiamsi</strong></span> 
     </span>
    </p>
   </div>
   <div class='ocr_carea' id='block_1_80' title="bbox 507 5019 2082 5089">
    <p class='ocr_par' dir='ltr' id='par_1_80' title="bbox 507 5019 2082 5089">
     <span class='ocr_line' id='line_1_80' title="bbox 507 5019 2082 5089; baseline 0.001 -14"><span class='ocrx_word' id='word_1_520' title='bbox 507 5021 737 5088; x_wconf 75' lang='lat' dir='ltr'><strong>sanguis</strong></span> <span class='ocrx_word' id='word_1_521' title='bbox 784 5019 1205 5089; x_wconf 76' lang='lat' dir='ltr'><strong>profundendus</strong></span> <span class='ocrx_word' id='word_1_522' title='bbox 1234 5021 1342 5084; x_wconf 90' lang='lat' dir='ltr'><strong>sit,</strong></span> <span class='ocrx_word' id='word_1_523' title='bbox 1375 5020 1601 5075; x_wconf 91' lang='lat' dir='ltr'><strong>minime</strong></span> <span class='ocrx_word' id='word_1_524' title='bbox 1635 5023 1832 5077; x_wconf 81' lang='lat' dir='ltr'><strong>feram.</strong></span> <span class='ocrx_word' id='word_1_525' title='bbox 1879 5023 2082 5080; x_wconf 89' lang='lat' dir='ltr'><strong>Verum</strong></span> 
     </span>
    </p>
   </div>
   <div class='ocr_carea' id='block_1_81' title="bbox 505 5111 2078 5188">
    <p class='ocr_par' dir='ltr' id='par_1_81' title="bbox 505 5111 2078 5188">
     <span class='ocr_line' id='line_1_81' title="bbox 505 5111 2078 5188; baseline 0.003 -21"><span class='ocrx_word' id='word_1_526' title='bbox 505 5111 553 5167; x_wconf 85' lang='lat' dir='ltr'><strong>si</strong></span> <span class='ocrx_word' id='word_1_527' title='bbox 588 5123 697 5169; x_wconf 66' lang='lat' dir='ltr'><strong>tute</strong></span> <span class='ocrx_word' id='word_1_528' title='bbox 735 5112 1036 5167; x_wconf 86' lang='lat' dir='ltr'><strong>voluntatis</strong></span> <span class='ocrx_word' id='word_1_529' title='bbox 1073 5121 1159 5168; x_wconf 89' lang='lat' dir='ltr'><strong>est</strong></span> <span class='ocrx_word' id='word_1_530' title='bbox 1195 5114 1346 5169; x_wconf 90' lang='lat' dir='ltr'><strong>intus</strong></span> <span class='ocrx_word' id='word_1_531' title='bbox 1375 5129 1463 5170; x_wconf 90' lang='lat' dir='ltr'><strong>me</strong></span> <span class='ocrx_word' id='word_1_532' title='bbox 1499 5114 1758 5182; x_wconf 72' lang='lat' dir='ltr'><strong>interﬁci,</strong></span> <span class='ocrx_word' id='word_1_533' title='bbox 1811 5117 2078 5188; x_wconf 78' lang='lat' dir='ltr'><strong>gladium,</strong></span> 
     </span>
    </p>
   </div>
   <div class='ocr_carea' id='block_1_82' title="bbox 508 5204 2085 5279">
    <p class='ocr_par' dir='ltr' id='par_1_82' title="bbox 508 5204 2085 5279">
     <span class='ocr_line' id='line_1_82' title="bbox 508 5204 2085 5279; baseline 0.004 -21"><span class='ocrx_word' id='word_1_534' title='bbox 508 5204 723 5273; x_wconf 80' lang='lat' dir='ltr'><strong>inquit,</strong></span> <span class='ocrx_word' id='word_1_535' title='bbox 756 5205 844 5258; x_wconf 85' lang='lat' dir='ltr'><strong>vel</strong></span> <span class='ocrx_word' id='word_1_536' title='bbox 874 5207 1112 5260; x_wconf 85' lang='lat' dir='ltr'><strong>securim</strong></span> <span class='ocrx_word' id='word_1_537' title='bbox 1146 5205 1282 5260; x_wconf 88' lang='lat' dir='ltr'><strong>mihi</strong></span> <span class='ocrx_word' id='word_1_538' title='bbox 1324 5207 1589 5274; x_wconf 84' lang='lat' dir='ltr'><strong>admove;</strong></span> <span class='ocrx_word' id='word_1_539' title='bbox 1634 5208 1954 5279; x_wconf 69' lang='lat' dir='ltr'><strong>huiusmodi</strong></span> <span class='ocrx_word' id='word_1_540' title='bbox 1985 5223 2085 5264; x_wconf 88' lang='lat' dir='ltr'><strong>ne-</strong></span> 
     </span>
    </p>
   </div>
   <div class='ocr_carea' id='block_1_83' title="bbox 507 5298 2084 5370">
    <p class='ocr_par' dir='ltr' id='par_1_83' title="bbox 507 5298 2084 5370">
     <span class='ocr_line' id='line_1_83' title="bbox 507 5298 2084 5370; baseline 0.001 -18"><span class='ocrx_word' id='word_1_541' title='bbox 507 5311 629 5352; x_wconf 84' lang='lat' dir='ltr'><strong>cem</strong></span> <span class='ocrx_word' id='word_1_542' title='bbox 653 5313 756 5368; x_wconf 71' lang='lat' dir='ltr'><strong>ego</strong></span> <span class='ocrx_word' id='word_1_543' title='bbox 787 5299 1089 5367; x_wconf 86' lang='lat' dir='ltr'><strong>amplectar</strong></span> <span class='ocrx_word' id='word_1_544' title='bbox 1119 5314 1282 5368; x_wconf 83' lang='lat' dir='ltr'><strong>quam</strong></span> <span class='ocrx_word' id='word_1_545' title='bbox 1313 5298 1702 5355; x_wconf 90' lang='lat' dir='ltr'><strong>libentissime.</strong></span> <span class='ocrx_word' id='word_1_546' title='bbox 1731 5300 1802 5354; x_wconf 86' lang='lat' dir='ltr'><strong>Et</strong></span> <span class='ocrx_word' id='word_1_547' title='bbox 1829 5301 1932 5355; x_wconf 87' lang='lat' dir='ltr'><strong>ista</strong></span> <span class='ocrx_word' id='word_1_548' title='bbox 1959 5299 2084 5370; x_wconf 85' lang='lat' dir='ltr'><strong>qui-</strong></span> 
     </span>
    </p>
   </div>
   <div class='ocr_carea' id='block_1_84' title="bbox 505 5390 1201 5446">
    <p class='ocr_par' dir='ltr' id='par_1_84' title="bbox 505 5390 1201 5446">
     <span class='ocr_line' id='line_1_84' title="bbox 505 5390 1201 5446; baseline 0.001 -1"><span class='ocrx_word' id='word_1_549' title='bbox 505 5390 634 5446; x_wconf 88' lang='lat' dir='ltr'><strong>dem</strong></span> <span class='ocrx_word' id='word_1_550' title='bbox 659 5391 822 5445; x_wconf 89' lang='lat' dir='ltr'><strong>divus</strong></span> <span class='ocrx_word' id='word_1_551' title='bbox 857 5392 1201 5446; x_wconf 82' lang='lat' dir='ltr'><strong>Ambrosius.</strong></span> 
     </span>
    </p>
   </div>
   <div class='ocr_carea' id='block_1_85' title="bbox 575 5483 2083 5555">
    <p class='ocr_par' dir='ltr' id='par_1_85' title="bbox 575 5483 2083 5555">
     <span class='ocr_line' id='line_1_85' title="bbox 575 5483 2083 5555; baseline 0.001 -17"><span class='ocrx_word' id='word_1_552' title='bbox 575 5483 713 5539; x_wconf 78' lang='lat' dir='ltr'><strong>XIV.</strong></span> <span class='ocrx_word' id='word_1_553' title='bbox 747 5484 955 5538; x_wconf 84' lang='lat' dir='ltr'><strong>Exacto</strong></span> <span class='ocrx_word' id='word_1_554' title='bbox 985 5497 1168 5538; x_wconf 84' lang='lat' dir='ltr'><strong>autem</strong></span> <span class='ocrx_word' id='word_1_555' title='bbox 1203 5485 1386 5555; x_wconf 89' lang='lat' dir='ltr'><strong>spatio</strong></span> <span class='ocrx_word' id='word_1_556' title='bbox 1415 5491 1680 5554; x_wconf 80' lang='lat' dir='ltr'><strong>temporis</strong></span> <span class='ocrx_word' id='word_1_557' title='bbox 1718 5499 1830 5539; x_wconf 92' lang='lat' dir='ltr'><strong>non</strong></span> <span class='ocrx_word' id='word_1_558' title='bbox 1859 5484 2083 5554; x_wconf 82' lang='lat' dir='ltr'><strong>exiguo,</strong></span> 
     </span>
    </p>
   </div>
   <div class='ocr_carea' id='block_1_86' title="bbox 503 5575 2084 5647">
    <p class='ocr_par' dir='ltr' id='par_1_86' title="bbox 503 5575 2084 5647">
     <span class='ocr_line' id='line_1_86' title="bbox 503 5575 2084 5647; baseline -0.001 -14"><span class='ocrx_word' id='word_1_559' title='bbox 503 5575 711 5633; x_wconf 85' lang='lat' dir='ltr'><strong>certior</strong></span> <span class='ocrx_word' id='word_1_560' title='bbox 733 5579 908 5632; x_wconf 79' lang='lat' dir='ltr'><strong>factus</strong></span> <span class='ocrx_word' id='word_1_561' title='bbox 938 5587 1024 5632; x_wconf 85' lang='lat' dir='ltr'><strong>est</strong></span> <span class='ocrx_word' id='word_1_562' title='bbox 1061 5577 1328 5633; x_wconf 79' lang='lat' dir='ltr'><strong>Maximus</strong></span> <span class='ocrx_word' id='word_1_563' title='bbox 1355 5592 1549 5632; x_wconf 90' lang='lat' dir='ltr'><strong>eorum</strong></span> <span class='ocrx_word' id='word_1_564' title='bbox 1580 5587 1898 5642; x_wconf 90' lang='lat' dir='ltr'><strong>conatuum,</strong></span> <span class='ocrx_word' id='word_1_565' title='bbox 1941 5591 2084 5647; x_wconf 85' lang='lat' dir='ltr'><strong>quos</strong></span> 
     </span>
    </p>
   </div>
   <div class='ocr_carea' id='block_1_87' title="bbox 505 5669 2078 5739">
    <p class='ocr_par' dir='ltr' id='par_1_87' title="bbox 505 5669 2078 5739">
     <span class='ocr_line' id='line_1_87' title="bbox 505 5669 2078 5739; baseline 0 -17"><span class='ocrx_word' id='word_1_566' title='bbox 505 5679 699 5722; x_wconf 88' lang='lat' dir='ltr'><strong>contra</strong></span> <span class='ocrx_word' id='word_1_567' title='bbox 712 5669 1083 5724; x_wconf 81' lang='lat' dir='ltr'><strong>clarissimum</strong></span> <span class='ocrx_word' id='word_1_568' title='bbox 1110 5670 1361 5724; x_wconf 87' lang='lat' dir='ltr'><strong>veritatis</strong></span> <span class='ocrx_word' id='word_1_569' title='bbox 1388 5683 1698 5739; x_wconf 69' lang='lat' dir='ltr'><strong>praeconem</strong></span> <span class='ocrx_word' id='word_1_570' title='bbox 1721 5678 2078 5724; x_wconf 88' lang='lat' dir='ltr'><strong>attentarant.</strong></span> 
     </span>
    </p>
   </div>
   <div class='ocr_carea' id='block_1_88' title="bbox 503 5757 2082 5830">
    <p class='ocr_par' dir='ltr' id='par_1_88' title="bbox 503 5757 2082 5830">
     <span class='ocr_line' id='line_1_88' title="bbox 503 5757 2082 5830; baseline 0.003 -18"><span class='ocrx_word' id='word_1_571' title='bbox 503 5757 668 5814; x_wconf 74' lang='lat' dir='ltr'><strong>Mittit</strong></span> <span class='ocrx_word' id='word_1_572' title='bbox 698 5759 864 5830; x_wconf 77' lang='lat' dir='ltr'><strong>igitur</strong></span> <span class='ocrx_word' id='word_1_573' title='bbox 883 5760 1288 5830; x_wconf 77' lang='lat' dir='ltr'><strong>Valentiniano,</strong></span> <span class='ocrx_word' id='word_1_574' title='bbox 1321 5761 1415 5829; x_wconf 88' lang='lat' dir='ltr'><strong>qui</strong></span> <span class='ocrx_word' id='word_1_575' title='bbox 1435 5775 1560 5818; x_wconf 87' lang='lat' dir='ltr'><strong>eum</strong></span> <span class='ocrx_word' id='word_1_576' title='bbox 1584 5776 1614 5816; x_wconf 89' lang='lat' dir='ltr'><strong>a</strong></span> <span class='ocrx_word' id='word_1_577' title='bbox 1637 5761 1783 5819; x_wconf 88' lang='lat' dir='ltr'><strong>bello</strong></span> <span class='ocrx_word' id='word_1_578' title='bbox 1813 5761 2082 5818; x_wconf 82' lang='lat' dir='ltr'><strong>adversus</strong></span> 
     </span>
    </p>
   </div>
   <div class='ocr_carea' id='block_1_89' title="bbox 2188 3079 3774 3156">
    <p class='ocr_par' dir='ltr' id='par_1_89' title="bbox 2188 3079 3774 3156">
     <span class='ocr_line' id='line_1_89' title="bbox 2188 3079 3774 3156; baseline 0.003 -20"><span class='ocrx_word' id='word_1_579' title='bbox 2188 3081 2290 3155; x_wconf 83' lang='grc' dir='ltr'><strong>τὴν</strong></span> <span class='ocrx_word' id='word_1_580' title='bbox 2316 3083 2498 3139; x_wconf 68' lang='grc' dir='ltr'><strong>νόσον⁸</strong></span> <span class='ocrx_word' id='word_1_581' title='bbox 2530 3084 2692 3149; x_wconf 75' lang='grc' dir='ltr'><strong>αὐτὸς</strong></span> <span class='ocrx_word' id='word_1_582' title='bbox 2719 3083 2779 3138; x_wconf 78' lang='grc' dir='ltr'><strong>δέ</strong></span> <span class='ocrx_word' id='word_1_583' title='bbox 2807 3079 2918 3138; x_wconf 75' lang='grc' dir='ltr'><strong>οἷον</strong></span> <span class='ocrx_word' id='word_1_584' title='bbox 2947 3084 3247 3140; x_wconf 88' lang='grc' dir='ltr'><strong>ἀντίπαλον</strong></span> <span class='ocrx_word' id='word_1_585' title='bbox 3269 3085 3362 3139; x_wconf 81' lang='grc' dir='ltr'><strong>τὸν</strong></span> <span class='ocrx_word' id='word_1_586' title='bbox 3393 3085 3566 3156; x_wconf 81' lang='grc' dir='ltr'><strong>ἀνδρα</strong></span> <span class='ocrx_word' id='word_1_587' title='bbox 3594 3085 3774 3140; x_wconf 84' lang='grc' dir='ltr'><strong>ἐδόκει</strong></span> 
     </span>
    </p>
   </div>
   <div class='ocr_carea' id='block_1_90' title="bbox 2189 3177 2351 3234">
    <p class='ocr_par' dir='ltr' id='par_1_90' title="bbox 2189 3177 2351 3234">
     <span class='ocr_line' id='line_1_90' title="bbox 2189 3177 2351 3234; baseline 0.019 -4"><span class='ocrx_word' id='word_1_588' title='bbox 2189 3177 2351 3234; x_wconf 75' lang='grc' dir='ltr'><strong>εἶναι.</strong></span> 
     </span>
    </p>
   </div>
   <div class='ocr_carea' id='block_1_91' title="bbox 2260 3359 3774 3432">
    <p class='ocr_par' dir='ltr' id='par_1_91' title="bbox 2260 3359 3774 3432">
     <span class='ocr_line' id='line_1_91' title="bbox 2260 3359 3774 3432; baseline 0.001 -18"><span class='ocrx_word' id='word_1_589' title='bbox 2260 3362 2362 3416; x_wconf 84' lang='grc' dir='ltr'><strong>ΙΒ’.</strong></span> <span class='ocrx_word' id='word_1_590' title='bbox 2401 3360 2467 3414; x_wconf 85' lang='lat'><strong>&#39;0</strong></span> <span class='ocrx_word' id='word_1_591' title='bbox 2501 3359 2558 3412; x_wconf 74' lang='grc' dir='ltr'><strong>δὲ</strong></span> <span class='ocrx_word' id='word_1_592' title='bbox 2601 3359 2703 3430; x_wconf 84' lang='grc' dir='ltr'><strong>τῆς</strong></span> <span class='ocrx_word' id='word_1_593' title='bbox 2733 3376 2793 3412; x_wconf 88' lang='grc' dir='ltr'><strong>τε</strong></span> <span class='ocrx_word' id='word_1_594' title='bbox 2819 3359 2914 3414; x_wconf 82' lang='grc' dir='ltr'><strong>τοῦ</strong></span> <span class='ocrx_word' id='word_1_595' title='bbox 2951 3360 3156 3432; x_wconf 80' lang='grc' dir='ltr'><strong>πατρὸς</strong></span> <span class='ocrx_word' id='word_1_596' title='bbox 3177 3359 3588 3431; x_wconf 77' lang='grc' dir='ltr'><strong>ἀνεμίμνησκεν</strong></span> <span class='ocrx_word' id='word_1_597' title='bbox 3617 3360 3774 3415; x_wconf 81' lang='grc' dir='ltr'><strong>εὗσε-</strong></span> 
     </span>
    </p>
   </div>
   <div class='ocr_carea' id='block_1_92' title="bbox 2187 3451 3774 3522">
    <p class='ocr_par' dir='ltr' id='par_1_92' title="bbox 2187 3451 3774 3522">
     <span class='ocr_line' id='line_1_92' title="bbox 2187 3451 3774 3522; baseline -0.001 -16"><span class='ocrx_word' id='word_1_598' title='bbox 2187 3453 2363 3518; x_wconf 87' lang='grc' dir='ltr'><strong>ϐείας,</strong></span> <span class='ocrx_word' id='word_1_599' title='bbox 2396 3455 2491 3507; x_wconf 77' lang='grc' dir='ltr'><strong>καὶ</strong></span> <span class='ocrx_word' id='word_1_600' title='bbox 2519 3451 2612 3508; x_wconf 82' lang='grc' dir='ltr'><strong>τδν</strong></span> <span class='ocrx_word' id='word_1_601' title='bbox 2643 3452 2845 3521; x_wconf 77' lang='grc' dir='ltr'><strong>κλῆρον</strong></span> <span class='ocrx_word' id='word_1_602' title='bbox 2877 3451 3155 3521; x_wconf 89' lang='grc' dir='ltr'><strong>παρέϐαλε</strong></span> <span class='ocrx_word' id='word_1_603' title='bbox 3191 3451 3484 3522; x_wconf 79' lang='grc' dir='ltr'><strong>φυλάττειν</strong></span> <span class='ocrx_word' id='word_1_604' title='bbox 3509 3451 3569 3505; x_wconf 84' lang='grc' dir='ltr'><strong>δν</strong></span> <span class='ocrx_word' id='word_1_605' title='bbox 3599 3453 3774 3522; x_wconf 76' lang='grc' dir='ltr'><strong>παρέ-</strong></span> 
     </span>
    </p>
   </div>
   <div class='ocr_carea' id='block_1_93' title="bbox 2187 3542 3773 3614">
    <p class='ocr_par' dir='ltr' id='par_1_93' title="bbox 2187 3542 3773 3614">
     <span class='ocr_line' id='line_1_93' title="bbox 2187 3542 3773 3614; baseline -0.001 -16"><span class='ocrx_word' id='word_1_606' title='bbox 2187 3545 2351 3600; x_wconf 89' lang='grc' dir='ltr'><strong>λαϐεν</strong></span> <span class='ocrx_word' id='word_1_607' title='bbox 2389 3544 2608 3600; x_wconf 78' lang='grc' dir='ltr'><strong>ἄσυλον.</strong></span> <span class='ocrx_word' id='word_1_608' title='bbox 2652 3544 2928 3598; x_wconf 80' lang='grc' dir='ltr'><strong>Ἐδίδασκε</strong></span> <span class='ocrx_word' id='word_1_609' title='bbox 2976 3543 3033 3598; x_wconf 73' lang='grc' dir='ltr'><strong>δὲ</strong></span> <span class='ocrx_word' id='word_1_610' title='bbox 3076 3544 3172 3599; x_wconf 84' lang='grc' dir='ltr'><strong>καὶ</strong></span> <span class='ocrx_word' id='word_1_611' title='bbox 3195 3543 3296 3614; x_wconf 76' lang='grc' dir='ltr'><strong>τὴν</strong></span> <span class='ocrx_word' id='word_1_612' title='bbox 3323 3543 3432 3597; x_wconf 83' lang='grc' dir='ltr'><strong>τῶν</strong></span> <span class='ocrx_word' id='word_1_613' title='bbox 3481 3542 3773 3614; x_wconf 82' lang='grc' dir='ltr'><strong>δογμάτων</strong></span> 
     </span>
    </p>
   </div>
   <div class='ocr_carea' id='block_1_94' title="bbox 2186 3631 3770 3707">
    <p class='ocr_par' dir='ltr' id='par_1_94' title="bbox 2186 3631 3770 3707">
     <span class='ocr_line' id='line_1_94' title="bbox 2186 3631 3770 3707; baseline -0.001 -18"><span class='ocrx_word' id='word_1_614' title='bbox 2186 3633 2475 3707; x_wconf 78' lang='grc' dir='ltr'><strong>διαφορὰν,</strong></span> <span class='ocrx_word' id='word_1_615' title='bbox 2503 3635 2600 3688; x_wconf 73' lang='grc' dir='ltr'><strong>καὶ</strong></span> <span class='ocrx_word' id='word_1_616' title='bbox 2630 3635 2779 3698; x_wconf 77' lang='grc' dir='ltr'><strong>ὅπως</strong></span> <span class='ocrx_word' id='word_1_617' title='bbox 2811 3635 2881 3689; x_wconf 86' lang='grc' dir='ltr'><strong>τά</strong></span> <span class='ocrx_word' id='word_1_618' title='bbox 2918 3633 3019 3706; x_wconf 78' lang='grc' dir='ltr'><strong>μὲν</strong></span> <span class='ocrx_word' id='word_1_619' title='bbox 3043 3635 3110 3706; x_wconf 74' lang='grc' dir='ltr'><strong>τῇ</strong></span> <span class='ocrx_word' id='word_1_620' title='bbox 3144 3631 3239 3687; x_wconf 81' lang='grc' dir='ltr'><strong>τοῦ</strong></span> <span class='ocrx_word' id='word_1_621' title='bbox 3271 3633 3478 3705; x_wconf 81' lang='grc' dir='ltr'><strong>Κυρίου</strong></span> <span class='ocrx_word' id='word_1_622' title='bbox 3510 3634 3770 3688; x_wconf 87' lang='grc' dir='ltr'><strong>διδασκα-</strong></span> 
     </span>
    </p>
   </div>
   <div class='ocr_carea' id='block_1_95' title="bbox 2187 3727 3768 3803">
    <p class='ocr_par' dir='ltr' id='par_1_95' title="bbox 2187 3727 3768 3803">
     <span class='ocr_line' id='line_1_95' title="bbox 2187 3727 3768 3803; baseline 0.003 -20"><span class='ocrx_word' id='word_1_623' title='bbox 2187 3729 2279 3800; x_wconf 72' lang='grc' dir='ltr'><strong>λίᾳ</strong></span> <span class='ocrx_word' id='word_1_624' title='bbox 2308 3729 2404 3784; x_wconf 76' lang='grc' dir='ltr'><strong>καὶ</strong></span> <span class='ocrx_word' id='word_1_625' title='bbox 2429 3731 2543 3792; x_wconf 82' lang='grc' dir='ltr'><strong>τοῖς</strong></span> <span class='ocrx_word' id='word_1_626' title='bbox 2578 3727 2686 3784; x_wconf 83' lang='grc' dir='ltr'><strong>τῶν</strong></span> <span class='ocrx_word' id='word_1_627' title='bbox 2716 3729 3033 3783; x_wconf 78' lang='grc' dir='ltr'><strong>ἀποστόλων</strong></span> <span class='ocrx_word' id='word_1_628' title='bbox 3064 3729 3354 3801; x_wconf 89' lang='grc' dir='ltr'><strong>συμϐαίνει</strong></span> <span class='ocrx_word' id='word_1_629' title='bbox 3379 3731 3768 3803; x_wconf 75' lang='grc' dir='ltr'><strong>κηρύγμασινο</strong></span> 
     </span>
    </p>
   </div>
   <div class='ocr_carea' id='block_1_96' title="bbox 2188 3819 3772 3896">
    <p class='ocr_par' dir='ltr' id='par_1_96' title="bbox 2188 3819 3772 3896">
     <span class='ocr_line' id='line_1_96' title="bbox 2188 3819 3772 3896; baseline 0.001 -19"><span class='ocrx_word' id='word_1_630' title='bbox 2188 3822 2257 3877; x_wconf 89' lang='grc' dir='ltr'><strong>τά</strong></span> <span class='ocrx_word' id='word_1_631' title='bbox 2279 3822 2336 3876; x_wconf 68' lang='grc' dir='ltr'><strong>δὲ</strong></span> <span class='ocrx_word' id='word_1_632' title='bbox 2360 3820 2622 3892; x_wconf 83' lang='grc' dir='ltr'><strong>ἀντι-κρύς</strong></span> <span class='ocrx_word' id='word_1_633' title='bbox 2645 3821 2795 3874; x_wconf 80' lang='grc' dir='ltr'><strong>ἐστιν</strong></span> <span class='ocrx_word' id='word_1_634' title='bbox 2825 3819 3047 3876; x_wconf 83' lang='grc' dir='ltr'><strong>ἐναντία</strong></span> <span class='ocrx_word' id='word_1_635' title='bbox 3085 3822 3181 3877; x_wconf 77' lang='grc' dir='ltr'><strong>καὶ</strong></span> <span class='ocrx_word' id='word_1_636' title='bbox 3209 3825 3274 3894; x_wconf 80' lang='grc' dir='ltr'><strong>τῇ</strong></span> <span class='ocrx_word' id='word_1_637' title='bbox 3308 3827 3655 3896; x_wconf 77' lang='grc' dir='ltr'><strong>πνευματικῇ</strong></span> <span class='ocrx_word' id='word_1_638' title='bbox 3681 3842 3772 3878; x_wconf 91' lang='grc' dir='ltr'><strong>νο-</strong></span> 
     </span>
    </p>
   </div>
   <div class='ocr_carea' id='block_1_97' title="bbox 2191 3908 3770 3986">
    <p class='ocr_par' dir='ltr' id='par_1_97' title="bbox 2191 3908 3770 3986">
     <span class='ocr_line' id='line_1_97' title="bbox 2191 3908 3770 3986; baseline 0 -17"><span class='ocrx_word' id='word_1_639' title='bbox 2191 3913 2420 3986; x_wconf 78' lang='grc' dir='ltr'><strong>μοθεσίᾳ</strong></span> <span class='ocrx_word' id='word_1_640' title='bbox 2452 3912 2758 3984; x_wconf 87' lang='grc' dir='ltr'><strong>μαχόμενα.</strong></span> <span class='ocrx_word' id='word_1_641' title='bbox 2803 3912 2865 3966; x_wconf 90' lang='lat'><strong>&#39;0</strong></span> <span class='ocrx_word' id='word_1_642' title='bbox 2897 3912 2957 3967; x_wconf 79' lang='grc' dir='ltr'><strong>δὲ</strong></span> <span class='ocrx_word' id='word_1_643' title='bbox 2985 3913 3105 3977; x_wconf 83' lang='grc' dir='ltr'><strong>νέος</strong></span> <span class='ocrx_word' id='word_1_644' title='bbox 3128 3908 3216 3968; x_wconf 71' lang='grc' dir='ltr'><strong>οἷα</strong></span> <span class='ocrx_word' id='word_1_645' title='bbox 3247 3914 3311 3986; x_wconf 80' lang='grc' dir='ltr'><strong>δὴ</strong></span> <span class='ocrx_word' id='word_1_646' title='bbox 3341 3913 3462 3978; x_wconf 82' lang='grc' dir='ltr'><strong>νέος</strong></span> <span class='ocrx_word' id='word_1_647' title='bbox 3491 3915 3588 3968; x_wconf 77' lang='grc' dir='ltr'><strong>καὶ</strong></span> <span class='ocrx_word' id='word_1_648' title='bbox 3616 3915 3770 3985; x_wconf 88' lang='grc' dir='ltr'><strong>παρά</strong></span> 
     </span>
    </p>
   </div>
   <div class='ocr_carea' id='block_1_98' title="bbox 2191 4004 3768 4080">
    <p class='ocr_par' dir='ltr' id='par_1_98' title="bbox 2191 4004 3768 4080">
     <span class='ocr_line' id='line_1_98' title="bbox 2191 4004 3768 4080; baseline 0 -20"><span class='ocrx_word' id='word_1_649' title='bbox 2191 4006 2399 4080; x_wconf 70' lang='grc' dir='ltr'><strong>μητρὸς</strong></span> <span class='ocrx_word' id='word_1_650' title='bbox 2421 4005 2784 4078; x_wconf 73' lang='grc' dir='ltr'><strong>ἠπατημένης</strong></span> <span class='ocrx_word' id='word_1_651' title='bbox 2799 4004 3128 4075; x_wconf 87' lang='grc' dir='ltr'><strong>θελγόμενος</strong></span> <span class='ocrx_word' id='word_1_652' title='bbox 3150 4005 3212 4058; x_wconf 87' lang='grc' dir='ltr'><strong>ού</strong></span> <span class='ocrx_word' id='word_1_653' title='bbox 3237 4007 3400 4076; x_wconf 90' lang='grc' dir='ltr'><strong>μόνον</strong></span> <span class='ocrx_word' id='word_1_654' title='bbox 3425 4007 3484 4060; x_wconf 86' lang='grc' dir='ltr'><strong>οὑ</strong></span> <span class='ocrx_word' id='word_1_655' title='bbox 3511 4007 3768 4077; x_wconf 87' lang='grc' dir='ltr'><strong>προσίετο</strong></span> 
     </span>
    </p>
   </div>
   <div class='ocr_carea' id='block_1_99' title="bbox 2187 4095 3764 4168">
    <p class='ocr_par' dir='ltr' id='par_1_99' title="bbox 2187 4095 3764 4168">
     <span class='ocr_line' id='line_1_99' title="bbox 2187 4095 3764 4168; baseline -0.001 -16"><span class='ocrx_word' id='word_1_656' title='bbox 2187 4101 2257 4154; x_wconf 84' lang='grc' dir='ltr'><strong>τὰ</strong></span> <span class='ocrx_word' id='word_1_657' title='bbox 2277 4097 2550 4168; x_wconf 75' lang='grc' dir='ltr'><strong>λεγόμενα</strong></span> <span class='ocrx_word' id='word_1_658' title='bbox 2576 4097 2728 4167; x_wconf 85' lang='grc' dir='ltr'><strong>παρά</strong></span> <span class='ocrx_word' id='word_1_659' title='bbox 2779 4096 2875 4149; x_wconf 82' lang='grc' dir='ltr'><strong>τοῦ</strong></span> <span class='ocrx_word' id='word_1_660' title='bbox 2913 4095 3243 4167; x_wconf 78' lang='grc' dir='ltr'><strong>ἀρχιερέως,</strong></span> <span class='ocrx_word' id='word_1_661' title='bbox 3278 4095 3415 4149; x_wconf 89' lang='grc' dir='ltr'><strong>ἀλλά</strong></span> <span class='ocrx_word' id='word_1_662' title='bbox 3465 4097 3562 4150; x_wconf 77' lang='grc' dir='ltr'><strong>καὶ</strong></span> <span class='ocrx_word' id='word_1_663' title='bbox 3589 4095 3764 4167; x_wconf 77' lang='grc' dir='ltr'><strong>θυμοῦ</strong></span> 
     </span>
    </p>
   </div>
   <div class='ocr_carea' id='block_1_100' title="bbox 2189 4186 3768 4260">
    <p class='ocr_par' dir='ltr' id='par_1_100' title="bbox 2189 4186 3768 4260">
     <span class='ocr_line' id='line_1_100' title="bbox 2189 4186 3768 4260; baseline -0.001 -17"><span class='ocrx_word' id='word_1_664' title='bbox 2189 4191 2402 4260; x_wconf 78' lang='grc' dir='ltr'><strong>πλήρης</strong></span> <span class='ocrx_word' id='word_1_665' title='bbox 2441 4188 2649 4258; x_wconf 82' lang='grc' dir='ltr'><strong>ἐγίνετο</strong></span> <span class='ocrx_word' id='word_1_666' title='bbox 2700 4187 2794 4241; x_wconf 73' lang='grc' dir='ltr'><strong>καὶ</strong></span> <span class='ocrx_word' id='word_1_667' title='bbox 2853 4186 3032 4258; x_wconf 85' lang='grc' dir='ltr'><strong>λόχοις</strong></span> <span class='ocrx_word' id='word_1_668' title='bbox 3080 4187 3315 4242; x_wconf 78' lang='grc' dir='ltr'><strong>ὁπλιτῶν</strong></span> <span class='ocrx_word' id='word_1_669' title='bbox 3342 4204 3400 4240; x_wconf 89' lang='grc' dir='ltr'><strong>τε</strong></span> <span class='ocrx_word' id='word_1_670' title='bbox 3440 4187 3537 4240; x_wconf 74' lang='grc' dir='ltr'><strong>καὶ</strong></span> <span class='ocrx_word' id='word_1_671' title='bbox 3567 4187 3768 4242; x_wconf 80' lang='grc' dir='ltr'><strong>πελταο</strong></span> 
     </span>
    </p>
   </div>
   <div class='ocr_carea' id='block_1_101' title="bbox 2114 4279 3627 4376">
    <p class='ocr_par' dir='ltr' id='par_1_101' title="bbox 2114 4279 3627 4376">
     <span class='ocr_line' id='line_1_101' title="bbox 2114 4279 3627 4376; baseline 0.001 -41"><span class='ocrx_word' id='word_1_672' title='bbox 2114 4315 2167 4376; x_wconf 75' lang='lat' dir='ltr'><strong>D</strong></span> <span class='ocrx_word' id='word_1_673' title='bbox 2193 4282 2334 4336; x_wconf 87' lang='grc' dir='ltr'><strong>στῶν</strong></span> <span class='ocrx_word' id='word_1_674' title='bbox 2363 4283 2488 4342; x_wconf 71' lang='grc' dir='ltr'><strong>τοὺς</strong></span> <span class='ocrx_word' id='word_1_675' title='bbox 2510 4281 2997 4351; x_wconf 77' lang='grc' dir='ltr'><strong>ἐκκλησιαστικοὺς</strong></span> <span class='ocrx_word' id='word_1_676' title='bbox 3027 4279 3350 4350; x_wconf 82' lang='grc' dir='ltr'><strong>περιϐόλους</strong></span> <span class='ocrx_word' id='word_1_677' title='bbox 3373 4279 3627 4336; x_wconf 90' lang='grc' dir='ltr'><strong>ἐκύκλου.</strong></span> 
     </span>
    </p>
   </div>
   <div class='ocr_carea' id='block_1_102' title="bbox 2263 4372 3773 4444">
    <p class='ocr_par' dir='ltr' id='par_1_102' title="bbox 2263 4372 3773 4444">
     <span class='ocr_line' id='line_1_102' title="bbox 2263 4372 3773 4444; baseline 0.001 -17"><span class='ocrx_word' id='word_1_678' title='bbox 2263 4374 2366 4430; x_wconf 69' lang='lat' dir='ltr'><strong>ll&quot;.</strong></span> <span class='ocrx_word' id='word_1_679' title='bbox 2407 4372 2627 4444; x_wconf 79' lang='grc' dir='ltr'><strong>Ἐπειδὴ</strong></span> <span class='ocrx_word' id='word_1_680' title='bbox 2665 4373 2722 4426; x_wconf 81' lang='grc' dir='ltr'><strong>δέ</strong></span> <span class='ocrx_word' id='word_1_681' title='bbox 2757 4373 2848 4427; x_wconf 78' lang='grc' dir='ltr'><strong>τὸν</strong></span> <span class='ocrx_word' id='word_1_682' title='bbox 2886 4373 3145 4444; x_wconf 89' lang='grc' dir='ltr'><strong>μέγιστον</strong></span> <span class='ocrx_word' id='word_1_683' title='bbox 3167 4373 3378 4427; x_wconf 77' lang='grc' dir='ltr'><strong>ἐκεῖνον</strong></span> <span class='ocrx_word' id='word_1_684' title='bbox 3401 4373 3652 4440; x_wconf 82' lang='grc' dir='ltr'><strong>ἀριστέα,</strong></span> <span class='ocrx_word' id='word_1_685' title='bbox 3681 4373 3773 4428; x_wconf 73' lang='grc' dir='ltr'><strong>τὸν</strong></span> 
     </span>
    </p>
   </div>
   <div class='ocr_carea' id='block_1_103' title="bbox 2193 4465 3771 4538">
    <p class='ocr_par' dir='ltr' id='par_1_103' title="bbox 2193 4465 3771 4538">
     <span class='ocr_line' id='line_1_103' title="bbox 2193 4465 3771 4538; baseline -0.001 -16"><span class='ocrx_word' id='word_1_686' title='bbox 2193 4469 2338 4522; x_wconf 83' lang='grc' dir='ltr'><strong>θεῖον</strong></span> <span class='ocrx_word' id='word_1_687' title='bbox 2393 4466 2740 4538; x_wconf 81' lang='grc' dir='ltr'><strong>Ἀμϐρόσιον,</strong></span> <span class='ocrx_word' id='word_1_688' title='bbox 2777 4466 2932 4521; x_wconf 70' lang='grc' dir='ltr'><strong>οὐδὲν</strong></span> <span class='ocrx_word' id='word_1_689' title='bbox 2962 4467 3197 4536; x_wconf 87' lang='grc' dir='ltr'><strong>ἐφόϐησε</strong></span> <span class='ocrx_word' id='word_1_690' title='bbox 3231 4466 3341 4520; x_wconf 85' lang='grc' dir='ltr'><strong>τῶν</strong></span> <span class='ocrx_word' id='word_1_691' title='bbox 3373 4465 3465 4520; x_wconf 81' lang='grc' dir='ltr'><strong>ὑπ’</strong></span> <span class='ocrx_word' id='word_1_692' title='bbox 3489 4466 3655 4520; x_wconf 75' lang='grc' dir='ltr'><strong>αὑτοῦ</strong></span> <span class='ocrx_word' id='word_1_693' title='bbox 3684 4483 3771 4535; x_wconf 84' lang='grc' dir='ltr'><strong>γι·</strong></span> 
     </span>
    </p>
   </div>
   <div class='ocr_carea' id='block_1_104' title="bbox 2191 4555 3770 4630">
    <p class='ocr_par' dir='ltr' id='par_1_104' title="bbox 2191 4555 3770 4630">
     <span class='ocr_line' id='line_1_104' title="bbox 2191 4555 3770 4630; baseline -0.003 -17"><span class='ocrx_word' id='word_1_694' title='bbox 2191 4559 2436 4630; x_wconf 87' lang='grc' dir='ltr'><strong>νομένων</strong></span> <span class='ocrx_word' id='word_1_695' title='bbox 2481 4555 2880 4629; x_wconf 83' lang='grc' dir='ltr'><strong>(μορμολύκεια</strong></span> <span class='ocrx_word' id='word_1_696' title='bbox 2915 4556 3024 4627; x_wconf 90' lang='grc' dir='ltr'><strong>γάρ</strong></span> <span class='ocrx_word' id='word_1_697' title='bbox 3077 4555 3315 4610; x_wconf 87' lang='grc' dir='ltr'><strong>ὑπέλαϐε</strong></span> <span class='ocrx_word' id='word_1_698' title='bbox 3356 4555 3532 4610; x_wconf 79' lang='grc' dir='ltr'><strong>ταῦτα</strong></span> <span class='ocrx_word' id='word_1_699' title='bbox 3576 4572 3770 4628; x_wconf 82' lang='grc' dir='ltr'><strong>μειρα-</strong></span> 
     </span>
    </p>
   </div>
   <div class='ocr_carea' id='block_1_105' title="bbox 2193 4648 3762 4721">
    <p class='ocr_par' dir='ltr' id='par_1_105' title="bbox 2193 4648 3762 4721">
     <span class='ocr_line' id='line_1_105' title="bbox 2193 4648 3762 4721; baseline -0.003 -15"><span class='ocrx_word' id='word_1_700' title='bbox 2193 4650 2433 4715; x_wconf 85' lang='grc' dir='ltr'><strong>κυλλίοις</strong></span> <span class='ocrx_word' id='word_1_701' title='bbox 2465 4651 2570 4703; x_wconf 84' lang='grc' dir='ltr'><strong>ὑπό</strong></span> <span class='ocrx_word' id='word_1_702' title='bbox 2598 4667 2760 4704; x_wconf 87' lang='grc' dir='ltr'><strong>τινων</strong></span> <span class='ocrx_word' id='word_1_703' title='bbox 2794 4649 3270 4721; x_wconf 82' lang='grc' dir='ltr'><strong>προσφερόμενα)·</strong></span> <span class='ocrx_word' id='word_1_704' title='bbox 3293 4648 3496 4719; x_wconf 78' lang='grc' dir='ltr'><strong>τότεδὴ</strong></span> <span class='ocrx_word' id='word_1_705' title='bbox 3526 4649 3762 4719; x_wconf 65' lang='grc' dir='ltr'><strong>χαλεπήν</strong></span> 
     </span>
    </p>
   </div>
   <div class='ocr_carea' id='block_1_106' title="bbox 2193 4740 3769 4814">
    <p class='ocr_par' dir='ltr' id='par_1_106' title="bbox 2193 4740 3769 4814">
     <span class='ocr_line' id='line_1_106' title="bbox 2193 4740 3769 4814; baseline -0.003 -17"><span class='ocrx_word' id='word_1_706' title='bbox 2193 4761 2288 4805; x_wconf 88' lang='grc' dir='ltr'><strong>νας</strong></span> <span class='ocrx_word' id='word_1_707' title='bbox 2317 4741 2632 4814; x_wconf 67' lang='grc' dir='ltr'><strong>προφανῶο,</strong></span> <span class='ocrx_word' id='word_1_708' title='bbox 2664 4741 2827 4796; x_wconf 78' lang='grc' dir='ltr'><strong>αὐτὸν</strong></span> <span class='ocrx_word' id='word_1_709' title='bbox 2861 4742 3116 4795; x_wconf 87' lang='grc' dir='ltr'><strong>ἐκέλευσε</strong></span> <span class='ocrx_word' id='word_1_710' title='bbox 3143 4740 3252 4794; x_wconf 83' lang='grc' dir='ltr'><strong>τῶν</strong></span> <span class='ocrx_word' id='word_1_711' title='bbox 3279 4741 3442 4812; x_wconf 82' lang='grc' dir='ltr'><strong>ιερῶν</strong></span> <span class='ocrx_word' id='word_1_712' title='bbox 3475 4741 3580 4808; x_wconf 72' lang='grc' dir='ltr'><strong>ἔξω</strong></span> <span class='ocrx_word' id='word_1_713' title='bbox 3608 4741 3769 4810; x_wconf 79' lang='grc' dir='ltr'><strong>βῆναι</strong></span> 
     </span>
    </p>
   </div>
   <div class='ocr_carea' id='block_1_107' title="bbox 2195 4833 3768 4908">
    <p class='ocr_par' dir='ltr' id='par_1_107' title="bbox 2195 4833 3768 4908">
     <span class='ocr_line' id='line_1_107' title="bbox 2195 4833 3768 4908; baseline -0.003 -18"><span class='ocrx_word' id='word_1_714' title='bbox 2195 4835 2506 4908; x_wconf 88' lang='grc' dir='ltr'><strong>προθύρων.</strong></span> <span class='ocrx_word' id='word_1_715' title='bbox 2545 4835 2604 4889; x_wconf 85' lang='lat'><strong>&#39;0</strong></span> <span class='ocrx_word' id='word_1_716' title='bbox 2629 4834 2711 4900; x_wconf 81' lang='grc' dir='ltr'><strong>δέ,</strong></span> <span class='ocrx_word' id='word_1_717' title='bbox 2759 4834 2930 4888; x_wconf 84' lang='grc' dir='ltr'><strong>Ἐκὼν</strong></span> <span class='ocrx_word' id='word_1_718' title='bbox 2963 4835 3079 4905; x_wconf 81' lang='grc' dir='ltr'><strong>μὲν,</strong></span> <span class='ocrx_word' id='word_1_719' title='bbox 3105 4835 3232 4907; x_wconf 78' lang='grc' dir='ltr'><strong>εφη,</strong></span> <span class='ocrx_word' id='word_1_720' title='bbox 3264 4833 3421 4888; x_wconf 82' lang='grc' dir='ltr'><strong>τοῦτο</strong></span> <span class='ocrx_word' id='word_1_721' title='bbox 3470 4835 3532 4887; x_wconf 87' lang='grc' dir='ltr'><strong>ού</strong></span> <span class='ocrx_word' id='word_1_722' title='bbox 3563 4835 3768 4906; x_wconf 77' lang='grc' dir='ltr'><strong>δράσω,</strong></span> 
     </span>
    </p>
   </div>
   <div class='ocr_carea' id='block_1_108' title="bbox 2193 4924 3766 4998">
    <p class='ocr_par' dir='ltr' id='par_1_108' title="bbox 2193 4924 3766 4998">
     <span class='ocr_line' id='line_1_108' title="bbox 2193 4924 3766 4998; baseline -0.002 -18"><span class='ocrx_word' id='word_1_723' title='bbox 2193 4929 2314 4981; x_wconf 81' lang='grc' dir='ltr'><strong>οὺδέ</strong></span> <span class='ocrx_word' id='word_1_724' title='bbox 2342 4927 2610 4998; x_wconf 84' lang='grc' dir='ltr'><strong>προδώσω</strong></span> <span class='ocrx_word' id='word_1_725' title='bbox 2642 4929 2755 4992; x_wconf 78' lang='grc' dir='ltr'><strong>τοῖς</strong></span> <span class='ocrx_word' id='word_1_726' title='bbox 2783 4927 2968 4990; x_wconf 80' lang='grc' dir='ltr'><strong>λύκοις</strong></span> <span class='ocrx_word' id='word_1_727' title='bbox 2999 4928 3090 4981; x_wconf 77' lang='grc' dir='ltr'><strong>τὸν</strong></span> <span class='ocrx_word' id='word_1_728' title='bbox 3114 4926 3223 4980; x_wconf 87' lang='grc' dir='ltr'><strong>τῶν</strong></span> <span class='ocrx_word' id='word_1_729' title='bbox 3263 4924 3552 4998; x_wconf 77' lang='grc' dir='ltr'><strong>προϐάτων</strong></span> <span class='ocrx_word' id='word_1_730' title='bbox 3578 4925 3766 4997; x_wconf 80' lang='grc' dir='ltr'><strong>σηκὸν,</strong></span> 
     </span>
    </p>
   </div>
   <div class='ocr_carea' id='block_1_109' title="bbox 2192 5019 3768 5090">
    <p class='ocr_par' dir='ltr' id='par_1_109' title="bbox 2192 5019 3768 5090">
     <span class='ocr_line' id='line_1_109' title="bbox 2192 5019 3768 5090; baseline -0.001 -16"><span class='ocrx_word' id='word_1_731' title='bbox 2192 5022 2313 5075; x_wconf 75' lang='grc' dir='ltr'><strong>οὐδὲ</strong></span> <span class='ocrx_word' id='word_1_732' title='bbox 2331 5023 2445 5085; x_wconf 84' lang='grc' dir='ltr'><strong>τοῖς</strong></span> <span class='ocrx_word' id='word_1_733' title='bbox 2476 5019 2860 5090; x_wconf 81' lang='grc' dir='ltr'><strong>βλασφημοῦσι</strong></span> <span class='ocrx_word' id='word_1_734' title='bbox 2891 5020 2980 5074; x_wconf 79' lang='grc' dir='ltr'><strong>τὸν</strong></span> <span class='ocrx_word' id='word_1_735' title='bbox 3007 5019 3147 5074; x_wconf 81' lang='grc' dir='ltr'><strong>θεῖον</strong></span> <span class='ocrx_word' id='word_1_736' title='bbox 3179 5019 3582 5090; x_wconf 86' lang='grc' dir='ltr'><strong>παραδώσομεν</strong></span> <span class='ocrx_word' id='word_1_737' title='bbox 3609 5020 3768 5072; x_wconf 86' lang='grc' dir='ltr'><strong>νεών·</strong></span> 
     </span>
    </p>
   </div>
   <div class='ocr_carea' id='block_1_110' title="bbox 2189 5107 3770 5178">
    <p class='ocr_par' dir='ltr' id='par_1_110' title="bbox 2189 5107 3770 5178">
     <span class='ocr_line' id='line_1_110' title="bbox 2189 5107 3770 5178; baseline -0.003 -12"><span class='ocrx_word' id='word_1_738' title='bbox 2189 5113 2302 5167; x_wconf 81' lang='grc' dir='ltr'><strong>ἀλλ’</strong></span> <span class='ocrx_word' id='word_1_739' title='bbox 2331 5113 2384 5166; x_wconf 87' lang='grc' dir='ltr'><strong>εῐ</strong></span> <span class='ocrx_word' id='word_1_740' title='bbox 2411 5129 2493 5164; x_wconf 90' lang='grc' dir='ltr'><strong>σοι</strong></span> <span class='ocrx_word' id='word_1_741' title='bbox 2536 5113 2746 5164; x_wconf 82' lang='grc' dir='ltr'><strong>κτεῖναι</strong></span> <span class='ocrx_word' id='word_1_742' title='bbox 2776 5109 2943 5173; x_wconf 78' lang='grc' dir='ltr'><strong>δοκεῖ,</strong></span> <span class='ocrx_word' id='word_1_743' title='bbox 2983 5108 3134 5163; x_wconf 78' lang='grc' dir='ltr'><strong>ἔνδον</strong></span> <span class='ocrx_word' id='word_1_744' title='bbox 3167 5108 3464 5177; x_wconf 84' lang='grc' dir='ltr'><strong>ἐπένεγκαί</strong></span> <span class='ocrx_word' id='word_1_745' title='bbox 3487 5125 3576 5178; x_wconf 88' lang='grc' dir='ltr'><strong>μοι</strong></span> <span class='ocrx_word' id='word_1_746' title='bbox 3609 5107 3670 5161; x_wconf 76' lang='grc' dir='ltr'><strong>τὸ</strong></span> <span class='ocrx_word' id='word_1_747' title='bbox 3693 5107 3770 5172; x_wconf 78' lang='grc' dir='ltr'><strong>ξί-</strong></span> 
     </span>
    </p>
   </div>
   <div class='ocr_carea' id='block_1_111' title="bbox 2191 5199 3763 5275">
    <p class='ocr_par' dir='ltr' id='par_1_111' title="bbox 2191 5199 3763 5275">
     <span class='ocr_line' id='line_1_111' title="bbox 2191 5199 3763 5275; baseline -0.003 -18"><span class='ocrx_word' id='word_1_748' title='bbox 2191 5221 2290 5275; x_wconf 86' lang='grc' dir='ltr'><strong>φος</strong></span> <span class='ocrx_word' id='word_1_749' title='bbox 2347 5203 2380 5275; x_wconf 76' lang='grc' dir='ltr'>ἢ</span> <span class='ocrx_word' id='word_1_750' title='bbox 2439 5202 2538 5270; x_wconf 78' lang='grc' dir='ltr'><strong>τὴν</strong></span> <span class='ocrx_word' id='word_1_751' title='bbox 2596 5201 2816 5272; x_wconf 79' lang='grc' dir='ltr'><strong>ἀξίνην·</strong></span> <span class='ocrx_word' id='word_1_752' title='bbox 2874 5200 3164 5266; x_wconf 80' lang='grc' dir='ltr'><strong>ἀσπασίως</strong></span> <span class='ocrx_word' id='word_1_753' title='bbox 3232 5201 3341 5272; x_wconf 85' lang='grc' dir='ltr'><strong>γὰρ</strong></span> <span class='ocrx_word' id='word_1_754' title='bbox 3382 5200 3607 5270; x_wconf 75' lang='grc' dir='ltr'><strong>δέξομαι</strong></span> <span class='ocrx_word' id='word_1_755' title='bbox 3663 5199 3763 5270; x_wconf 82' lang='grc' dir='ltr'><strong>τὴν</strong></span> 
     </span>
    </p>
   </div>
   <div class='ocr_carea' id='block_1_112' title="bbox 2187 5292 3770 5367">
    <p class='ocr_par' dir='ltr' id='par_1_112' title="bbox 2187 5292 3770 5367">
     <span class='ocr_line' id='line_1_112' title="bbox 2187 5292 3770 5367; baseline -0.003 -16"><span class='ocrx_word' id='word_1_756' title='bbox 2187 5297 2444 5367; x_wconf 81' lang='grc' dir='ltr'><strong>τοιαύτην</strong></span> <span class='ocrx_word' id='word_1_757' title='bbox 2482 5295 2720 5366; x_wconf 75' lang='grc' dir='ltr'><strong>σφαγήν.</strong></span> <span class='ocrx_word' id='word_1_758' title='bbox 2779 5294 2891 5348; x_wconf 78' lang='grc' dir='ltr'><strong>Καὶ</strong></span> <span class='ocrx_word' id='word_1_759' title='bbox 2919 5294 3094 5348; x_wconf 79' lang='grc' dir='ltr'><strong>ταῦτα</strong></span> <span class='ocrx_word' id='word_1_760' title='bbox 3148 5294 3246 5366; x_wconf 85' lang='grc' dir='ltr'><strong>μὲν</strong></span> <span class='ocrx_word' id='word_1_761' title='bbox 3275 5294 3303 5348; x_wconf 83' lang='grc' dir='ltr'><strong>ό</strong></span> <span class='ocrx_word' id='word_1_762' title='bbox 3334 5292 3480 5357; x_wconf 78' lang='grc' dir='ltr'><strong>θεῖος</strong></span> <span class='ocrx_word' id='word_1_763' title='bbox 3532 5292 3770 5365; x_wconf 72' lang='grc' dir='ltr'><strong>’Λμϐρόο</strong></span> 
     </span>
    </p>
   </div>
   <div class='ocr_carea' id='block_1_113' title="bbox 2191 5404 2328 5452">
    <p class='ocr_par' dir='ltr' id='par_1_113' title="bbox 2191 5404 2328 5452">
     <span class='ocr_line' id='line_1_113' title="bbox 2191 5404 2328 5452; baseline 0.007 -11"><span class='ocrx_word' id='word_1_764' title='bbox 2191 5404 2328 5452; x_wconf 91' lang='grc' dir='ltr'><strong>σιος.</strong></span> 
     </span>
    </p>
   </div>
   <div class='ocr_carea' id='block_1_114' title="bbox 2260 5476 3769 5554">
    <p class='ocr_par' dir='ltr' id='par_1_114' title="bbox 2260 5476 3769 5554">
     <span class='ocr_line' id='line_1_114' title="bbox 2260 5476 3769 5554; baseline -0.004 -20"><span class='ocrx_word' id='word_1_765' title='bbox 2260 5480 2358 5535; x_wconf 85' lang='grc' dir='ltr'><strong>1Δ’.</strong></span> <span class='ocrx_word' id='word_1_766' title='bbox 2385 5481 2594 5553; x_wconf 90' lang='grc' dir='ltr'><strong>Χρόνου</strong></span> <span class='ocrx_word' id='word_1_767' title='bbox 2623 5481 2677 5535; x_wconf 86' lang='grc' dir='ltr'><strong>δέ</strong></span> <span class='ocrx_word' id='word_1_768' title='bbox 2712 5480 2912 5554; x_wconf 80' lang='grc' dir='ltr'><strong>συχνοῦ</strong></span> <span class='ocrx_word' id='word_1_769' title='bbox 2964 5479 3286 5553; x_wconf 84' lang='grc' dir='ltr'><strong>τριϐομένου</strong></span> <span class='ocrx_word' id='word_1_770' title='bbox 3333 5476 3625 5549; x_wconf 77' lang='grc' dir='ltr'><strong>μεμάθηκε</strong></span> <span class='ocrx_word' id='word_1_771' title='bbox 3668 5476 3769 5546; x_wconf 82' lang='grc' dir='ltr'><strong>μέν</strong></span> 
     </span>
    </p>
   </div>
   <div class='ocr_carea' id='block_1_115' title="bbox 2188 5570 3769 5646">
    <p class='ocr_par' dir='ltr' id='par_1_115' title="bbox 2188 5570 3769 5646">
     <span class='ocr_line' id='line_1_115' title="bbox 2188 5570 3769 5646; baseline -0.003 -20"><span class='ocrx_word' id='word_1_772' title='bbox 2188 5573 2216 5626; x_wconf 86' lang='grc' dir='ltr'>ὀ</span> <span class='ocrx_word' id='word_1_773' title='bbox 2241 5575 2494 5645; x_wconf 78' lang='grc' dir='ltr'><strong>Μάξιμος</strong></span> <span class='ocrx_word' id='word_1_774' title='bbox 2525 5577 2592 5629; x_wconf 81' lang='grc' dir='ltr'><strong>τὰ</strong></span> <span class='ocrx_word' id='word_1_775' title='bbox 2627 5574 2770 5630; x_wconf 89' lang='grc' dir='ltr'><strong>κατά</strong></span> <span class='ocrx_word' id='word_1_776' title='bbox 2797 5578 2892 5629; x_wconf 85' lang='grc' dir='ltr'><strong>τοῦ</strong></span> <span class='ocrx_word' id='word_1_777' title='bbox 2945 5571 3338 5646; x_wconf 79' lang='grc' dir='ltr'><strong>μεγαλοφώνου</strong></span> <span class='ocrx_word' id='word_1_778' title='bbox 3377 5572 3618 5642; x_wconf 69' lang='grc' dir='ltr'><strong>κήρυκος</strong></span> <span class='ocrx_word' id='word_1_779' title='bbox 3670 5570 3769 5637; x_wconf 81' lang='grc' dir='ltr'><strong>τῆς</strong></span> 
     </span>
    </p>
   </div>
   <div class='ocr_carea' id='block_1_116' title="bbox 2187 5663 3771 5739">
    <p class='ocr_par' dir='ltr' id='par_1_116' title="bbox 2187 5663 3771 5739">
     <span class='ocr_line' id='line_1_116' title="bbox 2187 5663 3771 5739; baseline -0.009 -14"><span class='ocrx_word' id='word_1_780' title='bbox 2187 5667 2444 5739; x_wconf 81' lang='grc' dir='ltr'><strong>ἀληθείας</strong></span> <span class='ocrx_word' id='word_1_781' title='bbox 2475 5667 2804 5739; x_wconf 86' lang='grc' dir='ltr'><strong>τολμώμενα</strong></span> <span class='ocrx_word' id='word_1_782' title='bbox 2825 5683 2838 5698; x_wconf 84' lang='grc'><strong>·</strong></span> <span class='ocrx_word' id='word_1_783' title='bbox 2874 5666 3155 5721; x_wconf 83' lang='grc' dir='ltr'><strong>ἐπέστειλε</strong></span> <span class='ocrx_word' id='word_1_784' title='bbox 3185 5666 3240 5720; x_wconf 83' lang='grc' dir='ltr'><strong>δέ</strong></span> <span class='ocrx_word' id='word_1_785' title='bbox 3265 5663 3342 5735; x_wconf 76' lang='grc' dir='ltr'><strong>τῷ</strong></span> <span class='ocrx_word' id='word_1_786' title='bbox 3379 5663 3771 5718; x_wconf 84' lang='grc' dir='ltr'><strong>Οὐαλεντινια-</strong></span> 
     </span>
    </p>
   </div>
   <div class='ocr_carea' id='block_1_117' title="bbox 2188 5757 3766 5832">
    <p class='ocr_par' dir='ltr' id='par_1_117' title="bbox 2188 5757 3766 5832">
     <span class='ocr_line' id='line_1_117' title="bbox 2188 5757 3766 5832; baseline -0.006 -16"><span class='ocrx_word' id='word_1_787' title='bbox 2188 5758 2284 5823; x_wconf 65' lang='lat' dir='ltr'><strong>vii).</strong></span> <span class='ocrx_word' id='word_1_788' title='bbox 2304 5761 2396 5816; x_wconf 79' lang='grc' dir='ltr'><strong>τὸν</strong></span> <span class='ocrx_word' id='word_1_789' title='bbox 2427 5760 2569 5815; x_wconf 83' lang='grc' dir='ltr'><strong>κατά</strong></span> <span class='ocrx_word' id='word_1_790' title='bbox 2589 5761 2696 5832; x_wconf 80' lang='grc' dir='ltr'><strong>τῆς</strong></span> <span class='ocrx_word' id='word_1_791' title='bbox 2719 5760 3006 5825; x_wconf 79' lang='grc' dir='ltr'><strong>εὐσεϐείας</strong></span> <span class='ocrx_word' id='word_1_792' title='bbox 3028 5761 3263 5831; x_wconf 80' lang='grc' dir='ltr'><strong>πόλεμον</strong></span> <span class='ocrx_word' id='word_1_793' title='bbox 3291 5757 3592 5821; x_wconf 79' lang='grc' dir='ltr'><strong>καταλῦσαι</strong></span> <span class='ocrx_word' id='word_1_794' title='bbox 3625 5768 3766 5831; x_wconf 72' lang='grc' dir='ltr'><strong>παρ·</strong></span> 
     </span>
    </p>
   </div>
  </div>
