4142 6384
373 323 484 385 εει
1659 312 1836 374 VITA
1883 313 1942 371 S.
1984 307 2381 372 AMBROSll.
3547 307 3652 363 87h

363 431 603 502 ε;γυιῖ›··,
673 428 770 484 καὶ
819 426 1106 498 παραινῶν
1141 424 1218 495 μὴ
1255 422 1520 494 προέσθαι
1562 423 1665 494 τὴν
1696 421 1980 492 πατρῴαν·

2082 419 2330 488 pietatem
2362 418 2534 489 ipsam
2564 423 2824 485 suscepto
2846 412 3132 470 discedere
3167 425 3440 477 moueret,
3464 413 3656 469 horta-

367 525 689 582 εὐσέϐειαν·
737 519 1132 591 προστέθεικεν
1183 518 1239 570 δὲ
1287 517 1386 570 καὶ
1441 515 1537 570 τοῦ
1569 517 1806 586 πολέμου
1855 515 1954 586 τὴν

2082 521 2322 582 ἐιυιηιιο
2377 519 2664 581 paternam
2700 524 2768 565 ne
2821 507 3091 577 abiiceret
3151 507 3494 577 religionem.
3535 507 3653 562 Nisi

367 616 624 687 ἀπειλὴν,
668 616 716 668 εί
750 613 826 684 μὴ
856 612 1098 666 πείθοιτο
1119 627 1133 642 ο
1181 610 1278 665 καὶ
1337 609 1524 678 μέντοι
1574 611 1672 663 καὶ
1702 610 1764 662 τὸ
1793 608 1957 678 ἔργον

2082 613 2245 658 intem
2292 619 2504 658 morem
2540 608 2781 672 gereret,
2808 599 3198 670 gravissimum
3231 598 3408 654 eidem
3441 598 3654 652 bellum

367 715 482 774 τοῖς
516 710 697 777 λόγοις
751 705 1044 772 ἐπέθηκεν.
1100 705 1214 773 Τὴν
1269 705 1380 771 γὰρ
1417 703 1683 772 στρατιὰν
1727 703 1958 771 ἀγείρας

369 807 468 858 ἐπὶ
499 802 598 874 τὴν
644 799 988 855 Μεδιολάνων
1021 798 1310 868 ὥρμησεν,
1348 796 1476 849 ἔνθα
1507 798 1716 857 ἐκεῖνος
1747 796 1956 864 διῆγεν.

385 897 446 951 '0
472 897 531 949 δὲ
571 891 759 963 μαθὼν
794 892 892 962 τὴν
916 891 1107 961 ἔφοδον
1161 892 1242 953 είς
1283 889 1571 959 Ἰλλυριοὺς
1602 889 1778 958 ᾣχετο
1827 887 1960 956 φεύ-

373 1004 512 1056 γων,
536 989 599 1054 τῇ
624 983 788 1054 πείρα
816 982 1005 1052 μαθὼν
1025 981 1186 1034 τίνων
1212 983 1277 1034 ὲκ
1291 981 1392 1049 τῆς
1425 979 1687 1051 μητρῴας
1710 979 1963 1030 ἀπώνατο

377 1079 720 1151 συμϐουλῆς.
1097 1084 1102 1089 ’

448 1263 550 1315 IE'.
587 1258 900 1326 Πυθόμενος
925 1256 982 1308 δὲ
1021 1254 1306 1316 Θεοδόσιος
1337 1255 1367 1306 6
1421 1253 1782 1324 πανεύφημος
1811 1254 1968 1323 βασι..

376 1355 505 1418 λεὺς
535 1353 604 1406 τά
644 1352 794 1421 παρά
829 1349 924 1403 τοῦ
979 1347 1104 1400 νέου
1157 1347 1608 1400 Οὑαλεντινιανοῦ
1652 1347 1968 1416 πραχθέντα

378 1445 475 1498 καὶ
499 1443 566 1496 τὰ
581 1440 727 1512 παρὰ
757 1439 1010 1508 Μαξίμου
1027 1437 1120 1490 τοῦ
1138 1437 1402 1505 τυράννου
1428 1437 1731 1506 γραφέντα,
1761 1436 1968 1505 ἔγραψε

380 1535 459 1606 τῷ
493 1535 788 1604 πεφευγότι
829 1533 934 1600 νέῳ
974 1530 1048 1601 μὴ
1075 1531 1275 1598 χρῆναι
1332 1529 1635 1596 θαυμάζειν
1679 1531 1726 1581 εί
1771 1530 1845 1598 τῷ
1877 1529 1971 1594 βα-

381 1625 520 1679 σιλεί
545 1625 607 1676 τὸ
631 1623 774 1688 δέος,
799 1621 876 1691 τῷ
903 1621 959 1674 δὲ
985 1621 1234 1689 τυράννῳ
1265 1618 1325 1672 τὸ
1358 1619 1558 1689 κράτος
1579 1619 1931 1682 συνέζευκται
1955 1635 1968 1648 ο

2059 694 2447 759 minitabatur,
2483 703 2538 748 et
2568 711 2626 748 re
2662 695 2888 763 quidem
2920 695 3037 762 ipsa
3069 693 3304 745 collecto
3353 692 3610 745 exercitu
3639 730 3653 752 ,

2064 787 2442 841 Mediolanum
2499 801 2696 840 versus
2746 785 3057 854 promovit;
3109 784 3250 837 hanc
3285 784 3432 836 enim
3470 784 3654 836 sedem

2065 878 2488 932 Valentinianus
2511 879 2754 947 elegerat
2780 879 2846 931 ad
2871 877 3255 931 habitandum.
3285 874 3384 929 Hic
3414 891 3544 928 vero
3583 875 3652 927 ir-

2067 974 2383 1039 ruptionem
2411 973 2530 1040 ejus
2564 986 2690 1024 cum
2713 971 3042 1031 accepisset,
3082 970 3134 1023 in
3169 969 3408 1039 Illyrium
3442 969 3566 1036 luga
3598 981 3652 1021 se

2068 1065 2327 1126 contulit,
2371 1065 2477 1117 hac
2510 1065 2630 1132 ipsa
2667 1064 3009 1134 experientia
3049 1071 3394 1132 compertum
3425 1061 3652 1124 habens,

2069 1168 2336 1228 quantum
2381 1167 2626 1211 materna
2659 1157 2888 1212 consilia
2921 1157 3022 1225 ipsi
3065 1156 3410 1222 prodessent.

2144 1248 2260 1302 XV.
2295 1248 2364 1302 At
2387 1248 2691 1316 imperator
2716 1247 3064 1300 Theodosius
3091 1246 3182 1299 ubi
3206 1261 3309 1298 rest
3333 1245 3432 1297 ivit
3461 1253 3514 1296 et
3539 1256 3654 1312 qua

2073 1340 2344 1394 Maximus
2383 1340 2950 1410 adversnsjuniorem
2984 1339 3428 1392 Valentinianum
3466 1335 3654 1390 molle-

2054 1431 2237 1484 hatur
2257 1475 2270 1495 ,
2292 1441 2348 1486 et
2369 1447 2561 1485 rursus
2589 1447 2842 1500 quamam
2886 1431 2950 1484 ad
2986 1447 3111 1484 cum
3140 1431 3284 1484 idem
3323 1429 3655 1496 scripsisset,

2074 1523 2279 1578 litteris
2333 1524 2608 1592 significat
2647 1524 2837 1594 juveni
2905 1524 3133 1593 fugienti
3177 1541 3284 1577 non
3314 1538 3438 1577 esse
3509 1520 3656 1590 quod

2076 1617 2200 1685 quis
2250 1616 2650 1680 admiraretur,
2707 1617 2750 1671 si
2817 1619 2928 1687 regi
2965 1619 3165 1681 timor,
3212 1627 3446 1686 tyranno
3489 1615 3655 1668 robur

380 1721 450 1788 τῇ
495 1717 604 1786 γὰρ
634 1715 891 1784 εὐσεϐείᾳ
943 1713 1298 1782 πεπολέμηκε
1331 1711 1432 1782 μὲν
1477 1714 1505 1764 6
1539 1711 1816 1781 βασιλεὺς,
1852 1713 1880 1764 ό
1915 1711 1971 1764 δὲ

2082 1708 2408 1776 coniunctus
2433 1717 2621 1763 esset.
2653 1709 2787 1762 Nam
2825 1711 3042 1779 pietati,
3088 1711 3288 1780 inquit,
3331 1726 3422 1764 rex
3456 1709 3656 1762 bellum

385 1807 651 1879 τύραννος
690 1801 1065 1873 ἐπεκούρησεν
1095 1819 1110 1833 ο
1134 1803 1232 1855 καὶ.
1252 1802 1280 1851 ὁ
1304 1801 1403 1872 μὲν
1431 1803 1638 1872 ταύτην
1670 1805 1974 1872 προέμενος

385 1898 777 1967 ἀποδιδράσκει
836 1896 1044 1965 γυμνὸς
1071 1937 1085 1961 ,
1127 1896 1155 1947 6
1209 1896 1266 1948 δὲ
1295 1895 1470 1965 ταύτῃ
1520 1895 1974 1965 καθωπλισμένος

383 1991 482 2046 τοῦ
510 1990 940 2061 γεγυμνωμένου
972 1991 1210 2058 κρατείι
1259 1992 1324 2060 τῇ
1358 1989 1468 2060 γὰρ
1519 1991 1775 2062 εὐσεϐείᾳ
1812 1993 1905 2046 καὶ
1947 1991 1974 2043 6

385 2086 593 2153 ταύτης
631 2084 850 2136 σύνεστι
877 2081 1197 2151 νομοθέτης.

460 2176 579 2243 ις’.
609 2175 794 2228 Ταῦτα
831 2174 931 2244 μὲν
963 2174 1060 2228 οὖν
1088 2176 1280 2245 πόρρω
1312 2174 1388 2228 ὢν
1420 2175 1739 2230 ἐπέστειλεν
1761 2192 1776 2208 °
1824 2175 1976 2229 ιπειη

384 2270 452 2342 δὴ
489 2269 544 2322 δὲ
570 2269 666 2340 τὴν
692 2269 873 2338 φυγὴν
905 2266 1244 2338 μεμαθηκὼς
1263 2269 1342 2331 είς
1371 2269 1694 2336 ἐπικουρίαν
1722 2269 1974 2337 ἀφίκετο,

386 2361 484 2416 καὶ
511 2360 609 2430 τὴν
647 2361 745 2430 μὲν
782 2359 989 2411 οἰκείαν
1021 2359 1456 2412 καταλελοιπότα
1489 2359 1788 2429 βασιλείαν,
1815 2361 1895 2422 είς
1917 2361 1976 2414 δὲ

382 2452 485 2523 τὴν
537 2450 706 2504 αὐτοῦ
759 2450 1206 2522 παραγενόμενον
1266 2447 1443 2504 εἶδεν⁸
1495 2451 1712 2522 πρῶτον
1762 2451 1860 2520 μὲν
1907 2453 1972 2522 τῇ

385 2541 532 2612 ψυχῇ
556 2539 656 2610 τὴν
679 2540 981 2609 θεραπείαν
1003 2542 1374 2610 προσήνεγκε,
1405 2540 1500 2594 καὶ
1528 2541 1629 2612 τήν
1654 2542 1977 2610 ἐπιγενομέ-

387 2649 486 2702 νην
515 2632 614 2701 τῆς
646 2632 906 2695 ἀσεϐείας
967 2633 1195 2701 ἐξήλασε
1241 2632 1396 2687 νόσον
1418 2670 1434 2694 ,
1469 2633 1568 2687 καὶ
1616 2633 1699 2695 είς
1735 2632 1836 2702 τὴν
1867 2649 1976 2684 πα-

387 2725 570 2796 τρῴαν
609 2724 896 2776 εὐσέϐειαν
923 2723 1276 2791 ἐπανήγαγεν
1303 2738 1318 2755 ο
1350 2721 1469 2778 εἶτα
1505 2725 1729 2795 θαρρεῖν
1753 2713 1975 2795 ’παρεγ-

389 2815 604 2883 γυήσας
660 2813 754 2864 καὶ
803 2812 945 2865 κατά
996 2811 1090 2864 τοῦ
1134 2813 1400 2881 τυράννου
1449 2813 1789 2880 στρατεύσας
1819 2816 1979 2868 ἀναι-

395 2905 538 2976 μωτὶ
580 2903 680 2972 μὲν
720 2901 798 2972 τῷ
829 2903 932 2972 νέῳ
966 2902 1064 2973 τήν
1115 2902 1395 2972 βασιλείαν
1437 2903 1743 2971 παρέδωκε,
1791 2905 1884 2958 τδν
1919 2906 1976 2960 δὲ

390 2997 652 3065 τύραννον
709 2993 1061 3048 ἀπέκτεινεν
1125 2995 1330 3047 ἀδικεῖν
1389 2995 1499 3064 γὰρ
1557 2996 1826 3063 ὑπέλαϐε,
1879 3001 1976 3050 καὶ

2078 1799 2290 1863 intulit,
2327 1808 2595 1870 tyrannus
2645 1815 2776 1853 vero
2806 1801 3106 1854 auxiliatus
3147 1811 3230 1854 est
3276 1817 3288 1852 :
3327 1808 3381 1852 et
3424 1799 3514 1852 ille
3545 1795 3657 1866 qui-

2078 1893 2202 1946 dem
2236 1891 2411 1960 ipsam
2446 1892 2747 1954 deserens,
2795 1894 2981 1946 nudus
3014 1892 3230 1962 aufugit
3261 1909 3274 1945 :
3311 1893 3399 1944 hic
3445 1906 3475 1944 e
3531 1905 3658 1943 con-

2081 1983 2253 2037 trario
2289 1983 2379 2036 illa
2414 1995 2682 2046 armatus,
2717 1984 3008 2038 victoriam
3050 1983 3221 2036 refert
3250 1999 3316 2037 ex
3343 1981 3658 2035 denudato:

2078 2076 2273 2146 pietati
2305 2077 2454 2129 enim
2485 2076 2660 2145 ipsius
2685 2076 2971 2146 lcgislator
2993 2077 3207 2146 adjutor
3245 2075 3371 2128 fuit.

2153 2168 2288 2224 XVI.
2320 2169 2445 2222 Haec
2472 2168 2640 2235 igitur
2671 2184 2769 2237 per
2799 2168 3111 2237 epistolam,
3145 2181 3270 2221 cum
3297 2166 3460 2234 longo
3485 2171 3662 2219 tractu

2078 2270 2224 2316 esset
2263 2261 2515 2322 dissitus,
2554 2261 2835 2314 nuntiavit
2876 2276 2888 2311 :
2923 2271 3213 2328 postquam
3254 2275 3384 2313 vero
3416 2259 3472 2312 in
3512 2255 3662 2312 auxi-

2078 2352 2216 2406 lium
2243 2353 2418 2415 venit,
2448 2361 2502 2406 et
2529 2352 2709 2418 illum,
2747 2353 2974 2422 proprio
3003 2351 3226 2420 quidem
3266 2350 3461 2404 relicto
3491 2349 3664 2418 impe-

2080 2445 2184 2508 rio,
2227 2446 2283 2500 in
2320 2462 2422 2501 suo
2455 2457 2786 2516 prsesentem
2823 2445 2994 2509 vidit;
3028 2446 3268 2516 primum
3293 2443 3518 2514 quidem
3549 2457 3664 2498 me-

2079 2539 2322 2594 dicinam
2373 2539 2632 2593 adhibuit
2669 2539 2788 2608 ejus
2832 2540 3050 2602 animae,
3077 2548 3133 2592 et
3175 2537 3513 2606 impietat's,
3560 2550 3667 2606 qua

2077 2629 2389 2695 laborabat,
2434 2630 2686 2684 morbum
2716 2629 3020 2700 expellens,
3054 2629 3108 2682 in
3145 2629 3407 2698 pietatem
3437 2628 3668 2698 patriam

2080 2721 2267 2792 ipsum
2312 2721 2557 2776 reduxit.
2607 2723 2816 2777 Deinde
2870 2723 3026 2776 illum
3099 2722 3380 2778 conlidere
3427 2721 3668 2793 jubens,

2081 2821 2138 2868 et
2170 2821 2366 2867 contra
2418 2821 2718 2882 tyrannum
2769 2813 3016 2867 inferens
3062 2813 3256 2884 signa,
3317 2812 3395 2867 illi
3445 2810 3670 2882 quidem

2077 2903 2201 2958 sine
2228 2904 2498 2973 sanguine
2547 2903 2732 2958 reddit
2776 2904 3111 2974 imperium,
3150 2914 3444 2977 tyrannum
3483 2911 3669 2958 autem

2080 2995 2354 3065 supplicio
2423 2994 2610 3050 aﬂicit.
2665 2995 2962 3051 Enimvero
3030 2997 3239 3053 violare
3309 3013 3368 3051 se
3431 2995 3671 3051 credidit

391 3084 490 3146 τὰς
529 3085 664 3154 πρὸς
685 3082 981 3152 Γρατιανὸν
1005 3081 1381 3150 γεγενημένας
1398 3081 1755 3151 παραϐαίνειν
1779 3081 1980 3152 συνθή-

2084 3087 2225 3142 inita
2281 3097 2443 3158 pacta
2487 3104 2612 3142 cum
2637 3087 2920 3153 Gratiano,
2958 3090 3065 3144 nisi
3098 3090 3166 3144 ab
3203 3089 3344 3154 illis,
3382 3090 3478 3159 qui
3523 3089 3672 3144 hunc

394 3193 521 3241 κας,
545 3177 594 3228 εί
627 3175 701 3244 μὴ
724 3175 916 3242 ποινὴν
941 3174 1068 3236 τοὺς
1099 3175 1466 3238 ἀπεκτονότας
1495 3173 1852 3245 εἰσπράξαιτο
1883 3175 1980 3244 τῆς

398 3270 635 3337 σφαγῆς.
657 3261 823 3330 Οὗτος
857 3268 883 3320 6
911 3265 1233 3328 πιστότατος
1270 3265 1524 3336 βασιλεὺς
1546 3268 1690 3319 κατά
1721 3269 1821 3337 τῆς
1851 3268 1987 3320 πλά-

397 3377 497 3429 νης
533 3361 635 3430 τῆς
681 3359 970 3430 ἑλληνικῆς
1030 3358 1304 3429 μετέθηκε
1351 3360 1451 3430 τὴν
1516 3359 1754 3431 σπουδὴν
1783 3361 1985 3428 πᾶσαν,

397 3454 494 3506 καὶ
531 3453 730 3522 νόμους
761 3451 1076 3522 ἔγραψε,τά
1101 3451 1210 3504 τῶν
1239 3451 1474 3506 εἰδώλων
1505 3452 1709 3523 τεμένη
1751 3452 1986 3506 καταλυ-

399 3545 556 3614 θῆναι
589 3543 848 3598 κελεύων.

471 3639 571 3692 lZ'.
621 3637 1032 3700 Κωνσταντῖνος
1083 3635 1180 3707 μὲν
1208 3633 1318 3706 γάρ
1357 3635 1386 3688 6
1442 3633 1626 3704 πάσης
1687 3633 1986 3698 ἀξιώτατος

401 3731 677 3802 εὐφημίας
709 3731 947 3800 πρῶτος,
974 3726 1227 3799 εὐσεϐείᾳ
1258 3727 1357 3798 τὴν
1376 3726 1653 3798 βασιλείαν
1681 3726 1987 3795 κοσμήσας,

404 3825 499 3878 καὶ
525 3824 624 3895 τὴν
647 3823 975 3892 οἰκουμένην
1005 3821 1088 3874 ἐτι
1123 3822 1436 3891 μεμηνυίαν
1469 3818 1633 3890 δρῶν,
1667 3817 1726 3870 τὺ
1756 3817 1856 3887 μὲν
1873 3817 1988 3878 τοῖς

403 3915 621 3986 δαίμοσι
653 3915 803 3968 θύειν
831 3914 1183 3966 παντάπασιν
1211 3911 1585 3982 ἀπηγόρευσε,
1617 3910 1744 3973 τοὺς
1775 3909 1834 3962 δὲ
1859 3907 1988 3962 τού-

403 4026 512 4062 των
545 4009 706 4071 ναοὺς
735 4007 795 4059 ού
830 4005 1170 4070 κατέλυσεν,
1199 4002 1340 4057 ἀλλά
1366 4001 1600 4064 ἀϐάτους
1632 3995 1774 4054 εῖναι
1813 4015 1989 4072 προσ·

407 4099 630 4162 ἐταξεν·
694 4097 788 4150 καὶ
858 4097 1042 4167 μέντοι
1091 4093 1186 4146 καὶ
1255 4093 1306 4145 οἱ
1355 4091 1549 4144 τούτου
1608 4091 1797 4154 παῖδες
1875 4093 1989 4154 τοῖς

406 4187 682 4260 πατρῴοις
709 4186 1089 4258 ἠκολούθησαν
1114 4185 1341 4254 ῐχνεσιν·
1363 4181 1650 4244 Ἰουλιανὸς
1677 4182 1733 4234 δὲ
1762 4181 1991 4234 ἀνενεώ-

408 4298 540 4336 σατο
571 4280 666 4351 τὴν
695 4279 977 4342 ἀσέϐειαν,
1019 4279 1112 4330 καὶ
1137 4276 1238 4344 τῆς
1289 4275 1524 4337 παλαιᾶς
1560 4273 1839 4343 ἐξαπάτης
1863 4274 1989 4346 ἐξῆ-

404 4375 475 4442 ψε
511 4373 609 4444 τὴν
643 4372 836 4441 φλόγα.
869 4370 1139 4430 ἰωϐιανὸς
1185 4367 1242 4420 δὲ
1279 4367 1378 4436 τὴν
1424 4365 1706 4435 βασιλείαν
1736 4367 1988 4436 παραλα-

409 4465 541 4528 ϐών,
573 4464 732 4518 πάλιν
780 4463 879 4534 τὴν
934 4461 1044 4514 τῶν
1072 4458 1307 4512 είδώλων
1334 4456 1628 4510 διεκώλυσε
1665 4457 1963 4528 θεραπείαν
1984 4487 1998 4502 ο

409 4560 505 4612 καὶ
531 4554 972 4616 Οὐαλεντινιανὸς
996 4554 1051 4607 δὲ
1077 4554 1106 4606 ὁ
1139 4552 1309 4621 μέγας
1336 4554 1452 4613 τοῖς
1503 4550 1686 4612 αὐτοῖς
1709 4550 1987 4620 κεχρημέ-

409 4667 497 4712 νος
545 4650 755 4718 νόμοις,
804 4646 949 4700 ἴθυνε
977 4643 1078 4716 τὴν
1131 4642 1434 4713 Εὐρώπην·
1471 4644 1499 4694 6
1526 4641 1582 4694 δὲ
1607 4641 1822 4712 οὺάλης
1855 4643 1990 4696 πᾶσι

413 4745 511 4813 μὲν
539 4743 654 4804 τοῖς
701 4741 884 4801 ἄλλοις
937 4735 1212 4808 ἐπέτρεψε
1247 4733 1575 4804 θρησκεύειν
1687 4734 1988 4804 βούλονται,

412 4837 505 4888 καὶ
527 4834 597 4888 τά
625 4833 1040 4904 θρησκευόμενα
1061 4825 1390 4897 θεραπεύειν
1411 4841 1425 4855 ·
1459 4825 1640 4895 μόνοις
1657 4825 1711 4879 δὲ
1738 4826 1864 4878 πολε
1875 4825 1993 4897 μῶν

411 4926 640 4980 διετέλει
671 4926 788 4987 τοῖς
828 4922 937 4977 τῶν
967 4919 1343 4975 ἀποπολικῶν
1373 4917 1757 4988 ὕπερμαχούσι
1789 4919 1994 4989 δογμά-

411 5036 542 5072 των.
594 5017 778 5071 Πάντα
810 5014 940 5084 γοῦν
979 5016 1070 5068 τὸν
1099 5015 1200 5084 τῆς
1248 5011 1460 5067 ἐκείνου
1497 5010 1774 5082 βασιλείας
1804 5012 1995 5083 χρόνον

412 5109 508 5162 καὶ
535 5107 598 5160 τὸ
629 5106 932 5177 ἐπιϐώμιον
958 5105 1164 5177 ἥπτετο
1193 5103 1331 5174 πῦρ,
1374 5103 1472 5155 καὶ
1511 5102 1744 5166 σπονδὰς
1776 5105 1871 5155 καὶ
1900 5102 1994 5156 θυ-

416 5201 538 5264 σίας
561 5205 671 5264 τοῐς
709 5201 950 5264 εἰδώλοις
977 5199 1344 5268 προσέφερον,
1373 5198 1470 5251 καὶ
1507 5196 1602 5260 τὰς
1642 5195 1994 5268 δημοθοινίας

413 5294 562 5348 κατά
585 5295 684 5364 τὴν
717 5293 923 5362 ἀγορὰν
963 5290 1278 5354 ἐπετέλουν,
1310 5289 1407 5342 καὶ
1437 5290 1488 5342 oi
1512 5289 1581 5344 τὰ
1611 5271 1870 5343 Διονύσου
1900 5289 1996 5361 6p-

413 5403 509 5454 για
533 5388 909 5454 τετελεσμένοι
939 5383 1077 5455 μετά
1099 5383 1211 5438 τῶν
1238 5384 1463 5453 αίγὶδων
1489 5381 1876 5452 ἔτρεχον,τοὺς
1897 5383 1997 5434 κύ·-

412 5494 510 5540 νσς
544 5480 882 5540 ὲπισπῷντες
914 5477 1010 5530 καὶ
1044 5476 1349 5547 μεμηνότες
1381 5477 1475 5528 καὶ
1507 5473 1872 5545 βακχεύοντες
1899 5473 1995 5528 καὶ

413 5573 583 5624 τᾶλλα
609 5573 843 5642 δρῶντες
891 5572 928 5626 ἀ
969 5571 1068 5644 τὴν
1098 5567 1194 5626 τοῦ
1228 5567 1550 5624 διδασκάλου
1582 5567 1845 5628 πονηρίαν
1869 5567 1994 5638 ὲδήο

417 5664 530 5716 λου.

2089 3178 2396 3248 principem
2453 3179 3102 3250 trucidaverant,pcenas
3145 3191 3443 3249 repeteret.
3493 3180 3672 3249 Atque

2089 3271 2238 3326 idem
2283 3273 2582 3342 imperator
2625 3273 2977 3329 ﬁdelissimus
3028 3275 3190 3328 etiam
3225 3274 3490 3328 adversus
3543 3288 3672 3344 gen-

2089 3363 2269 3418 tilium
2303 3380 2522 3419 errores
2547 3382 2766 3420 omnem
2819 3367 3052 3420 contulit
3077 3366 3444 3436 diligentiam.
3494 3367 3672 3436 leges-

2089 3473 2198 3527 que
2257 3459 2646 3528 promulgavit,
2681 3459 2886 3530 quibus
2921 3459 3195 3514 idolorum
3229 3460 3431 3529 templa
3461 3458 3673 3515 destrui

2087 3547 2463 3617 prtecipiebat.

2161 3636 2324 3692 XVII.
2355 3637 2572 3692 Etenim
2601 3637 3002 3695 Constantinus
3031 3639 3281 3710 Magnus,
3326 3640 3477 3696 omni
3507 3641 3676 3698 laude

2091 3745 2153 3786 ac
2179 3731 2569 3801 praedicatione
2592 3747 2757 3802 quam
2784 3731 3166 3803 dignissimus,
3219 3733 3426 3804 pietate
3457 3734 3678 3790 ornavit

2087 3823 2420 3894 imperium:
2454 3840 2516 3879 ac
2549 3835 2724 3880 totum
2765 3825 2957 3880 orbem
3020 3827 3192 3882 etiam
3234 3836 3365 3882 tunc
3395 3827 3677 3883 insanien-

2089 3921 2201 3969 tem
2235 3915 2451 3976 videns,
2474 3915 2820 3970 daemonibus
2843 3917 3068 3986 quidem
3102 3918 3414 3972 sacrificare
3447 3918 3677 3974 omnino

2025 4002 2397 4073 “prohibuit,
2427 4019 2619 4058 eorum
2649 4015 2831 4060 autem
2857 4005 2980 4060 fana
3006 4015 3150 4062 stare
3179 4007 3450 4075 permisit,
3486 4009 3556 4063 ab
3592 4008 3680 4064 eis

2088 4096 2268 4151 arceri
2301 4096 2604 4166 quemlibet
2629 4097 2854 4167 jubens.
2883 4097 2950 4150 Et
2973 4097 3196 4168 quidem
3226 4097 3393 4170 hujus
3446 4101 3543 4155 ﬁlii
3578 4117 3681 4172 pa-

2090 4189 2266 4243 ternis
2300 4189 2553 4243 institere
2583 4187 2864 4259 vestigiis:
2929 4189 3189 4246 Julianus
3222 4207 3354 4246 vero
3386 4196 3678 4251 renovavit

2092 4280 2459 4350 impietatem,
2491 4295 2592 4334 nec
2616 4296 2727 4333 non
2757 4282 2966 4337 erroris
2993 4283 3105 4354 jam
3129 4284 3358 4341 exsoleti
3381 4287 3681 4343 vehemen-

2093 4371 2290 4426 tiorem
2331 4370 2603 4423 ﬂammam
2657 4370 2930 4426 accendit.
2989 4372 3058 4425 At
3131 4373 3397 4430 Jovianus
3443 4376 3684 4447 adeptus

2033 4463 2427 4532 Dimperium,
2484 4477 2680 4517 rursus
2731 4462 2998 4517 idolorum
3060 4467 3271 4520 cultum
3331 4470 3678 4541 proscripsit.

2089 4557 2160 4610 Et
2185 4570 2418 4626 magnus
2448 4569 2666 4624 quoque
2701 4555 3122 4614 Valentinianus
3151 4559 3348 4616 iisdem
3382 4563 3544 4632 plane
3597 4562 3679 4620 ie-

2093 4648 2254 4719 gibus
2286 4662 2436 4712 usus,
2471 4647 2746 4718 Europam
2788 4649 2954 4704 rexit.
2999 4649 3161 4716 Quod
3192 4669 3326 4709 vero
3368 4656 3437 4710 ad
3485 4657 3684 4712 Valen-

2098 4751 2237 4806 tem,
2265 4739 2480 4795 cunctis
2530 4740 2754 4809 quidem
2787 4741 2911 4797 aliis
2959 4742 3190 4799 adorare
3230 4747 3504 4814 permisit,
3540 4763 3684 4816 quo-

2096 4834 2263 4888 modo
2288 4833 2530 4898 vellent,
2561 4841 2618 4888 et
2649 4848 2769 4903 qua:
2796 4833 3126 4899 adorahant,
3161 4838 3338 4906 palam
3368 4824 3552 4893 colere
3577 4855 3592 4892 :
3621 4839 3678 4896 in

2097 4926 2201 4982 bos
2256 4937 2442 4980 autem
2505 4925 2692 4989 solos,
2738 4941 2769 4980 a
2820 4926 3025 4997 quibus
3074 4928 3331 5000 dogmata
3377 4932 3680 5001 apostolica

2095 5015 2610 5086 propugnabantur,
2672 5013 2883 5070 bellum
2946 5031 3140 5087 gerere
3198 5034 3309 5072 non
3356 5018 3678 5075 intermisit.

2098 5109 2256 5165 Omni
2282 5123 2418 5178 ergo
2441 5117 2689 5177 tempore
2717 5124 2828 5178 quo
2891 5109 2937 5163 is
2986 5109 3257 5180 regnavit,
3316 5108 3459 5178 ignis
3518 5110 3682 5166 altari

2099 5202 2486 5273 superpositus
2542 5199 2992 5264 accendebatur,
3054 5209 3111 5256 et
3167 5200 3461 5255 libationes
3513 5211 3681 5271 atque

2102 5295 2316 5352 hostias
2343 5295 2506 5349 idolis
2531 5291 2862 5358 offerebant,
2904 5299 2960 5348 et
2984 5291 3041 5346 in
3066 5292 3264 5362 plateis
3288 5291 3540 5346 convivia
3580 5307 3683 5362 pu-

2103 5388 2248 5444 blica
2274 5384 2650 5446 celebrabant,
2693 5391 2750 5437 et
2777 5385 2872 5454 qui
2904 5383 3237 5454 peragebant
3273 5383 3474 5440 Bacchi
3505 5384 3679 5455 orgia,

2103 5493 2228 5533 cum
2261 5475 2503 5545 caprinis
2541 5474 2778 5544 pellibus
2803 5475 3123 5543 currebant,
3150 5490 3318 5531 canes
3352 5491 3540 5552 secum
3565 5486 3681 5529 tra~

2104 5570 2320 5632 hentes,
2352 5579 2407 5622 et
2447 5565 2804 5630 insanientes,
2852 5578 2906 5624 et
2953 5568 3381 5636 debacchantes,
3413 5575 3470 5623 et
3531 5582 3682 5622 com-

2106 5661 2390 5718 mittentes
2416 5657 2523 5712 alia
2551 5658 2888 5734 huiusmodi,
2934 5676 3056 5733 quae
3099 5662 3400 5732 nequitiam
3434 5659 3682 5732 magistri

2104 5753 2188 5811 sui
2215 5750 2395 5822 palam
2434 5749 2698 5808 facerent.
