4142 6384
487 247 584 312 831

1681 239 2065 300 ADDENDA.
2112 264 2177 273 --
2203 234 2530 295 APRILIS.

3636 226 3739 289 871

560 357 743 416 XVIII.
779 356 1154 414 Fidelissimus
1181 363 1362 410 autem
1387 357 1689 422 imperator
1713 352 2058 406 Theodosius

2234 345 2338 402 ιη’.
2373 347 2652 407 Θεοδόσιος
2679 346 2733 398 δὲ
2760 355 2787 395 ο
2807 344 3130 408 πιστότατος
3162 343 3417 415 βασιλεὺς
3449 338 3619 396 ταῦτα
3645 359 3738 398 πε-

483 453 680 506 isthzec
713 447 898 502 omnia
934 461 966 500 e
1007 445 1190 499 medio
1219 445 1292 498 ita
1333 443 1581 506 sustulit,
1618 457 1683 496 ao
1721 441 1765 496 si
1801 441 1871 495 ab
1900 441 2061 495 initio

492 555 602 592 non
636 536 1014 590 exstitissent:
1051 537 1107 585 in
1139 546 1377 600 quorum
1408 532 1584 585 vicem
1618 527 1945 584 Christianis
1977 529 2059 580 in-

489 628 672 682 stituit
699 629 804 682 alia
839 627 1018 697 plura.
1044 624 1152 680 Sed
1172 623 1322 678 enim
1355 623 1477 693 ejus
1503 623 1596 693 qui
1627 638 1656 675 a
1688 621 1886 692 primis
1915 629 2064 673 retro

491 717 835 789 temporibus
863 716 1040 770 hostis
1068 715 1353 769 hominum
1378 723 1486 779 est,
1533 714 1717 767 omnia
1754 712 1892 766 retia
1953 725 2064 764 non

490 810 597 865 nisi
637 824 780 879 aegre
811 806 1191 879 eﬂugiuntur;
1246 806 1446 877 saepius
1489 804 1636 859 enim
1682 801 1884 871 aliquis
1938 813 2064 855 cum

491 899 725 954 luxuria:
753 898 1007 952 morbum
1040 896 1296 961 evaserit,
1347 895 1590 949 avaritiae
1645 893 1843 962 laqueo
1879 889 2064 944 forsan

494 991 753 1059 capitur:
789 988 834 1042 si
870 997 1055 1042 autem
1093 988 1184 1042 illa
1212 986 1380 1042 fuerit
1411 986 1583 1055 major
1612 983 1836 1038 aliunde
1871 995 2066 1035 rursus

492 1079 685 1134 livoris
726 1093 931 1149 vorago
960 1077 1357 1132 subnascitur:
1417 1084 1474 1130 et
1520 1076 1650 1128 licet
1683 1072 1827 1126 hanc
1880 1070 2066 1125 denuo

496 1171 842 1236 transilierit,
868 1171 1054 1240 plagas
1084 1167 1383 1222 iracundiae
1412 1166 1659 1222 offendet
1686 1172 2062 1236 praeparatas:

490 1273 551 1318 et
581 1273 870 1318 sexcentas
904 1262 1040 1318 alias
1092 1259 1414 1315 hominibus
1476 1257 1782 1312 tendiculas
1843 1252 2070 1308 instruit

496 1355 770 1424 malignus
803 1354 910 1418 ille,
947 1353 1042 1422 qui
1084 1353 1138 1406 in
1170 1351 1455 1406 hominum
1481 1359 1713 1403 venatur
1737 1345 2066 1418 perniciem.

492 1444 645 1500 Sane
675 1445 898 1515 quidem
937 1459 1237 1512 corporeos
1268 1452 1449 1497 motus
1504 1441 1775 1496 machinis
1805 1440 2072 1494 adversus

499 1535 738 1588 animam
769 1533 837 1586 ab
870 1548 936 1588 eo
961 1532 1244 1586 fabricatis
1277 1532 1444 1586 habet
1465 1540 1828 1600 cooperantes
1855 1548 1868 1584 ε
1914 1542 2072 1583 mens

498 1635 683 1679 autem
717 1625 808 1678 illa
843 1640 966 1694 qua:
1001 1625 1238 1694 vigilans
1269 1624 1456 1688 fuerit,
1491 1623 1606 1678 sola
1664 1632 1909 1692 supcrat,
1945 1636 2075 1690 pro-

2166 443 2328 508 ριείλε
2352 441 2548 502 πάντα,
2575 438 2767 507 ὥσπερ
2789 439 2854 492 ἂν
2880 439 2929 490 εί
2969 437 3107 509 μηδὲ
3129 437 3228 508 τὴν
3260 436 3432 506 ἀρχὴν
3459 437 3738 504 γεγονότα,

2163 532 2255 582 καὶ
2289 529 2462 582 πλείω
2487 530 2530 580 Χ
2540 530 2833 598 ριστιανοῖς
2865 528 3324 597 ἀντεισηνέγκατο
3351 527 3540 594 ἔτερα.
3581 526 3739 580 Ἀλλά

2161 621 2270 688 γὰρ
2297 619 2393 673 τοῦ
2427 619 2608 672 κοινοῦ
2635 621 2746 671 τῶν
2780 617 3088 689 ἀνθρώπων
3108 618 3316 672 ἀνωθεν
3345 617 3606 686 πολεμίου
3644 617 3739 682 τὰς

2163 710 2337 780 ἄρκυς
2375 710 2657 778 διαφυγεῖν
2707 709 2929 773 ἁπάσας
2955 710 3015 763 ού
3059 709 3283 780 ῥᾴδιονο
3325 708 3592 771 πολλάκις
3639 709 3739 777 γάρ

2163 821 2248 867 τις
2283 803 2576 873 διαδράσας
2603 806 2702 872 τῆς
2731 802 3020 870 ἀσελγείας
3045 803 3110 855 τὸ
3161 800 3359 864 πάθος,
3384 803 3454 870 τῇ
3479 802 3582 870 τῆς
3613 800 3744 851 πλε-

2164 895 2374 960 ονεξίας
2425 896 2556 959 ἴσως
2614 895 2896 950 ἁλίσκεται
2945 894 3158 963 παγίδι.
3193 895 3258 946 Εἰ
3319 893 3376 946 δὲ
3403 893 3502 946 καὶ
3543 891 3747 959 ταύτης

2166 991 2432 1059 κρείττων
2463 987 2964 1058 φανείη,ἐτέρωθεν
2985 986 3291 1055 ὑποφύεται
3317 986 3480 1039 πάλιν
3506 983 3602 1038 τοῦ
3625 985 3749 1053 φθό-

2165 1096 2259 1132 νου
2297 1077 2358 1130 τδ
2384 1076 2661 1148 βάραθρον
2687 1091 2702 1106 '
2756 1076 2860 1130 κᾶν
2887 1075 3126 1130 τοῦτοδὲ
3158 1074 3319 1129 πάλιν
3357 1073 3745 1144 ὑπερπηδήσῃ,

2167 1170 2228 1225 τὸ
2248 1170 2340 1224 τοῦ
2368 1169 2544 1241 θυμοῦ
2584 1170 2796 1224 δίκτυον
2829 1169 3052 1238 εὑρήσει
3083 1167 3444 1238 προκείμενον
3465 1182 3478 1196 ·
3515 1166 3748 1220 καῖ’ἇλο
3852 1176 3854 1178 '

2168 1261 2265 1325 λας
2292 1261 2350 1315 δὲ
2393 1261 2597 1332 μυρίας
2633 1261 2749 1323 τοῖς
2777 1259 3086 1330 ἀνθρώποις
3116 1257 3299 1329 τίθησι
3329 1256 3565 1326 παγίδας
3597 1257 3624 1310 6
3652 1272 3749 1308 πο-

2167 1354 2353 1426 νηρὸς,
2385 1352 2639 1424 ἀγρεύων
2668 1355 2752 1416 εἰς
2795 1350 3040 1422 ὀλεθρον.
3079 1350 3189 1404 Καὶ
3219 1349 3290 1404 τά
3325 1349 3425 1421 μὲν
3455 1349 3604 1419 πάθη
3651 1348 3748 1403 τοῦ

2173 1446 2423 1516 σώματος
2448 1442 2829 1516 ὑπουργοῦντα
2851 1441 2968 1512 ἔχει
2987 1442 3110 1506 ταῖς
3147 1440 3288 1495 κατά
3314 1441 3414 1510 τῆς
3445 1440 3626 1511 ψυχῆς
3661 1457 3749 1492 τε·

2171 1535 2557 1607 κταινομέναις
2590 1534 2683 1589 ὑπ’
2711 1533 2877 1589 αὑτοῦ
2901 1535 3169 1604 μηχαναῖς
3191 1547 3206 1564 ⁶
3239 1533 3397 1604 μόνος
3431 1531 3490 1586 δὲ
3516 1531 3748 1602 ἐγρηγο-

2175 1628 2283 1701 ρὼς
2309 1630 2336 1682 6
2361 1626 2487 1690 νοῦς
2521 1626 2881 1698 περιγίνεται,
2912 1628 2977 1696 τῇ
3018 1625 3147 1693 περὶ
3197 1626 3265 1678 τὰ
3294 1624 3417 1678 θεῖα
3443 1625 3618 1694 τροπῇ
3642 1623 3751 1676 τῶν

500 1715 766 1785 pensione
802 1714 856 1766 in
889 1729 976 1768 res
1005 1713 1220 1768 divinas
1245 1714 1717 1769 machinationum
1764 1713 1910 1767 illius
1959 1727 2076 1797 ma:

2182 1720 2594 1791 μηχανημάτων
2625 1719 2915 1788 διελέγχων
2967 1719 3068 1789 τὴν
3095 1717 3457 1788 κακουργίαν.
3514 1717 3626 1786 Τῆς
3653 1717 3748 1769 ἀν-

499 1805 671 1859 Iitiam
706 1803 1398 1875 reprimens.Quapropler
1429 1823 1553 1862 cum
1584 1807 1836 1859 humana:
1861 1814 2072 1859 natura:

501 1901 776 1971 particeps
809 1912 955 1955 esset
980 1901 1280 1972 imperator
1313 1901 1404 1957 ille
1437 1900 1801 1965 admirabilis,
1856 1908 2077 1970 pertur-

507 1993 796 2047 bationum
853 1994 1001 2048 illius
1038 2009 1236 2064 expers
1283 2008 1392 2048 non
1428 2009 1647 2065 semper
1707 1993 1832 2048 fuit.
1870 1992 2075 2047 Verum

503 2099 760 2140 excessus
780 2085 966 2140 nescio
990 2085 1114 2154 quis
1147 2085 1241 2140 irae
1268 2085 1524 2156 legitimae
1553 2085 1882 2156 conjunctus
1906 2123 1920 2146 ,
1953 2099 2080 2137 cru-

501 2174 625 2230 dele
651 2176 911 2246 quiddam
947 2177 1206 2246 parturiit
1264 2186 1430 2244 atque
1490 2175 1794 2247 injustum;
1836 2175 1904 2230 de
1967 2191 2079 2245 quo

502 2265 766 2321 videlicet
793 2268 982 2321 statim
1013 2266 1252 2320 dicetur.
1290 2265 1476 2334 Neque
1530 2268 1676 2320 enim
1737 2276 1948 2320 tantum
2001 2282 2082 2321 re-

505 2357 931 2426 prehensionem
970 2357 1134 2412 habet
1163 2357 1506 2412 admirabilis
1549 2357 1924 2427 imperatoris,
1981 2358 2078 2414 sed

504 2448 670 2503 etiam
706 2447 1151 2510 praedicationem
1199 2450 1461 2503 memoria
1489 2448 1781 2503 admodum
1810 2449 2027 2519 dignam
2061 2465 2078 2504 :

505 2540 746 2594 maxime
767 2555 901 2594 vero
929 2540 1181 2610 generosi
1231 2541 1380 2596 illius
1437 2540 1714 2595 Ambrosii
1765 2541 2078 2596 libertatem

511 2632 622 2686 huc
645 2632 1058 2697 succedentem,
1089 2647 1153 2686 ac
1183 2633 1418 2686 multum
1455 2633 1633 2700 illum,
1673 2648 1784 2703 quo
1822 2634 2082 2689 utebatur

507 2725 564 2780 in
602 2727 770 2782 rebus
805 2728 870 2782 ad
901 2729 1159 2797 pietatem
1184 2728 1617 2798 pertinentibus,
1670 2730 1841 2785 animi
1898 2730 2082 2788 fervo-

509 2831 647 2872 rem.
688 2818 968 2889 Quidquid
998 2820 1134 2874 illud
1165 2822 1256 2885 sit,
1285 2829 1470 2876 tamen
1515 2822 1820 2879 declarabit
1875 2827 2076 2881 oratio.

581 2909 721 2965 XIX.
757 2911 1150 2966 Thessalonica
1181 2913 1376 2968 civitas
1401 2930 1595 2984 magna
1622 2925 1726 2981 est,
1758 2930 1822 2970 ac
1859 2917 2083 2986 populis

2177 1812 2454 1883 θρωπείας
2487 1811 2554 1881 δὴ
2595 1807 2695 1864 οὖν
2721 1809 2936 1879 φύσεως
2963 1809 3056 1863 καὶ
3086 1809 3116 1862 6
3147 1808 3452 1878 Θαυμάσιος
3498 1806 3750 1877 βασιλεὺς

2179 1902 2469 1976 μετασχὼν
2505 1895 2661 1964 οὗτος
2696 1901 2817 1954 οὐδὲ
2861 1897 2971 1953 τῶν
3003 1898 3223 1971 ἐκείνης
3255 1899 3443 1953 παθῶν
3481 1898 3747 1967 ἄγευστος

2177 1995 2394 2066 ἔμεινεν
2419 2008 2434 2025 ⁶
2465 1992 2603 2047 ἀλλά
2629 2009 2712 2056 τις
2737 1991 2972 2062 ἀμετρία
2996 1991 3072 2062 τῷ
3099 1991 3296 2062 δικαίῳ
3327 1989 3488 2060 θυμῷ
3519 2006 3754 2061 προσγε-

2178 2085 2376 2157 νομένη
2407 2083 2613 2155 ἀπηνές
2647 2101 2699 2137 τι
2722 2081 2882 2136 ὦδινε
2926 2083 3020 2138 καί
3063 2083 3401 2153 παράνομον,
3459 2080 3652 2152 ὥσπερ
3687 2080 3752 2149 δὴ

2179 2173 2271 2232 οὖν
2294 2177 2488 2232 αὐτίκα
2515 2175 2817 2246 ῥηθήσεται
2837 2189 2852 2204 °
2906 2175 2968 2228 ού
3003 2174 3112 2246 γὰρ
3141 2174 3478 2244 κατηγορίαν
3505 2172 3621 2243 ἔχει
3655 2172 3752 2242 μό-

2180 2287 2270 2323 νον
2305 2269 2400 2324 τοῦ
2438 2266 2754 2338 θαυμαστοῦ
2807 2267 3092 2336 βασιλέως,
3149 2267 3286 2322 ἀλλὰ
3343 2267 3436 2321 καὶ
3476 2265 3755 2337 εὐφημίαν

2184 2361 2402 2432 μνήμης
2435 2358 2762 2430 ἀξιωτάτην,
2805 2360 2900 2413 καὶ
2957 2360 3193 2428 μάλιστα
3225 2359 3325 2431 τὴν
3354 2358 3450 2412 τοῦ
3503 2359 3753 2427 γενναίου

2181 2453 2372 2506 τούτου
2409 2451 2735 2521 ’Δμὸροτίου
2754 2451 3122 2521 διαδεχθείσαν
3151 2450 3386 2505 ἐνταῦθα
3413 2451 3754 2522 παρρησίαν,

2183 2546 2278 2600 καὶ
2309 2544 2400 2598 τὸν
2426 2542 2592 2597 πολὺν
2618 2543 2826 2597 ικεῖνον
2846 2537 2890 2611 ᾧ
2917 2545 3046 2614 περὶ
3070 2543 3170 2615 τὴν
3194 2543 3474 2598 εὐσέϐειαν
3494 2541 3758 2612 ἐκέχρητο

2185 2637 2380 2708 ζῆλον·
2406 2635 2644 2708 δηλώσει
2667 2637 2712 2692 δ’
2747 2632 2842 2690 οὖν
2877 2636 3028 2706 ὅμως
3064 2637 3093 2690 6
3125 2635 3307 2703 λόγος.

2257 2904 2359 2963 ῐΘ’.
2397 2905 2768 2976 Θεσσαλονίκη
2800 2904 2955 2968 πόλις
3003 2903 3121 2957 ὶστὶ
3167 2901 3376 2974 μεγάλη
3410 2900 3504 2954 καὶ
3530 2898 3759 2955 πολυάν-

507 3000 785 3073 frequens,
819 3003 1088 3058 attributa
1122 3003 1343 3074 quidem
1360 3005 2081 3071 Macedonibus,Thessaliaa

2189 3001 2424 3070 θρωπος,
2443 2999 2669 3052 τελοῦσα
2698 2997 2797 3069 μὲν
2827 2998 2906 3060 είς
2933 2995 3270 3060 Μακεδόνας,
3293 2994 3571 3064 ἡγουμένη
3590 2993 3645 3044 δὲ
3665 2991 3760 3046 καὶ

507 3106 692 3150 autem
763 3105 928 3167 atque
982 3096 1201 3150 Achaiae
1254 3105 1439 3166 caput,
1505 3099 1972 3166 quemadmodum
2027 3110 2081 3156 et

2186 3093 2484 3156 Θετταλίας
2514 3094 2608 3145 καὶ
2641 3091 2860 3162 Ἀχαΐας
2887 3091 2984 3143 καὶ
3023 3088 3197 3143 ἄλλων
3230 3087 3441 3140 πολλῶν
3471 3085 3638 3138 ἐθνῶν
3659 3087 3760 3139 ὅσα

507 3188 737 3242 aliarum
784 3190 1102 3252 multarum,
1157 3196 1428 3256 quotquot
1469 3189 1847 3256 subjiciuntur
1887 3193 2083 3265 Illyria:

507 3277 787 3346 praefecto.
817 3276 1101 3331 Seditione
1129 3276 1296 3346 igitur
1328 3277 1440 3331 illic
1470 3288 1683 3343 exorta,
1709 3279 1932 3349 quidam
1969 3299 2086 3337 ma-

508 3365 845 3435 gistratuum
876 3364 1103 3433 lapidati
1141 3373 1292 3428 sunt,
1327 3374 1382 3419 et
1404 3381 1503 3434 per
1531 3367 1650 3424 vias
1679 3371 1862 3434 tracti,
1889 3373 2088 3427 vitam-

509 3471 617 3529 que
659 3455 980 3526 turpissimo
1035 3457 1189 3511 exitu
1230 3455 1515 3512 finierunt.
1551 3459 1666 3514 Rex
1697 3461 1865 3532 igitur
1889 3478 2083 3521 eorum

510 3563 635 3622 qua:
658 3548 995 3616 acciderant,
1030 3548 1240 3603 nuntiis
1271 3549 1700 3620 excandescens,
1733 3569 1798 3608 ea
1825 3570 1934 3610 non
1966 3571 2085 3612 mo-

2187 3187 2292 3241 ὑπὸ
2317 3184 2395 3256 τῷ
2433 3185 2542 3238 τῶν
2578 3183 2852 3252 Ἰλλυριῶν
2883 3181 3116 3252 ὑπάρχῳ
3149 3183 3350 3235 κεῖται.
3391 3179 3637 3240 Στάσεως
3653 3177 3760 3231 τοίο

2186 3295 2279 3332 νυν
2306 3280 2363 3332 ὲν
2389 3277 2524 3346 αὐτῇ
2562 3276 2858 3346 γενομένης
2903 3272 3350 3343 κατελεύσθησαν
3376 3289 3434 3324 τε
3471 3273 3565 3326 καὶ
3593 3287 3761 3324 κατε-

2189 3367 2432 3438 σύρησαν
2455 3366 2562 3420 τῶν
2609 3365 2883 3434 ἀρχόντων
2907 3365 3072 3428 τινὲς,
3103 3364 3200 3416 καὶ
3235 3364 3325 3416 τὸν
3356 3362 3468 3434 βίον
3507 3363 3763 3432 αίσχιστα

2187 3457 2328 3512 οὕτω
2356 3455 2828 3528 κατέστρεψαν.⁶0
2855 3453 2947 3509 οῦν
2975 3453 3228 3524 βασιλεὺς
3250 3457 3372 3519 ταῖς
3393 3454 3502 3508 τῶν
3528 3453 3763 3524 συμϐάν.

2187 3567 2295 3604 των
2323 3547 2606 3618 ἀγγελίαις
2635 3547 2960 3616 ἀναφλεγεὶς
2992 3549 3093 3601 οὐκ
3125 3547 3326 3618 ἦνεγκε
3369 3547 3558 3619 πράως
3580 3563 3595 3577 ·
3630 3547 3765 3600 ἀλλά

511 3640 701 3696 derate
734 3640 856 3696 tulit
881 3657 895 3694 :
925 3639 1019 3695 sed
1051 3655 1270 3696 omnem
1298 3643 1641 3698 stomachum
1668 3655 1860 3701 contra
1893 3664 2081 3706 omnes

2190 3642 2365 3696 πάντα
2391 3640 2561 3710 θυμὸν
2582 3640 2798 3693 πάντων
2820 3639 2975 3708 ἀφεὶς
2997 3640 3091 3694 καὶ
3111 3639 3270 3693 ἄδικα
3295 3639 3422 3710 ξίφη
3449 3639 3766 3708 γυμνώσας,

511 3731 823 3798 effundens,
842 3742 896 3787 et
915 3731 1147 3805 injustos
1169 3749 1428 3789 exserens
1441 3735 1668 3806 gladios,
1693 3737 1939 3795 insontes
1962 3756 2081 3799 cum

2188 3734 2314 3795 τοὺς
2344 3731 2554 3794 ἀθώους
2583 3728 2722 3799 μετά
2742 3728 2850 3782 τῶν
2889 3728 3204 3783 ὑπευθύνων
3237 3728 3466 3790 ἀνεῖλεν,
3505 3728 3649 3781 ἐτττά
3686 3745 3767 3796 χι-

514 3827 844 3881 nocentibus
881 3827 1178 3891 interfecit,
1201 3828 1464 3882 nimirum
1513 3839 1722 3900 septem
1786 3833 1980 3898 millia,
2027 3841 2081 3889 ut

2189 3823 2375 3885 λιάδας
2402 3820 2430 3874 ὃ
2465 3820 2708 3890 λέγεται,
2748 3819 2888 3891 ,μηδὲ
2933 3821 3062 3892 μιᾶς
3091 3819 3240 3891 αὐτῷ
3286 3821 3525 3890 κρίσεως
3551 3820 3768 3890 ἡγησαο

515 3929 853 3972 memoratur
877 3959 890 3983 ,
929 3935 1054 3973 cum
1109 3920 1323 3974 nullum
1369 3934 1603 3989 prorsus
1625 3922 1696 3977 ab
1720 3937 1787 3978 eo
1813 3923 2086 3995 judicium

513 4011 857 4082 praemissum
893 4021 1059 4066 esset.

585 4101 704 4156 XX.
739 4101 1115 4156 Calamitatem
1145 4102 1289 4158 hanc
1324 4102 1463 4159 adeo
1523 4105 1814 4176 lugendam
1875 4109 1967 4165 ubi
2001 4126 2091 4167 reo

515 4194 677 4250 scivit
703 4211 930 4265 magnus
959 4195 1302 4262 Ambrosius,
1329 4198 1567 4253 venienti
1597 4200 1961 4257 Mediolanum
1987 4205 2091 4258 im-

517 4285 779 4355 peratori,
813 4286 938 4340 etin
965 4287 1227 4356 templum
1274 4289 1370 4344 Dei
1399 4305 1466 4344 ex
1519 4305 1671 4345 more
1729 4293 1942 4364 ingredi
1995 4312 2091 4352 cu-

2193 3917 2378 3993 μένης.

2261 4104 2347 4156 K'.
2367 4101 2584 4171 Ταύτην
2607 4101 2794 4172 μαθὼν
2811 4100 2908 4172 τὴν
2927 4099 3176 4172 δακρύων
3193 4100 3465 4170 γέμουσαν
3483 4097 3768 4169 συμφορὰν

2190 4196 2220 4248 6
2243 4195 2417 4265 μέγας
2448 4195 2796 4266 Ἀμσρόσιος,
2822 4194 3155 4263 ἀφικόμενον
3183 4194 3264 4255 είς
3297 4191 3397 4262 τὴν
3427 4189 3770 4245 Μεδιολάνων

2193 4288 2283 4341 τὸν
2325 4288 2550 4358 βασιλέα
2586 4289 2683 4340 καὶ
2715 4288 2964 4356 συνήθως
2997 4285 3130 4338 εῖσω
3161 4284 3256 4338 τοῦ
3287 4283 3436 4338 θείου
3477 4283 3769 4355 παρελθεῖν

516 4374 714 4444 pienti,
772 4376 990 4429 eminus
1037 4378 1258 4432 obviam
1321 4381 1704 4450 progrediens,
1766 4400 1836 4440 ne
1901 4396 2081 4455 portas

2193 4379 2524 4452 βουληθέντα
2549 4380 2700 4443 ναοῦ,
2725 4379 3010 4450 πόρρωθεν
3037 4379 3488 4448 προῦπαντήσας,
3512 4377 3632 4432 οὐδὲ
3661 4377 3767 4430 τῶν

519 4467 744 4538 quidem
811 4469 999 4538 templi
1082 4470 1287 4527 intrare
1350 4474 1639 4542 permisit:
1692 4495 1710 4528 ι
1744 4477 1957 4541 Nescis,
2011 4481 2095 4534 in-

518 4562 740 4631 quiens,
797 4562 878 4616 uti
905 4560 1147 4628 videtur,
1186 4565 1410 4619 nefariae
1433 4567 1619 4630 caedis,
1687 4585 1809 4638 qua:
1873 4582 2093 4640 peracta

516 4659 624 4715 est,
661 4654 1134 4722 magnitudinem:
1168 4671 1348 4726 neque
1392 4667 1518 4727 post
1565 4659 1744 4728 ipsum
1793 4662 2096 4722 iracundiae

521 4753 629 4798 tua:
663 4746 848 4811 finem,
892 4747 1104 4802 ratione
1136 4751 1446 4818 cognovisti
1478 4753 1643 4820 quale
1678 4752 1894 4810 facinus
1925 4773 2097 4816 ausus

518 4836 716 4893 fueris.
764 4841 1058 4895 Enimvero
1093 4851 1144 4897 te
1183 4840 1414 4898 fortasse
1467 4859 1576 4897 non
1609 4844 1742 4902 sinit
1793 4847 2096 4919 imperialis

518 4930 766 5000 potentia
793 4933 1005 4988 crimen
1035 4948 1390 5003 cognoscere,
1451 4937 1548 4992 sed
1616 4938 1820 4994 rationi
1879 4942 2096 5011 objecta

517 5023 865 5077 auctoritatis
923 5025 1112 5079 lumen
1168 5025 1382 5082 adimit.
1455 5028 1847 5087 Verumtamen
1899 5044 2097 5090 natura

519 5128 743 5170 necesse
772 5126 858 5170 est
895 5117 1096 5172 habeat
1144 5119 1265 5188 ipsa
1298 5133 1358 5174 se
1412 5131 1778 5191 perspectam,
1822 5135 1879 5180 et
1935 5127 2097 5182 simul

521 5213 639 5260 tum
679 5208 825 5278 quod
856 5208 999 5263 inest
1026 5209 1103 5263 illi
1141 5211 1388 5268 mortalis
1415 5227 1480 5268 ac
1503 5211 1657 5280 fluxi,
1695 5223 1806 5270 tum
1833 5219 2097 5288 progeni-

520 5297 713 5350 trieem
743 5297 888 5352 illam
918 5299 1155 5368 glebam,
1190 5301 1333 5356 unde
1355 5302 1486 5358 facti
1517 5319 1730 5371 sumus,
1760 5316 1817 5361 et
1845 5305 1898 5362 in
1930 5323 2094 5378 quam

518 5383 910 5443 dissolvlmur:
969 5404 1079 5444 non
1135 5405 1266 5446 vero
1314 5407 1572 5463 purpurae
1628 5392 1761 5450 ﬂore
1810 5395 2098 5465 fascinata,

519 5479 698 5548 operti
733 5480 982 5551 corporis
1015 5482 1268 5554 ignorare
1319 5485 1484 5541 debet
1515 5485 1914 5544 Infirmitatem.
1947 5486 2094 5546 Sab-

517 5569 653 5626 ditis
675 5573 767 5642 qui
799 5574 992 5629 eadem
1023 5586 1204 5631 tecum
1236 5585 1433 5632 natura
1491 5587 1773 5647 constant,
1831 5579 2094 5650 imperas,

517 5673 559 5719 o
585 5677 702 5730 rex,
749 5665 860 5720 imo
893 5667 1058 5722 etiam
1093 5670 1378 5726 conservis
1408 5668 1518 5726 tuis
1545 5687 1562 5736 ς
1612 5686 1755 5728 unus
1795 5672 1943 5728 enim
1976 5673 2087 5730 Do-

2201 4475 2365 4545 ἱερῶν
2399 4475 2552 4528 εἴασε
2581 4472 2769 4527 πυλῶν
2797 4473 3080 4543 ἐπιϐῆναι,
3110 4471 3226 4525 Οὐκ
3255 4467 3434 4536 οἶσθα,
3466 4471 3658 4538 λέγων,
3692 4471 3766 4535 ὡς

2197 4568 2398 4632 ἔοικεν,
2435 4560 2480 4620 ὧ
2513 4566 2758 4636 βασιλεῦ,
2813 4565 2911 4634 τῆς
2944 4562 3312 4636 εἰργασμένης
3350 4562 3662 4632 μιαιφονίας
3709 4561 3770 4615 τὺ

2201 4660 2451 4734 μέγεθος,
2481 4659 2604 4714 οὐδὲ
2635 4658 2772 4729 μετά
2793 4656 2893 4727 τὴν
2923 4655 3018 4710 τοῦ
3043 4654 3214 4724 θυμοῦ
3241 4652 3394 4724 λῆξιν
3437 4656 3467 4707 6
3515 4654 3771 4723 λογισμός

2196 4753 2411 4822 ἐπέγνω
2436 4751 2497 4804 τὸ
2523 4749 2794 4820 τολμηθὲν
2814 4765 2829 4780 ο
2863 4748 2966 4801 ούκ
2995 4749 3060 4819 ἐᾷ
3083 4749 3192 4817 γάρ
3219 4747 3349 4810 ῐσως
3371 4746 3471 4816 τῆς
3495 4745 3770 4817 βασιλείας

2197 4842 2538 4917 ἡδυναστεία
2577 4841 2878 4910 ἐπιγνῶναι
2900 4841 3002 4912 τὴν
3025 4839 3324 4909 ἁμαρτίαν,
3364 4838 3477 4894 ἀλλ’
3540 4840 3774 4908 ἐπιπρο-

2199 4937 2318 4992 σθεῖ
2352 4937 2386 5008 ἡ
2415 4933 2635 5002 δξουσία
2679 4932 2757 5004 τῷ
2799 4933 3067 5004 λογισμῷ.
3103 4933 3226 5004 Χρὴ
3275 4931 3456 5003 μέντοι
3481 4931 3580 5002 τὴν
3609 4933 3769 5000 φύσιν

2195 5028 2415 5093 εἰδέναι,
2452 5027 2548 5081 καὶ
2576 5027 2636 5079 τδ
2666 5024 2874 5094 ταύτης
2907 5023 3100 5095 θνητόν
3124 5041 3185 5078 τε
3232 5025 3330 5079 καὶ
3356 5027 3632 5097 διαρρέον,
3676 5026 3772 5079 καὶ

2195 5119 2288 5174 τὸν
2313 5119 2576 5192 πρόγονον
2621 5117 2752 5189 χοῦν
2778 5117 2839 5182 ἐξ
2867 5112 2931 5172 οὖ
2957 5117 3265 5186 γεγόναμεν
3287 5118 3384 5171 καὶ
3415 5121 3492 5180 είς
3522 5118 3583 5171 δν
3604 5119 3776 5188 ἀπορ-

2199 5208 2415 5283 ῥέομεν,
2445 5212 2537 5264 καὶ
2571 5209 2648 5282 μὴ
2688 5209 2768 5280 τῷ
2795 5209 2949 5265 ἀνθει
2988 5211 3086 5278 τῆς
3116 5209 3434 5279 ἀλουργίδος
3467 5211 3774 5264 ἀποϐουκο-

2197 5303 2490 5375 λουμένην,
2542 5304 2762 5372 ἀγνοεῖν
2795 5302 2889 5356 τοῦ
2923 5303 3340 5373 καλυπτομένου
3375 5302 3628 5374 σώματος
3674 5305 3776 5374 τὴν

2197 5397 2504 5452 ἀσθένειαν.
2536 5395 2824 5466 Ὀμοφυῶν
2850 5394 3062 5466 ἄρχεις,
3087 5389 3134 5448 ὧ
3165 5394 3412 5465 βασιλεῦ,
3453 5398 3545 5449 καὶ
3579 5396 3686 5468 μὴν
3710 5395 3775 5467 δὴ

2199 5491 2292 5544 καὶ
2316 5489 2624 5560 ὁμοδούλων
2645 5505 2660 5520 ·
2695 5482 2776 5550 εἷς
2799 5488 2910 5558 γὰρ
2945 5487 3164 5543 πάντων
3203 5487 3473 5557 δεσπότης
3500 5491 3594 5540 καὶ
3626 5488 3777 5557 βασι-

2196 5577 2324 5644 λεὺς
2355 5579 2384 5633 ό
2410 5579 2521 5635 τῶν
2555 5580 2693 5634 ὅλων
2739 5577 3096 5650 δημιουργός.
3134 5579 3314 5641 Ποίοις
3364 5580 3546 5634 τοίνυν
3577 5579 3778 5648 ὀφθαλ-

2202 5675 2322 5742 μοῖς
2348 5673 2502 5745 ὅψεις
2525 5669 2742 5747 τδνγτοῦ
2773 5671 2956 5729 κοινοῦ
2991 5673 3261 5729 Δεσπότου
3303 5673 3472 5744 νεών;
3511 5674 3688 5739 Ποίοις
3718 5672 3776 5728 δι
