4142 6384
384 324 496 389 €73

1669 322 1846 383 VITA
1884 322 1944 383 S.
1994 324 2387 387 Αιιιιιιοδιι.

3574 333 3680 397 8η

385 445 515 499 ποσὶ
559 441 620 496 τὸ
650 438 846 510 ἔδαφος
911 442 1093 496 ἐκεῖνο
1131 442 1392 512 πατήσεις
1430 441 1489 495 τὸ
1520 414 1719 509 ἆγίονς
1768 441 1889 503 Πῶς
1921 440 1957 492 δ;

2084 442 2266 497 minus
2296 452 2354 498 et
2383 460 2477 497 rex
2505 445 2752 499 oumimn
2782 455 2887 513 est,
2924 447 3172 504 oumium
3206 449 3467 509 videlicet
3517 468 3678 514 crea-

383 537 481 600 τὰς
504 538 695 607 χεῖρας
726 537 967 597 ἐκτενεῖς
991 534 1200 605 θερμοῦ
1251 534 1332 587 ἔτι
1370 533 1680 599 σταζούσας
1712 534 1980 604 αἶματοςς

388 631 460 683 Ἦ
489 630 607 691 πῶς
644 629 928 691 τοιαύταις
977 628 1213 699 ὑποδέξῃ
1257 627 1417 698 χερσὶ
1464 626 1557 679 τοῦ
1608 626 1880 678 Δεσπὸτου
1920 624 1983 676 τὸ

386 722 657 789 πανοὶγιον
684 720 881 790 σῶμα;
919 720 1045 784 Πῶς
1078 721 1135 773 δὲ
1160 721 1259 774 καὶ
1282 720 1361 789 τῷ
1392 719 1626 789 στόματι
1666 717 1983 788 προσοίσεις

382 815 443 867 τὸ
474 808 613 882 αἷμα
644 811 707 864 τὸ
736 812 937 878 τίμιον,
976 810 1250 865 τοσούτων
1288 810 1378 864 διὰ
1404 809 1496 863 τὸν
1530 809 1705 879 θυμὸν
1737 807 1979 877 παρανό-

385 925 504 977 μως
541 900 683 975 αἷμα
707 905 904 974 ἐκχέας
929 922 944 971 ;
980 905 1172 959 ’Δπιθι
1199 904 1402 969 τοίνυν,
1432 902 1527 957 καὶ
1560 902 1638 973 μὴ
1660 900 1840 971 πειρῶ
1863 901 1977 961 τοῖς

381 1004 655 1071 δευτέροις
693 1002 792 1072 τὴν
829 1002 1101 1072 προτέραν
1140 997 1328 1064 αὔξειν
1361 994 1736 1066 παρανομίαν,
1773 990 1869 1044 καὶ
1892 989 1975 1042 δέ-

383 1113 478 1165 χου
517 1095 607 1148 τὸν
630 1095 832 1163 δεσμὸν
853 1088 899 1162 ᾧ
928 1093 1064 1155 Θεὸς
1103 1094 1131 1144 ὁ
1159 1090 1267 1143 τῶν
1296 1090 1434 1144 ὅλων
1453 1087 1734 1157 Δεσπότης
1760 1082 1973 1138 ἄνωθεν

382 1189 596 1256 γίνεται
642 1185 956 1255 σύμψηφος.
1021 1182 1286 1253 Ἰατρικὸς
1315 1181 1371 1234 δὲ
1411 1174 1568 1240 οὗτος
1604 1177 1697 1231 καὶ
1755 1172 1971 1242 ὑγιείας

363 1296 471 1335 ,σοι
506 1278 787 1351 πρόξενος,
818 1279 866 1331 εἰ
896 1278 970 1347 μή
1004 1293 1108 1330 που
1139 1274 1492 1344 ἀθεράπευτα
1525 1271 1757 1339 πάσχειν
1795 1280 1969 1336 προῃ-

386 1372 560 1441 ρὴσω.

2082 543 2188 589 tur.
2213 534 2428 601 Quibus
2458 552 2590 606 ergo
2622 540 2798 595 oeulis
2818 546 3130 600 communis
3154 546 3368 605 Domini
3402 553 3665 623 templum

2082 626 2379 695 adSpicics,
2442 629 2713 698 quibusve
2765 634 3001 702 pedibus
3049 647 3300 693 sanctum
3354 640 3459 697 hoc
3516 647 3670 714 pavi—

2083 728 2328 772 mentum
2360 724 2616 789 premes?
2654 728 2933 793 quomodo
2989 738 3174 784 autem
3227 748 3424 790 manus
3471 748 3671 793 exten-

2082 806 2197 868 des.
2229 810 2431 865 calenti
2460 813 2643 869 adhuc
2660 821 2929 887 sanguine
2952 820 3247 888 stillantes,
3275 833 3366 880 aut
3390 832 3674 897 quomoda

2082 899 2284 955 talibus
2314 904 2571 960 manibus
2591 908 2835 977 excipies
2855 925 3268 970 sacrosanctum
3302 918 3521 974 Domini
3546 936 3672 976 cor-

2082 1005 2208 1061 pus,
2233 1003 2289 1048 et
2320 996 2402 1049 ori
2431 996 2596 1053 etiam
2627 1001 2930 1070 pretiosum
2963 1006 3290 1077 sanguinem
3322 1010 3667 1079 admovebis,

2080 1099 2206 1138 cum
2238 1102 2335 1155 per
2369 1088 2463 1145 irae
2490 1090 2876 1163 impotentiam
2907 1107 3121 1153 tantum
3153 1102 3442 1172 sanguinis
3468 1115 3666 1161 contra

2072 1174 2164 1242 jus
2188 1191 2350 1234 omne
2386 1196 2452 1235 ac
2482 1181 2564 1238 fas
2606 1184 2917 1242 ell‘uderis?
2965 1189 3215 1247 Abscede
3276 1193 3468 1263 igitur,
3498 1206 3553 1253 et
3594 1213 3666 1252 ne

2078 1266 2415 1335 aggrediaris
2445 1271 2689 1340 priorem
2717 1275 2933 1346 culpam
2986 1281 3230 1336 secunda
3258 1285 3577 1355 cumulare;
3606 1299 3667 1344 et

2076 1356 2272 1449 escipe
2307 1360 2442 1417 illud
2497 1366 2776 1422 vinculum
2835 1372 2981 1439 quod
3033 1372 3254 1432 caelitus
3293 1377 3508 1449 judicio
3560 1396 3662 1437 suo

384 1467 530 1523 Deus
562 1469 953 1524 universorum
990 1463 1256 1518 Dominus
1288 1459 1600 1516 continuat.
1633 1455 1751 1511 Erit
1776 1460 1963 1508 autem
2012 1446 2148 1521 illud
2179 1451 2279 1507 tibi
2323 1456 2674 1527 medicinale,
2710 1478 2773 1516 ac
2811 1465 3069 1521 sanitatis
3143 1446 3506 1540 conciliator,
3549 1476 3661 1532 nisi

381 1560 526 1617 forte
550 1562 860 1617 insanabile
896 1560 1099 1614 vulnus
1132 1556 1343 1627 perpeti
1368 1554 1626 1625 elegeris.
1659 1572 1677 1603 ι

454 1657 584 1710 KA'.
636 1654 863 1717 Τούτοις
914 1652 1064 1719 εἴξας
1097 1654 1126 1703 ὁ
1174 1649 1432 1721 βασιλεὺς
1468 1650 1582 1710 τοῖς
1617 1645 1796 1713 λόγοις
1831 1639 1964 1710 (τοῖς

380 1732 491 1819 ἧὰρ
516 1748 685 1810 θείοις
712 1748 897 1816 νῦμοις
929 1743 1366 1814 ἐντεθραμμένος
1391 1740 1469 1793 ὢν
1486 1740 1603 1811 ᾔδει
1632 1734 1818 1804 σαφῶς
1843 1732 1964 1785 τίνα

2147 1638 2288 1694 XXI.
2334 1641 2642 1713 Imperator
2686 1664 2891 1718 parens
2951 1653 3039 1710 his
3088 1657 3445 1716 sermonibus
3487 1661 3653 1732 (nam

2071 1747 2196 1788 cum
2236 1752 2265 1791 a
2298 1752 2472 1807 puero
2500 1741 2554 1796 in
2578 1743 2792 1812 legibus
2820 1746 3026 1804 divinis
3049 1761 3196 1806 esset
3214 1752 3502 1820 educatus,
3528 1772 3653 1826 qua:

383 1841 485 1909 μὲν
526 1839 635 1893 τῶν
672 1838 884 1908 ίερέων,
911 1835 1033 1889 τίνα
1061 1834 1119 1889 δὲ
1148 1834 1257 1887 τῶν
1289 1833 1556 1904 βασιλέων
1588 1829 1740 1899 ἴδια),
1761 1826 1957 1880 στένων

2068 1827 2135 1883 ad
2155 1832 2474 1888 sacerdotes
2496 1836 2857 1905 pertinerent,
2876 1857 3065 1911 quaeve
3083 1844 3149 1898 ad
3171 1851 3653 1920 reges.perspicue

377 1936 516 2006 ὁμοῦ
536 1935 629 1989 καὶ
653 1932 905 2003 δακρύων
931 1927 1237 2001 δπανῆλθεν
1255 1929 1338 1991 είς
1365 1928 1435 1981 τὰ
1459 1925 1728 1996 βασίλεια.
1747 1920 1966 1987 Ὀγδόου

376 2027 435 2082 δὲ
469 2031 834 2099 παρελθόντος
860 2025 919 2089 ἐξ
949 2024 1161 2078 ἐκείνου
1196 2021 1366 2093 μηνὸς
1398 2015 1504 2091 ἧκε
1537 2017 1696 2087 μὲνὴ
1727 2013 1821 2068 τοῦ
1849 2014 1966 2067 Σω-

374 2122 542 2192 τῆρος
566 2120 724 2191 ήμῶν
743 2118 1024 2187 γενέθλιος
1067 2116 1229 2187 ἑορτή
1249 2130 1265 2146 ⁸
1303 2113 1552 2180 καθῆστο
1594 2110 1650 2163 δὲ
1682 2108 1819 2179 πρὸς
1853 2108 1967 2169 τοῖς

374 2211 674 2284 βασιλείοις
702 2210 986 2282 βαρύτατα
1011 2207 1224 2263 πενθῶν
1253 2205 1555 2266 Θεοδόσιος.
1590 2200 1761 2254 Τοῦτο
1814 2199 1967 2251 Ῥου-

374 2307 529 2378 qm;
567 2323 649 2370 τις
680 2307 982 2377 μάγιστρος
1000 2300 1310 2374 τηνικαῦτα
1335 2298 1487 2361 ιδὼν,
1518 2291 1837 2366 προσελθὼν
1875 2285 1966 2344 οἶα

370 2399 438 2473 δή
464 2399 705 2472 χρηστὸς
736 2397 897 2470 αὐτῷτ
941 2398 1038 2452 καὶ
1088 2395 1328 2464 συνήθης
1361 2393 1702 2447 ἔπυνθανετο
1752 2390 1853 2457 τὴν
1876 2387 1963 2439 at-

371 2496 515 2549 τίαν.
560 2494 625 2548 ’0
666 2492 724 2546 δὲ
759 2491 956 2561 πικρὸν
986 2487 1300 2559 ἀνοιμώξας
1328 2486 1423 2540 καὶ
1460 2484 1790 2554 θερμότερον
1826 2497 1961 2552 προ-

369 2588 503 2658 χὲας
532 2586 595 2638 τδ
610 2585 867 2655 δᾶκρυον,
910 2582 984 2635 Σὺ
1009 2581 1128 2651 μὲν,
1161 2572 1207 2632 ὧ
1250 2579 1525 2647 Ῥουφῖνε,
1555 2576 1809 2637 παίζειςν
1830 2572 1959 2640 ἔφη,

370 2680 480 2734 τῶν
508 2678 620 2750 γὰρ
647 2676 799 2745 ἐμῶν
833 2676 934 2728 οὐκ
957 2672 1267 2745 ἐπαισθάνῃ
1297 2670 1519 2725 κακῶν⁹
1554 2666 1667 2737 εγὼ
1705 2666 1762 2721 δὲ
1786 2666 1962 2719 στένω

370 2774 463 2826 καὶ
496 2771 857 2841 ὀλοφύρομαι,
894 2765 995 2837 τὴν
1026 2764 1270 2835 ἒμαυτοῦ
1308 2760 1600 2831 συμφορὰν
1638 2755 1963 2824 ἀναλογιζό-

373 2884 556 2937 μενος,
604 2866 753 2928 ὃπως
779 2867 894 2927 τοῖς
951 2861 1051 2932 μὲν
1083 2861 1330 2921 οἰκέταις
1362 2856 1459 2910 καὶ
1488 2858 1602 2918 τοῖς
1634 2852 1958 2922 προσαίταις

367 2961 639 3030 ἀνέῳκται
670 2958 697 3009 ὁ
736 2957 880 3015 θεῖος
927 2954 1087 3017 νεὼς,
1126 2953 1223 3006 καὶ
1245 2952 1480 3005 εἰσίασιν
1510 2948 1709 3010 ἀδεῶς,
1740 2947 1836 2998 καὶ
1864 2943 1957 2996 τὸν

365 3054 567 3106 οἰκεῖον
622 3049 960 3104 ἁντιϐολοῦσι
1020 3048 1342 3116 Δεσπότην’
1394 3043 1516 3111 ἐμοὶ
1555 3041 1612 3094 δὲ
1666 3039 1757 3093 καὶ
1791 3036 1953 3100 αὐτὸς

365 3146 567 3208 ἄϐατος
591 3185 605 3209 ,
631 3145 725 3196 καὶ
777 3142 914 3213 πρὸς
965 3140 1125 3193 τοῦτο
1156 3140 1184 3191 ὁ
1214 3137 1444 3208 οὐρανὸς
1487 3133 1914 3188 ἁποκέκλεισται
1935 3142 1949 3158 ⁶
1980 3198 2021 3214 Π

368 3198 653 3309 μέμνημαι
683 3235 793 3304 γὰρ
948 3198 1294 3300 Δεσποτικῆς
1324 3228 1528 3296 φωνῆς,
1586 3245 1605 3276 ι
1647 3224 1715 3277 Ὀ
1746 3225 1813 3277 ἂν
1848 3222 1944 3292 δή·
1979 3198 2020 3248 C

366 3347 495 3401 σητε
519 3371 536 3396 ,
572 3350 590 3383 ι
646 3329 935 3398 λεγούσης,
978 3345 997 3377 ‹
1033 3325 1124 3377 ἐπὶ
1168 3325 1265 3391 τῆς
1294 3322 1421 3392 γῆς,
1458 3321 1609 3372 ἔσται
1665 3315 1948 3386 δεδεμένον

362 3426 462 3479 καὶ
495 3426 553 3477 ἐν
583 3426 697 3487 τοῖς
734 3423 1010 3494 οὐρανοῖς.
1048 3438 1065 3470 ι

433 3622 564 3677 KB’.
605 3620 665 3673 '0
701 3619 756 3673 δὲ
821 3606 1103 3686 Ῥουφῖνός
1132 3613 1479 3684 ὑπουργῆσαι
1515 3611 1592 3682 τῷ
1624 3610 1836 3681 βασιλεῖ
1881 3607 1948 3661 τὰ
1997 3611 2005 3619 “

359 3715 497 3786 πρὸς
524 3711 825 3784 θεραπείαν
861 3709 1188 3780 βουλόμενος
1222 3710 1315 3762 καὶ
1362 3707 1522 3777 χάριν
1557 3703 1815 3775 εὔκαιρον
1844 3718 1948 3755 πα-

362 3808 606 3877 ρασχεῖν,
661 3802 1015 3876 Δραμοῦμαι,
1042 3815 1089 3854 ει
1126 3818 1209 3854 σοι
1235 3801 1405 3864 δοκεῖ,
1448 3798 1578 3867 ἔφη,
1607 3795 1816 3849 καὶτὸν
1854 3796 1947 3865 ἀρ-

357 3901 549 3971 χιερέα
596 3898 769 3953 πείσω
809 3896 1005 3958 πολλὰ,
1062 3896 1217 3964 φησι,
1258 3893 1476 3965 δεηθεὶς
1542 3890 1702 3943 λῦσαί
1751 3905 1811 3941 σε
1836 3887 1947 3941 τῶν

355 3994 593 4062 δεσμῶν.
663 3992 804 4045 Ἀλλ’
830 3990 891 4043 οὐ
914 3989 1289 4058 πεισθήσεται,
1320 3987 1425 4057 ἔφη
1455 3987 1482 4037 ὁ
1508 3983 1759 4056 βασιλεύς
1777 3999 1791 4014 ο
1828 3977 1946 4035 οῖδα

355 4088 467 4156 γὰρ
496 4086 607 4155 ἐγὼ
630 4087 731 4156 τῆς
772 4081 1106 4154 Ἀμϐροσίου
1145 4079 1333 4150 ψήφου
1364 4079 1423 4132 τὸ
1459 4078 1669 4131 δίκαιον
1695 4092 1707 4105 ·
1743 4076 1803 4130 οὐ
1835 4075 1945 4145 γὰρ

354 4179 627 4241 αἰδεσθείς
660 4178 761 4248 τῆς
791 4173 1071 4246 βασιλείας
1100 4173 1203 4242 τὴν
1253 4172 1505 4238 ἐξουσίαν
1539 4167 1629 4221 τὸν
1662 4168 1804 4221 θεῖον
1837 4183 1945 4219 πα-

356 4270 660 4342 ραϐήσεταί
688 4286 819 4323 ποτε
845 4267 1030 4338 νόμον.
1067 4265 1289 4335 Ἐπειδὴ
1321 4265 1377 4317 δὲ
1408 4263 1500 4316 καὶ
1526 4262 1708 4324 ἄλλοις
1732 4260 1941 4312 πλείοσι

353 4364 699 4434 χρησάμενος
734 4363 761 4414 ὁ
805 4361 1085 4427 Ῥουφῖνος
1106 4359 1288 4426 λόγοις
1321 4357 1535 4408 πείσειν
1565 4354 1831 4422 ὑπέσχετο
1851 4350 1942 4403 τὸν

355 4455 528 4523 μέγαν
570 4454 926 4524 ’Λμϐρὸσιον,
965 4451 1215 4505 ἀπελθεῖν
1251 4450 1414 4501 αὐτδν
1445 4449 1471 4499 ὁ
1520 4445 1775 4516 βασιλεὺς
1800 4443 1941 4496 κατά

2074 1926 2369 1997 noverat),
2396 1930 2634 1997 gemitus
2666 1946 2731 1987 ac
2768 1934 3037 2006 lacrymas
3076 1937 3237 1994 simul
3290 1941 3650 2009 profundens,

2073 2015 2129 2070 in
2176 2020 2438 2087 palatium
2478 2038 2538 2077 se
2597 2024 2815 2095 recipit.
2865 2026 3074 2085 Octavo
3128 2042 3313 2088 autem
3351 2050 3542 2092 mense
3580 2038 3649 2091 ah

2074 2110 2203 2165 hinc.
2232 2112 2438 2182 elapso,
2472 2116 2624 2170 venit
2662 2118 2886 2187 quidem
2923 2120 3225 2180 Salvatoris
3258 2130 3430 2182 nostri
3464 2132 3650 2184 natale

2071 2202 2292 2270 festum,
2321 2207 2671 2265 Theodosius
2716 2228 2849 2268 vero
2879 2214 2936 2269 in
2969 2216 3121 2287 regia
3173 2220 3376 2277 sedens
3416 2225 3651 2281 amaris-

2068 2296 2208 2351 sime
2242 2296 2428 2357 ﬂebat.
2458 2300 2514 2355 Id
2552 2301 2787 2359 Ruﬁnus
2825 2305 3055 2375 quidam
3081 2320 3211 2365 tunc
3240 2315 3506 2382 temporis
3535 2332 3650 2371 ma-

2066 2388 2239 2457 gister
2267 2391 2458 2459 palatii
2482 2407 2606 2448 eum
2649 2396 2999 2466 pervidisset,
3032 2401 3099 2455 ad
3162 2418 3290 2458 eum
3353 2408 3646 2477 accedens,

2066 2481 2234 2537 homo
2261 2484 2523 2542 videlicet
2544 2488 2773 2546 domino
2795 2491 2948 2549 utilis
2979 2509 3045 2549 ac
3076 2495 3387 2565 familiaris,
3424 2516 3646 2559 causam

2068 2576 2313 2647 rogabat.
2352 2579 2491 2635 Tum
2533 2597 2668 2638 vero
2702 2585 2795 2641 ille
2819 2587 3017 2643 acerbe
3049 2605 3295 2660 gemens,
3326 2602 3382 2648 et
3422 2595 3649 2653 calidio-

2065 2673 2222 2728 ribus
2279 2688 2506 2732 manans
2561 2678 2782 2735 ﬂetibus
2824 2701 2839 2735 :
2885 2683 2966 2737 Tu
3018 2684 3240 2754 quidem
3268 2728 3283 2753 ,
3321 2687 3522 2757 inquit,
3563 2691 3649 2744 lu-

2061 2766 2168 2833 dis,
2199 2768 2400 2823 Rutine
2428 2784 2443 2834 ;
2470 2785 2589 2823 mea
2614 2772 2763 2826 enim
2789 2774 2930 2828 mala
2953 2789 3060 2829 non
3104 2779 3295 2834 sentis.
3325 2781 3438 2850 Ego
3458 2791 3642 2838 autem

2061 2874 2221 2929 gemo
2241 2870 2407 2931 atque
2437 2861 2665 2932 deploro
2699 2880 2873 2919 meam
2899 2867 3072 2936 ipsius
3103 2870 3641 2938 ealamilatem,dum

2059 2967 2275 3007 mecum
2302 2963 2499 3023 reputo
2521 2955 2770 3010 divinum
2799 2959 3059 3028 templum
3094 2961 3314 3017 famulis
3356 2966 3522 3019 etiam
3561 2975 3643 3020 at-

2058 3060 2166 3115 que
2189 3047 2461 3103 mendicis
2483 3057 2732 3117 apertum
2758 3067 2902 3117 esse,
2926 3053 3344 3125 ingressumque
3377 3056 3505 3111 illuc
3560 3068 3640 3114 tu-

2059 3148 2173 3193 tum
2198 3154 2261 3193 ac
2282 3139 2521 3195 liberum
2552 3150 2739 3212 patere
2762 3144 2903 3211 illis,
2930 3153 2990 3199 ut
3024 3147 3311 3216 proprium
3346 3150 3635 3207 Dominum

2058 3233 2163 3302 ipsi
2198 3237 2532 3290 conveniant
2564 3238 2741 3292 :mihi
2776 3247 2959 3294 autem
3007 3241 3112 3297 hoc
3148 3243 3293 3297 inter
3319 3243 3547 3312 dicitur,
3581 3257 3639 3303 et

2048 3335 2313 3398 prmterea
2357 3329 2558 3385 coelum
2616 3333 2782 3386 etiam
2846 3332 3207 3389 interclusum
3265 3344 3370 3391 est.
3414 3337 3636 3394 Memini

2047 3421 2252 3491 quippe
2269 3421 2749 3491 Dominicaavocis,
2764 3440 2868 3494 qua
2885 3428 3298 3499 promulgatur:
3324 3449 3342 3481 ι
3360 3428 3636 3501 Quidquid

2049 3514 2354 3584 Iigaveritis
2377 3531 2545 3588 super
2571 3525 2797 3584 terram,
2815 3520 2923 3574 erit
2952 3520 3177 3591 ligatum
3210 3529 3268 3576 et
3304 3521 3357 3577 in
3392 3523 3570 3578 caelis.
3610 3542 3630 3577 ι

2119 3611 2284 3666 XXII.
2316 3611 2550 3668 Ruﬁnus
2584 3629 2718 3670 vero
2771 3613 3103 3670 medicinam
3159 3618 3273 3686 regi
3322 3618 3637 3674 ministrare

2049 3705 2263 3772 volens,
2287 3719 2349 3759 ac
2374 3707 2763 3775 tempestivum
2817 3705 3146 3761 beneficium
3202 3708 3282 3763 illi
3342 3709 3632 3777 praebere:

2046 3795 2299 3864 Curram,
2337 3798 2517 3867 inquit
2544 3841 2557 3865 ,
2584 3799 2631 3854 si
2664 3798 2763 3853 tibi
2795 3798 2994 3869 placet,
3019 3808 3075 3854 et
3104 3800 3367 3870 episcopo
3403 3800 3458 3855 id
3509 3816 3636 3871 per-

2048 3889 2290 3944 suadebo
2324 3892 2511 3945 multis
2547 3892 2825 3959 precibus,
2862 3901 2921 3946 ut
2956 3902 3008 3947 te
3040 3908 3066 3945 a
3097 3894 3337 3948 vinculis
3375 3895 3499 3947 istis
3537 3895 3635 3949 ab-

2047 3985 2239 4038 solvat.
2284 3984 2389 4038 Sed
2414 4001 2521 4038 non
2560 3986 2652 4039 ille
2686 3987 3131 4053 persuadebitur,
3176 3987 3253 4040 ait
3294 3988 3629 4056 imperator;

2045 4091 2211 4146 quam
2248 4077 2394 4131 enim
2444 4077 2652 4147 justum
2691 4077 2965 4132 Ambrosii
3018 4077 3289 4148 judicium
3339 4079 3428 4144 sit,
3485 4095 3633 4134 com-

2046 4178 2260 4237 pertum
2290 4169 2489 4225 habeo.
2519 4171 2631 4225 Nec
2661 4187 2826 4241 porro
2876 4171 2966 4226 ille
3005 4188 3244 4242 unquam
3296 4173 3627 4240 cou'imittct,

2047 4270 2107 4315 ut
2162 4263 2468 4331 imperialis
2515 4266 2773 4333 potentia:
2833 4260 3093 4334 respectu
3141 4263 3385 4319 divinam
3453 4266 3628 4337 legem

2046 4355 2496 4424 transgrediritur.
2538 4359 2604 4410 At
2651 4364 3007 4426 posteaquam
3068 4356 3332 4413 adhibitis
3375 4359 3631 4429 pluribus

2045 4448 2167 4502 aliis
2199 4448 2527 4513 rationibus,
2560 4449 2793 4502 ltuliaius
2821 4448 3180 4517 promittebat
3215 4466 3253 4507 a_
3279 4466 3475 4520 magno
3504 4451 3631 4505 Am-

355 4550 516 4620 τάχος
549 4548 790 4612 ἐκέλευε,
828 4548 923 4600 καὶ
957 4546 1120 4608 αὐτὸς
1144 4545 1200 4598 δὲ
1242 4543 1344 4595 ὑπὸ
1382 4542 1480 4609 τῆς
1520 4540 1734 4600 ἐλπίδος
1759 4538 1941 4589 δελεα-

2058 4539 2234 4594 ὺτοξίο
2268 4556 2380 4593 rem
2434 4556 2491 4592 se
2543 4538 2689 4591 haud
2741 4537 2909 4592 dubie
2958 4538 3404 4607 impetraturum,
3462 4540 3633 4609 juSsit

353 4641 502 4704 σθεὶς
530 4640 869 4711 ἠκολούθησε
923 4639 1060 4717 μετὰ
1112 4635 1283 4708 βραχὺ
1315 4636 1433 4697 ταῖς
1484 4631 1808 4700 ὑποσχέσεσι
1842 4627 1935 4681 τοῦ

364 4730 649 4801 Ῥουφίνου
684 4731 1003 4793 πιστεύσας.
1064 4729 1272 4781 Αὐτίκα
1322 4726 1453 4794 γοῦν
1513 4724 1604 4776 τὸν
1657 4722 1934 4790 Ῥουφῖνον

348 4828 371 4879 ἐ
407 4827 549 4890 θεῖος
580 4825 927 4896 ’Δμϐρόσιος,
952 4844 969 4874 ι
1003 4822 1114 4893 Τὴν
1134 4821 1242 4874 τῶν
1265 4819 1464 4883 κυνῶν,
1489 4812 1931 4886 ἔφη.ἁ’ναίδειαν,

345 4913 390 4971 ὦ
420 4920 693 4988 Ῥονιρῖνε,
728 4916 933 4989 ζηλοῖς,
963 4919 1055 4968 καὶ
1097 4914 1219 4967 οὕτε
1261 4912 1539 4985 ἐρυθριᾷς,
1575 4908 1699 4962 οὔτε
1731 4907 1929 4969 δέδιας,

343 5008 600 5061 τοσοῦτον
619 5008 761 5060 κατὰ
778 5007 875 5076 τῆς
904 5006 1052 5067 θείας
1079 5004 1347 5071 λυττήσας
1378 5003 1619 5064 εἰκὸιοςς
1656 5019 1672 5050 ι
1713 4997 1929 5064 Ἐπειδὴ

341 5103 401 5154 δὲ
431 5101 458 5150 ὁ
504 5098 782 5167 Ῥουφῖνος
810 5096 1107 5169 ἠντιϐόλει,
1144 5096 1240 5149 καὶ
1290 5096 1380 5148 τδν
1410 5094 1635 5163 βασιλέα
1673 5093 1811 5163 μετᾶ
1846 5109 1933 5156 μι-

342 5193 475 5261 κρὸν
492 5191 642 5262 ἥξειν
666 5193 871 5259 ἔλεγεν,
891 5190 996 5242 ὑπὸ
1021 5191 1111 5243 τοῦ
1144 5188 1288 5242 θείου
1321 5187 1483 5258 ζήλου
1514 5183 1886 5257 πυρποληθε¹ις
1904 5186 1932 5236 ὁ

341 5283 485 5348 θεῖος
512 5279 869 5356 ’⁸Λμ6ροσιος,
906 5304 925 5337 t
961 5283 1123 5353 Ἐγὼ,
1161 5283 1285 5351 Em,
1311 5275 1643 5350 ῶῬουφῖνε,
1678 5278 1821 5349 φημὶ
1847 5280 1929 5331 ὅτι

340 5379 573 5431 κωλύσω
604 5379 713 5431 τῶν
748 5378 911 5448 ἱερῶν
941 5378 1107 5431 αὐτὸν
1141 5374 1399 5444 ἐπιῦἧναι
1435 5375 1756 5444 προθύρων·
1785 5374 1833 5424 εί
1871 5373 1925 5423 δέ

338 5488 403 5538 γε
438 5474 515 5534 εἰς
551 5473 844 5541 τυραννίδα
901 5470 999 5541 τὴν
1032 5466 1314 5540 βασιλείαν
1361 5466 1670 5537 μεθίστησι,
1702 5464 1926 5535 δέξομαι

338 5563 501 5629 κάγὼ
535 5565 655 5632 μεθ’
684 5564 875 5635 ἡδονῆς
906 5565 1004 5635 τὴν
1033 5564 1270 5633 σφαγήν.
1318 5581 1336 5612 ι

2046 4631 2351 4700 imperator
2376 4644 2538 4699 quam
2568 4628 2832 4683 citissime
2865 4627 3018 4680 illum
3069 4628 3240 4681 abire.
3270 4628 3390 4694 Ipse
3445 4635 3628 4681 autem

2045 4740 2141 4793 spe
2168 4724 2465 4785 inescatus,
2490 4730 2612 4791 post
2647 4737 2757 4774 non
2797 4721 3029 4774 multum
3092 4723 3357 4790 temporis
3403 4731 3627 4776 seeiitus

2043 4826 2147 4878 est,
2181 4820 2239 4867 ut
2273 4817 2365 4883 qui
2391 4812 2576 4867 Ruﬁni
2632 4811 3101 4882 promissionihus
3159 4811 3320 4865 [idem
3377 4812 3623 4866 haberet.

2042 4906 2343 4960 Confestim
2379 4921 2513 4959 vero
2551 4904 2820 4959 allocutus
2862 4905 3121 4958 Rufinum
3187 4900 3345 4956 divus
3393 4903 3630 4957 Ambro-

2041 4999 2194 5053 sius:
2243 5019 2259 5048 ι
2301 4994 2533 5064 Canum,
2564 4999 2763 5068 inquit,
2799 4998 3224 5067 impudentiam,
3249 4997 3470 5062 Ruliue,
3506 4998 3629 5052 inf-

2039 5091 2210 5158 tiris;
2244 5099 2291 5144 cl
2331 5106 2508 5159 neque
2544 5093 2846 5155 erubescis,
2885 5106 3061 5158 neque
3094 5089 3458 5158 pertimeseis,
3503 5105 3627 5144 eum

2038 5194 2183 5257 tanta
2218 5184 2367 5240 rabie
2405 5184 2673 5237 adversus
2707 5184 2777 5237 im
2802 5183 2997 5251 agitiem
3034 5181 3126 5235 Dei
3153 5181 3441 5235 szevicris?
3476 5201 3493 5232 ›
3518 5181 3626 5237 Ui:i

2035 5294 2166 5333 vero
2200 5279 2399 5336 institit
2452 5277 2706 5340 Rufinus,
2736 5286 2785 5329 et
2816 5278 3203 5344 imperatorem
3257 5273 3408 5328 brevi
3447 5272 3625 5343 spatio

2037 5374 2325 5442 interjecto
2372 5378 2666 5424 venturum
2722 5367 2881 5431 dixit,
2949 5366 3209 5419 incensus
3257 5364 3445 5418 divino
3502 5366 3623 5419 zelo

2040 5466 2265 5519 ὀςνὶιιιιε
2297 5463 2661 5518 Ambrosius:
2688 5479 2706 5512 ι
2749 5461 2882 5530 Ego,
2919 5458 3118 5530 inquit,
3153 5475 3184 5512 o
3209 5456 3426 5524 Rufine,
3482 5474 3624 5529 prae-

2038 5559 2163 5614 dico
2196 5574 2282 5611 me
2326 5554 2756 5625 prohibiturum,
2810 5569 2876 5607 ne
2933 5552 3017 5606 vel
3060 5552 3240 5621 ipsum
3299 5552 3483 5620 templi
3528 5569 3621 5607 ve-

335 5656 601 5713 stibulum
634 5660 842 5712 calcet:
879 5660 963 5712 sin
1005 5667 1187 5713 autem
1224 5658 1270 5711 is
1313 5658 1513 5726 t‘t‘ginm
1569 5666 1890 5728 pot‘stltem
1934 5661 1990 5715 in
2060 5652 2403 5729 tyrannidem
2469 5657 2667 5713 vertat,
2698 5665 2783 5701 me
2834 5664 3021 5702 necem
3089 5656 3445 5715 (Wr‘cpt'trtttn
3488 5662 3612 5741 cum

334 5749 637 5818 Voluptate.
679 5771 693 5800 ι

618 5845 861 5905 Ρηωη.
938 5849 1054 5907 ίὲιι.
1108 5849 1261 5908 CXV
1279 5850 1320 5906 Ξ.

3160 5836 3238 5894 23
