4142 6384
509 328 616 388 875

1702 304 2081 370 ADDENDA.
2126 323 2192 336 ·-
2235 296 2569 360 APRILIS.

3649 282 3756 350 87'

574 442 767 501 XXIII.
795 441 888 495 His
916 436 1135 501 auditis,
1171 434 1405 489 Ruﬁnus
1431 440 1486 486 et
1523 427 1803 487 Ambrosii
1840 434 2078 481 mentem
2109 467 2116 486 ι

2254 416 2378 474 Kl".
2412 416 2627 471 Τούτων
2663 413 2693 466 6
2730 410 3008 479 Ῥουφῖνος
3037 403 3277 468 ἀκούσας
3327 402 3527 475 μηνύει
3551 416 3615 457 τε
3653 401 3759 459 αύ-

507 533 826 608 imperaturi
852 545 949 602 per
970 527 1262 599 quemdam
1293 526 1442 580 illico
1472 520 1766 598 nuntiavit,
1795 526 1851 573 et
1882 526 1941 573 ut
1970 531 2084 572 ma-

2221 516 2312 569 ίκα
2337 514 2428 566 διά
2455 526 2601 573 τινος
2632 506 2710 579 τῷ
2748 504 2961 575 βασιλεῖ
2983 502 3082 573 τὴν
3115 498 3211 554 τοῦ
3264 496 3573 568 ἀρχιερέως
3618 493 3759 563 γνῶ.

510 635 666 685 neret
702 626 759 680 in
800 622 1023 694 palatio,
1051 622 1372 675 exhortatus
1420 624 1522 671 est.
1565 615 1871 683 Imperator
1923 623 2080 673 vero,

2189 623 2316 677 μην.
2349 603 2443 657 καὶ
2484 600 2668 672 μένειν
2690 596 2823 650 εἵσω
2868 594 2976 647 τῶν
3004 590 3293 663 βασιλείων
3331 584 3662 657 παρῄνεσεν.
3700 584 3760 637 Ὀ
3799 613 3804 622 -

509 721 605 792 qui
638 719 704 774 ad
745 717 985 772 medium
1026 714 1206 768 forum
1249 711 1361 781 jam
1410 714 1760 780 pervenerat,
1802 719 1928 760 cum
1965 702 2082 755 haec

2221 698 2243 751 ὲ
2281 696 2535 764 βασιλεὺς
2563 692 2666 763 ἤδη
2690 688 2834 744 κατὰ
2871 686 3043 757 μέσην
3072 683 3173 755 τὴν
3203 679 3410 792 ἁγορὰὲ
3436 676 3610 732 ταῦτα
3652 693 3759 747 μα-

510 811 761 869 audivit:
798 809 911 878 Ego
942 820 1187 877 pergam,
1224 802 1426 872 inquit,
1456 808 1511 854 et
1539 797 1768 853 insania:
1802 808 1937 849 mea:
1974 807 2087 862 pte-

426 881 443 889 ’
509 920 611 960 nas
639 901 938 957 exsolvam.
974 898 1268 964 Postquam
1299 906 1432 946 vero
1480 890 1537 943 in
1589 900 1809 942 sacrum
1864 890 2081 953 septum

507 1000 618 1070 jam
648 1002 877 1049 ventum
909 991 1033 1055 fuit,
1059 990 1116 1043 in
1144 987 1240 1042 Dei
1270 984 1497 1055 quidem
1530 982 1672 1036 aedes
1698 994 1808 1033 non
1831 986 1953 1032 erat
2001 976 2087 1030 in-

511 1104 755 1159 gressus,
784 1100 977 1141 verum
1031 1085 1086 1139 in
1136 1080 1454 1137 salutatoria
1507 1078 1672 1132 domo
1735 1072 2085 1137 consederat,

511 1185 628 1238 suis
659 1196 716 1236 se
748 1179 986 1234 vinculis
1017 1176 1153 1231 solvi
1208 1174 1480 1243 ﬂagitans.

586 1274 777 1329 XXIV.
804 1273 899 1327 llle
933 1284 1069 1325 vero
1105 1268 1452 1339 tyrannicum
1482 1265 1715 1321 vocabat
1738 1265 1857 1334 ejus
1889 1260 2093 1316 adven-

514 1377 657 1431 tum,
683 1380 748 1420 ac
787 1361 1163 1418 Theodosium
1192 1367 1382 1414 contra
1410 1359 1579 1413 Deum
1608 1356 1816 1420 furere,
1847 1367 1951 1408 nec
1979 1366 2091 1405 non

517 1460 694 1529 ipsius
723 1458 871 1526 leges
897 1455 1112 1510 calcare
1142 1450 1553 1521 pronuntiabat.
1588 1448 1888 1517 Imperator
1907 1454 2091 1499 autem

520 1553 578 1607 in
608 1550 940 1606 contritione
996 1545 1184 1601 cordis
1226 1560 1288 1599 ac
1312 1543 1506 1613 spiritu
1567 1538 1897 1595 humilitatis
1928 1554 1941 1590 :
1973 1535 2096 1590 Non

520 1644 749 1700 audacia
786 1642 1011 1705 ell'eror,
1068 1637 1278 1707 inquit,
1325 1635 1591 1689 adversus
1648 1631 1814 1702 leges,
1867 1643 1971 1684 nec
2013 1643 2101 1682 sa-

508 1750 677 1795 crum
699 1735 1084 1789 limenlcontra
1105 1730 1196 1801 jus
1222 1736 1280 1783 et
1314 1727 1394 1783 fas
1422 1735 1605 1781 terere
1659 1721 1980 1794 aggredior:
2002 1719 2097 1775 sed

523 1828 754 1880 obsecro
788 1831 864 1888 te,
898 1830 958 1876 ut
980 1836 1069 1876 me
1098 1818 1447 1874 vinculorum
1472 1830 1617 1871 nexu
1646 1815 1873 1880 liberes,
1898 1821 1957 1867 et
1982 1812 2101 1866 cle-

523 1916 729 1972 mentia
759 1913 1073 1969 communis
1129 1910 1347 1966 Domini
1392 1908 1464 1963 ob
1518 1907 1713 1963 oculos
1753 1905 1852 1960 tibi
1901 1902 2101 1974 posita,

518 2009 667 2065 mihi
695 2023 804 2061 non
840 2004 1146 2076 praecludas
1178 2005 1329 2059 illam
1357 2002 1602 2073 januam,
1638 2012 1806 2069 quam
1839 1996 2106 2050 Dominus

522 2101 648 2171 ipse
670 2101 888 2157 cunctis
936 2097 1155 2169 aperuit
1212 2094 1630 2167 paenitentibus.
1680 2090 1909 2156 Qualem
1952 2099 2104 2157 ergo.

528 2194 821 2264 episcOpus
887 2192 984 2257 ait,
1028 2188 1409 2261 pmnitentiam
1461 2183 1750 2241 ostendisti
1806 2190 1932 2251 post
1988 2185 2110 2234 tan-

529 2292 648 2337 tum
679 2280 1201 2350 scelus‘lquibusve
1249 2273 1670 2331 medicamentis
1717 2271 1949 2327 vulnera
2002 2268 2108 2323 ista

532 2373 600 2429 ad
634 2374 938 2429 sanandum
994 2368 1314 2427 difﬁcillima
1367 2367 1517 2423 coire
1585 2363 1765 2420 fecisti
1801 2359 1932 2417 ?Ad
1991 2358 2108 2417 hac

534 2465 836 2535 imperator
862 2462 918 2517 in
952 2461 1191 2519 contrito
1213 2458 1410 2530 spiritu
1446 2471 1641 2513 rursus
1674 2454 1899 2511 retulit:
1929 2453 2111 2508 Tuum

532 2566 619 2613 est
647 2555 876 2611 omnino
915 2562 973 2610 et
1005 2553 1324 2623 praecipere,
1364 2558 1422 2607 et
1467 2549 1827 2606 commiscere
1865 2545 2110 2602 medica-

527 2649 705 2704 mina.
756 2646 895 2702 Tum
938 2660 1072 2701 vero
1137 2644 1301 2699 divus
1358 2642 1722 2698 Ambrosius:
1752 2636 2110 2709 Quandoqui-

523 2741 683 2808 .dem,
716 2739 920 2810 inquit,
962 2738 1058 2794 ira:
1112 2736 1353 2806 proprias
1393 2734 1666 2807 permittis
1711 2731 1981 2804 judicium
2009 2770 2025 2797 ,
2055 2737 2113 2786 et

528 2852 647 2889 .non
685 2832 846 2899 ratio,
878 2830 975 2887 sed
1010 2830 1180 2889 animi
1202 2836 1370 2884 aestus
1394 2826 1723 2883 sententiam
1748 2823 1893 2880 fert:
1934 2822 2112 2893 legem

539 2923 855 2996 bujusmodi
893 2921 1058 2997 velim
1097 2919 1333 2986 saucias,
1356 2932 1479 2989 qua:
1532 2917 1817 2972 decretum
1875 2911 2112 2984 quodvis

536 3018 633 3073 ira:
668 3016 897 3087 impetu,
930 3014 1170 3068 otiosum
1194 3009 1388 3065 reddat
1411 3024 1476 3064 ac
1501 3005 1842 3078 superﬂuum
1868 3022 1884 3060 :
1917 3004 2112 3075 rapitis

2188 792 2317 856 θὼν,
2361 792 2614 858 ’Ᾱπειμι,
2647 785 2774 854 ἔφη,
2804 782 2900 835 καὶ
2927 780 3027 842 τὰς
3060 775 3273 837 δικαίας
3309 771 3534 841 δέξομαι
3563 784 3760 837 παροι-

2190 882 2330 946 νίας.
2375 877 2597 947 Ἐπειδὴ
2635 873 2694 929 δὲ
2713 873 2840 936 τοὺς
2866 870 3047 941 ἱεροὺς
3078 865 3399 937 περιϐόλους
3436 858 3760 922 κατέλαϐεν,
3789 858 3791 889 ῖ

2190 977 2271 1037 είς
2306 974 2407 1044 μὲν
2455 971 2547 1025 τὸν
2579 968 2724 1021 θεῖον
2764 965 2867 1019 οὐκ
2913 959 3252 1030 εἰσεληλύθει
3294 955 3464 1011 νεών·
3494 955 3550 1006 ἐν
3586 951 3645 1005 δὲ
3686 949 3765 1019 τῷ

2192 1065 2517 1135 ἀσπαστικῷ
2554 1064 2693 1133 οἴκῳ
2738 1060 3002 1130 καθῆστο,
3041 1053 3357 1124 ἐκλιπιρῶν
3399 1050 3511 1105 τῶν
3549 1046 3764 1117 δεσμῶν

2193 1160 2552 1230 ἀπολυθῆναι.

2265 1257 2390 1310 KA'.
2439 1252 2504 1308 '0
2524 1252 2580 1306 δὲ
2612 1247 2941 1323 τυραννικὴν
2965 1244 3153 1299 ἐκάλει
3181 1241 3281 1309 τὴν
3312 1235 3646 1308 παρουσίαν,
3669 1234 3783 1299 καὶ,

2194 1348 2335 1402 κατὰ
2362 1345 2498 1399 Θεοῦ
2528 1342 2828 1415 μεμηνέναι
2861 1339 2954 1392 τὸν
2982 1335 3261 1390 Θεοδόσιον
3309 1331 3486 1398 ἔλεγε,
3518 1327 3767 1390 καὶτοὺς

2196 1439 2406 1495 ἐκείνου
2432 1437 2629 1507 νόμους
2659 1434 2874 1488 πατεῖν.
2913 1431 2974 1483 '0
3001 1428 3059 1482 δέ
3107 1423 3361 1497 βασιλεὺς
3406 1423 3464 1475 ἐν
3497 1416 3763 1489 συντριϐῇ

2195 1531 2423 1601 καρδίας
2461 1529 2557 1582 καὶ
2604 1525 2877 1595 πνεύματι
2921 1518 3332 1580 ταπεινώσεως,
3377 1513 3455 1567 Ού
3506 1507 3771 1584 θρασύνο-

2202 1599 2320 1696 μαἰ,
2349 1621 2475 1691 ἔφη,
2513 1618 2658 1674 κατὰ
2689 1616 2800 1671 τῶν
2836 1612 3104 1685 κειμένων
3138 1609 3343 1680 νόμων,
3376 1604 3500 1659 οὕδδ
3534 1599 3772 1696 MP???

2205 1691 2321 1788 μως
2349 1714 2608 1783 ἐπιϐῆναι
2657 1710 2766 1765 τῶν
2811 1707 2974 1778 ιερῶν
3003 1702 3292 1777 προθύρων
3338 1698 3564 1770 ἐφίεμαι
3584 1710 3602 1727 ⁸
3632 1691 3773 1788 ἀλλα

2207 1784 2268 1863 σέ
2319 1825 2411 1880 μοι
2444 1806 2608 1860 λῦσαι
2635 1805 2727 1858 τδν
2763 1801 2964 1871 δεσμὸν
3009 1796 3172 1863 ἀξιῶ,
3205 1796 3301 1848 καὶ
3338 1791 3440 1863 τὴν
3469 1788 3563 1843 τοῦ
3594 1784 3775 1842 κοινοῦ

2206 1902 2478 1957 Δεσπότου
2517 1894 2936 1970 φιλανθρωπίαν
2986 1888 3332 1961 λογίσασθαι.
3374 1886 3473 1939 καὶ
3520 1881 3598 1952 μὴ
3627 1879 3776 1935 κλεί-

2209 1995 2300 2050 σαί
2337 2009 2427 2064 μοι
2457 1991 2650 2063 θύραν,
2683 1989 2751 2061 ἢν
2775 1988 2912 2041 πᾶσι
2943 1985 3057 2046 τοῖς
3108 1975 3445 2052 μεταμελείᾳ
3473 1973 3779 2064 χρωμένοις

2206 2088 2237 2142 6
2271 2058 2551 2155 Δεσπότης
2598 2058 2821 2151 ανέιρξε.
2861 2078 2970 2133 Kal
3009 2076 3039 2129 6
3090 2070 3401 2142 ἀρχιερεὺς,
3426 2066 3615 2127 ,Ποίαν
3644 2058 3780 2134 δοῦν,

2208 2177 2337 2249 Ιφη,
2392 2172 2758 2246 μεταμέλειαν
2804 2167 3015 2232 ἔδειξας
3045 2162 3189 2235 μετὰ
3233 2158 3490 2228 τοιαύτην
3534 2169 3782 2226 παρανο-

2214 2270 2344 2342 μίαν
2370 2286 2387 2335 ;
2412 2269 2598 2328 Ποίοις
2625 2263 2683 2318 δὲ
2714 2260 3033 2334 φαρμάκοις
3068 2255 3140 2310 τὰ
3159 2253 3389 2309 δυσίατα
3407 2248 3784 2342 ἐθεράπευσας

2207 2337 2535 2434 certumve;
2558 2358 2671 2412 Kal
2700 2357 2729 2409 6
2760 2351 3016 2426 βασιλεὺς
3052 2350 3113 2403 ἐν
3143 2342 3591 2416 συντετριμμένῳ
3617 2337 3786 2393 πνεύ-

2219 2431 2363 2526 ματι
2402 2446 2583 2515 αὖθις,
2622 2448 2724 2502 Σον
2758 2446 2943 2517 ἐργον,
2992 2441 3186 2512 ἐφησε,
3229 2435 3447 2499 πάντως
3476 2435 3573 2491 καὶ
3616 2431 3787 2526 δεῖξαι

2212 2525 2308 2602 καὶ
2342 2544 2575 2616 κεράσαι
2630 2539 2921 2612 φάρμακα.
2971 2536 3109 2591 Τότε
3140 2535 3173 2589 6
3231 2531 3378 2594 θεῖος
3442 2525 3787 2616 ’Δμϐρόσιος,

2224 2614 2445 2708 Ἐπειδῆ
2469 2636 2547 2707 τῷ
2567 2633 2729 2706 θυμῷ
2751 2630 2995 2698 δικάζειν
3015 2628 3356 2698 ἐπιτρέπεις,
3377 2619 3620 2692 tumul
3632 2616 3735 2688 οὐχ
3758 2614 3788 2671 6

2216 2732 2477 2804 λογισμὸς
2503 2730 2602 2801 τὴν
2637 2728 2862 2797 γνῶσιν,
2886 2724 3024 2780 ἀλλὰ
3045 2724 3077 2777 6
3102 2719 3277 2791 θυμὸς
3307 2716 3557 2787 ἐκφέρει,
3575 2710 3790 2804 γράψον

2213 2803 2389 2896 νόμον
2411 2825 2506 2888 τοῦ
2552 2822 2724 2893 θυμοῦ
2761 2820 2861 2885 τὰς
2917 2818 3137 2890 ψήφους
3190 2814 3367 2885 ἀργὰς
3406 2809 3665 2864 ποιοῦντα
3694 2803 3789 2863 καὶ

2215 2915 2496 2992 περιττὰς,
2511 2914 2607 2970 καὶ
2627 2912 2919 2986 τριάκοντα
2933 2910 3148 2983 ἡμέρας
3174 2909 3230 2963 at
3262 2902 3481 2974 φονιειαὶ⁵
3491 2899 3585 2955 καὶ
3598 2897 3799 2992 δημιευῖ

2215 2987 2367 3067 τικαὶ
2428 3007 2741 3079 μενέτωσαν
2803 3003 3033 3074 γνώσεις
3094 3003 3155 3056 ἐν
3182 2998 3501 3071 γράμμασι,
3552 2995 3651 3064 τὴν
3695 2987 3793 3045 τοῦ

532 3123 671 3164 vero
705 3082 993 3163 sententiae
1017 3105 1105 3160 vel
1131 3103 1311 3160 exsilii
1341 3102 1565 3174 triginta
1594 3098 1725 3156 dies
1751 3098 1970 3167 scriptas
1998 3112 2113 3152 ma-

2221 3098 2484 3172 λογισμοῦ
2515 3096 2947 3171 προσδεχόμεναι
2994 3092 3201 3163 κρίσιν.
3232 3086 3568 3144 Διελθουσῶν
3596 3084 3654 3138 δέ
3688 3082 3796 3138 τῶν

539 3210 726 3266 neant,
770 3199 998 3254 rationis
1017 3197 1290 3268 judicium
1320 3193 1695 3265 Opperientes.
1747 3189 1968 3245 Exactis
2019 3202 2117 3244 au-

539 3301 650 3348 tem
677 3292 903 3362 triginta
941 3290 1162 3356 diebus,
1214 3288 1310 3358 qui
1364 3291 1664 3342 exararunt
1713 3282 1935 3338 decreta
2000 3282 2114 3349 illa,

539 3386 733 3440 eadem
761 3386 1098 3440 exhibeant:
1159 3392 1216 3437 et
1253 3381 1542 3437 iracundia
1599 3378 1807 3437 tamdiu
1844 3376 2116 3447 requieta,

541 3493 728 3534 secum
749 3478 877 3548 ipsa
902 3478 1043 3532 ratio
1088 3476 1368 3548 judicans,
1416 3475 1659 3544 priorem
1697 3469 1973 3540 expendat
2024 3483 2119 3524 co—

532 3570 866 3640 gnitionem,
907 3569 1297 3638 examinetque
1350 3566 1570 3637 justane
1595 3564 1688 3619 illa
1715 3563 1807 3630 sit,
1860 3577 1930 3616 an
1958 3575 2122 3617 secus
2160 3586 2163 3591 -

540 3662 767 3717 habent.
802 3660 1090 3731 Siquidem
1114 3673 1279 3731 porro
1305 3658 1561 3729 iniquam
1584 3655 1890 3720 inveniant,
1915 3653 2123 3709 discer—

546 3764 637 3821 pat
671 3751 896 3821 scripta,
921 3756 978 3805 ct
1000 3748 1335 3806 sententiam
1367 3744 1585 3801 irritam
1614 3743 1843 3800 reddat:
1883 3743 1970 3797 sin
2026 3756 2125 3795 au-

544 3850 655 3897 tem
689 3855 843 3912 aequa
883 3830 1070 3904 fuerit,
1104 3839 1180 3894 ita
1215 3845 1466 3903 maneat;
1509 3852 1611 3892 nec
1647 3836 1871 3909 triginta
1908 3833 2124 3888 dierum

547 3947 813 3990 numerus
843 3930 1201 3987 labefactabit
1229 3938 1377 3985 recte
1411 3929 1677 4000 judicata.

624 4020 793 4076 XXV.
826 4019 1276 4075 Admonitionem
1304 4019 1447 4073 banc
1492 4019 1793 4087 imperator
1836 4017 1984 4072 ultro
2029 4015 2127 4072 ad-

553 4114 801 4180 mittens,
821 4122 877 4167 et
895 4127 1083 4166 secum
1119 4110 1324 4180 Optime
1351 4110 1439 4180 agi
1469 4110 1574 4165 sibi
1615 4110 1973 4180 persuadens,
1995 4124 2127 4165 con-

550 4207 708 4260 tinuo
729 4203 895 4276 jussit
927 4203 1104 4274 legem
1139 4201 1444 4273 praescribi.
1478 4216 1642 4271 quam
1666 4209 1721 4256 et
1773 4200 1972 4254 litteris
1999 4214 2130 4269 pro—

552 4298 682 4368 pria‘:
714 4311 908 4350 manus
937 4305 1109 4350 ratam
1138 4310 1201 4349 ac
1248 4294 1461 4347 lirmam
1506 4307 1630 4348 esse
1666 4292 1863 4347 voluit.
1903 4293 1997 4347 llis
2052 4291 2127 4349 ita

553 4390 735 4455 factis,
774 4387 936 4442 divus
963 4386 1288 4442 Ambrosius
1336 4384 1684 4456 imperatoris
1707 4384 1991 4439 vinculum
2024 4381 2131 4438 sol-

2225 3194 2520 3265 τριάκοντα
2569 3188 2795 3263 ἡμερῶν
2847 3189 2897 3241 οἱ
2954 3184 3025 3240 τὰ
3076 3183 3400 3253 ἐγνωσμένα
3457 3176 3796 3250 γεγραφότες

2221 3285 2591 3343 δεικνύτωσαν
2617 3283 2778 3349 αὐτὰ,
2808 3281 2903 3336 καὶ
2921 3277 3223 3350 τηνικαῦτα
3255 3275 3348 3331 τοῦ
3374 3275 3548 3344 θυμοῦ
3580 3286 3797 3325 πεπαυ-

2228 3381 2388 3451 μένου
2422 3377 2544 3432 καθ’
2573 3364 2767 3430 ἑαυτὸν
2792 3372 3027 3438 δικάζων
3049 3373 3078 3425 6
3101 3368 3364 3440 λογισμὸς
3389 3365 3693 3433 ἐξεταζέτω
3724 3360 3797 3417 τὰ

2226 3469 2566 3539 ἐγνωσμένα,
2597 3468 2692 3521 καὶ
2725 3464 3045 3521 σκεπτέσθω
3074 3458 3184 3534 ἆρά
3220 3477 3285 3530 γε
3312 3460 3498 3513 δίκαια
3530 3458 3565 3530 ἢ
3603 3456 3679 3525 μὴ
3706 3454 3800 3508 οῦς

2227 3578 2334 3625 τως
2363 3561 2557 3631 ἔχοντα
2607 3553 2741 3615 εἷεν.
2773 3557 2837 3611 Εἰ
2870 3556 2965 3628 μὲν
2997 3554 3092 3609 οῦν
3143 3554 3306 3609 ἄδικα
3342 3549 3517 3622 εὕροι,
3573 3549 3803 3617 διαρρη-

2226 3653 2407 3725 γνύτω
2427 3655 2496 3708 τὰ
2506 3649 2894 3722 γεγραμμένα,
2915 3648 3010 3702 καὶ
3026 3647 3124 3718 τὴν
3138 3646 3315 3716 ψῆφον
3329 3644 3533 3713 ἄκυρον
3551 3642 3795 3695 ποιεῖτον

2228 3749 2277 3807 εί
2307 3747 2364 3802 δὲ
2388 3746 2593 3810 δίκαια,
2630 3743 2808 3814 μένοι·
2841 3740 2984 3796 οὕτω
3017 3741 3113 3797 καὶ
3140 3741 3169 3793 6
3205 3739 3315 3792 τῶν
3343 3736 3639 3808 τριάκοντα
3666 3735 3805 3804 ἠμε-

2232 3838 2341 3909 ρῶν
2394 3836 2630 3909 ἀριθμὸς
2672 3834 2735 3889 οὐ
2773 3833 3093 3905 λυμανεῖται
3134 3832 3248 3897 τοῖς
3290 3827 3466 3900 ὀρθῶς
3524 3825 3803 3897 ἐγνωσμέ-

2231 3947 2363 3994 νοις.

2303 4020 2433 4076 ΚΕ’.
2459 4020 2671 4088 Ταύτην
2714 4018 2742 4071 6
2773 4016 3027 4088 βασιλεὺς
3049 4014 3339 4083 δεξάμενος
3361 4015 3459 4085 τὴν
3498 4014 3804 4085 είσὴγησιν,

2234 4114 2330 4167 καὶ
2354 4111 2551 4183 ἄριστα
2583 4109 2729 4180 ἔχειν
2761 4107 3071 4175 ὑπολαϐὼν,
3112 4108 3274 4172 εὐθὺς
3312 4107 3595 4177 γραφῆναί
3624 4122 3681 4160 τε
3713 4105 3807 4158 τὸν

2235 4201 2398 4270 νόμον
2444 4200 2724 4266 ἐκέλευσε,
2760 4202 2856 4255 καὶ
2899 4202 3010 4263 τοῖς
3044 4198 3252 4262 οἰκείας
3282 4198 3465 4269 χειρὸς
3507 4195 3808 4250 ἐϐεϐαίωσε

2235 4295 2547 4364 γράμμασι,
2573 4292 2778 4346 Τούτου
2808 4293 2865 4347 δὲ
2900 4294 3196 4362 γενομένου
3241 4292 3452 4347 διέλυσε
3480 4291 3572 4345 τὸν
3609 4290 3810 4359 δεσμὸν

2236 4386 2264 4439 6
2308 4385 2449 4446 θεῖος
2484 4382 2832 4456 Ἀμϐρόσιος,
2867 4383 2963 4438 καὶ
2989 4386 3018 4438 6
3060 4383 3313 4455 βασιλεὺς
3345 4384 3489 4437 εἴσω·
3528 4382 3810 4456 θαρρήσας

554 4482 668 4535 vit:
712 4479 1012 4550 imperator
1049 4488 1233 4533 autem
1264 4486 1480 4548 sumpta
1506 4476 1561 4531 in
1596 4475 1857 4559 templum
1889 4475 2116 4529 intrandi

2238 4472 2490 4543 γενέσθαι
2518 4473 2614 4528 τοῦ
2667 4473 2813 4528 θείου
2859 4473 3015 4541 ναοῦ,
3050 4474 3149 4545 οὐχ
3188 4473 3363 4537 ἑστὼς
3406 4473 3500 4528 τὸν
3529 4474 3812 4544 Δεσπότην

557 4575 780 4639 fiducia,
815 4587 925 4627 non
953 4580 1125 4637 stans,
1166 4585 1345 4640 neque
1399 4566 1455 4621 in
1511 4582 1687 4637 genua
1738 4564 2129 4636 procumbens,

555 4669 846 4723 Dominum
880 4665 1208 4737 precabatur
1232 4704 1248 4730 ,
1271 4662 1368 4718 sed
1401 4661 1459 4716 in
1491 4660 1671 4716 solum
1725 4659 1934 4714 nudum
1985 4657 2134 4730 deje-

555 4772 679 4815 ctus
706 4774 769 4813 ac
798 4765 1134 4829 prostratus,
1163 4752 1480 4811 Davidicam
1514 4751 1665 4808 illam
1692 4750 1880 4806 emisit
1903 4765 2130 4807 vocem:

564 4869 583 4902 ε
624 4848 891 4919 Αιηιαιεὶι,
926 4845 1205 4917 inquiens,
1246 4847 1564 4915 pavimento
1597 4841 1781 4897 anima
1844 4854 2006 4897 mea:
2044 4840 2134 4897 Vi-

557 4944 718 4998 vilica
781 4956 871 4997 me
914 4938 1222 4998 secundum
1273 4934 1503 4990 verbum
1558 4942 1713 4990 tuum
1758 4936 1797 4987 ³.
1840 4952 1860 4986 ι
1896 4933 1965 4989 Et
2018 4932 2132 4990 cri-

558 5053 658 5091 nes
719 5034 976 5090 manibus
1028 5032 1260 5098 vellens,
1309 5038 1365 5085 et
1405 5028 1604 5085 [aciem
1665 5028 2043 5096 contundens,
2079 5036 2135 5083 et

559 5127 804 5198 profusis
868 5123 1126 5198 lacrymis
1168 5121 1410 5194 irrigans
1464 5120 1866 5193 pavimentum,
1914 5121 2134 5176 veniam

559 5216 831 5288 consequi
854 5213 1203 5285 properabat.
1246 5212 1539 5282 Postquam
1562 5218 1745 5266 autem
1769 5210 1836 5265 ad
1853 5202 2135 5266 oﬂ'erenda

562 5327 731 5366 sacra:
761 5324 966 5365 mensa:
999 5321 1227 5362 munera
1255 5303 1471 5360 vocavit
1496 5313 1733 5374 tempus,
1764 5319 1888 5358 cum
1918 5302 2139 5360 fletibus

565 5422 676 5458 non
702 5407 884 5463 minus
906 5400 1147 5470 copiosis
1170 5413 1424 5471 surgens,
1454 5399 1655 5471 gradus
1674 5395 1865 5453 altaris
1892 5397 2135 5451 scandit:

564 5496 849 5550 oblatione
882 5508 1017 5548 vero
1076 5501 1353 5562 porrecta,
1407 5489 1549 5544 intra
1600 5488 1894 5552 cancellos,
1945 5497 2007 5544 ut
2060 5488 2136 5543 illi

566 5585 737 5655 moris
766 5593 905 5650 erat,
934 5581 1153 5637 mansit.
1188 5580 1295 5635 Sed
1325 5580 1478 5634 nullo
1510 5579 1693 5647 modo,
1721 5588 1781 5633 ut
1828 5579 1945 5636 haec
1979 5578 2141 5634 dissi-

568 5676 825 5740 mularet,
852 5675 951 5727 abs
980 5688 1038 5728 se
1073 5672 1387 5742 impetravit
1422 5686 1577 5725 sacer
1608 5671 1953 5727 Ambrosius:
1984 5680 2034 5726 at
2064 5671 2141 5725 lo-

561 5845 568 5851 ,
639 5789 655 5820 ¹
696 5786 1136 5852 Psal.cxv|n,9.5

2240 4567 2536 4634 ἱκέτευσεν,
2573 4566 2694 4621 οὐδὲ
2726 4569 2793 4621 τὰ
2824 4567 3027 4635 γόνατα
3062 4567 3270 4633 κλίνας,
3309 4566 3447 4621 ἀλλὰ
3474 4565 3689 4637 πρηνὴς
3715 4565 3814 4619 ἐπὶ

2239 4660 2448 4733 γυμνοῦ
2500 4656 2681 4717 πεσὼν
2725 4657 2821 4714 τοῦ
2869 4659 3101 4732 ἐδάφους
3152 4659 3252 4732 τὴν
3296 4659 3585 4729 Δαυῖδικὴν
3627 4656 3814 4728 ἀφῆκε

2241 4753 2447 4826 φωνὴν,
2493 4771 2513 4806 ε
2563 4752 2883 4825 Ἐκολλήθη,
2920 4771 2945 4808 ι
2978 4753 3172 4821 λέγων,
3211 4772 3230 4806 ι
3275 4751 3352 4824 τῷ
3390 4753 3579 4823 ἐδάφει
3603 4753 3640 4824 ἦ
3664 4751 3813 4821 ψυιή

2248 4862 2352 4917 μου
2377 4863 2392 4879 ο
2424 4845 2590 4914 ζῆσόν
2607 4863 2676 4917 με
2706 4845 2849 4900 κατὰ
2875 4845 2968 4900 τὸν
2989 4845 3149 4914 λόγον
3179 4862 3273 4900 σου
3297 4862 3312 4879 ο
3346 4863 3367 4899 ι
3394 4846 3490 4900 καὶ
3512 4848 3632 4908 ταῖς
3656 4844 3818 4914 χερσὶ

2243 4937 2438 4994 τίλλων
2461 4938 2559 5002 τὰς
2589 4937 2805 5010 τρίχας,
2832 4938 2925 4992 καὶ
2958 4937 3021 4992 τὸ
3044 4937 3293 5009 μέτωπον
3322 4935 3559 4999 τύπτων,
3581 4934 3674 4989 καὶ
3703 4935 3819 4997 τοῖς

2247 5031 2358 5085 τῶν
2392 5032 2643 5102 δακρύων
2674 5031 2899 5100 σταγόσι
2930 5032 2991 5084 τδ
3028 5031 3223 5101 εδαφος
3258 5028 3661 5100 καταρῤαίνων,
3682 5042 3819 5096 συγ-

2242 5122 2471 5193 γνώμης
2522 5122 2795 5192 ὴντιϐόλει
2827 5126 3028 5194 τυχεῖν.
3072 5121 3293 5193 Ἐπειδὴ
3325 5121 3382 5175 δέ
3430 5121 3523 5174 καὶ
3553 5121 3584 5174 6
3625 5119 3824 5190 καιρδς

2246 5217 2434 5270 ἐκάλει
2454 5218 2520 5288 τῇ
2554 5216 2676 5289 ἱερᾷ
2701 5216 2951 5289 τραπέζῃ
2975 5217 3041 5271 τὰ
3071 5215 3219 5286 δῶρα
3243 5217 3657 5287 προσενεγκεῖν,
3688 5215 3830 5267 ἀναμ-

2247 5309 2379 5372 στὰς
2408 5308 2547 5374 μετὰ
2570 5310 2681 5362 τῶν
2703 5308 2835 5363 ῐσων
2862 5307 3117 5379 δακρύων
3142 5304 3253 5361 τῶν
3284 5306 3603 5375 ἀνακτόρων
3625 5304 3822 5373 ἐπέϐη·

2245 5399 2631 5472 προσενεγκὼν
2653 5400 2731 5464 δέ,
2761 5401 2930 5466 ἔνδον,
2957 5401 3147 5468 ὥσπερ
3175 5398 3380 5465 εἰώθει,
3407 5400 3673 5470 παρὰτᾶς
3698 5415 3818 5464 κιγ-

2246 5492 2431 5556 κλίδας
2479 5494 2812 5562 μεμένηκεν.
2852 5491 2993 5545 Ἀλλ’
3024 5492 3178 5545 οὐδὲν
3219 5491 3392 5545 ταῦτα
3422 5494 3450 5545 6
3502 5491 3646 5563 ίερξς
3688 5490 3811 5558 Ἀμο

2248 5583 2463 5654 ϐρέαεος
2516 5585 2737 5654 σιγῆσαι
2786 5584 3069 5654 ἠνέσχετο,
3109 5584 3243 5637 ἀλλὰ
3276 5584 3368 5636 καὶ
3412 5583 3473 5635 τὸ
3506 5583 3616 5635 τῶν
3644 5584 3830 5634 τόπων

2248 5676 2486 5729 διδάσκει
2537 5677 2814 5745 διάφορον.
2863 5677 2975 5730 Kal
3021 5675 3215 5748 πρῶτα
3259 5676 3359 5746 μὲν
3388 5675 3553 5746 ἤρετο
3589 5676 3640 5729 εί
3682 5689 3829 5736 τινος
