4128 6384
531 273 645 342 879

1702 272 1961 337 ADDEN
1972 277 2091 338 DA.
2129 294 2193 312 *κ
2229 278 2549 341 APRILIS.

3688 284 3801 344 δδυ

532 410 656 464 qua:
686 393 909 448 virtutis
939 392 1247 447 seminibus
1266 391 1550 462 pulchram
1581 390 1634 445 in
1663 391 1896 461 conjuge
1919 391 2096 462 irriga-

2220 392 2317 463 λὴν
2346 394 2571 463 ἀρδείαν
2603 390 2696 447 καὶ
2724 395 3039 465 πρόσφορον
3072 395 3183 458 τοῖς,
3213 394 3313 466 τῆς
3347 395 3548 466 ἀρετῆς
3585 395 3681 450 τοῦ
3710 397 3812 451 ἁν-

534 486 737 540 tionem
764 484 1239 538 ctincrementum
1267 481 1512 550 praebere
1541 490 1785 549 possent,
1809 482 1966 550 prius
1998 482 2114 551 ipsa

531 589 694 644 quam
726 572 810 628 vir
841 571 956 626 l'ato
984 572 1174 625 functa
1207 580 1312 625 est.
1356 568 1605 639 Contigit
1634 579 1819 625 autem
1856 577 1984 640 pust
2018 570 2118 624 ali-

529 669 677 740 quod
705 680 925 738 tempus
944 667 1013 723 ab
1041 668 1162 738 ejus
1185 675 1361 720 morte
1385 664 1491 719 tale
1515 665 1646 735 quid
1675 664 1818 730 ﬁeri,
1852 664 1995 719 unde
2020 680 2117 735 pa-

528 766 634 818 lam
659 761 1056 821 innotesceret,
1087 775 1328 829 quonam
1352 759 1810 827 imperatorterga
1841 771 1962 811 eam
1986 757 2075 811 aui
2094 786 2113 800 -

528 873 639 920 m0,
703 862 976 924 quantave
1029 852 1297 906 charitatc
1354 860 1502 905 esset
1562 849 1814 904 allectus.
1873 847 2114 919 Cogeute

530 946 806 1016 siquidem
839 945 1108 1001 bellorum
1138 942 1470 1012 frequentia,
1509 940 1910 1011 imperator-rei
1948 955 2113 1009 pecu—

532 1038 724 1094 niaria:
752 1038 995 1107 inopiam
1025 1037 1288 1103 tolerans,
1322 1035 1524 1089 tributa
1540 1033 1742 1101 indixit
1769 1032 2109 1089 civitatibus.

530 1130 673 1185 Urbs
703 1129 870 1200 igitur
901 1128 1192 1184 Antiochia
1228 1143 1352 1183 cum
1383 1127 1519 1181 alias
1550 1126 1715 1182 urbes
1746 1125 1966 1181 tributis
1998 1124 2110 1179 illis

526 1220 783 1278 subditas
801 1223 1169 1292 conspiceret,
1188 1220 1451 1290 pecunias
1469 1233 1600 1274 vero
1616 1233 1715 1288 per
1737 1218 1842 1271 vim
1862 1215 2031 1286 exigi.
2044 1230 2109 1270 ac

528 1315 681 1370 nulla
709 1314 950 1370 admissa
980 1313 1367 1375 excusatione;
1396 1323 1692 1364 commune
1728 1308 1832 1362 hoc
1874 1307 2108 1379 vectigal

527 1422 875 1477 nequaquam
908 1405 1114 1468 ferens,
1145 1402 1242 1459 sed
1278 1402 1561 1456 turbarum
1590 1400 1940 1455 occasionem
1978 1400 2109 1457 hinc

523 1496 823 1565 arripiens,
864 1493 1049 1564 qualia
1085 1494 1280 1563 vulgus
1316 1491 1498 1546 facere
1528 1491 1690 1556 solet,
1728 1491 2005 1561 patravit:
2050 1502 2107 1548 et

528 1585 1165 1649 nobilissimae-Placillze,
1189 1584 1291 1638 hoc
1319 1584 1468 1639 enim
1491 1592 1614 1638 erat
1639 1584 1979 1654 imperatrici
2007 1601 2107 1640 no-

528 1696 677 1745 men,
708 1694 909 1734 aeream
941 1676 1324 1732 statuamasolo
1351 1675 1584 1744 adﬂixit,
1608 1676 1783 1747 ipsam
1811 1677 1977 1732 etiam
2002 1692 2102 1749 per

525 1770 709 1840 plures
732 1771 974 1826 civitatis
1006 1768 1538 1838 vicospertrabens.

532 1907 543 1925 τ
593 1882 765 1939 XXX.
790 1884 1119 1954 Imperator,
1141 1882 1248 1937 hac
1270 1897 1327 1937 re
1350 1883 1417 1938 ad
1440 1896 1499 1938 se
1517 1882 1721 1949 delata,
1751 1891 1964 1939 tantum
1984 1897 2106 1938 mo-

522 1976 716 2040 lestias,
743 1984 1012 2045 quantum
1036 1975 1286 2039 decebat,
1309 1975 1444 2031 hinc
1465 1976 1800 2046 percipiens,
1822 1991 1944 2031 eam
1966 1977 2102 2031 civi-

523 2076 691 2124 tatem
728 2067 971 2139 propriis
1008 2067 1227 2139 legibus
1254 2066 1452 2122 ablatis
1483 2070 1704 2132 multat,
1744 2068 2102 2140 vicinamque

523 2163 717 2217 urbem
743 2160 1090 2226 Laodiceam,
1111 2174 1233 2230 quae
1251 2168 1479 2230 propter
1498 2160 1657 2215 littus
1677 2159 1845 2215 maris
1862 2159 1968 2214 sita
1993 2169 2099 2227 est,

522 2253 601 2307 illi
627 2253 881 2323 praeﬁcit,
912 2253 1012 2308 hac
1045 2251 1393 2322 potissimum
1417 2252 1504 2307 via
1532 2252 1632 2322 ipsi
1657 2267 1800 2323 aegre
1833 2267 1893 2308 se
1921 2253 2099 2309 facere

518 2358 843 2414 persuasum
866 2344 1097 2409 habens;
1113 2357 1353 2410 namque
1372 2342 1722 2397 Antiochiam
1740 2358 1771 2397 a
1789 2343 1953 2413 longo
1970 2351 2101 2397 tem-

519 2449 652 2504 pore
678 2433 1043 2489 aemulabatur
1061 2432 1358 2488 Laodicea.
1394 2432 1625 2504 Insuper
1653 2440 1837 2488 autem
1863 2434 2011 2487 illam
2039 2448 2099 2490 se

518 2528 877 2583 incensurum
910 2541 977 2582 ac
1005 2526 1318 2582 deletorum
1346 2525 1732 2592 minitabatur,
1765 2540 1870 2580 nec
1897 2540 2005 2580 non
2040 2526 2097 2580 in

517 2635 721 2692 pagum
742 2620 992 2675 eamdem
1013 2634 1072 2675 se
1088 2633 1510 2674 conversurum:
1530 2634 1791 2690 proceres
1809 2634 1945 2675 vero
1961 2633 2099 2676 non-

516 2714 684 2769 nullis
703 2714 760 2769 in
782 2713 902 2782 ipso
918 2712 1183 2769 facinoris
1199 2720 1328 2768 actu
1350 2712 1643 2783 correptis,
1664 2721 1959 2782 antequam
1983 2721 2091 2767 tra-

515 2807 752 2877 gadiam
788 2806 1021 2862 resciret
1073 2820 1358 2876 princeps,
1388 2811 1622 2860 mortem
1659 2803 1991 2875 irrogarunt.
2026 2802 2095 2859 Et

516 2898 634 2954 haec
653 2899 877 2969 quidem
899 2907 1105 2954 cuncta
1125 2896 1570 2953 comminabatur
1595 2896 1960 2961 Theodosius,
1982 2911 2093 2952 non

513 2999 697 3047 tamen
721 2990 873 3046 illico
894 2989 1316 3060 exsequebatur,
1339 2987 1674 3058 prohibente
1697 2987 1802 3042 hoc
1825 2987 2090 3041 nimirum

2217 484 2342 554 δρὸς
2381 485 2543 556 ἔφερε
2578 487 2883 559 σπέρμασι.
2929 486 3178 558 Προτέρα
3217 488 3403 558 μέντοι
3435 488 3530 541 τοῦ
3565 488 3809 559 συζύγου

2216 575 2558 647 ἐτελεύτησε,
2586 579 2682 633 καὶ
2711 577 2909 648 συνέϐη
2945 579 3088 648 μετά
3115 579 3310 650 χρόνον
3335 580 3461 634 τινὰ
3486 579 3589 650 τῆς
3616 582 3808 636 τελευ-

2216 668 2316 736 τῆς
2367 668 2573 722 τοιόνδε
2633 686 2686 724 τι
2725 669 2981 739 γενέσθαι
3014 670 3153 740 ὅπερ
3203 671 3306 741 τὴν
3342 670 3546 743 πολλὴν
3584 674 3808 744 ἐκείνην

2214 760 2309 814 τοῦ
2344 760 2616 831 βασιλέως
2651 760 2784 831 περὶ
2810 761 2983 832 αὐτὴν
3016 762 3256 815 διάθεσιν
3290 763 3387 817 καὶ
3410 764 3808 836 φιλοστοργίαν

2214 852 2522 917 ἀπέδειξεν.
2572 851 2710 906 ’Υπὸ
2736 851 2846 923 γὰρ
2872 852 2981 905 τῶν
3016 852 3228 923 συχνῶν
3261 854 3518 924 πολέμων
3557 855 3810 925 ἀναγκα-

2214 944 2443 1014 ζόμενος
2474 946 2501 997 δ
2524 944 2780 1015 βασιλεὺς
2810 945 2906 999 καὶ
2937 946 3239 1016 χρημάτων
3267 947 3567 1014 σπανίζων,
3597 948 3809 1019 φόρους

2211 1038 2333 1100 ταῖς
2367 1037 2586 1091 πόλεσιν
2625 1038 3000 1109 ἐπεγράψατο.
3041 1038 3109 1091 Ἦ
3150 1039 3430 1110 Ἀντιόχου
3481 1020 3668 1095 τοίνυν
3697 1059 3806 1111 φο-

2215 1126 2611 1199 ρολογουμένοις
2649 1129 2750 1193 τὰς
2780 1128 2980 1201 ἐτέρας
3023 1130 3207 1194 πόλεις
3236 1130 3422 1202 ὁρῶσα
3449 1132 3546 1185 καὶ⁵
3573 1133 3675 1187 σῦν
3701 1132 3807 1205 βίᾳ

2209 1222 2278 1273 τὰ
2322 1221 2583 1291 χρήματα
2617 1222 2710 1277 καὶ
2745 1223 3143 1293 ἀπαραιτήτως
3174 1225 3679 1296 εἰσπραττομένας,
3741 1228 3805 1280 τὸ

2210 1314 2393 1367 κοινὸν
2444 1313 2604 1368 τοῦτο
2639 1313 2794 1377 τέλος
2837 1314 2938 1378 οὐκ
2993 1314 3322 1383 ἐνεγκοῦσα,
3359 1316 3493 1370 ἄλλα
3539 1335 3601 1370 τε
3634 1321 3806 1373 ὁποῖα

2211 1403 2358 1471 φιλεῖ
2391 1402 2546 1473 ὄχλος
2577 1403 2853 1475 πρόφασιν
2877 1406 2957 1469 είς
2983 1405 3213 1470 ἀταξίαν
3244 1406 3542 1476 λαμϐάνων
3572 1408 3801 1480 ἔδρασε,

2209 1496 2305 1549 καὶ
2333 1495 2432 1566 τὴν
2463 1495 2672 1564 χαλκῆν
2721 1496 2904 1561 εἰκόνα
2936 1497 3036 1568 τῆς
3067 1499 3432 1570 πανευφήμου
3482 1501 3802 1571 Πλακίλλης

2208 1585 2389 1656 (τοῦτο
2416 1586 2529 1657 γὰρ
2557 1583 2625 1658 ἢν
2657 1586 2831 1657 ὄνομα
2859 1590 2923 1658 τῇ
2951 1586 3208 1659 βασιλίδι)
3237 1591 3546 1662 κατήνεγκε
3576 1593 3671 1646 καὶ
3697 1594 3800 1647 ἐπὶ

2207 1678 2341 1732 πολὺ
2368 1679 2468 1749 τῆς
2500 1678 2711 1743 πόλεως
2742 1681 3216 1752 κατασυρὰμενος.

2275 1874 2358 1932 Λν.
2390 1876 2575 1932 Ταῦτα
2611 1877 2913 1949 πυθόμενος
2943 1880 2973 1933 ὸ
3012 1879 3270 1951 βασιλεὺς
3310 1882 3408 1938 καὶ
3446 1883 3788 1956 χαλεπήναι

2203 1966 2403 2041 ὥσπερ.
2427 1971 2575 2035 είκὸς
2603 1967 2692 2044 ἦν,
2725 1973 2794 2027 τά
2816 1991 2875 2027 τε
2904 1974 3004 2043 τῆς
3030 1974 3242 2039 πόλεως
3283 1976 3543 2046 ἀφείλετο
3574 1979 3786 2045 δίκαια,

2201 2062 2299 2116 καὶ
2338 2064 2404 2134 τῇ
2446 2063 2650 2131 γείτονι
2698 2065 2853 2119 πόλει
2892 2066 3186 2138 Λαοδικείᾳ
3218 2070 3282 2140 τῇ
3328 2069 3479 2140 παρὰ
3507 2069 3789 2126 Θάλασσαν

2202 2154 2400 2209 δέδωκε
2430 2154 2528 2227 τὴν
2559 2158 2885 2228 ἡγεμονίαν,
2917 2159 3094 2231 ταύτῃ
3133 2160 3373 2229 μάλιστα
3421 2161 3662 2233 νομίζων
3684 2164 3786 2217 αύο

2201 2243 2326 2307 τοὺς
2384 2245 2670 2300 ἀνιάσειν·
2712 2247 3043 2319 ἐζηλοτύπει
3083 2250 3193 2321 γὰρ
3251 2252 3284 2322 ἡ
3339 2252 3633 2308 Λαοδίκεια
3681 2253 3785 2325 τὴν

2215 2334 2555 2406 Ἀντιόχειαν
2584 2337 2814 2392 ἄνωθεν.
2857 2340 3014 2395 Μετὰ
3051 2339 3110 2394 δὲ
3152 2340 3326 2396 ταῦτα
3361 2342 3459 2397 καὶ
3494 2343 3787 2416 ἐμπιπρᾷν

2200 2426 2416 2496 ἠπείλει
2452 2428 2545 2482 καὶ
2585 2428 2880 2484 καταλύειν
2931 2433 3028 2485 καὶ⁹
3065 2433 3147 2497 είς
3191 2433 3388 2505 κώμην
3417 2435 3480 2488 τὸ
3516 2434 3652 2489 ἄστυ
3685 2454 3784 2506 με-

2198 2519 2477 2575 ταϐαλεῖν.
2503 2521 2566 2574 Οἱ
2618 2521 2675 2574 δὲ
2704 2521 2969 2593 ἄρχοντες
3017 2526 3113 2578 καὶ
3168 2525 3380 2579 ἀνεῑλόν
3432 2543 3588 2591 τινας
3646 2527 3783 2599 παρ’

2199 2612 2329 2665 αὐτὸ
2365 2612 2723 2678 συλλαϐόντες
2755 2614 2819 2668 τὸ
2838 2615 3099 2686 τόλμημα
3121 2617 3252 2689 πρὶν
3277 2618 3483 2687 γνῶναι
3503 2621 3597 2674 τὸν
3627 2620 3784 2691 βασι-

2198 2704 2293 2758 λέα
2347 2705 2447 2776 τὴν
2485 2706 2818 2777 τραγῳδίαν.
2869 2707 3053 2761 Ταῦτα
3088 2708 3145 2762 δὲ
3207 2709 3387 2764 πάντα
3437 2713 3467 2765 δ
3524 2713 3783 2782 βασιλεὺς

2196 2797 2413 2868 ἠπείλει
2450 2798 2577 2868 μὲν,
2609 2799 2672 2852 ού
2724 2799 2834 2870 μὴν
2872 2802 3217 2873 παραχρῆμα
3261 2804 3456 2871 ἐποίει,
3486 2805 3647 2861 τοῦτο
3681 2806 3780 2863 τοῦ

2197 2892 2366 2961 νόμου
2393 2890 2699 2953 κωλύοντος
2716 2891 2777 2945 δν
2802 2891 3125 2962 Ἀμϐρόσιος
3147 2894 3176 2947 δ
3196 2894 3370 2964 μέγας
3394 2895 3619 2966 τεθῆναι
3638 2915 3781 2968 παρ-

2194 2982 2406 3054 ῄνεσεν.
2426 2982 2646 3054 Ἐπειδή
2686 2983 2743 3037 δὲ
2765 2982 2920 3053 παρὰ
2961 2983 3062 3055 τὴν
3089 2985 3419 3057 Ἀντιόχειαν
3448 2983 3585 3058 ἧκον
3598 2989 3649 3043 el
3679 2991 3778 3054 τὰς

512 3082 654 3152 lege,
672 3097 837 3153 quam
854 3082 1078 3137 hortatu
1097 3097 1200 3138 suo
1216 3096 1448 3152 magnus
1464 3080 1789 3135 Ambrosius
1804 3077 2089 3134 ferendam

2200 3073 2427 3138 ἀπειλὰς
2449 3075 2661 3138 ὲκείνας
2685 3074 3003 3145 κομίζοντες
3024 3080 3040 3146 (
3059 3075 3361 3148 Ἑλλένιχός
3380 3095 3441 3132 τε
3472 3082 3779 3151 στρατηγὸς

513 3148 821 3230 curaverat.
837 3173 943 3228 Sed
962 3148 1433 3244 posteaquam'qui
1451 3172 1631 3228 minas
1652 3171 1772 3227 illas
1784 3169 2088 3243 ferrejussi

2200 3165 2492 3237 τηνικαῦτα
2512 3164 2586 3219 ὢν
2609 3168 2703 3220 καὶ
2719 3166 3018 3234 Καισάριος
3067 3167 3174 3220 τῶν
3221 3169 3507 3240 βασιλείων
3541 3148 3780 3243 ἧγούμε-

515 3275 665 3328 sunt,
682 3273 955 3319 venerunt
974 3264 1028 3318 iu
1047 3263 1240 3319 urbem
1258 3263 1605 3319 Antiochiam
1624 3263 1754 3333 (dux
1768 3270 1951 3317 autem
1970 3271 2089 3318 erat

514 3366 645 3411 tunc
690 3355 1063 3419 Hellenichus,
1132 3365 1188 3409 et
1224 3355 1495 3411 Caesarius
1542 3353 1834 3425 praefectus
1888 3363 2086 3426 praeto-

515 3446 704 3511 rianis,
743 3445 1002 3515 magister
1027 3460 1159 3500 vero
1185 3462 1215 3500 a
1243 3446 1503 3502 Romanis
1543 3446 1748 3501 dicitur
1772 3488 1787 3513 ,
1818 3448 1911 3516 qui
1954 3447 2088 3503 ade-

512 3545 642 3607 ptus
684 3545 771 3591 est
826 3537 969 3591 hanc
1020 3534 1406 3608 dignitatem),
1451 3538 1692 3592 universi
1755 3538 1978 3608 quidem
2031 3539 2086 3593 in

510 3633 663 3681 metu
689 3623 1074 3687 versabantur,
1096 3625 1366 3683 minarum
1399 3629 1606 3682 exitum
1644 3625 2083 3683 reformidantes.

516 3717 744 3774 Virtutis
792 3726 978 3774 autem
1026 3718 1105 3773 illi
1141 3718 1359 3774 athletae
1385 3760 1400 3786 ,
1428 3718 1525 3790 qui
1561 3719 1631 3774 ad
1666 3719 1882 3775 radices
1930 3734 2089 3775 mon-

512 3811 650 3865 tium
690 3811 1036 3875 habitabant,
1068 3826 1304 3881 quorum
1351 3811 1547 3881 ingens
1575 3821 1695 3867 erat
1739 3820 1870 3866 tunc
1890 3809 2084 3866 multi-

2194 3273 2282 3318 νος
2306 3296 2320 3320 ,
2364 3256 2664 3326 μάγιστρον
2709 3256 2766 3309 δὲ
2807 3257 2854 3310 oi.
2887 3256 3148 3329 Ῥωμαῖοι
3173 3260 3400 3314 καλοῦσι
3427 3262 3520 3316 τὸν
3566 3262 3773 3335 ταύτην

2193 3348 2384 3419 ἔχοντα
2428 3347 2526 3419 τὴν
2552 3346 2771 3418 ἀρχὴν),
2798 3347 2857 3402 ἐν
2900 3348 3013 3402 δέει
3047 3350 3147 3419 μὲν
3191 3346 3334 3422 ἦσαν
3381 3351 3624 3419 ἅπαντες
3670 3358 3774 3418 τὰς

2189 3439 2422 3502 ἀπειλὰς
2475 3439 2934 3508 περιπεφρικότες
2966 3456 2979 3469 ·
3008 3443 3058 3494 οἱ
3113 3441 3170 3495 δὲ
3222 3444 3322 3515 τὴν
3369 3445 3659 3516 ὑπώρειαν,
3690 3452 3773 3502 ol-

2190 3532 2414 3593 κοῦντες
2459 3529 2558 3598 τῆς
2605 3529 2808 3600 ἀρετῆς
2851 3529 3083 3602 ἀθληταὶ
3128 3532 3337 3605 (πολλοὶ
3368 3535 3425 3588 δὲ
3459 3532 3600 3607 ἦσαν
3648 3541 3770 3592 κατ’

2189 3621 2366 3674 ἐκεῖνο
2422 3618 2637 3689 καιροῦ)
2682 3619 3012 3690 συνήχθοντο
3064 3624 3176 3684 τοῖς
3219 3625 3284 3694 τῇ
3336 3625 3535 3698 ἀπειλῇ
3579 3627 3774 3682 ὑποϐε-

2190 3714 2513 3785 ϐλημένοις,
2549 3714 2643 3769 καὶ
2705 3712 3060 3785 περιέτρεχον
3117 3719 3395 3789 πανταχοῦ
3422 3757 3439 3784 ,
3472 3720 3570 3774 καὶ
3626 3722 3767 3789 ὑπὲρ

2186 3807 2296 3861 τῶν
2333 3804 2714 3874 κολαζομένων
2743 3804 2818 3869 ὼς
2851 3805 3074 3861 δυνατὸν
3112 3809 3479 3878 παρεκάλουν.

513 3903 669 3970 tudo,
710 3905 944 3974 iis-quos
980 3903 1313 3973 percellebat
1382 3904 1776 3970 comminatio,
1843 3902 2338 3974 compatiebantur,
2385 3905 2443 3952 et
2512 3897 2945 3969 circumquaque
3016 3909 3339 3973 cursantes,
3398 3902 3468 3959 de
3526 3904 3594 3960 iis
3633 3906 3765 3961 viris

509 3996 605 4065 qui
645 3995 1164 4065 supplieiot‘uerant
1179 3995 1380 4063 allecti,
1403 4007 1671 4065 quantum
1693 3997 1915 4063 licebat,
1943 3997 2082 4053 alios
2120 3992 2467 4050 solabamur.

579 4086 775 4141 XXXI.
824 4087 979 4144 Unus
1032 4097 1217 4143 autem
1275 4104 1343 4143 ex
1395 4089 1507 4145 illis
1553 4099 1672 4146 erat
1716 4092 1799 4145 vir
1826 4099 2077 4152 sanctus.

2258 4084 2387 4139 AA'.
2420 4078 2514 4146 Εἷς
2537 4082 2595 4136 δέ
2623 4100 2708 4146 τις
2727 4080 2788 4148 ἐξ
2815 4082 2997 4138 αὐτῶν
3028 4085 3168 4156 ἀνὴρ
3189 4085 3367 4156 ἅγιος,
3402 4089 3575 4161 ἀρετῇ
3609 4091 3765 4165 πάσῃ

510 4185 815 4233 exornatus
839 4179 991 4233 omni
1016 4178 1242 4243 virtute,
1268 4186 1326 4232 et
1356 4178 1450 4248 qui
1479 4177 1570 4233 die
1609 4189 1881 4249 nocteque
1907 4193 2075 4249 puras

2200 4175 2602 4246 ιεκοσμημένος
2630 4176 2724 4229 καὶ
2755 4175 2970 4248 νύκτωρ
3008 4178 3103 4230 καὶ
3137 4180 3257 4249 μεθ’
3289 4181 3507 4252 ἡμέραν
3540 4182 3620 4253 τῷ
3648 4184 3763 4238 Σω-

509 4276 793 4331 orationes
829 4279 1075 4330 omnium
1099 4273 1369 4329 Salvatori
1403 4273 1689 4329 oﬂ‘erebat.
1726 4273 1829 4328 Hic
1852 4288 1961 4329 nec
1983 4272 2086 4327 im-

511 4366 785 4435 peratoris
855 4367 990 4421 iram
1059 4376 1329 4432 metuens,
1362 4380 1467 4421 nec
1513 4381 1706 4421 eorum
1771 4364 1867 4434 qui
1925 4364 2081 4420 missi

2186 4269 2318 4340 τῆρι
2351 4269 2477 4324 τῶν
2503 4268 2643 4323 ὅλων
2691 4268 2939 4341 καθαρὰς
2994 4272 3321 4343 προσφέρων
3365 4275 3555 4344 εὐχὰς,
3602 4270 3761 4341 οὗτος

2192 4357 2319 4413 οὔτε
2370 4358 2464 4412 τοῦ
2506 4358 2771 4430 βασιλέως
2817 4359 3187 4430 καταπλαγεὶς
3245 4363 3344 4435 τὴν
3398 4366 3568 4437 ὀργὴν
3628 4367 3756 4422 οὔτε

511 4468 689 4522 erant,
735 4463 1059 4526 potestatem
1112 4456 1298 4511 animo
1338 4469 1623 4525 reputans,
1673 4472 1798 4511 cum
1856 4457 1912 4511 in
1969 4471 2083 4512 me-

2200 4450 2606 4505 Ξιποσταλέντων
2654 4451 2753 4521 τὴν
2797 4449 3047 4515 ἐξουσίαν
3091 4454 3172 4517 είς
3215 4454 3340 4508 νοῦν
3379 4455 3580 4525 λαϐὼν,
3615 4461 3760 4515 κατὰ

511 4550 658 4603 diam
716 4548 909 4603 urbem
967 4546 1232 4613 venisset,
1268 4554 1323 4600 et
1372 4547 1612 4600 amiculo
1651 4546 1888 4601 alterum
1936 4547 2082 4616 lega—

2200 4541 2355 4611 μέσον
2386 4542 2446 4594 τὸ
2480 4541 2616 4596 ἄστυ
2640 4542 2955 4613 γενόμενος,
2988 4544 3085 4598 καὶ
3121 4545 3222 4615 τῆς
3252 4546 3500 4616 χλανίδος
3525 4549 3760 4621 θατέρου

512 4653 693 4695 turum
749 4637 1234 4709 apprehendisset,
1269 4638 1437 4708 jussit
1492 4648 1789 4707 utrumque
1820 4654 1894 4693 ex
1923 4640 2084 4708 equis

2200 4633 2295 4686 τῶν
2320 4634 2732 4688 ἀποσταλέντων
2761 4634 3039 4706 ἀρχόντων
3062 4637 3386 4709 λαϐόμενος.
3413 4642 3762 4715 ἀμφοτέρους

509 4734 870 4788 descendere.
909 4729 977 4785 lli
1030 4745 1163 4785 vero
1193 4745 1425 4801 parvum
1468 4730 1808 4795 seniculum,
1843 4746 2085 4801 eumque

2200 4745 2248 4783 nc
2279 4727 2387 4785 τῶν
2422 4729 2606 4783 ἵππων
2644 4730 2952 4799 καταϐῆναι
2997 4733 3234 4789 κελεύει.
3271 4738 3334 4791 Ol
3376 4738 3434 4793 ει
3472 4741 3673 4811 μικρόν
3706 4758 3761 4795 τι

510 4825 602 4878 vili
642 4838 822 4892 panno
853 4822 1109 4876 vestitum
1147 4821 1471 4890 conspicati,
1514 4821 1694 4891 primo
1740 4821 1967 4891 quidem
2000 4824 2084 4877 in-

2200 4822 2463 4890 γερόντιον
2493 4821 2684 4891 εὐτελῆ
2727 4822 2895 4891 ῥάκια
2931 4825 3400 4898 περιϐεϐλημένον
3441 4830 3666 4899 ἰδόντες,
3698 4833 3763 4886 τὸ

510 4916 903 4985 dignabautur.
959 4915 1028 4968 At
1077 4929 1203 4968 cum
1243 4922 1433 4982 postea
1487 4912 1711 4982 quidam
1772 4929 1841 4968 ex
1887 4913 1956 4970 iis
1986 4915 2079 4984 qui

2200 4912 2400 4982 πρῶτον
2441 4912 2540 4983 μὲν
2571 4915 2664 4966 καὶ
2714 4912 2967 4984 χαλεπῶς
3018 4916 3235 4989 ἔφερον,
3284 4920 3478 4975 ἔπειτα
3515 4922 3572 4976 δέ
3610 4941 3762 4987 τινες

509 5004 904 5074 sequebantur,
953 5003 1212 5056 virtutem
1249 5001 1353 5057 viri
1407 5001 1872 5069 manifestassent,
1907 5002 2084 5057 conti-

509 5110 622 5148 nuo
644 5092 970 5147 desilicmnt
996 5106 1066 5146 ex
1086 5090 1266 5160 equis,
1300 5099 1356 5144 et
1391 5090 1541 5145 illius
1567 5106 1747 5162 genua
1780 5091 2078 5161 complexi,

2190 5003 2300 5057 τῶν
2332 5005 2714 5075 συνεπομένων
2742 5006 2843 5077 τὴν
2870 5009 2965 5061 τοῦ
2995 5010 3187 5080 ἀνδρὸς
3208 5013 3486 5084 ἐδήλωσαν
3511 5018 3718 5087 ἀρετήν
3742 5035 3759 5051 ο

2182 5097 2569 5167 κατεπήδησάν
2608 5114 2668 5151 τε
2696 5100 2805 5155 τῶν
2839 5101 3025 5156 ἵππων
3051 5103 3236 5167 εὐθὺς,
3271 5107 3365 5160 κιιὶ¹
3395 5107 3504 5160 τῶν
3543 5110 3761 5165 ἐκείνου

508 5184 725 5240 veniam
782 5184 1083 5253 petierunt.
1115 5183 1207 5239 Vir
1243 5194 1426 5237 autem
1472 5192 1698 5239 sanctus
1724 5224 1739 5250 ,
1796 5200 1859 5239 ac
1891 5184 2081 5239 divina

2200 5189 2423 5255 {eviter
2454 5188 2747 5257 λαϐόμενοι
2777 5193 3118 5265 συγγνώμην
3149 5197 3399 5268 ἐζήτουν.
3436 5199 3498 5254 '0
3523 5200 3582 5253 δὲ
3608 5202 3759 5265 ὅσιος

509 5278 706 5347 plenus
753 5276 1049 5346 sapientia,
1089 5275 1181 5329 tali
1206 5276 1351 5345 apud
1378 5291 1475 5330 eos
1508 5291 1640 5331 usus
1663 5284 1749 5331 est
1770 5276 2026 5332 oratione
2059 5294 2073 5329 :

512 5369 706 5435 Dicite,
741 5383 775 5422 ο
811 5382 937 5422 cara
967 5367 1166 5436 capita,
1223 5368 1581 5437 imperatori:
1612 5367 1732 5423 Non
1775 5366 2079 5436 imperator

507 5459 709 5525 solum,
747 5474 937 5513 verum
977 5456 1142 5513 etiam
1188 5457 1355 5512 homo
1413 5458 1674 5514 exsistis:
1712 5474 1781 5514 ne
1804 5459 1972 5529 igitur
1995 5474 2085 5513 so-

508 5555 624 5607 lum
678 5552 995 5621 imperium,
1023 5550 1118 5605 sed
1161 5549 1335 5619 ipsam
1390 5565 1611 5620 quoque
1649 5558 1901 5605 naturam
1953 5564 2083 5604 cou-

508 5642 763 5707 sideres;
806 5658 935 5697 cum
997 5642 1148 5696 enim
1205 5641 1370 5695 homo
1397 5642 1493 5708 sis,
1557 5642 1807 5712 ejusdem
1869 5650 2078 5696 natura:

509 5732 864 5799 consrirtibus
916 5732 1172 5805 imperas.
1234 5733 1479 5787 Humana
1537 5748 1704 5803 porro
1760 5743 1952 5789 natura
2013 5734 2078 5786 ad

2182 5279 2321 5350 ἀνὴρ
2348 5280 2447 5349 τῆς
2477 5280 2626 5343 θείας
2655 5281 2849 5351 σοφίας
2880 5285 3213 5356 ἐμφορηθεὶς
3235 5291 3463 5344 τοιοῖσδε
3499 5292 3639 5364 πρὸς
3662 5294 3762 5346 αὖ·

2185 5370 2311 5432 τοὺς
2332 5372 2605 5442 ἐχρήσατο
2630 5372 2811 5439 λόγοις
2838 5391 2853 5405 ο
2873 5375 3079 5432 Εἴπατε
3098 5378 3180 5449 δὴ,
3202 5374 3246 5433 ὦ
3272 5382 3414 5449 φίλοι
3446 5384 3660 5454 ἄνδρες,
3678 5384 3762 5454 τῷ

2192 5461 2437 5531 βασιλεῖ·
2462 5464 2538 5516 Οὐ
2574 5463 2825 5533 βασιλεὺς
2860 5463 2910 5520 εί
2936 5468 3117 5537 μόνον,
3147 5471 3283 5531 ἀλλὰ
3313 5474 3718 5546 καὶᾶνθρωπος
3741 5491 3757 5508 ⁸

2194 5552 2268 5623 μὴ
2289 5554 2470 5606 τοίνυν
2506 5555 2642 5624 πρὸς
2680 5556 2849 5627 μόνην
2880 5558 2981 5628 δρα
3036 5561 3134 5632 τὴν
3164 5562 3467 5633 βασιλείαν,
3496 5568 3637 5621 ἀλλὰ
3667 5572 3761 5622 καὶ

2188 5643 2287 5710 τὴν
2321 5642 2480 5711 φύσιν
2511 5645 2680 5715 αὐτὴν
2733 5645 2945 5713 λογίζου
2972 5666 2987 5680 ⁸
3021 5651 3310 5724 ἄνθρωπος
3347 5659 3455 5729 γὰρ
3498 5660 3594 5724 ὢν,
3628 5662 3733 5729 ὁμο

2188 5732 2338 5802 φυῶν
2386 5734 2713 5802 βατιλεύεις,
2754 5738 2891 5791 Κατ’
2925 5741 3109 5799 εἰκόνα
3142 5744 3198 5796 δὲ
3237 5746 3385 5805 Θείαν
3417 5753 3512 5806 καὶ
3563 5753 3765 5819 ὁμοίω-
