4128 6384
348 353 446 422 881

1639 356 1827 417 ιἰΤΑ-
1852 357 1914 417 S.
1935 351 2369 423 SAMBROSII.

3536 357 3640 415 882

350 492 438 529 σιν
495 474 714 537 πάντως
767 476 936 542 ήτῶν
972 476 1281 540 ἀνθρώπων
1334 476 1806 547 δεδημιούργηται
1843 473 1943 541 φύ-

2050 474 2345 546 imagiuem
2373 493 2436 532 ac
2466 478 2889 533 similitudinem
2924 478 3167 531 divinam
3200 476 3428 530 omnino
3458 474 3633 529 eﬂlcta

352 584 470 632 σις’
508 570 583 638 μὴ
634 568 814 621 τοίνυν
851 568 1019 637 ὠμῶς
1058 569 1202 624 οὕτω
1252 574 1347 626 καὶ
1376 569 1603 640 ἀπηνῶς
1654 568 1748 621 τοῦ
1803 567 1940 621 Θεοῦ

350 661 451 729 τὴν
487 662 676 713 εἰκόνα
705 661 895 714 κέλευε
924 662 1403 731 κατασφάττεσθαι
1428 680 1443 693 ·
1477 661 1804 732 παροξύνεις
1832 661 1942 729 γὰρ

350 751 495 805 οὕτω
544 752 638 804 τὸν
670 753 1037 823 Δημιουργὸν,
1060 753 1159 820 τὴν
1189 753 1398 808 ἐκείνου
1440 752 1688 817 κολάζων
1731 751 1939 807 είκύνα.

354 847 640 919 Σκόπησον
692 848 823 917 γοῦν
863 849 939 910 ὡς
971 852 1068 903 καὶ
1102 850 1167 902 σὺ
1204 848 1414 918 χαλκῆς
1444 842 1612 902 ἕνεκα
1652 846 1945 917 δυσχεραί-

353 958 461 993 νων
495 939 704 1002 εἰκόνος
737 938 912 993 ταῦτα
939 944 1137 996 ποιεῖς.
1168 941 1338 993 Ὅσον
1366 941 1423 994 δὲ
1459 942 1558 1011 τῆς
1590 939 1798 1010 ἀψύχου
1828 940 1946 993 δια-

358 1032 518 1101 φέρει
548 1033 581 1103 ή
622 1031 865 1101 ἔμψυχος
896 1035 994 1088 καὶ
1029 1032 1180 1096 ζῶσα
1213 1036 1309 1088 καὶ
1336 1032 1552 1104 λογικὴ,
1578 1034 1736 1103 δῆλον
1766 1035 1941 1087 ἅπασι

354 1127 467 1189 τοῖς
499 1143 561 1178 τε
604 1125 731 1178 νοῦν
764 1126 989 1196 ἔχουσιν
1018 1126 1224 1196 ὁμοίως
1263 1130 1358 1182 καὶ
1388 1126 1671 1198 αἴσθησιν.
1712 1127 1855 1198 Πρὸς
1884 1125 1947 1179 δὲ·

356 1217 573 1281 τούτοις
625 1217 937 1287 λογισάσθω
992 1218 1246 1272 κάκεῖνο·
1302 1219 1379 1282 ὡς
1415 1220 1550 1290 ἡμῖν
1615 1220 1714 1289 μὲν
1758 1217 1941 1291 ῥᾴδιον

355 1309 478 1365 ἀντὶ
514 1309 613 1380 τῆς
651 1310 860 1374 εἰκόνος
902 1310 1066 1381 τῆσδε
1102 1310 1305 1376 πολλὰς
1349 1312 1758 1384 δημιουργῆσαι
1806 1312 1941 1384 χαλ-

357 1401 499 1463 κᾶς·
534 1399 682 1465 αύτῷ
718 1400 775 1454 δὲ
829 1400 1127 1472 προφανῶς
1177 1401 1439 1457 ἀδύνατον
1487 1403 1616 1475 μίαν
1667 1403 1800 1472 γοῦν
1830 1403 1941 1458 τῶν

356 1493 757 1566 ἀναιρεθέντων
791 1494 1201 1567 δημιουργῆσαι
1235 1496 1419 1568 τρίχα.

2047 576 2179 634 est;
2242 568 2507 638 quocirca
2550 570 2665 623 noli
2710 579 2818 624 tam
2885 570 3191 624 crudeliter
3249 568 3637 637 atqueimm::-

2048 662 2195 715 niter
2252 662 2546 731 imaginem
2584 662 2682 719 Dei
2742 661 3102 731 iugulandum
3152 657 3459 728 praecipere
3497 675 3512 725 ;
3556 657 3636 711 sic

2050 752 2199 806 enim
2233 751 2301 805 ad
2346 753 2484 808 iram
2520 755 2764 811 concitas
2797 755 3103 819 Artificem,
3131 753 3262 808 dum
3314 754 3369 807 in
3416 754 3535 823 ejus
3560 752 3637 807 ef-

2049 844 2229 912 figiem
2270 836 2690 901 animadvertis.
2730 846 3021 915 Perpende
3068 847 3236 917 igitur
3271 847 3635 915 quemadmo-

2047 934 2180 989 dum
2221 944 2280 990 tu
2318 937 2434 1006 ipse
2464 946 2691 1007 propter
2729 937 2957 1008 figuram
2982 954 3185 993 mream
3216 939 3462 1009 grai-iter
3486 954 3646 991 com-

2047 1038 2232 1083 motus
2265 1029 2369 1084 ista
2401 1029 2678 1099 designas.
2704 1031 2922 1097 Quanto
2955 1042 3142 1084 autem
3177 1030 3359 1100 imago
3420 1031 3645 1099 spirans

2043 1129 2103 1175 et
2156 1120 2280 1175 viva
2322 1132 2375 1175 et
2414 1121 2702 1181 rationalis
2761 1124 2947 1192 potior
2998 1131 3119 1189 est,
3157 1137 3323 1193 quam
3375 1122 3637 1189 inanima,

2044 1213 2401 1282 perspicuum
2468 1224 2553 1269 est
2596 1214 3014 1285 omnibus,qui
3069 1214 3295 1285 quidem
3349 1223 3535 1269 mente
3576 1229 3639 1268 ac

2044 1322 2214 1362 sensu
2260 1307 2373 1364 sint
2409 1307 2651 1378 przcditi.
2699 1308 2973 1362 Praeterea
3008 1316 3063 1361 et
3098 1306 3204 1359 boe
3231 1320 3421 1359 secum
3475 1320 3640 1374 repu-

2046 1404 2144 1461 tet,
2175 1396 2335 1452 nobis
2393 1398 2582 1467 utique
2614 1396 2934 1466 expeditum
2983 1409 3106 1451 esse
3153 1410 3254 1465 pro
3308 1403 3490 1449 statua
3535 1394 3636 1448 ista

2044 1489 2233 1559 plures
2258 1504 2436 1545 :ereas
2460 1490 2599 1545 alias
2629 1487 2869 1544 conﬂare
2901 1507 2915 1543 :
2958 1488 3039 1542 illi
3075 1503 3106 1544 e
3161 1486 3445 1543 contrario
3479 1502 3637 1556 pror-

2043 1597 2141 1635 sus
2178 1581 2539 1651 impossibile,
2568 1597 2786 1649 eorum,
2812 1581 2906 1653 qui
2929 1580 3111 1637 necati
3145 1587 3304 1645 sunt,
3332 1580 3417 1635 vel
3454 1595 3629 1635 unum

2043 1673 2258 1727 crinem
2288 1672 2623 1741 procudere.

426 1766 551 1819 AB'.
592 1763 813 1818 Τούτων
882 1764 1219 1829 ἀκούσαντες
1272 1768 1320 1820 οἰ
1376 1768 1685 1838 θαυμαστοὶ
1743 1769 1940 1841 ἄνδρες

2115 1765 2335 1819 XXXII.
2390 1765 2484 1820 His
2536 1765 2772 1830 auditis,
2822 1765 3179 1821 admirabiles
3225 1764 3304 1819 illi
3361 1763 3461 1818 viri
3513 1780 3637 1834 quae

356 1859 576 1921 εκεῖνοι.
616 1857 885 1928 μηνύουσι
935 1857 1012 1930 τῷ
1045 1858 1259 1928 βασιλεί
1296 1861 1362 1914 τὰ
1403 1862 1672 1947 εἰρημένα
1716 1867 1810 1920 καὶ
1838 1864 1936 1935 τὴν

2048 1857 2193 1912 dicta
2244 1857 2480 1925 fuerant,
2519 1857 2835 1933 significant
2878 1857 3198 1929 imperatori
3231 1865 3287 1911 et
3336 1855 3638 1911 iracundia:

355 1950 451 2004 τοῦ
483 1949 658 2023 θυμοῦ
687 1950 1031 2006 κατέσϐεσαν
1056 1944 1262 2022 ῴλόγα·
1295 1954 1372 2020 ὡς
1401 1944 1524 2011 ἀντὶ
1560 1955 1668 2010 τῶν
1693 1957 1937 2011 ἀπειλῶν

358 2044 584 2100 ἐκείνων
613 2033 930 2114 ἀπολογίαν’
951 2063 1010 2100 τε
1049 2045 1246 2100 αὐτίκα
1274 2048 1486 2119 γράψαι
1515 2044 1612 2102 καὶ
1642 2049 1740 2117 τῆς
1765 2046 1938 2120 ὀργῆς

356 2134 455 2206 τὴν
494 2134 673 2189 αἰτίαν
696 2134 963 2206 δηλῶσαι.
993 2137 1107 2190 Οὐκ
1138 2136 1247 2191 ἔδει
1277 2138 1408 2209 γάρ,
1438 2138 1565 2209 ἔφη,
1587 2140 1723 2209 ἐμοῦ
1752 2141 1940 2212 πλημ.

362 2227 720 2297 μελήσαντος,
771 2229 1010 2297 γυναῖκα
1063 2230 1249 2300 πάσης
1301 2230 1578 2301 εὐφημίας
1629 2230 1940 2304 ἀξιωτάτην

355 2320 627 2388 τοσαύτην
672 2321 812 2392 μετά
853 2321 1112 2392 τελευτὴν
1155 2322 1415 2387 δέξασθαι
1456 2325 1782 2394 παροινίανη
1816 2327 1939 2379 κατ’

357 2413 494 2484 ιμοῦ
528 2414 585 2466 δὲ
618 2414 788 2485 ἐχρῆν
819 2414 913 2468 τὸν
946 2414 1118 2485 θυμὸν
1149 2416 1274 2479 τοὺς
1316 2416 1764 2484 ἀγανακτοῦντας
1792 2417 1944 2471 ὁπλί-

361 2524 474 2561 σαι.
500 2506 822 2576 Προσετίθει
855 2506 911 2560 δὲ
941 2505 1124 2573 τοῦτο,
1167 2507 1243 2571 ὡς
1281 2508 1435 2561 ἀλύει
1480 2513 1574 2565 καὶ
1605 2512 1827 2566 ἀνιᾶται
1858 2531 1942 2567 τιο

359 2616 459 2664 νας
482 2600 587 2653 ύπδ
615 2599 724 2654 τῶν
755 2600 1038 2671 ἀρχόντων
1075 2601 1381 2674 ἀνῃρῆσθαι
1410 2600 1618 2671 μαθών.
1648 2602 1807 2658 Οὕτω
1840 2604 1941 2674 μὲν

357 2690 453 2747 οὖν
482 2694 509 2746 ὁ
534 2691 880 2764 φιλόχριστος
911 2692 1165 2764 βασιλεὺς
1190 2695 1285 2749 καὶ
1306 2692 1531 2748 τοιαῦτα
1557 2695 1659 2748 ὑπὸ
1688 2699 1783 2751 τοῦ
1810 2696 1942 2752 θαυ-

364 2783 573 2854 μαστοῦ
618 2783 945 2856 Ἆμὸροσίου
994 2784 1352 2850 πεπαίδευτο,
1387 2788 1483 2842 καὶ
1510 2786 1779 2858 τοσαύτης
1808 2789 1943 2859 παρ’

360 2875 525 2930 αὑτοῦ
558 2876 659 2948 τῆς
706 2876 931 2949 χάριτος
976 2877 1072 2932 καὶ
1103 2877 1202 2949 τῆς
1247 2877 1629 2950 πνευματικῆς
1670 2878 1941 2950 ὡφελείας

361 2968 689 3025 ἀπέλαυσεν.
769 3015 776 3022 .

433 3235 557 3293 Al".
609 3237 669 3294 Ὀ
716 3239 773 3294 δὲ
831 3241 973 3307 θεῖος
1034 3234 1189 3307 οὗτος
1235 3242 1587 3315 Ἀμὸρὸσιος,
1614 3244 1675 3298 ὃν
1721 3244 1939 3316 εἴρηται

361 3334 587 3402 τρόπον,
617 3332 676 3387 ἐν
701 3336 768 3405 τῇ
806 3334 902 3389 τοῦ
938 3333 1178 3405 Χριστοῦ
1214 3334 1523 3407 Ἐκκλησία
1550 3337 1611 3390 ὲν
1639 3336 1942 3408 ὀρθοδόξοις

360 3424 598 3494 δόγμασι
634 3425 964 3497 διαλάμψας,
998 3426 1245 3500 ζηλωτής
1284 3446 1342 3482 τε
1363 3429 1458 3484 καὶ
1489 3429 1809 3502 ύπέρμαχος
1842 3431 1943 3501 τῆς

363 3517 627 3589 ἀληθείας
650 3518 962 3589 γενόμενος,
1006 3521 1103 3575 καὶ
1140 3520 1576 3593 ἐποικοδομήσας
1622 3522 1717 3578 sui.
1749 3522 1827 3593 τῷ
1857 3522 1946 3577 θε-

366 3608 542 3680 μελίῳ
588 3608 699 3662 τῶν
748 3609 1063 3664 ἀποστόλων
1108 3611 1208 3668 καὶ
1257 3612 1578 3685 προφητῶν,
1638 3612 1833 3682 λόγους
1880 3631 1943 3668 τε

365 3702 680 3772 ὀρθοδοξίας
723 3702 822 3756 καὶ
863 3701 1217 3765 διδασκαλίας
1263 3702 1583 3774 ἐκθέμενος,
1619 3707 1716 3761 καὶ
1762 3707 1947 3761 πᾶσαν

368 3796 475 3852 ὑπὸ
506 3796 720 3869 ’Δρείου
756 3799 853 3853 καὶ
888 3796 1302 3868 ’Δπολλιναρίου
1325 3797 1709 3855 καινισθείσαν
1728 3799 1945 3873 αἵρεσιν

368 3888 651 3953 ἀπελάσας
674 3930 692 3956 ,
725 3889 906 3943 πάντα
930 3906 992 3943 τε
1025 3889 1095 3944 τὰ
1118 3889 1219 3960 τῆς
1241 3888 1410 3944 αὐτοῦ
1431 3890 1734 3962 ἐκκλησίας
1761 3892 1947 3958 καλῶς

370 3980 711 4048 διαθέμενος,
744 3981 841 4035 καὶ
858 3982 937 4045 εἰς
978 3980 1122 4053 βαθὺ
1153 3981 1336 4053 γῆρας
1376 3982 1599 4051 ἐλάσας,
1633 3983 1851 4055 πλήρης
1884 4001 1947 4039 τε

371 4072 595 4145 ἡμερῶν
644 4073 961 4143 γενόμενος,
1000 4072 1350 4130 ἀνεπαύσατο
1392 4074 1453 4129 ιν
1503 4074 1718 4148 εἰρήνῃ,
1768 4075 1949 4141 τεθεὶς

370 4167 429 4219 ὲν
455 4167 522 4235 τῇ
554 4165 825 4239 ἐκκλησίᾳ
853 4165 1223 4231 Μεδιολάνων,
1264 4166 1493 4239 μνήμην
1525 4166 1703 4239 ἀληθῆ
1735 4167 1829 4223 τὸν
1856 4170 1952 4225 αὑ·-

372 4257 467 4313 τοῦ
494 4257 611 4331 βίον
632 4258 957 4316 καταλιπὼν
979 4262 1079 4315 καὶ
1104 4260 1174 4314 τά
1198 4260 1646 4333 κατορθώματα·
1672 4256 1749 4317 ὧν
1776 4263 1954 4335 ζηλω-

374 4351 472 4413 τάς
503 4352 601 4406 καὶ
621 4353 773 4423 ἡμᾶς
799 4353 1057 4423 γενέσθαι
1096 4354 1481 4421 καταξιώσειε,
1506 4357 1603 4411 καὶ
1630 4356 1740 4411 τῶν
1767 4358 1951 4413 αὐτῶν

378 4443 623 4512 ἀμοιδῶν
651 4445 849 4517 ἐκείνῳ
875 4449 973 4502 καὶ
998 4447 1108 4501 τῶν
1134 4446 1417 4515 στεφάνων
1458 4448 1740 4520 ἐπιτυχεῖν
1763 4450 1949 4521 χάριτι

2012 1950 2325 2007 οῆοιηηιοιη
2377 1952 2780 2021 exstinguunt;
2832 1952 2908 2005 ita
2958 1960 3021 2005 ut
3072 1951 3350 2005 minarum
3404 1948 3636 2003 istarum

2046 2049 2169 2104 loco
2205 2065 2368 2119 quam
2414 2022 2658 2119 primum
2698 2048 2782 2102 sui
2816 2046 3088 2104 scriberet
3118 2044 3553 2107 excusationem,
3583 2052 3641 2097 et

2049 2142 2144 2195 ira:
2197 2156 2310 2195 sua:
2355 2157 2577 2196 causam
2618 2149 2944 2210 cxponeret.
2988 2139 3109 2193 Non
3174 2135 3409 2192 decebat
3464 2133 3636 2197 enim,

2050 2233 2358 2302 inquiebat,
2410 2249 2497 2288 me
2549 2233 2928 2302 delinquente,
2966 2244 3200 2285 uxorem
3230 2241 3408 2283 meam
3439 2225 3638 2296 pradi-

2048 2327 2267 2382 catione
2300 2326 2448 2380 omni
2479 2328 2642 2396 longe
2688 2324 3070 2395 dignissimam
3105 2327 3317 2377 tantum
3346 2327 3606 2374 contume
3626 2343 3639 2355 -

2046 2418 2134 2472 lite
2186 2428 2313 2489 post
2367 2428 2602 2473 mortem
2653 2418 2934 2473 sustinere
2980 2434 2995 2469 :
3046 2415 3144 2471 sed
3190 2430 3288 2471 eos
3322 2412 3417 2484 qui
3452 2411 3639 2467 animo

2049 2525 2151 2565 suo
2203 2510 2681 2583 obtemperarunt,
2725 2518 2920 2565 contra
2967 2524 3052 2565 me
3086 2507 3383 2579 oportebat
3411 2506 3638 2561 iracun-

2049 2600 2197 2656 di‘am
2243 2616 2458 2656 armare
2503 2616 2680 2657 suam.
2732 2598 2828 2655 llis
2861 2609 3127 2670 przeterea
3162 2598 3449 2670 subjunxit
3478 2598 3637 2663 illud,

2048 2693 2172 2765 angi
2234 2707 2293 2748 se
2350 2692 2522 2747 animi
2585 2702 2753 2763 atque
2818 2691 3008 2747 dolere
3073 2690 3223 2762 quod
3288 2691 3639 2762 cognovisset

2049 2802 2080 2841 a
2128 2785 2404 2857 prmiectis
2450 2795 2631 2843 morte
2677 2786 2908 2842 allectos
2955 2786 3225 2857 quosdam
3274 2785 3467 2839 fuisse.
3523 2783 3639 2838 Hoc

2048 2879 2238 2950 itaque
2269 2879 2434 2936 modo
2464 2880 2767 2950 imperator
2812 2877 3021 2933 Christi
3061 2877 3299 2939 amicus,
3327 2875 3637 2945 talibusque

2049 2972 2340 3042 praeceptis
2365 2970 2435 3027 ab
2460 2969 2772 3027 admirabili
2796 2969 3093 3026 Ambrosio
3118 2968 3302 3025 fuerat
3325 2968 3635 3035 institutus,

2052 3071 2371 3135 tantamque
2398 3064 2628 3135 gratiam
2661 3078 2726 3120 ac
2758 3061 3105 3134 spiritualcm
3141 3060 3436 3118 utilitatem
3470 3061 3542 3116 ab
3568 3076 3636 3117 eo

1976 3171 2023 3232 ε
2053 3165 2401 3228 perceperat.

2118 3250 2360 3309 XXXIII.
2425 3249 2655 3305 Divinus
2700 3255 2886 3303 autem
2927 3246 3023 3302 hic
3056 3243 3382 3302 Ambrosius
3430 3246 3486 3300 in
3536 3243 3637 3301 Ec-

2050 3343 2262 3407 clesia,
2326 3340 2795 3412 quemadmodum
2860 3339 3071 3395 dictum
3133 3349 3257 3404 est,
3315 3337 3639 3394 orthodoxis

2050 3435 2327 3507 dogmatis
2387 3435 2638 3504 fulgens,
2705 3433 3104 3504 azmulatorque
3157 3431 3409 3487 veritatis
3460 3431 3640 3486 factus

2050 3535 2108 3582 et
2136 3534 2536 3597 propugnator,
2585 3540 2712 3580 cum
2766 3538 2935 3594 super
2965 3522 3642 3592 fundamentumaposto—

2051 3620 2233 3675 lorum
2268 3634 2334 3674 ac
2366 3617 2759 3689 prophetarum
2797 3616 3149 3682 mdificasset,
3179 3630 3286 3672 nec
3330 3630 3444 3670 non
3478 3623 3641 3669 recta:

2052 3710 2325 3766 doctrina
2370 3725 2434 3765 ac
2473 3709 2782 3779 disciplina
2819 3708 2989 3763 verba
3034 3708 3407 3776 exposuisset;
3455 3705 3639 3775 fugata

2052 3802 2304 3872 qualibet
2348 3799 2546 3856 haeresi
2575 3800 2645 3854 ab
2675 3799 2809 3853 Ario
2848 3806 3017 3869 atque
3063 3796 3411 3869 Apollinario
3446 3810 3641 3850 recens

2054 3894 2296 3960 invecta,
2349 3902 2408 3949 et
2461 3891 2711 3947 Ecclesia
2743 3906 2843 3947 sua
2885 3891 2942 3945 in
2972 3890 3235 3946 omnibus
3265 3888 3477 3958 optime
3504 3900 3638 3941 cou-

2055 3988 2273 4053 stituta,
2320 3985 2375 4040 in
2423 3985 2751 4056 profundam
2805 3997 3134 4055 progressus
3160 3988 3527 4043 senectutem,
3575 3992 3642 4033 ac

2055 4080 2272 4135 dierum
2314 4078 2533 4149 plenus,
2579 4077 2636 4132 in
2669 4090 2807 4146 pace
2856 4073 3155 4144 requievit.
3193 4072 3526 4127 Tumul’atus
3555 4077 3642 4125 est

2056 4173 2114 4227 in
2175 4170 2411 4229 ecclesia
2458 4167 2893 4230 Mediolanensi,
2950 4180 3136 4220 verum
3179 4164 3503 4219 memoriam
3552 4162 3639 4216 sui

2056 4263 2398 4334 relinquens,
2440 4260 2724 4332 propriam
2753 4258 2948 4329 utique
2977 4256 3148 4312 vitam
3178 4265 3236 4313 et
3270 4263 3421 4313 recte
3449 4254 3592 4311 facta
3626 4272 3638 4306 :

2057 4368 2294 4425 quorum
2354 4360 2417 4407 ut
2469 4366 2575 4407 nos
2620 4364 2845 4420 quoque
2913 4349 3213 4405 evadamus
3289 4347 3641 4409 imitatores,

2034 4447 2366 4517 eademque
2413 4459 2542 4501 cum
2581 4442 2677 4498 illo
2715 4440 2942 4513 praemia
2988 4450 3154 4511 atque
3211 4453 3447 4497 coronas
3497 4438 3635 4493 obti-

379 4537 475 4591 καὶ
500 4537 881 4611 φιλανθρωπίᾳ
906 4539 1001 4594 τοῦ
1045 4540 1256 4609 Κυρίου
1285 4540 1444 4612 ἡμῶν
1478 4541 1653 4611 Ἰησοῦ
1685 4539 1943 4612 Χριστοῦ,

2059 4554 2311 4603 neamus,
2337 4535 2457 4608 ipse
2474 4535 2753 4607 dignetur,
2778 4534 2954 4605 gratia
2977 4542 3033 4589 et
3054 4532 3401 4605 benignitate
3422 4527 3642 4587 Domini

385 4619 422 4693 ἶ)
449 4626 575 4694 δόξα
603 4631 697 4684 καὶ
730 4630 792 4684 τὸ
822 4632 1021 4702 κράτος
1057 4635 1137 4697 εἰς
1165 4632 1291 4697 τοὺς
1328 4632 1532 4697 αἰῶνας
1571 4632 1682 4688 τῶν
1714 4633 1951 4689 αἰώνων.

392 4721 449 4775 ’Δ
458 4723 582 4793 μήν.

2063 4634 2242 4692 nostri
2287 4634 2418 4691 Jesu
2463 4631 2695 4696 Christi,
2739 4630 2830 4686 cui
2876 4630 3059 4687 honor
3090 4640 3177 4687 est
3207 4640 3373 4700 atque
3402 4633 3646 4699 potestas

2066 4731 2119 4784 in
2144 4726 2342 4784 saecula
2372 4724 2715 4782 seculorum.
2745 4722 2939 4779 Amen.
