4142 6384
473 346 575 412 88'!

1686 350 2062 410 ADDE.‘\D.\.
2096 374 2156 383 -
2192 353 2498 413 ΠῖΝἰΗΞ.

3638 355 3744 419 88ὶῖ

490 450 503 457 ’
558 463 612 515 ι’.
651 460 788 518 Cum
840 461 1173 515 Athanasius
1206 471 1389 516 autem
1423 479 1578 517 suam
1620 465 1925 533 recepisset
1966 481 2060 522 ec-

2241 468 2312 522 E'.
2357 468 2679 522 Ἀθανααῐου
2727 472 2779 522 δὲ
2812 471 2912 539 τὴν
2972 470 3109 523 ἰδέαν
3150 470 3512 535 ἀναλαϐόντος
3544 471 3748 543 εκκληο

475 553 720 618 clesiam,
748 552 842 622 qui
869 552 1236 607 considebant
1262 569 1455 609 rursus
1477 555 1787 611 Antiochia)
1832 559 2057 625 (etenim

476 661 671 700 rursus
722 653 1120 708 convenerant,
1168 654 1434 700 conantes
1480 646 1728 701 vicissim
1771 648 2056 702 criminari

474 738 677 792 Iulium
750 736 1056 791 Romanum
1108 737 1464 807 episcopum)
1516 739 1770 807 protinus
1825 742 2057 811 impium

473 830 823 900 Gregorium,
856 844 1020 899 quem
1057 829 1160 897 ipsi
1190 840 1392 899 prmter
1423 831 1573 902 leges
1600 832 1898 904 elegerant,
1932 835 2059 889 tuit-

477 932 601 977 tunt
631 922 1045 977 Alexandriam.
1073 923 1141 977 Et
1181 939 1308 978 eum
1338 926 1563 993 quidem
1591 927 1892 982 reducebat
1917 943 2057 999 prae.

475 1027 561 1070 tor
601 1016 965 1081 Alexandriae,
1001 1031 1190 1071 secum
1230 1019 1440 1073 ducens
1478 1004 1687 1088 septem
1734 1021 1908 1075 millia
1952 1021 2056 1073 mi~

475 1110 658 1163 litum.
712 1108 869 1175 Quod
920 1124 1044 1163 cum
1082 1109 1401 1164 rescivisset
1430 1110 1788 1175 Athanasius,
1829 1114 2056 1167 Romam

477 1203 678 1257 iterum
709 1203 1003 1273 navigavit.
1030 1202 1272 1273 Populus
1301 1212 1484 1258 autem
1518 1205 1923 1260 Alexandrinus
1946 1221 2058 1262 non

477 1292 664 1350 ferens
691 1310 802 1348 rem
831 1305 938 1349 tam
962 1295 1253 1359 nefariam,
1276 1295 1589 1359 ecclesiam,
1614 1313 1734 1366 qua:
1760 1298 2062 1352 vocabatur

479 1387 750 1459 Dionysii,
784 1403 891 1442 non
925 1398 1073 1444 recte
1117 1388 1172 1443 id
1218 1388 1447 1454 faciens,
1501 1392 1732 1445 exussit.
1764 1390 1899 1446 Cum
1928 1406 2061 1448 vero

478 1482 795 1537 reseivisset
818 1482 1194 1546 Constantius,
1224 1484 1319 1553 qui
1347 1484 1542 1556 agebat
1570 1485 1897 1549 Antiochize,
1925 1486 2063 1540 Pau-

474 1575 591 1629 lum
625 1591 934 1644 praeconem
973 1576 1224 1655 veritatis
1256 1577 1309 1630 in
1339 1592 1493 1631 suam
1530 1578 1715 1632 sedem
1749 1593 1870 1633 esse
1903 1578 2063 1633 resti-

476 1676 681 1727 tutum.
732 1668 888 1739 jubet
930 1666 1263 1736 Hermogeni
1303 1669 1431 1723 duci
1464 1670 1763 1733 exercitus,
1794 1669 1887 1740 qui
1938 1671 2064 1724 mit-

478 1760 699 1815 tebatur
762 1761 813 1814 in
870 1771 1055 1830 partes
1120 1762 1409 1825 Thraciae,
1460 1763 1755 1817 exturbare
1809 1777 1935 1817 eum
1994 1778 2062 1817 ex

2164 561 2306 620 σίαν,
2333 564 2379 614 oi
2417 565 2473 615 ἐν
2511 561 2816 633 Ἀντιοχείᾳ
2857 562 3017 615 πάλιν
3040 561 3453 632 συνεδρεύοντες
3481 566 3615 631 (καὶ
3638 566 3750 633 γὰρ

2163 653 2451 723 συνῄεσαν,
2473 654 2827 722 ἀντεγκαλεῖν
2848 654 3253 724 ἐπιχειροῦντες
3280 654 3579 726 Ἰουλίῳτῷ
3608 656 3748 708 Ῥώ-

2164 749 2302 816 μης)
2353 748 2442 799 τὸν
2491 748 2727 816 δυσσεϐῆ
2772 746 3075 818 Γρηγόριον
3110 746 3199 800 διὰ
3253 748 3475 817 τάχους,
3507 747 3567 801 ὃν
3594 749 3750 801 αὐτοὶ

2163 838 2493 909 παρανόμως
2518 838 2956 910 ἐχειροτόνησαν,
2979 840 3059 900 είς
3087 838 3188 908 τὴν
3243 838 3605 908 Ἀλεξάνδρου
3633 837 3749 903 ἐξαο

2162 931 2541 997 ποστέλλουσι,
2565 931 2659 985 καὶ
2688 934 2928 1001 κατῆγεν
2952 930 3115 986 αὑτὸν
3140 934 3167 986 ὁ
3193 930 3296 1002 τῆς
3333 930 3748 1003 Ἀλεξανδρείας

2164 1025 2495 1095 στρατηγὸς,
2527 1024 2979 1095 ἑπτακισχιλίους
3004 1023 3345 1093 στρατιώτας
3396 1022 3520 1094 μεθ’
3551 1023 3748 1077 ἐαυτοῦ

2163 1116 2530 1187 ἐπαγόμενος.
2591 1119 2657 1170 "O
2694 1117 2881 1187 μαθὼν
2923 1116 3243 1180 Ἀθανάσιος
3276 1117 3357 1179 εἰς
3385 1117 3484 1183 τὴν
3522 1116 3747 1187 Ῥώμην

2163 1211 2325 1266 πάλιν
2376 1209 2743 1264 ἀπέπλευσεν.
2812 1210 2871 1264 Ὀ
2927 1208 2982 1262 δὲ
3014 1209 3121 1263 τῶν
3186 1208 3583 1281 Ἀλεξανδρέων
3616 1208 3746 1274 λαὸς

2166 1306 2266 1359 οὐκ
2304 1305 2545 1373 ἐνεγκὼν
2576 1304 2636 1357 τὸ
2660 1302 2951 1375 ἔκθεσμον,
2975 1303 3075 1375 τὴν
3100 1302 3446 1373 καλουμένην
3467 1301 3745 1356 Διονυσίου

2162 1397 2483 1467 ἐκκλησίαν,
2516 1397 2617 1451 οὐκ
2644 1396 2818 1469 ὀρθῶς
2850 1396 3157 1460 ποιοῦντες,
3184 1395 3516 1465 ἐνέπρησαν.
3543 1393 3749 1450 Μαθὼν

2161 1491 2218 1544 δὲ
2249 1489 2627 1553 Κωνστάντιος
2662 1490 2719 1543 ἐν
2761 1487 3067 1560 Ἀντιοχείᾳ
3090 1488 3295 1556 διάγων
3346 1487 3425 1550 ὡς
3457 1486 3669 1552 Παῦλος
3714 1488 3746 1541 ὁ

2161 1583 2262 1653 τῆς
2301 1581 2561 1653 ἀληθείας
2608 1582 2786 1653 κῆρυξ
2823 1583 2904 1646 είς
2938 1581 3029 1636 τὸν
3078 1581 3214 1636 ἴδιον
3243 1581 3594 1648 ἀποκατέστη
3623 1580 3750 1650 θρῗε

2161 1692 2273 1742 νον,
2312 1674 2634 1747 Ἑρμογένει
2664 1674 2741 1746 τῷ
2769 1675 3117 1747 στρατηλάτῃ
3150 1673 3460 1728 ἐντέλλεται
3508 1673 3643 1742 πρὸς
3675 1674 3744 1726 τὰ

2164 1767 2266 1837 τῆς
2295 1768 2517 1839 Θρᾴκης
2553 1768 2962 1838 ἐκπεμπομένῳ
2994 1767 3163 1839 μέρη,
3197 1767 3400 1833 ἐξῶσαι
3428 1763 3617 1818 τοῦτον
3644 1767 3743 1835 τῆς

475 1855 733 1910 ecclesia.
775 1856 839 1909 Et
869 1856 959 1909 ille
990 1857 1215 1924 quidem
1244 1871 1366 1910 cum
1395 1855 1639 1910 venisset
1666 1854 2057 1919 Constantino-

2174 1835 2525 1930 Ἐκκλησίας.
2559 1859 2666 1917 Καὶ
2753 1835 2855 1928 μέν
2887 1835 3006 1929 την-
3040 1835 3454 1912 Κώνσταντίνου
3509 1855 3741 1925 φθάσας,

478 1938 683 2016 ροίῐιῐι,Δ
721 1947 982 2002 studebat
1025 1947 1230 2015 facere,
1280 1957 1342 2002 ut
1389 1948 1441 2003 ei
1491 1948 1670 2003 fuerat
1702 1949 2057 2020 imperatum.

479 2042 722 2113 Populus
752 2055 936 2100 autem
976 2060 1084 2100 non
1127 2054 1209 2101 est
1244 2046 1345 2100 hoc
1372 2060 1585 2115 passus.
1620 2047 1715 2101 sed
1748 2056 1804 2101 et
1834 2046 2058 2102 domum

477 2138 599 2205 ejus
656 2136 979 2198 incendunt.
1028 2146 1083 2191 et
1124 2137 1303 2206 ipsum
1352 2144 1656 2191 extractum
1715 2136 2059 2192 interimunt.

478 2230 634 2298 Quod
664 2230 886 2301 quidem
917 2247 1043 2287 cum
1074 2231 1342 2288 audiisset
1374 2232 1747 2298 Constantius,
1775 2232 2061 2302 aegerrime

481 2319 608 2375 tulit
636 2320 782 2390 quod
815 2320 1020 2376 factum
1061 2321 1239 2376 fuerat
1286 2339 1301 2377 :
1342 2332 1397 2377 et
1426 2339 1550 2379 cum
1590 2324 1705 2393 ipse
1735 2322 1975 2378 venisset
2003 2323 2059 2377 in

479 2413 780 2478 civitatem,
815 2424 1065 2469 sanctum
1098 2416 1320 2484 quidem
1354 2417 1583 2472 Paulum
1613 2434 1680 2473 ex
1710 2433 1774 2472 ca
1804 2418 2058 2487 expellit:

481 2515 538 2562 et
571 2507 849 2562 civitatem
903 2510 1102 2564 multat
1149 2511 1449 2574 frumento,
1505 2513 1685 2567 ablato
1741 2512 1792 2566 ei
1829 2511 2062 2568 dimidio

481 2598 636 2661 doni,
660 2602 806 2669 quod
833 2602 981 2657 illius
1004 2612 1178 2673 pater,
1209 2604 1478 2675 benignus
1508 2605 1720 2660 scilicet
1741 2616 1795 2660 et
1820 2604 2062 2661 clemens

478 2690 908 2763 Constantinus,
959 2696 1009 2751 ei
1061 2696 1383 2753 donaverat.
1438 2699 1571 2754 Erat
1623 2709 1807 2755 autem
1848 2715 2061 2754 summa

481 2788 797 2843 donationis
842 2791 1120 2861 octoginta
1149 2792 1322 2848 millia
1353 2808 1556 2863 panum
1584 2794 2059 2864 quotidianorum.

479 2878 828 2935 Irascebatur
878 2890 1063 2938 autem
1105 2883 1273 2939 etiam
1313 2882 1687 2955 Macedonio,
1713 2899 1824 2939 non
1858 2882 2060 2947 solum,

478 2972 626 3042 quod
665 2983 864 3043 praeter
911 2976 1033 3046 ejus
1078 2977 1408 3031 sententiam
1456 2972 1653 3030 fuisset
1696 2976 1924 3039 electus,
1964 2973 2058 3029 sed

479 3065 645 3119 etiam
691 3076 918 3137 propter
955 3068 1155 3132 caedes,
1198 3084 1337 3138 quas
1377 3068 1514 3140 ipse,
1565 3067 1897 3125 seditionem
1950 3068 2062 3138 agi-

481 3167 624 3222 tans,
657 3158 836 3212 fuerat
866 3173 1030 3213 causa
1062 3157 1321 3214 faciendi.

553 3253 641 3305 \‘l.
685 3253 763 3309 Eu
820 3254 1007 3323 itaque
1057 3254 1310 3320 dimisso,
1366 3257 1518 3312 venit
1566 3258 1799 3312 Romam
1852 3257 1953 3326 (7),
2004 3265 2061 3310 et

477 3344 807 3398 versabatur
838 3346 999 3400 simul
1033 3362 1157 3401 cum
1185 3348 1506 3405 Athanasio.
1538 3349 1730 3404 Refert
1761 3365 1914 3419 ergo,
1941 3364 2065 3418 quae

477 3451 673 3504 passus
720 3435 921 3498 fuerat,
975 3439 1220 3494 Rontano
1265 3439 1528 3509 episcopo
1567 3459 1581 3495 :
1621 3449 1675 3497 et
1715 3457 1912 3496 rursus
1944 3457 2065 3509 mtt-

478 3527 628 3581 nitus
657 3527 776 3596 ejus
801 3529 1003 3585 litteris
1034 3539 1088 3585 et
1113 3531 1429 3588 Constantis
1468 3533 1836 3602 imperatoris,
1876 3534 2062 3588 statim

481 3621 800 3683 revertitur,
848 3632 904 3676 et
950 3638 1061 3679 sua:
1119 3625 1237 3679 sedi
1305 3626 1646 3691 restituitur,
1691 3642 1816 3681 cum
1863 3642 2064 3698 magno

478 3713 682 3782 gaudio
748 3726 1013 3786 exceptus
1069 3733 1099 3773 a
1158 3718 1406 3773 civitate.
1462 3719 1822 3774 Constantius
1875 3728 2061 3774 autem

483 3821 676 3862 rursus
704 3807 761 3861 id
786 3808 991 3863 factum
1022 3825 1164 3881 aegre
1195 3810 1344 3875 tulit,
1376 3820 1431 3867 et
1460 3826 1653 3866 rursus
1684 3812 1753 3867 ab
1781 3828 1848 3867 eo
1877 3812 2064 3881 prodit

473 3906 684 3972 jussus,
714 3903 806 3972 qui
835 3903 1046 3974 justum
1085 3905 1265 3960 mittat
1295 3906 1350 3960 in
1398 3907 1676 3962 exsilium.
1710 3906 1898 3977 Itaque
1935 3923 2062 3963 cum

479 4010 602 4048 eam
634 3996 943 4063 accepisset
986 3996 1282 4065 praefectus
1315 3997 1629 4068 Philippus,
1661 4009 1909 4053 sanetum
1938 3999 2064 4069 qui-

481 4091 609 4142 dem
640 4088 813 4143 mittit
845 4089 899 4141 in
934 4089 1212 4151 exsilium,
1241 4089 1360 4160 ejus
1387 4104 1520 4145 vero
1557 4091 1679 4145 loco
1728 4092 1784 4145 in
1825 4092 2061 4147 ecclesia

481 4180 700 4249 reponit
751 4181 929 4235 sancti
977 4179 1217 4251 Spiritus
1251 4184 1467 4237 hostem
1501 4182 1898 4237 Macedoniam.
1932 4182 2065 4237 Pro-

478 4271 648 4327 cessit
681 4282 862 4326 autem
899 4273 1086 4328 missio
1132 4274 1187 4329 in
1242 4273 1499 4328 exsilium
1549 4289 1656 4328 non
1706 4284 1912 4343 aperte,
1966 4274 2062 4328 sed

477 4383 544 4416 ex
594 4365 832 4420 insidiis.
865 4363 1056 4419 Ctedes
1083 4366 1231 4420 enim
1259 4364 1624 4434 Hermogenis
1654 4366 1897 4421 reddidit
1931 4366 2064 4428 Rhi-

481 4458 691 4526 iippum
722 4458 1028 4514 cautiorem
1058 4457 1126 4513 ad
1153 4458 1611 4513 malefaciendum
1639 4476 1652 4512 :
1677 4467 1733 4513 ct
1762 4459 2064 4514 honoriﬁce

2162 1952 2497 2016 ἐσπούδαζεν
2610 1951 2986 2023 προστέτακτο
3030 1952 3187 2024 δρᾷν·
3226 1951 3287 2005 τδ
3310 1950 3516 2022 πλῆθος
3551 1951 3607 2004 δὲ
3645 1949 3745 2003 οὐκ

2163 2044 2435 2114 ἠνείχετο,
2460 2045 2597 2099 ἀλλὰ
2621 2046 2721 2115 τήν
2750 2063 2810 2098 τε
2839 2044 3020 2099 οἰκίαν
3050 2044 3215 2098 αὐτοῦ
3243 2044 3627 2108 κατακαίουσι,
3656 2043 3745 2096 καὶ

2164 2136 2325 2191 αὐτὸν
2358 2137 2614 2209 σύροντες
2650 2138 3061 2209 διαφθείρουσιν
3083 2154 3096 2169 ο
3145 2137 3283 2207 ὅπερ
3312 2135 3552 2199 ἀκούσας
3592 2137 3748 2188 Km-

2166 2234 2414 2298 στάντιος
2444 2234 2512 2289 δι’
2540 2235 2712 2307 ὀργῆς
2739 2237 2799 2289 τὸ
2835 2234 3079 2306 πραχθὲν
3106 2233 3424 2305 ἐποιήσατο,
3458 2233 3551 2286 καὶ
3583 2230 3747 2294 αὐτὸς

2162 2326 2263 2399 τὴν
2302 2328 2457 2382 πόλιν
2479 2327 2806 2383 καταλαϐὼν
2833 2328 2924 2381 τὸν
2956 2331 3055 2398 μὲν
3087 2327 3240 2381 ὅσιον
3266 2325 3477 2379 Παῦλον
3499 2323 3745 2378 ἀπελαύ-

2163 2439 2243 2475 νει
2274 2421 2504 2492 ταύτης.
2557 2422 2746 2492 ζημιοῖ
2773 2420 2828 2474 δὲ
2879 2420 2973 2475 καὶ
3003 2421 3103 2491 τὴν
3129 2418 3288 2472 πόλιν
3341 2417 3403 2471 τὸ
3437 2416 3747 2487 σιτηρέσιον

2164 2511 2381 2581 ἀφελὼν
2447 2512 2622 2581 αὐτῆς
2675 2512 2735 2566 τδ
2791 2512 2965 2582 ἥμισυ
2990 2511 3088 2581 τῆς
3138 2511 3347 2582 δωρεᾶς
3381 2510 3449 2581 ἣν
3479 2511 3507 2563 ὁ
3538 2510 3748 2562 ἐκείνου

2166 2603 2372 2672 πατὴρ,
2402 2601 2830 2673 ὁιριλάνθρωπος
2873 2602 3074 2673 δηλαδὴ
3128 2602 3564 2663 Κωνσταντῖνος,
3609 2599 3744 2668 αὐτῇ

2166 2695 2498 2766 ἐδωρήσατο.
2553 2690 2662 2747 Ἦν
2718 2695 2776 2747 δὲ
2823 2693 2885 2748 τὺ
2912 2694 3032 2747 ὅλον
3059 2693 3161 2764 τῆς
3211 2693 3422 2764 δωρεᾶς
3454 2692 3746 2763 ήμερήσιοι

2168 2786 2323 2855 ἄρτοι
2360 2787 2620 2857 μυριάδες
2651 2785 2816 2842 ὀκτώ.
2868 2785 3152 2857 Ὠργίξετο
3173 2784 3229 2837 δὲ
3266 2784 3361 2837 καὶ
3390 2782 3534 2837 κατὰ
3562 2782 3749 2836 Μακε-

2164 2872 2337 2933 δονίου
2369 2878 2429 2932 οὑ
2461 2877 2622 2949 μόνον
2651 2879 2732 2932 ὅτι
2792 2879 2942 2950 παρὰ
2993 2877 3091 2949 τὴν
3121 2875 3287 2931 αὑτοῦ
3334 2875 3749 2946 κεχειροτόνητο

2165 2971 2417 3042 γνώμην,
2446 2972 2584 3026 ἀλλὰ
2618 2972 2709 3023 καὶ
2741 2971 2829 3024 διὰ
2852 2973 2982 3033 τοὺς
3016 2970 3211 3041 φόνους
3231 2965 3306 3024 ὧν
3337 2968 3497 3031 αὐτὸς
3529 2967 3752 3022 στασιάο

2166 3063 2274 3129 ζων
2304 3066 2488 3133 γέγονε
2531 3064 2721 3128 αἴτιος.

2240 3251 2330 3316 ς’.
2363 3250 2552 3319 Ὅμως
2584 3248 2749 3312 ἐάσας
2775 3250 2940 3302 αὐτὸν
2968 3250 2994 3301 ὁ
3027 3246 3299 3318 μακάριος
3332 3245 3539 3306 Παῦλος
3572 3259 3747 3295 κατα-

2166 3343 2560 3414 λαμϐάνειτὴν
2602 3341 2843 3411 Ῥώμην,
2881 3343 2975 3395 καὶ
3019 3340 3321 3408 ’Δθανασίῳ
3350 3337 3534 3405 συνῆν.
3586 3335 3747 3388 Ἀνα-

2166 3437 2321 3506 φὲρει
2357 3434 2488 3503 γοῦν
2519 3432 2556 3489 ἃ.
2607 3435 2868 3488 πεπόνθοι
2907 3431 2985 3503 τῷ
3033 3431 3255 3502 Ῥώμης
3277 3470 3290 3495 ,
3322 3428 3415 3482 καὶ
3451 3425 3606 3491 αὖθις
3634 3425 3751 3487 τοὶς

2169 3530 2301 3601 παρ’
2326 3518 2613 3593 αὑτοῦ,’ἔτι
2636 3527 2691 3579 δὲ
2712 3526 2807 3580 καὶ
2836 3528 2950 3589 τοῖς
2974 3524 3326 3583 Κώνσταντος
3346 3514 3439 3574 τοῦ
3478 3516 3745 3589 βασιλέως·

2166 3621 2567 3693 κατοχυρωθεὶς
2593 3619 2909 3691 γράμμασι,
2939 3614 3254 3686 παραυτίκα
3277 3632 3336 3665 τε
3360 3611 3631 3673 ἐπάνεισι,
3652 3609 3745 3662 καὶ

2166 3715 2243 3785 τῷ
2273 3713 2460 3784 οἰκείῳ
2493 3713 2668 3784 θρόνῳ
2724 3710 2866 3783 μετὰ
2906 3709 3103 3777 πολλῆς
3157 3707 3320 3760 αὑτὸν
3352 3703 3622 3775 θυμηδίας
3645 3700 3746 3770 τῆς

2170 3806 2380 3871 πόλεως
2430 3803 2839 3873 ὑποδεξαμένης
2890 3800 3332 3870 ἐγκαθιδρύεται.
3384 3797 3496 3851 Καὶ
3522 3794 3684 3848 πάλιν
3719 3793 3746 3843 ὁ

2166 3897 2543 3960 Κωνστάντιος
2575 3896 2642 3949 δι’
2665 3895 2836 3964 ὀργῆς
2861 3895 2922 3949 τὸ
2946 3894 3230 3963 γινόμενον
3257 3890 3487 3956 ἐτίθετο,
3519 3887 3612 3941 καὶ
3643 3885 3744 3938 πά-

2165 3992 2248 4045 λιν
2272 3991 2602 4073 πρόσταγμα
2628 3991 2708 4051 εἰς
2740 3987 3036 4058 ὑπερορίαν
3065 3985 3199 4054 ἄγον
3229 3988 3319 4037 τὸν
3342 3983 3551 4035 δίκαιον
3576 3999 3590 4013 ο
3648 3977 3744 4031 καὶ

2165 4084 2276 4153 γὰρ
2311 4070 2469 4137 τοῦτο
2498 4079 2791 4149 δεξάμενος
2839 4081 2866 4132 ὁ
2898 4077 3141 4148 ὕπαρχος
3169 4075 3457 4139 Φίλιππος,
3512 4070 3743 4142 ἐξορίζει

2169 4175 2268 4246 μὲν
2296 4177 2388 4228 τὸν
2415 4176 2580 4239 ὅσιον,
2614 4170 3030 4239 ἁντικαθίστησι
3058 4167 3115 4220 δὲ
3139 4170 3205 4238 τῇ
3226 4166 3319 4220 τοῦ
3347 4165 3482 4218 Θεοῦ
3520 4163 3745 4232 Ἐκκλη-

2168 4269 2261 4340 σίᾳ
2284 4268 2373 4321 τὸν
2391 4266 2859 4336 Πνευματομὰχον
2883 4259 3237 4316 Μακεδόνων.
3263 4259 3336 4311 Τὸ
3363 4257 3418 4310 δὲ
3443 4257 3546 4327 τῆς
3572 4256 3740 4324 ὑπερ·

2166 4358 2321 4431 ορίας
2344 4359 2444 4413 οὐκ
2474 4358 2535 4410 ἐκ
2568 4356 2663 4410 τοῦ
2703 4355 3002 4424 ἐμφανοῦς,
3043 4351 3158 4406 ἀλλ’
3199 4351 3257 4418 ἐξ
3295 4349 3517 4420 ἐνέδρας
3542 4345 3747 4417 προῆλο

2168 4452 2296 4503 θεν’
2335 4453 2363 4503 ὁ
2396 4449 2506 4520 γὰρ
2554 4448 2647 4501 τοῦ
2713 4445 3081 4518 Ἑρμογένους
3137 4444 3297 4514 φόνος
3354 4438 3667 4510 σοφώτερόν
3694 4455 3746 4489 τι

480 4550 706 4622 quidem
751 4560 912 4606 vocat
954 4550 1048 4605 Dei
1089 4550 1410 4620 pontificem
1459 4552 1524 4606 ad
1568 4552 1872 4614 lavacrum,
1916 4551 2060 4621 quod

2172 4541 2554 4613 κακουργῆσαι
2607 4539 2699 4594 τὸν
2748 4539 3017 4592 Φίλιππον
3049 4535 3447 4605 ἀπειργάσατο·
3477 4532 3568 4584 καὶ
3596 4531 3750 4583 καλεῖ

479 4642 791 4713 appellatur
816 4642 1153 4714 Zeuxippus,
1183 4652 1442 4712 tanquam
1476 4656 1703 4714 propter
1726 4646 1974 4714 quzedam
2005 4645 2060 4699 in

479 4733 759 4787 communi
803 4733 956 4789 utiiia
988 4743 1044 4789 et
1075 4749 1272 4789 arcana
1307 4733 1537 4789 consilia
1565 4752 1577 4785 :
1615 4742 1672 4790 ct
1716 4736 1869 4789 illinc
1898 4736 2066 4791 mittit

478 4828 533 4880 in
560 4827 739 4881 aulam
774 4826 1145 4897 imperatoris,
1181 4835 1238 4881 et
1278 4843 1376 4896 per
1400 4827 1574 4896 ipsam
1600 4827 1798 4882 deinde
1832 4826 2065 4883 Thessa—

483 4919 746 4983 .ouicam,
795 4934 918 4988 quae
968 4918 1072 4974 fuit
1124 4919 1297 4989 patria
1342 4919 1846 4990 ejus-majoribus.
1904 4930 1960 4974 et
2010 4922 2060 4976 ei

482 5011 700 5078 quidem
737 5021 823 5068 est
850 5011 1194 5082 prohibitum
1226 5011 1526 5066 ascendere
1556 5015 1620 5066 a.l
1653 5021 1838 5082 partes
1866 5012 2062 5069 Orien-

480 5108 571 5169 tis,
605 5121 715 5161 non
746 5116 931 5161 autem
960 5105 1013 5160 iu
1040 5104 1380 5176 propinquas
1406 5105 1677 5175 legiones.

550 5288 661 5344 VII.
711 5286 915 5356 Impius
962 5295 1145 5341 autem
1192 5284 1580 5346 Macedonius,
1631 5285 1853 5339 militari
1895 5300 2059 5338 manu

477 5385 528 5438 ei
575 5380 888 5443 serviente.
940 5381 1200 5449 equitans
1244 5380 1406 5435 simul
1451 5396 1575 5434 cum
1618 5380 1911 5449 prmfeeto,
1967 5379 2061 5434 Dei

552 5501 630 5571 (τ)
666 5499 782 5558 Hoc
826 5512 1074 5571 tempore
1120 5501 1275 5555 venit
1316 5501 1544 5554 Romam
1572 5499 1825 5571 Paulus,
1880 5514 2057 5568 neque

481 5573 535 5626 in
562 5569 746 5627 ‘sedem
768 5569 953 5636 suam,
970 5572 1073 5626 nisi
1101 5580 1221 5639 post
1237 5571 1532 5627 caecilium
1564 5569 2057 5623 Sardicenselitte-

483 5642 559 5695 ris
611 5643 951 5707 Constantis,
977 5658 1122 5696 anno
1169 5642 1272 5696 Dn.
1324 5643 1450 5703 748,
1507 5640 1794 5695 restitutus
1845 5649 1948 5701 est,
1996 5648 2057 5691 ut

482 5711 645 5767 infra.
682 5714 863 5780 capite
896 5714 951 5775 9,
983 5722 1255 5765 narratur.
1290 5712 1423 5777 Quae.
1458 5727 1590 5765 vero
1625 5711 1714 5764 hic
1754 5721 2054 5763 narrantur

482 5782 550 5852 de
593 5781 829 5852 Philippi
873 5783 925 5834 in
971 5782 1197 5836 Paulum
1232 5782 1468 5852 injuriis,
1506 5780 1854 5852 restitutione
1882 5780 2056 5833 Mace-

487 5849 661 5917 donii,
689 5849 1035 5922 ct'tnartyrio
1060 5849 1317 5907 Marciani
1342 5860 1396 5907 et
1417 5850 1681 5920 Martyrti,
1707 5850 2057 5920 contigerunt

2176 4637 2275 4708 μὲν
2316 4637 2415 4690 σὺν
2442 4637 2573 4707 τιμῇ
2602 4633 2694 4687 τὸν
2716 4631 2810 4685 τοῦ
2844 4630 2981 4685 Θεοῦ
3012 4629 3276 4700 ἀρχιερέα
3306 4627 3387 4690 είς
3420 4625 3482 4678 τὸ
3502 4622 3746 4692 λουτρὸν,

2167 4726 2242 4786 ὧν
2276 4729 2562 4799 ἐπώνυμον
2606 4726 2935 4793 Ζεύξιππος,
2972 4726 3047 4786 ὡς
3080 4722 3174 4776 ἐπὶ
3199 4718 3556 4789 κοινωφελέσι
3587 4716 3750 4783 δῆθεν

2170 4824 2264 4879 καί
2284 4840 2396 4876 τισι
2427 4820 2761 4891 βουλεύμασι
2795 4818 3101 4889 μυστικοῖς,
3131 4814 3389 4867 κάκεῖθεν
3418 4812 3497 4874 είς
3527 4810 3623 4872 τὰς
3651 4808 3750 4879 βα-

2173 4917 2404 4978 σιλείους
2436 4912 2714 4982 ἐκπέμπει
2743 4910 2934 4974 αὐλὰς,
2969 4910 3061 4961 καὶ
3101 4907 3170 4960 δι’
3193 4904 3375 4959 αὐτῶν
3406 4904 3488 4965 είς
3535 4903 3750 4955 Θεσσα-

2172 5010 2412 5080 λονίκην,
2443 5009 2509 5078 ἣν
2548 5006 2642 5059 καὶ
2674 5006 2721 5057 οἱ
2782 5003 2947 5055 αὐτοῦ
3002 5001 3259 5071 πρόγονοι
3308 4995 3541 5066 πατρίδα
3580 4989 3748 5065 εἶχον,

2177 5104 2268 5157 καὶ
2295 5103 2405 5162 τοῖς
2432 5100 2529 5171 μὲν
2553 5098 2649 5169 τῆς
2675 5094 2940 5165 ἀνατολῆς
2965 5092 3269 5147 ἐπιϐαίνειν
3293 5090 3518 5161 μέρεσιν
3543 5086 3724 5140 ἐκεκώ

2172 5195 2325 5255 λυτο,
2354 5194 2473 5254 ταῖς
2504 5191 2559 5243 δὲ
2586 5186 3017 5259 πλησιαζούσαις
3055 5185 3156 5238 οὐκ
3186 5186 3289 5237 ἔτι.

2246 5290 2320 5341 Z'.
2370 5285 2430 5337 '0
2456 5286 2511 5337 δέ
2538 5299 2602 5351 γε
2633 5280 2898 5350 δυσσεϐὴς
2954 5278 3314 5342 Μακεδόνιος,
3348 5270 3752 5346 στρατιωτικῆς

2172 5378 2350 5450 χειρὸς
2382 5374 2788 5446 ὑπηρετούσης,
2809 5371 3276 5443 συνεποχούμενος
3302 5368 3380 5438 τῷ
3417 5367 3647 5437 ὑπάρχῳ
3670 5366 3751 5427 εἰς

2166 5499 2321 5568 prius
2368 5496 2554 5568 occiso
2595 5495 2919 5568 ponstante,
2947 5498 3011 5568 ut
3038 5491 3187 5568 infra
3234 5503 3356 5556 cap.
3408 5484 3492 5568 [0,
3524 5484 3749 5568 quando

2165 5558 2263 5637 per
2288 5567 2545 5622 eumdem
2584 5566 2926 5637 Philippum
2947 5564 3001 5616 in
3029 5561 3333 5637 Caucasth
3346 5558 3636 5637 relegatus
3664 5565 3751 5609 est

2164 5623 2219 5692 et
2270 5638 2506 5692 occisus.
2554 5636 2689 5690 Vide
2730 5623 3026 5689 Baronium
3074 5645 3222 5684 anno
3268 5629 3396 5691 542,
3437 5623 3748 5697 {Rursum

2164 5726 2307 5765 mro.
2340 5724 2483 5762 anno
2511 5707 2635 5769 Siti,
2670 5716 2725 5761 et
2758 5721 2902 5759 anno
2958 5703 3081 5767 ﬁiil,
3119 5701 3145 5772 ᾗ
3200 5698 3312 5754 Nos
3348 5701 3503 5770 igitur
3538 5711 3656 5766 qua
3684 5699 3749 5747 de

2174 5777 2352 5833 I'atlli.
