4142 6384
420 364 532 430 893

1687 375 1861 452 tum
1905 375 1968 436 s.
2013 376 2241 437 PAULI
2273 377 2376 441 cr.

3587 382 3692 445 894

423 483 560 552 πρὸς
591 481 690 553 τὴν
715 481 972 537 ἀσέϐειαν
996 485 1368 549 ἐκϐιάζεσθαι.
1407 491 1470 543 Οἱ
1495 490 1549 545 δὲ
1593 494 1734 545 κατά
1762 493 1824 546 τὸ
1853 493 2004 546 Μανα-

2113 493 2210 561 Qui
2243 503 2428 550 autem
2458 493 2781 550 habitabant
2816 495 3177 562 Mantineum,
3217 509 3404 556 coacta
3445 502 3698 559 multitu-

419 576 622 630 τίνειον
641 573 916 637 οἰκοῦντες
950 577 1030 640 είς
1058 577 1260 647 πλῆθος
1292 582 1587 646 συστάντες
1609 582 1704 636 καὶ
1735 582 1883 653 ζήλῳ
1902 584 2002 653 τῆς

422 667 730 732 εὐσεϐείας,
749 668 988 738 δρέπανα
1009 671 1104 723 καὶ
1135 671 1322 737 ἀξίνας
1351 675 1444 727 καὶ
1467 676 1576 729 πᾶν
1594 675 1655 728 τὸ
1686 677 2002 747 παρατυχὸν

421 759 561 814 ὅπλα
584 759 969 830 ποιησάμενοι,
993 762 1556 832 ἀντιπαρατάττονται
1594 769 1710 831 τοῖς
1743 766 2005 838 στρατιώ-

423 869 540 914 ταις
564 866 576 879 °
610 848 732 906 εἶτα
763 853 1036 922 συμϐολῆς
1057 855 1377 928 γενομένης,
1422 857 1605 911 πολλοὶ
1636 859 1736 928 μὲν
1763 859 2004 928 διαφθεί-

408 959 612 1034 ᾐοονται
641 943 736 996 καὶ
773 943 882 997 τῶν
933 945 1330 1014 Παφλαγόνων,
1386 948 1498 1009 τῶν
1552 949 1610 1002 δὲ
1651 949 2001 1020 στρατιωτῶν

407 1033 565 1103 ἶπλὴν
596 1033 794 1101 ὀλίγων
823 1034 1084 1100 ἅπαντες.
1116 1037 1266 1106 Αὕτη
1299 1039 1477 1093 τοίνυν
1509 1043 1542 1111 ἡ
1582 1041 1880 1110 ,μιαιφόνος
1909 1043 2002 1095 καὶ

425 1126 649 1196 ἀναιδὴς
709 1126 907 1196 πρᾶξις
966 1129 1025 1181 οὐ
1059 1130 1209 1199 παρά
1256 1131 1367 1185 τῶν
1419 1133 1767 1204 ἠδικημένων
1819 1133 1998 1203 μόνον,

426 1213 561 1270 ἀλλά
595 1218 686 1269 καὶ
722 1218 871 1286 παρά
912 1217 1020 1271 τῶν
1063 1221 1278 1285 οίκείως
1303 1223 1606 1279 δοκούντων
1648 1225 1794 1295 ἔχειν
1817 1225 2004 1279 Μακε-

424 1307 582 1374 δονίῳ
645 1310 799 1377 μῖσος
829 1311 1085 1381 ἀνήγειρε
1131 1313 1374 1368 δίκαιονο
1415 1317 1548 1371 ἀλλά
1595 1320 1688 1370 καὶ
1716 1317 1880 1371 αὐτὸν
1909 1318 2002 1372 τὸν
2066 1336 2076 1354 ι

426 1399 654 1470 βασιλέα
693 1401 981 1472 παρώξυνε
1012 1405 1144 1474 πρὸς
1173 1407 1490 1478 ἀπέχθειαν.
1520 1409 1593 1463 Οὐ
1637 1409 1792 1462 τοῦτο
1817 1409 1874 1462 δὲ
1909 1408 2004 1478 μο-

426 1509 534 1556 νον,
571 1492 688 1546 ἀλλ⁹
713 1492 797 1548 δτι
825 1495 997 1548 καὶτὸ
1027 1497 1188 1567 σῶμα
1216 1500 1628 1554 Κωνσταντίνου
1656 1499 1748 1554 τοῦ
1777 1501 2004 1554 εὐσεϐε-

429 1584 647 1649 στάτου,
713 1589 879 1658 φημὶ,
937 1588 1201 1660 βασιλέως
1257 1591 1468 1662 (ἐδόκει
1499 1594 1605 1664 γάρ
1636 1595 1664 1646 ὁ
1693 1589 1839 1658 οἶκος
1868 1596 1924 1647 ὲν
1958 1589 2003 1664 ᾦ

428 1679 716 1734 κατέκειτο
741 1683 907 1750 ἐγγὺς
946 1677 1086 1736 εἶναι
1114 1683 1205 1736 τοῦ
1235 1685 1602 1757 καταπεσεῖν)
1659 1686 1840 1740 λαϐὼν
1873 1687 2002 1742 ἀνευ

427 1770 654 1842 γνώμης
677 1771 840 1825 αὐτοῦ
870 1774 950 1835 είς
977 1772 1068 1826 τὸν
1099 1772 1190 1825 τοῦ
1219 1773 1377 1842 ἁγίου
1413 1774 1666 1827 Ἀκακίου
1687 1772 1823 1826 νεὼν
1848 1790 2005 1844 μετε-

428 1864 644 1930 κόμισε,
674 1864 768 1916 καὶ
797 1862 983 1934 ἐπειδὴ
1005 1865 1172 1918 πᾶσιν
1204 1865 1238 1934 ὴ
1273 1863 1562 1934 μετάθεσις
1589 1865 1649 1916 οῦ
1699 1864 1999 1929 συνεδόκει,

429 1951 564 2006 ἀλλά
594 1954 808 2017 πολλοῖς
833 1954 1046 2008 ἀνόσιον
1066 1954 1352 2025 ἐνομίζετο
1373 1955 1440 2008 τὰ
1466 1955 1572 2008 τῶν
1600 1956 2002 2025 κατοιχομένων

429 2045 820 2114 ἀνορύττεσθαι
866 2044 1120 2117 σώματα,
1157 2047 1248 2100 καὶ
1282 2047 1400 2100 τότε
1443 2045 1714 2114 βασιλέως
1763 2047 1821 2098 ὲν
1851 2045 2006 2098 εὐσε-

431 2137 551 2209 ϐείᾳ
609 2137 1034 2208 διαλάμψαντος,
1085 2138 1242 2206 φόνος
1300 2137 1474 2210 ἐρρύη
1535 2138 1724 2202 πολὺς,
1758 2138 1852 2191 καὶ
1898 2137 2005 2190 τῶν

436 2231 640 2284 πολλῶν
674 2232 766 2284 καὶ
805 2232 1119 2301 ἀνηκέστων
1173 2230 1359 2285 κακῶν
1407 2223 1482 2285 ὧν
1524 2232 1726 2302 ἐτόλμα
1760 2230 2007 2285 Μακεδό-

435 2339 562 2387 νιος,
597 2322 801 2392 μικράν
827 2340 946 2377 τινα
975 2322 1131 2394 δίκην
1161 2323 1410 2389 ἀπέτισε,
1445 2322 1539 2376 τοῦ
1560 2324 1874 2394 ἀξιώματος
1907 2335 2004 2394 την

435 2415 770 2488 καθαίρεσιν.

499 2507 602 2563 IB‘.
645 2507 896 2577 Ἑκράτει
949 2509 994 2562 δ’
1023 2504 1117 2563 οὖν
1143 2510 1292 2580 ὅμως
1320 2510 1390 2564 τά
1427 2511 1642 2581 Ἀρείου
1695 2509 1764 2563 δι’
1785 2509 1914 2577 ὅλης
1946 2523 2005 2561 τε
2063 2491 2075 2495 ί

437 2601 528 2671 τῆς
551 2603 931 2656 Κωνσταντίου
957 2602 1254 2674 βασιλείας,
1277 2605 1369 2657 καὶ
1395 2604 1472 2657 ἔτι
1497 2603 1693 2672 μᾶλλον
1717 2602 1858 2655 κατὰ
1883 2601 2006 2663 τοὺς

433 2696 729 2759 Οὐάλεντος
761 2695 856 2750 τοῦ
893 2697 1320 2753 δυσσεϐεστάτου
1358 2697 1608 2769 χρόνους,
1635 2697 1738 2756 ἓως
1770 2694 1836 2748 ἂν
1870 2695 2009 2745 ἐκεῖ-

2105 585 2258 650 dine,
2301 603 2426 643 eum
2482 589 2600 642 zelo
2636 588 2858 658 pietatis
2903 589 3071 645 falces
3101 600 3157 645 et
3196 605 3420 647 secures
3449 602 3504 648 et
3533 597 3696 664 quid-

2106 679 2240 748 quid
2277 695 2334 735 sc
2360 681 2662 747 obtulerat,
2689 699 2790 752 pro
2821 686 2990 738 armis
3019 686 3369 754 accepissent
3423 687 3696 746 adversus
3734 715 3741 736 ί

2106 771 2333 834 milites,
2367 773 2642 840 prodeunt
2673 773 2727 826 in
2755 775 2948 831 aciem.
2991 777 3194 832 Deinde
3225 779 3522 833 commisso
3551 797 3697 849 prae-

2104 861 2200 925 lio,
2238 864 2394 916 multi
2420 865 2642 933 quidem
2677 867 3029 932 interierunt,
3062 869 3225 923 etiam
3254 871 3695 941 Paphlagonum,

2106 970 2173 1010 ex
2218 954 2488 1010 militibus
2532 966 2714 1011 autem
2762 973 2972 1021 omnes,
3021 961 3207 1029 paucis
3256 962 3522 1028 exceptis.
3579 964 3699 1016 lloc

2104 1063 2235 1116 ergo
2266 1047 2487 1102 crudele
2515 1056 2572 1103 et
2603 1049 2894 1118 impudens
2924 1051 3136 1106 (acinus
3190 1068 3300 1105 non
3331 1055 3507 1107 solum
3541 1055 3696 1122 apud

2105 1156 2202 1196 eos
2258 1141 2355 1210 qui
2405 1151 2565 1196 erant
2610 1142 2791 1197 allecti
2832 1143 3054 1212 injuria,
3087 1144 3182 1197 sed
3213 1143 3377 1198 etiam
3416 1145 3558 1214 apud
3593 1162 3692 1200 eos

2106 1234 2199 1305 qui
2269 1233 2597 1287 videbantur
2670 1233 2810 1288 bene
2872 1235 3012 1288 velle
3069 1234 3428 1298 Macedonio,
3481 1237 3687 1306 justum

2106 1329 2296 1382 odium
2327 1327 2606 1381 excitavit.
2643 1327 2762 1380 Non
2787 1326 2894 1380 hoc
2927 1336 3107 1380 autem
3157 1327 3357 1392 solum,
3391 1328 3485 1382 sed
3522 1331 3686 1383 etiam

2106 1421 2251 1490 quod
2301 1435 2504 1489 corpus
2559 1419 2930 1483 Constantini,
2970 1419 3025 1473 in
3070 1419 3286 1489 primis,
3329 1421 3572 1489 inquam,
3612 1421 3688 1490 pii
3778 1405 3780 1407 l

2108 1512 2460 1584 imperatoris
2515 1512 2830 1584 (videbatur
2871 1511 3021 1566 enim
3052 1512 3219 1576 aedes,
3249 1513 3301 1566 in
3329 1528 3435 1582 qua
3465 1524 3583 1567 erat
3611 1515 3689 1567 si.

2109 1614 2247 1668 tttm,
2278 1606 2478 1660 minari
2518 1604 2756 1674 ruinam)
2788 1615 3072 1674 acceptum
3111 1606 3231 1660 sine
3265 1605 3384 1674 ejus
3414 1608 3688 1661 sententia

2107 1697 2465 1752 transtulerat
2524 1697 2580 1750 in
2643 1696 2908 1765 templum
2959 1696 3142 1752 Sancti
3192 1697 3397 1752 Acacii.
3441 1698 3508 1752 Et
3553 1713 3696 1768 quo-

2108 1787 2256 1842 niam
2305 1802 2414 1841 non
2450 1787 2700 1857 placebat
2733 1787 2992 1842 omnibus
3025 1789 3330 1854 translatio,
3371 1791 3465 1845 sed
3505 1791 3692 1846 multis

2104 1881 2397 1935 videbatur
2443 1882 2670 1950 impium
2724 1881 2892 1936 ell'odi
2947 1896 3179 1950 corpora
3231 1892 3596 1949 mortuorum,
3636 1895 3694 1940 et

2104 1973 2343 2029 maxime
2393 1973 2764 2043 imperatoris,
2803 1974 2899 2042 qui
2945 1973 3050 2027 fuit
3095 1975 3297 2042 pietate
3333 1976 3580 2046 insignis.
3609 1977 3690 2031 fa-

2103 2078 2189 2122 cta
2245 2076 2329 2120 est
2387 2081 2581 2135 magna
2637 2064 2834 2128 caedes,
2889 2073 2946 2120 et
2991 2066 3290 2120 multorum
3339 2077 3396 2122 et
3441 2069 3688 2138 gravium

2105 2159 2400 2216 malorum.
2447 2173 2568 2226 qua:
2608 2156 2817 2212 fecerat
2852 2157 3227 2226 Macedonius,
3279 2175 3473 2229 parvas
3521 2177 3690 2229 quas-

2105 2249 2229 2304 dam
2294 2251 2395 2304 luit
2460 2266 2690 2320 pcenas,
2755 2249 3040 2320 dignitatis
3105 2252 3317 2308 scilicet
3393 2252 3692 2323 depositio-

2105 2359 2229 2398 nem
2268 2345 2404 2416 (l8).

2174 2519 2295 2574 ΧΠ.
2326 2520 2553 2590 Vigebat
2581 2528 2760 2573 tamen
2797 2535 2885 2574 res
2908 2519 3019 2572 Arii
3054 2533 3152 2587 per
3200 2527 3373 2570 totum
3397 2518 3690 2588 imperium

2105 2609 2444 2666 Constantii.
2471 2618 2526 2664 et
2554 2610 2735 2664 adhuc
2763 2611 2939 2680 magis
2992 2610 3340 2678 temporibus
3401 2610 3554 2678 impii
3595 2609 3696 2663 Va-

2106 2705 2291 2760 lentis.
2326 2703 2503 2757 donec
2538 2703 2605 2757 de
2642 2703 2734 2756 illo
2757 2703 2985 2770 quidem
3024 2703 3262 2771 sumpsit
3293 2716 3482 2770 poenas
3512 2699 3695 2753 divina

433 2806 521 2842 νον
547 2788 642 2858 μὲν
680 2790 713 2859 ἡ
767 2788 885 2842 θεία
947 2789 1179 2860 μετῆλθε
1210 2790 1357 2861 δίκη,
1413 2789 1694 2843 Θεοδόσιον
1721 2788 1778 2841 δὲ
1818 2786 1910 2840 τὸν
1949 2785 2007 2851 ἐξ

2113 2797 2338 2868 |ustitia,
2378 2796 2751 2850 Theodosium
2787 2805 2970 2849 autem
3027 2795 3354 2863 Hispanum,
3382 2794 3531 2862 justa
3563 2807 3693 2845 sen-

442 2880 716 2946 Ἰσπανίας
746 2881 914 2952 ψήφῳ
962 2883 1148 2955 δικαίᾳ
1176 2881 1476 2954 Γρατιανοῦ
1508 2883 1603 2936 τοῦ
1631 2883 1700 2934 τὰ
1739 2881 2007 2950 Ἐσπέρια

432 2975 790 3045 περιέποντος
813 2975 891 3038 είς
907 2975 997 3028 τὸν
1023 2974 1295 3043 βασίλειον
1316 2976 1415 3045 τῆς
1435 2974 1696 3044 ἀνατολῆς
1715 2972 2006 3027 ἀνεϐίϐασε

433 3069 641 3139 θρόνον,
672 3071 766 3122 καὶ
799 3071 864 3139 τῇ
895 3067 1173 3140 ὀρθοδοξία
1205 3069 1270 3121 δι’
1319 3067 1484 3120 αὑτοῦ
1522 3067 1582 3120 τὸ
1620 3067 1818 3136 κράτος
1846 3066 2008 3135 ἐϐρά-

2110 2891 2278 2945 tcntia
2308 2889 2581 2953 Gratiani,
2609 2891 2702 2959 qui
2742 2889 3168 2943 administrabat
3202 2885 3589 2947 Occidentem,
3625 2883 3694 2938 ad

2109 2982 2294 3036 sedem
2324 2981 2735 3050 imperatoriam
2766 2979 3031 3044 provexit
3054 2974 3327 3035 Orientis,
3356 2984 3413 3027 et
3445 2971 3569 3026 ﬁdei
3597 2987 3696 3023 or-

2110 3069 2362 3123 thodoxae
2414 3083 2510 3137 per
2561 3066 2740 3135 ipsum
2777 3066 2948 3119 robur
2997 3063 3278 3132 acquisiit.
3315 3060 3420 3114 Sed
3456 3059 3534 3114 sic
3570 3058 3696 3128 qui-

432 3161 646 3216 ϐευσεν.
684 3160 823 3214 Ἀλλ’
850 3158 994 3213 οὕτω
1021 3159 1118 3228 μὲν
1145 3162 1176 3230 ἠ
1217 3159 1428 3230 Ἀρείου
1454 3159 1664 3232 αἵρεσις
1687 3157 1785 3221 ea;
1809 3157 2004 3226 ἔκκλη-

2113 3161 2234 3216 dem
2271 3159 2388 3214 Arii
2415 3158 2662 3220 haeresis,
2702 3172 2824 3227 quae
2863 3155 3225 3226 quadraginta
3247 3167 3422 3206 annos
3444 3150 3698 3220 depopu-

432 3254 554 3316 σίας
593 3252 685 3305 ἐπὶ
711 3251 1120 3322 τεσσαράκοντα
1147 3249 1239 3320 ἔτη
1269 3249 1736 3319 κατανεμηθεῖσα,
1783 3251 1848 3320 τῇ
1881 3247 2009 3302 Θεο-

430 3345 606 3399 δοσίου
632 3344 884 3415 εὐσεϐείᾳ
899 3342 1353 3412 ὲξωστρακίζετο,
1389 3342 1485 3396 καὶ⁸
1508 3342 1570 3396 τὸ
1590 3340 1870 3413 ὀρθόδοξον
1895 3343 2007 3403 τοῖς

431 3441 654 3505 οίκείοις
677 3439 1135 3505 ἐνεκαλλωπίζετο
1161 3439 1517 3510 δικαιώμασι.
1550 3438 1852 3510 Συγκροτεί
1878 3433 2010 3504 γοῦν

431 3536 462 3590 ὀ
491 3536 655 3598 αὐτὸς
677 3534 1090 3604 θεοφιλέστατος
1118 3533 1368 3604 βασιλεὺς
1404 3531 1748 3597 σύνοδον,διά
1777 3529 2011 3600 μελέτης

431 3629 574 3701 ἔχων
599 3629 844 3691 καὶτοὺς
875 3627 986 3680 ἀπὸ
1022 3625 1358 3680 Μακεδονίου
1391 3623 1527 3695 πρὸς
1549 3623 1745 3677 ἕνωσιν
1775 3639 2015 3690 συναγαο

433 3726 552 3792 γείν
578 3726 690 3786 τοῖς
709 3719 1052 3791 ὀρθοδοξοῦσι
1081 3719 1177 3772 καὶ
1200 3716 1565 3789 πρεσϐεύουσι
1595 3716 1656 3770 τδ
1681 3713 1973 3786 ὁμοούσιον
1993 3729 2008 3745 ο

433 3816 515 3871 διδ
536 3815 694 3870 καλεῖ
718 3813 960 3875 καὶτοὺς
993 3809 1344 3881 προεστῶτας
1380 3809 1560 3863 αὐτῶν
1591 3809 1690 3879 τῆς
1717 3808 2012 3876 αἱρέσεως,

436 3909 531 3963 καὶ
553 3905 811 3976 συνῆλθον
863 3903 974 3956 τῶν
1005 3901 1435 3974 ὀρθοδοξούντων
1475 3900 1586 3954 ἀπὸ
1615 3900 1715 3970 μὲν
1760 3899 2016 3964 ’Δλεξαν-

436 4000 618 4071 δρείας
640 3996 928 4068 Τιμόθεος,
953 3992 1014 4058 ἐξ
1055 3991 1458 4064 Ἱεροσολύμων
1507 3991 1564 4046 δὲ
1596 3989 1885 4060 Κύριλλος,
1913 3989 2016 4044 Me-

436 4093 610 4156 λέτιος
639 4091 694 4144 δὲ
717 4090 774 4157 ἐξ
810 4086 1168 4158 Ἀντιοχείας,
1195 4085 1497 4157 Γρηγόριός
1539 4101 1601 4137 τε
1626 4085 1810 4155 παρῆν
1839 4087 1867 4136 ὁ
1889 4084 2019 4137 Θεοο

436 4187 616 4253 λόγος,
636 4183 732 4237 καὶ
786 4179 1062 4250 ’Δσχόλιος
1091 4180 1120 4232 ὁ
1158 4178 1578 4248 Θεσσαλονίκης,
1616 4176 1712 4230 καὶ
1738 4177 1766 4228 ὁ
1793 4175 2018 4240 Νύσσης

436 4279 765 4349 Γρηγόριος,
810 4272 907 4326 καὶ
941 4269 1092 4324 ἄλλοι
1143 4268 1367 4322 πολλοί·
1421 4267 1762 4338 πεντήκοντα
1784 4266 1894 4338 γάρ
1924 4269 2019 4322 κού⁴

437 4370 634 4426 ἑκατὸν
659 4363 799 4437 ἦσαν
828 4364 1009 4419 αὐτῶν
1039 4365 1067 4417 ὁ
1098 4364 1205 4426 πᾶς
1231 4360 1505 4430 σύλλογος.
1532 4361 1639 4415 Τοῦ
1665 4361 1713 4416 δ’
1735 4360 2018 4433 αἱρετικοῦ

2109 3255 2220 3304 lata
2267 3250 2449 3304 fuerat
2482 3247 2750 3304 ecclesias
2775 3287 2790 3311 ,
2819 3249 3023 3314 pietate
3052 3243 3350 3299 Theodosii
3381 3242 3485 3297 fuit
3519 3248 3701 3296 exter-

2109 3342 2340 3402 minata.
2374 3352 2432 3396 et
2464 3341 2599 3395 ﬁdes
2632 3339 2944 3394 orthodoxa
2972 3337 3076 3392 fuit
3103 3347 3371 3392 exornata
3396 3333 3702 3402 suisjustis

2110 3435 2442 3492 honoribus.
2482 3432 2789 3504 Congregat
2822 3432 3010 3500 itaque
3040 3427 3186 3484 idem
3239 3429 3366 3498 pius
3398 3427 3703 3496 imperator

2112 3527 2402 3598 synodum,
2439 3526 2667 3581 studens
2691 3520 3117 3579 lacedoniauos
3140 3520 3194 3574 in
3226 3518 3580 3575 concordiam
3605 3533 3700 3572 re-

2113 3615 2301 3685 digere
2335 3627 2461 3669 cum
2495 3610 2822 3667 orthodoxis
2867 3618 2923 3665 et
2951 3609 3042 3674 iis,
3107 3607 3202 3678 qui
3237 3613 3541 3663 tuebantur
3604 3604 3706 3658 ho-

2115 3704 2390 3759 mousion.
2427 3701 2798 3766 Quamobrem
2857 3710 3018 3754 vocat
3077 3713 3212 3760 eos,
3256 3696 3350 3767 qui
3430 3701 3705 3764 praeerant

2114 3811 2309 3852 eorum
2345 3794 2540 3848 haeresi
2569 3809 2586 3858 ;
2620 3801 2677 3848 et
2712 3799 3093 3847 convenerunt
3129 3790 3242 3858 (l9)
3274 3804 3337 3843 es
3379 3783 3705 3842 orthodoxis

2116 3888 2186 3940 ab
2223 3881 2554 3939 Alexandria
2573 3881 2797 3951 quidem
2833 3881 3184 3945 Timotheus,
3213 3878 3284 3931 ab
3308 3875 3707 3944 Hierosolymis

2118 3991 2303 4033 autem
2334 3975 2590 4045 Cyrillus,
2625 3973 2875 4028 Meletius
2904 3972 2974 4026 ab
3007 3969 3300 4025 Antiochia
3329 3985 3346 4032 ;
3399 3966 3702 4034 aderatque

2118 4069 2417 4139 Gregorius
2451 4067 2792 4134 Theologus,
2824 4075 2881 4120 et
2910 4063 3206 4118 Ascltolius
3235 4059 3703 4114 Thessalonicen-

2120 4162 2276 4227 sis,et
2298 4159 2600 4229 Gregorius
2626 4158 2925 4228 Nyssenus,
2945 4166 3000 4211 et
3025 4155 3181 4210 multi
3208 4153 3300 4207 alii
3327 4156 3525 4217 ;erant
3554 4149 3704 4203 enim

2122 4263 2343 4312 centum
2374 4263 2430 4308 et
2457 4249 2856 4321 quinquaginta
2909 4258 3087 4304 cattus
3143 4261 3334 4300 eorum
3377 4244 3704 4298 universus.

2125 4347 2410 4403 Haereticm
2440 4355 2626 4398 autem
2651 4350 2887 4396 caterva:
2938 4340 3050 4394 dux
3103 4336 3474 4406 eratquidetn
3539 4334 3709 4389 Eleu-

440 4463 666 4534 στίφους
682 4431 874 4530 ἧγεῖτο
905 4458 1004 4528 μὲν
1026 4458 1054 4510 ὀ
1081 4455 1325 4521 Κυζίκου
1390 4453 1687 4519 Ἑλεύσιος,
1740 4431 1834 4508 καὶ
1863 4456 2014 4525 Μαρ-

2125 4441 2240 4496 sius
2265 4438 2594 4508 Cyzicenus,
2643 4445 2700 4491 et
2773 4433 3088 4490 Marcianus
3154 4431 3593 4500 Lampsacenus,
3655 4440 3712 4479 ct

439 4521 1084 4620 xtavbcve-‘Aapthdxou,
1138 4548 1284 4603 καὶὸ
1336 4546 1564 4616 Ἐφέσου
1607 4547 1864 4617 Εὺήτιος,
1923 4521 2014 4600 καὶ

2127 4534 2354 4590 Evetius
2418 4531 2756 4601 Ephesinus,
2825 4540 2882 4585 et
2915 4521 3036 4593 alii,
3123 4527 3218 4598 qui
3290 4531 3451 4580 erant
3515 4535 3709 4577 omnes

439 4652 587 4706 ἄλλοι
625 4647 790 4713 τινὲς,
835 4643 898 4710 ἒξ
928 4643 978 4696 οί
1021 4645 1224 4706 πάντες
1259 4641 1354 4695 καὶ
1385 4638 1685 4712 τριάκοντα
1742 4654 2026 4709 συγκεφαῃ

443 4741 588 4797 ὶαιού
597 4755 769 4810 μενοι.

516 4835 613 4887 ll".
654 4831 896 4902 Παρῄνει
931 4828 996 4899 δὴ
1027 4825 1278 4898 βασιλεύς
1307 4843 1366 4879 τε
1399 4824 1558 4887 αὐτὸς
1588 4825 1679 4877 καὶ
1709 4825 1835 4878 ὅσον
1864 4821 2022 4893 ὀρθό-

444 4925 591 4991 διξον
612 4925 740 4986 τοὺς
768 4923 865 4992 τῆς
893 4918 1178 4989 αἱρετικῆς
1231 4917 1426 4987 μοίρας
1455 4913 1733 4968 συνελθεῖν
1765 4916 1847 4976 εἰς
1901 4915 2027 4983 ὁμο-

445 5019 739 5090 φροσύνην,
769 5017 863 5068 καὶ
892 5010 1234 5083 πρεσϐεῦσαι
1266 5009 1328 5062 τ’)
1363 5007 1676 5078 ὀμοούσιον,
1708 5006 2030 5076 ὑπομιμνή-

447 5127 663 5172 σκοντες
687 5109 760 5172 ὡς
796 5106 892 5162 καὶ
920 5107 1018 5178 τὴν
1067 5103 1178 5158 τῶν
1227 5101 1528 5173 ὀρθοδόξων
1573 5098 1860 5152 κοινωνίαν
1907 5097 2030 5150 αὕτη

447 5203 772 5272 επάγγελτοι
791 5199 1200 5272 προσεδέχοντο.
1221 5195 1296 5249 Τὸ
1309 5195 1366 5248 δὲ
1389 5191 1664 5264 αἱρετικὸν
1685 5190 1791 5243 τῶν
1803 5189 2030 5243 δικαίων

446 5298 681 5366 ἐλέγχων
707 5293 804 5347 καὶ
835 5289 1237 5363 φιλανθρώπων
1257 5287 1637 5358 παραινέσεων
1657 5284 1848 5338 οὐδένα
1874 5283 2034 5352 ποιή-

448 5408 639 5454 σαντες
689 5389 871 5457 λόγον,
905 5387 1006 5457 τῆς
1032 5383 1245 5447 οἰκείας
1288 5381 1351 5436 οῦ
1403 5379 1652 5451 μεθίεντο
1691 5374 2029 5436 δυσσεϐείας.

457 5483 842 5538 Ἐκϐἀλλονται
876 5479 1060 5533 τοίνυν
1085 5477 1175 5531 διὰ
1200 5473 1357 5528 τοῦτο
1385 5471 1600 5526 καὶτοῦ
1628 5467 1911 5540 συνεδρίου
1938 5463 2036 5520 καὶ

445 5575 550 5647 τῆς
575 5576 805 5639 πόλεως,
825 5572 922 5627 καὶ
947 5571 983 5642 ἡ
1018 5567 1234 5630 σύνοδος
1259 5565 1555 5636 χειροτονεῖ
1584 5563 1674 5617 τὸν
1703 5559 2028 5647 Νεκτάριον,

450 5646 816 5740 συγκλητικοῦ
881 5664 980 5735 μὲν
1014 5662 1244 5734 αἵματος
1281 5657 1434 5724 ὅντα,
1491 5655 1662 5726 ἀρχὴν
1711 5652 1896 5722 δὲτὴν
1939 5646 2031 5703 τοῦ

525 5846 636 5917 (ιδ)
679 5848 833 5901 Anno
868 5844 994 5901 559..

2131 4625 2300 4684 simul
2337 4625 2564 4697 triginta
2593 4639 2710 4679 sex.

2201 4805 2343 4860 Xlll.
2379 4803 2728 4859 Admonebat
2750 4811 2936 4858 autem
2981 4801 3312 4870 imperator,
3353 4798 3716 4866 etIquotquot

2129 4905 2288 4952 erant
2353 4895 2677 4960 orthodoxi,
2705 4910 2801 4950 eos
2833 4894 2927 4965 qui
2963 4891 3344 4962 sequebantur
3376 4897 3564 4957 partes
3600 4887 3714 4941 bae—

2128 4989 2450 5046 reticorum.
2486 4995 2545 5041 ut
2577 5002 2701 5040 cum
2741 4987 2824 5041 eis
2859 4983 3270 5046 consentirent,
3301 4991 3360 5032 et
3419 4986 3716 5030 tuerentur

2128 5082 2480 5143 bomousion,
2514 5081 2572 5134 in
2611 5079 2933 5135 memoriam
2964 5084 3311 5138 revocantes,
3345 5071 3493 5141 quod
3520 5071 3711 5124 ortho-

2129 5177 2400 5232 datorum
2448 5175 2899 5230 communionem
2936 5188 3034 5228 sua
3088 5179 3284 5240 sponte
3342 5166 3715 5222 admiserunt.

2131 5269 2385 5324 Πενθιῐυί
2420 5278 2608 5323 autem
2649 5269 2924 5338 iustarum
2973 5262 3472 5334 reprehensionum
3502 5268 3559 5312 et
3613 5257 3715 5313 be-

2130 5365 2422 5433 nignarum
2473 5360 2916 5415 admonitionum
2963 5357 3174 5411 nullam
3207 5354 3478 5408 ducentes
3531 5350 3705 5405 ratio-

2131 5471 2282 5519 nem,
2323 5470 2478 5507 suam
2519 5468 2630 5506 non
2685 5449 3037 5505 dimittebant
3069 5445 3718 5518 impietatetu.Proptcr-

2129 5562 2194 5603 ea
2243 5561 2372 5614 ergo
2395 5544 2695 5608 eiieiuntur
2723 5559 2752 5595 e
2775 5541 3012 5595 concilio
3042 5549 3098 5596 et
3124 5556 3154 5596 e
3184 5539 3432 5594 civitate.
3459 5534 3719 5609 Synodus

2132 5646 2312 5692 autem
2335 5633 2492 5704 eligit
2521 5633 2860 5693 Nectarium,
2881 5632 2971 5702 qui
2999 5643 3114 5687 «rat
3142 5632 3365 5703 quidem
3398 5647 3428 5688 e
3452 5627 3720 5701 sanguine

2234 5822 2346 5897 (l9)
2374 5820 2671 5879 Anno'éSl.

3343 5959 3402 5968 η»...
3415 5965 3424 5967 -
3437 5957 3561 5972 ο-..εενο
