4142 6384
384 300 487 363 897

1420 306 1596 369 VITA
1638 306 1700 366 S.
1730 304 2046 365 NAZARH
2084 304 2191 364 ET
2248 302 2673 365 SOCIORUM.’

3551 304 3663 368 898

381 436 494 486 νος,
518 418 761 474 πλούσιοι
782 421 880 491 μὲν
890 421 1057 490 ἄμφω
1072 421 1162 475 καί
1181 421 1296 492 βίον
1317 423 1411 476 καὶ
1432 421 1655 493 ἀρετὴν,
1674 423 1778 475 ὑπὸ
1791 408 1962 491 καθη-

2085 437 2196 474 vero
2229 420 2342 489 ipsa
2377 434 2596 489 quoque
2643 426 2768 472 erat
2799 418 3042 473 Romana
3072 431 3298 489 genere.
3327 419 3491 474 ambo
3528 418 3656 486 qui-

384 515 524 584 γητῇ
556 511 615 565 δὲ
641 513 831 583 Πέτρῳ
867 513 945 584 τῷ
960 514 1054 566 τοῦ
1076 513 1237 584 χοροῦ
1264 516 1548 585 κορυφαίῳ
1570 514 1681 568 τῶν
1712 514 1970 584 μαθητῶν

384 604 465 674 τῷ
482 604 603 675 Θεῷ
619 604 818 675 μᾶλλον
828 604 1207 668 οίκειωθίντες
1227 606 1322 658 καὶ
1337 604 1716 669 τελειωθέντες
1734 605 1886 658 ῦδατί
1914 622 1969 657 τε

389 698 480 749 κα)⁸
510 696 806 765 πνεύματι·
830 694 1054 758 τούτους
1080 696 1269 766 ὥσπερ
1296 695 1581 758 εὐσεϐείας
1601 697 1629 748 ὀ
1658 695 1792 759 Θεὸς
1817 697 1975 765 ἀμει-

389 787 641 855 ϐόμενος,
686 784 943 856 καθάπερ
980 787 1147 841 πάλαι
1177 787 1307 841 ποτέ
1341 788 1434 841 τὸν
1472 786 1727 858 ’Δϐραάμ
1749 791 1847 857 τῆς
1887 805 1974 856 φι-

391 877 636 943 λοξενίας
682 878 816 942 υίὲν,
867 879 1052 943 αὐτοῖς
1096 879 1191 932 καὶ
1236 878 1572 950 κληρονόμον
1620 878 1722 948 τῆς
1768 881 1971 949 ἀρετῆς

392 969 510 1040 ἅμα
548 971 644 1025 καὶ
694 971 791 1041 τῆς
839 972 1158 1042 περιουσίας
1202 971 1293 1025 τὸν
1323 970 1602 1044 Ναζὰριον
1632 970 1873 1024 δίδωσιν.
1912 970 1973 1022 '0

390 1066 449 1117 δέ
478 1058 567 1117 οἷα
599 1066 735 1135 πρὸς
763 1063 901 1117 Θεοῦ
927 1064 1233 1135 δεδομένος,
1264 1063 1386 1119 ὅλον
1432 1063 1551 1133 Θεῷ
1586 1063 1749 1117 πάλιν
1783 1061 1973 1116 ἑαυτὸν

394 1154 721 1211 ἀντιδίδωσι.
776 1156 887 1210 Καὶ
911 1155 1231 1209 υἱοθετεῐται
1260 1156 1355 1226 μὲν
1383 1156 1542 1219 αὐτὸς
1571 1156 1677 1210 ὑπο
1700 1153 1860 1207 Λίνου
1899 1153 1975 1223 τῷ

400 1246 534 1318 θείῳ
578 1246 941 1317 βαπτίσματι,
998 1245 1056 1308 δς
1106 1241 1174 1317 ἦν
1215 1248 1422 1315 Πέτρου
1456 1246 1596 1316 μετὰ
1645 1244 1740 1297 τοῦ
1781 1244 1975 1314 θρόνου

397 1339 493 1391 καὶ
517 1338 617 1408 τῆς
647 1337 851 1409 ἀρετῆς
877 1337 1128 1407 διάδοχος
1150 1352 1167 1369 ’
1196 1337 1534 1408 τελειοτέρας
1560 1336 1621 1390 δὲ
1668 1337 1976 1405 ἁπτόμενος

396 1430 633 1500 ἡλικίας,
654 1430 989 1498 τελειοτέρας
1009 1431 1105 1484 καὶ
1126 1430 1223 1500 τῆς
1240 1429 1464 1500 χάριτος
1484 1428 1748 1494 ἀξιοῦται.
1775 1427 1978 1498 Συνηύ-

399 1522 524 1588 Exue
550 1523 659 1594 γὰρ
689 1522 840 1593 αὐτῷ
865 1521 1151 1593 αὐξομένῳ
1179 1523 1277 1594 τὴν
1308 1519 1465 1587 αὖξιν
1511 1521 1611 1594 τὴν
1641 1520 1833 1574 ἐαυτοῦ
1876 1522 1973 1573 καὶ

400 1615 569 1679 πολὺς
605 1616 696 1669 ἐπὶ
718 1614 955 1685 Χριστὸν
980 1614 1121 1686 ἔρως
1150 1614 1247 1669 καὶ
1266 1614 1453 1667 πλεῖον
1479 1614 1679 1684 μᾶλλον
1703 1612 1979 1666 ἐδείκνυτο

402 1710 494 1761 καὶ
528 1708 877 1780 θερμότερος.

471 1889 547 1943 B'.
596 1888 749 1943 Ἐπεὶ
773 1889 881 1944 δὶό
919 1891 979 1945 ἐν
1005 1890 1157 1961 αὑτῷ
1194 1891 1294 1959 τῆς
1327 1890 1613 1953 εὐσεϐείας
1647 1890 1853 1960 πυρσὸς
1883 1889 1976 1942 ἐπὶ

406 1983 548 2053 μέγα
573 1981 738 2052 ᾔρετο
764 1982 889 2053 ἢδη,
922 1982 1020 2035 καὶ
1057 1981 1287 2045 πολλοὺς
1334 1983 1428 2035 ἐπὶ
1459 1984 1551 2035 τὸν
1576 1980 1741 2049 ἄνδρα
1769 1979 1975 2043 ἐκάλει,

402 2075 529 2137 τοὺς
574 2073 835 2145 θορύϐους
864 2073 1056 2145 ὥσπερ
1106 2078 1200 2128 καὶ
1246 2073 1343 2143 τὴν
1375 2074 1573 2144 συνεχῆ
1634 2072 1827 2144 ἄφιξιν
1870 2074 1978 2127 τῶν

404 2168 485 2227 εἰς
514 2165 673 2218 αὐτὸν
716 2164 1180 2236 παραϐαλλόντων
1214 2164 1515 2228 ἐκκλίνων,
1553 2164 1695 2233 ἔγνω
1741 2162 1977 2234 πατρίδα

405 2257 500 2310 καὶ
531 2256 764 2322 οἰκείους
811 2258 1119 2325 ἀπολιπεῖν,
1170 2259 1265 2311 καὶ
1303 2259 1361 2310 ἐν
1396 2257 1651 2328 ἀλλοτρίᾳ
1699 2255 1975 2325 γενέσθαι,

404 2351 553 2413 ὅπως
577 2349 654 2421 τῷ
678 2350 997 2422 ποθουμὲνιρ
1028 2367 1087 2404 τε
1126 2350 1265 2406 κατά
1309 2351 1475 2423 μόνας
1506 2350 1845 2419 συγγένοιτο,
1885 2349 1978 2402 καὶ

406 2442 725 2517 ἀνακηρύξει
757 2445 969 2507 πολλοῖς
995 2444 1097 2515 τὴν
1139 2444 1441 2498 εὐσέϐειαν.
1484 2443 1589 2496 Τὸν
1619 2441 1977 2497 ἐπιϐάλλοντα

405 2534 584 2586 τοίνυν
607 2533 752 2603 αὐτῷ
771 2533 973 2605 κλῆρον
999 2534 1149 2603 παρά
1165 2532 1275 2587 τῶν
1294 2533 1566 2588 τεκόντων
1609 2531 1790 2587 λαϐὼν
1813 2531 1979 2596 ἔξεισι

405 2623 505 2694 τῆς
540 2625 820 2695 πατρίδος,
849 2625 944 2678 καὶ
983 2625 1136 2679 πόλιν
1175 2626 1239 2677 ἐκ
1289 2625 1495 2689 πόλεως
1524 2623 1769 2694 ἀμείϐων
1797 2618 1879 2687 οἷς
1913 2622 1980 2680 ἃν

408 2716 661 2787 ἐπισταίη
695 2716 759 2769 ἑκ
806 2715 914 2770 τῶν
968 2717 1136 2770 ὄντων
1192 2718 1445 2788 ἐπῆρκεν
1504 2716 1695 2771 ἔπειτα
1742 2718 1838 2770 καὶ
1879 2716 1980 2786 τὴν

412 2808 635 2878 μείζονα
669 2808 935 2880 χορηγίαν
969 2810 1064 2863 καὶ
1094 2808 1232 2879 πρὸς
1264 2808 1363 2882 τὴν
1410 2809 1587 2880 ἀληθῆ
1606 2808 1707 2878 τῆς
1753 2809 1982 2880 Τριάδος

406 2900 608 2970 γνῶσιν
636 2901 1016 2972 ἐχειραγώγει.
1045 2904 1152 2956 Καὶ
1180 2903 1380 2973 δήποτε
1413 2903 1566 2973 παρά
1598 2902 1752 2956 πόλιν
1786 2901 1979 2971 ἀφικό-

411 3011 569 3065 μενος
592 2995 959 3050 Πλακεντίναν
990 2995 1083 3049 καὶ
1108 2997 1173 3066 τῇ
1209 2995 1552 3050 Μεδιολάνων
1583 2995 1831 3060 ἐπιστὰς,
1850 2998 1984 3066 Προ-

396 3092 581 3160 λτασίῳ
629 3089 725 3141 καὶ
781 3087 1063 3158 Γερϐασίῳ
1120 3090 1233 3151 τοῖς
1265 3087 1604 3158 θαυμαστοῖς
1638 3089 1977 3157 ἐντυγχάνει,

409 3178 816 3243 κατακλείστοις
843 3179 942 3249 μὲν
976 3179 1079 3232 ὑπὸ
1116 3180 1212 3233 τοῦ
1241 3178 1499 3249 ἄρχοντος
1539 3179 1768 3240 Ἰταλίας
1804 3180 1986 3233 Ἀνου-

409 3271 557 3324 λίνου
585 3269 673 3323 διὰ
700 3270 798 3340 τὴν
825 3272 905 3334 είς
934 3271 1170 3341 Χριστὸν
1196 3271 1485 3341 ὁμολογίαν
1506 3271 1840 3340 γενομένοις,
1864 3272 1985 3334 ταῖς

2076 514 2202 567 dem
2237 513 2438 567 divites
2464 520 2522 566 et
2550 509 2904 565 facultatibus
2931 511 3210 565 etvirtute
3242 528 3256 565 :
3290 510 3450 564 Petro
3469 519 3654 563 autem

2075 604 2419 665 institutore,
2455 603 2609 658 chori
2644 602 3042 673 discipulorum
3075 604 3346 673 principe,
3378 603 3490 657 Deo
3522 602 3657 656 red-

2075 698 2176 753 diti
2210 698 2384 767 magis
2410 697 2727 761 familiares,
2764 711 3019 767 aquaque
3050 707 3106 751 ct
3149 698 3346 767 spiritu
3392 711 3657 750 consum-

2076 788 2234 843 mali.
2288 789 2489 841 Eorum
2551 788 2811 856 pietatem
2860 787 3004 840 Deus
3052 788 3220 841 veluti
3271 801 3656 847 remunerans,

2074 879 2353 950 quomodo
2398 878 2530 931 olim
2581 878 2815 932 Abrahae
2865 878 3318 947 hospitalitatem,
3365 879 3445 933 eis
3503 876 3658 932 dedit

2076 971 2249 1025 filium
2288 970 2559 1024 Iiteredcm
2606 964 2769 1023 simul
2815 971 3037 1024 virtutis
3069 979 3125 1025 ct
3157 972 3452 1033 bonorum,
3479 970 3657 1024 Naza-

2076 1064 2248 1120 rium.
2283 1062 2377 1116 Ille
2409 1069 2617 1127 autem,
2648 1068 2909 1130 tanquam
2939 1076 2970 1115 a
3002 1062 3112 1116 Oco
3146 1060 3331 1122 datus,
3359 1075 3419 1113 se
3462 1072 3659 1112 rursus

2079 1162 2255 1208 tntum
2293 1150 2461 1205 tradit
2512 1150 2643 1205 Deo.
2667 1151 2735 1204 Et
2775 1152 2893 1219 ipse
2925 1150 3148 1216 quidem
3202 1150 3256 1203 in
3289 1149 3477 1202 divino
3522 1148 3658 1202 ado-

2077 1254 2263 1316 ptatur
2314 1243 2646 1313 baptismate
2689 1259 2720 1297 a
2758 1242 2916 1306 Lino,
2965 1243 3061 1312 qui
3103 1250 3229 1296 erat
3282 1242 3459 1311 ipsius
3506 1240 3656 1294 Petri

2076 1337 2227 1393 sedis
2257 1346 2314 1392 ct
2360 1338 2593 1391 virtutis
2634 1350 2946 1391 successor.
2985 1333 3123 1389 Cum
3172 1342 3360 1388 autem
3408 1334 3475 1387 ad
3533 1348 3659 1402 per-

2077 1430 2365 1485 foetiorcm
2422 1429 2768 1499 pervenisset
2798 1436 3039 1493 aetatem,
3075 1426 3463 1497 perfectiorem
3514 1440 3656 1494 qno-

2078 1537 2187 1592 que
2231 1523 2461 1593 gratiam
2502 1520 2886 1591 consequitur.
2930 1521 3048 1589 Ipse
3096 1519 3242 1573 enim
3277 1518 3445 1573 simul
3489 1534 3660 1587 auge-

2079 1614 2266 1679 batur,
2296 1624 2355 1669 ct
2381 1614 2468 1668 sui
2518 1612 2829 1683 accipiebat
2876 1614 3306 1673 incrementum,
3336 1619 3394 1665 et
3430 1625 3662 1680 magnus

2078 1709 2199 1780 ejus
2246 1722 2401 1762 amor
2449 1690 2815 1762 intihristum
2850 1704 3185 1761 reddebatur
3226 1706 3403 1776 major
3448 1715 3507 1760 et
3550 1704 3661 1758 fcr-

2081 1800 2319 1855 ventior.

2156 1895 2219 1951 Il.
2270 1894 2409 1950 Cum
2462 1910 2595 1950 vero
2628 1896 2871 1965 pietatis,
2913 1910 3037 1966 qua:
3087 1901 3212 1950 erat
3251 1891 3307 1947 in
3371 1892 3509 1963 ipso,
3569 1891 3660 1945 fax

2079 1987 2241 2042 valde
2297 1996 2443 2043 esset
2469 1986 2544 2055 [in
2601 1987 2773 2042 altum
2809 1986 3046 2052 sublata,
3100 1997 3157 2042 et
3198 1985 3397 2041 multos
3425 1984 3493 2039 ad
3527 1999 3657 2039 eum

2080 2085 2326 2139 voearet,
2380 2084 2438 2129 et
2494 2076 2766 2130 tumultus
2797 2085 2852 2130 et
2887 2076 3210 2131 continuum
3240 2089 3433 2131 eorum
3458 2073 3554 2144 qui
3590 2072 3660 2129 ad

2082 2167 2258 2237 ipsum
2315 2166 2653 2222 accedebant
2716 2166 3014 2222 adventum
3088 2169 3415 2233 declinans,
3467 2168 3663 2223 statuit

2080 2257 2313 2328 patriam
2345 2269 2403 2313 et
2439 2272 2571 2313 suos
2612 2260 2930 2330 relinquere
2958 2262 3322 2323 necessarios.
3358 2270 3414 2315 et
3445 2260 3661 2315 versari

2080 2350 2136 2403 in
2164 2350 2365 2414 aliena,
2401 2359 2461 2405 nt
2487 2359 2544 2405 et
2590 2366 2719 2406 cum
2746 2366 2835 2416 eo,
2870 2364 3037 2421 quem
3082 2351 3453 2414 desiderabat,
3510 2366 3665 2407 saera

2080 2458 2203 2499 sum
2238 2445 2673 2516 colloqueretur,
2710 2454 2768 2500 et
2801 2445 2993 2502 multis
3018 2446 3341 2515 praedicaret
3378 2446 3661 2517 pietatem.

2081 2535 2219 2591 Cum
2264 2552 2398 2608 ergo
2441 2536 2842 2605 hatreditatem,
2888 2553 3010 2608 qua:
3046 2538 3117 2593 ad
3152 2552 3281 2593 eum
3330 2538 3664 2608 pertinebat,

2081 2630 2387 2700 accepisset
2428 2645 2458 2683 a
2488 2630 2836 2699 parentibus,
2872 2630 3157 2701 egreditur
3188 2646 3219 2687 e
3258 2629 3434 2699 patria
3468 2648 3483 2684 :
3513 2638 3570 2684 et
3599 2645 3666 2684 ex

2083 2736 2192 2777 una
2242 2721 2466 2777 civitate
2511 2722 2791 2778 transiens
2839 2724 2894 2777 in
2950 2723 3114 2777 aliam
3142 2722 3254 2791 ,ad
3307 2737 3667 2793 quoscunque

2080 2814 2424 2878 accessisset,
2458 2813 2528 2867 iis
2563 2827 2724 2883 Opem
2753 2813 2988 2883 ,ferebat
3029 2829 3098 2869 ex
3132 2815 3248 2869 suis
3289 2813 3665 2868 facultatibus.

2082 2906 2293 2961 Deinde
2328 2907 2496 2960 etiam
2526 2908 2610 2961 eis
2641 2908 2849 2977 majora
2885 2906 3295 2977 suppeditabat,
3340 2916 3399 2960 ut
3426 2906 3520 2975 qui
3569 2920 3668 2960 eos

2083 3000 2384 3055 deduceret
2446 3000 2515 3054 ad
2568 3015 2752 3054 veram
2809 2999 3099 3055 Trinitatis
3150 3000 3545 3071 cognitionem.
3602 2999 3669 3052 Et

2084 3108 2208 3145 cum
2244 3092 2486 3147 venisset
2537 3092 2893 3158 Placentiam,
2938 3101 2994 3147 et
3040 3092 3363 3147 accessisset
3403 3090 3669 3146 Mediola-

2087 3202 2237 3251 num,
2272 3185 2532 3241 convenit
2563 3185 2890 3241 Gervasium
2942 3194 2998 3240 et
3029 3186 3338 3239 Protasium
3378 3184 3533 3238 viros
3575 3184 3671 3238 ad-

2085 3276 2390 3341 mirabiles,
2426 3276 2520 3345 qui
2558 3275 2627 3329 ab
2665 3276 2836 3329 Italia:
2885 3274 3110 3344 quidem
3143 3273 3377 3344 praeside
3429 3272 3670 3328 Anulinn

412 3362 888 3434 παραδοξοποιίαις
927 3364 982 3417 δέ
1031 3364 1125 3417 καὶ
1164 3366 1278 3426 τοῖς
1322 3362 1564 3434 θαύμασι
1597 3364 1691 3417 καὶ
1724 3363 1860 3434 πρὸς
1885 3364 1982 3427 τὰς

2085 3369 2191 3439 iam
2241 3367 2461 3422 fuerant
2506 3368 2563 3422 in
2597 3381 2879 3422 carcerem
2918 3367 3114 3421 inclusi
3156 3373 3382 3437 propter
3410 3380 3566 3420 suam
3613 3366 3668 3419 in

410 3458 645 3528 ὁμόρους
676 3456 858 3528 χώρας
889 3457 1311 3529 ἐφαπλομένοις.

484 3740 556 3797 1".
605 3741 878 3813 Ἐντυχὼν
904 3741 998 3796 οῦν
1028 3743 1142 3806 τοῖς
1178 3742 1436 3812 ἀνδράσιν
1468 3742 1495 3795 ὁ
1529 3740 1672 3806 θεῖος
1709 3741 1987 3812 Ναζάριος

410 3837 478 3906 τῇ
505 3851 564 3887 τε
592 3834 692 3904 τῆς
714 3836 955 3898 πίστεως
985 3835 1079 3887 καὶ
1106 3836 1173 3904 τῇ
1198 3835 1295 3903 τῆς
1333 3835 1534 3904 ἀρετῆς
1575 3835 1829 3905 κοινωνίᾳ
1850 3834 1989 3905 306-

411 3943 536 3986 τους
564 3927 865 3990 οίκειωθεὶς
907 3926 1203 3997 (ἐγγίνεται
1242 3927 1353 3997 γάρ
1384 3944 1437 3979 τι
1479 3925 1701 3997 φίλτρον
1741 3929 1854 3989 τοῖς
1880 3926 1985 3979 τῶν

415 4020 549 4073 ἴσων
578 4020 777 4091 ἐρῶσιν
799 4018 898 4088 οὐχ
930 4012 1094 4090 ἦττον
1123 4017 1155 4087 ἢ
1181 4021 1290 4081 τοῖς
1319 4017 1414 4071 τοῦ
1447 4016 1611 4072 αὐτοῦ
1638 4017 1984 4070 κοινωνοῦσιν

412 4111 687 4182 αἵματος),
726 4111 862 4180 πρὸς
909 4112 1010 4181 τὴν
1047 4110 1356 4180 μαρτυρίαν
1410 4108 1606 4171 αὐτοὺς
1663 4107 1983 4175 ὑπαλείφει,

413 4204 505 4255 καὶ
532 4202 689 4272 θήγει
710 4201 918 4264 τούτοις
942 4201 1034 4253 τὸν
1058 4201 1194 4272 πρὸς
1218 4201 1451 4269 Χριστὸν
1475 4199 1672 4270 ἔρωτα.
1709 4198 1987 4251 Ἐντεῦθεν

412 4292 507 4345 τοῦ
554 4294 749 4363 ἀνδρὸς
783 4294 940 4364 φήμη
990 4293 1295 4362 πανταχόσε
1334 4291 1636 4344 διαδοθείσα
1670 4289 1861 4358 φθάνει
1895 4289 1988 4342 καὶ

416 4387 578 4456 μέχρι
630 4384 723 4438 τοῦ
772 4383 1031 4455 ἄρχοντος
1075 4381 1404 4437 ’Ᾱνουλίνοω
1444 4382 1507 4438 Ὀ
1544 4382 1601 4436 δέ
1630 4381 1988 4450 παραστησά-

418 4495 576 4548 μενος
598 4478 690 4531 τὸν
716 4476 993 4543 Ναζὰρεον
1013 4471 1101 4529 οἷα
1133 4474 1428 4545 σύμϐουλός
1458 4490 1518 4527 τε
1543 4474 1692 4543 αὐτῷ
1721 4474 1983 4527 καθίστα-

2016 4517 2069 4577 D

2086 3460 2368 3515 Christum
2421 3459 2868 3526 confessionem;
2920 3458 2989 3513 iis
3046 3467 3253 3523 autem,
3295 3473 3416 3528 qua:
3472 3457 3668 3512 fiebant

2086 3563 2288 3623 praeter
2316 3555 2568 3608 omnium
2609 3552 2953 3623 opinionem,
2986 3560 3042 3605 et
3076 3550 3361 3604 miraculis
3401 3549 3667 3605 extende-

2088 3647 2290 3702 bantur
2324 3647 2467 3702 fama
2502 3646 2569 3700 ad
2607 3645 2868 3700 finitimas
2896 3643 3063 3699 etiam
3099 3644 3376 3712 regiones.

2157 3739 2248 3792 ΙΙΙ.
2288 3738 2426 3794 Cum
2459 3752 2556 3793 eos
2588 3752 2720 3807 ergo
2752 3736 2976 3790 divinus
3007 3735 3358 3789 convenisset
3384 3732 3663 3799 Nazarius,

2089 3827 2216 3882 ﬁdei
2250 3836 2308 3883 et
2330 3828 2554 3883 virtutis
2584 3827 2977 3883 communione
3009 3827 3093 3881 eis
3123 3826 3356 3880 effectus
3382 3825 3669 3880 familiaris

2092 3920 2471 3991 (ingencratur
2503 3920 2650 3974 enim
2697 3918 2919 3988 quidam
2946 3932 3104 3972 amor
3134 3918 3187 3971 in
3228 3917 3297 3970 iis
3326 3917 3421 3986 qui
3450 3930 3668 3970 earum-

2087 4008 2213 4064 dem
2265 4025 2450 4064 rerum
2490 4022 2679 4063 amore
2716 4017 3000 4074 tenentur,
3051 4021 3161 4061 non
3198 4006 3383 4060 minus
3410 4020 3573 4075 quam
3614 4008 3670 4060 in

2090 4100 2542 4171 consanguineis)
2566 4114 2667 4153 eos
2699 4099 2910 4161 incitat,
2946 4106 3004 4152 et
3031 4096 3114 4153 eis
3138 4095 3382 4151 animum
3405 4096 3560 4151 addit
3603 4095 3671 4150 ad

2090 4196 2436 4267 martyrium,
2466 4200 2525 4247 et
2555 4191 2734 4246 reddit
2764 4189 3033 4245 acriorem
3061 4202 3260 4243 eorum
3304 4186 3361 4240 in
3392 4186 3671 4243 Christum

2089 4302 2355 4345 amorem.
2388 4284 2528 4339 Hinc
2557 4281 2773 4337 Nazarii
2804 4280 2946 4335 fama
2980 4279 3036 4334 in
3067 4293 3288 4334 omnem
3351 4286 3559 4348 partem
3586 4276 3674 4332 di—

2092 4402 2304 4458 spersa,
2339 4381 2587 4452 pervenit
2621 4379 2788 4435 etiam
2837 4391 3011 4447 usque
3045 4375 3114 4431 ad
3143 4373 3429 4446 prasidem
3483 4374 3674 4428 Anuli-

2093 4494 2248 4534 num.
2280 4477 2376 4531 llle
2407 4482 2589 4528 autem
2628 4486 2752 4526 eum
2798 4469 2916 4524 siSti
2962 4477 3209 4523 curasset
3257 4467 3577 4531 Nazarium,
3614 4468 3674 4520 tit

415 4588 526 4635 ται,
559 4570 652 4623 καὶ
687 4569 761 4640 μὴ
788 4568 1002 4622 ἀσεϐεῖν
1032 4567 1167 4639 μηδέ
1198 4566 1504 4637 ἐνυϐρίζειν
1522 4567 1603 4629 είς
1628 4566 1754 4628 τοὺς
1779 4567 1982 4619 ἐκείνου

2094 4572 2146 4626 ei
2176 4579 2433 4638 tanquam
2487 4562 2867 4627 consiliarius,
2915 4569 2971 4616 et
3004 4560 3204 4616 suadet
3241 4575 3309 4615 ne
3335 4560 3407 4615 sit
3446 4558 3673 4628 impius,

417 4663 572 4726 θεοὺς
622 4663 912 4732 παραινεῖ⁶
946 4656 1089 4714 εἷταΔ
1117 4659 1306 4718 ἐπειδὴ
1348 4658 1492 4726 ἔγνω
1540 4658 1629 4709 τὸν
1677 4655 1833 4725 ἅγιον
1869 4658 1987 4709 οὐδὲ

419 4754 585 4821 ἀκοῆς
610 4754 767 4818 ἀξίαν
792 4753 1096 4824 ἡγούμενον
1112 4750 1211 4821 τὴν
1231 4749 1396 4805 αὑτοῦ
1418 4746 1754 4818 συμϐουλὴν,
1782 4748 1854 4817 (τί
1879 4749 1989 4817 γὰρ

416 4846 588 4910 οὕτως
627 4846 929 4918 ἐπιτήδειον
964 4846 1043 4908 είς
1090 4842 1252 4914 ῦϐριν
1305 4843 1382 4905 ὡς
1439 4843 1509 4895 τὰ
1574 4841 1988 4911 βδελύγματα;)

416 4940 568 4995 παίει
595 4939 737 4993 κατά
758 4939 867 4992 τῶν
899 4938 1166 5007 σιαγόνων
1190 4936 1409 5001 πολλὰς,
1447 4937 1538 4988 καὶ
1568 4934 1756 5003 ὥσπερ
1783 4952 1833 4987 τι
1863 4933 1993 5000 ἄγος

416 5034 446 5086 ὁ
477 5034 833 5102 ἐναγέστατος
872 5032 1083 5101 ἀτίμως
1112 5031 1276 5083 αὑτὸν
1313 5030 1409 5099 τῆς
1439 5028 1646 5091 πόλεως
1671 5024 1988 5080 ἀπελαύνει.

419 5125 590 5181 Τοῦτο
617 5127 674 5181 δέ
702 5128 812 5197 ὅσῳ
848 5125 990 5196 μέγα
1018 5125 1096 5187 είς
1120 5124 1392 5195 τιμωρίαν
1422 5122 1597 5175 ἐδόκει
1624 5119 1702 5190 τῷ
1735 5122 1988 5190 δικαστῇ,

420 5222 659 5292 τοσούτῳ
678 5219 864 5290 μεῖζον
881 5220 961 5282 είς
980 5219 1300 5290 εὐεργεσίαν
1322 5216 1574 5285 ἐλογίσθη
1606 5214 1684 5285 τῷ
1710 5213 1991 5281 Ναζαρίῳο

421 5317 505 5370 ὅτι
524 5314 617 5367 καὶ
648 5313 871 5384 πληγῶν
896 5311 985 5365 διὰ
1012 5311 1106 5363 τὸν
1136 5310 1276 5380 ὑπὲρ
1297 5310 1463 5363 αὑτοῦ
1495 5307 1736 5362 παθόντα
1762 5304 1995 5375 Χρ.σ;ὸν

424 5399 643 5473 ἠξίωτο.
689 5402 866 5474 Ἐξῄει
892 5401 1072 5454 τοίνυν
1100 5402 1161 5454 οὐ
1191 5401 1429 5468 σιωπῶν,
1465 5400 1586 5452 οῦδέ
1620 5399 1719 5468 τὴν
1748 5395 1996 5463 γλῶτταν

423 5493 697 5564 ἄφθογγος
736 5495 832 5548 καὶ
860 5495 939 5565 τῷ
965 5494 1074 5546 δέει
1108 5493 1500 5563 πεπεδημένος,
1534 5490 1669 5545 ἀλλὰ
1720 5492 1819 5560 τῆς
1865 5505 1997 5540 συν-

424 5587 588 5659 ήθους
608 5590 865 5661 ἐχόμενος
877 5587 1246 5654 διδασκαλίας,
1260 5588 1353 5639 καὶ
1373 5584 1721 5645 πολλοὺςτῶν
1737 5582 1997 5653 ξὰπίστων

426 5679 559 5731 εἴσω
602 5679 701 5750 τῆς
734 5678 832 5733 τοῦ
876 5677 1119 5749 Χριστοῦ
1161 5679 1404 5746 σαγήνης
1452 5674 1790 5742 ποιούμενος.
1840 5672 1999 5725 Κατὰ

426 5766 557 5824 γοῦν
591 5772 691 5834 τὴν
735 5772 904 5826 νύκτα
938 5772 1152 5826 ἐκείνην
1206 5769 1378 5823 ἐδόκει
1431 5766 1691 5825 Ναξαοίω
1738 5768 1767 5819 ἢ
1818 5766 1999 5820 uitta

2090 4679 2194 4717 nec
2238 4660 2386 4715 illius
2416 4658 2551 4712 deos
2583 4655 2802 4726 probris
2854 4653 3159 4708 insectatur
3207 4660 3265 4706 ct
3302 4650 3671 4705 contumeliis.

2093 4754 2302 4809 Deinde
2366 4760 2659 4822 postquam
2711 4748 2971 4817 cognovit
3024 4754 3276 4800 sanctum
3336 4758 3402 4797 nc
3450 4742 3673 4810 dignum

2094 4850 2340 4919 quidem,
2396 4847 2541 4916 quod
2589 4843 2899 4905 audiretur,
2963 4851 3157 4910 putare
3192 4837 3485 4893 consilium
3519 4836 3673 4905 (quid

2093 4944 2242 4996 enim
2298 4947 2382 4992 est
2440 4937 2509 4991 ad
2564 4935 2783 5005 probris
2828 4930 3200 5001 appetendum
3248 4928 3452 4998 aptius.
3509 4942 3675 4997 quam

2097 5006 2270 5087 mtilta
2290 5044 2418 5099 quae
2438 5028 2699 5082 coluntur
2725 5025 3021 5080 simulacra
3059 5023 3102 5089 ?)
3125 5022 3249 5092 ejus
3276 5019 3509 5073 maxillis
3532 5021 3676 5073 mul-

2103 5129 2188 5175 tos
2211 5119 2466 5188 impingit
2489 5117 2841 5187 colaphos,et
2869 5122 3125 5183 tanquam
3154 5110 3377 5180 aliquod
3398 5110 3673 5193 piaculum

2095 5213 2183 5267 vir
2210 5208 2579 5267 exsecrandus
2609 5223 2737 5263 eum
2774 5222 2901 5262 cum
2932 5205 3141 5276 probro
3172 5213 3228 5258 et
3262 5203 3535 5258 dedecore
3578 5200 3675 5267 exii

2098 5305 2251 5375 pellit
2278 5319 2308 5358 e
2336 5303 2578 5357 civitate.
2610 5302 2727 5355 lloc
2760 5311 2943 5354 autem
2997 5308 3265 5369 quantum
3314 5295 3489 5366 judici
3524 5293 3668 5347 vide-

2099 5399 2263 5452 batur
2310 5408 2565 5463 magnum
2620 5392 2689 5446 ad
2749 5393 3083 5461 supplicium
3119 5431 3132 5454 ,
3169 5400 3382 5443 tantum
3442 5385 3664 5463 Nazarit

2100 5486 2471 5541 existimatum
2502 5491 2587 5536 cst
2608 5483 2781 5551 majus
2799 5481 2865 5534 ad
2896 5481 3230 5536 beneficium
3262 5522 3276 5545 ,
3303 5477 3451 5549 quod
3477 5476 3671 5545 dignnt

2100 5575 2324 5629 habitus
2352 5572 2425 5626 sit
2457 5573 2642 5641 plagas
2688 5571 2944 5639 accipere
2979 5581 3207 5641 propter
3233 5569 3543 5627 Christum,
3583 5563 3677 5634 qui

2104 5682 2207 5737 pro
2242 5666 2363 5735 ipso
2394 5675 2590 5733 passus
2615 5671 2718 5716 cst.
2759 5662 3031 5731 Egressus
3058 5670 3145 5716 est
3189 5676 3320 5731 ergo
3347 5674 3459 5713 non
3487 5657 3677 5717 silens.

2106 5773 2283 5817 neme
2329 5756 2567 5813 elinanis
2618 5767 2680 5807 ac
2728 5765 2938 5810 mutus.
2988 5762 3042 5811 ct
3095 5761 3245 5809 metu
3294 5752 3534 5809 vinctus.
3583 5747 3677 5804 sed
