4142 6384
369 315 471 382 ρω
514 314 535 333 κ

1400 313 1578 378 VITA
1616 313 1675 380 S.
1719 312 2038 377 NAZARII
2063 313 2161 375 ET
2193 313 2613 380 SOCIORUM.

3541 311 3652 380 902

371 427 511 499 εἷχε,
541 428 639 501 τῆς
670 424 881 493 πόλεως
907 424 1205 484 ἀπελαύνει
1235 426 1328 484 τὸν
1370 428 1563 503 ἄνδρα,
1602 431 1794 504 πράως
1823 428 1965 484 οὑτω

2070 426 2367 501 Postquam
2396 439 2581 486 autem
2613 446 2725 486 non
2769 437 2949 500 potuit
2977 424 3334 498 persuadere.
3393 440 3522 485 eum
3569 440 3673 482 ex-

373 520 513 591 πρὸς
559 518 725 573 αὑτὸν
754 519 1156 591 φθεγξάμενος·
1186 523 1252 576 Al
1280 519 1383 592 τῆς
1413 522 1650 592 συζύγου
1689 539 1792 594 μου
1824 538 1965 595 συμ-

378 614 582 668 ϐουλίαι
610 616 791 687 πάσης
820 614 1105 687 ἐλεύθερον
1129 617 1323 686 ἀφιᾶσι
1352 635 1410 671 σε
1436 617 1733 690 τιμωρίας.
1760 620 1961 674 Ἀπει-

351 705 459 799 ςσιν
494 705 588 759 οὖν
623 707 833 761 ἐκεῖθεν
858 708 1138 779 Ναζάριος
1165 708 1317 782 παρά
1341 709 1440 780 τὴν
1469 710 1691 779 γείτονα
1724 709 1963 782 Τίμερον

377 800 514 869 μετά
546 798 640 851 τοῦ
685 798 874 862 παιδὸς
928 800 1189 854 Κελσίου’
1221 800 1375 864 πόλις
1402 800 1458 852 δὲ
1488 803 1520 871 ἡ
1557 801 1790 872 Τίμερος
1824 800 1964 871 αὕτη

376 896 468 945 καὶ
523 892 631 945 τῶν
685 892 994 964 προσοίκων
1044 895 1109 965 τῇ
1163 893 1362 963 Μελίᾳ.
1419 893 1559 963 Παρ’
1597 893 1733 964 αὑτῇ
1782 892 1966 946 τοίνυν

372 986 595 1059 διῃτᾶτο
631 987 751 1047 ταῖς
784 988 915 1057 περὶ
955 984 1090 1039 Θεοῦ
1124 988 1217 1040 καὶ
1243 985 1417 1049 θείαις
1445 985 1681 1049 ἐκείναις
1705 985 1966 1039 διδασκα-

374 1076 519 1138 λίαις
553 1076 651 1147 τὴν
683 1077 777 1130 τοῦ
808 1076 1051 1149 Χριστοῦ
1085 1078 1324 1146 ποίμνην
1354 1074 1535 1140 αὕξων
1564 1077 1658 1129 καὶ
1687 1075 1815 1139 τοὺς
1841 1074 1970 1129 πολ-

373 1169 501 1231 λοὺς
536 1168 671 1235 πρὸς
696 1166 995 1234 ἐπίγνωσιν
1024 1168 1386 1237 ἐπαγόμενος,
1415 1166 1530 1219 Οὐκ
1557 1165 1720 1237 ἔφερε
1750 1166 1809 1220 δὲ
1834 1167 1969 1222 πάν-

376 1276 485 1321 τως
517 1260 545 1312 ὁ
575 1259 675 1328 τὴν
706 1258 1007 1328 βασκανίαν
1038 1257 1246 1310 ὠδίνων
1275 1257 1521 1320 διάϐολος
1547 1258 1613 1310 τὰ
1639 1256 1736 1310 τοῦ
1784 1258 1969 1330 πράγ-

380 1366 546 1420 ματος
583 1350 778 1418 ἔχοντα
801 1346 1000 1412 οὑτως.
1035 1348 1158 1411 Πῶς
1189 1349 1297 1420 γάρ
1322 1389 1336 1415 ,
1375 1350 1424 1401 εί
1454 1348 1702 1414 διάϐολος
1729 1344 1796 1418 ἦν
1821 1350 1969 1402 ἐκεῖ·

376 1459 460 1504 νος
484 1444 575 1495 καὶ
597 1442 693 1494 ἀπ’
714 1442 890 1513 ἀρχῆς
911 1445 1021 1502 τοῖς
1042 1442 1269 1509 ἀγαθοῖς
1295 1442 1672 1510 ἀντικείμενος
1698 1458 1714 1509 ;
1744 1442 1966 1511 Ἀμέλει

377 1536 471 1588 καὶ
523 1536 618 1588 τὸν
666 1535 908 1606 ἄρχοντα
961 1534 1062 1605 τῆς
1117 1534 1328 1597 πόλεως
1366 1531 1619 1587 ὑπελθὼν
1669 1532 1850 1586 πείθει
1900 1533 1972 1587 τὰ

376 1631 509 1700 περὶ
541 1630 822 1701 Ναζαρίου
859 1630 1078 1701 Νέρωνι
1102 1629 1181 1699 τῷ
1216 1629 1428 1700 βασιλεῖ
1462 1628 1719 1700 μηνῦσαι.
1757 1628 1849 1693 Ὠς
1876 1628 1970 1683 οὖν

376 1727 574 1797 ὲκείνῳ
624 1725 694 1780 τὰ
750 1726 880 1797 ’περὶ⁵
928 1723 1022 1780 τοῦ
1072 1724 1267 1794 ἀνδρὸς
1301 1724 1631 1796 ἐγνωρίσθη,
1662 1724 1972 1796 γράμματα

2070 520 2227 590 pellit
2259 536 2290 576 e
2317 521 2569 588 civitate,
2600 522 2684 577 sic
2710 536 2840 577 eum
2866 518 3081 592 placide
3107 520 3382 575 allocutus
3411 534 3427 573 :
3456 517 3659 576 Uxoris

2070 626 2207 667 mete
2241 612 2475 667 consilia
2510 620 2563 668 te
2611 613 2851 669 liberum
2896 611 3187 668 dimittunt
3223 613 3293 667 ab
3326 611 3478 667 omni
3522 626 3652 668 cru-

2072 705 2241 761 ciatu.
2270 706 2427 761 Illinc
2454 721 2588 777 ergo
2624 708 2739 763 abit
2768 706 3033 763 Nazarius
3066 708 3123 762 in
3156 708 3392 763 vicinam
3449 707 3649 761 Temeo

2072 814 2197 852 rttm
2235 814 2360 853 cum
2394 815 2572 870 puero
2618 798 2828 855 Celsio.
2873 800 2972 855 Est
3020 808 3203 855 autem
3255 800 3373 855 haec
3404 800 3538 854 urbs
3564 799 3673 855 Te-

2074 903 2262 943 merus
2291 889 2605 959 propinqua
2632 890 2825 946 Metire.
2880 890 2941 944 In
2970 904 3035 944 ea
3083 904 3218 961 ergo
3247 890 3415 943 vitam
3447 889 3670 960 agebat,

2075 979 2286 1036 divinis
2332 981 2452 1036 suis
2491 982 2767 1037 doctrinis
2822 996 3029 1053 augens
3074 996 3295 1051 gregem
3334 980 3568 1041 Chrisﬁ.
3622 989 3680 1034 et

2076 1074 2281 1129 multos
2311 1073 2583 1130 inducens
2609 1075 2675 1129 ad
2708 1075 3067 1147 agnitionem.
3098 1075 3220 1130 Non
3251 1074 3461 1129 ferebat
3486 1080 3674 1129 autem

2077 1165 2324 1229 omnino,
2360 1167 2454 1236 qui
2487 1167 2750 1222 invidiam
2782 1168 3146 1237 parturiebat,
3185 1167 3440 1221 diabolus
3474 1182 3563 1221 res
3596 1168 3674 1221 ita

2078 1272 2137 1314 se
2178 1259 2466 1315 habentes.
2504 1261 2795 1327 Quomodo
2821 1262 2990 1324 enim,
3032 1262 3077 1317 si
3114 1261 3204 1316 ille
3243 1270 3364 1315 erat
3393 1260 3671 1325 diabolus,

2081 1361 2136 1408 et
2159 1352 2255 1423 qui
2289 1354 2359 1408 ab
2383 1353 2544 1409 initio
2572 1354 2737 1409 bonis
2763 1355 3201 1409 adversabatur?
3230 1355 3457 1408 Blandls
3484 1354 3673 1423 itaque

2080 1444 2271 1499 verbis
2300 1445 2626 1516 aggrediens
2648 1446 2934 1515 praesidem
2964 1446 3229 1509 civitatis,
3258 1445 3576 1514 persuadet,
3610 1450 3676 1498 ut

2079 1533 2288 1588 Neroni
2320 1537 2640 1606 imperatori
2687 1536 2960 1607 signiticet
2990 1538 3060 1591 de
3090 1537 3342 1593 Nazario.
3370 1535 3508 1592 Cum
3535 1551 3671 1608 ergo

2081 1625 2150 1681 de
2178 1627 2416 1683 Nazario
2440 1630 2489 1683 ei
2520 1639 2666 1685 esset
2691 1632 3083 1701 significatum,
3110 1631 3291 1685 missa:
3312 1639 3442 1686 sunt
3466 1631 3668 1687 litterte

2083 1736 2181 1791 per
2213 1722 2531 1778 universam
2584 1723 2732 1777 illam
2780 1726 3085 1794 regionem,
3131 1723 3393 1795 iubentes
3447 1737 3669 1778 summo

376 1816 518 1870 κατά
580 1817 756 1888 πάσης
797 1817 992 1886 ἐφοίτα
1045 1816 1145 1888 τῆς
1199 1817 1441 1887 ὑπηκόου
1493 1816 1775 1889 Ναςάριον
1809 1820 1965 1889 ὲρευ-

2072 1814 2256 1870 studio
2283 1816 2458 1885 qua-ri
2491 1816 2812 1883 Nazarium,
2840 1828 2895 1872 et
2924 1832 3073 1885 eum,
3099 1817 3196 1888 qui
3228 1818 3554 1884 invenisset,
3594 1818 3665 1873 ed

377 1909 574 1964 νᾶσθαι
610 1910 750 1963 κατά
790 1908 1031 1981 σπουδὴν
1063 1910 1453 1983 ἐπιτρέποντα,
1488 1909 1583 1964 καὶ
1614 1910 1706 1965 τὸν
1736 1911 1969 1982 εὑρόντα

376 2018 441 2074 γε
477 2001 552 2065 ὡς
586 2003 749 2058 αὑτὸν
788 2004 969 2073 ἄγειν.
1634 2031 1639 2036 ·

451 2092 543 2161 ς’.
580 2090 737 2146 Ἐπεὶ
774 2092 830 2147 δὲ
857 2093 1204 2168 κρύπτεσθαι
1244 2095 1336 2151 τὸν
1365 2095 1536 2169 ἄνδρα
1560 2098 1661 2154 ούκ
1690 2093 1758 2172 ἦν
1786 2092 1875 2154 οἷα
1911 2102 1969 2155 ὲν

374 2178 457 2257 τῷ
490 2187 784 2257 περιφανεῖ
806 2186 904 2259 τῆς
940 2187 1145 2258 ἀρετῆς
1180 2189 1395 2243 ἑστῶτα
1418 2191 1512 2245 καὶ
1545 2191 1639 2245 ὑπ’
1671 2192 1844 2264 αὐτῆς
1875 2210 1971 2264 με-

376 2276 531 2347 γάλῳ
567 2278 800 2348 στόματι
845 2280 1278 2352 κηρυττόμενον,
1320 2283 1457 2353 ταχὺ
1507 2287 1621 2349 τοῖς
1671 2285 1968 2357 ἐρευνῶσιν

376 2368 712 2441 εὑρίσκεται.
748 2371 811 2425 Oi
837 2371 916 2439 δὲ,
975 2373 1101 2427 ἐπεὶ
1144 2372 1302 2446 δῆλος
1355 2375 1540 2441 αὑτοῖς
1570 2376 1820 2447 γέγονεν,
1861 2379 1967 2452 ἤδη

376 2462 659 2535 χαίροντες
682 2465 941 2537 χαίροντα
957 2466 1174 2539 Νέρωνι
1196 2469 1599 2543 παριστῶσι.Τί
1615 2467 1710 2527 οὖν
1725 2474 1931 2539 ἐκεῖνος
1949 2488 1965 2540 ;

378 2554 504 2631 Τῷν
558 2555 944 2629 κολαστηρίων
1003 2559 1153 2632 αὑτῷ
1210 2564 1597 2634 προκειμένων
1650 2566 1967 2630 κολακείαις

379 2648 659 2722 ὑπήρχετο
688 2651 780 2704 τὸν
811 2652 1115 2723 Ναζάριον,
1146 2653 1237 2708 ἴνα
1261 2658 1375 2720 τοῖς
1412 2656 1513 2728 μὲν
1541 2656 1728 2727 φόϐον,
1757 2659 1875 2724 ταῖς
1907 2658 1965 2714 δὲ

381 2742 650 2816 μαλακίαν
678 2742 856 2808 aveat;
886 2746 1068 2799 πείσοι
1104 2747 1241 2818 πρὸς
1274 2746 1336 2801 τδ
1370 2749 1537 2803 αὑτοῦ
1580 2749 1833 2822 βούλημα
1869 2769 1963 2821 με·

381 2834 668 2891 ταθέσθαι,
711 2835 991 2908 Ναξάριος
1023 2837 1163 2892 δὲτὸ
1202 2840 1465 2913 παράπαν
1502 2843 1835 2913 ἀμετάθετος
1873 2839 1964 2916 ἦν,

378 2925 568 2995 ὥσπερ
602 2926 706 2980 ὑπὸ
732 2929 940 2983 τούτων
971 2930 1176 2999 μᾶλλον
1207 2933 1344 3002 πρὸς
1364 2934 1463 3003 τὴν
1500 2938 1812 3007 μαρτυρίαν
1847 2954 1968 2990 στο-

381 3018 675 3089 μούμενος,
706 3021 765 3073 ού
792 3022 1186 3094 χαυνούμενος,
1213 3025 1307 3078 καὶ
1331 3026 1420 3079 διὰ
1447 3027 1602 3081 τοῦτο
1628 3030 1724 3081 καὶ
1754 3029 1962 3083 πλείονι

377 3109 444 3181 τῇ
492 3109 742 3163 ὲνστάσει
797 3112 1102 3184 χρώμενος.
1156 3115 1350 3187 Νέρων
1390 3115 1485 3171 οὖν
1527 3119 1627 3172 οὐκ
1670 3116 1811 3189 ἔχων
1848 3120 1877 3173 ὅ
1906 3136 1960 3173 τι

2074 1907 2255 1979 ipsum
2283 1908 2489 1966 ducere

2146 2091 2232 2149 VI.
2268 2090 2406 2149 Cum
2438 2100 2626 2149 autem
2673 2093 2723 2150 is
2762 2094 2938 2150 latere
2980 2106 3091 2148 non
3127 2102 3333 2164 posset,
3385 2095 3568 2166 utqui
3608 2095 3667 2152 in

2069 2182 2277 2239 illustri
2309 2194 2479 2242 staret
2521 2187 2644 2242 loco
2673 2188 2917 2252 virtutis,
2950 2194 3009 2242 et
3047 2201 3244 2258 magno
3289 2202 3386 2243 ore
3429 2189 3498 2244 ab
3546 2190 3670 2261 ipsa

2069 2277 2500 2347 praedicaretur,
2552 2280 2664 2336 cito
2704 2280 2987 2335 invenitur
3038 2279 3109 2334 ab
3159 2280 3248 2345 iis,
3308 2281 3402 2350 qui
3452 2291 3668 2339 scruta-

2072 2370 2298 2423 bantur.
2338 2369 2425 2425 Illi
2451 2382 2659 2436 autem,
2689 2388 2815 2428 cum
2849 2371 2898 2428 is
2933 2360 3043 2444 jam
3078 2371 3161 2428 eis
3193 2375 3462 2430 evasisset
3489 2376 3670 2433 mani-

2071 2462 2272 2527 festus,
2303 2463 2415 2519 laeti
2444 2464 2632 2520 laatum
2657 2465 2860 2521 sistunt
2881 2476 3012 2520 ante
3038 2464 3338 2522 Neronem.
3364 2466 3508 2534 Quid
3531 2483 3667 2540 ergo

2069 2554 2206 2612 ille?
2238 2557 2549 2628 PrOpositis
2583 2559 2653 2615 ei’
2684 2559 2999 2626 tormentis,
3055 2561 3526 2617 assentationibus
3571 2577 3666 2635 ag—

2068 2661 2297 2715 gressus
2329 2657 2415 2702 est
2442 2648 2765 2713 Nazarium,
2800 2660 2865 2705 ut
2893 2666 3021 2705 cum
3053 2652 3163 2706 illis
3204 2653 3431 2722 quidem
3468 2654 3518 2708 ei
3554 2663 3664 2709 ter-

2068 2752 2251 2790 rorem
2293 2739 2593 2806 attulisset,
2634 2741 2722 2796 his
2768 2749 2953 2795 autem
2980 2756 3108 2795 eum
3152 2742 3501 2807 etnolliisset,
3536 2756 3666 2813 per-

2067 2830 2326 2884 suaderet
2349 2832 2421 2895 ei,
2456 2840 2516 2886 ut
2551 2833 2815 2887 transiret
2846 2833 2916 2888 ad
2958 2849 3113 2888 suam
3153 2836 3517 2890 voluntatem.
3554 2836 3666 2892 Na-

2067 2922 2250 2976 zarius
2306 2937 2439 2977 vero
2494 2935 2614 2978 erat
2676 2924 2905 2979 omnino
2961 2925 3287 2992 immobilis,
3321 2937 3382 2981 ut
3435 2928 3528 2995 qui
3590 2928 3663 2984 ab

2064 3014 2154 3069 his
2215 3015 2281 3068 ad
2348 3016 2679 3087 martyrium
2730 3018 2903 3085 magis
2949 3027 3265 3082 acueretur,
3296 3034 3408 3072 non
3472 3027 3660 3077 autem

2065 3108 2432 3164 emolliretur.
2466 3108 2536 3163 Et
2588 3110 2713 3165 ideo
2756 3110 2952 3181 majori
3015 3114 3273 3168 utebatur
3325 3115 3660 3171 constantia.

377 3167 620 3275 δράσειε,
657 3167 872 3278 φυλακῇ
907 3167 1173 3273 τέωςπδν
1228 3167 1733 3283 ἀνδρανμετάγιιτοὺτ⁸
1773 3214 1960 3280 παιδὸς

2070 3199 2207 3254 Cum
2245 3198 2490 3255 nesciret
2541 3216 2674 3270 ergo
2718 3167 2865 3257 Nero
2898 3203 3031 3272 quid
3091 3215 3301 3275 ageret,
3350 3215 3483 3262 tunc
3531 3223 3659 3264 eum

376 3295 584 3354 δίδωσι.
623 3298 807 3370 Βραχὺ
836 3301 897 3353 τὸ
937 3304 995 3353 ὲν
1038 3303 1212 3372 μέσῳ,
1264 3305 1359 3357 καὶ
1404 3304 1635 3375 Νέρωνα
1670 3309 1772 3377 μὲν
1800 3309 1963 3364 πάλιν

377 3388 742 3455 ὀδικαστικὺς
769 3386 883 3464 εἶχε
907 3392 1123 3463 θρόνος,
1146 3392 1421 3467 Ναζάριος
1451 3395 1507 3449 δὲ
1536 3399 1793 3468 εἰσήγετο
1822 3399 1962 3470 μετά

377 3476 475 3534 τοῦ
516 3481 711 3546 παιδός
735 3498 750 3513 ·
782 3484 879 3538 καὶ
916 3484 1080 3539 πάλιν
1121 3485 1324 3556 ὁμοίως
1360 3486 1455 3540 νῦν
1497 3489 1596 3559 μὲν
1627 3491 1794 3555 πολὺς
1834 3488 1903 3561 ἦν
1935 3494 1963 3546 ὁ

375 3572 572 3646 Νέρων
600 3575 721 3640 ταῖς
759 3576 1036 3641 ἀπειλαῖς,
1072 3577 1166 3630 νῦν
1210 3578 1266 3631 δὲ
1304 3580 1427 3642 ταῖς
1472 3579 1790 3643 κολακείαις
1831 3582 1962 3651 ἡδὺς

376 3666 474 3718 καὶ
502 3667 623 3728 ταῖς
653 3667 1036 3738 ὑποσχέσεσιν.
1087 3668 1176 3732 Ὠς
1216 3667 1274 3721 δὲ
1303 3669 1399 3724 ἐπὶ
1426 3670 1525 3742 τῆς
1564 3671 1736 3740 αὑτῆς
1773 3671 1965 3725 ἐνστά-

379 3771 514 3821 σεως
545 3756 637 3810 τὸν
683 3757 857 3828 ἄνδρα
902 3759 1073 3828 ἑώρα,
1110 3761 1387 3830 ἀπογνοὺς
1424 3760 1502 3833 τῷ
1533 3761 1705 3826 οὑτως
1751 3764 1965 3832 ὑπαγα-

376 3844 570 3915 γέσθαι
598 3846 906 3922 Ναζάριον,
940 3851 1021 3921 τῷ
1053 3852 1156 3923 τῆς
1198 3851 1474 3921 θαλάσσης
1524 3855 1961 3925 ὲναπορῤιφῆναι

380 3937 529 4009 βυθῷ
562 3943 702 4011 μετὰ
750 3937 845 3994 τοῦ
885 3942 1077 4005 παιδὸς
1128 3944 1468 4011 προστάσσει
1507 3943 1775 4007 Κελσίου,
1812 3946 1960 4011 ὅπως

382 4032 518 4103 μηδὲ
568 4033 705 4106 ὸρᾷν
758 4033 871 4104 ἔχοι
926 4033 1021 4098 οὒς
1069 4035 1206 4105 μηδὲ
1252 4034 1352 4106 ζῇν
1398 4034 1541 4089 οὑτω
1583 4036 1960 4107 διακειμένους

377 4125 654 4184 Meditare.
674 4128 819 4181 Ἀλλ’
845 4124 990 4201 ἦσαν
1019 4129 1245 4197 ἀληθεῖς
1276 4130 1498 4192 πάντως
1528 4131 1578 4182 οἱ
1611 4131 1704 4183 τοῦ
1733 4131 1961 4201 θεόφρο-

377 4236 468 4283 νος
509 4220 737 4274 Ἡσαῖου
786 4220 958 4289 λόγοι,
1009 4219 1201 4292 ὥσπερ
1242 4220 1381 4291 πρὸς
1422 4222 1621 4285 αὐτοὺς
1652 4223 1954 4293 εἰρημένοι*

385 4327 406 4361 ι
455 4308 581 4363 Ἐὰν
640 4308 925 4381 διαόαίνῃς
964 4310 1031 4364 δι’
1086 4309 1299 4375 ὓδατος,
1357 4312 1497 4384 μετά
1540 4313 1631 4367 σοῦ
1674 4316 1815 4385 είμι,
1862 4317 1958 4370 καὶ

379 4402 614 4469 ποταμοὶ
644 4401 706 4454 οὑ
744 4401 1123 4471 συγκλείσουσί
1162 4419 1222 4456 σε
1250 4419 1264 4435 ⁶
1340 4405 1435 4457 καὶ
1477 4405 1574 4457 ἐὰν
1622 4405 1836 4479 διέλθῃς
1870 4407 1958 4461 διὰ

380 4492 570 4560 πυρὸς,
590 4493 650 4545 οὑ
685 4492 763 4563 μὴ
789 4493 1157 4565 κατακαυθῇς.
1174 4514 1191 4546 ο
1213 4493 1369 4549 Ἐπεὶ
1394 4495 1502 4566 γὰρ
1527 4496 1727 4560 αὐτοὺς
1746 4499 1773 4550 ὸ
1797 4496 1957 4568 βυθὸς
1992 4528 2039 4585 υ

386 4579 534 4656 εἶχεν
563 4585 686 4656 ἤδη,
723 4589 817 4639 καὶ
855 4587 901 4640 οί
929 4589 996 4659 τῇ
1039 4586 1285 4662 θαλάσσῃ
1331 4588 1589 4658 ῥίψαντες
1618 4591 1965 4661 προσεδόκων

378 4678 515 4729 πολὺ
540 4677 649 4729 τῶν
689 4675 885 4747 ἰχθύων
926 4676 1123 4749 βρῶμα
1171 4679 1550 4753 περιμάχητον
1581 4681 1782 4747 αὐτοὺς
1814 4683 1964 4751 γενέ-

380 4767 530 4833 σθαι,
567 4768 838 4840 ἀγγελική
889 4787 971 4835 τις
1020 4772 1249 4843 δύναμις
1298 4771 1509 4829 ἀνωθεν
1541 4774 1834 4830 καταϐᾶσα
1868 4776 1962 4831 τοῦ

381 4857 547 4927 βυθοῦ
583 4859 922 4928 ἀνεσώσατο,
976 4862 1072 4916 καὶ
1121 4867 1186 4936 τῇ
1216 4865 1401 4936 χέρσῳ
1445 4867 1709 4933 ἀϐλαϐεῖς
1762 4870 1963 4932 αὐτοὺς

377 4950 708 5016 ἀποδέδωκε,
742 4953 839 5007 τοῦ
880 4954 1070 5019 παιδὸς
1121 4955 1356 5010 Κελσίου
1387 4956 1478 5011 διὰ
1514 4958 1577 5010 τὸ
1615 4959 1713 5029 τῆς
1747 4960 1963 5031 ἡλικίας

376 5045 567 5104 ἀτελὲς
615 5042 695 5098 ἔτι
747 5046 994 5112 ναυτίας,
1018 5045 1207 5119 ὥσπερ
1238 5048 1412 5118 εἰκὸς,
1443 5048 1542 5105 καὶ
1586 5050 1781 5120 ἀηδίας
1826 5053 1961 5105 ὑπο-

378 5137 730 5206 πλησθὲντος.
778 5138 921 5193 Ἀλλ’
954 5139 1086 5211 εὐχῇ
1138 5141 1331 5195 τοῦτον
1376 5143 1472 5196 καὶ
1515 5143 1675 5214 τύπῳ
1722 5143 1961 5216 σταυροῦ

378 5231 471 5281 καὶ
504 5230 634 5300 θείῳ
663 5230 935 5301 φιλήματι
968 5232 1098 5300 ὑγιᾶ
1132 5232 1411 5305 Ναζάριος
1433 5234 1729 5290 δείκνυσιν.

446 5324 520 5376 Ζ¹.
562 5324 812 5394 ’Δγρεύει
848 5325 908 5378 τὸ
937 5324 1122 5401 θαζδμα
1152 5325 1312 5380 τοῦτο
1347 5326 1602 5400 καθάπερ
1639 5328 1830 5399 ἰχθύας
1864 5331 1962 5385 καὶ

374 5415 499 5477 τοὺς
530 5416 619 5468 ἐπὶ
644 5418 742 5486 τῆς
764 5417 1039 5487 θαλάσσης
1066 5420 1265 5482 αὐτοὺς
1290 5420 1556 5481 καθέντας
1591 5420 1686 5473 τοῦ
1708 5422 1961 5489 Νέρωνος

377 5507 785 5578 ὑπηρέτας.·Τδ
835 5512 946 5583 γὰρ
992 5515 1099 5565 ἀπὸ
1145 5512 1338 5565 τούτου
1385 5512 1667 5565 ἀκόλουθοι
1701 5518 1959 5584 γεγόνασι

371 5601 450 5672 τῷ
482 5604 642 5673 ἁγίῳ,
676 5605 769 5658 καὶ
796 5605 969 5670 οὕτως
994 5607 1145 5678 αὐτῷ
1177 5608 1591 5679 προσετέθησαν
1625 5609 1700 5672 ὡς
1733 5610 1828 5662 καὶ
1866 5611 1958 5666 τοῦ

373 5696 641 5765 προτέρου
699 5698 814 5767 βίου
863 5698 1034 5752 πολλὰ
1093 5699 1421 5769 μεταμέλειν
1475 5700 1681 5767 αὐτοῖς,
1738 5704 1830 5755 καὶ
1876 5702 1959 5756 ὅτι

375 5786 533 5859 μηὲκ
563 5789 755 5844 πολλοῦ
775 5791 1029 5864 Νέρωνος
1058 5793 1390 5852 ἀποστάντες
1419 5792 1614 5863 ὶκείνῳ
1643 5797 1953 5865 προσεῖχον,

2071 3304 2196 3347 cum
2228 3307 2403 3363 puero
2430 3293 2597 3348 tradit
2624 3294 2679 3349 in
2714 3295 3045 3351 custodiam.
3089 3297 3289 3352 Parum
3347 3301 3663 3357 intereess't

2070 3385 2359 3456 temporis,
2388 3395 2444 3442 et
2484 3386 2758 3443 Neronem
2786 3388 3011 3459 quidem
3052 3405 3248 3446 rursus
3278 3392 3439 3449 sedes
3468 3393 3663 3450 habuit

2066 3484 2386 3555 iudiciaria.
2420 3482 2782 3540 Introductus
2827 3494 3012 3541 autem
3078 3486 3185 3543 fuit
3234 3488 3502 3546 Nazarius
3531 3508 3658 3548 cum

2070 3589 2263 3645 puero.
2304 3575 2368 3630 Et
2404 3591 2598 3631 rursus
2648 3575 2926 3644 similiter,
2988 3594 3141 3634 nunc
3201 3580 3426 3650 quidem
3488 3584 3658 3638 minis

2069 3668 2371 3723 vehemens
2396 3677 2516 3724 erat
2538 3668 2704 3732 Nero,
2756 3686 2905 3726 nunc
2936 3680 3120 3731 autem
3154 3675 3341 3728 suavis
3373 3676 3657 3734 blanditiis

2069 3766 2126 3812 et
2162 3759 2469 3826 promissis.
2505 3758 2803 3827 Postquam
2829 3771 3013 3817 autem
3038 3763 3183 3819 vidit
3206 3779 3333 3819 eum
3362 3775 3510 3822 tanta
3534 3782 3657 3825 esse

2070 3851 2401 3914 constantia,
2433 3849 2740 3919 desperans
2783 3842 2865 3907 sic
2891 3868 3055 3924 posse
3107 3856 3295 3912 induci
3335 3858 3655 3929 Nazarium,

2064 3940 2226 4012 jubet
2256 3957 2383 3997 eum
2447 3943 2598 4013 injici
2650 3944 2705 3998 in
2736 3946 3069 4014 profundum
3104 3952 3275 4004 maris
3320 3966 3447 4004 eum
3477 3967 3654 4020 puero

2067 4032 2270 4096 Celsio,
2315 4041 2376 4087 ut
2417 4049 2522 4089 nec
2576 4049 2674 4089 eos
2703 4036 2927 4105 quidem
2963 4039 3380 4106 possetvidere,
3414 4057 3554 4110 quos
3584 4053 3656 4100 ne

2067 4125 2287 4180 volebat
2307 4124 2533 4197 quidem
2553 4126 2743 4182 vivere
2770 4127 2852 4182 sic
2873 4127 3123 4183 allectos.
3147 4130 3253 4184 Sed
3286 4142 3447 4187 erant
3476 4137 3660 4190 omni-

2067 4232 2139 4272 no
2175 4233 2327 4284 vera,
2359 4234 2482 4289 quat
2507 4218 2901 4275 dixit‘divinus
2940 4222 3128 4286 Isaias,
3167 4230 3427 4295 tanquam
3460 4227 3528 4282 de
3571 4228 3656 4285 eis

2067 4311 2469 4380 praenuntiata:
2497 4311 2552 4367 Si
2587 4312 2873 4368 transieris
2902 4329 3002 4385 per
3027 4330 3250 4386 aquam,
3279 4326 3457 4373 tecum
3488 4336 3607 4376 sum
3635 4339 3650 4376 :

2065 4411 2123 4457 et
2143 4417 2250 4457 non
2291 4411 2343 4459 te
2383 4405 2719 4460 concludent
2779 4405 2957 4461 ﬂuvii.
3018 4407 3087 4462 Et
3115 4408 3162 4464 si
3210 4412 3501 4469 transieris
3554 4430 3657 4486 per

2067 4494 2268 4565 ignem,
2333 4511 2444 4551 non
2475 4496 2845 4553 combureris.
2877 4498 3015 4554 Nam
3064 4515 3191 4556 cum
3231 4504 3342 4574 jam
3385 4510 3652 4565 essentia

2066 4586 2362 4656 profundo,
2399 4598 2457 4643 et
2485 4589 2579 4659 qui
2605 4604 2702 4644 eos
2724 4591 2992 4661 jecerant,
3025 4593 3323 4652 crederent
3351 4598 3492 4660 fore.
3524 4610 3587 4657 ut
3624 4620 3650 4655 ιι

2066 4682 2255 4738 multis
2284 4683 2533 4753 piscibus
2583 4683 2992 4741 devorarentur
3034 4703 3229 4760 magna
3273 4695 3649 4762 contentione,

2065 4776 2313 4847 angelica
2357 4777 2606 4851 quaedam
2653 4780 2837 4835 virtus
2884 4779 3124 4852 desuper
3180 4783 3478 4849 advolavit,
3527 4796 3584 4842 et
3622 4803 3655 4845 e

2066 4868 2347 4938 profundo
2395 4872 2657 4933 servavit,
2710 4882 2768 4926 et
2818 4872 3020 4929 illaesos
3072 4889 3170 4929 eos
3198 4883 3358 4932 terrae
3387 4878 3650 4944 reddidit.

2066 4974 2241 5029 puero
2268 4959 2453 5017 Celsio
2500 4971 2727 5031 propter
2759 4972 2978 5019 :etatem
3006 4965 3192 5020 adhuc
3245 4967 3645 5037 imperfectam.

2066 5066 2271 5108 nausea
2296 5060 2353 5108 et
2383 5053 2606 5110 fastidio
2632 5055 2817 5125 pleno,
2846 5064 2907 5113 ut
2925 5065 3012 5112 est
3039 5067 3499 5139 consentaneum.
3544 5064 3651 5120 Sed

2063 5145 2325 5214 precibus
2348 5154 2406 5201 et
2439 5146 2596 5216 signo
2635 5149 2840 5207 crucis.
2865 5159 2922 5205 et
2946 5150 3138 5207 divino
3168 5154 3360 5210 osculo
3387 5171 3510 5210 eum
3541 5158 3648 5213 sal-

2064 5250 2194 5289 vum
2218 5236 2465 5291 reddidit
2495 5238 2782 5293 Nazarius.

2133 5328 2245 5383 \‘Il.
2268 5327 2721 5400 Capit.tanquam
2742 5331 2942 5401 pisces,
2970 5335 3073 5391 hoc
3105 5335 3433 5392 miraculum
3480 5338 3646 5395 Nero-

2062 5419 2148 5474 nis
2179 5437 2400 5491 qttoquc
2433 5437 2645 5484 ενι-νος,
2679 5424 2772 5491 qui
2814 5424 2962 5492 ipsos
2993 5426 3045 5479 in
3079 5443 3229 5483 mare
3284 5429 3644 5486 demiserunt.

2063 5512 2324 5567 Sanctum
2384 5514 2532 5566 enim
2588 5515 2851 5582 deinceps
2892 5528 3021 5573 sunt
3068 5523 3264 5588 secuti,
3316 5532 3372 5575 ct
3400 5526 3468 5577 ita
3505 5539 3565 5578 se
3594 5525 3646 5580 ei

2062 5604 2457 5675 adjunxeruut,
2515 5613 2575 5659 ut
2628 5606 2831 5675 prioris
2884 5612 3011 5663 vitae
3057 5627 3248 5680 magna
3300 5614 3647 5680 ducerentur

2063 5697 2407 5767 poenitentia.
2440 5706 2498 5750 et
2522 5714 2666 5767 :egre
2696 5698 2909 5754 ferrent
2931 5704 3079 5771 quod
3122 5720 3230 5759 non
3256 5706 3347 5760 ditt
3382 5717 3529 5769 ante.
3560 5725 3638 5765 re-

2066 5790 2196 5847 licto
2226 5789 2463 5857 Nerone,
2499 5792 2744 5846 animum
2779 5793 2857 5848 illi
2880 5795 3283 5865 adhibuissent.
3306 5799 3491 5857 Terra:
3510 5815 3646 5873 ergo
