4126 6382
521 284 630 344 903

1738 277 2121 334 ΛυυΕέιυᾹ.
2277 276 2421 339 JUN
2439 276 2453 332 ἰ
2472 277 2577 336 US.

3677 271 3794 334 θυι

520 412 646 454 cum
675 413 846 467 puero
882 396 1132 452 redditus
1175 392 1461 453 Nazarius.
1503 391 1697 445 transit
1745 408 1870 447 cum
1909 404 1975 444 eo
2028 387 2094 440 ad

2199 389 2386 452 δεινῶς
2418 389 2697 459 ἄχθεσθαι.
2743 387 3052 452 Ἀποδοθεὶς
3084 389 3268 441 τοίνυν
3306 386 3441 458 μετά
3471 386 3565 439 τοῦ
3592 386 3794 449 παιδὸς

522 492 825 553 Civitatem,
856 502 986 557 quae
1016 485 1221 539 dicitur
1256 482 1473 537 Tennsa
1497 498 1513 548 ;
1541 489 1597 536 et
1624 481 1774 535 illinc
1797 480 2097 550 proiectus,

524 585 675 637 venit
697 580 1065 635 Mediolanum
1088 618 1103 644 ,
1130 590 1325 630 rursus
1341 589 1564 644 quoque
1592 576 1835 643 priorem
1869 586 2102 643 pergens

521 675 653 726 dare
692 670 1025 733 doctrinam,
1064 678 1121 723 et
1173 666 1322 722 dulci
1351 674 1544 736 potare
1588 673 1813 719 nectare
1852 679 1971 727 eos,
2002 662 2100 731 qui

521 772 684 817 erant
710 778 839 816 vere
864 760 960 814 lilii
998 758 1175 829 regni.
1205 758 1311 813 Sed
1336 758 1485 811 cives
1526 772 1723 811 rursus
1749 756 1802 809 ei
1839 771 1948 810 non
1980 770 2102 824 per-

524 853 816 908 mittebant
852 852 1033 906 libere
1052 849 1356 921 praedicare
1405 864 1592 904 veram
1621 848 1967 917 religionem,
2002 847 2097 901 sed

522 962 649 1001 eum
701 942 1274 1014 comprehenderunt,
1329 948 1386 994 et
1431 956 1556 994 eum
1588 938 2098 1009 pra-sidiAnulino,

522 1037 619 1107 qui
648 1037 699 1092 ei
728 1037 882 1105 prius
906 1035 1108 1089 multas
1144 1034 1450 1102 impegerat
1475 1032 1683 1099 alapas,
1724 1029 2096 1094 tradiderunt,

525 1130 608 1184 vel
646 1145 744 1199 per
776 1128 920 1189 illos,
965 1135 1027 1181 ut
1058 1127 1249 1180 verius
1275 1124 1479 1186 dicam,
1518 1123 1567 1178 is
1589 1123 1681 1192 qui
1717 1122 1821 1177 luit
1844 1121 1914 1177 ab
1938 1122 2097 1176 initio

524 1221 769 1281 invidus,
802 1228 857 1274 ct
882 1219 1012 1274 odio
1049 1218 1244 1272 babuit
1272 1215 1547 1270 homines.
1579 1214 1672 1270 llle
1722 1225 1906 1273 autem
1940 1214 2101 1285 jubet

520 1328 648 1367 eum
709 1326 902 1365 rursus
958 1308 1165 1363 includi
1228 1307 1284 1361 in
1319 1304 1489 1375 priori
1525 1305 1795 1360 custodia.
1862 1303 2098 1359 Nazario

520 1410 703 1457 autem
734 1401 848 1469 ipsa
878 1396 1130 1461 custodia
1166 1402 1286 1450 erat
1340 1392 1528 1447 multis
1568 1391 1735 1461 regiis
1777 1389 2096 1461 pretiosior,

521 1502 740 1564 pratum
786 1491 1064 1549 ﬂoridum.
1121 1502 1297 1542 novus
1320 1485 1628 1556 paradisus.
1690 1483 1748 1539 In
1782 1499 1901 1538 eam
1947 1482 2096 1541 enim

523 1586 826 1654 ingressus.
859 1581 1211 1649 .versabatur
1265 1593 1389 1632 cum
1438 1577 1705 1631 Gervasio
1754 1584 1808 1629 et
1846 1574 2096 1629 Protasio

518 1677 689 1733 sociis
715 1674 1032 1729 certaminis
1066 1691 1079 1723 :
1122 1689 1152 1724 a
1193 1670 1397 1739 quibus
1421 1669 1645 1724 assidue
1688 1666 1802 1739 ille,
1831 1675 2090 1736 tanquam

518 1773 588 1823 ab
611 1767 891 1836 aliquibus
937 1764 1284 1825 ﬂuminibus,
1340 1762 1622 1833 irrigatus,
1668 1760 1932 1829 carpebat
1969 1774 2093 1813 sua-

518 1850 778 1915 vissiuios
803 1858 966 1911 liores
987 1857 1209 1910 illorum
1241 1852 1685 1915 consuetudinis,
1724 1860 1784 1906 ut
1805 1864 2098 1922 propemo-

521 1953 652 2008 dum
708 1951 912 2022 gratias
950 1949 1181 2003 haberet
1226 1948 1483 2010 Anulino,
1536 1944 1685 2015 quod
1734 1959 1861 1999 eum
1904 1957 2097 1997 rursus

516 2041 1045 2114 conjunxissctcum
1073 2040 1162 2101 iis,
1216 2053 1356 2108 quos
1395 2035 1769 2092 desiderabat.
1821 2034 1961 2090 Cum
2015 2035 2097 2089 eis

512 2151 651 2207 ergo
681 2146 1038 2203 congressus,
1064 2139 1122 2187 et
1164 2144 1414 2199 magnam
1445 2128 1664 2198 accepit
1685 2128 2002 2194 utilitatem,
2038 2135 2099 2181 ut

521 2226 639 2297 ipse
669 2226 835 2280 etiam
868 2224 1107 2279 vicissim
1156 2221 1343 2277 intulit
1384 2236 1448 2277 ea
1488 2235 1609 2290 qua:
1633 2220 2004 2287 crantutilia;
2043 2226 2098 2275 et

519 2333 620 2375 eos
650 2318 786 2373 satis
817 2315 884 2370 ad
918 2314 1249 2380 certamina,
1297 2323 1355 2369 et
1404 2328 1641 2383 puerum
1679 2312 1929 2369 incitavit
1975 2310 2097 2368 Cel-

522 2412 711 2467 sium:
755 2424 919 2479 quem
976 2422 1210 2478 puerum
1260 2405 1485 2477 quidem
1535 2421 1742 2471 sermo,
1788 2404 2095 2476 perfectum

523 2508 708 2554 autem
738 2498 981 2552 ostendit
1011 2498 1172 2553 actio.

594 2706 730 2762 Vill.
772 2702 1043 2758 Anulinus
1106 2709 1293 2756 autem
1341 2716 1466 2756 cum
1512 2702 1580 2757 de
1618 2700 1847 2756 Nazario
1884 2699 2098 2771 singula

521 2805 712 2851 exacte
727 2794 1031 2855 didicisset,
1059 2792 1368 2847 mirabatur
1400 2792 1862 2862 quemadmodum
1888 2792 2101 2861 potuis-

522 2896 608 2942 set
656 2884 898 2955 en'ugerc
939 2884 1213 2939 Neronem
1262 2884 1495 2955 (sciebat
1534 2885 1705 2947 enim,
1745 2900 1907 2953 quam
1953 2895 2101 2939 esset

522 2979 768 3034 furiosus
782 2986 838 3032 et
858 2992 1021 3043 quam
1041 2976 1404 3045 ferusNero),
1422 2976 1608 3047 lupum
1628 2992 1823 3047 agnus,
1848 2984 1909 3030 ut
1924 2976 2098 3031 aiunt.

2201 485 2268 553 τῇ
2308 484 2489 555 χέρσῳ
2530 481 2807 553 Ναζάριος
2843 484 2923 544 είς
2965 482 3124 534 πόλιν
3171 481 3445 535 Τένουσαν
3483 479 3793 549 λεγομένην

2204 576 2303 628 σὺν
2341 575 2487 645 αὐτῷ
2520 574 2859 646 μεταϐαίνει,
2910 573 3165 628 κάκεῖθεν
3203 571 3426 642 ἀπάρας
3476 573 3533 623 ὲν
3585 571 3703 624 Μεδ
3727 588 3793 614 η-

2201 668 2384 731 λάνοις
2416 666 2660 735 γίνεται,
2689 666 2789 734 τῆς
2822 666 3089 736 προτέρας
3122 666 3218 717 καὶ
3243 659 3401 726 αὖθις
3433 660 3794 727 διδασκαλίας

2201 759 2482 830 ἐχόμενος,
2508 760 2605 812 καὶ
2633 757 2835 827 νέκταρ
2865 757 2965 826 ἡδὺ
2993 756 3122 819 τοὺς
3165 756 3316 817 υἱοὺς
3340 755 3509 815 ὅντως
3539 752 3789 816 ποτίζων

2199 850 2303 919 τῆς
2340 848 2641 920 βασιλείας.
2685 846 2846 899 Ἀλλά
2879 846 3040 900 πάλιν
3081 845 3244 897 αὑτὸν
3285 846 3334 896 oi
3366 844 3462 911 τῆς
3485 842 3696 904 πόλεως
3723 842 3791 895 τὸ

2199 940 2300 1010 τῆς
2349 938 2635 1001 εὐσεϐείας
2681 939 2944 1007 κήρυγμα
2998 933 3345 1003 διαγγέλλειν
3403 932 3463 984 οὐ
3522 933 3791 1001 παρεῖχον

2200 1033 2546 1103 ἐλευθερίως,
2577 1031 2715 1085 ἀλλά
2760 1029 2842 1101 τῷ
2878 1029 3100 1099 ἄρχοντι
3141 1026 3432 1098 Ἀνουλίνῳ
3463 1025 3541 1095 τῷ
3583 1023 3789 1086 πολλάς

2199 1124 2349 1195 αὑτῷ
2396 1125 2490 1178 καὶ
2533 1124 2797 1195 πρότερον
2848 1121 2992 1175 κατά
3031 1120 3143 1173 τῶν
3185 1118 3431 1188 παρειῶν
3490 1116 3786 1181 παίσαντι,

2202 1215 2558 1278 συλλαϐόντες
2619 1212 3035 1283 παραδιδοῦσιν,
3086 1212 3120 1284 ἢ
3174 1210 3240 1263 δι’
3294 1208 3542 1274 ἐκείνων,
3583 1208 3790 1279 μᾶλλον

2198 1308 2511 1380 φιλαληθῶς
2535 1310 2730 1371 εἰπεῖν,
2762 1308 2790 1359 ὀ
2818 1305 2877 1370 ἐξ
2906 1306 3083 1376 ἀρχῆς
3115 1304 3386 1374 βάσκανος
3444 1304 3538 1355 καὶ
3590 1300 3788 1369 μισάνο

2199 1403 2439 1473 θρωπος.
2473 1400 2535 1454 Ὀ
2562 1400 2616 1453 δὲ
2644 1401 2725 1463 είς
2748 1401 2848 1468 τὴν
2888 1399 3160 1469 προτέραν
3200 1396 3297 1449 καὶ
3329 1394 3489 1457 αὖθις
3536 1392 3788 1462 φρουρὰν

2199 1494 2588 1548 κατάκλειστον
2650 1492 2981 1563 προστάττει
3039 1490 3320 1558 γενέσθαι.
3394 1486 3660 1557 Ναζαρίῳ
3725 1484 3786 1537 δὲ

2199 1587 2465 1659 ἠφρουρὰ
2492 1584 2633 1654 αὕτη
2665 1584 2875 1637 πολλῶν
2897 1582 3187 1653 βασιλείων
3215 1579 3515 1651 τιμιωτέρα
3547 1580 3781 1646 γίνεται,

2200 1677 2406 1748 λειμὼν
2425 1676 2677 1748 εὐανθὴς,
2711 1675 2831 1739 νέος
2854 1674 3205 1746 παράδεισος.
3249 1671 3456 1723 Ἐκεῖσε
3480 1668 3588 1738 γὰρ
3611 1669 3785 1719 εἰσελ-

2197 1770 2306 1824 θὼν
2327 1769 2366 1822 Γ
2368 1768 2609 1841 ερϐασίῳ
2627 1785 2687 1821 τε
2714 1768 2808 1822 καὶ
2833 1766 3123 1837 Προτασῖῳ
3146 1765 3257 1827 τοῖς
3286 1760 3567 1822 συνάθλοις
3590 1760 3781 1828 συνῆν,

2199 1859 2289 1930 ὑφ’
2314 1852 2390 1913 ὧν
2416 1859 2536 1913 ὅσαι
2568 1851 2709 1931 ὧραι
2739 1856 2992 1927 καθάπερ
3026 1854 3130 1906 ὑπό
3156 1870 3320 1904 τινων
3347 1848 3605 1918 ποταμῶν
3634 1847 3784 1899 ὲκείο

2198 1969 2294 2022 νης
2320 1952 2691 2021 ἀρδευομένης
2714 1950 2781 2002 τὰ
2805 1948 3003 2018 ἥδιστα
3028 1947 3128 2016 τῆς
3161 1944 3386 1997 ἐκείνων
3409 1941 3620 2013 ὁμιλίας
3643 1941 3784 2012 ἄνθη

2197 2044 2531 2115 δρεπόμενος
2551 2038 2641 2114 ἦν,
2658 2041 2733 2107 ὡς
2749 2039 2950 2112 μικροῦ
2974 2042 3068 2092 καὶ
3091 2037 3251 2109 χάριν
3294 2037 3579 2105 ὁμολογεῖν
3595 2034 3788 2087 Ἀνου-

2199 2137 2331 2207 λίνῳ
2358 2136 2441 2190 ὅτι
2471 2134 2566 2188 καὶ
2605 2134 2766 2187 πάλιν
2795 2131 2959 2185 αὑτὸν
3007 2129 3215 2200 συνῆψε
3255 2130 3368 2191 τοῖς
3399 2125 3783 2195 ποθουμένοις.

2200 2230 2605 2300 Συγγενόμενος
2660 2224 2955 2297 τοιγαροῦν
3012 2223 3126 2287 τοῖς
3186 2221 3411 2291 ἀνδράσι
3464 2217 3661 2288 πολλῆς
3724 2234 3785 2270 τε

2200 2325 2510 2379 ἀπέλαυσεν
2540 2320 2829 2390 ὠφελείας,
2854 2317 2947 2372 καὶ
2974 2318 3133 2382 αὐτὸς
3161 2308 3218 2370 ἐν
3238 2315 3315 2386 τῷ
3341 2315 3519 2387 μέρει,
3546 2313 3616 2367 τὰ
3643 2311 3787 2383 πρὸς

2199 2415 2469 2480 ὠφέλειαν
2495 2412 2915 2482 ἀντεισήγαγεν,
2950 2409 3153 2472 ἱκανῶς
3174 2425 3232 2461 τε
3257 2407 3457 2470 αὐτοὺς
3488 2405 3626 2474 πρὸς
3655 2405 3788 2467 τοὺς

2202 2504 2423 2575 ἀγῶνας
2468 2505 2564 2559 καὶ
2593 2503 2686 2556 τὸν
2739 2504 2905 2556 παῖδα
2939 2501 3168 2556 Κέλσιον
3206 2497 3417 2571 ἤλειφε,
3451 2496 3685 2550 Κέλσιον
3720 2493 3786 2549 δν

2206 2599 2371 2652 παῖδα
2411 2598 2508 2668 μὲν
2540 2598 2569 2651 ὁ
2600 2595 2782 2665 λόγος,
2816 2595 3021 2648 τέλειον
3053 2593 3109 2646 δὲ
3140 2592 3174 2662 ἡ
3201 2592 3398 2663 πρᾶξις
3429 2588 3782 2659 παρίστησιν.

2274 2691 2357 2745 Il'.
2395 2688 2702 2751 Ἀνουλῖνος
2736 2686 2794 2739 δὲ
2824 2687 2942 2759 (καὶ
2971 2686 3082 2755 γάρ
3108 2685 3168 2737 τὸ
3206 2682 3434 2753 μανικὸν
3476 2680 3660 2759 εκεῖνο
3688 2680 3784 2732 καὶ

2204 2780 2469 2853 θηριῶδες
2499 2779 2618 2850 ᾔδει
2649 2777 2742 2831 τοῦ
2766 2778 3022 2849 Νέρωνος
3056 2773 3318 2845 ἀκριϐῶς)
3343 2770 3409 2826 τά
3436 2771 3564 2841 περὶ
3595 2768 3784 2833 Ναζα-

2208 2876 2322 2948 ρίον
2372 2873 2562 2944 μαθὼν
2594 2875 2649 2925 ὲν
2679 2870 2917 2942 θαύματι
2954 2870 3209 2932 ἐποιεῖτο,
3258 2865 3371 2930 πῶς
3396 2864 3507 2936 ἀρα
3544 2865 3640 2917 καὶ
3672 2862 3783 2916 Νέ-

2210 2986 2356 3039 ρωνα
2386 2968 2581 3035 φυγεῖν
2626 2964 2888 3036 ⁴ίῖδυνήθη,
2925 2963 3017 3016 τὸν
3066 2962 3247 3026 λύκον,
3282 2962 3468 3029 φασιν,
3504 2960 3533 3011 ὁ
3583 2958 3779 3029 ἀμνός.

522 3069 663 3126 Hinc
698 3069 863 3125 etiam
896 3068 964 3123 de
998 3078 1193 3123 sancto
1225 3067 1459 3122 Nazario
1518 3076 1576 3122 et
1616 3069 1734 3138 eius
1772 3067 1938 3123 sociis
1970 3081 2095 3122 eum

2215 3059 2496 3114 Ἐντεῦθεν
2528 3061 2618 3111 καὶ
2658 3059 2987 3128 γράμμασιν
3039 3054 3187 3125 αὑτῴ
3231 3055 3298 3106 τὰ
3342 3052 3470 3122 περὶ
3493 3050 3588 3104 τοῦ
3621 3050 3779 3118 ἁγίου

523 3163 655 3220 facit
687 3162 885 3218 litteris
915 3160 1234 3225 certiorem,
1260 3176 1458 3229 rogans
1477 3160 1741 3230 quidnam
1767 3160 2011 3230 jubcrct,
2041 3170 2100 3216 ut

522 3254 732 3310 laceret
751 3252 980 3308 sanctis.
1004 3252 1101 3305 Ille
1125 3259 1310 3305 autem
1336 3267 1460 3306 cum
1486 3252 2097 3307 audivissetNazarium

522 3346 705 3400 adhuc
732 3360 853 3400 esse
889 3343 1270 3413 superstitem,
1307 3343 1513 3398 eadem
1555 3344 1802 3413 spirabat
1831 3343 2099 3400 adversus

523 3438 767 3502 lictores,
795 3435 999 3500 quibus
1022 3435 1285 3504 jusserat,
1315 3443 1375 3487 ut
1412 3447 1537 3488 cum
1577 3434 1631 3488 in
1661 3434 1829 3488 maris
1867 3435 2098 3503 profun-

524 3529 657 3584 dum
713 3529 1039 3598 injicerent;
1073 3535 1128 3581 et
1178 3542 1293 3595 prae
1332 3527 1412 3580 ira
1455 3540 1485 3580 e
1515 3526 1645 3580 sedc
1678 3527 1940 3581 cxsiliens
1971 3541 2097 3582 eum

525 3619 918 3675 vociferatione
946 3619 1206 3702 currebat
1230 3634 1329 3688 per
1352 3617 1580 3688 regiam,
1607 3619 1853 3674 clamans
1875 3618 2101 3674 insidia—

525 3722 694 3774 tores,
730 3711 997 3781 ingratos,
1021 3709 1290 3764 adversus
1317 3709 1455 3765 deos
1489 3709 1715 3779 impios,
1750 3719 1806 3764 et
1838 3709 2099 3780 cupiebat

522 3803 903 3867 eosinvenire,
945 3811 1006 3856 ut
1035 3803 1184 3872 ipsos
1207 3802 1374 3856 etiam
1404 3802 1751 3863 interimeret
1774 3800 1942 3856 simul
1968 3816 2097 3857 cum

527 3894 890 3963 martyribus,
942 3893 1203 3964 ignorans
1251 3892 1507 3959 stolidus,
1556 3893 1705 3964 quod
1740 3893 1884 3949 Deus
1917 3901 2098 3963 potest

520 4001 630 4040 non
653 3986 833 4041 solum
858 4000 888 4038 a
912 3984 1053 4040 mari
1081 4000 1307 4040 servare
1334 4000 1460 4039 eum
1485 3985 1580 4054 qui
1610 3984 1667 4040 in
1701 3983 1820 4055 ipso
1840 3984 2100 4039 habuerit

522 4077 805 4144 ﬁduciam,
827 4077 925 4132 sed
947 4077 1116 4132 etiam
1137 4077 1317 4146 ipsum
1340 4092 1493 4133 mare
1517 4077 1815 4131 exsiccare.
1842 4074 2099 4130 Testatur

518 4176 705 4225 autem
742 4168 900 4223 divus
930 4167 1101 4222 David
1134 4168 1348 4232 dicens,
1379 4183 1506 4223 eum
1539 4167 1791 4238 posuisse
1817 4166 2014 4221 ﬂuvios
2041 4166 2098 4220 in

520 4260 828 4324 desertum,
853 4268 1047 4314 contra
1067 4269 1276 4324 autem,
1300 4260 1523 4316 deserta
1542 4260 1596 4313 in
1612 4258 1765 4314 lacus
1781 4259 2094 4328 aquarum‘.

518 4347 653 4406 Cum
682 4365 779 4406 eos
807 4365 939 4420 ergo
990 4352 1223 4405 multum
1271 4352 1640 4421 quaesivisset,
1684 4360 1740 4406 et
1770 4367 1880 4406 non
1943 4351 2087 4406 inve

521 4439 717 4503 uisset,
766 4439 845 4494 sic
877 4440 1083 4495 litteris
1111 4442 1338 4512 exponit
1370 4458 1524 4497 suam
1566 4441 1833 4498 adversus
1876 4453 2095 4499 sanctos

519 4531 849 4585 sententiam
884 4548 896 4584 :
933 4531 1204 4597 Quoniam
1235 4535 1295 4597 ii,
1330 4536 1425 4603 qui
1448 4544 1575 4589 ante
1595 4549 1701 4589 nos
1725 4536 2097 4590 ascenderunt

521 4623 574 4674 in
627 4623 769 4677 banc
804 4624 1076 4678 excelsam
1108 4625 1327 4695 imperii
1367 4626 1579 4689 sedem,
1613 4641 1724 4681 non
1764 4626 1940 4681 solum
1976 4641 2093 4692 eos,

519 4714 613 4783 qui
654 4715 710 4769 in
747 4716 1017 4770 maximos
1046 4716 1179 4771 deos
1203 4726 1363 4770 erant
1400 4715 1576 4787 impii,
1611 4725 1789 4773 morte
1815 4732 1913 4773 sua
1943 4718 2096 4773 dam-

519 4811 726 4862 uabant
765 4809 1065 4874 sententia,
1119 4808 1214 4864 sed
1249 4808 1436 4874 etiam,
1482 4809 1527 4863 si
1573 4808 1958 4866 invenirentur
1993 4812 2095 4868 ali—

518 4900 634 4968 qui,
673 4901 765 4971 qui
791 4900 1076 4957 maleﬁciis
1105 4910 1161 4957 et
1194 4902 1487 4974 praestigiis
1518 4903 1720 4959 multos
1763 4919 2090 4976 corrumpe-

517 5002 664 5054 rent,
725 5009 824 5062 par
867 5008 1086 5063 quoque
1128 4996 1183 5051 in
1237 5011 1334 5051 eos
1381 4997 1695 5051 statuebant
1734 4998 2091 5068 supplicium,

517 5093 707 5137 nostra
735 5098 954 5153 quoque
988 5084 1239 5140 decernit
1281 5087 1546 5156 potentia,
1588 5087 1736 5157 quod
1780 5088 1868 5142 isti
1902 5105 2095 5159 quam-

516 5173 756 5244 primum
815 5176 927 5229 vita
969 5178 1280 5244 priveutur,
1333 5178 1515 5248 gladio
1570 5179 1845 5248 capitibus
1894 5195 2089 5236 eorum

514 5267 815 5335 aluputatis
849 5283 866 5321 :
892 5267 1094 5324 deinde
1117 5285 1310 5325 eorum
1335 5288 1568 5342 corpora
1591 5273 1928 5343 objiciuntur
1959 5273 2091 5327 feris

518 5356 582 5408 ad
608 5356 1006 5423 devorandum,
1036 5371 1096 5414 ut
1121 5376 1188 5415 ne
1209 5364 1456 5418 omnium
1484 5362 1707 5433 quidem
1735 5379 2087 5419 communem

517 5460 928 5517 consequantur
974 5453 1337 5521 sepulturam.
1378 5454 1460 5509 Sit
1507 5471 1640 5525 ergo
1683 5455 1779 5509 tibi
1827 5471 1974 5511 curze
2011 5458 2084 5523 id,

518 5538 661 5607 quod
705 5539 760 5593 in
798 5544 1090 5611 praesentia
1136 5548 1296 5617 jussi,
1336 5548 1584 5617 exsequi.
1639 5549 1734 5602 Est
1765 5548 1911 5603 enim
1950 5549 2084 5604 mihi

585 5721 598 5750 ⁸
630 5717 775 5772 l‘sul.
803 5734 911 5777 ενι.
946 5722 1033 5778 5-3.

2202 3154 2295 3208 xui.
2326 3154 2436 3206 τῶν
2495 3150 2776 3205 συνάθλων
2828 3147 3083 3217 γνώριμα
3116 3144 3370 3215 καθιστᾷ,
3412 3144 3669 3214 προσθεὶς
3697 3143 3779 3195 ὅτι

2200 3249 2295 3300 καὶ
2326 3246 2444 3308 πῶς
2474 3241 2619 3311 αὖτῷ
2652 3244 2711 3294 τὸ
2737 3241 2923 3293 λοιπὸν
2955 3237 3289 3309 προστάττει
3327 3235 3638 3307 χρήσασθαι
3666 3236 3780 3296 τοῖς

2201 3341 2399 3409 ἀγίοις.
2444 3336 2503 3390 '0
2535 3335 2591 3391 δὲ
2621 3332 2871 3403 ἀκηκοὼς
2889 3332 2969 3385 ἔτι
2990 3331 3265 3401 Ναζάριον
3319 3329 3612 3399 περιεῖναι,
3643 3325 3780 3379 πολὺ

2200 3433 2341 3485 κατά
2369 3428 2477 3482 τῶν
2508 3428 2879 3494 ὲπιταγέντων
2906 3425 3067 3478 αὑτὸν
3086 3423 3295 3494 δημίων
3309 3421 3387 3493 τῷ
3413 3419 3667 3493 βυθῴτῆς
3687 3418 3782 3473 θα-

2199 3523 2406 3591 λάσσης
2433 3519 2782 3589 ὲναφεῖναιτὸ
2810 3517 3030 3587 φονικὸν
3047 3518 3253 3581 ὲπνὲει,
3277 3516 3381 3569 ὑπὸ
3401 3517 3499 3586 τῆς
3527 3514 3694 3584 ὀργῆς
3718 3529 3780 3566 τε

2199 3618 2290 3670 καὶ
2324 3614 2417 3668 τοῦ
2461 3613 2653 3685 θρόνου
2678 3612 2929 3683 ἀνέθορε,
2959 3613 3056 3664 καὶ
3080 3609 3217 3680 μετά
3236 3608 3366 3680 βοῆς
3415 3607 3485 3660 τά
3533 3606 3781 3678 βασίλεια

2200 3707 2390 3773 διέθει,
2420 3708 2548 3769 τοὺς
2574 3704 2896 3767 ἐπιϐούλους
2936 3702 3248 3774 κεκραγὼς,
3269 3703 3395 3764 τοὺς
3424 3699 3776 3770 ἀχαρίστους,

2200 3801 2325 3860 τοὺς
2356 3798 2484 3868 περὶ
2502 3799 2627 3862 τοὺς
2653 3796 2809 3860 θεοὺς
2836 3796 3074 3863 ἀσεϐεῖς,
3101 3794 3284 3864 ἐζήτει
3310 3810 3370 3846 τε
3394 3792 3589 3854 αὐτοὺς
3619 3792 3781 3860 ἐφευ-

2201 3895 2318 3964 ρεῖν
2351 3892 2439 3945 ἵνα
2466 3891 2561 3945 xui.
2596 3890 2866 3961 συνανέλῃ
2917 3892 3031 3954 τοῖς
3063 3889 3350 3959 μάρτυσιν,
3376 3884 3586 3955 ἀγνοῶν
3616 3886 3644 3937 ὁ
3675 3883 3779 3953 μά-

2198 4003 2348 4049 ταιος
2374 3985 2455 4039 ὅτι
2483 3984 2709 4038 δυνατὸν
2736 3984 2855 4054 Θεῷ
2880 3985 2955 4053 μὴ
2983 3983 3065 4035 ὅτι
3094 3998 3157 4051 γε
3188 3980 3467 4051 θαλάσσης
3489 3978 3659 4032 σῶσαι
3682 3979 3775 4030 τὶν

2201 4078 2379 4147 ἑαυτῷ
2426 4077 2746 4142 πεποιθότα,
2785 4075 2922 4128 ἀλλά
2969 4075 3063 4127 καὶ
3115 4073 3285 4142 αὐτὴν
3319 4072 3493 4142 δήπου
3540 4070 3776 4143 ξηράναι

2197 4169 2298 4241 τὴν
2340 4168 2637 4222 θάλασσαν.
2683 4168 2792 4220 Καὶ
2832 4166 3107 4237 μαρτυρεῖ
3132 4162 3295 4219 Δαυῒδ
3335 4165 3363 4215 ὁ
3407 4163 3570 4226 θεῖος,
3600 4160 3775 4215 θεῖναι

2199 4263 2372 4330 λέγων
2420 4262 2584 4314 αὐτὸν
2615 4262 2892 4331 ποταμοὺς
2927 4261 3009 4322 είς
3041 4260 3283 4328 ἔρημον,
3331 4256 3567 4327 ἔμπαλιν
3596 4254 3652 4307 δὲ
3686 4256 3776 4307 καὶ

2200 4356 2298 4425 τὴν
2330 4355 2535 4425 ἔρημον
2581 4354 2660 4415 είς
2691 4353 2887 4423 λίμνας
2915 4352 3145 4405 ὑδάτων.
3180 4349 3354 4403 Πολλὰ
3400 4349 3581 4401 τοίνυν
3613 4346 3775 4416 exm-

2121 4422 2557 4519 Πτίγσαςίὲπεὶ
2617 4444 2693 4516 μὴ
2749 4422 2971 4513 ἐφεῦρε,
3006 4444 3297 4512 γράμμασι
3342 4442 3439 4509 τὴν
3489 4441 3629 4494 κατὰ
3667 4440 3776 4492 τῶν

2200 4543 2374 4611 ἁγίων
2428 4542 2707 4608 ἀπόφασιν
2754 4539 3029 4592 ἐκτίθεται
3083 4536 3291 4599 οὕτως’
3347 4535 3677 4606 Ἐπειδήπερ
3724 4532 3774 4586 oi

2202 4636 2310 4706 πρὸ
2365 4633 2523 4705 ἡμῶν
2580 4633 2673 4685 ἐπὶ
2724 4632 2817 4683 τὸν
2878 4631 3084 4699 ὑψηλὸν
3135 4628 3322 4682 τοῦτον
3351 4628 3450 4693 τῆς
3502 4625 3775 4698 βασιλείας

2198 4726 2504 4790 ἀναϐάντες
2569 4725 2756 4795 θρόνον
2812 4725 2872 4777 οὐ
2923 4725 3049 4785 τοὺς
3100 4722 3231 4792 περὶ
3284 4723 3577 4790 μεγίστους
3612 4719 3776 4786 μόνον

2199 4818 2598 4880 δυσσεϐοῦντας
2631 4818 2788 4881 θεοὺς
2809 4817 2977 4886 ψήφῳ
3003 4815 3232 4870 θανάτου
3274 4814 3617 4883 κατέκρινον,
3658 4810 3773 4865 ἀλλ’

2197 4912 2247 4962 εἰ
2278 4909 2370 4964 καί
2397 4926 2543 4971 τινες
2574 4888 2913 4976 εὑρίσκοιντο
2965 4903 3328 4975 μαγγανείαις
3369 4904 3479 4973 ἄρα
3528 4905 3620 4956 καὶ
3649 4920 3778 4974 γεηο

2195 5002 2369 5063 τείαις
2404 5000 2530 5061 τοὺς
2547 4997 2774 5059 πολλοὺς
2822 4994 3271 5065 ἁποφθείροντες,
3302 4994 3396 5047 καλ⁵
3435 4993 3618 5057 αὐτοῖς
3653 4995 3775 5063 ἴσην

2194 5098 2295 5165 τὴν
2325 5095 2597 5164 τιμωρίαν
2625 5086 3047 5158 ὲπεψηφίζοντο,
3079 5088 3327 5150 θεσπίζει
3360 5089 3454 5140 καὶ
3486 5088 3541 5139 τὸ
3571 5088 3775 5158 ἡμέτε-

2199 5206 2292 5260 ρον
2320 5188 2518 5255 κράτος
2552 5185 2633 5237 ὅτι
2662 5183 2828 5252 τάχος
2874 5183 3078 5247 αὐτοὺς
3120 5180 3213 5233 τοῦ
3255 5182 3355 5250 ζῇν
3403 5182 3774 5253 στερηθῆναι,

2198 5280 2343 5349 ξίφει
2377 5277 2475 5339 τὰς
2513 5274 2753 5344 κεφαλάς
2804 5273 3205 5344 ὲκεμηθὲντις,
3256 5269 3377 5327 εἶτα
3435 5278 3597 5346 θηρσὶ
3648 5276 3776 5337 τοὺς

2195 5370 2423 5443 νεκροὺς
2450 5366 2630 5422 αὐτῶν
2670 5366 2747 5428 είς
2803 5366 2970 5435 βορὰν
3012 5368 3365 5437 προτεθῆναι,
3400 5367 3475 5430 ὡς
3525 5368 3590 5421 ἂν
3639 5368 3775 5437 μηδὲ

2194 5467 2291 5533 τῆς
2326 5462 2508 5530 κοινῆς
2538 5460 2795 5514 ἁπάντων
2825 5457 3108 5522 ἀξιωθεῖεν
3131 5459 3331 5528 ταφῆς.
3361 5458 3655 5528 Ἑπιμελὲς
3683 5457 3777 5513 οῦν

2195 5555 2255 5608 τὸ
2287 5556 2461 5626 παρόν
2492 5569 2594 5605 ,σοι
2639 5549 2799 5603 τοῦτο
2840 5549 3082 5618 γενέσθω
3128 5551 3455 5619 πρετταγμα
3490 5552 3568 5612 είς
3599 5549 3778 5621 πέρας
