4126 6382
399 271 512 348 Ἷθῧ,

1433 265 1611 326 ινιΤΑ
1653 267 1712 325 S.
1759 264 2076 328 NAZARII
2107 269 2203 329 EI‘
2245 269 2660 335 SOCIORUM.

3553 284 3656 347 936

399 382 731 453 ὲξενεγκεῖνο
769 379 924 449 μέλει
962 378 1068 447 γάρ
1106 395 1194 443 μοι
1232 377 1327 445 τῆς
1355 377 1434 440 εἰς
1458 377 1585 440 τοὺς
1608 375 1765 439 θεοὺς
1791 378 1979 445 τιμῆς,

2090 383 2445 452 major-icurae
2477 386 2749 442 honorare
2766 387 2922 455 deos,
2942 405 3104 459 quam
3124 406 3312 448 curam
3336 409 3525 465 gerere
3553 399 3658 452 rei-

405 482 558 553 μέλει
589 475 809 545 πλέονῆ
843 475 949 526 τῶν
979 471 1072 525 τοῦ
1107 469 1290 524 κοινοῦ
1321 472 1644 542 φροντίδων.

470 573 550 628 8'.
582 570 770 625 Ταῦτα
803 567 990 635 ἐπειδὴ
1034 563 1323 632 Ἀνονλίνῳ
1369 563 1440 616 τὰ
1476 565 1784 636 γράμματα
1821 559 1980 636 ἧκεν,

400 668 563 729 εὐθὺς
621 665 722 736 τὴν
783 663 877 714 ἐπὶ
929 660 1164 713 θάνατον
1231 656 1458 726 ἄγεσθαι
1513 657 1641 721 τούς
1695 659 1982 728 μάρτυρας

400 757 705 813 ἐπιτάττει.
749 754 812 807 Oi
855 751 910 804 δὲ
944 749 1020 820 τῷ
1049 749 1146 802 τοῦ
1173 748 1410 819 σταυροῦ
1451 752 1610 819 τύπῳ
1641 749 1981 820 φραξάμενοι

400 851 628 922 ἐξῄεσαν
653 845 714 900 οὖ
725 863 794 899 τω
825 843 1085 912 φαιδρῶς,
1112 841 1261 895 ὥσπε
1271 859 1302 911 ρ
1326 841 1386 894 οὐ
1411 841 1546 910 πρὸς
1574 841 1982 905 θέωατονγάλλά

403 943 540 1014 πρὸς
569 941 716 1009 ζωὴν
747 938 974 1008 μᾶλλον,
1000 936 1137 1006 ὅπερ
1168 936 1262 987 καὶ
1293 933 1492 1004 ἀληθὲς
1514 929 1605 1004 ἦν,
1635 934 1735 1005 τὴν
1756 935 1982 987 αἰωνίαν

399 1031 748 1101 καλούμενοι,
773 1029 870 1081 καὶ
895 1026 1056 1090 ἄλλος
1083 1027 1242 1080 ἄλλον
1274 1026 1590 1096 προφθάσαι
1612 1025 1982 1094 φιλονεικοῦνο

399 1141 491 1187 τες
519 1124 614 1177 καὶ
638 1123 738 1192 τὴν
769 1121 943 1191 καλὴν
973 1118 1211 1188 ἅμιλλαν
1244 1118 1642 1188 ἁμιλλώμενοι,
1676 1119 1981 1180 δεδοικότες

403 1216 480 1288 μὴ
515 1215 733 1285 Νέρωνι
783 1213 1142 1285 μεταμελήσῃ
1190 1212 1290 1280 τῆς
1331 1212 1680 1278 ἀποφάσεως.
1735 1214 1831 1265 καὶ
1883 1212 1979 1266 τοῦ

401 1308 679 1378 μακαρίου
728 1305 918 1368 τέλους
951 1301 1376 1371 ἀπολειφθῶσιν.
1431 1302 1654 1374 Ἐπειδὴ
1683 1302 1741 1357 δὲ
1789 1301 1982 1374 Κυρίῳ

400 1395 885 1468 ἐξομολογούμενοι
920 1396 1015 1447 τὶν
1049 1395 1148 1464 τῆς
1170 1393 1506 1457 τελειώσεως
1536 1393 1840 1448 κατέλαϐον
1892 1393 1983 1446 τό-

399 1509 523 1553 πον,
553 1490 830 1560 φθονήσας
860 1488 888 1540 ό
913 1487 1146 1556 πονηρὸς
1174 1487 1524 1553 Χριστιανοῐς
1545 1485 1640 1554 τῆς
1660 1484 1982 1556 εὐεργεσίας

399 1583 579 1635 πείθει
611 1583 738 1644 τοὺς
770 1581 1000 1649 δημίους
1052 1579 1329 1632 ἀπελάσαι
1385 1576 1655 1648 πρότερον
1707 1579 1830 1640 τοὺς
1865 1578 1984 1630 ἐκεῖ

401 1677 678 1746 παρόντας
733 1672 1027 1736 θεοσεϐεῖς,
1083 1673 1167 1724 ἵνα
1209 1671 1284 1742 μὴ
1313 1670 1408 1724 τοῦ
1444 1670 1730 1740 -ἀγιασμοῦ
1761 1671 1980 1732 πάντως

399 1766 494 1820 τοῦ
525 1765 920 1835 ὲκκενουμένου
973 1763 1206 1832 αἵματος
1239 1762 1349 1815 τῶν
1400 1763 1576 1830 ἁγίων
1622 1762 1980 1832 παραπολαύ-

403 1876 573 1922 σαιεν,
610 1859 705 1911 καὶ
757 1855 901 1909 οὕτω
952 1855 1052 1918 τὰς
1087 1853 1195 1907 τῶν
1236 1853 1532 1924 μαρτύρων
1561 1854 1858 1924 ἀποτεμεῖν
1888 1869 1982 1906 κε·-

401 1952 599 2023 φαλάς.
646 1949 786 2002 Ἀλλ’
818 1947 1027 2019 ἐσφάλη
1054 1949 1151 2014 τῆς
1184 1947 1420 2010 ἐλπίδος,
1456 1946 1558 2000 κᾶν
1591 1947 1766 2000 ταῦτα
1797 1947 1825 2000 ό
1854 1963 1984 2017 μια-

404 2045 496 2111 ρος
527 2043 619 2098 καὶ
649 2041 806 2111 ὀλίγα
841 2043 940 2108 τῆς
986 2038 1255 2109 πονηρίας
1283 2038 1561 2093 ἀπώνατο.
1616 2040 1696 2092 Τὰ
1739 2041 1848 2109 γὰρ
1872 2040 1981 2092 τῶν

403 2103 575 2206 ἀγίων
604 2103 762 2206 τίμια
793 2103 1041 2202 λείψανα,
1078 2103 1358 2195 Ναζαρίου
1393 2133 1537 2201 φημὶ⁹
1565 2132 1658 2184 καί⁵
1681 2103 1980 2201 Γερϐνασίου

402 2230 501 2280 σὺν
551 2229 664 2289 τοῖς
697 2224 1003 2289 συνάθλοις,
1038 2221 1356 2292 Χριστιανοί
1383 2239 1525 2285 τινες
1551 2226 1653 2275 οὐκ
1697 2221 1850 2276 ἀθεεὶ
1883 2220 1982 2293 μὲν

399 2319 735 2387 κινηθέντες,
792 2315 970 2385 λάθρα
999 2315 1056 2368 δὲ
1103 2314 1425 2384 ὑφελόμενοι
1465 2315 1619 2383 παρὰ
1644 2316 1708 2385 τῇ
1744 2317 1842 2385 τῆς
1877 2314 1977 2367 πό-

393 2414 536 2474 λεως
554 2412 698 2482 πύλη
720 2412 754 2482 ἡ
771 2411 867 2463 καὶ
897 2408 1148 2479 Ῥωμαία
1165 2409 1432 2472 καλειται,
1446 2411 1643 2478 τιμίως
1663 2407 1977 2473 κατέθεντο,

396 2503 1001 2573 τεσσαρεσκαιδεκάτην
1049 2501 1173 2554 τότε
1223 2501 1317 2554 τοῦ
1364 2501 1697 2570 Ὀκτωϐρίου
1754 2500 1980 2570 ἐπέχον-

397 2615 509 2659 τος.
554 2597 750 2665 Ὀλίγῳ
778 2595 834 2648 δὲ
866 2594 1094 2664 ὕστερον
1132 2595 1183 2648 oi
1219 2593 1350 2648 θεῖοι
1396 2595 1673 2665 μάρτυρες
1706 2594 1841 2665 δναρ
1871 2595 1982 2647 τινὶ

395 2687 508 2740 τῶν
559 2685 982 2757 φιλομαρτύρων
1036 2685 1360 2748 ἐπιστάντες
1409 2685 1507 2754 τὴν
1556 2685 1664 2738 τῶν
1712 2686 1979 2755 σωμάτιον

397 2780 670 2849 ἀνάληψιν
694 2779 1037 2848 ὲγγυώμενοι
1067 2778 1239 2846 ἁγίων
1263 2777 1436 2848 τούτῳ
1461 2781 1554 2832 καὶ
1577 2779 1979 2850 φιλανθρώπων

390 2873 586 2944 ψυχῶν
623 2871 752 2924 ἴδιον
784 2871 880 2940 οὐχ
926 2870 1014 2925 ίνα
1043 2871 1198 2924 αὐτοὶ
1225 2868 1547 2937 δοξασθῶσι,
1590 2871 1706 2936 πῶς
1739 2872 1848 2941 γάρ
1875 2890 1890 2939 ;
1926 2873 1982 2926 οἵ

2084 476 2340 543 publice.

2157 569 2251 624 IX.
2287 572 2585 644 Postquam
2617 576 2707 632 hac
2727 577 2926 634 littera:
2950 592 3223 637 venerunt
3243 583 3310 638 ad
3332 585 3658 646 Anulinum.

2079 661 2240 730 jubet
2275 669 2462 721 statim
2499 668 2566 722 ad
2606 679 2837 726 mortem
2869 673 2998 729 duci
3034 687 3326 749 martyres.
3359 680 3436 734 Illi
3474 693 3656 736 autem

2085 756 2284 808 muniti
2325 758 2495 827 llgura
2549 762 2752 828 crucis,
2786 764 3082 821 admodum
3132 769 3242 824 Ιωιί
3287 771 3566 836 exierunt,
3602 782 3661 826 ut

2084 847 2178 916 qui
2215 862 2326 902 non
2373 850 2440 904 ad
2481 862 2734 919 mortem,
2793 855 2889 910 sed
2930 857 2998 911 ad
3035 859 3202 914 vitam
3251 863 3434 929 potius
3490 864 3660 933 (quod

2082 949 2276 989 verum
2303 939 2443 1008 erat)
2468 950 2729 996 aeternam
2770 959 3144 1004 vocarentur:
3169 959 3224 1004 et
3257 955 3663 1012 contendebant

2085 1028 2235 1084 alius
2285 1031 2456 1088 alium
2514 1037 2843 1104 praevenire,
2898 1047 2955 1094 et
3005 1042 3242 1110 pulchro
3303 1045 3663 1104 decertabant

2083 1123 2408 1187 certamine,
2446 1125 2704 1183 timentes
2753 1145 2824 1184 ne
2872 1131 3145 1190 Neronem
3201 1152 3314 1194 suae
3365 1141 3663 1209 pmniteret

2083 1215 2395 1280 sententiae,
2437 1225 2495 1271 et
2545 1217 2772 1275 beatum
2827 1221 2992 1279 tinem
3038 1242 3151 1282 non
3209 1244 3660 1300 assequerentur.

2084 1305 2383 1377 Postquam
2422 1319 2606 1368 autem
2642 1314 2875 1372 Domino
2901 1320 3257 1384 confitentes.
3286 1337 3665 1393 pervenerunt

2084 1400 2152 1454 ad
2208 1401 2387 1456 locum
2442 1411 2958 1479 consummationis,
3007 1413 3274 1471 invidens
3326 1418 3666 1475 Christianis

2084 1493 2358 1562 malignus
2393 1497 2742 1566 beneﬁcium,
2769 1509 3062 1574 persuadet
3083 1509 3392 1578 lictoribus,
3422 1524 3481 1568 ut
3509 1515 3663 1583 prius

2082 1587 2372 1657 abiget-ent
2402 1591 2543 1661 pios,
2577 1596 2671 1664 qui
2711 1597 2824 1652 illic
2863 1600 3116 1666 aderant,
3147 1619 3216 1658 ne
3255 1606 3483 1661 omnino
3515 1608 3660 1662 frue-

2084 1687 2277 1731 rentur
2340 1684 2777 1743 sanctilicatione
2840 1693 3127 1761 sanguinis
3165 1707 3505 1758 sanctorum.
3560 1699 3661 1768 qui

2085 1771 2497 1841 effundebatur,
2529 1787 2587 1833 et
2625 1779 2705 1835 sic
2739 1793 3041 1854 martyrum
3075 1788 3251 1856 capita
3283 1798 3660 1856 amputarent.

2080 1859 2194 1917 Sed
2241 1863 2322 1920 sic
2375 1882 2596 1938 quoque
2669 1887 2700 1926 a
2750 1887 2848 1944 spe
2896 1875 3107 1932 decidit
3159 1879 3554 1942 exsecrandus.
3605 1892 3663 1936 et

2086 1969 2280 2023 parum
2315 1961 2590 2015 commodi
2619 1965 2834 2033 accepit
2867 1981 2933 2021 ex
2988 1968 3364 2038 improbitate.
3401 1974 3662 2030 Pretiosa:

2083 2045 2231 2099 enim
2289 2061 2611 2108 sanctorum
2682 2057 2952 2128 reliquiae,
3000 2061 3242 2131 Nazarii,
3304 2064 3550 2136 inquam,
3604 2076 3662 2124 et

2083 2136 2331 2194 Gervasii
2363 2157 2490 2197 cum
2525 2147 2714 2216 sociis,
2740 2166 2771 2204 a
2801 2150 3134 2210 Christianis
3163 2156 3525 2226 quibusdam,
3547 2177 3658 2217 non

2084 2232 2207 2286 sine
2256 2232 2356 2289 Dei
2411 2239 2639 2295 numine
2696 2244 2881 2308 motis,
2929 2247 3070 2302 clam
3128 2249 3344 2315 ablata,
3395 2253 3660 2322 depositae

2081 2341 2212 2386 sunt
2243 2333 2549 2390 honoriﬁce
2579 2333 2726 2404 apud
2771 2346 2987 2407 portam
3044 2339 3312 2409 civitatis,
3341 2358 3464 2413 qua:
3492 2347 3661 2402 etiam

2081 2435 2314 2478 vocatur
2345 2425 2612 2492 Romana,
2643 2438 2842 2499 quarto
2896 2431 3113 2488 decimo
3148 2438 3659 2495 mensisOctobris.

2081 2515 2254 2572 Paulo
2305 2527 2430 2588 post
2463 2529 2646 2576 autem
2701 2522 2877 2579 divini
2920 2536 3192 2597 martyres
3229 2528 3286 2584 in
3321 2532 3534 2588 somnis
3567 2549 3663 2602 apo

2083 2620 2281 2679 parent
2315 2612 2534 2666 cuidam
2581 2630 2649 2670 ex
2681 2615 2750 2671 iis
2784 2620 2880 2686 qui
2917 2627 3079 2674 erant
3127 2621 3287 2676 amici
3334 2633 3662 2696 martyrum,

2077 2703 2360 2773 iubentes,
2401 2713 2461 2759 ut
2489 2720 2685 2761 eorum
2720 2723 2953 2779 corpora
3003 2722 3333 2770 assumeret.
3365 2715 3661 2787 Proprium

2082 2806 2168 2852 est
2217 2797 2324 2852 hoc
2361 2809 2676 2855 sanctarum
2714 2812 2771 2858 et
2797 2803 3171 2876 benignarum
3205 2808 3517 2863 animarum
3549 2827 3660 2866 non

2085 2898 2146 2942 ut
2177 2887 2280 2957 ipsi
2321 2891 2728 2961 gloriﬁcentur,
2763 2895 3068 2966 (quomodo
3102 2900 3276 2964 enim,
3305 2903 3400 2971 qui
3425 2905 3663 2974 propter

397 2981 463 3032 γε
479 2962 579 3018 ιδιά
614 2964 710 3029 τὴν
749 2963 928 3015 ὲκείθε
965 2960 1345 3031 μακαριότητα
1391 2961 1572 3033 πάσης
1611 2966 1713 3033 τῆς
1740 2963 1977 3018 ἐνταῦθα

2083 2995 2226 3041 eam,
2263 2960 2387 3050 quae
2427 2984 2539 3039 illic
2579 2994 2688 3050 est,
2717 2988 3149 3058 beatitudinem,
3199 3005 3662 3065 contempserunt

387 3055 552 3126 δόξης
583 3054 952 3123 ὑπεριδόντες,
979 3055 1092 3107 ἀλλ’
1117 3053 1202 3106 ἵνα
1222 3055 1290 3124 τῇ
1319 3053 1536 3123 εὑρέσει
1570 3056 1696 3119 τοὺς
1729 3055 1979 3126 φιλευσε-

2083 3086 2324 3136 omnem,
2349 3089 2471 3143 qua:
2496 3085 2579 3129 est
2629 3077 2742 3141 hic,
2769 3079 3055 3152 gloriam?)
3083 3053 3178 3136 sed
3209 3091 3275 3137 ut
3309 3053 3502 3153 piis-ac
3529 3086 3661 3140 reli-

399 3150 512 3212 εείς
545 3149 923 3218 ὼφελήσωσιν.
970 3147 1027 3202 Ὅ
1049 3149 1106 3201 δὲ
1134 3151 1198 3220 τῇ
1231 3148 1352 3220 ὄψει
1382 3150 1500 3202 λίαν
1527 3151 1714 3220 ἡσθείς
1742 3152 1980 3214 ἀναστὰς

389 3240 559 3304 ,εὐθὺς
579 3243 648 3296 τά
673 3259 728 3294 τε
750 3241 881 3309 ἆγια
906 3241 1134 3311 λείψανα
1160 3243 1474 3312 σεϐασμίως
1499 3243 1712 3297 ἐκεῖθεν
1735 3245 1978 3314 ἀναλαμ-

398 3335 576 3398 ϐάνει,
611 3337 701 3388 καὶ
734 3334 811 3403 τῷ
846 3334 959 3404 ἰδίῳ
991 3334 1352 3404 παρατίθεται
1392 3335 1548 3407 οἴκῳ.
1589 3333 1742 3390 Οἶδεν
1773 3339 1804 3408 ἡ
1833 3338 1978 3391 ὲκεί-

389 3446 492 3484 ,νου
517 3428 814 3497 παρημένη
838 3426 1084 3496 θυγάτηρ
1108 3427 1170 3480 τὺ
1193 3427 1414 3496 γεγονὸς
1434 3434 1502 3498 τῇ
1535 3429 1644 3481 τῶν
1681 3431 1980 3500 μαρτύρων

398 3521 693 3588 ἑπιστασίᾳ
719 3518 814 3589 τὴν
863 3521 1138 3588 προτέραν
1169 3519 1332 3584 εὐθὺς
1380 3521 1566 3591 ρεὖσιν
1602 3522 1974 3580 ἀπολαϐοῦσα.

411 3613 700 3666 Ἐλάνθανε
727 3611 827 3682 μὲν
855 3608 949 3664 οὖν
973 3614 1000 3663 ό
1030 3614 1137 3664 τῶν
1169 3613 1520 3682 μαρτυρικῶν
1543 3615 1764 3668 ἐκείνων
1786 3615 1980 3683 λειψά-

398 3724 504 3759 νων
531 3704 825 3773 θησαυρὸς,
875 3705 932 3756 ὲν
959 3704 1036 3773 τῷ
1087 3706 1180 3757 τοῦ
1207 3704 1397 3773 ἀνδρὸς
1431 3706 1566 3774 οἴκῳ
1599 3709 1980 3778 κρυπτόμενος

397 3801 502 3861 ἕως
533 3801 625 3854 ἐπὶ
647 3799 738 3852 τὸν
769 3797 942 3867 μέγαν
968 3798 1268 3864 Θεοδίσιον,
1298 3798 1356 3862 ὃς
1389 3800 1447 3864 ἐξ
1484 3801 1726 3871 Ἰϐηρίας
1760 3803 1859 3871 τῆς
1885 3803 1979 3855 νῦν

409 3888 687 3950 Ἱσπανίας
720 3887 1066 3957 καλουμένης
1095 3880 1244 3940 εἷλκε
1271 3887 1331 3940 τὸ
1366 3888 1543 3956 γένος,
1576 3887 1646 3940 τά
1687 3888 1980 3960 Ῥωμαίων

403 3981 667 4050 μετέπεσε
699 3980 974 4049 σκῆπτρα.

473 4074 531 4127 l'.
578 4073 732 4125 Ἐπεὶ
751 4071 810 4124 δὲ
842 4068 994 4136 οὗτος
1020 4072 1164 4140 μετά
1191 4075 1291 4142 τὴν
1318 4075 1617 4140 Οὐάλεντος
1648 4078 1740 4130 τοῦ
1777 4079 1980 4150 θεομά-

396 4184 496 4236 χου
533 4166 673 4220 κατά
699 4165 797 4237 τὴν
834 4165 1058 4236 Θρᾴκην
1087 4167 1193 4220 ὑπὸ
1230 4168 1340 4221 τῶν
1377 4167 1671 4241 βαρϐάρων
1697 4173 1977 4242 ἀναίρεσιν

400 4260 491 4310 ἐπὶ
519 4258 620 4326 τῆς
649 4258 824 4328 ἀρχῆς
855 4258 1116 4330 κατέστη,
1149 4259 1218 4313 τά
1254 4262 1382 4330 περὶ
1413 4262 1470 4313 τὺ
1493 4261 1651 4316 Θείόν
1685 4280 1743 4316 τε
1771 4265 1978 4332 ἀγαθὸς

399 4350 556 4420 εἴπερ
601 4366 687 4410 τις
734 4349 920 4420 ἔτερος
960 4343 1050 4420 ἦν,
1092 4351 1185 4402 καὶ
1219 4349 1283 4421 δὴ
1312 4350 1406 4404 καὶ
1443 4352 1740 4424 μαρτύρων
1789 4360 1979 4425 τιμαῖς

395 4441 846 4509 εὐφραινόμενος·
881 4441 1003 4496 τότε
1036 4441 1130 4494 καὶ
1162 4442 1230 4494 τὰ
1257 4444 1384 4512 iapix
1406 4444 1614 4498 τούτων
1641 4446 1871 4516 λείψανα
1908 4452 1974 4518 τῇ

402 4533 746 4586 Μεδιολάνων
771 4531 1159 4602 θησαυρίζεται
1179 4535 1462 4606 ἐκκλησίᾳ,
1487 4538 1788 4606 Νειζπιρίου⁸
1809 4544 1974 4611 φημι,

398 4630 494 4683 καὶ
528 4628 843 4699 Γερϐασίου,
866 4631 1169 4699 Προτασίυυ
1199 4647 1255 4682 τε
1287 4633 1378 4683 καὶ
1413 4633 1666 4698 Κελσίου,
1690 4637 1800 4688 τῶν
1826 4656 1982 4710 περιο

401 4722 648 4776 ϐλίπτων
682 4721 775 4775 τοῦ
823 4723 1059 4791 Χριστοῦ
1096 4723 1415 4795 μαρτύρων.
1455 4727 1612 4787 Τίνες
1665 4729 1721 4782 δὲ
1780 4732 1873 4784 καὶ
1930 4735 1978 4785 oi

402 4815 530 4883 crept
577 4814 677 4884 τὴν
733 4815 1104 4884 μετακομιδὴν
1154 4815 1360 4870 τούτων
1391 4818 1484 4871 καὶ
1537 4819 1638 4889 τὴν
1686 4821 1980 4876 κατάθεσιν

399 4908 880 4975 ὐπουργήσαντεςς
903 4904 1228 4973 Ἀμϐρόσιος
1260 4907 1287 4958 ό
1311 4907 1408 4977 τὴν
1431 4910 1630 4980 ἀρετὴν
1657 4914 1981 4984 περιϐόητος

397 5000 490 5050 καὶ
510 4997 606 5066 τῆς
629 4996 737 5048 τῶν
763 4996 1111 5050 Μεδιολάνων
1139 4998 1469 5072 Ἐκκλησίας
1483 5004 1602 5055 τότε
1636 5008 1748 5068 τοῖς
1770 5007 1980 5078 θρόνοις

396 5084 898 5160 ὲμπρέπων.οὑτος
922 5088 988 5158 δὴ
1013 5088 1228 5159 πρῶτος
1248 5085 1578 5164 έλέῐτούργει
1602 5099 1666 5168 τῇ
1684 5103 1980 5178 ’μεταθέσει

387 5187 496 5241 οὐκ
529 5185 799 5247 ἀνίπτοις,
837 5183 864 5236 δ
907 5184 1149 5251 λέγεται,
1185 5188 1398 5256 χερσὶν,
1435 5189 1572 5242 ἀλλὰ
1598 5193 1692 5244 καὶ
1721 5192 1844 5246 λίαν
1878 5213 1980 5251 κα-

397 5278 593 5349 θαραῖς
623 5279 690 5331 τὰ
724 5275 942 5345 καθαρά
967 5279 1358 5347 πιστευόμενος
1379 5297 1392 5310 ·
1420 5282 1552 5352 πρὸς
1577 5283 1635 5340 δὲ
1659 5288 1753 5340 καὶ
1777 5288 1979 5360 κλῆρός

397 5372 543 5434 ἄπας
567 5373 660 5424 καὶ
688 5371 738 5423 οἱ
764 5371 822 5422 ἐν
861 5367 1003 5422 τέλει
1035 5369 1308 5437 γλώσσαις
1337 5374 1611 5442 ᾁδούσαι·,
1643 5381 1798 5449 χερσὶ
1834 5381 1976 5450 λαμ-

397 5465 571 5527 πάδας
595 5462 912 5535 φορούσαις,
932 5463 1000 5515 τὰ
1023 5462 1204 5532 πολλῷ
1229 5465 1389 5520 πλέον
1409 5468 1516 5522 τῶν
1537 5470 1838 5541 λαμπάδων
1864 5481 1978 5540 τοῖς

397 5558 641 5627 θαύμασι
693 5557 1090 5627 διαλάμποντα.
1128 5557 1334 5626 Τυφλοὶ
1383 5561 1483 5630 μὲν
1531 5564 1641 5636 γὰρ
1673 5566 1778 5630 ἕως
1813 5569 1978 5623 αὐτὸν

396 5649 908 5720 χειραγωγηθέντες
962 5648 1078 5715 φῶς
1113 5665 1171 5701 τε
1207 5649 1369 5714 εὐθὺς
1415 5649 1577 5720 εἶδον,
1619 5657 1716 5708 καὶ
1743 5660 1840 5731 οὐχ
1873 5662 1978 5716 ὑπὸ

395 5739 725 5814 χειραγωγῷ
758 5738 974 5793 ἔϐαινον
1007 5741 1108 5805 ἔτι⁹
1145 5741 1281 5794 ἀλλὰ
1327 5746 1452 5810 τοὺς
1501 5747 1711 5806 ἑαυτῶν
1761 5754 1973 5825 ἔχοντες

662 5832 939 5897 Ρετιοι..
971 5836 1088 5898 Gn.
1125 5837 1344 5902 CXVI.

2086 3163 2256 3233 giosis
2300 3165 2631 3233 prodessent
2677 3169 3022 3227 inventione.
3070 3172 3169 3228 ’llle
3209 3183 3395 3230 autem
3446 3177 3662 3233 visione

2085 3255 2243 3310 valde
2280 3257 2516 3322 laetatus,
2554 3261 2736 3315 statim
2764 3277 3019 3333 surgens,
3057 3273 3113 3320 et
3146 3282 3272 3322 cum
3304 3272 3660 3327 veneratione

2076 3346 2239 3403 illinc
2276 3360 2495 3406 sanctas
2548 3353 2782 3408 assumit
2817 3355 3102 3426 reliquias,
3147 3368 3202 3414 et
3248 3359 3398 3417 domi
3430 3378 3541 3418 suae
3567 3365 3656 3420 dc-

2085 3444 2262 3514 ponit.
2291 3445 2456 3499 Novit
2485 3446 2632 3516 quod
2656 3446 2859 3502 factum
2887 3449 3072 3505 fuerat
3103 3451 3221 3522 ejus
3239 3451 3370 3517 mia,
3396 3470 3518 3525 qua:
3543 3468 3658 3513 crat

2085 3539 2422 3610 paralylica;
2459 3557 2583 3596 nam
2615 3541 2853 3598 adventu
2889 3555 3190 3617 martyrum
3225 3547 3467 3618 priorem
3499 3567 3660 3607 recu-

2086 3631 2296 3700 peravit
2343 3630 2744 3688 valetudinem.
2782 3633 2960 3704 Atque
3009 3635 3172 3691 latuit
3199 3638 3420 3708 quidem
3454 3652 3659 3714 marty-

2085 3722 2324 3776 ricarum
2371 3725 2731 3793 reliquiarum
2785 3727 3078 3784 thesaurus
3116 3732 3425 3790 absconsus
3458 3736 3511 3790 in
3541 3739 3661 3806 ejus

2083 3817 2317 3882 aedibus,
2367 3817 2548 3873 donec
2599 3819 2669 3873 ad
2718 3835 2975 3891 magnum
3022 3823 3415 3891 Theodosium,
3463 3829 3557 3895 qui
3592 3843 3659 3883 ex

2087 3908 2288 3973 lbcria,
2335 3925 2458 3979 quae
2506 3926 2655 3965 nunc
2690 3911 2948 3981 llispania
2990 3913 3216 3979 dicitur,
3255 3917 3414 3972 duxit
3459 3933 3658 3989 genus,

2085 4013 2459 4072 pervenerunt
2494 4011 2712 4072 sceptra
2748 4005 2979 4059 Romani
3015 4007 3258 4076 imperii.

2156 4093 2223 4146 x.
2255 4091 2392 4147 Cum
2428 4105 2612 4149 autem
2655 4097 2699 4151 is
2726 4107 2851 4166 post
2888 4098 2982 4152 Dei
3041 4099 3256 4155 hostem
3299 4102 3603 4162 Valentem.
3629 4123 3658 4162 a

2085 4186 2341 4242 barbaris
2371 4187 2426 4242 in
2455 4187 2689 4244 Thracia
2727 4190 3081 4246 interfectum
3101 4233 3115 4256 ,
3145 4201 3292 4248 esset
3321 4196 3660 4252 constitutus

2086 4279 2402 4347 imperator,
2439 4289 2495 4334 et
2521 4279 2574 4334 in
2619 4281 2788 4335 Deum
2821 4291 2939 4336 erat
2973 4284 3116 4352 pius,
3148 4285 3192 4340 si
3228 4287 3374 4344 ullus
3418 4289 3580 4348 alius.
3605 4303 3660 4346 et

2086 4381 2390 4443 martyrum
2441 4373 2731 4428 laetabatur
2760 4375 3085 4442 honoribus,
3149 4385 3278 4435 tunc
3307 4396 3530 4452 quoque
3573 4398 3660 4438 sa-

2085 4480 2193 4518 crae
2247 4479 2440 4518 eorum
2489 4465 2756 4534 reliquiae.
2811 4477 3073 4536 tanquam
3109 4471 3423 4538 thesaurus,
3466 4490 3662 4532 recon-

2085 4557 2296 4611 duntur
2327 4558 2381 4612 in
2418 4560 2651 4615 ecclesia
2693 4559 3111 4631 Mediolanensi,
3139 4565 3376 4633 Nazarii,
3415 4569 3659 4640 inquam.

2084 4662 2137 4706 et
2174 4651 2443 4719 Gervasii,
2482 4655 2715 4710 Protasii
2749 4666 2802 4711 et
2831 4656 3019 4720 Cclsii,
3073 4661 3400 4733 inclytorum
3449 4662 3661 4719 Christi

2086 4755 2410 4816 martyrum.
2457 4749 2692 4813 Quinam
2742 4760 2926 4805 autem
2976 4753 3202 4807 fuerunt
3253 4755 3566 4811 administri
3604 4757 3657 4810 in

2085 4839 2482 4895 transferendis
2510 4850 2566 4895 et
2607 4842 2953 4912 deponendis
2986 4844 3072 4898 his
3107 4846 3396 4914 rvliquiis?
3424 4847 3658 4902 Ambro-

2083 4925 2197 4983 sius
2225 4929 2315 4984 ille
2348 4931 2550 4985 virtute
2599 4932 2803 4997 clarus,
2853 4943 2910 4988 ct
2961 4936 3054 5004 qui
3092 4946 3220 4989 tunc
3255 4939 3550 4994 decorabat
3573 4957 3659 4994 se-

2083 5018 2208 5072 dem
2261 5019 2517 5077 Ecclesiae
2549 5022 2996 5080 Mediolanensis.
3036 5025 3085 5080 Is
3126 5030 3338 5092 primus
3387 5041 3474 5086 est
3501 5048 3660 5089 exse-

2083 5120 2243 5166 cutus
2277 5113 2642 5168 ministerium
2673 5117 3070 5182 translationis,
3105 5128 3165 5171 ut
3216 5119 3302 5174 cui
3347 5136 3456 5175 non
3493 5122 3659 5179 illotis

2084 5203 2251 5271 (quod
2289 5203 2521 5275 dicitur)
2557 5207 2840 5274 manibus,
2865 5209 2961 5262 sed
3004 5208 3163 5261 valde
3201 5210 3421 5266 mundis
3455 5215 3658 5270 munda

2078 5295 2287 5352 fuerint
2319 5297 2551 5355 credita.
2584 5300 2856 5356 Praeterea
2890 5311 3076 5357 autem
3129 5301 3424 5360 universus
3476 5306 3658 5361 clerus

2079 5398 2136 5443 et
2164 5406 2357 5445 omnes
2387 5393 2762 5462 magistratus,
2794 5395 2998 5465 linguis
3033 5397 3266 5465 hymnos
3295 5411 3577 5462 canentes,
3602 5411 3660 5457 et

2079 5501 2216 5554 quas
2258 5485 2511 5539 manibus
2543 5487 2854 5555 gestabant,
2903 5489 3255 5558 lampadibus
3277 5507 3338 5546 ea
3369 5493 3657 5550 illustran-

2081 5586 2184 5642 tes,
2202 5591 2324 5647 qua!
2347 5587 2525 5632 tamen
2549 5580 2716 5648 magis
2736 5581 3016 5636 miraculis
3033 5583 3473 5653 resplendebant,
3491 5603 3655 5658 quam

2079 5671 2447 5742 lampadibus.
2491 5667 2794 5729 Nam'cazci
2825 5674 3052 5744 quidem
3107 5692 3274 5731 manu
3330 5681 3552 5736 deducti
3588 5682 3656 5740 ad

2079 5777 2172 5820 eas
2208 5775 2380 5835 usque
2411 5761 2691 5834 reliquias,
2719 5763 2902 5821 lucem
2955 5767 3140 5822 statim
3177 5780 3529 5843 aspexcrunt,
3557 5789 3661 5833 nee

3188 5863 3262 5928 29
