4142 6384
470 316 576 379 907

1616 316 2006 383 :iDDENDA.
2037 343 2109 353 -
2147 317 2498 380 OCTOBER

3632 311 3740 375 933

470 452 611 506 opus
641 435 880 505 amplius
909 430 1184 487 habebant
1214 445 1423 501 ai'quo,
1451 432 1553 502 qui.
1579 446 1675 487 eos
1705 449 1869 487 manu
1891 433 2059 490 dedu-

2169 433 2483 503 ὀφθαλμοὺς
2512 435 2762 503 ὀδηγουςο
2796 433 2983 504 χωλοὶ,
3033 432 3184 504 μόλις
3212 432 3303 502 ὑφ’
3336 430 3541 505 ἐτέρων
3577 448 3741 484 κεκο-

474 538 648 589 eeret.
686 527 782 581 sed
831 542 961 580 suos
1015 525 1296 581 habebant
1347 524 1520 582 duces
1573 526 1783 581 oculos.
1828 524 2047 589 Claudi,

472 622 569 692 qui
605 621 692 673 vix
729 619 947 673 fuerant
977 621 1177 689 portati
1212 617 1281 672 ab
1334 618 1482 681 aliis,
1541 619 1782 687 propriis
1810 618 1928 673 suis
1964 635 2050 674 re-

472 711 834 769 vertebantur
866 710 1120 780 pedibus,
1151 708 1472 780 pernicibus
1507 708 1575 763 ad
1607 708 1969 774 currendum,
1996 718 2048 763 et

473 804 612 875 aptis
644 803 709 858 ad
743 802 1075 859 saltandum.
1114 801 1408 872 Leprosos,
1446 802 1539 870 qui
1573 799 1629 854 in
1666 800 1931 869 templum
1961 815 2055 854 ve-

474 906 688 962 nerant,
726 897 921 949 domus
979 896 1192 965 aspexit
1245 894 1504 957 mundos,
1539 902 1595 948 et
1651 892 1972 961 quicunque
2022 908 2053 948 a

472 990 729 1061 malignis
757 990 1147 1045 detinebantur
1165 988 1475 1059 spiritibus,
1496 1003 1593 1042 eos
1613 1002 1834 1056 quoque
1854 985 2057 1041 licebat

472 1085 663 1139 videre
693 1083 956 1143 liberatos
984 1083 1053 1136 ab
1083 1082 1148 1136 iis
1175 1082 1267 1150 qui
1308 1085 1454 1150 ipsos
1492 1081 1784 1140 vexabant,
1818 1078 2056 1133 furiosa-

474 1193 581 1248 que
619 1187 674 1233 et
706 1177 950 1232 amentia
988 1190 1182 1231 eorum
1234 1175 1423 1238 verba,
1469 1188 1737 1228 conversa
1765 1172 1823 1228 in
1854 1171 2058 1242 gratia-

474 1287 599 1325 rum
643 1269 940 1335 actionem,
994 1278 1050 1324 et
1092 1266 1465 1325 communiter
1516 1264 1726 1322 Christi
1786 1275 2058 1333 martyres

475 1363 732 1419 laudibus
785 1361 1054 1419 celebrari
1103 1368 1157 1415 et
1224 1358 1521 1429 gloriﬁcari
1556 1358 1626 1413 ab
1665 1356 1951 1413 omnibus.
1997 1356 2057 1410 in

477 1470 571 1510 eos
611 1470 736 1509 cum
770 1468 1000 1524 magnus
1031 1450 1319 1507 incidisset
1350 1449 1700 1505 Theodosius
1729 1450 1886 1517 (tunc
1909 1448 2058 1504 enim

477 1546 673 1617 agebat
708 1544 1000 1601 Mediolani
1046 1544 1316 1599 adversus
1367 1551 1689 1613 tyrannum,
1738 1540 2058 1605 Maximum,

478 1642 726 1710 inquam,
750 1639 1088 1706 decertans),
1109 1653 1234 1692 cum
1259 1634 1759 1704 accepissctpartes
1777 1648 2059 1689 sacrarum

2158 527 2439 596 μισμὲνοι,
2483 530 2596 591 τοῖς
2630 527 2789 581 ποσὶν
2836 528 3078 598 ἐχρῶντο
3115 530 3227 589 τοῖς
3267 526 3418 588 ἰδίοις
3451 524 3742 595 εύδρόμοις

2158 618 2252 670 καὶ
2283 618 2544 682 ἀλτικοῖςο
2580 618 2816 689 λεπροὺς
2843 620 2922 688 τῷ
2954 619 3069 690 ναῷ
3102 617 3504 689 προσελθόντας
3531 619 3560 668 ὀ
3590 612 3743 680 οἰκος

2158 710 2436 780 καθαροὺς
2467 712 2734 767 ἐθεάσατο
2755 727 2770 742 ⁸
2822 714 2940 767 ὅσοι
2969 729 3029 765 τε
3060 712 3166 765 ὑπὸ
3193 710 3522 781 πνευμάτων
3555 710 3744 764 κατεί-

2158 820 2315 872 χοντο
2346 804 2620 874 πονηρῶν,
2637 807 2733 858 καὶ
2755 804 2978 868 τούτους
3001 806 3134 877 ὁρᾷν
3155 800 3221 875 ἦν
3246 803 3357 856 τῶν
3380 801 3744 873 ἐνοχλούντων

2159 896 2645 967 ἀπηλλαγμένους,
2675 898 2746 950 τὰ
2774 897 3077 967 παραφορὰ
3102 913 3161 949 τε
3194 896 3381 959 αὐτοῖς
3408 893 3506 948 καὶ
3540 894 3747 964 μανικά

2163 990 2385 1059 ῥήματα
2438 990 2520 1052 εἰς
2566 989 2919 1061 εὐχαριστίαν
2978 988 3387 1059 μεταϐληθέντα
3444 989 3539 1041 καὶ
3591 989 3744 1057 κοινῇ

2156 1086 2288 1147 τοὺς
2315 1082 2407 1136 τοῦ
2442 1083 2685 1155 Χριστοῦ
2727 1084 3014 1155 μάρτυρας
3050 1081 3158 1137 ὑπὸ
3191 1082 3413 1136 πάντων
3451 1080 3745 1150 δοξαζομέ-

2162 1192 2312 1239 νους.
2343 1173 2569 1239 Τούτοις
2601 1176 2632 1229 ὁ
2664 1176 2839 1245 μέγας
2878 1176 3195 1245 περιτυχὼν
3224 1172 3506 1235 Θεοδόσιος
3540 1171 3746 1241 (ὲνεδή-

2165 1285 2257 1339 μει
2307 1268 2419 1337 γὰρ
2466 1269 2589 1322 τότε
2629 1271 2698 1339 τῇ
2735 1268 3086 1323 Μεδιολάνων
3128 1267 3268 1338 πρός
3300 1283 3362 1319 τε
3409 1264 3628 1328 Σκύθας
3655 1265 3749 1318 καὶ

2162 1361 2254 1414 τὸν
2291 1358 2559 1431 τύραννόν
2600 1378 2748 1430 φημι
2794 1360 3047 1430 Μάξιμον
3079 1359 3560 1429 διαγωνιζόμενος)
3604 1359 3745 1430 μέρη

2160 1452 2272 1507 τῶν
2314 1453 2475 1523 ἰερῶν
2509 1453 2715 1507 τούτων
2762 1453 3035 1523 λειψάνων
3082 1454 3204 1509 ἀντὶ
3256 1454 3460 1515 παντὸς
3502 1452 3746 1522 λαφύρου

2163 1542 2309 1607 τινὸς
2359 1543 2393 1615 ἢ
2443 1544 2656 1616 λείαςῆ
2701 1545 2901 1614 μᾶλλον
2949 1546 3124 1622 είπιιῖν
3180 1544 3303 1598 ἀντὶ
3349 1544 3550 1606 παντὸς
3582 1544 3749 1598 ὅπλου

2166 1637 2261 1690 καὶ
2308 1637 2615 1706 ἀσφαλείας
2680 1642 2744 1710 τῇ
2789 1638 3026 1709 βασιλίδι
3080 1637 3320 1706 κομίζει,
3359 1631 3440 1696 οἷς
3495 1653 3557 1690 τε
3587 1636 3750 1700 αὐτὸς

480 1734 674 1788 harum
718 1733 1104 1802 reliquiarum,
1155 1746 1253 1800 pro
1301 1728 1648 1799 quibuslibet
1712 1725 1908 1795 spoliis
1965 1735 2059 1780 aut

2166 1726 2272 1782 εἶδε
2298 1730 2592 1794 πιστωθεὶς
2615 1729 2859 1801 θαύμασι
2880 1731 2974 1783 καὶ
2997 1731 3325 1799 συμμάχους
3348 1728 3489 1783 κατά
3526 1728 3749 1783 Σκυθῶν

474 1826 779 1892 manubiis,
841 1800 947 1880 aut
990 1826 1175 1895 potius
1220 1838 1321 1894 pro
1392 1821 1736 1891 quibuslibet
1783 1820 1955 1874 armis
2006 1828 2059 1874 et

2164 1822 2545 1893 ἁπροσμὰχως
2575 1800 2888 1892 πλουτήσας
2920 1823 3047 1886 τοὺς
3086 1822 3391 1893 μάρτυρας.

476 1920 858 1985 munimentis,
886 1919 940 1974 in
974 1917 1166 1973 urbem
1206 1915 1402 1972 detulit
1433 1916 1658 1985 regiam,
1697 1914 1767 1969 iis
1792 1930 1915 1983 quae
1940 1914 2055 1983 ipse
2097 1913 2258 1981 vidit,
2295 1918 2582 1973 miraculis
2612 1918 2995 1981 conﬁrmatus,
3028 1926 3084 1972 et
3152 1918 3421 1972 adversus
3496 1916 3747 1989 Scythas.

475 2013 657 2069 socios
687 2012 1140 2084 inexpugnabiles
1197 2018 1483 2066 assecutus
1515 2019 1805 2078 martyres.

548 2104 641 2162 Xl.
662 2106 804 2161 Ante
835 2106 981 2161 banc
1010 2118 1263 2175 magnam
1296 2102 1484 2173 itaque
1512 2102 1793 2157 civitatem
1815 2098 1894 2156 eis
1916 2100 2063 2155 exci-

477 2206 558 2252 tat
590 2198 880 2268 pulcbrum
922 2206 980 2253 et
1015 2197 1239 2266 elegans
1272 2194 1564 2264 templum,
1592 2202 1651 2248 et
1681 2194 1735 2248 in
1766 2208 1835 2249 eo
1870 2205 2059 2247 sacras

476 2301 780 2363 martyrum
830 2288 1093 2360 reliquias
1121 2287 1370 2357 deponit,
1418 2296 1682 2356 tanquam
1732 2286 2053 2341 thesaurum

474 2398 644 2451 super
674 2380 844 2437 millia
885 2380 1129 2449 (divinus
1157 2379 1295 2434 dicit
1327 2378 1496 2433 David
1521 2381 1564 2450 ’)
1582 2378 1699 2432 auri
1733 2386 1791 2432 et
1822 2376 2057 2447 argenti.

476 2474 567 2529 Ea:
605 2481 807 2544 praeter
835 2472 941 2526 alia
1000 2479 1409 2542 unguentorum
1433 2485 1655 2541 quoque
1688 2469 1869 2525 fontes
1890 2468 2056 2522 emit-

477 2574 607 2621 tunt
638 2563 1008 2627 abundantes,
1034 2579 1144 2620 non
1171 2563 1351 2620 solum
1400 2562 1731 2633 corporibus
1758 2562 2056 2627 salutares,

478 2658 578 2716 sed
606 2673 799 2714 eorum
831 2660 1022 2722 etiam,
1058 2656 1153 2727 qui
1185 2656 1470 2720 hauriunt,
1490 2655 1710 2729 animas
1740 2668 2056 2723 expurgan~

479 2764 602 2809 tes:
652 2761 713 2806 ut
770 2764 880 2804 non
936 2748 1114 2803 solum
1165 2747 1406 2802 habeant
1435 2746 1579 2817 apud
1611 2761 1670 2802 se
1700 2754 1969 2817 martyres
1995 2758 2062 2799 ea

477 2858 600 2915 qua}
629 2851 991 2911 acceperunt,
1042 2839 1138 2895 sed
1187 2838 1313 2894 aliis
1339 2854 1560 2909 quoque
1603 2853 1703 2893 sua
1737 2838 1881 2892 bona
1908 2852 2061 2891 com-

479 2934 784 2991 municent.
836 2932 926 2985 Sic
961 2930 1214 2986 Christus
1252 2928 1344 2984 hic
1383 2944 1606 3000 quoque
1637 2944 1734 2984 eos
1765 2925 2059 2997 gloriﬁcat,

477 3026 572 3097 qui
623 3026 778 3080 illum
839 3034 1185 3078 amaverunt.
1235 3021 1451 3076 Talium
1506 3020 1872 3074 certaminum
1922 3018 2062 3073 tales
2110 3012 2121 3022 ’

479 3119 574 3177 dat
637 3116 1143 3181 remunerationes,
1193 3113 1446 3184 quaedam
1512 3114 1741 3167 omnino
1786 3110 2059 3181 prommia

480 3212 629 3266 illius
679 3224 936 3280 superna:
991 3206 1374 3262 beatitudinis.
1425 3206 1595 3276 Cujus
1640 3204 1801 3259 nobis
1836 3218 2062 3275 quoque

479 3304 647 3359 liceat
691 3316 814 3356 esse
859 3299 1157 3370 participes
1186 3299 1363 3370 gratia
1409 3298 1743 3353 sanctissimi
1773 3305 1828 3349 et
1860 3295 2064 3351 viviﬁci

2237 2099 2343 2154 1A.
2388 2096 2606 2165 Ἀμέλει
2637 2099 2732 2151 καὶ
2763 2097 2889 2152 ναδν
2919 2098 3106 2160 αὐτοῖς
3148 2098 3255 2169 πρὸ
3302 2098 3400 2167 τῆς
3444 2096 3750 2169 μεγαλοπό-

2163 2189 2302 2253 λεως
2327 2192 2536 2258 ταύτης
2584 2189 2848 2259 χαρίεντά
2878 2207 2939 2244 τε
2970 2195 3064 2246 καὶ
3097 2190 3405 2262 περικαλλῆ
3448 2191 3748 2259 ἀνεγείρει,

2167 2286 2261 2337 καὶ
2280 2284 2456 2352 τούτῳ
2482 2284 2552 2338 τὰ
2583 2284 2705 2355 ἰερά
2725 2284 2953 2354 λείψανα
2982 2285 3091 2339 τῶν
3119 2284 3413 2356 μαρτύρων
3441 2284 3519 2346 ὡς
3546 2282 3750 2352 θησαυ-

2170 2377 2296 2447 ροὺς
2335 2376 2696 2447 κατατίθησιν
2752 2377 2893 2447 ὑπὲρ
2937 2377 3206 2447 χιλιάδας,
3254 2379 3283 2430 ὁ
3315 2377 3461 2433 θεῖος
3505 2376 3573 2430 ἂν
3624 2370 3748 2428 εἷπε

2166 2468 2351 2533 Δαυῖδ,
2379 2469 2599 2539 χρυσίου
2631 2470 2724 2523 καὶ
2752 2469 3042 2540 ἀργυρίου.
3067 2471 3148 2524 Τὰ
3169 2470 3226 2523 δὲ
3254 2469 3387 2540 πρὸς
3419 2470 3536 2531 τοῖς
3565 2468 3748 2530 ἄλλοις

2166 2561 2265 2617 καὶ
2304 2561 2495 2633 μύρων
2521 2560 2775 2631 ἀφθόνως
2823 2561 3133 2618 ἀναδιδοῦσι
3186 2563 3369 2631 πηγὰς
3414 2562 3477 2615 ού
3526 2561 3741 2630 σώματι

2172 2653 2338 2725 μόνον
2371 2652 2697 2724 σωτηρίους,
2730 2654 2868 2708 ἀλλὰ
2895 2656 2990 2708 καὶ
3034 2654 3235 2727 ψυχαῖς
3283 2656 3391 2708 τῶν
3425 2653 3747 2724 ἀρυομένων

2167 2745 2613 2817 καθαρτηρίους,
2687 2746 2775 2800 ἵνα
2831 2747 2908 2819 μὴ
2978 2747 3162 2818 μόνοις
3223 2750 3355 2816 παρ’
3408 2749 3632 2811 ἑαυτοῖς
3696 2746 3748 2800 οἰ

2170 2838 2453 2912 μάρτυρες
2505 2839 2653 2912 ἅπερ
2705 2842 3000 2912 εἰλήφασιν
3050 2842 3270 2912 ἔχωσιν,
3320 2842 3461 2898 ἀλλά
3511 2842 3749 2904 καὶτοῖς

2166 2930 2350 2993 ἄλλοις
2407 2924 2513 2984 ὦσι
2563 2931 2672 2985 τῶν
2722 2931 2946 2994 ἀγαθῶν
2993 2931 3267 2987 κοινωνοί.
3321 2932 3481 2988 Οὕτω
3534 2931 3746 2997 δοξάζει

2170 3021 2452 3077 κάνταῦθα
2489 3023 2728 3094 Χριστὸς
2753 3025 2881 3089 τοὺς
2909 3025 3117 3078 ἐκεῖνον
3152 3026 3536 3094 ἠγαπηκότας⁹
3565 3023 3748 3078 τοιού-

2167 3128 2280 3167 των
2331 3113 2561 3180 ἀγώνων
2602 3114 2861 3179 τοιαύτας
2907 3115 3128 3170 δίδωσιν
3179 3115 3436 3186 ἀμοιϐὰς,
3475 3116 3744 3187 προοίμιά

2165 3222 2290 3260 τινα
2336 3206 2557 3270 πάντως
2612 3211 2711 3278 τῆς
2766 3210 2981 3264 ἐκεῖθεν
3040 3211 3492 3284 μακαριότητοςο
3529 3207 3605 3265 ὧν
3645 3210 3746 3280 τῆς

2172 3300 2389 3370 μερίδος
2418 3302 2514 3354 καὶ
2563 3304 2715 3371 ἡμᾶς
2759 3305 2974 3372 γένοιτο
3003 3307 3214 3371 πάντας
3240 3308 3541 3377 ἀξιωθῆναι
3565 3308 3747 3379 χάριτι

481 3392 720 3462 Spiritus
756 3406 905 3446 nunc
939 3398 997 3445 et
1038 3405 1278 3459 semper,
1304 3398 1361 3445 et
1389 3390 1447 3444 in
1480 3390 1679 3445 saecula
1713 3388 2059 3444 saeevlorum.

2170 3391 2266 3445 τοῦ
2296 3394 2565 3460 παναγίου
2595 3397 2687 3450 καὶ
2714 3396 2984 3461 ζωοποιοῦ
3015 3398 3354 3468 Πνεύματος,
3380 3399 3478 3454 νῦν
3517 3402 3615 3455 καὶ
3660 3400 3751 3455 ἀεὶ

480 3484 674 3538 Amen.

512 3664 843 3678 ἰι-..κῃ

511 3681 845 3692 Μ

2172 3486 2264 3538 καὶ
2294 3485 2375 3548 εἰς
2404 3489 2534 3549 τοὺς
2567 3486 2769 3552 αἰῶνας
2797 3490 2908 3543 τῶν
2946 3490 3181 3545 αἰώνων.
3226 3491 3420 3563 Ἀμήν.

2814 3671 3736 3705 m

1221 3682 1933 3955 ﬁssis
2045 3797 2996 3960 OCTOBER.

1594 4157 1845 4244 ΒΙοΣ
1912 4154 2112 4245 ΚΑΙ
2160 4160 2711 4249 ΠΟΛΙΤΕΙΑ

872 4310 1330 4483 ΤΗΣ
1409 4309 2102 4486 ΟΣΙΑΣ
2187 4312 3360 4486 ΠΕΛΑΓΙΑΣ

1765 4562 1905 4619 ΤΗΣ
1941 4561 2030 4618 ΕΝ
2059 4564 2465 4639 ΑΝΤῙΟΧΕΙᾼ.

1415 4814 1699 4908 νιΤΑ
1773 4815 1923 4906 ΕΤ
1988 4817 2835 4916 CONVEBSATIO

489 5010 1284 5173 SANCTXE
1377 5015 2267 5178 PELAGIZE
2378 4938 3744 5186 ANTIOGHENZE.

1539 5281 1738 5345 (Surlus
1758 5287 1815 5334 ad
1840 5288 1868 5334 8
1894 5287 2117 5347 0ctohr.,
2135 5289 2242 5337 cod.
2274 5287 2399 5351 Reg.
2428 5301 2478 5338 n.
2506 5287 2673 5354 1512).

555 5517 597 5573 ι.
658 5519 980 5578 Muliebrem
1004 5524 1267 5582 virtutem
1317 5527 1646 5588 fortitudine
1682 5530 1929 5586 virorum
1981 5532 2059 5587 ni-

2242 5534 2322 5587 A'.
2394 5531 2717 5591 Γυναικείαν
2772 5531 2974 5601 ἀρετὴν
3034 5530 3134 5601 τῆς
3171 5530 3279 5583 τῶν
3333 5528 3544 5600 ἀνδρῶν
3598 5524 3758 5580 οὐδὲν

483 5609 562 5666 bii
605 5611 927 5670 inferiorem
958 5620 1218 5675 erunibus
1270 5638 1496 5681 narrare
1517 5634 1604 5681 est
1656 5625 1790 5682 utile
1813 5666 1827 5687 .
1863 5640 2059 5695 eoque,

2173 5624 2596 5695 ἀπολειφθεῖσαν
2618 5625 2751 5679 πᾶσι
2775 5623 3029 5691 διεξιέναι
3051 5621 3329 5687 λυσιτελὲς
3344 5624 3437 5676 καὶ
3454 5620 3754 5690 ὠφέλιμον,

566 5780 586 5808 ⁸
617 5778 763 5833 Psal.
808 5795 996 5838 cum.
1038 5783 1131 5841 72.
