4142 6384
416 335 519 397 909
1706 330 1879 393 VITA
1916 329 1973 390 S.
2016 330 2029 388 i

2131 326 2389 388 LAGL‘E.
3560 331 3666 394 910

415 455 509 510 καὶ
537 453 780 524 τοσοΰτῳ
799 452 1022 525 μᾶλλον,
1040 454 1258 524 ὅσῳπερ
1287 452 1549 522 ἀναλόγου
1581 453 1845 523 πρότερον
1873 451 1997 503 ἀντ-
2028 500 2029 503 η

2131 447 2273 517 magis
2300 484 2317 513 ,
2347 446 2494 516 quod
2532 445 2734 501 femina
2765 445 2883 503 haec
2910 444 3150 519 Pelagia,
3178 447 3246 503 de
3280 463 3386 519 qua
3421 450 3666 505 scribere

413 546 702 617 εισηνέχθη
764 546 985 608 κακίας.
1015 544 1174 599 Οὕτω
1196 546 1305 615 γὰρ
1334 546 1398 598 ἂν
1419 545 1479 598 τὸ
1516 545 1613 615 μὲν
1661 544 1769 597 τῶν
1818 543 1989 615 ἀρρέ-

2133 554 2240 595 unc
2283 539 2658 609 aggredimur,
2717 549 2826 595 tam
2873 541 3149 595 excellens
3209 551 3396 611 postea
3425 542 3661 609 exstitit,

415 653 522 691 νων
554 638 713 704 γένος
748 636 849 707 τὴν
880 635 975 689 τοὺ
1011 635 1201 706 θήλεος
1232 634 1638 704 ὑπερϐαλέσθαι
1688 633 1855 701 φύσιν
1900 649 1991 702 φι-

2134 647 2257 687 uam
2305 643 2467 687 antea
2506 633 2644 688 vitio
2677 632 2905 702 insignis
2935 632 3134 689 fuerat.
3169 633 3260 688 Sic
3302 635 3449 689 enim
3490 650 3664 705 genus

414 729 768 799 λοτιμήσαιτο
803 744 818 759 ’
855 729 1111 796 γυναῖκες
1143 727 1198 779 δὲ
1224 727 1320 794 τῆς
1342 726 1450 778 τῶν
1478 724 1755 794 συγγενῶν
1793 725 1993 794 ἀρετῆς

2135 721 2315 776 uidem
2343 724 2732 789 masculorum,
2769 723 2993 778 honoris
3019 738 3206 788 causa,
3252 725 3544 779 mulierum
3570 743 3666 780 na-

419 820 493 890 μὴ
518 821 915 889 ἀπολειφθῆναι
948 818 1036 871 διὰ
1060 818 1300 885 σπουδῆς
1320 818 1385 872 ἂν
1415 820 1732 887 ποιήσαιντο
1765 834 1779 848 '
1804 818 1996 871 ἐκατέ-

2131 829 2274 868 uram
2317 828 2582 882 superare
2615 813 2989 875 contenderit;
3032 814 3294 869 mulieres
3328 826 3512 870 autem
3551 826 3668 871 stu-

421 927 529 980 ρων
550 910 607 963 δὲ
640 909 1027 981 ὑπεξαιρεθείη
1048 910 1109 961 τὸ
1141 908 1241 976 τῆς
1272 910 1516 980 πονηρᾶς
1572 909 1739 975 ἕξεως
1790 909 1867 972 ὡς
1924 908 1993 962 τὰ

2138 906 2316 961 uerint
2362 904 2676 975 hujusmodi
2716 904 2933 959 feminae
2972 906 3177 959 virtute
3227 904 3517 962 inferiores
3554 924 3664 962 non

418 1003 593 1058 πολλὰ
619 1003 1118 1057 δυσαπόνιπτον.’0
1148 1003 1210 1071 δὴ
1237 1001 1334 1056 καὶ
1358 1003 1521 1064 αὐτὸς
1550 1003 1655 1073 πρὸ
1686 1001 1793 1056 τῶν
1818 1002 1996 1057 ἄλλων

2131 1013 2240 1054 sse.
2278 998 2524 1067 Uterque
2550 1011 2682 1051 vero
2709 1011 2873 1051 sexus
2927 998 3023 1051 tali
3051 998 3326 1066 exemplo,
3366 997 3435 1052 ab
3472 1014 3664 1053 earum

419 1096 574 1159 ειδὼς
602 1095 677 1148 τὰ
708 1096 849 1149 κατὰ
877 1094 980 1165 τὴν
1003 1096 1279 1165 μακαρίαν
1304 1093 1512 1164 ταύτην
1549 1093 1841 1159 Πελαγίαν,
1873 1094 1906 1162 ἢ
1937 1092 1999 1145 τὸ

2131 1106 2287 1148 erum
2317 1107 2439 1162 quae
2463 1106 2646 1161 parva
2674 1100 2822 1157 sunt,
2859 1092 3051 1146 habitu
3086 1092 3483 1147 removebitur.
3505 1094 3662 1160 Quod

420 1189 521 1258 τῆς
572 1187 708 1241 Θεοῦ
769 1187 1176 1258 φιλανθρωπίας
1237 1189 1370 1257 ἡμῖν
1430 1189 1694 1259 ἐγνώρισε
1737 1187 1994 1256 πέλαγος,

2131 1185 2261 1239 μιαιιθ
2318 1199 2442 1238 cum
2489 1184 2608 1254 ipse
2648 1200 2759 1253 pra;
2804 1184 3018 1239 caeteris
3069 1186 3442 1254 c0gnoverim,
3493 1188 3669 1256 ipsius

406 1258 634 1334 ’ἄνωθεν
663 1281 828 1347 εἴπω,
854 1281 950 1335 καὶ
980 1280 1336 1350 διηγήσομαι.
1833 1274 1837 1278 ’

2131 1276 2333 1346 ’elagiae
2363 1277 2551 1340 vitam,
2577 1292 2698 1346 quae
2735 1275 2828 1330 Dei
2856 1291 2985 1346 erga
3022 1277 3271 1333 homines
3319 1278 3673 1350 benignitatis

2100 1368 2326 1437 pelagus
2395 1368 2556 1423 nobis
2615 1368 2943 1438 explicavit,
2985 1370 3150 1425 altius
3198 1370 3494 1427 exordiens
3540 1389 3671 1427 nar-

458 1504 461 1507 .
2105 1462 2262 1516 rabo.

498 1555 574 1610 B'.
610 1554 759 1625 Αὕτη
793 1553 1028 1624 πατρίδα
1063 1552 1161 1622 μὲν
1211 1552 1336 1622 έῖῖχε
1387 1552 1482 1605 καὶ
1538 1550 1693 1605 πόλιν
1724 1550 1823 1621 τὴν
1881 1551 2003 1603 Ἀν-

2172 1553 2238 1608 ιι.
2273 1554 2348 1609 Ea
2396 1554 2628 1625 patriam
2669 1555 2890 1626 quidem
2932 1564 2987 1611 et
3021 1557 3298 1612 civitatem
3340 1557 3539 1612 habuit
3566 1559 3679 1610 An-

425 1648 606 1716 τιόχου
637 1661 652 1675 ·
689 1643 908 1713 πλούτῳ
948 1643 1006 1695 δὲ
1036 1643 1307 1711 γενομένη
1345 1642 1652 1712 περιφανὴς
1698 1642 1791 1695 καὶ
1818 1642 2003 1695 κάλλει

2131 1643 2386 1699 iochiam.
2421 1643 2557 1698 Cum
2584 1654 2731 1698 esset
2771 1652 2954 1698 autem
2992 1654 3048 1699 et
3091 1644 3303 1700 divitiis
3337 1645 3591 1715 insignis,
3622 1656 3679 1717 et

420 1722 735 1806 διαπρεπὴς
789 1735 891 1788 οὑκ
919 1735 1000 1795 είς
1045 1732 1207 1786 καλὸν
1245 1732 1323 1802 τῷ
1347 1732 1562 1801 πλούτῳ
1591 1733 1882 1802 ἐχρήσατο,
1913 1732 2005 1784 οὑ-

2131 1735 2308 1789 :ximia
2356 1735 2765 1804 pulchritudine
2794 1775 2808 1799 ,
2842 1752 2952 1790 non
2980 1748 3127 1791 recte
3164 1748 3261 1791 usa
3317 1744 3403 1790 est
3446 1737 3676 1803 divitiis,

422 1831 484 1883 ea
534 1827 793 1881 τοσοῦτον
812 1826 892 1896 τῷ
928 1825 1118 1880 κάλλει
1149 1823 1245 1877 τοῦ
1286 1823 1539 1892 σώματος
1589 1823 1825 1891 ἔνειμεν,
1878 1824 2004 1876 ὅσον

2131 1841 2287 1895 reque
2309 1792 2777 1896 pulchritudinem
2814 1828 3064 1896 corporis
3092 1827 3163 1881 ita
3191 1828 3455 1896 possedit,
3480 1836 3541 1884 ut
3569 1844 3676 1883 non

435 1922 510 1992 μὴ
541 1922 602 1973 τί»
626 1921 727 1989 τῆς
761 1919 940 1990 ψυχῆς
987 1916 1498 1988 παραὸλάπτεσθαι.
1569 1914 1728 1968 ’Δλλὰ
1775 1915 1839 1967 τὸ
1905 1914 2007 1984 μὲν

2131 1919 2400 1974 dederetur
2460 1919 2813 1988 pulchritudo
2854 1921 3069 1975 animae.
3113 1919 3221 1975 Sed
3275 1937 3400 1975 cum
3441 1922 3529 1975 illa
3563 1920 3683 1989 qui-

430 2013 653 2083 ἐπήνθει
677 2012 849 2083 ταύτῃ
872 2010 1028 2075 πολὺ,
1062 2009 1244 2079 πολλῷ
1271 2008 1369 2078 μὲν
1402 2008 1631 2081 κομὼσῃ
1659 2011 1738 2080 τῷ
1768 2007 2005 2078 φυσικῷ,

2131 2013 2234 2067 lem
2266 2012 2344 2066 illi
2378 2012 2703 2067 naturaliter
2751 2013 2911 2067 valde
2938 2012 3179 2079 ﬂoreret,
3236 2015 3477 2082 plurimo
3516 2015 3682 2068 etiam

433 2106 641 2159 πλείονι
663 2105 720 2159 δὲ
742 2104 1002 2176 χρωμένη
1032 2101 1109 2172 τῷ
1140 2101 1385 2172 τεχνητῷ
1413 2115 1430 2134 ⁸
1459 2101 1518 2154 τὸ
1561 2102 1619 2154 δὲ
1664 2102 1767 2172 τῆς
1828 2101 2008 2171 ψυχῆς

2131 2104 2680 2169 rtereturartiﬁcio,
2736 2104 3091 2173 pulchritudo
3143 2105 3340 2159 anima:
3380 2120 3686 2160 marcesce-

434 2198 665 2269 ἀπήνθει
690 2198 783 2252 καὶ
817 2196 1169 2266 ἐμαραίνετο.
1204 2194 1419 2265 Χρυσδς
1449 2194 1505 2247 δὲ
1547 2190 1615 2264 ἦν
1659 2193 1794 2265 αὐτῇ
1841 2193 2009 2257 πολὺς

2131 2203 2213 2250 crat
2249 2204 2305 2251 et
2331 2195 2710 2251 ﬂaccescebat.
2758 2197 2889 2252 Erat
2923 2212 3052 2251 vero
3097 2197 3148 2252 ei
3189 2198 3423 2251 multum
3457 2199 3684 2268 quidem

424 2290 538 2360 μὲν
559 2292 588 2344 ὁ
619 2291 681 2343 τι
711 2288 870 2359 σῶμα
886 2287 1131 2357 κοσμῶν,
1192 2286 1365 2350 πολὺς
1389 2286 1446 2339 δὲ
1477 2287 1573 2340 καὶ
1592 2288 1620 2337 ό
1644 2288 1766 2350 ταῖς
1798 2285 2009 2356 χρείαις

2131 2289 2265 2354 auri,
2325 2288 2471 2358 quod
2530 2303 2735 2357 corpus
2798 2289 3141 2354 exornabat,
3212 2291 3441 2344 multum
3503 2298 3687 2345 autem

438 2381 746 2453 ὒπηρετῶν,
779 2381 873 2433 καὶ
903 2379 1109 2450 πλῆθος
1141 2377 1451 2435 ἀκολούθων
1478 2379 1585 2431 τῶν
1622 2378 1721 2448 μὲν
1743 2394 2014 2449 προηγου-

441 2472 638 2541 μένων,
666 2472 785 2525 τῶν
809 2471 867 2525 δὲ
895 2471 989 2525 καὶ
1020 2470 1397 2539 ἐφεπομένων.
1439 2465 1534 2532 Οἷς
1556 2470 1620 2540 δὴ
1651 2471 1747 2523 καὶ
1780 2469 2013 2539 μάλιστα

372 2554 375 2559 ’
436 2565 496 2618 τὸ
537 2564 647 2618 τῶν
689 2564 882 2619 ποθῶν
915 2563 1119 2633 ἔχουσα
1178 2562 1291 2631 πῦρ
1322 2563 1705 2631 ἀναπτόμενον
1751 2564 1843 2615 καὶ
1882 2561 2014 2625 τοὺς

441 2656 670 2727 ἐραστὰς
687 2656 1007 2725 ὑπαγομένη
1034 2671 1096 2708 τε
1127 2654 1549 2717 καὶὲκκαίουσα,
1568 2656 1626 2707 ὲν
1648 2652 1900 2723 πόρναις,
1931 2654 2014 2706 ot-

432 2750 564 2822 μοιι
592 2751 764 2803 ἐτέλει
790 2749 888 2801 καὶ
919 2747 1112 2817 πρώτη
1145 2747 1257 2800 τῶν
1303 2750 1362 2800 έν
1416 2749 1481 2816 τῇ
1511 2746 1665 2799 πόλει
1724 2747 2015 2802 Μαινάδων

440 2839 863 2910 έπεγινώσκετο.
909 2840 1074 2893 una
1097 2840 1207 2909 γὰρ
1232 2838 1561 2909 οὐκ-ἠνεγκε
1600 2837 1801 2908 Κύριος
1853 2840 2016 2907 φύσιν

425 2940 536 2995 ,οιαὶ
564 2933 748 3004 ψυχὴν
800 2932 1058 3002 ’γενναίαν
1102 2931 1543 3001 τυραννουμένην
1568 2929 1673 2982 ὑπὸ
1717 2930 1808 2983 τοῦ
1855 2947 2020 3001 πονη-

426 3027 562 3098 εροῦ,
592 3026 655 3079 τό
677 3042 735 3078 τε
769 3025 961 3095 μέλλον
981 3022 1122 3090 ὁρῶν
1163 3021 1240 3086 ὡς
1262 3022 1369 3092 ἠδη
1393 3020 1591 3090 παρδν,
1614 3020 1710 3072 καὶ
1743 3019 1830 3073 οἵα
1865 3020 1930 3073 ἂν
1959 3021 2016 3086 ἐξ

2102 2379 2299 2445 etiam,
2341 2379 2487 2448 quod
2531 2379 2651 2448 ejus
2697 2378 2975 2432 serviebat
3021 2378 3250 2445 usibus,
3306 2386 3363 2433 et
3394 2379 3688 2434 multitudo

2112 2471 2398 2535 comitum,
2427 2470 2522 2539 qui
2556 2470 2750 2540 partim
2793 2470 3015 2539 quidem
3063 2471 3462 2539 praecedebant,
3492 2472 3687 2541 partim

2114 2571 2300 2617 autem
2350 2563 2744 2632 sequebantur.
2792 2561 3006 2628 Quibus
3036 2561 3260 2631 quidem
3313 2564 3480 2618 rebus
3516 2562 3687 2619 animi

2114 2656 2593 2726 perturbationum
2624 2656 2832 2709 habens
2878 2655 3058 2725 ignem
3092 2655 3326 2710 maxime
3372 2670 3686 2721 accensum,

2115 2749 2465 2816 illicieusque
2513 2755 2569 2801 et
2603 2761 2770 2801 urens
2824 2756 3101 2801 amatores
3126 2787 3141 2811 ,
3177 2747 3322 2801 inter
3366 2749 3690 2802 meretrices

2119 2841 2278 2913 (proh
2325 2839 2532 2908 dolor!)
2560 2839 2730 2892 vitam
2758 2839 2950 2909 agebat
2985 2846 3041 2892 ct
3075 2839 3482 2908 agnoscebatur
3511 2840 3685 2910 prima

2119 2932 2423 2987 Manedum
2446 2973 2461 2997 ,
2499 2945 2622 3000 quae
2656 2938 2813 2984 erant
2860 2931 2915 2983 in
2948 2929 3188 2983 civitate.
3223 2930 3330 2985 Sed
3380 2931 3530 2985 enim
3578 2947 3687 2986 non

2118 3023 2249 3077 sivit
2280 3022 2425 3076 Deus
2454 3035 2774 3090 generosam
2819 3021 3058 3075 animam
3098 3031 3155 3075 et
3194 3030 3444 3077 naturam
3470 3039 3499 3078 a
3534 3022 3693 3079 mali-

429 3119 558 3182 οοίας
617 3119 826 3187 γένοιτο
886 3113 1174 3186 προειδὼς,
1234 3112 1326 3166 καί
1378 3130 1431 3165 τι
1474 3111 1575 3164 καὶ
1622 3110 1808 3164 δοῦναι
1851 3111 2017 3164 θέλων

2131 3112 2210 3181 μή
2248 3113 2487 3181 opprimi
2542 3111 2852 3182 tyrannide,
2890 3111 3137 3165 futurum
3188 3112 3380 3167 videns
3431 3121 3691 3183 tanquam

443 3212 557 3273 τοῖς
588 3209 752 3262 αὐτὸν
786 3206 1100 3277 σεϐομένοις
1139 3203 1499 3273 παράδειγμα
1561 3203 1635 3262 ὡς
1715 3203 1877 3269 ἀρκεῖ
1936 3204 1998 3255 το

452 3302 687 3373 θελῆσαι
744 3301 902 3372 μόνον
954 3296 1090 3369 πρὸς
1139 3296 1202 3348 τὸ
1251 3296 1505 3364 γενέσθαι
1560 3293 1817 3365 χρηστόν.

516 3567 595 3624 Γ.
618 3568 727 3622 Καὶ
761 3565 823 3636 δή
854 3578 983 3618 ποτε
1012 3560 1105 3615 τοῦ
1139 3561 1198 3613 ὲν
1229 3558 1531 3630 ’Δντιοχεία
1549 3558 1669 3611 τότε
1698 3557 1790 3610 τὸν
1818 3559 2022 3629 ἱερατι-

444 3663 543 3717 κὸν
584 3660 859 3720 διέποντος
880 3656 1071 3726 θρόνον
1093 3654 1232 3708 κατά
1245 3670 1365 3706 τινα
1395 3651 1582 3721 χρείαν
1612 3651 1736 3713 τοὺς
1754 3651 1844 3704 ὑπ’
1862 3652 2025 3707 αὑτὸν

445 3755 781 3814 ὶπισκόπους
808 3749 1206 3818 συναγαγόντος
1236 3748 1293 3799 ὲν
1316 3740 1395 3807 οἷς
1426 3746 1573 3800 ἄλλοι
1595 3762 1653 3798 τε
1680 3744 1864 3798 πολλοὶ
1889 3760 2023 3812 προ.

454 3851 670 3917 έχοντες
698 3845 808 3899 τῶν
836 3844 1048 3898 πολλῶν
1079 3838 1217 3911 ἦσαν
1240 3844 1334 3894 καὶ
1379 3840 1445 3909 δὴ
1477 3839 1570 3892 καὶ
1610 3838 1813 3900 Νάννος
1860 3840 2024 3907 ἀνὴρ,

455 3943 625 3997 τᾶλλα
652 3957 709 3995 τε
740 3938 1058 4008 θαυμαστὸς
1088 3936 1292 3991 καὶτὸν
1315 3936 1521 4004 τρόπον
1550 3932 1864 4001 ἀγγελικός.
1891 3931 2028 3983 Τού-

456 4053 561 4088 των
588 4033 681 4087 οὗν
712 4033 813 4102 ἤδη
836 4029 1266 4098 συνειλεγμένων
1297 4028 1390 4081 καί
1416 4042 1561 4088 τινος
1608 4024 1717 4078 τῶν
1752 4027 1806 4077 ὲν
1833 4026 1899 4094 τῇ
1935 4025 2025 4077 πό-

457 4128 535 4181 λει
564 4124 723 4190 νεὼν,
767 4122 1058 4177 Ἰουλιανοῦ
1084 4122 1141 4175 δὲ
1167 4120 1260 4175 τοῦ
1291 4119 1566 4190 μάρτυρος
1595 4113 1665 4188 ἦν
1695 4111 1868 4178 οὗτος,
1923 4116 2030 4184 πρὸ

459 4216 566 4273 τῶν
609 4213 803 4270 τπυλῶν
862 4214 1245 4282 καθεζομένων
1328 4212 1423 4267 καὶ
1470 4208 1907 4280 φιλοσοφούντων
1964 4208 2031 4260 τὰ

460 4310 683 4379 θεοφιλῆ
709 4326 768 4363 τε
805 4310 897 4362 καὶ
927 4309 1040 4362 ἄνω
1069 4305 1307 4376 φέροντα
1352 4303 1448 4357 καὶ
1475 4302 1569 4356 τοῦ
1622 4301 1773 4373 ἱεροῦ
1832 4300 2030 4354 Νόννου

460 4402 757 4473 ψυχωφελῆ
786 4417 907 4452 τινα
939 4395 1290 4451 διδασκαλίαν
1322 4394 1455 4466 πρὸς
1502 4393 1694 4456 αὐτοὺς
1734 4392 2031 4461 μετιόντος,

460 4496 666 4567 παρῄει
706 4493 948 4561 Πελαγία
986 4494 1051 4561 τῇ
1090 4489 1315 4559 συνήθει
1339 4488 1593 4558 χρωμένη
1622 4489 1714 4539 καὶ
1740 4490 1909 4557 σκευῇ
1942 4488 2035 4538 καὶ

462 4590 622 4659 στολῇ
676 4587 766 4640 ἐπί
827 4603 970 4647 τινος
1011 4584 1283 4654 ὀχήματος
1342 4579 1655 4649 καθημένη,
1702 4580 1918 4642 πολλοῖς
1976 4580 2032 4632 δὲ

462 4679 946 4753 παραπεμπομένη
983 4674 1199 4729 καὶτὸν
1254 4672 1481 4740 πλησίον
1535 4671 1675 4739 ἀέρα
1726 4687 2041 4741 καταχρων-

467 4774 601 4828 νῦσόι
630 4789 689 4824 τε
715 4771 809 4824 καὶ
848 4770 1177 4839 μυρίζουσα.
1210 4768 1270 4822 τὸ
1292 4769 1389 4838 μὲν
1419 4771 1486 4838 τῇ
1516 4764 1628 4818 τῶν
1653 4764 1842 4834 μύρων
1887 4765 2033 4834 ὀσμῇ

467 4864 524 4915 τὸ
576 4861 632 4914 δὲ
665 4864 732 4931 τῇ
774 4861 893 4912 τῶν
956 4859 1120 4911 λίθων
1154 4860 1248 4911 καὶ
1298 4858 1598 4927 μαργάρων
1626 4857 1794 4924 αὐγῇ.
1822 4854 2039 4925 Ταύτην

464 4954 559 5008 οῦν
596 4955 901 5020 παριουσαν
928 4950 1369 5021 ἁνερυθριάστως
1396 4948 1539 5002 οὕτω
1566 4950 1662 5002 καὶ
1709 4948 1916 5016 ἰταμῶς
1965 4946 2042 5009 ὡς

464 5049 492 5101 ό
516 5045 622 5097 τῶν
653 5044 928 5114 ποιμένων
965 5040 1106 5095 εἶδεν
1136 5042 1291 5112 χορὸς
1319 5042 1368 5094 oi
1398 5044 1497 5111 μὲν
1524 5039 1813 5105 ἅλλοι,ἂτε
1847 5038 1909 5108 δὴ
1945 5055 2047 5108 μη-

468 5135 556 5189 δέν
576 5152 627 5187 τι
675 5134 839 5186 πλέον
899 5134 1010 5186 τῶν
1060 5132 1356 5201 ὁρωμένων
1408 5131 1618 5200 ἔχοντες
1669 5129 1884 5198 ὲνορᾷν,
1919 5127 2047 5182 θέαν

470 5226 644 5297 αὐτῆς
703 5224 1107 5296 κατεγίνωσκον
1154 5222 1441 5294 πορνικὴν,
1476 5223 1573 5275 καὶ
1622 5221 1745 5274 οὐδὲ
1773 5221 2048 5290 προσιδεῖν

469 5320 606 5384 ὅλως
637 5320 931 5388 ὑπέμενον,
968 5316 1084 5371 ἀλλ’
1118 5316 1397 5388 ἠρυθρίων
1442 5318 1536 5369 καὶ
1591 5315 2000 5385 ἀπεστρέφοντο
2029 5329 2043 5343 ⁸

472 5409 677 5471 Νόννος
703 5408 759 5462 δὲ
785 5410 895 5480 ἄρα
920 5407 1038 5479 ᾔδει
1064 5407 1157 5460 καὶ
1184 5409 1251 5459 τὰ
1291 5406 1507 5460 ἐναντία
1536 5404 1795 5468 πολλάκις
1829 5408 1894 5458 ἐκ
1934 5403 2047 5458 τῶν

452 5503 733 5563 ,ἐναντίων
800 5494 1187 5570 καρποῦσθαι,
1231 5500 1325 5553 καὶ
1361 5498 1428 5552 δι’
1482 5490 1548 5552 οὗ
1591 5498 1814 5568 κέντρον
1859 5498 2050 5569 ἡδονῆς

475 5593 633 5657 ἄλλος
657 5593 724 5647 ἂν
753 5592 881 5656 ἴσως
905 5590 1122 5656 ἐδέξατο
1146 5592 1212 5660 τῇ
1244 5590 1412 5661 ψυχῇ,
1437 5588 1598 5642 τοῦτο
1624 5589 1690 5660 δὴ
1717 5581 1869 5652 οὗτος
1895 5590 2052 5660 ἔσχεν

554 5704 628 5776 (1)
672 5706 920 5775 lntellige
950 5704 1060 5760 hoc
1091 5712 1151 5758 ut
1183 5703 1326 5758 velle
1355 5713 1606 5759 nostrum
1646 5720 1756 5759 non
1787 5703 2107 5774 pra'veniat,

482 5778 618 5835 t‘elie
652 5778 857 5833 bonum
886 5776 1093 5833 habere
1128 5789 1442 5831 uossumus.

2108 3205 2253 3277 quod
2287 3206 2401 3276 jam
2444 3204 2696 3269 adesset,
2754 3214 2811 3258 et
2860 3204 3157 3273 praesciens
3199 3205 3376 3275 qualis
3416 3223 3483 3261 ex
3541 3209 3691 3278 quali

2121 3306 2269 3351 esset
2326 3312 2596 3362 evasura,
2666 3305 2722 3351 et
2771 3298 2963 3352 volens
3014 3298 3124 3363 iis,
3212 3298 3307 3369 qui
3371 3300 3551 3369 ipsum
3608 3317 3702 3357 co-

2112 3389 2267 3455 lunt,
2326 3387 2456 3443 dare
2491 3388 2713 3457 aliquod
2756 3389 3088 3457 exemplum,
3127 3392 3274 3460 quod
3334 3392 3517 3447 solum
3558 3394 3700 3449 velle

2129 3481 2294 3535 alicui
2329 3480 2563 3536 sufﬁciat
2593 3479 2659 3534 ad
2696 3479 2823 3546 hoc,
2872 3489 2932 3535 ut
2961 3484 3052 3535 iiat
3086 3482 3264 3537 bonus
3294 3482 3395 3555 (i).

2200 3573 2290 3629 Ill.
2326 3574 2465 3629 Cum
2512 3573 2699 3643 itaque
2732 3575 2778 3627 is
2805 3574 2900 3643 qui
2946 3583 3078 3628 tunc
3121 3576 3428 3632 Antiochia:
3467 3577 3706 3633 admini-

2128 3666 2339 3720 strabat
2369 3665 2556 3720 sedem
2605 3666 2974 3735 pontificalem
3003 3709 3017 3733 ,
3053 3684 3153 3723 usu
3187 3670 3373 3739 aliquo
3407 3670 3478 3725 ita
3516 3682 3705 3742 postu-

2129 3758 2302 3819 lante,
2356 3772 2451 3812 eos
2507 3757 2602 3827 qui
2643 3757 2746 3811 sub
2775 3772 2834 3811 se
2866 3768 3045 3823 erant,
3073 3771 3459 3831 congregasset
3488 3765 3706 3833 episco-

2130 3865 2250 3919 pos,
2293 3850 2434 3904 inter
2465 3864 2604 3917 quos
2650 3857 2808 3901 erant
2834 3890 2848 3915 ,
2885 3848 2978 3917 qui
3010 3851 3200 3905 multis
3254 3854 3607 3921 praestabant,
3649 3863 3706 3912 et

2128 3947 2249 3992 erat
2289 3939 2453 3993 etiam
2486 3937 2715 3991 Nonnus
2741 3937 2824 3990 vir
2859 3948 2915 3991 et
2963 3937 3019 3991 in
3062 3941 3275 3995 caeteris
3336 3942 3700 4013 admirabilis,

2131 4041 2187 4086 et
2235 4030 2482 4085 moribus
2531 4028 2841 4097 angelicus.
2885 4030 3025 4084 Cum
3070 4031 3107 4084 ii
3161 4040 3343 4086 autem
3381 4035 3488 4104 jam
3517 4048 3708 4092 essent

2133 4119 2450 4190 congregati
2473 4126 2529 4171 et
2556 4116 2817 4171 sederent
2832 4133 2930 4187 pro
2955 4118 3165 4174 foribus
3198 4122 3388 4190 templi
3420 4125 3705 4189 cujusdam

2134 4227 2201 4266 ex
2231 4213 2300 4267 iis
2324 4228 2445 4282 quae
2479 4219 2639 4265 erant
2684 4212 2742 4266 in
2777 4213 3022 4276 civitate,
3061 4212 3116 4267 id
3144 4222 3328 4268 autem
3355 4225 3478 4271 erat
3502 4216 3707 4273 Juliani

2136 4308 2415 4379 martyris,
2452 4306 2978 4378 philosopharentur
2997 4314 3182 4361 autem
3217 4306 3286 4361 de
3332 4307 3403 4363 iis
3431 4325 3553 4379 qua:
3578 4320 3709 4364 sunt

2139 4400 2227 4469 pia
2262 4409 2319 4454 et
2373 4415 2596 4455 sursum
2673 4399 2878 4465 ferunt,
2944 4409 3002 4455 et
3039 4411 3426 4457 sacrosanctus
3484 4402 3715 4459 Nonnus

2139 4491 2435 4560 quamdam
2486 4495 2683 4547 anima)
2721 4492 2913 4546 utilem
2943 4493 3087 4562 apud
3154 4505 3250 4549 eo‘s
3287 4504 3715 4565 persequeretur

2138 4582 2465 4649 d0atrinam,
2510 4584 2744 4638 accessit
2777 4584 2990 4652 Pelagia
3040 4593 3205 4640 utens
3240 4595 3507 4640 consueto
3552 4602 3719 4657 appa-

2144 4681 2265 4726 ratu
2295 4681 2350 4726 et
2389 4672 2601 4738 habitu,
2638 4673 2948 4742 sedensque
2980 4674 3036 4727 in
3065 4673 3303 4742 quodam
3344 4676 3624 4729 vehiculo.
3674 4678 3719 4728 Α

2145 4765 2336 4820 multis
2372 4773 2555 4819 autem
2586 4765 2966 4819 deducebatur
3010 4776 3067 4821 et
3123 4767 3496 4836 prOpinquum
3535 4781 3720 4820 aerem

2148 4859 2428 4913 colorabat
2454 4867 2509 4913 et
2539 4857 2904 4927 perfundebat
2930 4869 3043 4913 tum
3071 4859 3243 4913 odore
3274 4868 3678 4927 unguentorum
3704 4899 3719 4924 ,

2148 4956 2264 5002 tum
2305 4950 2601 5017 splendore
2650 4950 3093 5018 margaritarum.
3136 4950 3286 5004 lianc
3315 4964 3448 5019 ergo
3496 4955 3605 5002 tam
3639 4948 3723 5002 in-

2148 5039 2483 5104 verecunde,
2513 5049 2571 5094 et
2604 5048 2713 5093 tam
2746 5039 3105 5108 impudenter
3147 5038 3502 5093 accedentem
3532 5038 3724 5093 videns

2153 5141 2438 5200 pastorum
2468 5132 2692 5199 chorus,
2723 5133 2815 5187 alii
2840 5132 3087 5203 quidem,
3118 5142 3179 5184 ut
3204 5131 3299 5199 qui
3337 5130 3474 5184 nihil
3505 5138 3729 5198 possent

2152 5223 2354 5278 intueri
2401 5234 2593 5293 praster
2641 5240 2708 5280 ea
2759 5240 2887 5293 quae
2940 5223 3333 5288 cernebantur,
3389 5220 3729 5275 damnabant

2130 5324 2437 5385 .aspectum
2462 5317 2584 5386 ejus
2612 5315 3012 5380 meretricium,
3042 5322 3100 5367 et
3118 5328 3197 5366 ne
3230 5311 3581 5366 sustinebant
3603 5312 3729 5381 qui—

2154 5407 2283 5462 dem
2334 5409 2565 5462 omnino
2620 5406 2894 5476 aspicere,
2938 5404 3032 5459 sed
3074 5404 3485 5459 erubescebant
3519 5409 3576 5457 et
3606 5416 3726 5456 eam

2155 5499 2576 5554 aversabantur.
2618 5500 2853 5553 Nonnus
2890 5504 3073 5552 autem
3114 5496 3211 5565 qui
3254 5497 3471 5551 sciebat
3499 5508 3567 5549 ex
3599 5509 3733 5549 con—

2159 5593 2348 5648 trariis
2382 5607 2529 5662 saepe
2582 5591 2845 5661 colligere
2885 5590 3185 5657 contraria,
3246 5587 3546 5661 pcr~quod
3592 5588 3736 5642 alius

2149 5706 2246 5761 sed
2300 5714 2569 5776 sequatur
2606 5705 2839 5776 gratiam
2892 5703 3010 5772 Dei,
3068 5702 3189 5760 sine
3241 5718 3350 5774 qua
3397 5718 3501 5759 nec
3553 5700 3733 5773 ipsum
