4142 6384
468 328 570 395 9H

1620 322 2015 386 ADDENDA.
2054 350 2123 359 --
2160 324 2537 386 OCTOBER.

3629 320 3734 386 912

466 444 611 501 forte
641 445 823 500 animo
846 443 1148 513 accepisset
1186 440 1470 502 stimulum
1499 441 1821 513 voluptatis,
1855 441 1963 496 hoc
1992 441 2041 495 is

2147 440 2474 511 ὑπόκκαυμά
2502 457 2553 494 τι
2596 437 2730 510 πρὸς
2765 438 2988 511 ἀρετὴν,
3020 438 3134 493 ἀνθ’
3167 433 3243 495 ὧν
3272 438 3361 496 καὶ
3394 438 3492 510 τῆς
3522 440 3728 512 πόρνης

471 537 669 593 habuit
700 536 994 607 quemdam
1032 534 1282 589 fomitem
1312 534 1400 588 'ad
1446 537 1729 589 virtutem.
1758 532 2043 600 Quamob—

471 645 588 687 rem
619 630 666 684 is
682 645 711 683 a
733 628 1026 683 meretrice
1050 642 1159 682 non
1183 625 1502 682 dimm'ebat
1520 626 1732 692 oculos,
1755 624 1851 679 sed
1881 624 2048 677 etiam

472 739 596 778 cum
622 723 713 778 illa
753 720 974 777 adesset
1018 719 1127 775 ﬁxo
1157 721 1357 776 obtutu
1392 719 1567 790 ipsam
1620 716 1946 788 aspiciebat,
1994 723 2052 769 et

470 830 594 870 cum
625 815 823 881 abiret,
857 814 975 884 ipse
998 813 1183 868 adhuc
1213 827 1336 867 eam
1365 811 1628 883 pergebat
1661 806 2046 878 contemplari.

540 905 627 962 Ν.
671 906 879 962 Deinde
904 905 1062 960 valde
1098 904 1470 975 ingemiscens
1494 911 1552 957 et
1597 901 1843 957 suﬂ‘usus
1873 900 2051 970 lacry—

469 999 577 1054 mis
606 998 851 1067 seipsum
880 995 1118 1052 deﬂebat
1144 995 1232 1050 vir
1271 994 1486 1059 beatus,
1510 1001 1568 1047 et
1614 992 1764 1046 illius
1789 997 2045 1045 ornatum

470 1091 689 1148 dicebat
723 1105 880 1145 suam
908 1104 1033 1145 esse
1081 1087 1619 1151 condemnationem,
1652 1084 1927 1154 siquidem
1954 1082 2047 1136 illa

471 1197 663 1236 amans
688 1178 913 1251 quidem
956 1193 1210 1248 corpora,
1234 1177 1290 1231 in
1322 1191 1443 1246 quae
1475 1175 1624 1230 cadit
1653 1173 1935 1240 interitus,
1967 1173 2051 1227 id-

469 1289 579 1345 que
601 1272 669 1329 ad
704 1272 789 1327 sui
824 1270 1115 1326 interitum
1157 1283 1460 1339 veramque
1500 1282 1563 1323 ac
1591 1281 1908 1338 germanam
1952 1265 2050 1320 ha-

469 1366 609 1422 bens
637 1363 1103 1435 pulchritudinem
1129 1363 1203 1433 ⁵ἰιι
1239 1362 1365 1420 suis
1418 1361 1681 1416 membris
1732 1359 2045 1426 ﬂorentem,

470 1474 580 1514 non
634 1457 925 1513 dubitabat
964 1465 1149 1510 tamen
1191 1453 1431 1509 naturali
1486 1451 1890 1523 pulchritudini
1947 1450 2050 1506 ali-

392 1586 401 1602 .
470 1551 602 1624 quid
639 1548 989 1606 architectari
1038 1555 1097 1603 et
1148 1545 1385 1602 artiﬁcio
1426 1545 1768 1617 adjungere,
1811 1553 1868 1600 et
1922 1557 2049 1599 eam

469 1643 803 1716 quibusdam
851 1641 1126 1697 machinis
1169 1648 1228 1696 et
1275 1637 1750 1707 descriptionibus
1809 1636 2047 1693 reddere

470 1735 929 1807 splendidiorem,
977 1740 1041 1788 ut
1084 1747 1325 1787 amaram
1373 1730 1617 1801 aliquam
1642 1728 1757 1785 sibi
1810 1726 2048 1783 δυσυπο-

2153 533 2251 585 ούκ
2271 533 2471 603 ἀφίστη
2500 532 2610 586 τῶν
2638 530 2955 602 ὀφθαλμῶν,
2984 531 3119 585 ἀλλὰ
3147 534 3242 586 καὶ
3270 531 3551 603 παρούσης
3591 533 3729 601 πρὸς

2154 623 2322 694 αὐτὴν
2350 624 2495 693 ἑώρα
2526 624 2734 689 ἀτενὲς,
2763 624 2858 676 καὶ
2879 623 3148 695 ἀπιούσης
3179 624 3340 688 αὐτὸς
3364 624 3446 678 ετι
3473 624 3572 695 τῆς
3603 625 3731 687 θέας

2153 720 2353 791 εἴχετο.

2225 899 2301 950 Δ’.
2359 893 2494 951 Εἶτα
2542 896 2635 950 καὶ
2685 895 2830 966 μέγα
2881 897 3141 964 στενάξας
3180 898 3273 950 καὶ⁵
3323 897 3577 965 δακρύων
3598 897 3735 968 πλη-

2153 990 2300 1054 σθεὶς
2380 989 2572 1043 ἑαυτὸν
2638 990 2667 1042 ό
2716 988 2985 1062 μακάριος
3037 989 3365 1043 ἀπεκλαίετο
3392 1031 3409 1057 ,
3472 991 3570 1043 καὶ
3636 989 3731 1043 τόν

2151 1081 2367 1151 ἐκείνης
2404 1080 2795 1151 καλλωπισμὸν
2824 1082 3151 1150 κατάκρισιν
3184 1082 3372 1150 ἔλεγεν
3409 1081 3629 1148 ἑαυτοῦ,
3656 1083 3733 1137 cl-

2153 1192 2260 1247 περ
2285 1175 2473 1245 ἑκείνη
2516 1177 2617 1247 μὲν
2640 1175 2911 1245 σωμάτων
2940 1175 3124 1247 ἐρῶσα
3159 1175 3421 1247 φθαρτῶν
3444 1176 3730 1231 καὶταῦτα

2152 1267 2245 1321 ἐπὶ
2267 1267 2413 1340 λύμῃ
2437 1270 2504 1339 τῇ
2539 1268 2736 1338 ἑαυτῆς
2767 1268 2860 1322 καί
2901 1285 2957 1322 τι
2997 1268 3222 1339 γνήσιον
3269 1268 3469 1339 ἔχουσα
3533 1265 3728 1331 κάλλος

2150 1361 2264 1424 τοῖς
2291 1361 2510 1431 μέλεσιν
2544 1358 2833 1426 ἐπανθοῦν,
2889 1360 3041 1428 ὅμως
3100 1359 3203 1414 ούκ
3253 1361 3483 1415 ἀποκνεῖ
3532 1358 3725 1432 ἑπιδη-

2154 1450 2489 1523 μιουργοῠσα
2515 1451 2592 1523 τῷ
2614 1450 2830 1524 φυσικῷ
2863 1451 3049 1505 κάλλει
3079 1452 3175 1506 καὶ
3199 1452 3607 1524 ἐπιτεχνωμένη
3633 1451 3727 1506 καί

2150 1563 2266 1600 τισι
2291 1546 2454 1599 τοῦτο
2483 1546 2755 1617 μηχαναῖς
2801 1544 3291 1616 ἐπιλαμπρύνουσα
3344 1547 3440 1600 καὶ
3486 1545 3729 1614 ὑπογρα-

2152 1640 2280 1709 φαῖς
2301 1639 2387 1693 ἴνα
2405 1638 2579 1714 κλέψῃ
2609 1638 2807 1708 δούλην
2840 1637 3044 1710 πικρὰν
3073 1637 3289 1710 ἡδονήν.
3325 1636 3521 1708 Ἡμεῖς
3548 1636 3625 1704 δὲ,
3643 1631 3726 1698 οἷς

2153 1731 2257 1802 μὲν
2306 1730 2577 1793 ἀθάνατος
2627 1728 2658 1782 ό
2714 1727 3011 1800 ἐρώμενος,
3067 1728 3366 1799 προσθήσω
3407 1728 3456 1781 δ’
3500 1728 3583 1782 ὅτι
3631 1730 3724 1781 καὶ

470 1805 562 1886 tur
613 1829 970 1899 voluptatem.
1033 1827 1146 1883 Nos
1187 1834 1373 1881 autem
1451 1825 1661 1896 quibus
1715 1823 2044 1880 immortalis

2149 1821 2410 1895 ἐραστὴς,
2424 1822 2692 1885 ἀθάνατος
2711 1821 2769 1875 δὲ
2793 1824 2821 1876 ὁ
2843 1821 3092 1891 νυμφὼν,
3115 1823 3149 1892 ή
3170 1821 3225 1874 δὲ
3249 1823 3410 1892 χάρις
3427 1822 3542 1884 τοῖς
3555 1821 3722 1884 ὅντως

470 1922 694 1994 quidem
733 1929 820 1977 est
860 1920 908 1975 is
947 1920 1042 1990 qui
1082 1928 1324 1985 amatur,
1357 1917 1656 1990 adjungam
1690 1917 1860 1973 etiam
1899 1930 2047 1971 ama-

471 2021 557 2067 tor
600 2021 621 2067 t
659 2012 979 2081 alamusque
1014 2008 1363 2076 immortalis,
1400 2017 1458 2063 et
1487 2007 1665 2079 gratia
1698 2006 1770 2062 iis
1796 2006 1893 2077 qui
1916 2019 2047 2062 vere

467 2114 600 2161 sunt
621 2104 803 2161 ornati
831 2119 940 2159 non
961 2116 1387 2169 consenescens,
1422 2107 1635 2156 tantum
1665 2098 1825 2159 abest
1867 2108 1930 2154 ut
1957 2113 2049 2153 or—

468 2212 667 2253 nemus
713 2196 989 2263 animam,
1024 2203 1084 2249 ut
1131 2209 1244 2249 non
1285 2191 1687 2249 erubescamus
1717 2191 1888 2247 etiam
1919 2204 2047 2260 pro-

468 2288 570 2345 bro
598 2286 818 2344 allicere
867 2286 1171 2342 naturalem
1210 2285 1332 2355 ejus
1379 2283 1883 2354 pulchritudinem.
1934 2280 2045 2338 Sed

469 2380 802 2453 contumelia
835 2393 940 2434 nos
983 2378 1134 2449 ipsos
1164 2376 1454 2443 allicimus,
1501 2376 1652 2431 etab
1708 2376 1800 2431 illa
1851 2372 2049 2430 inetia-

468 2471 565 2526 bili
599 2480 657 2526 et
687 2469 1000 2526 admirabili
1045 2484 1149 2526 nos
1192 2468 1590 2524 miserabiliter
1643 2480 1899 2524 arcemus
1951 2482 2049 2523 vo-

467 2564 698 2635 luptate,
739 2562 905 2633 idque
959 2576 1087 2617 cum
1142 2575 1250 2617 non
1284 2561 1605 2632 ignoremus
1633 2599 1649 2626 ,
1689 2560 1839 2631 quod
1882 2558 2045 2615 nobis

468 2654 754 2726 impendet
781 2654 1118 2726 supplicium
1165 2662 1225 2709 et
1255 2668 1377 2724 quae
1422 2663 1554 2710 sunt
1583 2650 1698 2708 illic
1743 2659 2044 2709 tormenta.

466 2749 562 2805 Sic
600 2748 695 2804 ille
729 2748 979 2819 quidem,
1016 2762 1127 2803 non
1161 2747 1342 2802 solum
1364 2787 1380 2815 ,
1432 2754 1494 2801 ut
1525 2746 1787 2812 arbitror,
1821 2743 2046 2800 intuens

465 2840 538 2897 ad
570 2840 648 2907 id,
678 2839 825 2912 quod
859 2839 1072 2908 aderat,
1103 2839 1202 2896 sed
1243 2839 1358 2910 jam
1382 2843 1552 2895 etiam
1576 2837 1830 2893 futurum
1856 2844 2045 2893 mente

466 2932 791 3003 pravidens,
826 2938 885 2986 et
930 2928 1112 2986 sciens
1153 2929 1303 3001 quod
1342 2944 1452 2985 non
1487 2928 1659 2983 multo
1712 2936 1838 2998 post
1881 2942 2046 2998 supe-

464 3024 738 3080 rabuntur
760 3022 930 3079 etiam
952 3022 1022 3078 ab
1045 3022 1167 3093 ejus
1193 3022 1391 3077 animae
1424 3018 1869 3092 pulchritudine,
1893 3028 1952 3075 et
1971 3018 2041 3073 ad

466 3115 773 3173 certamina
806 3115 1081 3186 spiritalia
1118 3114 1461 3169 videbuntur
1488 3113 1692 3168 cedere
1734 3111 2039 3166 meretrici.

465 3204 624 3273 Quod
658 3205 884 3275 quidem
933 3204 988 3261 ei
1014 3201 1701 3275 praesigniﬁcabatdivina
1723 3200 1843 3256 hac
1864 3208 1921 3257 ct
1949 3200 2045 3255 ad-

464 3297 742 3353 mirabilis
787 3311 817 3350 a
842 3297 956 3352 Deo
979 3295 1142 3352 visio.

536 3387 601 3442 V.
630 3385 936 3441 Videbatur
978 3385 1234 3452 Nonnus,
1269 3399 1395 3440 cum
1454 3384 1706 3441 divinum
1759 3399 2046 3455 peragere—

465 3485 558 3532 tur
584 3476 983 3543 ministerium,
1037 3476 1157 3546 ipse
1190 3475 1415 3546 quidem
1447 3476 1595 3530 stare
1642 3475 1713 3530 ad
1743 3476 2043 3531 sinistrum

465 3582 640 3624 cornu
680 3566 891 3635 altaris,
922 3567 1176 3637 quaedam
1211 3574 1397 3622 autem
1447 3565 1702 3621 columba
1757 3566 1876 3621 luto
1905 3565 2044 3621 illita

462 3676 592 3718 eum
647 3660 1055 3716 circumvolare
1079 3700 1095 3728 ,
1136 3669 1193 3715 et
1236 3675 1349 3714 non
1387 3658 1552 3714 facile
1603 3660 1865 3715 recedere
1892 3699 1907 3725 ,
1946 3657 2043 3715 sed

464 3769 637 3825 prope
687 3753 870 3809 volare
897 3761 953 3808 et
984 3752 1036 3808 ei
1084 3751 1392 3807 molestiam
1450 3751 1736 3817 exhibere,
1793 3759 1852 3808 et
1900 3759 2045 3806 tetro

464 3847 635 3903 odore
682 3847 975 3902 maximam
1025 3845 1224 3901 aﬂ‘erre
1258 3844 1558 3912 tristitiam,
1608 3854 1665 3899 et
1701 3844 1819 3899 haec
1864 3844 2043 3899 donec

464 3935 848 3993 catechumeni
896 3942 1227 3991 vocarentur
1265 3949 1298 3989 a
1334 3934 1651 3991 sacerdote.
1684 3934 1827 4000 Quid
1854 3944 2040 3990 autem

463 4036 657 4098 postea
682 4036 769 4084 cst
793 4035 1154 4083 consecutum
1182 4028 1204 4081 2
1238 4028 1360 4097 Ipsa
1393 4026 1620 4097 quidem
1650 4042 1763 4085 non
1811 4043 2044 4098 appare-

462 4120 850 4192 hat,quandiu
901 4118 1122 4176 duravit
1151 4128 1370 4191 tempus
1399 4122 1796 4192 mysteriorum
1855 4129 1912 4175 et
1964 4129 2047 4176 to-

464 4214 578 4270 tius
601 4213 918 4269 ministerii.
951 4213 1032 4268 Eo
1064 4221 1250 4268 autem
1283 4213 1396 4284 jam
1430 4221 1677 4283 peracto,
1716 4212 1820 4283 ipsi
1848 4228 1879 4267 a
1906 4221 2047 4268 tem-

462 4307 559 4379 plo
583 4305 915 4378 egredienti,
965 4321 1091 4362 cum
1117 4305 1317 4362 fuitset
1344 4304 1399 4361 in
1428 4306 1639 4373 limine,
1698 4305 1893 4361 eadem
1924 4322 2045 4361 rur—

463 4411 562 4453 sus
599 4396 856 4452 columba
873 4388 1154 4468 apparuit,
1188 4398 1265 4453 ita
1294 4398 1521 4469 quidem
1560 4413 1618 4453 se
1646 4396 1859 4452 habens
1883 4408 1940 4452 et
1968 4397 2044 4451 ita

2147 1914 2689 1985 κεκαλλωπισμένοις
2713 1913 2848 1985 μηδὲ
2893 1915 3254 1985 γηράσκουσα
3299 1911 3558 1968 τοσοῦτον
3584 1911 3721 1965 ἀπέο

2147 2025 2316 2081 χομεν
2347 2007 2446 2078 τὴν
2473 2007 2742 2061 ἀθάνατον
2765 2006 3133 2072 καλλωπίζειν
3178 2006 3380 2079 ψυχὴν,
3433 2004 3577 2059 ὥστε
3627 2004 3719 2058 καὶ

2144 2103 2206 2155 τὸ
2232 2099 2462 2171 φυσικὸν
2492 2100 2664 2171 αὐτῆς
2689 2097 2888 2164 κάλλος
2915 2099 3262 2169 αἰσχύνοντες
3311 2099 3412 2153 οὐκ
3462 2099 3722 2166 ἐπαισχυ-

2146 2192 2374 2263 νόμεθα,
2420 2191 2538 2246 ἀλλ’
2564 2189 2940 2262 ὲφυδρίξομεν
2981 2192 3236 2257 ἑαυτοὺς,
3267 2190 3364 2244 καὶ
3397 2190 3496 2260 τῆς
3528 2188 3723 2258 ἡδονῆς

2145 2285 2365 2357 ἐκείνης
2411 2284 2513 2355 τῆς
2567 2283 2896 2356 ἀπορρήτου
2941 2285 3039 2337 καὶ
3087 2281 3415 2354 θαυμαστῆς
3475 2280 3725 2344 ἐλεεινῶς

2145 2376 2546 2448 ἀπειργόμεθα,
2570 2377 2668 2430 καὶ
2687 2375 2863 2431 ταῦτα
2892 2375 3029 2447 μηδὲ
3057 2375 3153 2448 τὴν
3179 2377 3394 2447 ἑπηρτη
3403 2375 3571 2445 μένην
3589 2377 3726 2446 ἡμῖν

2147 2468 2472 2537 ἀγνοοῦντες
2528 2469 2753 2523 κόλασιν
2806 2471 2902 2522 καὶ
2954 2469 3024 2522 τὰ
3082 2468 3299 2522 ἐκεῖθεν
3344 2468 3724 2537 δικαιωτήρια.

2147 2560 2305 2616 οὕτω
2334 2561 2433 2631 μὲν
2458 2562 2665 2623 εκεῖνος
2697 2560 2757 2613 ού
2792 2560 2952 2630 μόνον
2981 2560 3116 2629 πρός
3146 2575 3210 2628 γε
3252 2559 3314 2614 τὸ
3362 2559 3542 2629 παρὸν
3592 2559 3726 2611 ἀπο-

2146 2653 2386 2719 6λέπων,
2409 2654 2485 2718 ὡς
2505 2654 2790 2725 πείθομαι,
2816 2653 2932 2708 ἀλλ’
2959 2655 3060 2726 ήδη
3090 2653 3188 2708 καὶ
3217 2652 3279 2707 τὸ
3327 2652 3522 2724 μέλλον
3550 2651 3629 2722 τῷ
3652 2651 3728 2723 νῷ

2147 2746 2427 2819 προορῶν,
2458 2747 2557 2802 καὶ⁵
2590 2747 2747 2811 εἰδὼς
2780 2742 2859 2812 ὡς
2886 2747 2948 2801 οὐ
3001 2747 3143 2818 μετὰ
3174 2745 3311 2800 πολῦ
3343 2746 3440 2800 καὶ
3490 2744 3586 2799 τοῦ
3629 2744 3729 2815 τῆς

2144 2838 2325 2910 ψυχῆς
2344 2837 2518 2909 αὐτῆς
2558 2838 2963 2910 ἡττηθήσονται
3013 2837 3247 2902 κάλλους
3280 2837 3378 2891 καὶ
3405 2835 3614 2909 πόρνης
3636 2835 3730 2889 θα-

2143 2930 2358 2985 νοῦνται
2386 2932 2522 3002 πρὸς
2550 2930 2768 3000 ἀγῶνας
2813 2933 3224 3002 πνευματικοὺς
3261 2930 3530 3003 δεύτεροι.
3573 2927 3641 2984 ⁸0
3663 2928 3729 3001 δὴ

2143 3022 2241 3075 καὶ
2265 3022 2559 3094 ὀνειράτων
2580 3022 2701 3093 θ’ζρις
2741 3022 2894 3094 αὐτῷ
2926 3022 3269 3093 προεδείκνυ,
3316 3023 3413 3077 καὶ
3454 3023 3488 3093 ἠ
3536 3023 3730 3094 ὅρασις

2147 3114 2323 3172 τοιάδε
2360 3132 2444 3180 τις
2470 3114 2590 3171 θεία
2618 3115 2712 3170 καὶ
2737 3113 3030 3189 θαυμαστὴ
3051 3115 3145 3172 καὶ
3172 3115 3327 3171 παρὰ
3353 3115 3492 3172 Θεοῦ

2221 3384 2295 3442 E'.
2342 3386 2551 3440 Ἐδόκει
2576 3386 2676 3457 τῆς
2731 3386 2881 3452 θείας
2935 3386 3278 3459 λειτουργίας
3334 3390 3668 3462 τελουμένης
3698 3394 3726 3444 ό

2146 3480 2345 3545 Νάννος
2372 3480 2532 3542 αὐτὸς
2557 3480 2655 3550 μὲν
2684 3479 2762 3550 τῷ
2791 3479 2928 3551 λαιῷ
2967 3482 3163 3551 κέρατι
3197 3481 3291 3535 τοῦ
3331 3482 3722 3555 θυσιαστηρίςυ

2146 3582 2579 3644 παρεστηκεναι,
2610 3571 2943 3643 περιστερὰν
2961 3574 3017 3627 δὲ
3046 3572 3535 3646 βεεορσορωμένην
3563 3576 3727 3630 αύτδν

2147 3662 2543 3735 περιπέτεσθαι
2570 3661 2667 3717 καὶ
2677 3664 2813 3734 μηδὲ
2842 3665 3042 3735 ῥᾳδίως
3058 3666 3412 3735 ἀφίστασθαι,
3431 3667 3568 3722 ἀλλὰ
3591 3669 3697 3736 πλη
3717 3696 3726 3703 -

2149 3757 2264 3811 σίον
2299 3754 2559 3810 ἵπτασθαι
2593 3756 2686 3809 καὶ
2708 3757 2939 3827 διοχλεῖν
2975 3760 3072 3811 καὶ
3106 3758 3307 3829 μυρίαν
3358 3760 3610 3828 ἐμποιεῖν
3652 3764 3719 3831 τῇ

2145 3849 2381 3921 δυσωδίᾳ
2401 3847 2502 3920 τὴν
2517 3848 2733 3919 ἀηδίαν,
2756 3849 2853 3904 καὶ
2880 3850 3052 3905 ταῦτα
3083 3853 3248 3923 μέχρι
3278 3853 3381 3923 τῆς
3408 3852 3518 3906 τῶν
3553 3870 3723 3922 κατη-

2146 3942 2428 4014 χουμὲνων
2454 3943 2605 4012 παρὰ
2625 3941 2721 3996 τοῦ
2754 3941 2943 4013 ἱερέως
2970 3943 3387 4014 προσκλήσεως.
3407 3945 3480 3999 Τὸ
3506 3944 3565 3998 δι
3587 3945 3725 4016 μετὰ

2145 4034 2324 4090 ταῦτα
2343 4035 2427 4103 τίς
2468 4033 2710 4105 ’Δφανὴς
2736 4034 2837 4105 μὲν
2867 4034 3010 4108 αὕτη
3034 4036 3159 4090 ὅσον
3197 4036 3224 4089 ό
3262 4037 3373 4090 ⁸ιτῶν
3405 4039 3723 4109 μυστηρίων

2147 4127 2244 4181 καὶ
2275 4128 2458 4199 πάσης
2484 4127 2583 4198 τῆς
2611 4127 2959 4199 λειτουργίας
2987 4129 3175 4201 ἐπεῖχε
3228 4131 3454 4202 καιρός·
3504 4132 3606 4203 ἠδη
3664 4130 3723 4187 δὲ

2146 4219 2354 4285 ταύτης
2375 4220 2729 4289 τελεσθείσης
2754 4222 3099 4294 ὲξερχομένῳ
3126 4222 3219 4276 τοῦ
3248 4225 3397 4294 ἱεροῦ
3420 4226 3516 4279 καὶ
3565 4241 3722 4296 γενο-

2150 4309 2299 4380 μένῳ
2330 4310 2466 4381 πρὸς
2486 4311 2552 4381 τῇ
2586 4310 2735 4382 φλιᾷ,
2773 4312 2936 4366 πάλιν
2960 4311 3059 4384 τὴν
3082 4314 3253 4385 αὐτὴν
3281 4315 3519 4386 φανῆναι
3563 4333 3722 4385 περι-

2150 4402 2349 4472 στερὰν
2377 4400 2521 4454 οὕτω
2544 4402 2643 4471 μὲν
2673 4403 2933 4473 ἔχουσαν,
2966 4403 3111 4458 οὕτω
3167 4406 3226 4459 δὲ
3277 4406 3368 4463 καὶ
3438 4406 3719 4471 ποιοῦσαν,

461 4486 692 4555 faciens,
719 4487 899 4543 donec
936 4497 1192 4558 porrecta
1238 4488 1489 4555 dextera,
1519 4503 1639 4543 eam
1682 4502 1848 4541 manu
1885 4501 2044 4541 accc-

2151 4494 2346 4564 μέχρις
2375 4486 2436 4546 οὗ
2475 4494 2658 4557 τείνας
2698 4494 2797 4568 τὴν
2829 4496 3009 4563 δεξιὰν
3043 4498 3139 4551 καὶ⁸
3177 4499 3389 4570 ταύτης
3415 4499 3722 4570 λαϐόμενος

461 4586 634 4649 ptam,
661 4577 881 4635 demisit
914 4580 976 4635 in
999 4578 1284 4635 lavacrum
1314 4596 1455 4650 aqua
1491 4581 1744 4650 plenum.
1785 4579 1880 4634 Illa
1907 4593 2042 4633 vero

463 4670 729 4744 deinceps
749 4672 965 4727 alarum
992 4672 1187 4744 ejectis
1205 4672 1491 4738 sordibus,
1512 4673 1717 4727 volavit
1738 4673 1802 4727 in
1834 4671 2043 4727 aethera

462 4774 519 4819 ct
541 4763 609 4819 ad
631 4772 835 4820 tantam
855 4765 1107 4835 pervenit
1121 4765 1494 4830 altitudinem,
1515 4772 1575 4819 ut
1591 4779 1661 4819 ne
1685 4765 1799 4834 ipse
1818 4763 2043 4835 quidem

463 4865 650 4926 posset
681 4856 748 4912 ad
765 4871 886 4912 eam
914 4857 1230 4928 pertingere
1251 4857 1455 4912 oculis.
1489 4855 1605 4911 Hoc
1630 4856 1684 4910 id
1720 4857 1867 4927 quod
1893 4855 2044 4911 futu-

465 4966 587 5005 rum
607 4959 745 5017 erat,
770 4950 928 5020 prius
965 4949 1284 5020 descripsit,
1322 4958 1382 5005 et
1434 4949 1580 5021 quod
1636 4959 1801 5006 noctu
1833 4950 2041 5006 factum

463 5052 572 5110 est,
606 5043 979 5115 praetiguravit
1003 5042 1082 5110 id,
1111 5041 1260 5113 quod
1298 5050 1423 5099 erat
1449 5042 1703 5098 futurum
1729 5042 2003 5100 interdiu;

538 5230 626 5286 Vl.
674 5228 813 5287 Cum
853 5242 1016 5286 mane
1038 5243 1179 5300 ergo
1233 5228 1588 5297 surrexisset,
1622 5239 1679 5287 et
1710 5229 2043 5302 quibusdam

462 5322 933 5380 communicasset
949 5320 1247 5390 visionem,
1269 5322 1425 5381 venit
1443 5322 1668 5395 quidem
1691 5324 1748 5379 in
1776 5324 2042 5392 templum

463 5416 630 5471 simul
664 5430 791 5472 cum
823 5414 948 5472 aliis
986 5416 1327 5486 pastoribus.
1365 5432 1493 5473 cum
1524 5424 1710 5473 autem
1736 5415 1951 5472 Novum
1983 5418 2042 5471 in

463 5521 663 5563 manus
733 5507 1062 5577 sumpsisset
1119 5507 1555 5575 Testamentum,
1624 5508 1898 5576 divinum,
1952 5509 2044 5564 in-

462 5614 654 5671 quam,
703 5598 1081 5669 Evangelium,
1115 5615 1240 5673 eum
1292 5601 1350 5656 id
1388 5602 1439 5657 ei
1482 5602 1741 5674 jussisset
1769 5601 2041 5673 princeps

464 5702 674 5758 pastor,
706 5687 777 5743 ob
803 5701 924 5742 eam
952 5702 1077 5756 quze
1102 5690 1156 5743 in
1202 5689 1322 5760 ipso
1368 5702 1488 5747 erat
1515 5691 1759 5762 Spiritus
1780 5692 2039 5763 gratiam.

461 5780 666 5851 populo
695 5789 781 5836 est
827 5781 1251 5839 sermocinatus.
1302 5782 1387 5837 Fit
1424 5798 1559 5854 ergo
1588 5783 1665 5862 id,
1698 5778 1850 5854 quod
1893 5799 2038 5839 nun-

2148 4584 2213 4653 τῇ
2250 4584 2395 4653 χειρὶ
2443 4583 2687 4656 καθῆκεν
2725 4586 2894 4657 αὐτὴν
2945 4590 3039 4641 ἐπὶ
3083 4589 3178 4642 τὸν
3236 4589 3478 4661 λουτῆρα
3531 4591 3723 4657 ὓδατος

2140 4674 2280 4730 ὅντα
2325 4677 2782 4749 πεπληρωμένον.
2825 4681 3072 4753 Κάκείνη
3115 4681 3301 4737 λοιπὸν
3346 4683 3461 4736 τῶν
3507 4686 3723 4757 πτερῶν

2147 4767 2501 4824 ἀποϐαλοῦσα
2549 4770 2641 4824 τὸν
2705 4770 3005 4844 μολυσμὸν,
3057 4776 3301 4846 αἰθέριος
3349 4776 3576 4840 ῖπτατο,
3627 4777 3724 4831 καὶ⁵

2148 4858 2286 4929 πρὸς
2310 4859 2565 4913 τοσοῦτον
2591 4860 2723 4930 ὕψος
2753 4865 3001 4935 ἐφέρετο.
3036 4867 3172 4934 πρὸς
3190 4867 3219 4920 ὃ
3249 4868 3383 4939 μηδὲ
3412 4868 3579 4932 αὐτὴ
3611 4862 3725 4933 οἷός

2146 4972 2206 5009 τε
2235 4949 2305 5027 ἦν
2330 4954 2662 5020 ἐξικνεῖσθαι
2692 4956 2818 5019 τοὺς
2846 4957 3186 5028 ὀφθαλμούς.
3230 4959 3402 5014 Τοῦτο
3432 4962 3494 5016 τὸ
3529 4962 3725 5033 μέλλον

2146 5046 2591 5119 προεζωγράφει.
2637 5049 2729 5102 καὶ
2768 5049 2828 5101 τὸ
2861 5050 3151 5120 γενόμενον
3179 5052 3236 5103 ὲν
3275 5055 3432 5107 νυκτὶ
3459 5053 3555 5107 τοῦ
3600 5053 3724 5126 μεθ’

2147 5140 2364 5212 ἡμέραν
2398 5135 2468 5210 ἦν
2500 5141 2867 5211 γενησομένου
2896 5140 3271 5212 προτύπωσις.

2216 5230 2307 5300 εἶ’.
2341 5231 2551 5286 Ἐωθεν
2577 5228 2671 5286 οὖν
2691 5234 2719 5285 ό
2754 5232 2896 5301 ῑερὸς
2928 5232 3069 5304 ἀνὴρ
3088 5232 3327 5299 ἀναστὰς
3358 5234 3453 5290 καί
3489 5252 3602 5291 τισι
3621 5236 3724 5309 τὴν

2145 5324 2335 5396 ὅρασιν
2380 5326 2786 5397 κοινωσάμενος
2834 5327 3148 5397 ἀφικνεῖται
3191 5329 3291 5400 μὲν
3342 5331 3434 5384 ἐπὶ
3460 5330 3554 5384 τόν
3593 5330 3725 5387 ναὸν

2142 5416 2261 5488 ἅμα
2290 5419 2403 5482 τοῖς
2431 5416 2614 5484 ἄλλοις
2659 5417 2907 5489 ποιμέσι,
2941 5418 3040 5491 τὴν
3075 5421 3133 5474 δὲ
3178 5421 3375 5495 καινὴν
3408 5422 3502 5477 ἐπὶ
3529 5425 3723 5496 χεῖρας

2141 5508 2442 5580 Διαθήκην,
2489 5511 2552 5564 τδ
2587 5496 2758 5577 θεῖον,
2790 5512 2959 5584 φημὶ,
3021 5511 3204 5568 λαϐὼν
3249 5514 3583 5585 Εύαγγέλιον
3625 5514 3724 5571 τοῦ

2142 5602 2528 5673 ἀρχιποιμινος
2548 5604 2698 5676 αὐτῷ
2717 5605 3130 5677 ἐπιτρέψαντος,
3148 5606 3238 5661 διὰ
3258 5606 3359 5679 τῆς
3384 5610 3442 5661 ὲν
3462 5608 3612 5679 αὐτῷ
3624 5608 3722 5662 τοῦ

2143 5692 2457 5763 Πνεύματος
2496 5696 2722 5765 χάριτος
2751 5697 2863 5760 τοῖς
2893 5696 3043 5762 λαοῖς
3070 5697 3286 5765 ὡμίλει.
3314 5700 3528 5753 Γίνεται
3552 5696 3665 5764 οὖν,
3692 5700 3723 5752 ὃ

2144 5783 2221 5856 μὴ
2256 5783 2519 5856 πρότερον
2546 5788 2638 5840 καὶ
2663 5788 2895 5860 πρᾶγμα
2923 5789 3036 5845 τῶν
3067 5791 3166 5846 οὐκ
3190 5789 3570 5864 ἐλπιζομένων
3596 5791 3718 5848 om
