4142 6384
431 253 538 320 923
1708 257 1884 318 VITA
1926 259 1987 318 S.
2028 257 2062 317 Ῑ

2165 261 2402 322 .AGI/E.
3593 252 3698 318 914

436 369 711 438 συνήθων,
761 367 869 422 τῶν
923 369 1084 439 ἱερῶν
1138 371 1412 442 ακροατὴς
1447 371 1640 438 λογων,
1696 374 1787 426 καὶ
1833 374 1886 426 τί
1918 373 2062 442 ptui

2165 393 2284 431 nam
2313 377 2490 447 prius,
2516 390 2714 446 resque
2741 374 3038 444 eratplane
3064 372 3337 442 insperata
3374 378 3429 424 et
3458 369 3698 436 insueta,

438 461 723 516 ἀκούσασα
749 461 816 513 τὰ
852 461 1119 531 παρόντα,
1149 462 1202 514 τί
1233 462 1377 516 δὲτὰ
1411 461 1696 531 μέλλοντα,
1728 464 1818 517 καὶ⁵
1841 463 1893 516 τί
1919 464 2020 534 μὲν

2168 477 2209 531 ι,
2253 467 2454 536 inquit,
2487 465 2707 536 Pelagia
2753 464 2996 520 auditrix
3043 477 3326 519 sacrorum
3374 462 3696 517 verborum.

440 557 472 625 ή
502 552 672 624 ψυχὴ,
706 552 788 615 τίς
819 551 874 606 δὲ
909 553 938 605 ό
977 554 1184 622 ταύτης
1227 555 1447 624 δεσμὸς,
1490 554 1584 608 καὶ
1611 554 1760 618 ὅπως
1793 555 1886 608 τοῦ
1920 555 2023 609 σώ-

2165 571 2257 623 tuae
2298 573 2423 612 cum
2483 558 2732 613 audisset
2773 557 2906 628 quid
2955 556 3069 611 sint
3113 555 3339 626 quidem
3385 553 3702 625 praesentia,

445 663 616 717 ματος
641 643 1052 713 διαζεύγνυται,
1088 646 1181 698 καὶ
1212 646 1376 699 πάλιν
1422 645 1730 712 ἀνίσταται,
1765 648 1858 700 καὶ
1902 647 2024 716 κρίο

2167 651 2260 706 uid
2292 659 2476 706 autem
2509 651 2720 717 futura,
2750 659 2807 705 et
2845 649 2979 720 quid
3013 658 3201 703 nostra
3232 632 3459 718 quidem
3494 646 3702 710 anima,

442 758 615 804 νεται,
652 740 744 792 καὶ
773 739 916 792 τίσιν
946 739 1280 809 αἰσχύνεται,
1325 740 1371 794 ὣ
1399 741 1490 794 τοῦ
1523 740 1825 810 θαύματοςί
1860 741 2022 809 γινώ-

2169 745 2409 800 uodnam
2449 753 2633 798 autem
2663 744 2786 813 ejus
2811 740 3116 808 vinculum,
3159 749 3216 796 et
3239 737 3703 811 quemadmodum

447 847 566 884 σκει
590 829 659 883 τὰ
689 829 911 898 ἑαυτῆς,
940 831 1034 884 καὶ
1058 830 1276 885 πάντων
1298 832 1704 900 καταγινώσκει
1730 833 1838 887 τῶν
1870 835 2022 905 πρὶν,

2165 846 2418 906 eparatur
2450 851 2480 890 a
2511 851 2767 906 corpore,
2797 844 2853 890 ct
2883 849 3077 888 rursus
3117 833 3299 901 surgit
3319 841 3376 886 et
3396 831 3702 901 judicatur,
3767 889 3772 894 ,

446 925 537 974 κατ.
567 919 898 973 συσταλεῖσα
931 921 1066 991 πρὸς
1103 922 1323 992 ἑαυτὴν,
1360 923 1456 992 ὅλη
1485 923 1576 976 τοῦ
1606 923 1771 976 καλοῦ
1804 924 1898 978 καὶ
1927 925 2025 994 τῆς

2165 948 2186 984 3
2219 930 2614 991 miraculum!)
2646 927 2884 996 seipsam
2929 925 3244 996 cognoscit,
3289 934 3348 978 ct
3393 940 3515 994 quae
3553 926 3708 994 prius

451 1012 740 1083 μετανοίας
769 1011 1007 1080 γίνεται,
1040 1013 1134 1066 καὶ
1154 1013 1365 1086 δάκρυα
1396 1014 1513 1085 χέει
1539 1016 1650 1078 τοῖς
1689 1018 1817 1086 πρὶν
1847 1015 2022 1083 γέλων

2165 1031 2355 1087 :errat,
2385 1022 2611 1076 damnat
2643 1020 2848 1084 omnia,
2900 1017 2968 1072 ad
3004 1034 3064 1072 se
3105 1033 3395 1082 conversa,
3445 1027 3614 1071 totam
3651 1034 3710 1070 se

451 1123 532 1157 σιν
564 1104 926 1175 ἀντισούμενα
946 1122 959 1136 ·
990 1101 1114 1161 εἶτα
1143 1107 1237 1160 καὶ
1265 1107 1476 1171 τούτοις
1521 1107 1720 1178 χρῆται
1752 1109 1886 1179 πρὸς
1919 1125 2022 1161 σω-

2169 1126 2363 1172 onesto
2392 1115 2487 1169 dat
2515 1123 2571 1169 et
2598 1113 3033 1183 pmnitentim,et
3055 1111 3522 1182 funditlacrymas
3551 1126 3711 1180 pares

448 1198 646 1268 τηρίαν
675 1192 760 1260 οἷς
795 1197 996 1269 ἐχρῆτο
1026 1199 1289 1270 πρότερον
1319 1201 1399 1262 είς
1422 1198 1720 1263 ἀπώλειαν,
1761 1200 1856 1254 καί
1886 1217 2028 1253 τισιν

2170 1207 2364 1261 ristino
2388 1205 2547 1270 risui,
2574 1202 2776 1258 deinde
2803 1203 2886 1256 eis
2903 1202 3078 1256 utitur
3101 1199 3170 1252 ad
3211 1200 3468 1262 salutem,
3502 1198 3712 1268 quibus

453 1290 740 1360 ἐπιτρέπει
797 1291 907 1344 τῶν
956 1292 1159 1360 ἑαυτῆς
1197 1290 1572 1356 συνεξελθοῦσι
1603 1290 1698 1344 τοῦ
1757 1290 1906 1360 ἱεροῦ
1951 1290 2030 1362 τῷ

2170 1296 2283 1350 rius
2301 1309 2395 1350 usa
2414 1293 2593 1348 fuerat
2611 1292 2679 1347 ad
2703 1292 3009 1356 interitum,
3031 1299 3086 1346 et
3102 1289 3263 1361 jubet
3292 1288 3625 1359 quibusdam
3645 1303 3710 1341 ex

452 1382 638 1455 Νάννῳ
665 1383 760 1439 καὶ
787 1383 1288 1455 συνακολουθήσασι
1313 1384 1408 1439 καὶ
1433 1385 1496 1454 δὴ
1523 1383 1619 1439 καὶ
1647 1384 2028 1453 θεασαμένοις,

2165 1389 2268 1450 uis,
2303 1395 2366 1443 ut
2392 1401 2516 1441 cum
2544 1385 2740 1440 Nonno
2770 1400 2800 1439 ο
2841 1383 3047 1452 templo
3073 1381 3448 1451 egredientes,
3495 1388 3552 1435 et
3584 1396 3712 1434 eum

453 1470 512 1528 οἶ
532 1475 629 1547 τὴν
663 1477 989 1546 κατοίκησιν
1017 1479 1276 1543 ποιεῖται,
1307 1478 1536 1548 τάχιστα
1569 1476 1906 1546 ἀπαγγέλλει
1939 1477 2032 1531 αύο

2166 1486 2554 1548 onsequentes,
2597 1492 2721 1530 cum
2773 1475 3014 1530 viderint
3051 1474 3146 1529 ubi
3175 1475 3406 1540 habitet,
3437 1473 3488 1527 ei
3524 1488 3718 1542 quam—

454 1570 520 1640 τῇ
553 1567 649 1621 καλ⁵
681 1567 758 1639 μὴ
798 1567 1016 1638 μέλλειν
1045 1569 1180 1639 πρὸς
1209 1569 1309 1640 τὴν
1344 1569 1611 1634 ἐπίταξιν.

2165 1572 2372 1625 ιτὶηιιηη
2399 1570 2743 1634 renuntient,
2767 1578 2823 1623 et
2849 1583 2958 1622 non
2985 1567 3244 1622 differant
3269 1567 3422 1638 jussa
3461 1565 3715 1634 exsequi.

526 1661 601 1715 Z'.
634 1658 840 1712 Τούτου
877 1659 942 1730 δὴ
978 1659 1274 1729 γενομένου
1318 1659 1415 1712 καὶ
1448 1660 1560 1712 τῶν
1605 1660 2032 1730 ἐκπεμφθέντων

2210 1663 2326 1719 Vll.
2353 1663 2492 1718 Cum
2529 1662 2634 1718 hoc
2662 1671 2844 1716 autem
2882 1661 3086 1716 factum
3117 1668 3265 1714 esset
3293 1675 3352 1714 et
3393 1658 3600 1713 reversi
3635 1674 3722 1712 es-

458 1747 869 1804 δπανελθόντων
900 1748 996 1803 καὶ
1024 1750 1084 1804 τὸ
1114 1751 1457 1822 προσταχθὲν
1486 1753 1878 1822 ἀγγειλάντων,
1914 1751 2038 1822 βου-

2165 1764 2285 1821 ηειιι,
2312 1755 2406 1825 qui
2450 1755 2604 1810 missi
2643 1754 2881 1820 fuerant,
2929 1762 2985 1808 et
3028 1749 3516 1807 renuntiassentid
3572 1753 3719 1819 quod

457 1845 554 1915 λὴν
589 1843 906 1914 βουλεύεται
933 1845 1190 1913 γενναίαν
1222 1845 1316 1898 καὶ
1347 1845 1608 1916 ἀνδρικὴν
1643 1848 1736 1900 καὶ
1779 1847 1916 1919 πρὸς
1947 1847 2036 1901 τὸν

2165 1854 2325 1904 uerat
2346 1848 2701 1918 imperatum,
2730 1859 3059 1917 generosum
3095 1853 3150 1898 et
3179 1843 3336 1897 virile
3362 1841 3512 1911 capit
3538 1841 3724 1894 consi—

461 1935 606 2007 ῑερὸν
653 1936 1092 2008 παρρησιάζεται
1147 1937 1369 2003 Νόννον,
1399 1939 1492 1992 καὶ
1543 1939 1608 2010 δὴ
1654 1939 1750 1994 καὶ
1798 1939 2038 1994 λαϐοῦσα

2165 1946 2315 2006 ium,
2371 1951 2427 1997 et
2482 1955 2606 1996 eum
2666 1939 2970 2009 accepisset
3019 1939 3262 1992 chartam
3299 1979 3313 2002 ,
3373 1942 3724 1991 sacrosancto

461 2029 667 2099 χάρτην
712 2028 1030 2102 διεχάραξεν
1064 2029 1273 2094 οὕτως·
1307 2032 1557 2085 Ἤκουσα
1608 2050 1703 2085 σου
1755 2033 1863 2086 τῶν
1905 2034 2040 2102 Χρι-

2165 2035 2341 2091 ionno
2362 2035 2540 2090 libere
2572 2035 2655 2090 sic
2684 2033 2881 2088 scribit
2915 2047 2928 2083 :
2964 2031 3188 2096 Audivi,
3238 2047 3270 2084 ο
3311 2029 3586 2098 discipule
3627 2027 3720 2081 Dei

463 2120 720 2185 στιανών,
754 2122 994 2192 Χριστοῦ
1032 2123 1274 2192 μαθητὰ,
1307 2123 1382 2187 ὥς
1405 2124 1540 2194 φησί
1566 2142 1668 2178 που
1698 2126 1809 2178 τῶν
1841 2126 2038 2180 ἑαυτοῦ

2165 2124 2780 2196 3hristianorum,quod
2814 2125 3020 2180 alicubi
3060 2125 3114 2178 in
3142 2125 3210 2178 iis
3239 2138 3362 2193 qua:
3391 2122 3460 2176 de
3495 2136 3563 2175 eo
3591 2119 3726 2174 scri-

463 2213 636 2281 λόγων
669 2216 698 2268 ό
746 2214 839 2278 σὸς
875 2215 1195 2286 Δεσπότης’
1235 2234 1254 2268 ι
1301 2217 1415 2271 Οὐκ
1463 2214 1627 2288 ἦλθον
1679 2218 1909 2273 καλέσαι
1967 2219 2043 2273 δι-

2165 2231 2238 2277 )ta
2277 2229 2426 2287 sunt,
2460 2219 2598 2274 dicit
2635 2227 2763 2273 tuus
2805 2217 3067 2271 Dominus
3102 2233 3114 2269 :
3173 2232 3189 2266 ι
3221 2215 3338 2268 Non
3368 2211 3494 2267 veni
3527 2227 3725 2266 vocare

2141 2313 2344 2384 justos,
2365 2310 2462 2366 sed
2494 2317 2812 2380 peccatores
2827 2307 2895 2362 ad
2921 2306 3299 2376 paenitentiam
3320 2303 3357 2370 ⁸,
3385 2323 3401 2354 ›
3427 2303 3648 2372 etquod
3671 2303 3724 2355 in

2147 2419 2341 2460 mensa
2379 2401 2645 2457 accubuit
2675 2416 2785 2454 una
2830 2415 2958 2454 eum
2991 2398 3326 2468 publicanis,
3375 2405 3432 2451 et
3473 2403 3728 2450 versatus

2148 2497 2254 2552 fuit
2282 2495 2446 2552 simul
2488 2509 2614 2548 cum
2646 2493 3056 2557 meretricibus,
3094 2499 3151 2545 et
3207 2504 3333 2544 cum
3378 2487 3724 2544 Samaritana

2151 2591 2370 2646 locutus
2399 2597 2485 2644 est
2522 2588 2590 2644 ad
2624 2596 2850 2658 puteum
2875 2587 2917 2651 ’,
2975 2594 3033 2639 et
3069 2585 3236 2639 verba
3295 2581 3449 2637 dedit
3480 2579 3727 2635 vicissim

2149 2690 2208 2736 et
2232 2682 2466 2751 accepit,
2499 2694 2663 2750 quem
2690 2679 2891 2732 timent
2918 2675 3224 2739 Cherubin,
3249 2682 3306 2729 et
3343 2687 3446 2728 nec
3477 2671 3726 2739 aspicere

464 2307 676 2373 καίους,
722 2308 856 2362 ἀλλὰ
884 2308 1242 2380 ἁμαρτωλοὺς
1281 2313 1362 2374 εἰς
1397 2312 1691 2380 μετάνοιαν
1715 2327 1730 2342 ο
1775 2330 1794 2364 ι
1833 2313 1930 2364 καὶ
1964 2313 2042 2376 ὡς

463 2401 530 2470 δὴ
559 2401 652 2454 καὶ
681 2399 945 2463 τελώναις
989 2402 1372 2472 συνανεκλίθη,
1418 2404 1516 2456 καὶ
1542 2403 1772 2474 πόρναις
1814 2421 2043 2458 συνανε-

466 2496 704 2566 στράφη,
747 2494 844 2548 καὶ
877 2493 1232 2567 Σαμαρείτιδι
1277 2493 1413 2566 πρὸς
1451 2494 1512 2547 τὸ
1543 2494 1722 2564 φρέαρ
1771 2494 2042 2566 ὡμίλησε,

467 2587 562 2642 καὶ
592 2589 750 2655 λόγου
807 2588 1036 2659 μετέσχε
1071 2605 1128 2640 τε
1166 2588 1258 2641 καὶ
1301 2587 1605 2657 μετέδωκεν
1649 2587 1709 2641 ὃν
1752 2587 2047 2659 τρέμειτά

468 2681 758 2754 χερουωμ,
786 2683 880 2735 καὶ
905 2682 1025 2735 οὐδὲ
1050 2681 1271 2752 βλέπειν
1303 2682 1485 2751 στέγει
1511 2683 1580 2735 τὶι
1609 2681 1872 2753 σεραφίμ.
1904 2681 2046 2735 Ἀλλ’

469 2774 523 2832 εἴ
567 2793 619 2828 τι
679 2775 744 2828 σὺ
778 2775 1024 2829 τοιούτου
1089 2776 1188 2846 μὲν
1243 2775 1430 2839 δοῦλος
1483 2775 1768 2840 δεσπότου,
1799 2774 2045 2829 τοιούτου

2165 2770 2376 2841 quidem
2405 2770 2685 2825 sustinent
2716 2767 3008 2837 Seraphin.
3046 2765 3235 2834 Itaque
3267 2764 3314 2818 si
3347 2773 3404 2818 tu
3436 2777 3495 2818 es
3531 2777 3728 2817 servus

468 2869 525 2922 δὲ
560 2867 810 2940 μαθητὴς
854 2869 1201 2932 διδασκάλου,
1232 2867 1407 2934 δεῖξον
1436 2871 1554 2931 τοῖς
1601 2868 1808 2939 ἔργοις,
1841 2868 1937 2922 καὶ
1971 2871 2047 2940 μὴ

2165 2857 2276 2912 ωΙίε
2313 2856 2553 2923 Domini,
2574 2864 2630 2911 et
2651 2855 2962 2926 discipulus
2996 2854 3120 2908 talis
3151 2853 3418 2922 magistri,
3462 2851 3514 2906 id
3543 2859 3730 2906 osten-

473 2960 702 3034 βδελύξῃ
757 2961 964 3032 πόρνην
993 2962 1233 3032 ὁμογενῆ
1290 2963 1384 3016 καὶ
1417 2961 1728 3032 ὁμόδουλον,
1780 2962 1918 3017 ἀλλά
1957 2965 2050 3016 καὶ

2165 2950 2223 3006 de
2261 2950 2440 3017 factis,
2471 2958 2528 3004 et
2560 2964 2663 3005 nec
2687 2949 2991 3005 abhorreas
3012 2945 3260 3017 ejusdem
3295 2953 3481 3000 tecum
3509 2944 3729 3014 generis

471 3055 736 3128 δεομένην
763 3056 863 3124 τῆς
907 3058 1006 3127 σῆς
1037 3057 1192 3127 ἱερᾶς
1221 3055 1455 3122 ἀξίωσον
1485 3054 1636 3119 θέας,
1674 3056 1769 3109 καὶ
1793 3055 2050 3126 ἐξομολοο

2165 3045 2508 3100 meretricem
2538 3053 2596 3100 et
2627 3057 2975 3108 conservam,
3016 3040 3110 3096 sed
3148 3039 3315 3095 etiam
3346 3046 3628 3108 rogantem
3651 3036 3731 3090 di-

474 3149 747 3220 γουμένην
783 3149 953 3217 δέξαι,
1000 3153 1096 3205 καὶ
1143 3149 1319 3204 σῶσον
1361 3149 1772 3222 ἀπολλυμένην,
1829 3153 1923 3206 καὶ
1956 3151 2052 3206 σοῦ

479 3243 644 3312 μόνου
675 3243 1002 3314 ὲξεχομένην
1033 3244 1126 3297 καὶ
1157 3244 1242 3297 σοὶ¹
1273 3243 1372 3308 τὰς
1415 3244 1638 3310 ἐλπίδας
1696 3245 2051 3302 σαλεύουσαν.

551 3425 633 3480 ll'.
668 3424 856 3479 Ταῦτα
913 3427 1206 3498 δεξάμενος
1257 3430 1286 3482 ό
1333 3429 1472 3500 ἱερὸς
1521 3428 1722 3501 ᾐδέσθη
1773 3429 1935 3502 ἀνὴρ,
1963 3431 2058 3484 καὶ

483 3519 632 3587 μόνῳ
666 3517 768 3587 μὲν
797 3520 1205 3576 ἀντεπιστέλλει
1256 3522 1330 3592 μὴ
1376 3523 1716 3594 προσελθεῖν,
1751 3523 1853 3593 ἤδη
1903 3523 1958 3576 δέ
1996 3540 2057 3576 τε

479 3611 714 3665 καὶτῶν
759 3611 963 3666 λοιπῶν
987 3614 1408 3683 ’συμπαρόντων
1452 3613 1758 3685 ἀρχιερέων
1789 3611 2060 3684 φανεροῦν

479 3704 681 3774 ἑαυτὴν
727 3705 823 3760 καὶ
851 3705 879 3758 ὃ
914 3704 1158 3776 βούλοιτο
1203 3705 1389 3774 λέγειν
1441 3705 1540 3758 καὶ
1585 3704 1955 3759 ἐκκαλύπτειν
1991 3703 2061 3759 τὰ

482 3797 704 3866 ἑαυτῆς.
749 3797 814 3850 Ἦ
844 3796 902 3851 δὲ
927 3797 1118 3852 τούτου
1163 3797 1406 3868 τυχοῦσα
1431 3798 1526 3851 τὸν
1561 3797 1757 3868 καιρὸν
1799 3797 2058 3866 ἁρπάζει,

484 3891 576 3944 καὶ
597 3891 784 3944 διώκει
806 3890 896 3945 τὸν
919 3890 1182 3954 σώζοντα.
1203 3892 1314 3946 Καὶ
1334 3889 1716 3945 καταλαϐοῦσα
1740 3891 1840 3962 τὴν
1865 3890 2061 3960 ἐκκλη-

485 3981 626 4047 σίαν,
661 3983 837 4054 πόρνη
870 4000 955 4047 τις
997 3978 1065 4053 ἦν
1087 3984 1222 4050 ἄλλη
1273 3983 1418 4038 κατὰ
1464 3983 1571 4053 γῆς
1627 3983 1938 4053 ὲρῤιμμένη
1969 3984 2065 4036 καὶ

485 4074 741 4128 κλίνουσα
768 4075 829 4130 τὸ
855 4075 986 4142 γόνυ
1015 4076 1110 4130 καὶ
1133 4077 1234 4146 τὴν
1262 4075 1444 4147 ψυχὴν
1471 4075 1565 4128 καὶ
1591 4075 1758 4138 πόδας
1789 4074 2063 4144 βρέχουσα

485 4165 592 4222 κάν
620 4165 696 4236 μὴ
713 4165 1090 4232 δεσποτικοὺς,
1117 4168 1235 4222 ἀλλ’
1264 4167 1358 4222 οὖν
1385 4167 1692 4239 ίερατικοὺς
1715 4170 1810 4222 καὶ
1829 4167 2064 4236 ώραίους

487 4258 582 4312 κα)⁸
618 4258 797 4330 ψυχῆς
825 4260 1047 4331 εἰρήνην
1070 4260 1287 4332 ἀληθῶς
1309 4262 1485 4315 εἰπεῖν
1513 4260 2059 4331 εύαγγελιζομένους,

488 4353 582 4454 και
613 4353 724 4454 οῦδ*
751 4354 817 4454 ἀν
855 4354 910 4408 εῐ
927 4371 980 4454 τι
1019 4356 1230 4422 γένοιτο
1266 4355 1530 4426 μεθήσειν
1557 4356 1826 4426 πρότερον
1860 4355 2063 4425 ἔφασκε
2097 4395 2142 4454 D

489 4441 617 4510 πρὶν
645 4442 676 4514 ἢ
715 4442 814 4514 τὴν
843 4444 912 4498 δι’
937 4443 1130 4508 ὕδατος
1167 4444 1307 4516 λάϐῃ
1344 4445 1440 4499 καὶ
1470 4444 1790 4511 Πνεύματος
1833 4445 2064 4514 ὰναγέν-

487 4551 664 4602 νησιν.
694 4535 803 4588 Καὶ
833 4530 902 4606 ἦν
930 4536 1080 4605 ἀγὼν
1119 4536 1455 4607 ἀμφοτέροις
1483 4535 1561 4608 τῷ
1597 4537 1696 4606 μὲν
1723 4538 1910 4589 πεῖσαι
1933 4537 2066 4590 ταύ-

486 4642 587 4696 την
617 4627 726 4680 τῶν
751 4626 930 4681 ποδῶν
963 4630 1246 4700 ἀφεμένην
1270 4629 1654 4699 ἐξαναστῆναι,
1685 4631 1752 4700 τῇ
1773 4628 1828 4681 δὲ
1859 4628 2065 4682 τούτων

487 4716 708 4785 ἔχεσθαι
744 4718 968 4788 μᾶλλον.
1005 4721 1114 4774 Καὶ
1164 4721 1270 4791 πρὸ
1299 4721 1393 4774 τοῦ
1418 4720 1647 4790 λουτροῦ
1701 4721 1971 4792 κάθαρσις
1996 4715 2066 4791 ἦν

487 4807 621 4877 ἄλλη
648 4809 744 4862 καὶ
793 4810 1049 4879 δακρύων
1089 4813 1355 4884 λουτρὼν,
1401 4812 1497 4865 τοῦ
1540 4812 2066 4882 πνευματικωτέρου

485 4899 688 4970 δηλαδὴ
706 4901 764 4953 τὸ
793 4902 1220 4975 ἐπιπονώτερον.
1247 4901 1436 4957 Ταῦτα
1462 4903 1558 4958 καὶ
1588 4903 1741 4973 παρά
1767 4903 1878 4957 τῶν
1897 4900 2067 4973 δρών-

488 4993 866 5066 τωκηδάκρυον
921 4996 1260 5063 ἐξεκαλεῖτο,
1297 4998 1394 5052 καὶ
1441 4992 1508 5070 ἦν
1539 4997 1726 5061 αὐτοῖς
1769 4995 1917 5067 λύπη
1960 5013 2066 5062 τις,

491 5087 751 5155 ἐκπλήξει
800 5089 894 5143 καὶ
942 5090 1102 5162 ἡδονῇ
1139 5090 1470 5162 σύγκρατος,
1510 5091 1620 5144 τῶν
1655 5089 1908 5162 δακρύων
1969 5089 2069 5156 μὲν

490 5177 630 5248 αὐτῇ
683 5181 1090 5235 κοινωνούντων
1149 5186 1244 5236 καὶ
1308 5182 1742 5253 συναλγούντων,
1809 5182 1904 5235 καὶ
1969 5179 2070 5248 τὴν

493 5267 676 5322 πίστιν
698 5271 1177 5342 ἐκπληττομένων,
1211 5275 1518 5345 χαιρόντων
1549 5275 1606 5328 δὶ
1662 5275 1758 5328 καὶ
1787 5273 2068 5345 ἡδομένων

490 5363 555 5428 τῇ
586 5362 852 5435 σωτηρίᾳ,

563 5537 620 5586 θ’
678 5537 810 5595 Εἶτα
846 5545 1000 5613 μόλις
1029 5546 1345 5617 πεισθείσης
1386 5548 1480 5599 καὶ
1512 5547 1821 5617 dianam;
1862 5545 1954 5601 καὶ
1979 5543 2071 5597 τοῦ

565 5710 581 5738 ‘
625 5709 817 5767 Matth.
857 5731 932 5781 ις,
971 5716 1052 5771 l3.
1134 5720 1327 5772 'aoan.
1365 5733 1436 5777 tv,
1473 5718 1491 5770 l
1532 5733 1613 5778 sq.

2158 3153 2326 3209 gnare
2354 3153 2512 3192 sacro
2537 3145 2631 3192 tuo
2652 3144 2906 3208 aspectu,
2935 3142 2993 3190 et
3027 3133 3247 3202 suscipe
3267 3130 3646 3194 conﬁtentem,
3676 3137 3733 3184 et

2158 3247 2320 3286 serva
2355 3241 2700 3302 pereuntem,
2733 3238 2790 3286 et
2813 3245 2843 3284 a
2873 3237 2926 3284 te
2953 3228 3072 3283 solo
3103 3226 3460 3299 pendentem,
3493 3233 3548 3280 et
3579 3239 3732 3299 spem

2161 3326 2216 3380 in
2255 3335 2304 3381 te
2340 3326 2728 3380 collocantem.

2231 3419 2367 3475 Vill.
2401 3418 2526 3474 Haec
2579 3434 2704 3474 cum
2742 3417 3048 3488 accepisset
3075 3417 3159 3470 vir
3193 3423 3600 3479 sacrosanctus,
3652 3428 3738 3468 εει

2161 3513 2454 3575 reveritus,
2475 3519 2530 3564 et
2553 3509 2812 3564 rescribit
2841 3525 2910 3564 ne
2935 3507 3002 3561 ad
3033 3506 3210 3562 solum
3237 3503 3460 3574 quidem
3489 3501 3733 3563 accedat.

2161 3603 2256 3659 sed
2291 3619 2416 3658 cum
2445 3603 2556 3674 jam
2591 3601 2754 3657 simul
2798 3599 2998 3668 reliqui
3027 3597 3291 3652 aﬂ‘uerint
3323 3595 3635 3664 pontiﬁces,
3681 3610 3739 3648 se

2164 3693 2327 3748 sistat
2368 3701 2424 3747 et
2467 3691 2618 3746 dicat
2649 3689 2796 3760 quod
2850 3689 3004 3754 velit,
3036 3697 3093 3743 et
3136 3704 3202 3742 ea
3234 3703 3358 3757 quae
3389 3697 3641 3756 spectant
3673 3687 3738 3740 ad

2164 3785 2340 3855 ipsum
2383 3784 2619 3853 aperiat.
2677 3782 2775 3836 Illa
2815 3789 2998 3836 autem
3048 3796 3174 3835 cum
3217 3781 3322 3834 hoc
3369 3781 3741 3849 impetrasset,

2165 3875 2362 3944 arripit
2395 3874 2747 3929 occasionem
2787 3883 2844 3928 et
2874 3873 3129 3942 sequitur
3163 3886 3291 3926 eum
3331 3871 3426 3940 qui
3469 3871 3561 3924 dat
3599 3871 3744 3923 salu-

2167 3977 2298 4022 tem.
2332 3966 2400 4022 Et
2445 3982 2570 4020 cum
2601 3965 2849 4022 venisset
2892 3964 2963 4018 ad
2995 3963 3312 4027 ecclesiam,
3349 3973 3470 4017 erat
3492 3963 3740 4032 quaedam

2165 4058 2272 4113 alia
2301 4057 2565 4112 meretrix
2591 4056 2746 4112 humi
2785 4056 2991 4128 iacens,
3025 4063 3080 4108 et
3117 4070 3258 4124 genu
3287 4054 3512 4108 ﬂectens
3539 4062 3594 4108 et
3628 4053 3746 4108 ani-

2168 4164 2337 4213 mam,
2369 4157 2426 4204 et
2458 4149 2628 4218 pedes
2656 4149 2862 4219 rigans,
2901 4147 2946 4201 si
2972 4162 3079 4200 non
3107 4146 3444 4210 Dominicos,
3474 4155 3530 4198 at
3565 4160 3747 4200 sacer-

2174 4240 2388 4296 dotales
2414 4240 2639 4311 quidem
2668 4248 2839 4303 certe,
2869 4247 2926 4294 et
2945 4238 3226 4308 speciosos
3247 4247 3303 4293 et
3327 4253 3518 4308 pacem
3551 4237 3747 4292 anima:

2171 4330 2258 4400 (ut
2285 4345 2416 4385 vere
2450 4330 2654 4399 dicam)
2683 4329 3147 4399 evangelizantes.
3175 4325 3315 4393 Qua:
3331 4326 3572 4390 dicebat,
3596 4328 3748 4381 nulla

2171 4423 2401 4478 omnino
2452 4421 2571 4478 fore
2610 4421 2850 4487 ratione,
2916 4429 2978 4474 ut
3004 4419 3215 4490 aliquid
3251 4419 3512 4485 disceret,
3567 4420 3752 4489 prius—

2168 4533 2336 4588 quam
2398 4515 2879 4588 regenerationem
2930 4513 3236 4582 accepisset
3297 4526 3397 4582 per
3449 4527 3649 4582 aquam
3698 4521 3754 4566 et

2173 4609 2466 4681 Spiritum.
2497 4609 2566 4664 Et
2599 4615 2721 4663 erat
2750 4607 3000 4676 utrisque
3035 4614 3344 4670 certamen,
3396 4605 3475 4658 illi
3524 4603 3750 4672 quidem

2171 4712 2235 4758 ut
2272 4702 2323 4756 ei
2365 4700 2725 4772 persuaderet
2747 4714 2976 4768 surgere
3008 4698 3252 4752 dimissis
3278 4711 3472 4751 eorum
3492 4695 3750 4765 pedibus,

2173 4794 2304 4848 huic
2336 4803 2520 4848 autem
2547 4801 2608 4846 ut
2642 4792 2724 4846 eis
2746 4791 2921 4861 magis
2944 4790 3200 4843 hzcreret.
3221 4789 3289 4842 Et
3313 4796 3438 4841 ante
3468 4786 3750 4840 lavacrum

2172 4894 2295 4941 erat
2330 4886 2436 4940 alia
2465 4883 2739 4954 purgatio,
2772 4891 2828 4937 et
2857 4884 3139 4936 lavacrum
3184 4880 3553 4948 lacrymarum
3589 4877 3755 4946 spiri—

2175 4978 2355 5032 taliori
2409 4977 2621 5031 scilicet
2677 4973 3033 5029 laboriosius.
3071 4972 3201 5025 Haec
3234 4984 3332 5024 eos
3360 4967 3452 5037 qui
3493 4967 3758 5023 videbant

2174 5068 2553 5142 provocabant
2604 5068 2670 5122 ad
2723 5069 3019 5136 laerymas,
3076 5072 3311 5131 eratque
3355 5061 3438 5116 eis
3504 5060 3755 5129 quaedam

2177 5163 2426 5228 tristitia,
2463 5170 2689 5230 stupore
2721 5169 2776 5213 et
2798 5160 3077 5227 voluptate
3115 5163 3552 5223 conlernperata.
3575 5162 3635 5207 ut
3663 5153 3756 5222 qvi

2178 5275 2304 5314 cum
2337 5257 2502 5311 ﬂente
2525 5254 2749 5324 quidem
2782 5267 2912 5305 suas
2941 5251 3216 5320 lacrymas
3247 5247 3677 5318 coniungerent,
3703 5253 3760 5300 et

2179 5365 2306 5406 cum
2355 5348 2578 5403 dolente
2637 5345 2926 5406 dolerent,
2977 5344 3252 5412 iidemque
3293 5341 3416 5411 ejus
3447 5347 3755 5412 stuperent,

2181 5443 2358 5500 salute
2389 5449 2571 5495 autem
2604 5441 2723 5512 ejus
2753 5437 3081 5508 gauderent.

2256 5531 2586 5589 lX.Deindc
2648 5547 2772 5586 cum
2828 5530 2914 5586 vix
2984 5546 3246 5600 persuasa
3306 5533 3655 5592 surrexisset,
3705 5537 3760 5583 et
