4142 6384
442 324 546 389 915

1569 319 1955 383 ᾹΒΟΕΝΒΑ.
1989 344 2062 358 ·-
2099 322 2544 390 NOVEMBEB.

3561 322 3675 387 916

435 449 822 501 sacrosanctus
846 439 1078 496 Nonnus
1128 444 1404 510 quaereret
1458 436 1896 508 ﬁdejussioncm,
1950 446 2007 494 et

2121 442 2261 514 ἱεροῦ
2302 442 2507 499 Νόννου
2531 444 2735 514 ἐγγύας
2782 442 3072 518 ζητοῦντος
3111 445 3206 499 καὶ
3233 442 3677 512 ἀναϐαλλομένου

437 537 690 593 diﬁ'erret
712 533 1105 604 expiationem,
1141 532 1231 586 illa
1275 546 1472 587 rursus
1497 531 1739 601 procidit
1765 531 1835 585 ad
1883 532 2006 601 ejus

435 630 624 700 pedes,
648 634 704 681 et
723 625 946 681 easdem
983 625 1186 681 emittit
1210 639 1397 679 voces.
1432 624 1522 690 Et,
1554 623 1636 677 Tu
1661 638 1852 677 eorum
1884 638 2006 692 qua:

434 721 542 776 l’eci
572 719 775 775 reddes
819 720 1115 785 rationem,
1146 718 1385 782 dicebat,
1419 732 1453 772 ο
1503 715 1600 772 Dei
1647 715 1914 787 pontifex,
1950 724 2007 770 et

436 814 685 867 mearum
716 811 1072 880 iniquitatum
1111 810 1211 865 tibi
1240 809 1549 865 ascribetur
1594 806 1910 871 multitudo,
1958 807 2007 860 si

432 903 895 959 illuminationem
924 902 1150 957 diﬁcras
1173 910 1231 958 et
1267 902 1621 971 baptismum,
1650 908 1707 955 et
1734 899 1802 954 ad
1827 914 2005 955 meam

434 1010 546 1050 non
577 1010 845 1065 properes
879 994 1135 1061 salutem,
1165 994 1253 1048 vel
1284 1009 1372 1050 me
1403 993 1775 1063 Spiritualiter
1826 992 2008 1061 parias

434 1096 491 1141 et
519 1102 835 1156 regeneres,
872 1094 970 1141 aut
1015 1101 1107 1141 me
1154 1085 1320 1142 hodie
1350 1084 1613 1139 mundam
1648 1100 1907 1154 sponsam
1941 1084 2005 1137 ad

435 1179 701 1233 mundum
768 1178 1013 1234 adducas
1064 1193 1331 1249 sponsum
1392 1186 1449 1233 et
1500 1178 1722 1233 Christo
1782 1175 2002 1229 oﬁ‘etas.

437 1270 681 1324 Tandem
717 1271 1047 1339 persuadet;
1077 1278 1133 1325 et
1164 1285 1291 1324 cum
1330 1268 1684 1332 surrexisset,
1712 1266 2008 1322 conﬁtetur

435 1374 491 1418 et
536 1362 780 1417 divinam
830 1363 1055 1418 invocat
1107 1362 1562 1426 clementiam,et
1608 1360 1757 1430 quod
1785 1368 1932 1414 esset
1954 1357 2008 1413 ei

434 1470 637 1510 nomen
665 1471 694 1508 a
720 1456 1013 1525 juventute
1042 1464 1231 1525 rogata
1259 1454 1328 1508 ab
1351 1454 1635 1524 episcopo,
1659 1452 1799 1521 dixit
1832 1466 1893 1505 se
1938 1450 2007 1506 ab

435 1548 598 1603 initio
637 1549 864 1619 quidem
896 1548 1068 1603 fuisse
1109 1548 1179 1602 ab
1209 1548 1471 1602 omnibus
1530 1553 1779 1600 vocatam
1828 1552 1885 1598 et
1913 1558 2011 1597 no-

437 1639 699 1693 minatam
735 1639 1008 1708 Pelagiani
1032 1655 1046 1703 ;
1069 1638 1445 1693 Antiochenos
1463 1645 1647 1692 autem
1670 1649 2007 1705 gemmarum

435 1741 493 1788 et
523 1731 977 1801 margaritarum,
1018 1746 1138 1801 quae
1169 1731 1224 1784 in
1256 1731 1372 1801 ipsa
1411 1738 1574 1785 erant
1594 1727 2006 1783 multitudinem

440 1824 744 1878 admiratos
789 1831 845 1878 ct
870 1821 1342 1893 pulchritudinem
1378 1814 1603 1878 vocasse
1643 1821 2010 1891 Margaritam,
2046 1799 2085 1855 Β

441 1917 661 1972 inventa
725 1917 1097 1986 appellatione
1155 1932 1222 1971 ex
1284 1916 1509 1971 nomine
1570 1929 1764 1970 eorum
1809 1913 2014 1981 quibus

439 2011 765 2065 ornabatur.
822 2012 924 2066 Hic
969 2012 1204 2080 primam
1256 2011 1455 2080 recipit
1495 2008 1921 2079 appellationem
1959 2015 2016 2062 et

440 2113 666 2159 vocatur
697 2104 933 2174 Pelagia,
968 2114 1023 2159 et
1051 2106 1330 2160 lavacrum
1373 2103 1607 2173 suscipit
1652 2110 1709 2157 et
1739 2102 2013 2171 expiatur,

436 2204 494 2251 et
527 2206 806 2268 unguento
834 2196 1080 2265 ungitur,
1110 2196 1279 2267 (itque
1312 2196 1592 2266 particeps
1620 2192 1934 2249 intemerati
1961 2200 2016 2246 et

441 2287 721 2344 incruenti
754 2288 1036 2344 sacriﬁcii.
1083 2288 1152 2343 Et
1185 2296 1307 2342 erat
1352 2297 1483 2342 tunc
1529 2285 1894 2340 Antiochenis
1922 2298 2019 2352 pu-

442 2381 587 2436 blica
624 2389 681 2435 et
713 2381 1023 2435 communis
1045 2380 1259 2445 laetitia,
1296 2394 1422 2436 cum
1454 2376 1763 2434 communis
1790 2376 2016 2446 quidam

441 2472 618 2527 hostis
634 2474 742 2526 iam
772 2472 1067 2527 cecidisset
1091 2480 1150 2528 et
1165 2480 1312 2527 esset
1341 2478 1654 2540 superatus,
1675 2469 2019 2524 exsultarent

442 2572 625 2619 autem
652 2562 864 2630 ﬁdeles,
894 2573 951 2620 et
978 2563 1125 2618 illius
1147 2564 1386 2618 salutem
1428 2578 1583 2618 suam
1636 2559 2018 2629 unusquisque

443 2657 726 2728 propriam
749 2655 963 2713 diceret
986 2664 1043 2711 et
1069 2663 1311 2726 putaret.

515 2831 585 2887 X.
625 2833 734 2889 Sed
788 2834 938 2888 enim
976 2833 1120 2889 solet
1166 2832 1357 2889 nescio
1397 2830 1679 2903 quomodo
1726 2840 2021 2901 superatus

446 2924 708 2980 inimicus
738 2924 863 2979 ﬁeri
912 2923 1311 2994 impudentior.
1343 2922 1714 2990 Quamobrem
1763 2920 1874 2992 pati
1907 2935 2020 2975 non

444 3017 627 3087 potuit
643 3026 856 3073 tantum
871 3010 1036 3073 suum
1060 3016 1325 3084 dedecus,
1347 3031 1528 3086 neque
1546 3023 1750 3079 tantam
1777 3012 2020 3075 ﬁdelium

2110 535 2208 607 τὴν
2239 537 2512 609 κάθαρσιν
2557 536 2717 590 πάλιν
2748 538 2929 610 ἐκείνη
2958 538 3067 591 τῶν
3112 536 3279 590 αὐτοῦ
3320 534 3497 589 ποδῶν
3527 534 3678 602 γίνεο

2109 645 2222 693 ται,
2253 633 2348 684 καί¹
2378 629 2477 693 τὰς
2498 628 2669 693 αὑτὰς
2694 630 2970 700 ἐκπέμπει
3017 629 3223 699 φωνὰς,
3260 628 3379 692 καὶ,
3421 627 3492 679 Σὺ
3516 626 3676 695 λόγον

2109 713 2184 774 ὧν
2216 719 2426 790 ἔπραξα
2453 721 2666 785 δώσεις,
2696 720 2903 789 ἐλεγεν,
2952 719 3210 791 ἁρχιερεῦ
3255 719 3349 774 τοῦ
3380 717 3539 782 Θεοῦ,
3583 716 3678 769 καὶ

2113 813 2199 868 col.
2229 812 2337 866 τῶν
2363 813 2512 883 ἐμῶν
2533 813 2771 881 ἀνομιῶν
2797 812 3232 883 ἐπιγραφήσεται
3260 812 3292 881 ἡ
3317 810 3552 882 πληθὺς,
3582 810 3677 863 ἐὰν

2112 906 2329 977 ὑπέρθῃ
2361 906 2452 958 τὸν
2492 905 2776 973 φωτισμὸν
2841 905 2936 959 καὶ
2989 904 3237 974 ἀναϐάλῃ
3274 903 3334 956 τδ
3373 902 3678 972 βάπτισμα,

2109 999 2205 1052 καὶ
2237 998 2311 1067 μὴ
2351 996 2596 1067 σπεύσῃς
2628 997 2752 1066 μηδ’
2800 996 3059 1067 ἐπειχθῇς
3091 995 3229 1065 πρὸς
3258 994 3358 1064 τὴν
3401 994 3541 1061 ἐμὴν
3583 1010 3686 1045 σω-

2109 1090 2329 1161 τηρίαν,
2352 1090 2446 1143 καί⁵
2484 1090 2867 1160 πνευματικῶς
2916 1090 3184 1161 ὠδινήσῃς
3223 1089 3319 1143 καὶ
3377 1086 3681 1157 ἀναγεννή-

2113 1199 2233 1254 σῃς,
2268 1185 2362 1239 καὶ
2404 1183 2623 1255 νύμφην
2655 1199 2721 1252 με
2754 1185 2995 1255 σήμερον
3046 1181 3295 1252 καθαρὰν
3328 1178 3406 1252 τῷ
3457 1178 3686 1250 καθαρῷ

2111 1275 2473 1348 προσαγάγῃς
2501 1275 2743 1346 νυμφίῳ,
2771 1276 2867 1329 καὶ
2904 1276 3266 1346 παραστήσῃς
3305 1273 3548 1343 Χριστῷ.
3576 1273 3648 1325 Τέ
3666 1302 3683 1312 ο

2110 1367 2201 1430 λος
2244 1367 2443 1431 πείθει,
2474 1369 2568 1421 καὶ
2612 1368 2894 1422 ἀναστᾶσα
2949 1368 3382 1437 ἐξομολογεῖται,
3436 1364 3533 1418 καὶ
3580 1363 3687 1434 τὴν

2112 1458 2268 1513 θείαν
2300 1459 2615 1513 ἐκκαλεῖται
2655 1458 3088 1530 φιλανθρωπίαν.
3126 1459 3238 1513 Καὶ
3268 1456 3322 1510 τί
3359 1456 3501 1527 αὐτῇ
3538 1456 3599 1508 τὸ
3619 1457 3683 1509 ἐκ

2111 1552 2358 1621 νεότητος
2406 1551 2576 1622 ὄνομα
2630 1552 2782 1622 παρὰ
2815 1549 2911 1605 τοῦ
2964 1550 3262 1603 ἐπισκόπου
3316 1546 3682 1619 ἐρωτηθεῖσα,

2113 1646 2357 1713 Πελαγία
2394 1647 2493 1717 μὲν
2518 1646 2704 1714 ἔλεγεν
2733 1645 2792 1711 ἐξ
2820 1646 3077 1714 ὑπαρχῆς
3107 1643 3392 1696 καλεῖσθαι
3423 1640 3558 1695 πᾶσι
3586 1641 3686 1694 καὶ

2114 1736 2502 1807 ὀνομάζεσθαι,
2544 1736 2852 1808 Ἀντιοχέας
2880 1735 2957 1800 δὲ,
2984 1735 3045 1788 τό
3064 1752 3120 1788 τε
3148 1733 3353 1804 πλῆθος
3375 1733 3468 1786 καὶ
3491 1731 3687 1796 κάλλος

2114 1829 2224 1882 τῶν
2275 1829 2334 1883 ἐν
2380 1828 2518 1899 αὐτῇ
2549 1827 2715 1881 λίθων
2745 1828 2837 1895 καὶ
2886 1826 3189 1898 μαργάρων
3242 1822 3684 1894 τεθαυμακότας.

2115 1919 2458 1992 Μαργαριτὼ
2485 1920 2677 1974 καλεῖν
2713 1916 2796 1983 οἷς
2823 1921 3111 1989 ἐκοσμεῖτο
3156 1916 3355 1987 κλῆσιν
3389 1915 3687 1986 προσεξευ-

2119 2016 2314 2087 ρόντας
2357 2012 2700 2085 φερώνυμον.
2737 2011 3002 2066 Ἐνταῦθα
3035 2010 3135 2081 τὴν
3175 2009 3396 2081 πρώτην
3439 2006 3688 2076 ἀναλαμ-

2116 2104 2270 2158 ϐάνει
2300 2103 2515 2174 κλῆσιν,
2552 2103 2649 2157 καὶ
2711 2102 2956 2171 Πελαγία
3011 2100 3285 2166 καλεῖται,
3322 2101 3419 2153 καὶ
3476 2096 3690 2168 δέχεται

2116 2195 2178 2249 τὸ
2207 2194 2453 2266 λουτρὸν,
2488 2196 2582 2250 καὶ
2613 2194 2962 2265 καθαίρεται,
2995 2192 3091 2246 καὶ
3132 2190 3291 2262 μύρῳ
3320 2191 3561 2261 χρίεται,
3596 2188 3692 2242 καὶ

2122 2286 2351 2356 μέτοχος
2379 2286 2480 2354 τῆς
2525 2285 2796 2355 ἀχράντου
2829 2287 2923 2339 καὶ
2952 2281 3297 2353 ἀναιμάκτου
3331 2280 3520 2343 θυσίας
3544 2279 3693 2347 γίνε-

2118 2395 2230 2434 ται.
2266 2378 2375 2433 Kal.
2430 2373 2500 2448 ἦν
2538 2394 2624 2441 τις
2663 2375 3028 2448 ’Δντιοχεῦσιν
3058 2375 3366 2446 εὐφροσύνη
3402 2373 3522 2427 τότε
3558 2372 3693 2424 πάν-

2118 2471 2291 2540 δημος
2328 2471 2428 2524 καὶ
2450 2471 2625 2540 κοινὴ,
2659 2469 2756 2521 τοῦ
2793 2468 2895 2539 μὲν
2927 2470 3106 2522 κοινοῦ
3136 2466 3398 2536 πολεμίου
3434 2465 3692 2526 πεσόντος

2119 2562 2220 2634 ἥδη
2245 2563 2340 2616 καὶ
2358 2561 2705 2632 ἡττηθέντος,
2718 2560 2827 2614 τῶν
2842 2559 2898 2613 δὲ
2921 2558 3129 2614 πιστῶν
3148 2557 3574 2626 ἁγαλλιωμένων
3597 2554 3691 2607 καὶ

2119 2651 2220 2723 τὴν
2250 2653 2472 2722 ἐκείνης
2517 2651 2794 2723 σωτηρίαν
2839 2649 2976 2703 ίδίαν
3015 2648 3246 2702 ἑκάστου
3296 2649 3390 2703 καὶ
3420 2644 3691 2713 λεγόντων

2119 2747 2218 2799 καὶ
2240 2742 2592 2814 νομιζόντων.

2192 2833 2249 2891 1'.
2300 2834 2463 2891 Ἀλλὰ
2503 2833 2615 2904 γὰρ
2668 2833 2818 2903 φιλεῖ
2850 2849 2966 2896 πως
3016 2834 3044 2887 ό
3096 2831 3327 2903 πονηρὸς
3375 2827 3692 2900 ἡττώμενος

2124 2928 2508 2998 ἀναιδέστερος
2533 2926 2783 2995 γίνεσθαι
2804 2941 2817 2955 ·
2846 2925 2969 2979 ὅθεν
2999 2927 3100 2979 οὐκ
3129 2925 3330 2997 ἤνεγκε
3363 2924 3461 2990 τὴν
3492 2916 3691 2974 ἑαυτοῦ

2122 3020 2392 3090 τοσαύτην
2420 3017 2704 3089 αἰσχύνην,
2735 3017 2857 3070 οὐδὲ
2900 3016 2996 3088 τὴν
3020 3015 3291 3087 τοσαύτην
3327 3014 3435 3068 τῶν
3482 3011 3695 3066 πιστῶν

447 3113 758 3185 spiritalem
787 3115 1153 3184 voluptatem.
1191 3112 1300 3168 Sed
1347 3111 1775 3168 transformatus
1830 3109 1886 3164 in
1915 3108 2016 3162 ho-

2123 3112 2509 3183 πνευματικὴν
2538 3108 2754 3181 ἡδονὴν,
2795 3108 2931 3163 ἀλλὰ
2975 3108 3040 3180 δὴ
3075 3106 3466 3179 σχηματισθεὶς
3494 3107 3576 3166 είς
3594 3102 3694 3159 ’ἄνθ

446 3203 652 3259 minem
683 3202 850 3272 is,qui
872 3202 1002 3257 odio
1039 3202 1207 3258 habet
1236 3202 1512 3268 homines,
1562 3209 1620 3256 et
1658 3214 1928 3270 apparens
1960 3198 2019 3252 in

447 3294 631 3355 medio
662 3296 933 3360 omnium,
981 3294 1209 3364 capillos
1250 3294 1484 3357 vellens,
1515 3301 1572 3347 et
1608 3293 1851 3363 seipsum
1900 3290 2023 3360 pul-

447 3399 578 3441 sans
633 3400 699 3440 ac
750 3385 1005 3440 lacerans
1058 3384 1317 3439 omnibus
1363 3385 1724 3450 videntibus,
1780 3383 2020 3453 primum

447 3477 673 3547 quidem
704 3476 1116 3537 vociferabatur
1147 3476 1415 3532 adversus
1440 3485 1852 3530 sacrosanctum
1876 3475 2025 3530 Non-

445 3583 602 3632 num,
643 3576 699 3622 et
718 3567 1024 3623 alﬁrmabat
1046 3583 1105 3623 se
1143 3569 1210 3622 ab
1233 3582 1301 3623 eo
1326 3565 1497 3622 fuisse
1526 3583 1721 3638 magna
1760 3567 2024 3621 aﬁ‘ectum

448 3660 680 3730 injuria,
725 3669 783 3715 et
810 3661 1087 3729 privatum
1113 3659 1182 3714 iis
1225 3675 1348 3730 quae
1388 3659 1445 3714 in
1493 3674 1552 3715 se
1594 3668 1754 3714 erant
1779 3658 2021 3713 viribus.

447 3749 658 3806 Deinde
695 3750 861 3805 etiam
895 3748 1248 3819 impudenter
1290 3748 1560 3804 accedens
1606 3748 1673 3805 ad
1726 3748 2021 3817 Pelagiam,

446 3856 570 3897 eam
595 3840 954 3911 proditricem
988 3842 1222 3897 vocabat
1241 3851 1300 3899 et
1334 3842 1637 3898 inﬁdelem.
1662 3841 1749 3909 Et,
1777 3840 1910 3906 Cur,
1940 3840 2024 3894 in-

448 3933 592 4004 quit,
625 3942 778 3988 tuum
836 3933 1124 4005 abnegasti
1169 3941 1225 3988 et
1272 3948 1333 3989 es
1379 3948 1602 3989 assensa
1652 3932 1877 3988 alieno?
1926 3931 2041 4007 Illa_

448 4036 637 4083 autem
666 4027 929 4084 extendit
947 4043 1173 4083 manum
1202 4037 1260 4084 et
1285 4027 1584 4099 malignum
1610 4028 1796 4098 pulsat
1826 4042 2021 4081 cruce.

449 4120 640 4176 Hostis
666 4137 802 4177 vero
847 4122 1106 4192 protinus
1158 4124 1406 4178 evanuit.
1452 4122 1521 4178 Et
1557 4137 1627 4178 ne
1672 4121 1753 4177 sic
1797 4121 2029 4190 quidem

450 4214 658 4271 desinit
695 4230 817 4272 esse
857 4215 1154 4286 impudens
1200 4225 1257 4271 et
1294 4230 1324 4270 a
1377 4224 1561 4286 empto
1625 4214 1865 4280 desistit,
1924 4213 2025 4269 sed

454 4323 576 4363 eam
614 4324 810 4364 rursus
850 4317 1027 4364 tentat
1060 4320 1117 4365 et
1161 4310 1495 4381 aggreditur,
1542 4318 1600 4363 ct
1630 4308 1811 4364 media
1860 4316 2025 4362 nocte

451 4401 519 4455 ad
560 4416 682 4456 eam
715 4399 986 4456 accedens
1029 4401 1238 4457 assistit
1271 4409 1327 4456 et
1359 4416 1479 4456 eam
1520 4401 1741 4467 excitat,
1783 4409 1841 4455 et
1890 4397 2028 4452 dicit

2125 3204 2381 3275 θρωπονό
2396 3202 2808 3273 μισάνθρωπος,
2825 3202 2921 3255 καὶ
2944 3202 3103 3270 μέσος
3125 3201 3344 3254 πάντων
3370 3198 3579 3267 φανεὶς,
3594 3197 3694 3258 τὰς

2124 3300 2312 3368 χεῖρας
2347 3294 2486 3364 ἒχων
2532 3295 2626 3349 ἐπὶ
2663 3294 2762 3364 τῆς
2798 3293 3047 3362 κεφαλῆς
3095 3292 3189 3346 καὶ
3231 3293 3453 3345 κόπτων
3499 3289 3695 3343 ἑαυτὸν

2126 3387 2345 3440 πάντων
2386 3384 2660 3454 ὁρώντων.
2694 3384 2910 3454 πρῶτον
2943 3384 3040 3453 μὲν
3098 3383 3333 3436 κατεϐόα
3386 3380 3483 3434 τοῦ
3546 3376 3692 3449 ἱεροῦ

2122 3479 2327 3533 Νόννου
2363 3479 2459 3531 καὶ
2504 3475 2808 3529 ἀδικεῖσθαι
2854 3475 3144 3528 διετείνετο
3183 3474 3257 3526 τὰ
3297 3473 3530 3541 μέγιστα
3562 3471 3692 3538 παρ’

2124 3569 2290 3626 αὑτοῦ
2321 3560 2413 3625 καὶ
2441 3573 2541 3633 τὰς
2568 3568 2734 3632 ούσας
2757 3568 2904 3639 αὐτῷ
2927 3567 3189 3637 δυνάμεις
3216 3563 3574 3635 ἅφαιρεῖσθαι
3599 3563 3693 3615 καὶ

2126 3660 2556 3733 περικόπτεσθαι
2577 3677 2592 3693 ο
2622 3655 2742 3713 εἶτα
2776 3658 2871 3713 καὶ
2900 3661 2965 3729 τῇ
2999 3658 3243 3728 Πελαγίᾳ
3274 3655 3495 3727 ἀναιδὴς
3527 3671 3691 3725 προσ⁸

2126 3756 2297 3810 ελθὼν
2339 3752 2611 3824 προδότην
2646 3752 2815 3822 αὐτὴν
2850 3754 2945 3806 καὶ
2969 3750 3199 3805 ἄπιστον
3251 3747 3542 3811 ἀπεκάλει,
3576 3748 3691 3812 καὶ,

2129 3848 2245 3901 ’Ίνα
2276 3846 2350 3911 τί,
2380 3845 2536 3914 φησὶ,
2558 3843 2650 3898 τὸν
2682 3844 2773 3897 σὺν
2807 3845 3032 3914 ἠρνήσω
3060 3845 3154 3897 καὶ
3183 3840 3543 3911 τῷρλλοτρίῳ
3568 3856 3696 3893 συν-

2126 3940 2287 4005 έθου;
2329 3939 2395 3990 Ἣ
2429 3937 2482 3991 δὲ
2517 3936 2685 3990 τείνει
2708 3937 2808 4006 τὴν
2838 3938 3021 4006 χεῖρα,
3048 3937 3145 3990 καὶ
3193 3934 3378 4004 βάλλει
3408 3933 3499 3986 τὸν
3527 3947 3696 3998 mw;-

2129 4033 2222 4103 ρον
2260 4032 2338 4103 τῷ
2390 4027 2638 4100 σταυρῷ,
2694 4028 2788 4081 καὶ
2829 4027 3077 4097 παρευθὺ
3106 4029 3137 4080 ό
3166 4026 3425 4097 πολέμιος
3458 4025 3694 4095 ἀφανής.

2128 4125 2240 4181 Καὶ
2287 4123 2410 4177 οὐδὲ
2462 4121 2607 4176 οὕτω
2642 4120 2745 4189 τῆς
2790 4121 3068 4184 ἀναιδείας
3109 4120 3407 4189 ἀφίσταται
3461 4118 3556 4172 καὶ
3604 4116 3697 4170 τοῦ

2128 4219 2559 4288 ἐγχειρήματος.
2584 4214 2723 4269 ἀλλὰ
2746 4216 2841 4268 καὶ
2872 4212 3024 4275 αὖθις
3065 4214 3354 4283 ἐπιχειρεῖ,
3385 4215 3479 4266 καὶ
3506 4210 3697 4275 πειρᾶ-

2127 4324 2238 4372 ται,
2275 4310 2369 4361 καὶ
2398 4305 2736 4375 καθευδούσῃ
2764 4307 2894 4374 περὶ
2929 4304 3099 4375 μέσας
3126 4303 3328 4367 νύκτας
3349 4304 3489 4375 αὐτῇ
3526 4318 3698 4373 προσ-

2130 4396 2323 4464 ελθὼν,
2370 4395 2684 4466 ἐφίσταται,
2713 4396 2810 4453 καὶ
2854 4395 3144 4459 διυπνίζει,
3178 4398 3273 4450 καὶ
3300 4394 3450 4462 λέγει
3483 4394 3585 4462 μὲν
3628 4393 3699 4445 τὰ

449 4494 666 4550 eadem.
699 4495 913 4550 Rursus
935 4505 1122 4550 autem
1141 4495 1341 4550 feritur
1363 4488 1554 4560 cr‘uce,
1583 4502 1641 4549 et
1670 4494 1858 4550 statim
1896 4506 2020 4547 eva-

2132 4491 2294 4553 αύτὰ,
2327 4489 2490 4544 πάλιν
2518 4488 2575 4544 δὲ
2623 4488 2881 4558 βάλλεται
2920 4486 2998 4557 τῷ
3049 4484 3289 4558 σταυρῷ,
3343 4489 3441 4541 καὶ
3488 4483 3699 4555 ἀφανὴς

450 4586 651 4641 nescit.
672 4584 770 4640 llla
796 4600 933 4641 vero
965 4600 1093 4639 cum
1117 4583 1470 4648 surrexisset,
1488 4580 1764 4652 signiﬁcat
1794 4578 2021 4649 quidem

451 4679 529 4746 ci,
554 4694 678 4750 qua:
715 4679 891 4749 ipsam
949 4694 981 4734 e
1015 4687 1208 4735 sancto
1252 4685 1574 4746 susceperat
1623 4675 1900 4745 baptismo
1935 4671 2033 4726 cui

449 4786 653 4827 nomen
684 4781 806 4824 erat
839 4770 1106 4834 Romana,
1135 4768 1342 4824 luctam
1370 4766 1695 4822 adversarii.
1726 4763 2031 4820 Conﬁrma-

452 4873 546 4918 tur
583 4871 767 4918 autem
796 4861 983 4916 verbis
1020 4861 1192 4927 illius,
1231 4867 1289 4915 et
1315 4859 1583 4914 adversus
1635 4857 1849 4912 hostem
1896 4855 2032 4911 diri-

452 4957 533 5027 git
563 4956 764 5020 aciem,
821 4965 879 5011 et
917 4954 1156 5023 imponit
1174 4952 1415 5023 maligno
1465 4952 1607 5007 hanc
1647 4949 1945 5005 secundam
1974 4960 2033 5005 et

451 5059 660 5105 certam
692 5047 928 5119 plagam.
963 5046 1099 5101 Nam
1142 5060 1271 5101 cum
1311 5060 1342 5100 a
1377 5045 1492 5100 suis
1549 5045 1729 5099 servis
1780 5053 2032 5100 vocasset

450 5158 600 5209 cum,
629 5142 722 5212 qui
755 5149 877 5196 erat
924 5140 1158 5194 maxime
1197 5138 1501 5193 benevolus
1546 5145 1605 5192 et
1644 5136 2031 5195 obedientissi-

452 5251 599 5301 mus,
646 5234 808 5306 jubet
854 5242 916 5288 ut
963 5231 1035 5289 ab
1078 5246 1147 5287 eo
1197 5230 1653 5287 describerentur
1681 5245 1874 5289 omnes
1905 5247 2029 5301 quas

452 5337 615 5383 erant
641 5326 794 5382 domi
824 5342 939 5382 suae
951 5326 1268 5393 facultates,
1300 5334 1522 5396 quanta:
1542 5333 1734 5383 essent
1758 5334 1816 5380 et
1837 5325 2030 5395 quales

454 5420 509 5474 in
539 5434 699 5485 auro,
732 5419 789 5473 in
828 5428 1082 5490 argento,
1116 5419 1171 5474 in
1201 5418 1457 5489 gemmis,
1486 5419 1544 5473 in
1582 5418 1917 5488 margaritis,
1972 5420 2028 5473 in

454 5511 622 5577 vasis,
676 5514 731 5565 in
765 5512 1036 5583 vestibus,
1091 5520 1149 5566 et
1201 5512 1337 5566 nihil
1397 5512 1749 5591 praetermitti
1795 5512 2028 5568 omnino

453 5604 601 5670 quod
632 5620 742 5660 non
776 5604 1205 5661 describeretur.
1263 5604 1421 5671 Quod
1463 5606 1686 5676 quidem
1730 5606 1809 5661 illi
1851 5622 1883 5661 e
1926 5620 2027 5660 sua

457 5695 708 5761 procedit
737 5698 1034 5751 sententia.
1067 5696 1134 5750 Et
1164 5712 1290 5751 cum
1312 5706 1727 5754 sacrosanctum
1768 5698 2026 5754 Nonnum

462 5786 808 5854 accersisset,
831 5789 881 5845 ci
911 5788 1133 5859 quidem
1157 5788 1305 5844 cedit
1342 5788 1601 5847 omnibus
1647 5790 2025 5861 facultatibus,

2130 4584 2295 4647 εὐθὺς
2323 4582 2558 4651 γίνεται.
2596 4580 2663 4633 Ἢ
2709 4580 2767 4634 δὲ
2806 4580 3144 4634 διαναστᾶσα
3180 4576 3441 4648 γνωρίζει
3492 4577 3593 4645 μὲν
3630 4576 3697 4645 τῇ

2128 4677 2238 4732 ἀπὸ
2276 4676 2370 4732 τοῦ
2400 4676 2561 4744 ἁγίου
2590 4673 2799 4744 ταύτην
2829 4672 3203 4744 ἀναδεξαμένῃ
3247 4670 3643 4741 βαπτίσματος,

2128 4773 2193 4842 δὴ
2226 4774 2322 4827 καὶ
2377 4769 2635 4841 Ῥωμάνα
2694 4769 2956 4839 τοῦνομα,
3002 4767 3101 4839 τὴν
3154 4766 3333 4836 πάλην
3361 4764 3482 4818 ’τοῦ
3529 4764 3707 4833 δυσμε

2133 4866 2281 4930 νοῦς,
2340 4866 2716 4938 ἐπιῤῥώνυται
2765 4864 2823 4919 δὲ
2880 4866 2997 4927 τοῖς
3064 4862 3282 4931 ἐκείνης
3343 4861 3523 4928 λόγοις
3606 4859 3702 4911 καὶ

2126 4962 2265 5032 πρὸς
2346 4959 2654 5031 παράταξιν
2720 4958 3105 5012 ἀντιτάττεται
3149 4958 3247 5010 καὶ
3316 4955 3544 5025 πλήττει
3602 4953 3694 5006 τὸν

2131 5054 2370 5124 πονηρὸν
2420 5052 2653 5122 δευτέρᾳ
2701 5052 2793 5105 καὶ
2821 5052 3013 5121 καιρίᾳ
3065 5048 3240 5121 ταύτῃ
3280 5049 3488 5117 πληγῇ.
3524 5045 3703 5099 Καλέ-

2132 5163 2277 5202 eaea
2311 5146 2421 5217 γὰρ
2457 5147 2566 5199 τῶν
2597 5145 2803 5214 ἑαυτῆς
2832 5143 3184 5214 θεραπόντων
3210 5143 3305 5195 τὸν
3342 5140 3702 5194 εὐνουστατόν

2126 5256 2188 5293 τε
2236 5240 2330 5292 καὶ
2357 5236 2807 5301 εύπειθέστατον,
2836 5236 3036 5289 πᾶσαν
3065 5235 3164 5304 μὲν
3207 5234 3344 5303 αὐτῇ
3391 5231 3490 5302 τὴν
3538 5234 3597 5285 ἐν
3624 5231 3703 5302 τῷ

2127 5333 2263 5405 οἴκῳ
2310 5332 2502 5388 οὐσίαν
2534 5332 2921 5403 ἀπογραφῆναι
2969 5330 3207 5391 κελεύει,
3240 5328 3339 5398 ὅση
3388 5341 3447 5379 τε
3489 5325 3573 5395 εἴη
3607 5328 3701 5379 καί

2125 5428 2212 5481 οἷα
2251 5429 2309 5480 ἐν
2351 5427 2560 5498 χρυσῷ,
2591 5428 2649 5479 ἐν
2679 5425 2927 5497 ἀργύρῳ,
2956 5427 3012 5477 ἐν
3056 5425 3245 5493 λίθοις,
3284 5423 3342 5475 ἒν
3371 5419 3699 5492 μαργάροιςο

2126 5520 2185 5570 ἐν
2215 5518 2494 5585 σκεύεσιν,
2534 5520 2594 5574 ἐν
2626 5517 2865 5580 στολαῖς,
2896 5517 2990 5569 καὶ
3033 5516 3155 5584 μηδ’
3187 5512 3365 5567 ὁτιοῦν
3405 5512 3541 5571 ὅλως
3563 5511 3590 5563 δ
3622 5512 3703 5581 μὴ

2126 5615 2512 5684 ἀπογραφῆναι
2559 5612 2936 5681 καταλειφθῇ,
2980 5611 3075 5664 καὶ
3113 5609 3211 5680 τὴν
3251 5606 3581 5679 ἀπογραφὴν
3628 5604 3705 5667 ὡς

2128 5707 2290 5776 τάχος
2343 5707 2479 5775 αὐτῇ
2536 5705 2886 5774 κομισθῆναι.
2925 5704 2990 5754 "U
3017 5702 3081 5772 δὴ
3130 5702 3224 5756 καὶ
3277 5702 3418 5754 κατὰ
3477 5699 3704 5770 γνώμην

2127 5797 2314 5871 ἐκείνῃ
2349 5798 2537 5871 χωρεῖ.
2571 5796 2676 5854 Καὶ
2709 5796 2800 5854 τὸν
2830 5795 2976 5868 ἱερὸν
3023 5795 3527 5867 προσκαλεσαμένη
3565 5791 3699 5845 Νόν·
