4126 6382
407 272 507 335 91-7

1676 275 1719 335 V
1732 273 1857 335 [ΤΑ
1902 275 1964 335 S.
2008 272 2385 333 PELAGIAE.

3564 260 3670 328 918

407 400 520 448 vov,
549 382 733 454 πάσης
765 383 865 455 μὲν
891 382 1039 455 αξιτῷ
1066 384 1165 453 τῆς
1197 386 1384 451 οὐσίας
1416 388 1756 461 παραχωρεῖ,
1795 386 1985 453 ἀρκεῖν
2016 440 2017 447 η

2119 381 2277 436 licens
2308 380 2413 437 sibi
2450 376 2700 434 sufficere
2730 391 2865 447 opes
2897 390 3023 446 qua:
3055 373 3225 429 habet
3265 388 3334 430 ex
3372 371 3579 429 virtute
3613 380 3671 426 et

408 472 644 528 είποῦσα
673 473 764 527 τὸν
792 474 851 539 ἐξ
883 475 1088 546 ἀρετῆς
1119 474 1257 546 αύτῇ
1289 475 1521 530 πλοῦτον
1558 476 1651 530 καὶ
1690 477 1812 538 ὅσος
1844 477 1872 529 ό
1896 475 1991 529 τοῦ

412 566 621 640 ταύτης
677 570 922 639 νυμφίου
981 571 1078 623 καὶ
1128 571 1401 623 Δεσπότου
1446 568 1721 642 Χριστοῦο
1762 569 1887 632 τοὺς
1936 566 1993 620 δὲ

414 661 617 730 ἑαυτῆς
650 663 866 725 οἰκέτας
900 661 992 716 τοῦ
1025 662 1124 732 τῆς
1147 662 1393 726 δουλείας
1424 663 1593 731 ἀνῆκε
1616 659 1805 729 ζυγοῦ.
1851 659 1992 714 Ἀλλ’

415 750 565 809 ὅπως
594 753 689 804 καὶ
740 755 814 825 μὴ
850 756 1132 825 παρούσης
1168 754 1243 819 ὡς
1291 753 1373 808 ἔτι
1413 753 1697 824 παρούσης
1735 751 1994 822 προνοίας

414 842 516 911 τῆς
547 842 607 909 ἐξ
637 844 809 913 αὐτῆς
836 846 1184 912 ἀπολαύοιεν,
1217 845 1344 918 μηδ’
1363 847 1420 900 ὲν
1456 845 1628 916 στενῷ
1649 845 1835 908 αύτοῖς
1865 861 1997 898 κατ-

418 937 627 1007 αντήσῃ
684 937 753 991 τὰ
801 938 899 1007 τῆς
940 940 1108 1010 ζωῆς,
1142 940 1237 995 καὶ
1278 943 1536 1012 χρήματα
1587 938 1794 1001 τούτοις
1839 940 1871 1008 ή
1909 956 1998 1005 φι-

416 1028 634 1101 λάνθρω
645 1047 739 1094 πος
765 1031 1096 1088 ἐπιδίδωσιν.

490 1162 596 1219 lA’.
625 1160 741 1218 EIO‘
770 1164 915 1220 οὕτω
947 1167 1167 1225 πάντων
1197 1170 1339 1241 αὐτῇ
1365 1171 1510 1224 κατά
1552 1169 1680 1224 νοῦν
1708 1172 1995 1242 χωρησάν-

417 1274 527 1310 των
558 1258 626 1328 τῇ
671 1258 838 1330 κυρίᾳ
871 1258 981 1314 τῶν
1038 1261 1264 1332 ήμερῶν
1311 1262 1413 1333 τὴν
1445 1263 1753 1331 ὲμφώτειον
1800 1263 1999 1316 ἀποδυ-

422 1351 635 1419 σαμένη
673 1351 865 1423 στολὴν
897 1357 995 1409 καὶ
1035 1354 1280 1426 τρίχινόν
1323 1373 1383 1410 τε
1432 1357 1531 1410 καὶ
1561 1356 1806 1425 ρακῶδες
1837 1373 1994 1427 περι-

420 1442 733 1514 ϐαλλομένη
783 1445 1032 1515 χιτώνιον
1081 1448 1366 1517 ἐπείγεται
1421 1451 1562 1522 πρὸς
1613 1452 1995 1522 Ἰεροσόλυμα.

421 1537 516 1591 καὶ
544 1540 605 1593 τὸ
632 1539 759 1609 ὅρος
790 1540 1202 1611 καταλαμϐάνει
1228 1544 1340 1599 τῶν
1381 1545 1633 1612 Ἐλαιῶν,
1671 1533 1787 1616 ἃμα
1809 1546 1866 1601 δὲ
1903 1546 2000 1600 καὶ

419 1628 529 1682 τῶν
562 1629 797 1697 ἀρετῶν,
827 1632 1023 1702 μηδενὶ
1058 1632 1157 1704 τὴν
1180 1634 1411 1704 γνώμην
1442 1635 1824 1707 κοινωσαμένη
1865 1636 2001 1707 μηδὲ

2095 489 2216 544 qua:
2246 482 2375 528 sunt
2404 474 2487 529 sui
2522 470 2710 541 sponsi
2738 479 2795 525 et
2828 469 3043 526 Domini
3074 467 3307 533 Christi,
3327 481 3459 522 suos
3486 473 3671 520 autem

2095 581 2283 621 servos
2308 565 2626 619 manumisit
2658 580 2689 619 c
2734 564 2861 635 iugo
2898 559 3202 617 servitutis.
3252 558 3361 614 Sed
3387 567 3447 612 ut
3478 556 3674 612 etiam-

2096 659 2143 713 si
2170 674 2280 712 non
2311 657 2554 720 adesset,
2583 671 2748 726 quam
2791 669 2984 709 eorum
3014 653 3238 723 gerebat
3264 650 3454 706 curam
3503 647 3675 704 senti-

2096 757 2241 815 rent,
2280 763 2461 821 neque
2510 747 2592 805 eis
2622 748 2677 802 iu
2724 757 2939 802 arctum
2992 755 3281 815 cogeretur
3310 758 3506 801 eorum
3534 740 3679 809 vita,

2096 843 2178 897 eis
2218 842 2455 912 benigna
2479 842 2682 896 mulier
2717 837 3120 913 datpccunias.

2176 1180 2265 1235 XI.
2302 1178 2515 1235 Deinde
2562 1193 2690 1234 cum
2735 1180 2817 1234 sic
2866 1189 2922 1234 et
2963 1178 3148 1234 omnia
3187 1175 3591 1246 processissent
3613 1189 3680 1228 ex

2076 1274 2183 1328 °sui
2229 1273 2399 1328 animi
2446 1274 2722 1329 sententia
2780 1271 2871 1327 die
2930 1270 3229 1326 Dominico
3290 1285 3416 1325 cum
3474 1280 3684 1322 vestem

2099 1366 2343 1420 exuisset
2364 1365 2742 1435 splendidam,
2766 1380 2795 1419 e
2815 1364 2940 1434 pilis
2963 1363 3270 1419 confectam
3302 1371 3355 1416 et
3379 1375 3683 1432 pannosam

2101 1459 2341 1513 inducns
2370 1458 2637 1525 tunicam,
2660 1457 2920 1513 concedit
2946 1455 3407 1526 Hierosolymam,
3448 1462 3503 1508 et
3533 1452 3689 1507 venit

2103 1552 2158 1606 in
2192 1559 2436 1605 montem
2486 1549 2708 1616 Oliveti,
2764 1550 2857 1620 qui
2905 1559 3026 1604 erat
3077 1548 3225 1604 idem
3258 1563 3480 1617 quoque
3523 1563 3689 1601 mons

2100 1644 2394 1709 virtutum,
2428 1656 2553 1697 cum
2585 1656 2745 1696 suum
2786 1641 3030 1694 animum
3077 1654 3203 1694 cum
3242 1638 3395 1692 nullo
3437 1650 3689 1692 commu-

424 1722 732 1791 μεταδοῦσα
754 1725 852 1778 τοῦ
887 1742 1066 1794 μυστη
1078 1727 1215 1795 ρίου.
1252 1728 1363 1781 Καὶ
1389 1731 1458 1781 τὰ
1489 1732 1588 1799 μὲν
1612 1729 1829 1800 ἐκείνης
1858 1728 2003 1783 οὕτω

2119 1736 2349 1790 nicasset
2377 1750 2558 1804 neque
2591 1734 2900 1803 aperuisset
2924 1746 3211 1786 arcanum.
3245 1729 3310 1785 Et
3338 1744 3427 1785 res
3456 1727 3684 1798 quidem

424 1814 647 1883 κρυπτά
678 1815 773 1869 καὶ
806 1819 956 1887 μόνῳ
976 1818 1112 1886 δῆλα
1142 1819 1221 1891 τῷ
1246 1821 1314 1873 τὰ
1334 1821 1516 1891 ἀφανῆ
1544 1821 1819 1887 βλέποντι.
1860 1822 2000 1890 Ἤδη

2119 1830 2257 1884 illius
2289 1837 2444 1883 erant
2471 1827 2718 1891 occultae,
2739 1835 2795 1880 et
2828 1825 2880 1880 ei
2921 1825 3020 1879 soli
3045 1822 3367 1889 manifestae,
3396 1821 3490 1892 qui
3541 1819 3644 1873 vid:
3667 1828 3690 1875 t

423 1905 482 1959 δὲ
512 1906 622 1959 τῶν
653 1908 711 1961 ἐν
755 1910 1060 1983 Ἀντιοχείᾳ
1093 1914 1526 1984 συνειλεγμένων
1569 1917 1909 1980 ἐπισκόπων,
1945 1917 2003 1969 ὲν

2119 1936 2169 1975 ιιι
2192 1922 2356 1975 etiam
2385 1935 2507 1989 qua:
2537 1927 2663 1973 sunt
2689 1914 3190 1973 abscondita.Cum
3218 1924 3403 1969 autem
3435 1911 3685 1983 episcopi

425 1990 507 2060 οἷς
535 1992 602 2069 ἦν
628 1999 722 2053 καὶ
747 2000 971 2068 Νόννος,
995 2006 1112 2067 ταῖς
1134 2004 1314 2060 αὐτῶν
1339 2006 1663 2076 ἐκκλησίαις
1692 2006 1851 2070 αὖθις
1872 2007 2006 2060 ἀπο-

426 2090 708 2160 δοθέντων,
760 2096 1021 2168 κάκείνης
1056 2098 1354 2167 ἀγνώστως
1393 2098 1537 2153 οὕτω
1566 2102 1680 2164 τοῖς
1725 2102 1893 2171 ἱεροῖς
1918 2100 2006 2153 τό·

427 2198 556 2247 ποις
600 2187 1099 2261 προσεδρευούσης,
1148 2190 1246 2245 καὶ
1300 2191 1496 2260 χρόνου
1548 2193 1801 2262 τριετοῦς
1863 2192 2005 2264 αὐτῇ

426 2273 814 2346 διαγενομένου
872 2279 1014 2343 θεῖος
1060 2284 1208 2352 αίρεί
1251 2283 1415 2347 πόθος
1450 2284 1573 2338 τινὰ
1604 2284 1715 2340 τῶν
1755 2284 1838 2356 τῷ
1885 2286 2007 2338 ἑπι-

429 2368 617 2439 σκόπῳ
639 2371 827 2442 Νάννῳ
859 2374 1161 2444 συνόντων(
1176 2376 1428 2441 Ἰάκωϐος
1455 2370 1610 2440 οὗτος
1634 2374 1748 2449 ἣν),
1775 2381 1872 2433 καὶ
1898 2380 2009 2433 τῶν

429 2460 473 2511 is
484 2460 592 2528 ρῶν
606 2462 706 2533 ἐρᾷ
720 2465 1125 2538 τόπων,θεατής
1141 2470 1256 2538 ἅμα
1270 2474 1363 2523 καὶ
1381 2474 1764 2543 προσκυνητὴς
1781 2474 2010 2530 ἐκείνων

430 2549 572 2607 εἶναι
601 2554 930 2626 βουλόμενος
946 2575 962 2591 θ
982 2563 1077 2616 καὶ
1100 2561 1164 2632 δὴ
1191 2561 1507 2630 προσελθὼν
1530 2564 1607 2635 τῷ
1634 2566 1886 2637 ἀρχιερεῖ
1910 2567 2011 2639 τὴν

433 2646 529 2700 ἐπὶ
556 2649 627 2702 τά
674 2648 1030 2722 Ἱεροσόλυμα
1064 2652 1272 2724 ταύτην
1308 2655 1428 2710 ὁδὸν
1463 2655 1689 2722 ἐξαιτεῖ,
1718 2659 1812 2712 καὶ
1837 2659 2011 2714 δεῖται

431 2739 591 2794 τοῦτο
620 2741 772 2812 αύτῷ
810 2744 1165 2813 χαρίσασθαι.
1210 2748 1270 2798 ὐ
1307 2747 1363 2801 δὲ
1396 2743 1487 2819 (ἦν
1521 2751 1631 2821 γὰρ
1670 2753 2013 2822 προφητικδς

432 2833 463 2887 ὁ
485 2833 624 2925 ἀνὴρ
657 2836 753 2889 καὶ
784 2837 1106 2906 Πνεύματος
1158 2840 1399 2912 πλήρης,
1442 2844 1537 2897 καὶ
1568 2843 1630 2896 τὸ
1678 2844 1871 2916 πόρρω
1916 2846 2015 2901 καλ⁴

437 2927 629 2997 μέλλον
675 2930 808 2984 ἰδεῖν
858 2932 1090 3000 ἱκανὸς),
1134 2934 1438 3008 ’Δπελεύσῃ
1484 2937 1607 3006 μὲν,
1656 2939 1758 3009 ἔφη
1788 2956 1803 2972 ο
1846 2939 2015 3010 εὑρή-

437 3036 554 3085 σεις
580 3021 639 3076 δέ
691 3040 814 3077 τινα
845 3023 1094 3095 ζητήσας
1148 3028 1405 3098 εὐνοῦχον
1454 3030 1723 3099 Πελάγιον
1754 3032 2011 3102 μοναχὸν,

2108 2014 2203 2082 qui
2234 2012 2553 2082 congregati
2587 2012 2808 2065 fuerant
2844 2008 3175 2073 Antiochiae,
3219 2009 3364 2062 inter
3399 2021 3539 2076 quos
3568 2011 3692 2059 erat

2106 2106 2359 2171 Nonnus,
2397 2106 2452 2158 in
2489 2120 2618 2158 suas
2651 2103 2948 2157 rediissent
2972 2100 3269 2165 Ecclesias,
3296 2108 3350 2154 ct
3379 2099 3473 2153 illa
3501 2098 3687 2169 ignota

2108 2198 2165 2253 in
2203 2198 2375 2252 sacris
2398 2196 2533 2251 locis
2565 2196 2645 2250 sic
2676 2196 2945 2249 resideret
2967 2202 3022 2249 et
3046 2194 3157 2264 jam
3193 2191 3497 2247 triennium
3526 2190 3579 2244 in
3609 2189 3693 2244 eis

2111 2289 2494 2360 transegisset,
2516 2289 2814 2360 quemdam
2844 2304 2911 2342 ex
2945 2286 3013 2341 iis
3053 2286 3305 2341 diaconis
3334 2284 3434 2355 qui
3471 2285 3695 2339 fuerant

2112 2396 2241 2437 cum
2276 2380 2475 2437 Nonne
2508 2379 2759 2435 divinum
2788 2378 3016 2434 incessit
3050 2376 3384 2434 desiderium
3411 2375 3481 2447 (is
3506 2386 3691 2428 autem

2111 2481 2235 2529 erat
2251 2471 2535 2542 Iacobus),
2557 2478 2615 2524 et
2637 2469 2854 2539 capitur
2884 2484 3073 2523 amore
3106 2481 3392 2522 sacrorum
3419 2466 3693 2529 locorum,

2112 2565 2307 2619 volens
2339 2565 2558 2618 illorum
2595 2562 2761 2617 simul
2817 2561 2935 2615 ﬁeri
2987 2569 3265 2631 Spectator
3297 2569 3353 2614 et
3409 2558 3692 2612 adorator.

2112 2657 2309 2725 Itaque
2351 2653 2625 2709 accedens
2686 2653 2753 2707 ad
2806 2650 3128 2722 pontiﬁcem
3191 2650 3433 2719 postulat
3486 2656 3545 2703 ut
3588 2648 3693 2702 sibi

2114 2749 2282 2803 liceat
2300 2747 2381 2801 ire
2410 2745 2812 2816 Hierosolyma,
2842 2751 2899 2799 ct
2925 2751 3081 2814 rogat
3110 2750 3171 2796 ut
3199 2742 3305 2796 hoc
3327 2741 3374 2794 ei
3397 2739 3692 2794 concedat.

2117 2840 2215 2894 llle
2248 2846 2430 2892 autem
2481 2837 2623 2906 (erat
2680 2838 2828 2891 enim
2882 2837 2970 2890 vir
2994 2833 3352 2904 propheticus
3390 2840 3448 2886 et
3496 2832 3696 2902 plenus

2124 2931 2363 3002 Spiritu,
2400 2940 2457 2985 et
2488 2930 2541 2984 id
2574 2929 2720 2999 quod
2747 2928 2938 2999 procul
2961 2937 3081 2982 erat
3120 2935 3177 2982 et
3212 2925 3485 2992 futurum,
3505 2923 3699 2979 videre

2116 3027 2355 3097 potens),
2392 3025 2504 3079 Ibis
2536 3023 2783 3093 quidem,
2822 3022 3038 3091 inquit;
3071 3021 3117 3076 si
3152 3019 3438 3090 quaesieris
3487 3025 3697 3084 autem,

436 3112 534 3181 τὴν
557 3116 842 3187 μακαρίαν
865 3117 1067 3189 δηλαδὴ
1102 3097 1379 3190 Πελαγίαν
1399 3122 1558 3177 τοῦτο
1587 3097 1768 3177 καλῶν
1789 3140 1804 3155 ο
1836 3097 2012 3195 τούτῳ

2119 3118 2370 3174 invenies
2423 3114 2716 3186 quemdam
2774 3113 3095 3169 eunuchum
3154 3111 3436 3183 Pelagium
3509 3124 3702 3165 mona-

435 3207 725 3276 πρόσελθε,
765 3211 862 3264 καὶ
900 3216 1366 3283 συναναστρέφου,
1398 3218 1494 3270 καὶ
1519 3215 1721 3286 πολλῆς
1741 3216 2012 3284 ὠφελείας

436 3297 631 3367 ὅντως,
659 3302 878 3372 ἀδελφὲ,
903 3304 1149 3374 μεθέξεις
1188 3311 1586 3380 πνευματικῆς.
1622 3309 1880 3375 Ἰάκωϐος
1913 3312 2015 3381 μὲν

436 3386 533 3445 οὖν
563 3392 640 3458 ὠς
683 3390 831 3465 εἶχεν
880 3398 1114 3467 ἑτοίμως
1145 3401 1282 3471 πρὸς
1314 3401 1442 3466 τοὺς
1488 3403 1679 3471 ἁγίους
1727 3405 2015 3473 ἐπείγεται

437 3486 667 3551 τόπους,
718 3492 813 3543 καὶ
865 3494 1249 3563 προσκυνητὴς
1284 3496 1515 3549 ἐκείνων
1572 3497 1871 3567 γενόμενος
1924 3498 2018 3552 ἐπὶ

439 3579 541 3653 τήν
570 3580 804 3651 ζήτησιν
828 3584 976 3655 ὁρμᾷ
1005 3584 1274 3654 Πελαγίου
1298 3586 1458 3656 δῆθεν
1483 3603 1497 3617 ⁸
1528 3588 1624 3641 καὶ
1652 3588 1717 3659 δὴ
1745 3588 2020 3657 Πελαγίας

441 3672 670 3737 ἐπιστὰς
702 3676 766 3746 τῇ
808 3674 994 3747 χελλῃ,
1030 3675 1272 3747 κρούσας
1319 3678 1527 3733 ἐκάλει.
1560 3680 1838 3751 Κάκείνης
1865 3680 2017 3746 ἐξελε

444 3763 643 3835 θούσης
681 3766 783 3837 ὁρᾷ
834 3768 1129 3836 Πελαγίαν,
1184 3772 1324 3840 μήτε
1369 3770 1525 3834 εἰδὼς
1568 3772 1696 3842 ἥτις
1747 3768 1814 3844 ἢν
1880 3773 2019 3842 μήτε

448 3858 547 3913 κᾶν
568 3876 651 3923 τις
678 3863 941 3931 προεῖπεν
970 3862 1035 3918 ἔκ
1072 3878 1136 3931 γε
1176 3865 1288 3917 τῶν
1332 3864 1631 3936 ὁρωμένων
1674 3867 1814 3937 ἔχων
1861 3865 2025 3921 τοῦτο

453 3952 681 4007 συνιδεῖν
710 3955 743 4025 ἢ
777 3956 1095 4025 συμϐαλεῖν.
1126 3957 1200 4011 Τό
1232 3976 1292 4012 τε
1329 3959 1439 4028 γὰρ
1468 3959 1669 4030 χρῶμα
1689 3958 1863 4030 ταύτῃ
1895 3975 2025 4028 μετ-

451 4044 704 4114 ήλλακτο,
738 4048 832 4101 καὶ
882 4049 930 4102 οί
984 4048 1256 4121 ὀφθαλμοὶ
1309 4050 1651 4115 κεκοίλαντο,
1701 4050 1800 4105 καὶ
1846 4052 2026 4103 πάντα

451 4141 514 4210 τῇ
550 4139 852 4213 ἐγκρατείᾳ
893 4142 1158 4212 ἡλλοίωτό
1186 4161 1245 4200 τε
1296 4144 1390 4199 καὶ
1441 4124 1841 4215 μεταδὲὅλητο.
1884 4142 2027 4197 Ἀλλ’

452 4230 570 4283 esse
601 4231 710 4284 τῶν
738 4233 916 4287 ἄλλων
940 4233 1049 4287 τῶν
1073 4236 1129 4288 ὲν
1172 4235 1578 4307 Ἱεροσολύμοις
1610 4237 1791 4301 οὐδεὶς
1818 4235 2028 4306 ταύτην

453 4319 665 4390 βλέπων
691 4326 928 4377 νυναῖκα
959 4323 1094 4394 ᾤετο
1124 4326 1385 4396 καθορᾷν.

524 4631 626 4684 IB'.
664 4631 725 4685 ’0
756 4629 857 4701 μὲν
886 4628 977 4683 οὖν
1010 4631 1087 4694 ὡς
1126 4629 1280 4702 παρὰ
1309 4630 1502 4703 ἀνδρὸς
1526 4631 1626 4699 τῆς
1655 4630 1911 4701 εὐλογίας
1940 4648 2033 4685 τυ-

454 4722 568 4793 χὼν
622 4723 872 4793 εἱστήκει
927 4723 1065 4791 πρὸς
1121 4721 1220 4794 τὴν
1258 4726 1319 4778 ἐκ
1369 4723 1471 4794 τῆς
1524 4724 1856 4792 ἐγκρατείας
1902 4725 2045 4779 θέαν

457 4815 788 4886 ἐξεστηκὼς.
822 4816 886 4868 'H
916 4815 972 4868 δὲ
1000 4815 1201 4889 γνοῦσα
1231 4815 1352 4869 ὅθεν
1392 4817 1485 4870 καὶ
1524 4819 1672 4880 ὅστις
1712 4815 1781 4889 ἦν
1824 4819 1853 4871 ὁ
1905 4835 2039 4890 παρα

455 4909 725 4980 εστηκὼς,
764 4909 814 4963 εί
862 4906 956 4965 τοῦ
988 4907 1294 4979 ἀρχιερέως
1336 4908 1486 4963 ἐστὶν
1527 4908 1864 4963 ἀπάνθυνετο
1899 4909 2037 4962 Νὰνο

458 5017 575 5067 νου,
603 5000 804 5054 ἑκοῦσα
835 5000 1007 5070 δήπου
1057 4999 1440 5073 πυνθανομένη
1474 5002 1538 5055 τὸ
1580 5001 1757 5076 ταύτῃ
1807 5002 1903 5059 καὶ
1933 5001 2041 5075 πρὸ

459 5093 556 5164 τῆς
575 5094 896 5163 ἐρωτήσεως
917 5092 1216 5165 γνώριμον.
1248 5092 1355 5147 Τοῦ
1379 5094 1435 5148 δὲ
1465 5093 1627 5149 τοῦτο
1665 5096 2039 5165 συνειπόντος,

473 5185 818 5253 ’Δπὸστολος,
850 5189 1040 5258 φησιν,
1071 5186 1102 5240 ὁ
1134 5185 1295 5260 ἀνὴρ,
1326 5188 1422 5241 καὶ
1444 5187 1587 5259 ὑπὲρ
1622 5189 1730 5244 τῶν
1755 5189 1905 5263 ἐμῶν
1950 5190 2043 5244 εύ-

462 5278 646 5346 ξάσθω
674 5278 940 5347 ἀνομιῶν.
968 5280 1080 5334 Καὶ
1134 5279 1300 5352 μέχρι
1331 5280 1488 5336 τοῦδε
1537 5281 1631 5336 τὸν
1671 5282 1831 5351 λόγον
1860 5284 2045 5338 ἐκτεί-

462 5386 603 5424 νασα
632 5369 809 5423 κλείει
841 5370 940 5441 τὴν
970 5370 1144 5443 θύραν
1177 5367 1350 5439 αὖθις,
1382 5373 1477 5426 καὶ
1507 5373 1608 5437 τὰς
1649 5375 1905 5440 εἰωθυίας
1939 5376 2043 5449 ήρ-

465 5461 596 5526 ξατο
625 5461 854 5533 ψάλλειν
891 5461 1056 5536 ᾠδάς.
1105 5463 1362 5528 Ἰάκωϐος
1406 5462 1463 5518 δὲ
1494 5465 1630 5519 πολὺ
1659 5466 1722 5520 τὸ
1766 5466 1957 5538 κέρδος
1986 5469 2045 5523 ὲν

468 5554 661 5625 βραχεῖ
689 5555 869 5626 καιρῷ
897 5556 1265 5627 πορισάμενος
1299 5560 1392 5612 καὶ
1426 5557 1489 5629 δὴ
1527 5559 1621 5614 καὶ
1672 5561 1850 5631 μέτρα
1897 5562 2044 5616 διδα-

466 5648 615 5718 χθεὶς
654 5648 815 5717 λόγου
868 5653 1167 5720 μονασταῖς
1222 5651 1522 5722 ἀρκοῦντος
1571 5652 1666 5706 καὶ
1717 5653 2045 5725 πρέποντος,

470 5744 839 5814 ἀναχωρήσας
873 5745 965 5799 ἐπὶ
996 5744 1062 5800 τά
1094 5745 1220 5818 ἑξῆς
1256 5745 1452 5817 ἐχώρει
1486 5747 1707 5816 σεμνεῖα
1741 5749 1835 5801 καὶ
1883 5765 2045 5818 φρον-

2120 3210 2309 3276 chum,
2341 3210 2557 3264 beatam
2590 3208 2671 3263 sic
2720 3222 2927 3262 vocans
2957 3206 3256 3277 Pelagiam.
3316 3204 3398 3260 Ad
3437 3218 3562 3258 cum
3614 3218 3704 3258 ac-

2120 3302 2278 3368 cede,
2313 3311 2371 3356 et
2404 3317 2527 3355 cum
2558 3314 2628 3356 eo
2653 3314 2901 3362 versare.
2927 3309 2984 3354 et
3008 3314 3282 3370 magnam,
3308 3313 3341 3352 o
3369 3299 3561 3363 frater,
3617 3309 3706 3351 rc-

2118 3410 2249 3450 vera
2274 3394 2620 3464 Spiritualem
2651 3391 2925 3462 percipies
2956 3390 3278 3450 utilitatem.
3327 3390 3508 3459 Atque
3544 3389 3705 3444 Jaco-

2120 3490 2228 3545 bus
2256 3488 2480 3559 quidem
2511 3502 2677 3558 quam
2716 3484 2902 3557 potuit
2957 3484 3250 3540 celerrime
3311 3481 3602 3539 contendit
3635 3481 3702 3536 atl

2122 3582 2246 3637 loca
2269 3595 2449 3647 sacra,
2487 3586 2693 3634 etcum
2733 3577 2825 3632 illa
2852 3576 3161 3641 adorasset,
3200 3575 3522 3646 aggreditur
3549 3589 3704 3645 qure-

2123 3688 2249 3728 rere
2284 3672 2585 3739 Pelagium.
2620 3671 2831 3738 Etjcum
2858 3672 3186 3725 accessisset
3219 3668 3288 3723 ad
3324 3668 3523 3723 cellam
3553 3666 3711 3722 Pela-

2122 3764 2246 3836 εἰει),
2277 3763 2515 3833 pulsavit
2547 3770 2605 3817 et
2639 3772 2764 3818 eam
2808 3760 3048 3817 vocavit.
3096 3758 3345 3828 Cumque
3400 3759 3495 3812 illa
3559 3765 3711 3812 esset

2124 3870 2371 3933 egressa,
2396 3853 2549 3911 videt
2583 3852 2884 3927 Pelagiani,
2908 3866 3093 3925 neque
3118 3851 3304 3923 sciens
3339 3851 3704 3920 quaenamzes-

2126 3960 2232 4017 set,
2264 3965 2443 4019 neque
2512 3948 2729 4004 etiamsi
2762 3948 2889 4016 quis
2910 3948 3069 4016 prius
3103 3942 3359 4009 dixisset,
3400 3942 3567 3997 exiis
3590 3956 3712 4011 quae

2129 4043 2413 4108 videntur,
2441 4040 2549 4095 hoc
2595 4047 2794 4110 potens
2825 4038 3054 4094 omnino
3090 4036 3400 4105 intelligere
3440 4042 3536 4089 aut
3573 4049 3712 4089 con-

2123 4138 2331 4212 jicere;
2373 4150 2505 4191 nam
2536 4142 2592 4189 et
2637 4132 2790 4187 color
2835 4140 2959 4191 erat
3000 4131 3054 4189 ei
3082 4136 3348 4195 mutatus,
3380 4134 3439 4183 et
3477 4127 3707 4183 concavi

2128 4237 2289 4284 erant
2304 4228 2426 4297 ejus
2443 4224 2616 4291 oculi,
2640 4233 2699 4279 et
2714 4221 3048 4279 abstinentia
3081 4229 3244 4276 erant
3265 4220 3450 4276 omnia
3484 4220 3715 4275 alterata

2130 4330 2189 4376 et
2216 4329 2448 4376 mutata.
2489 4317 2600 4375 Sed
2649 4333 2754 4374 nec
2811 4318 2959 4373 ullus
2991 4317 3136 4372 alius
3186 4332 3255 4372 ex
3303 4316 3391 4383 iis,
3423 4316 3519 4386 qui
3559 4324 3722 4370 erant

2062 4443 2109 4499 ι)
2136 4409 2545 4482 Hierosolymis
2574 4409 2718 4466 hanc
2744 4409 3043 4480 aspiciens,
3071 4424 3130 4465 se
3154 4409 3384 4466 nutabat
3427 4407 3718 4465 mulierem

2136 4506 2410 4575 aspicere.

2208 4638 2328 4694 XII.
2358 4639 2539 4710 Atque
2562 4641 2649 4695 ille
2676 4640 2901 4711 quidem
2944 4648 3202 4709 tanquam
3226 4655 3256 4693 a
3281 4637 3402 4693 viro
3432 4649 3720 4694 assecutus

2134 4732 2607 4799 benedictionem,
2670 4735 2825 4791 stetit
2879 4735 3149 4789 attonitus
3200 4743 3258 4787 et
3297 4731 3468 4785 Vt‘iuti
3523 4739 3717 4785 emota:

2140 4824 2346 4881 mentis
2372 4825 2441 4879 ad
2466 4826 2841 4895 spectaculum
2873 4826 2994 4899 eius
3013 4822 3381 4881 abstinentiae.
3417 4821 3507 4875 Illa
3531 4831 3716 4877 autem

2141 4929 2270 4971 cum
2305 4915 2559 4969 scivisset
2607 4924 2663 4970 et
2688 4918 2975 4988 cujasnam
3007 4924 3176 4979 esset,
3206 4922 3262 4967 et
3294 4915 3549 4983 quisnam
3574 4921 3722 4967 esset

2140 5009 2191 5065 is
2219 5008 2318 5079 qui
2343 5009 2554 5075 aderat,
2587 5010 2802 5079 rogavit
2829 5019 3012 5063 tamen
3044 5022 3114 5060 an
3161 5013 3311 5061 esset
3338 5006 3517 5059 Nonni
3547 5004 3729 5074 ponti-

2145 5103 2284 5170 ﬁcis,
2304 5101 2409 5159 hoc
2431 5118 2529 5158 sua
2565 5110 2761 5172 sponte
2786 5103 3156 5174 interrogans,
3203 5098 3359 5169 quod
3397 5105 3520 5159 erat
3554 5098 3730 5155 .eino-

2146 5205 2264 5252 tum
2323 5205 2451 5253 ante
2496 5195 3013 5266 interrogationem.
3065 5192 3206 5249 Cum
3258 5192 3348 5246 ille
3400 5202 3583 5247 autem
3623 5189 3731 5245 hoc

2146 5285 2507 5342 afﬁrmasset:
2536 5284 2655 5348 Est,
2694 5283 2878 5353 inquit
2922 5282 3038 5350 illa,
3076 5282 3164 5337 vir
3214 5280 3573 5352 apostolicus.
3610 5281 3730 5352 ipse

2146 5391 2249 5449 pro
2293 5377 2431 5433 meis
2460 5383 2719 5445 precetur
2746 5374 3153 5444 iniquitatibus.
3180 5372 3251 5427 Et
3280 5388 3407 5428 cum
3439 5375 3728 5440 hucusque

2148 5486 2303 5527 suam
2328 5466 2673 5524 extendisset
2701 5466 3035 5533 orationem,
3062 5481 3261 5522 rursus
3280 5465 3479 5522 clausit
3502 5463 3728 5527 ostium,

2149 5572 2207 5619 et
2248 5569 2513 5617 consueta
2548 5560 2718 5629 ccepit
2745 5559 2983 5630 psallere
3011 5561 3247 5614 cantica.
3273 5558 3514 5614 Jacobus
3546 5567 3731 5611 autem

2154 5669 2278 5709 cum
2310 5652 2462 5707 brevi
2495 5658 2745 5721 tempore
2779 5649 2953 5705 multa
2977 5650 3368 5714 lucrifecisset,
3408 5657 3467 5705 et
3504 5648 3734 5702 didicis~

2156 5755 2240 5803 set
2266 5761 2581 5804 mensuram
2621 5744 2898 5804 sermonis
2948 5748 3045 5819 qui
3084 5744 3377 5802 monachis
3428 5742 3631 5802 sunlcit
3678 5752 3737 5800 et
