4126 6382
478 370 586 438 θῖθ

1633 380 2020 448 ADDENDA.
2051 409 2114 418 -
2155 381 2593 444 NOVEMBEII.

3613 380 3725 444 920

483 485 741 542 convenit
798 483 1062 543 recedens
1115 487 1182 542 ad
1242 489 1458 562 reliqua
1489 495 1736 562 perrexit
1792 494 2053 568 deinceps

2158 481 2674 567 τιστήριαδπολλήν
2708 509 2832 546 τινα
2871 496 2966 546 καὶ
3009 490 3162 562 παρὰ
3211 489 3423 544 πολλῶν
3455 487 3735 559 συλλόγων

479 576 837 644 monasteria,
881 577 1176 646 plurimam
1222 592 1288 633 ex
1324 580 1514 636 multis
1556 580 1820 655 colligens
1854 587 2051 642 animae

481 667 792 724 utilitatem.
1155 677 1162 686 '

548 759 688 815 XIII.
709 759 829 816 Non
856 763 1090 818 multum
1120 765 1432 823 intercessit
1455 769 1721 841 temporis
1749 785 1874 825 cum
1904 771 2048 826 fama

474 852 582 907 fuit
610 852 880 924 insignem
923 857 1216 926 quemdam
1241 862 1421 916 virum
1456 863 1680 918 nomine
1702 862 1978 935 Pelagium
2017 879 2047 919 e

477 946 619 1000 vivis
649 947 974 1015 excessisse,
1006 951 1099 1019 qui
1131 950 1188 1006 in
1217 952 1327 1007 vita
1371 969 1502 1009 usus
1547 964 1632 1010 est
1656 971 1850 1026 magna
1893 973 2052 1012 exer-

475 1038 738 1095 citatione
770 1049 827 1095 et
857 1043 1082 1098 virtule.
1128 1043 1197 1098 Et
1249 1047 1433 1100 statim
1467 1046 1689 1117 quidem
1720 1055 2050 1119 congregata

479 1131 585 1187 fuit
613 1133 912 1189 multitudo
939 1137 1355 1204 monachorum;
1382 1147 1708 1208 congregata
1743 1148 1828 1195 est
1867 1148 2050 1194 autem

478 1240 675 1279 eorum
717 1241 938 1297 quoque
961 1228 1054 1297 qui
1087 1238 1257 1284 erant
1292 1229 1498 1300 alioqui
1533 1232 1608 1301 pii
1641 1241 1698 1286 et
1729 1232 1910 1297 mites,
1940 1241 2049 1287 tam

475 1314 846 1372 habitantium
903 1333 1074 1388 prope
1103 1319 1426 1387 Iordanem,
1457 1337 1620 1391 quam
1647 1321 1851 1376 civium
1888 1321 2052 1377 Nico-

476 1406 619 1474 polis
649 1416 704 1461 et
729 1407 1128 1475 Hierichuntis,
1156 1410 1414 1465 omnibus
1444 1410 1666 1467 demum
1691 1412 1786 1481 qui
1808 1412 2046 1467 cireum-

473 1497 620 1552 circa
647 1509 807 1554 erant
827 1501 1305 1570 convenientibus,
1328 1511 1383 1558 et
1411 1503 1772 1561 decedentem
1803 1503 1870 1559 de
1897 1518 2051 1559 more

479 1591 970 1660 prosequentibus.
1006 1592 1109 1660 Qui
1141 1609 1270 1648 cum
1317 1595 1385 1648 ad
1419 1609 1624 1666 corpus
1663 1596 2046 1662 accessissent,

475 1690 533 1736 et
567 1681 617 1735 id
652 1693 938 1752 unguento
974 1701 1180 1757 ungere
1212 1689 1456 1758 aggressi
1506 1697 1713 1753 essent,
1741 1687 1932 1743 vident
1955 1703 2053 1741 no-

478 1788 609 1826 vum
652 1784 710 1829 et
743 1775 986 1832 alienum
1039 1781 1444 1850 spectaculum,
1499 1796 1703 1851 nempe
1757 1782 2048 1836 mulierem

485 1881 607 1936 qua:
657 1884 849 1923 sexum
899 1847 1196 1941 celaverat,
1247 1882 1304 1929 et
1333 1881 1593 1943 tanquam
1625 1847 1709 1928 vir
1741 1872 1958 1928 lortiter
1987 1889 2048 1928 se
2082 1847 2122 1902 Β

476 1971 743 2028 gesserat,
771 1969 827 2016 et
849 1977 881 2018 e
910 1962 1194 2020 laboribus
1225 1965 1458 2020 multum
1489 1966 1863 2022 lucrifeeerat.
1894 1967 2050 2022 Tunc

476 2051 546 2104 ab
575 2052 834 2109 omnibus
864 2056 1076 2124 pariter
1107 2056 1518 2122 decertabatur,
1557 2059 1664 2113 alio
1694 2059 1862 2113 alium
1904 2074 2052 2128 qua:-

479 2152 636 2200 rente
694 2148 1021 2216 praevenire,
1057 2156 1114 2203 et
1146 2164 1212 2204 eo
1243 2151 1510 2206 accedere
1547 2149 1939 2216 contendente,
1994 2159 2051 2204 et

475 2237 898 2305 magnifaciente
929 2241 1018 2295 vel
1056 2245 1176 2297 solo
1226 2245 1459 2314 corpori.
1493 2243 1934 2312 appmpinquare
1993 2250 2050 2297 et

476 2330 598 2398 ejus
629 2331 838 2401 aliquid
877 2341 1124 2402 tangere.
1167 2334 1374 2403 Sicque
1419 2336 1610 2390 multis
1635 2335 1976 2405 lampadibus
1993 2340 2050 2387 et

478 2435 674 2490 magno
715 2421 928 2476 honore
960 2423 1221 2492 pretiosae
1257 2425 1489 2494 Pelagia:
1531 2426 1689 2480 elate
1738 2434 1866 2479 sunt
1916 2423 2050 2478 reli-

475 2511 636 2580 quiae,
651 2526 681 2564 a
700 2510 838 2568 viris
855 2515 1060 2569 sanctis
1078 2523 1130 2569 et
1149 2515 1254 2585 piis
1269 2517 1430 2570 simul
1451 2516 1699 2572 deducta:
1721 2526 1779 2572 et
1797 2527 2045 2586 portatae.

545 2599 700 2656 XIV..
723 2602 850 2659 Hac
872 2613 959 2659 est
998 2605 1108 2661 vita
1136 2607 1466 2662 meretricis.
1497 2607 1623 2663 llaec
1649 2609 1770 2679 ejus
1785 2624 1906 2678 qua:
1932 2618 2052 2664 erat

476 2691 770 2765 desperata
823 2707 955 2752 sunt
987 2707 1375 2770 stratagemata
1422 2699 1690 2756 adversus
1740 2701 2048 2756 inimicum.

476 2785 632 2842 Talis
649 2787 755 2844 fuit
789 2790 1023 2863 Pelagia:
1049 2793 1114 2846 ad
1152 2793 1204 2847 id
1241 2793 1388 2863 quod
1420 2802 1504 2848 est
1538 2795 1757 2862 melius,
1793 2795 2048 2860 mutatio,

471 2895 594 2950 quae
613 2882 688 2936 ita
704 2883 870 2938 etiam
888 2882 1050 2939 nobis
1064 2885 1241 2940 facilis
1255 2894 1338 2941 est
1357 2885 1423 2940 ad
1443 2886 1495 2940 id
1517 2886 1662 2956 quod
1683 2895 1767 2941 est
1790 2897 2052 2956 praestan-

475 2971 619 3030 tius.
638 2970 821 3038 Quare
839 2974 1081 3030 conﬁdat
1099 2977 1356 3046 quilibet,
1378 2977 1478 3033 etsi
1511 2993 1569 3033 se
1600 2979 1778 3049 primo
1800 2995 1908 3034 non
1948 2978 2049 3033 ho-

473 3073 628 3120 neste
655 3065 890 3135 gessisse
921 3068 993 3124 sit
1022 3069 1128 3124 sibi
1163 3071 1446 3136 conscius,
1481 3076 1646 3127 modo
1678 3073 1810 3127 velit
1835 3082 2050 3142 postre-

473 3154 802 3256 mis_priora
846 3158 1101 3256 abluere.
1125 3161 1262 3217 Cum
1301 3179 1412 3256 qua
1455 3163 1556 3218 det-
1581 3163 1742 3256 nobis
1783 3163 2049 3220 Dominus
2074 3197 2117 3256 ο

473 3247 835 3317 inell‘abilem,
865 3266 990 3322 qua:
1023 3252 1139 3308 illic
1174 3265 1261 3309 est
1299 3255 1553 3324 accipere
1595 3255 1954 3324 voluptatem,
1992 3264 2048 3310 et

472 3342 737 3411 consequi
764 3358 888 3414 qua:
919 3343 1032 3398 illic
1055 3353 1194 3398 sunt
1219 3359 1476 3400 coronas.
1501 3345 1775 3412 Quoniam
1796 3345 1848 3399 ei
1871 3345 2045 3413 gloria

475 3447 611 3488 cum
629 3433 791 3490 Patre
831 3443 889 3490 et
921 3445 1112 3492 sancto
1166 3451 1229 3492 ac
1264 3437 1487 3492 viviﬁco
1537 3436 1768 3507 Spiritu,
1810 3453 1956 3491 nunc
1990 3445 2047 3491 et

475 3536 714 3596 semper,
741 3533 798 3581 et
827 3526 884 3582 in
906 3528 1106 3584 saecula
1145 3528 1500 3584 saeculorum.
1529 3529 1724 3584 Amen.

476 3677 1990 3710 Μ

1010 3825 1800 4008 MENSIS
1881 3681 3212 4016 ﬁmi}:

2157 587 2431 658 ὠφέλειαν
2454 586 2717 658 ψυχικήν.

2223 768 2322 826 IT".
2359 769 2433 824 Οὗ
2466 767 2605 822 πολὺ
2639 768 2699 822 τὸ
2733 765 2792 822 ἐν
2828 765 3001 838 μέσῳ,
3035 770 3131 821 καὶ
3174 764 3476 836 φημίζεται
3518 782 3603 828 τις
3637 781 3731 833 aq-

2156 861 2448 933 μειοφόρος
2495 857 2634 930 ἀνὴρ
2686 854 2954 927 Πελάγιος
3003 855 3247 922 ὲκϐιοὺς,
3280 855 3451 926 πολλῇ
3501 872 3609 908 τινι
3659 856 3725 921 τῇ

2153 954 2305 1022 παρὰ
2326 954 2416 1010 τὸν
2443 953 2557 1024 βίον
2597 952 2944 1024 χρησάμενος
2981 950 3218 1020 ἀσκήσει
3261 952 3354 1004 καὶ
3389 951 3583 1020 ἁρετῇ.
3615 946 3730 1000 Καὶ

2153 1043 2352 1097 αὐτίκα
2403 1042 2754 1112 συνήθροιστο
2809 1041 2908 1110 μὲν
2961 1040 3168 1112 πλῆθος
3221 1041 3508 1111 μοναχῶν,
3566 1039 3735 1104 συνή-

2155 1135 2373 1206 θροιστο
2403 1134 2460 1188 δὲ
2510 1133 2621 1188 τῶν
2651 1132 2828 1196 ἄλλως
2874 1131 3141 1186 ἐπιεικῶν
3183 1133 3279 1184 καὶ
3325 1130 3594 1193 εὐλαῦὦν.
3635 1138 3733 1188 καὶ

2154 1230 2277 1284 ὅσον
2325 1228 2426 1297 μὲν
2457 1226 2710 1298 παρῴκει
2743 1227 2836 1280 τὸν
2876 1225 3170 1297 Ἰορδάνην.
3204 1224 3329 1277 ὅσον
3357 1223 3416 1277 δὲ
3459 1219 3530 1294 ἦν
3563 1225 3732 1278 Nixo-

2154 1320 2364 1384 πόλεως
2383 1321 2476 1374 καὶ
2490 1318 2843 1390 Ἱεριχοῦντος
2861 1320 2955 1371 καὶ
2965 1317 3074 1370 τῶν
3091 1315 3251 1386 πέριε
3273 1316 3527 1370 ἁπάντων
3545 1332 3739 1385 συνερ-

2153 1414 2403 1485 χομὲνων
2434 1417 2530 1468 καὶ
2584 1411 2963 1484 χαριζομένων
3015 1408 3582 1480 τὰπροπεμπτήρια.
3621 1409 3732 1462 Καὶ

2153 1504 2218 1575 δὴ
2245 1504 2324 1574 τῷ
2372 1503 2589 1573 σώματι
2623 1501 3018 1572 προσελθόντες
3068 1500 3165 1554 καὶ
3211 1499 3399 1570 χρίσαι
3445 1497 3603 1568 μύρῳ
3632 1499 3734 1561 τὰς

2153 1599 2344 1668 χεῖρας
2375 1595 2750 1658 ἐπιλαϐόντες,
2774 1593 2941 1664 ὁρῶσι
2967 1592 3148 1664 θέαμα
3175 1590 3347 1657 ξένον,
3369 1594 3611 1660 γυναῖκα
3637 1590 3734 1642 λα-

2154 1686 2350 1741 θοῦσαν
2369 1687 2466 1757 τὴν
2496 1687 2683 1757 φύσιν,
2717 1685 2811 1740 καὶ
2837 1682 3239 1756 ἀνδρτσαμένην
3261 1683 3327 1737 τὰ
3359 1681 3468 1737 τῶν
3497 1682 3731 1751 ἀνδρῶν.

2151 1783 2249 1839 καὶ
2275 1783 2384 1836 τῶν
2415 1800 2478 1850 γε
2510 1783 2690 1835 πόνων
2717 1779 2904 1833 πλεῖον
2934 1776 3396 1846 ἁπενετκαμένην
3429 1774 3490 1828 τὸ
3516 1773 3730 1843 κέρδος.

2151 1875 2283 1928 Τότε
2309 1875 2516 1941 γίνεται
2548 1874 2716 1926 πᾶσιν
2746 1871 2876 1934 ἴσως
2903 1867 3074 1938 ἀγὼν,
3100 1869 3260 1923 ἄλλον
3295 1869 3456 1922 ἄλλοι)
3484 1867 3735 1938 προφθά-

2153 1983 2243 2019 σαι
2274 1963 2566 2033 ζητοῦντος
2595 1963 2852 2034 καὶπρὸς
2875 1962 2975 2032 τὴν
3021 1959 3289 2033 ἐκδημίαν
3328 1958 3732 2029 ἁμιλλωμένων

2151 2061 2246 2113 καὶ
2275 2059 2422 2130 μόνῳ
2455 2058 2754 2129 πλησιάσαι
2778 2058 2857 2128 τῷ
2880 2056 3094 2128 σώματι
3122 2054 3618 2124 φιλοτιμουμένων,
3637 2051 3737 2104 καὶ

2150 2152 2340 2205 τούτου
2363 2169 2417 2204 τι
2436 2149 2917 2222 προσεφάψασθαι.
2945 2150 3055 2202 Καὶ
3084 2146 3224 2201 οὕτω
3243 2145 3470 2207 πολλαῖς
3492 2145 3591 2215 μὲν
3612 2144 3737 2205 ταῖς

2151 2241 2422 2312 λαμπάσι,
2448 2241 2657 2296 πλείονι
2689 2240 2744 2294 δὲ
2770 2242 2834 2310 τῇ
2869 2241 3002 2309 τιμῇ
3036 2239 3097 2291 τὸ
3119 2237 3302 2307 τίμιον
3326 2237 3600 2304 Πελαγίας
3624 2234 3741 2299 ἐξε-

2153 2331 2387 2400 κομίσοη
2425 2331 2703 2402 λείψανον,
2750 2330 2858 2384 ὑπὸ
2893 2331 3066 2396 ἁγίων
3099 2331 3194 2384 καὶ
3234 2326 3483 2381 εὐλαὸὦν
3524 2325 3737 2396 ἀνδρῶν

2154 2427 2560 2498 παραπεμφθὲν
2595 2426 2709 2496 ἅμα
2742 2429 2838 2481 καὶ
2861 2425 3188 2496 βασταχθὲν.

2225 2611 2324 2665 1Δ’.
2357 2611 2526 2671 Ουτος
2550 2609 2578 2660 ό
2605 2607 2706 2676 τῆς
2735 2608 2942 2678 πόρνης
2971 2606 3119 2678 βίοςο
3145 2607 3320 2660 ταῦτα
3346 2606 3448 2675 τῆς
3482 2606 3738 2673 ἀπεγνω-

2155 2699 2363 2770 σμένης
2395 2699 2464 2754 τὰ
2486 2699 2606 2752 κατ’
2632 2699 2826 2770 ἰχθροῦ
2857 2699 3292 2769 στρατηγήματα
3310 2714 3324 2729 ⁶
3353 2697 3575 2769 τοιαύτη
3603 2698 3738 2752 ταύ-

2153 2790 2310 2860 τηςή
2361 2789 2498 2860 πρὸς
2530 2789 2590 2842 τὸ
2644 2789 2852 2860 βέλτιον
2888 2789 3186 2860 μεταὸολὴ,
3225 2792 3322 2846 καὶ
3371 2788 3516 2844 οὕτω
3572 2791 3737 2862 ῥᾳδία

2154 2879 2286 2948 ἡμῖν
2324 2879 2404 2942 εἰς
2429 2878 2651 2949 ὁδηγεαν
2670 2879 2766 2932 τοῦ
2804 2872 3221 2950 κρείττονος.*ῌ
3245 2878 3525 2950 θαρρείτω
3549 2897 3656 2944 τις,
3682 2881 3734 2934 ει

2153 2975 2250 3028 καὶ
2281 2971 2349 3026 τὰ
2383 2972 2578 3043 πρῶτα
2637 2971 2878 3027 σύνοιδεν
2922 2972 3101 3043 ἐαυτῷ
3151 2971 3225 3042 μὴ
3274 2971 3437 3039 καλὰ,
3491 2971 3652 3042 μόνον
3681 2974 3733 3026 ει

2152 3067 2266 3129 τοῖς
2307 3065 2641 3129 τελευταίοις
2681 3065 3065 3137 προθυμηθείη
3107 3065 3177 3120 τὰ
3215 3065 3486 3140 πρότερον
3534 3065 3734 3120 dumb

2152 3156 2359 3226 ψασθαι
2385 3173 2400 3190 ο
2434 3157 2557 3228 μεθ’
2599 3151 2667 3230 ἧς
2690 3156 2802 3228 δῴη
2837 3157 3045 3229 Κύριος
3075 3159 3169 3213 καὶ
3211 3158 3346 3228 ἡμῖν
3391 3157 3490 3227 τὴν
3519 3157 3734 3210 ἐκεῖθεν

2152 3249 2398 3320 ἄρρητον
2423 3248 2720 3302 ἀπολαϐεῖν
2748 3249 2963 3321 ἡδονὴν,
2985 3251 3080 3306 καὶ
3111 3250 3220 3306 τῶν
3247 3249 3462 3304 ὲκεῖθεν
3490 3250 3733 3320 ἀξιωθῆ-

2154 3359 2244 3397 ναι
2277 3343 2560 3411 στεφάνων
2581 3357 2598 3374 ·
2624 3343 2708 3397 ὅτι
2750 3342 2900 3413 αὐτῷ
2926 3345 2960 3413 ἡ
3022 3341 3151 3410 δόξα
3191 3343 3288 3397 σὺν
3316 3341 3394 3413 τῷ
3435 3343 3610 3412 Πατρὶ
3635 3344 3734 3396 καὶ

2153 3433 2232 3503 τῷ
2265 3433 2408 3504 ἁγίῳ
2476 3432 2759 3503 Πνεύματι
2804 3432 2900 3487 νῦν
2931 3436 3026 3489 καὶ
3071 3434 3150 3498 εἰς
3205 3433 3329 3497 τοὺς
3383 3432 3588 3495 αἰῶνας
3621 3431 3733 3484 τῶν

2156 3524 2387 3581 αἰώνων.
2439 3526 2636 3597 Ἀμήν.

2851 3676 3713 3708 m

1145 4237 1398 4326 ΒΙοΣ
1423 4231 1624 4326 ΚΑΙ
1658 4233 2208 4328 ΠΟΛΙΤΕΙΑ
2280 4233 2477 4325 ΚΑΙ
2551 4230 3042 4325 ΑΣΚΗΣΙΣ.

1617 4403 1759 4460 ΤΗΣ
1797 4402 1995 4460 ΟΣΙΛΣ
2028 4403 2314 4462 ΜΗΤΡΟΣ
2348 4404 2559 4462 ΗΜΩΝο

1517 4554 2673 4696 ΜΑΤΡΩΝΗΣ..

786 4916 1080 5013 νιΤΑ
1147 4917 1305 5010 ΕΤ
1376 4917 2228 5018 CONVERSATIO
2299 4922 2454 5013 ET
2544 4919 3414 5017 EXERCITATIO.

1567 5077 1880 5142 SANCTA!
1926 5077 2227 5141 MATRIS
2266 5080 2320 5145 Ν
2325 5077 2595 5143 OSTRIE

527 5214 1580 5405 MATRONfE,
1626 5216 2624 5376 MARTYRIS
2722 5219 3662 5380 CHIENSIS.

663 5475 860 5530 (Latine
887 5477 1016 5539 apud
1051 5475 1250 5528 Surlum
1273 5479 1332 5528 ad
1355 5482 1488 5530 diem
1518 5480 1549 5528 8
1575 5477 1868 5530 Novembris
1891 5492 1904 5539 ;
1931 5479 2097 5530 Graeca
2117 5477 2472 5541 descripsimus
2497 5491 2559 5530 ex
2595 5479 2702 5530 cod.
2726 5494 2819 5530 ms.
2846 5479 2971 5542 Reg.
3017 5492 3068 5529 n.
3099 5479 3239 5540 “8|,
3287 5493 3402 5530 sae.
3449 5480 3546 5541 ιιι)

545 5743 588 5794 l.
619 5740 729 5794 Eos
759 5737 852 5810 qui
905 5747 1033 5793 sunt
1063 5739 1116 5794 in
1148 5739 1262 5795 vita
1302 5749 1675 5811 temperantes
1727 5754 1782 5798 et
1813 5744 2048 5798 studiosi

473 5830 719 5897 virtutis,
750 5845 852 5901 pro
879 5830 1095 5886 viribus
1137 5832 1386 5901 laudare,
1422 5833 1582 5888 simul
1628 5843 1714 5892 est
1770 5845 2044 5902 sanctum,

2229 5741 2310 5795 [ι’.
2379 5741 2519 5803 Τοὺς
2579 5739 2867 5811 σώφρονας
2922 5739 3013 5790 τὸν
3064 5738 3178 5808 βίον
3245 5739 3341 5793 καὶ
3402 5740 3727 5812 φιλαρέτους

2159 5835 2298 5889 κατὰ
2325 5833 2555 5905 δύναμιν
2591 5832 2836 5886 ἐπαινεῖν
2873 5830 3018 5884 ὅσιόν
3045 5847 3100 5884 τε
3133 5829 3268 5901 ὁμοῦ
3310 5836 3402 5885 καὶ
3431 5832 3724 5904 ὠφελιμώ-
