4142 6384
438 369 537 433 021

1708 379 1883 440 l'lTA
1931 385 1991 444 S.
2037 385 2451 454 MATRON.’E.

3587 407 3694 470 92:3.

433 500 614 541 τατον.
639 485 810 540 Αύτοί
841 505 898 542 τε
927 488 1037 560 γὰρ
1080 491 1323 545 ίπαίνων
1347 493 1514 560 ἄξιοι,
1555 493 1649 548 καὶ
1678 495 1705 547 ό
1741 496 1870 566 περὶ
1905 495 1991 550 αὐ·

2107 510 2165 556 et
2192 499 2357 572 longe
2399 506 2780 566 utilissimum.
2819 511 2954 567 Nam
3013 522 3067 568 ct
3123 514 3226 586 ipsi
3254 529 3384 573 sunt
3415 519 3582 574 laude
3613 520 3699 573 di-

431 580 540 634 τῶν
559 579 724 648 λόγος
745 580 857 635 τῶν
896 584 1104 652 όμοίων
1141 587 1487 652 ἐφάπτεσθαι
1531 589 1628 642 καὶ
1657 588 1783 652 τοὺς
1814 588 2010 652 ἄλλους

428 673 808 746 διαθερμαίνει
840 677 979 745 πρὸς
1035 676 1234 744 ἔρωτα.
1302 679 1476 734 Ὀταν
1506 680 1562 734 δὲ
1603 682 1697 735 καὶ
1745 681 1806 734 τὸ
1846 684 2008 734 ὲπαι-

429 767 692 838 νούμενον
723 768 862 836 γυνὴ
894 764 952 840 ᾖ,
976 769 1039 823 τὸ
1061 770 1286 836 ἀσθενὲς
1313 772 1413 842 τῆς
1434 772 1741 842 ἀνθρώπων
1767 772 2006 842 φύσεως,

428 861 520 914 καὶ
557 861 699 932 πρὸς
743 862 805 914 τὺ
851 863 964 915 τῶν
1002 863 1183 918 πόνων
1229 866 1405 937 τραχῦ
1455 866 1550 918 καὶ
1589 865 2005 936 μαλακώτατον,

429 953 543 1016 πῶς
602 955 666 1008 ού
731 954 1020 1027 λυσιτελὴς
1055 959 1084 1010 ό
1121 956 1347 1022 ἔπαινος
1397 957 1661 1029 ἀνδράσιν
1729 955 1846 1028 ἅμα
1909 960 2006 1011 καὶ

429 1047 713 1114 (mutila,
775 1049 1128 1119 ἀμφοτέρους
1187 1051 1327 1121 πρὸς
1388 1051 1458 1105 τά
1514 1051 1658 1105 καλά
1712 1051 2007 1122 διεγείρειν

423 1143 746 1212 δυνάμενος,
802 1142 905 1207 τὰς
955 1144 1058 1214 μὲν
1099 1145 1187 1198 ἵνα
1230 1145 1326 1199 τοῦ
1367 1145 1537 1199 αὐτοῦ
1592 1145 2003 1216 κοινωνήσασαι

429 1237 617 1304 γένους
651 1237 749 1290 καὶ
775 1239 886 1290 τῶν
920 1237 1100 1291 αὐτῶν
1126 1234 1237 1291 εἷεν
1268 1239 1676 1309 ὲπειλημμέναι
1703 1239 1882 1293 πόνων
1909 1239 2004 1292 καὶ

421 1329 690 1398 ἀμοισῶν,
741 1330 877 1392 τοὺς
936 1330 992 1383 δὲ
1041 1330 1128 1383 ἵνα
1169 1329 1245 1402 μὴ
1300 1329 1496 1402 ἄνδρες
1551 1330 1706 1394 δντες
1757 1329 2002 1400 δεύτεροι

422 1422 702 1484 γυναικῶν
728 1421 944 1491 ὀφθεῖεν
992 1423 1088 1476 καὶ
1130 1423 1265 1493 πρὸς
1299 1421 1362 1474 τὸ
1398 1424 1585 1476 πονεῖν
1624 1421 1997 1494 ἀγενέστεροι.

422 1511 643 1566 Τούτων
670 1512 764 1567 οὖν
793 1514 904 1566 τῶν
931 1515 1238 1568 ἐπαινετῶν
1270 1515 1403 1584 βίων
1435 1516 1528 1568 καὶ
1559 1516 1873 1586 φιλαρέτων
1907 1518 1999 1570 καὶ

418 1602 448 1654 ό
482 1602 795 1674 Ματρὼνης
843 1604 1207 1674 καθέστηκεν,
1256 1606 1484 1676 ἀνδράσι
1523 1607 1622 1678 μὲν
1675 1608 1999 1680 ἁμιλληθείο

420 1713 520 1766 σης
549 1697 649 1769 τὴν
681 1698 906 1770 ἀρετὴν,
951 1699 1409 1770 παρενεγκούσης
1447 1701 1504 1754 δὲ
1560 1700 1782 1763 τούτους
1825 1704 1997 1772 ὑπερ-

419 1790 582 1859 φυέσι
615 1794 730 1855 τοῖς
770 1793 1222 1864 κατορθώμασιν,
1252 1793 1328 1856 ὼς
1363 1793 1625 1866 προϊόντα
1655 1793 1887 1866 δηλώσει
1927 1795 1995 1849 τὰ

418 1884 816 1957 λεχθησόμενα.

486 2161 561 2218 B'.
604 2161 773 2233 Χώρα
808 2163 895 2225 τίς
935 2163 1090 2216 ἐστιν
1124 2162 1548 2234 ύποτεταγμένη
1584 2165 1648 2234 τῇ
1703 2163 1994 2231 Ῥωμαίων

414 2256 554 2324 ἀρχῇ
581 2256 636 2308 έν
669 2254 944 2323 μεθορίοις
970 2253 1212 2307 Κιλίκων
1234 2271 1290 2307 τε
1319 2255 1426 2308 καὶ
1445 2253 1714 2324 Ἰσαύρων
1738 2256 1992 2324 κειμένη,

413 2345 657 2417 τοΰνομα
685 2345 1002 2415 Παμφυλία,
1033 2345 1065 2416 ἦ
1089 2345 1185 2398 καὶ
1211 2345 1298 2399 διὰ
1322 2345 1384 2399 τὸ
1402 2346 1772 2416 κουροτρόφον
1789 2347 1996 2417 ταύτης

413 2443 508 2495 καὶ
543 2439 979 2512 πολυάνθρωπον
1033 2440 1128 2492 καὶ
1166 2439 1228 2492 τὸ
1271 2437 1332 2504 ἐξ
1367 2439 1598 2493 ἁπασῶν
1642 2440 1753 2492 τῶν
1785 2442 1996 2496 πόλεων

411 2534 708 2604 οἰκήτορας
749 2533 922 2604 ἔχειν,
961 2532 1222 2602 τοιαύτης
1262 2532 1424 2603 ἔτυχε
1457 2533 1557 2603 τῆς
1597 2535 1992 2604 προσηγορίας.

411 2629 525 2683 Μία
552 2628 608 2682 δὲ
648 2628 759 2681 τῶν
792 2627 886 2680 ὑπ’
933 2626 1103 2697 αὐτὴν
1149 2625 1362 2681 πόλεων
1399 2627 1586 2697 Πέργη
1623 2626 1994 2698 κατονομάζε-

413 2737 522 2783 ται,
557 2722 626 2793 ἢν
665 2720 1022 2790 θρεψαμένην
1082 2719 1244 2788 ἔσχεν
1291 2720 1324 2781 ἡ
1365 2721 1614 2789 μακαρία
1664 2717 1804 2789 αὕτη
1868 2720 1994 2773 Μα-

409 2814 613 2885 τρὼνα,
649 2815 772 2885 ἣτις
797 2811 904 2866 ὑπὸ
930 2813 1040 2865 τῶν
1059 2813 1399 2881 γειναμένων
1417 2811 1730 2882 ἐλευθερίου
1752 2811 1994 2882 τυχοῦσα

412 2907 662 2971 παιδείας
691 2907 788 2976 καὶ
817 2906 1044 2976 ἀγωγῆς
1082 2908 1161 2969 εἰς
1191 2904 1341 2976 ὥραν
1365 2922 1425 2958 τε
1457 2905 1637 2976 γάμου
1669 2907 1993 2960 καταστᾶσα

410 2997 500 3074 (ἦν
520 3001 630 3074 γὰρ
661 3003 757 3056 καὶ
777 3001 854 3072 τῷ
879 3000 1068 3054 κάλλει
1101 3000 1509 3070 περίϐλεπτος),
1541 3000 1696 3072 ἀνδρὶ
1723 3001 1994 3054 συνάπτε-

406 3114 499 3150 ται
527 3098 590 3151 ού
613 3095 723 3150 τῶν
752 3094 966 3149 πολλῶν
999 3095 1080 3147 ἑνὶ
1117 3094 1213 3147 καὶ
1240 3093 1352 3148 τῶν
1393 3093 1692 3164 τυχόντων,
1750 3093 1990 3163 τοῦνομα

2121 593 2236 663 gni,
2271 604 2330 651 et
2383 615 2507 668 qua:
2537 600 2607 656 de
2642 603 2725 658 eis
2765 604 3004 660 habetur
3034 607 3235 672 oratio,
3286 607 3481 663 incitat
3515 618 3568 663 et
3614 609 3701 661 in-

2119 683 2366 742 ﬂammat
2388 689 2525 744 alios
2555 692 2623 746 ad
2678 709 2920 750 amorem
2973 697 3330 766 aggrediendi
3369 698 3518 752 talia.
3557 697 3698 753 Cum

2116 786 2304 832 autem
2338 789 2392 834 et
2426 781 2501 848 id,
2529 785 2674 854 quod
2699 786 2978 854 laudatur,
3014 788 3184 844 fuerit
3235 790 3458 856 mulier,
3498 790 3552 843 id
3588 790 3699 844 sci-

2116 871 2264 938 licet,
2295 873 2440 942 quod
2494 885 2579 930 est
2628 877 2882 934 humana:
2917 890 3132 934 natura:
3183 881 3420 938 maxime
3453 883 3701 938 imbecil-

2114 963 2252 1026 lum,
2288 973 2345 1018 et
2373 965 2446 1020 ad
2476 981 2706 1036 asperos
2763 970 3149 1038 suscipiendos
3182 971 3402 1026 labores
3433 974 3696 1028 mollissi-

2113 1070 2288 1121 mum,
2356 1058 2826 1127 quemadmodum
2895 1075 3005 1115 non
3039 1070 3120 1117 est
3171 1063 3294 1116 laus
3331 1064 3700 1119 conducibilis

2112 1148 2248 1202 viris
2279 1149 2446 1204 simul
2471 1159 2526 1205 et
2558 1151 2803 1215 feminis,
2849 1168 2973 1222 qua:
3021 1161 3204 1223 potest
3253 1162 3515 1222 utrosque
3549 1155 3698 1210 exci-

2114 1248 2231 1294 tare
2257 1241 2323 1296 ad
2349 1258 2415 1296 ea
2451 1257 2571 1312 quae
2597 1255 2728 1298 sunt
2765 1245 2994 1314 pulchra
3035 1255 3094 1300 et
3128 1245 3360 1300 honesta
3386 1246 3411 1298 ?
3437 1245 3695 1304 Feminas

2110 1334 2362 1404 quidem,
2385 1347 2467 1404 ut,
2492 1355 2615 1394 tum
2639 1340 2747 1394 sint
2769 1341 3015 1412 ejusdem
3046 1341 3288 1412 generis,
3317 1342 3538 1396 eosdem
3565 1357 3695 1412 quo-

2109 1443 2219 1498 que
2253 1428 2472 1485 labores
2501 1431 2805 1502 suscipiant
2838 1443 2895 1487 et
2933 1432 3155 1488 easdem
3190 1433 3691 1498 remunerationes;
3761 1427 3766 1436 ’

2108 1521 2259 1576 viros
2290 1531 2496 1588 autem,
2535 1537 2628 1589 ne,
2672 1537 2796 1579 cum
2848 1525 2960 1579 sint
2989 1524 3119 1590 viri,
3153 1533 3455 1580 cernantur
3490 1525 3690 1580 cedere

2109 1613 2460 1680 mulieribus,
2518 1623 2575 1670 et
2625 1615 2694 1670 ad
2735 1615 2952 1671 labores
3000 1617 3388 1686 suscipiendos
3430 1617 3511 1672 eis
3566 1633 3690 1674 esse

2105 1703 2441 1768 ignaviores.
2474 1705 2550 1760 Ex
2584 1707 2652 1762 iis
2680 1722 2812 1778 ergo
2844 1724 2964 1777 quae
2988 1709 3156 1763 vitam
3181 1708 3536 1762 laudabiliter
3561 1724 3688 1779 ege-

2107 1807 2318 1852 runtet
2346 1813 2413 1852 ex
2466 1798 2695 1860 virtute,
2736 1799 3033 1855 fuitetiam
3090 1800 3360 1862 Matrona,
3404 1816 3528 1868 qua:
3556 1817 3682 1854 eum

2105 1888 2238 1941 viris
2270 1889 2493 1958 quidem
2549 1891 2753 1946 virtute
2799 1893 3104 1956 contendit,
3136 1892 3416 1963 przeclaris
3448 1907 3584 1961 vero
3627 1902 3684 1948 et

2099 1979 2444 2038 admirandis
2500 1982 2661 2038 factis
2710 1999 2809 2040 eos
2861 1985 3167 2055 superavit,
3209 1993 3270 2038 ut
3323 1983 3378 2037 in
3419 1998 3680 2053 processu

2098 2075 2394 2131 ostendent
2421 2091 2485 2131 ea
2515 2093 2638 2147 qua:
2675 2077 2950 2133 dicentur.

2168 2168 2236 2224 ll.
2269 2169 2363 2224 Est
2389 2171 2640 2240 quaedam
2667 2175 2816 2240 regio
2855 2171 3102 2242 subjecta
3134 2173 3365 2244 imperio
3411 2175 3685 2230 Romano-

2100 2278 2246 2327 rum,
2272 2264 2376 2317 sita
2405 2264 2458 2318 in
2481 2264 2720 2318 confinio
2748 2263 2984 2320 Cilicum
3007 2276 3062 2320 et
3093 2266 3428 2330 Isaurorum,
3459 2267 3683 2321 nomine

2097 2356 2439 2428 Pamphylia,
2493 2373 2614 2427 quae
2655 2367 2946 2428 preptcrea
3001 2359 3148 2428 quod
3183 2360 3257 2414 sit
3312 2359 3514 2428 papulo
3566 2357 3679 2414 fre-

2097 2465 2296 2519 quens,
2329 2459 2384 2504 et
2420 2449 2621 2503 habeat
2668 2450 3009 2504 habitatores
3046 2467 3112 2505 ex
3145 2452 3404 2504 omnibus
3438 2449 3682 2505 civitati-

2097 2544 2224 2602 bus.
2251 2542 2331 2598 sic
2367 2542 2470 2596 fuit
2502 2543 2794 2613 appellata.
2834 2541 2949 2596 Una
2988 2551 3172 2597 autem
3209 2559 3276 2598 ex
3306 2544 3374 2598 iis
3402 2558 3524 2612 qua
3554 2553 3683 2597 sunt

2100 2634 2155 2688 in
2187 2649 2273 2698 ea,
2301 2633 2622 2689 civitatibus
2660 2641 2894 2688 vocatur
2922 2634 3116 2704 Perge,
3159 2633 3215 2688 in
3259 2650 3365 2704 qua
3399 2634 3504 2687 fuit
3543 2633 3682 2687 edu-

2097 2737 2217 2782 cata
2255 2727 2371 2780 hzcc
2411 2726 2567 2780 beata
2601 2725 3013 2795 Matrona,qua:
3045 2742 3074 2780 a
3120 2726 3444 2797 parentibus
3478 2725 3678 2794 adepta

2096 2818 2385 2874 liberalem
2441 2817 2790 2886 disciplinam
2827 2827 2883 2872 et
2927 2818 3337 2880 educationem,
3388 2832 3513 2872 cum
3565 2817 3676 2886 jam

2095 2920 2241 2968 esset
2267 2910 2472 2965 nubilis
2502 2911 2642 2979 (erat
2667 2911 2815 2964 enim
2837 2910 3034 2979 insigni
3060 2909 3522 2979 pulchritudine),
3541 2911 3675 2979 jun-

2095 3007 2244 3078 gitur
2275 3005 2626 3059 matrimonio
2651 3003 2850 3059 marito
2873 3019 2984 3058 non
3010 3003 3244 3073 vulgari,
3292 3020 3398 3057 non
3429 3003 3672 3073 plebeio,

2097 3100 2322 3154 nomine
2373 3098 2709 3162 Domitiano,
2757 3097 2928 3166 fitque
2983 3106 3160 3151 mater
3202 3096 3366 3151 unius
3406 3095 3551 3150 filiae.
3581 3096 3672 3149 cui

407 3187 745 3260 Δομετιανῷ,
780 3189 913 3260 μιᾶς
949 3204 1008 3242 τε
1062 3187 1256 3250 παιδὸς
1304 3188 1516 3256 γίνεται
1559 3187 1763 3258 μήτηρ,
1893 3187 1991 3255 τὴν

2097 3191 2280 3247 statim
2312 3206 2378 3246 ex
2407 3189 2606 3244 futuris
2639 3188 2834 3244 tribuit
2856 3189 3302 3260 appellationem,
3330 3199 3389 3242 ut
3409 3204 3531 3257 qum
3550 3204 3672 3241 eam

406 3281 786 3353 προσηγορίαν
805 3282 868 3334 ὲκ
887 3281 996 3334 τῶν
1021 3280 1302 3349 ισομένων
1339 3279 1502 3344 εὐθὺς
1537 3280 1842 3351 ἡρμόσατο,
1862 3280 1995 3334 Θεο-

405 3373 568 3444 δότην
591 3373 690 3444 μὲν
710 3372 1050 3442 ὀνομάσασα,
1071 3368 1192 3441 Θεῷ
1223 3370 1280 3425 δὲ
1314 3370 1486 3425 δοῦσα
1505 3371 1716 3444 ταύτην
1731 3374 1795 3426 ἐκ
1817 3388 1993 3443 σπαρ-

406 3468 593 3535 γάνων
634 3463 836 3520 αὐτῶν.
875 3465 1067 3526 Ὅπως
1112 3465 1213 3535 μὲν
1258 3463 1352 3516 οὖν
1386 3462 1526 3533 μετὰ
1555 3465 1647 3517 τὸν
1689 3465 1868 3534 γάμον
1899 3465 1994 3516 καὶ

406 3557 505 3628 τὴν
535 3555 848 3627 συνοίκησιν
890 3555 951 3609 τὸ
989 3555 1213 3628 μέτριόν
1243 3573 1304 3610 τε
1350 3555 1448 3610 καὶ
1476 3556 1685 3627 ἄτυφον
1719 3556 1859 3627 αὐτῇ
1892 3573 1992 3626 με-

409 3650 676 3721 μελέτητο
705 3649 804 3704 καὶ
828 3651 890 3705 τὸ
915 3649 1252 3720 φιλόκοσμον
1275 3649 1377 3704 οὐκ
1400 3650 1460 3704 ὲν
1489 3651 1604 3714 τοῖς
1634 3650 1992 3714 έπιπλάστοις

406 3744 504 3798 καὶ
549 3746 931 3814 κομμωτικοῖς
971 3743 1249 3807 κάλλεσιν,
1295 3742 1413 3797 ἀλλ’
1457 3745 1538 3807 είς
1569 3742 1662 3796 τὸν
1709 3743 1863 3806 ἐντὸς
1894 3743 1990 3812 τῆς

406 3835 584 3905 ψυχῆς
640 3834 930 3902 ἄνθρωπον
981 3837 1225 3906 ἦσκητο,
1296 3837 1558 3908 τιθεμένη
1620 3835 1708 3890 διὰ
1754 3835 1990 3903 σπουδῆς

409 3927 737 3999 σωφροσύνῃ
780 3943 840 3981 τε
873 3926 970 3980 καὶ
1012 3930 1077 3998 τῇ
1114 3927 1258 3981 κατὰ
1293 3927 1411 3998 βίον
1445 3929 1740 3999 σεμνότητι
1769 3929 1982 3998 διαζῇν.

469 4019 544 4073 1".
583 4018 900 4074 Ἐπαινετδν
951 4020 1053 4090 μὲν
1105 4021 1201 4075 καὶ
1241 4021 1418 4086 άλλως
1452 4022 1737 4092 άγαπητδν
1766 4022 1827 4075 τὸ
1859 4025 1990 4090 περ)⁸

406 4109 614 4164 τούτων
645 4109 951 4178 ἐπεξιέναι,
984 4111 1246 4181 περιττὸν
1280 4110 1336 4166 δὲ
1378 4111 1550 4177 δόξειε
1585 4113 1806 4176 πάντως
1845 4114 1894 4166 εί
1919 4113 1988 4165 τά

409 4200 635 4270 μείζονα
685 4200 960 4271 παρέντες
1006 4203 1102 4256 καὶ
1151 4202 1458 4272 τελεώτερα
1494 4203 1622 4276 περὶ
1653 4203 1754 4274 τὴν
1781 4204 1989 4258 τούτων

408 4294 632 4363 μνήμην
661 4293 997 4365 άπασχολείν
1033 4294 1162 4358 τοὺς
1202 4296 1477 4367 ἀκροατάς
1513 4295 1788 4366 ἑλώμεθα.
1826 4299 1892 4352 Ὀ
1931 4297 1988 4351 δὲ

404 4385 518 4441 τῶν
547 4385 726 4440 ἄλλων
755 4387 895 4456 αὑτὴ
928 4388 1331 4459 προτετίμηκε,
1371 4388 1532 4442 τοῦτο
1572 4390 1666 4443 καὶ
1704 4390 1986 4460 προθεῖναι

405 4478 502 4548 τῆς
529 4478 839 4549 διηγήσεως
870 4479 1113 4550 ἁρμόζον
1163 4481 1334 4535 ἐστίν.
1370 4481 1592 4550 Ἔκρινε
1624 4481 1732 4552 γὰρ
1777 4482 1838 4535 τὸ
1889 4481 1986 4535 τοῦ

416 4570 742 4624 ’Δποστόλου
783 4572 862 4635 είς
910 4573 1080 4644 άκρον
1127 4573 1268 4644 αὐτῇ
1307 4573 1673 4644 φυλαχθῆναι.
1707 4576 1828 4628 Δετν
1877 4575 1986 4647 γὰρ

402 4663 609 4727 mne;
637 4680 773 4734 φησι
803 4665 932 4727 τοὺς
973 4665 1196 4736 ἔχοντας
1227 4668 1500 4734 γυναῖκας
1537 4666 1613 4730 ὡς
1655 4666 1731 4739 μὴ
1763 4667 1988 4738 ἔχοντας

402 4755 733 4810 διακεῖσθαι.
767 4756 934 4812 ’Ὀθεν
968 4757 1174 4812 ἑκοῦσα
1212 4760 1312 4826 τῆς
1343 4759 1723 4830 δνεγκαμένης
1744 4761 1986 4814 ὲκστᾶσα

402 4850 546 4905 κατὰ
580 4849 736 4904 θείαν
783 4851 931 4920 φημὶ
986 4851 1267 4920 πρόνοιαν,
1316 4851 1384 4922 ἢν
1423 4851 1546 4923 ἔσχε
1576 4855 1669 4905 καὶ
1703 4853 1990 4923 συμπράτ-

401 4960 602 4999 τουσαν
628 4943 707 5015 τῷ
739 4943 1095 5016 βουλεύματι,
1133 4947 1212 5010 είς
1239 4946 1339 5018 τὴν
1362 4945 1848 5018 προκαθεζομένην
1875 4947 1987 5002 τῶν

401 5036 612 5091 πόλεων
650 5038 712 5092 τὸ
746 5037 1046 5102 Βυζάντιον
1090 5041 1192 5111 τὴν
1233 5039 1550 5112 ἀποδημίαν
1595 5040 1712 5112 ἅμα
1752 5043 1833 5112 τῷ
1864 5059 1988 5096 συν-

401 5129 644 5184 οικοῦντι
698 5130 1020 5198 πεποίηται,
1065 5132 1124 5186 ὃν
1173 5128 1290 5204 εἶχε
1339 5133 1440 5204 μὲν
1491 5133 1986 5205 συναποδημοῦντα

401 5219 497 5272 καὶ
534 5220 671 5289 μηδὲ
718 5221 780 5274 τὸ
810 5223 974 5292 τυχὸν
1012 5221 1403 5295 ἀφιστάμενον,
1433 5226 1496 5279 οὺ
1531 5225 1638 5298 μὴν
1682 5226 1795 5280 τῶν
1827 5227 1987 5298 μελε-

400 5311 660 5382 τωμένων
696 5313 992 5384 συνίστορα
1017 5315 1139 5368 οὐδὲ
1161 5316 1296 5388 ὅπερ
1329 5314 1476 5388 εἶχεν
1513 5319 1655 5392 αὕτη
1689 5321 1829 5375 κατὰ
1857 5319 1983 5374 νοῦν

399 5405 790 5475 ἐπιστάμενον.
849 5402 986 5461 Εἶτα
1047 5407 1150 5477 τὴν
1218 5407 1611 5478 βασιλεύουσαν
1663 5411 1982 5467 εἰσελθοῦσα

405 5501 511 5560 ιοϊς
564 5501 715 5562 ναοῖς
767 5499 873 5554 άνά
934 5502 1117 5555 πᾶσαν
1184 5501 1403 5573 ἡμέραν
1472 5503 1813 5575 προσήδρευε
1873 5505 1980 5559 τῶν

401 5588 576 5654 ἁγίων
606 5590 778 5644 νύκτα
827 5591 920 5644 καὶ
954 5592 1073 5661 μεθ’
1106 5593 1319 5664 ἡμέραν
1363 5593 1545 5647 αὐτῶν
1595 5595 1697 5649 οὐκ
1737 5600 1977 5666 ἀφιστα-

402 5682 562 5752 μένη,
579 5685 832 5753 νηστείας
847 5702 906 5738 τε
926 5687 1018 5740 καὶ
1037 5687 1343 5757 προσευχῆς
1365 5688 1735 5760 ἐπιμελομένη
1758 5690 1977 5744 καὶτῶν

400 5769 568 5823 Εντωνι
600 5775 932 5831 κοινωνοῦσα
949 5779 1056 5840 τοῖς
1089 5778 1367 5848 δεομένοις
1395 5779 1530 5832 Θεοῦ
1563 5798 1618 5833 τε
1651 5782 1738 5835 διὰ
1777 5783 1975 5846 παντὸς

400 5863 624 5946 δεομένη
657 5871 1092 5942 κατευναοθῆναι
1125 5873 1300 5943 ταύτῃ
1329 5874 1419 5927 τἰν
1451 5871 1690 5942 ἔμφυτον
1738 5875 1971 5940 πόλεμον

339 5973 404 5996 δ

2097 3281 2400 3338 nominarit
2439 3280 2786 3344 Theodoten,
2839 3281 2954 3336 Deo
2984 3289 3168 3334 autem
3213 3294 3332 3334 eam
3364 3279 3579 3333 dederit
3607 3293 3676 3333 ex

2096 3375 2232 3447 ipsis
2263 3373 2471 3430 fasciis.
2503 3374 2681 3443 Atque
2713 3384 2774 3428 ut
2800 3380 2926 3442 post
2975 3371 3196 3441 nuptias
3229 3369 3452 3441 quidem
3495 3380 3551 3426 et
3579 3385 3676 3426 c0-

2094 3468 2518 3533 habitationem,
2547 3468 2983 3524 moderationem
3037 3475 3347 3528 exerceret,
3378 3473 3436 3520 et
3470 3480 3500 3518 a
3533 3466 3673 3519 fastu

2093 3576 2158 3616 ac
2183 3561 2444 3632 superbia
2475 3559 2889 3625 alienationem,
2911 3568 2968 3614 et
2993 3568 3288 3614 ornaretur
3313 3574 3422 3612 non
3449 3565 3674 3618 ornatu.

2091 3654 2188 3724 qui
2237 3653 2498 3708 consistit
2541 3653 2596 3707 in
2633 3651 2754 3706 ficta
2784 3660 2839 3706 et
2887 3652 3064 3706 fucata
3102 3651 3536 3721 pulchritudine.
3572 3650 3670 3704 sed

2092 3747 2148 3802 in
2205 3745 2426 3800 interno
2474 3745 2672 3798 animae
2701 3742 2947 3809 homine,
2997 3743 3288 3798 adhibebat
3319 3743 3587 3806 studium,
3619 3752 3673 3795 et

2095 3846 2154 3892 ut
2187 3838 2242 3892 in
2274 3837 2638 3905 temperantia
2667 3836 2834 3892 vitam
2861 3837 3087 3909 degeret
3109 3847 3166 3893 et
3196 3838 3506 3893 honestate.

2165 4015 2257 4072 lll.
2307 4015 2610 4072 Laudabile
2665 4016 2909 4088 quidem,
2962 4027 3016 4072 ct
3062 4017 3267 4087 alioqui
3331 4025 3547 4088 gratum
3586 4030 3672 4075 est

2095 4111 2210 4164 hac
2258 4108 2540 4182 persequi.
2597 4109 3083 4180 Supervacaneum
3115 4121 3296 4165 autem
3333 4111 3514 4165 visum
3549 4129 3669 4166 om-

2090 4203 2224 4257 nino
2263 4202 2454 4268 fuerit,
2481 4202 2526 4259 si
2559 4203 2852 4274 praeteritis
2879 4203 3182 4274 majoribus
3227 4213 3282 4259 et
3320 4204 3660 4274 perfectiori-

2091 4295 2218 4361 bus,
2244 4296 2591 4350 voluerimus
2623 4305 2926 4366 occupatos
2954 4305 3142 4352 tenere
3177 4297 3462 4353 auditores
3488 4299 3542 4353 in
3570 4299 3657 4354 ho-

2091 4404 2216 4442 rum
2251 4389 2657 4443 recordatione.
2689 4389 2844 4456 Quod
2880 4398 3064 4445 autem
3101 4393 3216 4461 ipsa
3244 4391 3370 4447 aliis
3404 4393 3671 4463 praetulit,

2094 4477 2200 4532 hoc
2223 4478 2390 4532 etiam
2421 4477 2683 4533 convenit
2722 4493 3044 4549 praeponere
3073 4481 3128 4534 in
3161 4481 3502 4536 narratione.
3551 4481 3660 4536 Sta-

2094 4569 2445 4626 tuehatenim
2468 4571 2702 4642 id,quod
2722 4571 3221 4641 dicitApostolus.a
3237 4590 3292 4630 se
3312 4591 3527 4630 summe
3549 4592 3669 4631 esse

2089 4665 2448 4721 servandum.
2485 4665 2581 4720 ille
2615 4665 2763 4720 enim
2817 4665 2972 4730 dicit,
3005 4676 3262 4737 oportere
3298 4683 3394 4724 eos
3450 4669 3543 4738 qui
3577 4669 3669 4724 ha-

2089 4759 2223 4815 bent
2288 4773 2512 4821 uxores,
2571 4757 2708 4812 allici
2762 4758 2994 4827 perinde
3037 4775 3102 4814 ac
3141 4759 3186 4815 si
3237 4775 3350 4813 non
3404 4760 3668 4815 habeant.

2088 4853 2458 4920 Quamobrem
2517 4867 2644 4906 cum
2724 4865 2825 4907 sua
2875 4863 3073 4921 sponte
3121 4854 3454 4909 excessisset
3487 4854 3556 4907 ab
3609 4871 3668 4908 ea

2087 4963 2208 5017 quae
2244 4948 2392 5002 illam
2427 4947 2551 5000 tulit
2582 4946 2786 5016 patria,
2815 4946 3024 5008 divina,
3066 4946 3314 5015 inquam.
3375 4946 3666 5015 providen-

2090 5039 2187 5106 tia,
2224 5055 2387 5109 quam
2422 5039 2542 5110 ejus
2595 5039 2891 5095 consilium
2948 5039 3141 5093 habuit
3188 5038 3564 5109 adjuvantem,
3614 5039 3667 5090 in

2085 5146 2206 5186 eam
2241 5147 2365 5201 quae
2400 5131 2635 5199 primam
2671 5131 2860 5186 sedem
2912 5130 3128 5185 obtinet
3181 5129 3329 5183 inter
3387 5127 3667 5184 civitates.

2085 5237 2283 5293 nempe
2306 5221 2649 5293 Byzantium.
2673 5237 2798 5276 eum
2833 5221 3030 5275 marito
3066 5217 3437 5289 proficiscitur
3464 5235 3476 5270 :
3501 5233 3665 5284 quem

2085 5315 2323 5371 habebat
2356 5314 2579 5385 quidem
2629 5313 2792 5367 simul
2825 5313 3285 5382 peregrinantem,
3317 5318 3372 5363 ct
3402 5325 3469 5363 ne
3499 5308 3665 5363 mini-

2087 5425 2236 5463 mum
2282 5408 2504 5476 quidem
2556 5405 2929 5467 recedentem,
2960 5399 3071 5458 ιι¹διι
3103 5412 3283 5458 tamen
3312 5417 3501 5454 eorum
3525 5415 3662 5453 can-

2083 5503 2277 5565 scium,
2313 5516 2435 5569 quae
2483 5498 2668 5553 animo
2697 5498 2956 5567 agitabat,
3008 5510 3186 5566 neque.
3237 5495 3501 5548 scientem
3559 5493 3659 5546 ali.

2085 5593 2248 5661 quid,
2295 5589 2442 5659 quiod
2513 5605 2576 5644 ea
2635 5598 2816 5643 mente
2873 5589 3147 5642 versabat.
3203 5587 3408 5641 Deinde
3463 5585 3660 5638 urbem

2088 5684 2332 5752 ingressa
2371 5682 2596 5752 regiam,
2641 5691 2754 5736 toto
2770 5681 2857 5736 die
2887 5679 3162 5737 assidebat
3199 5683 3249 5734 in
3286 5681 3501 5744 templis
3535 5695 3662 5730 εςιιιο

2088 5786 2330 5838 ctorum,
2358 5789 2460 5827 nec
2507 5773 2600 5826 diu
2658 5788 2760 5827 nec
2799 5784 2960 5828 noctu
2997 5773 3065 5828 ab
3097 5773 3177 5826 eis
3217 5772 3658 5840 ri-cmlens,jegir-

2088 5869 2275 5942 niique
2315 5879 2366 5925 et
2405 5885 2628 5940 precum
2667 5885 2852 5924 curam
2893 5886 3089 5933 gerens
3141 5879 3192 5925 ct
3228 5868 3510 5923 t‘acu‘tates
3554 5865 3670 5918 iur
