4142 6384
476 327 582 393 923

1608 325 2000 387 ADDENDA.
2040 348 2109 360 -
2148 326 2594 398 NOVEMBER.

3618 335 3727 402 931

476 448 725 524 pcrticns
763 446 1072 517 egentibus.
1128 454 1185 500 et
1245 445 1417 500 Deum
1466 444 1687 501 assidue
1728 462 1949 516 rogans.
1998 455 2059 501 ut

2172 452 2260 519 τῆς
2288 454 2508 522 σαρκός.
2552 455 2663 508 Καὶ
2706 452 2815 525 γὰρ
2838 449 2906 524 ἦν
2939 454 3060 508 τότε
3095 453 3223 507 νέαν
3254 454 3465 522 ἄγουσα
3494 454 3594 526 τὴν
3623 456 3738 527 ὴλι-

477 545 757 613 sopiretur
790 541 842 593 in
870 555 935 595 ea
973 537 1228 593 innatum
1281 538 1485 593 bellum
1520 540 1732 603 carnis,
1756 551 1878 595 erat
1906 540 2054 594 enim

478 644 611 690 tunc
647 640 811 688 aetate
858 631 1101 702 juvenis.
1156 638 1216 685 ut
1247 646 1370 702 qua:
1422 646 1534 687 non
1569 642 1717 687 esset
1751 641 1882 687 nata
1934 632 2057 703 plus

476 743 640 796 quam
669 727 858 796 viginti
892 726 1135 798 quinque
1176 741 1371 781 annos.

546 818 633 874 IV.
666 819 918 890 Rogabat
948 836 1101 891 ergo,
1137 821 1282 876 sicut
1311 819 1579 885 diximus,
1614 827 1674 874 ut
1721 819 2059 875 liberaretur

474 930 506 970 a
542 915 726 969 carnis
755 914 1046 976 molestiis,
1072 923 1150 977 ut,
1189 930 1313 969 cum
1348 924 1534 983 posset
1561 917 1748 968 vivere
1784 913 1903 968 sine
1945 929 2059 967 ma-

473 1009 605 1073 rito.
660 1008 834 1062 libere
882 1016 1103 1063 vacaret
1170 1006 1516 1077 spiritalibus
1571 1016 1629 1063 et
1662 1006 2056 1065 divinioribus.

474 1101 606 1167 Quae
637 1109 823 1155 autem
852 1115 974 1155 eam
1010 1109 1075 1155 au
1112 1116 1202 1165 ea,
1232 1116 1357 1170 quae
1386 1109 1519 1156 sunt
1571 1099 1830 1166 honesta,
1864 1099 2059 1154 incita-

474 1193 593 1257 bat,
624 1202 745 1247 erat
775 1194 1023 1265 quaedam
1057 1193 1322 1264 Engenia,
1355 1208 1480 1261 quze
1521 1194 1918 1247 convenienter
1955 1206 2059 1245 no-

476 1285 613 1340 mini
659 1294 780 1340 erat
836 1284 1087 1340 moribus
1144 1285 1413 1356 ingenuis.
1458 1292 1515 1339 et
1547 1301 1675 1349 una,
1727 1299 1849 1354 qua:
1891 1292 2058 1338 totam

479 1379 645 1432 vitam
677 1379 1042 1434 consumebat
1069 1377 1123 1432 in
1159 1378 1450 1431 nocturnis
1483 1377 1820 1431 stationibus
1847 1386 1904 1431 ct
1931 1391 2060 1431 ora~

477 1469 742 1524 tionibus.
792 1470 928 1526 Cum
966 1486 1076 1539 qua
1128 1470 1243 1539 ipsa
1280 1484 1501 1540 quoque
1553 1469 1697 1525 bona
1743 1469 2063 1523 decertabat

478 1564 834 1617 contentione
875 1562 1316 1627 exercitationis,
1363 1577 1429 1616 ea
1475 1561 1681 1632 quibus
1732 1571 2065 1617 exercentur

478 1654 1067 1724 monachi,diligenter
1092 1669 1375 1709 exercens.
1405 1652 1531 1707 Haec
1551 1668 1700 1718 vero,
1727 1668 1849 1723 qua:
1877 1653 2064 1722 quoti-

478 1743 566 1798 die
601 1743 826 1810 ﬁebant,
864 1761 1009 1816 agre
1056 1745 1269 1799 ferebat
1319 1743 1688 1806 Domitianus,
1722 1755 1778 1799 ct
1806 1744 2062 1799 absurdis

478 1837 728 1907 quaedam
778 1846 835 1891 et
883 1846 1072 1907 turpes
1125 1837 1496 1906 cogitationes
1547 1835 1600 1890 ei
1653 1834 1954 1890 veniebant
2004 1834 2061 1889 in

481 1943 750 1997 mentem,
782 1931 1021 1986 dicendo
1050 1949 1063 1982 :
1095 1931 1216 1985 Non
1243 1939 1393 1984 recte
1424 1929 1590 1985 habet
1621 1928 1922 1984 continuus
1972 1927 2065 1982 hic

483 2041 831 2097 pregressus,
867 2026 964 2081 sed
1029 2027 1088 2081 lit
1140 2025 1351 2085 animo,
1400 2025 1496 2093 qui
1536 2022 1606 2076 ad
1667 2022 1841 2077 malas
1890 2021 2066 2077 tendit

480 2117 831 2186 cupiditates,
850 2124 904 2171 et
922 2116 1124 2170 exhinc
1152 2130 1374 2170 omnem
1408 2114 1705 2170 adhibebat
1731 2113 2063 2179 custodiam,

483 2217 696 2265 ne‘cam
732 2211 957 2279 quidem
988 2210 1179 2265 sinens
1213 2209 1438 2279 prodire
1465 2217 1622 2263 extra
1651 2207 2064 2272 domunculam,

483 2312 539 2358 ct
555 2303 828 2359 ambobus
844 2312 963 2357 erat
981 2302 1345 2358 constitutum
1364 2310 1646 2357 certamen
1673 2318 1687 2354 :
1714 2302 1792 2355 illi
1814 2299 2065 2371 quidem,

483 2412 555 2451 ne
607 2396 913 2451 dimitteret
971 2411 1092 2451 eam
1150 2397 1336 2450 facere
1381 2408 1447 2449 ea
1501 2410 1623 2462 qua:
1654 2402 2065 2459 consueverat;

487 2487 617 2542 huic
641 2494 850 2552 autem,
882 2503 952 2543 ne
996 2489 1217 2541 abesset
1238 2503 1268 2541 a
1303 2486 1478 2542 sacris
1509 2485 1767 2541 coetibus.
1802 2484 1908 2539 Sed
1943 2500 2068 2540 cum

484 2579 533 2634 is
581 2579 740 2634 valde
786 2590 1146 2650 repugnaret,
1189 2594 1256 2635 ea
1294 2578 1485 2634 multis
1543 2593 1745 2647 urgens
1786 2577 2069 2647 precibus,

486 2671 576 2726 vix
606 2670 828 2727 tandem
880 2671 1178 2742 persuadet
1225 2680 1287 2726 ut
1331 2668 1439 2726 sibi
1492 2669 1659 2725 liceat
1705 2669 1885 2726 facere
1919 2667 2071 2741 quod

486 2763 675 2819 vellet.

566 2856 629 2916 V.
658 2858 850 2929 Magno
885 2859 1073 2929 itaque
1101 2859 1287 2915 studio
1312 2859 1465 2916 venit
1494 2860 1551 2916 in
1584 2860 1852 2931 templum
1877 2874 2071 2916 sacro-

2167 547 2318 606 κίαν,
2354 547 2415 598 οὐ
2460 546 2629 599 πλείω
2660 548 2768 600 τῶν
2800 547 2978 601 εἴκοσι
3018 546 3156 618 πρὸς
3186 550 3302 610 τοῖς
3329 548 3491 601 πέντε
3527 548 3738 619 χρόνοις

2159 640 2453 709 γενομένη.

2229 826 2306 881 Δ⁰.
2325 823 2529 878 Ἐδεῖτο
2559 822 2713 891 γοῦν,
2745 822 2935 892 ὥσπερ
2965 804 3205 893 εἴρηται,
3238 822 3348 876 τῶν
3383 822 3450 876 ὲκ
3479 822 3577 892 τῆς
3608 840 3731 893 σαρ-

2160 921 2254 982 κὸς
2303 918 2584 990 ὀχλήσεων
2621 916 2906 985 ἀνεθῆναι.
2960 916 3050 971 ῖνα
3095 916 3191 969 καὶ
3246 915 3342 970 τοῦ
3379 916 3571 985 ἀνδρὸς
3606 916 3734 971 ἄνευ

2160 1012 2262 1082 ζῇν
2296 1011 2570 1081 δυναμένη
2607 1009 2890 1080 σχολάζειν
2931 1009 3256 1079 ἐλευθερίως
3291 1011 3388 1082 ἔχῃ
3428 1011 3540 1072 τοῖς
3576 1027 3736 1062 πνευ-

2165 1105 2419 1173 ματικοῖς
2474 1120 2536 1156 τε
2590 1104 2684 1157 καὶ
2741 1102 3054 1172 θειοτέροις.
3094 1101 3159 1159 Ἡ
3204 1102 3259 1156 δὲ
3304 1102 3440 1172 πρὸς
3478 1102 3548 1154 τὰ
3595 1101 3738 1155 καλὰ

2162 1197 2370 1268 ταύτην
2421 1196 2797 1268 διερεθίζουσα
2848 1195 3085 1264 Εὖγενὶα
3132 1213 3216 1258 τις
3251 1190 3342 1265 ἦν,
3395 1194 3736 1265 φερωνύμως

2163 1289 2508 1359 ὑπάρχουσα,
2561 1289 2661 1358 μία
2688 1306 2750 1342 τε
2780 1289 2887 1343 τῶν
2942 1290 3002 1343 ὲν
3028 1290 3148 1350 ταῖς
3180 1288 3474 1359 παννύχοις
3510 1289 3736 1342 στάσεσι
3810 1329 3825 1340 .

2164 1381 2260 1433 καὶ
2290 1378 2569 1444 ἐντεύξεσι
2598 1379 2692 1432 τὸν
2722 1378 2899 1432 πάντα
2928 1378 3042 1447 βίον
3073 1377 3570 1432 καταναλίσκουσαο
3598 1376 3736 1445 πρὸς

2163 1473 2232 1544 ἣν
2258 1472 2418 1545 ἤριζε
2460 1473 2552 1526 καὶ
2593 1472 2730 1542 αῦτη
2765 1472 2866 1543 τὴν
2899 1473 3111 1542 ἀγαθὴν
3144 1471 3261 1543 ἔριν
3293 1471 3393 1540 τῆς
3425 1471 3733 1539 ἀσκήσεωῦ

2163 1566 2233 1620 τὰ
2269 1565 2378 1619 τῶν
2421 1566 2677 1636 ἀσκητῶν
2721 1564 3024 1634 φιλοπόνως
3062 1562 3474 1634 γυμναζομένη.
3513 1561 3738 1624 Τούτοις

2164 1661 2289 1714 ὅσαι
2317 1658 2524 1731 ἡμέραι
2558 1660 2956 1728 πραττομένοις
2999 1659 3028 1710 ὁ
3070 1657 3396 1726 Δομετιανὸς
3438 1655 3738 1724 ἀχθόμενος

2163 1747 2255 1823 ἦν,
2281 1754 2375 1806 καὶ
2405 1754 2485 1817 εἰς
2511 1752 2749 1815 ἀτόπους
2769 1752 2979 1814 ἑννοίας
3001 1752 3311 1816 ἐξέπιπτεν,
3343 1750 3443 1803 οὐκ
3471 1750 3563 1802 ἐπὶ
3588 1746 3738 1816 καλῷ

2165 1846 2345 1914 λέγων
2372 1845 2435 1898 τὸ
2463 1845 2563 1911 τῆς
2588 1845 2815 1913 προόδου
2848 1844 3098 1912 γίνεσθαι
3131 1843 3376 1912 συνεχὲς,
3417 1843 3553 1896 ἀλλὰ
3598 1841 3740 1895 κατά

2166 1954 2289 1992 τινα
2344 1935 2575 2006 γνώμην
2602 1938 2683 1999 εἰς
2721 1936 2932 2004 φαύλας
2988 1936 3275 2005 χωροῦσαν
3326 1934 3641 2002 ἐπιθυμίας,
3679 1934 3742 1987 τὸ

2165 2029 2263 2084 ἀπ’
2306 2027 2517 2081 ἐκείνου
2561 2044 2621 2080 τε
2656 2029 2837 2081 πᾶσαν
2883 2026 3131 2098 φυλακὴν
3175 2029 3434 2094 ἐποιεῖτο,
3471 2026 3607 2097 μηδὲ
3646 2026 3739 2080 τοῦ

2166 2120 2444 2191 δωματίου
2483 2119 2692 2188 ταύτην
2732 2117 3070 2189 προκύπτειν
3102 2119 3206 2173 ἐῶν
3229 2135 3243 2150 ’
3290 2117 3442 2187 ἀγών
3474 2136 3534 2171 τε
3566 2120 3745 2187 ἀμφο-

2167 2211 2350 2280 τέροις
2404 2209 2722 2277 καθίστατο,
2767 2209 2847 2279 τῷ
2897 2208 2998 2278 μὲν
3049 2209 3124 2279 μη
3159 2209 3376 2277 ἀφιέναι
3422 2207 3628 2279 ταύτην
3674 2209 3743 2263 τὰ

2172 2304 2380 2374 συνήθη
2421 2305 2619 2366 ποιεῖν,
2656 2306 2723 2371 τῇ
2760 2301 2816 2357 δὲ
2851 2302 2961 2356 τῶν
2997 2302 3160 2372 ιερῶν
3190 2301 3461 2367 συνάξεων
3504 2303 3579 2373 μὴ
3606 2305 3742 2356 ἀπο-

2170 2393 2565 2463 λιμπάνεσθαι.
2609 2394 2771 2448 Ἀλλὰ
2799 2394 2908 2465 γὰρ
2936 2394 3271 2448 ἀπειθοῦντα
3300 2394 3488 2448 τοῦτον
3525 2393 3622 2462 eo:
3652 2393 3745 2446 καὶ

2175 2485 2329 2557 μόλις
2361 2486 2484 2541 λίαν
2531 2488 2831 2557 ἐγκειμένη
2876 2491 2996 2552 ταῖς
3051 2487 3744 2560 παρακλήσεσιλαμϐάνει

2171 2578 2479 2652 καταπειθῆ
2510 2580 2775 2653 πράττειν
2807 2580 2835 2634 ὅ
2864 2598 2918 2635 τι
2963 2580 3058 2635 καὶ
3092 2582 3358 2651 βούλοιτο.

2245 2853 2321 2909 E'.
2354 2852 2567 2926 Σπουδῇ
2596 2852 2779 2907 τοίνυν
2806 2852 2899 2907 τὸν
2922 2853 3031 2907 τῶν
3059 2852 3223 2923 ἱερῶν
3257 2853 3608 2909 Ἀποστόλων
3640 2873 3744 2910 κα-

487 2967 611 3007 rum
647 2952 1064 3022 Apostolorum.
1088 2952 1147 3007 ln
1174 2967 1285 3022 quo
1312 2968 1440 3008 eum
1476 2952 1693 3019 fuisset,
1718 2968 1817 3009 eos
1836 2967 2069 3024 precans

2173 2948 2518 3019 ταλαμᾶάνει
2548 2948 2696 3012 ναὸν,
2725 2939 2895 3016 ὲφόὗ
2917 2947 3189 3018 γενομένη
3215 2946 3311 3001 καὶ
3341 2948 3747 3019 συντονωτέραν

490 3041 787 3106 intensius,
823 3043 1049 3112 petebat
1083 3050 1143 3096 ut
1171 3042 1277 3097 sibi
1307 3042 1448 3097 nihil
1473 3052 1622 3099 esset
1649 3042 2067 3113 impedimento,

2176 3040 2472 3113 ποιουμένη
2506 3041 2607 3113 τὴν
2644 3039 2834 3111 δέησιν
2867 3039 3051 3107 ἐζήτει
3098 3039 3264 3110 μηδὲν
3316 3040 3571 3111 ἐμποδὼν
3602 3043 3746 3113 αὐτῇ

487 3153 600 3209 quo
627 3138 812 3193 minus
843 3138 1058 3208 fugeret
1081 3139 1373 3206 mundum,
1400 3139 1495 3195 sed
1524 3155 1644 3195 eam
1670 3154 1892 3211 quoque
1910 3139 2069 3195 Chri-

2172 3135 2425 3205 γενέσθαι
2463 3133 2601 3205 πρὸς
2652 3132 2755 3205 τὴν
2802 3132 2912 3187 ἀπὸ
2960 3133 3059 3187 τοῦ
3114 3133 3324 3204 κόσμου
3374 3133 3576 3205 φυγὴν,
3610 3134 3749 3188 ἀλλὰ

488 3240 579 3286 sto
613 3231 876 3287 ollerrent
904 3247 1032 3287 cum
1071 3246 1140 3286 eo
1189 3239 1360 3299 cmtu,
1394 3232 1489 3302 qui
1537 3232 1651 3303 jam
1688 3237 1761 3288 ab
1796 3232 1874 3288 eis
1914 3232 2070 3303 prius

487 3323 539 3377 ci
572 3320 677 3377 fuit
705 3322 945 3379 oblatus.
993 3324 1130 3377 Cum
1176 3338 1243 3379 ea
1278 3324 1359 3379 sic
1397 3333 1545 3380 esset
1587 3333 1832 3394 precata,
1868 3331 1927 3378 et
1954 3325 2069 3396 jam

489 3413 844 3469 adventassct
874 3430 1126 3483 vespera,
1171 3427 1229 3470 et
1259 3415 1356 3486 qui
1406 3414 1462 3469 id
1491 3416 1755 3484 templum
1793 3416 2071 3473 custodio—

494 3505 624 3558 bant
652 3504 916 3575 juberent
955 3521 1147 3560 omnes
1174 3505 1386 3576 egredi,
1435 3506 1554 3576 ipsa
1581 3521 1707 3561 cum
1739 3507 1796 3562 in
1827 3507 2069 3577 quodam

493 3597 709 3668 porticu
749 3612 818 3651 ex
855 3597 925 3652 iis
956 3597 1050 3666 qui
1088 3597 1200 3654 illic
1243 3606 1427 3662 erant,
1461 3598 1725 3655 Susanna:
1758 3600 2068 3672 cujusdam,

489 3688 538 3743 ei
567 3689 680 3757 jam
707 3687 837 3745 olim
869 3688 1172 3754 familiaris,
1202 3688 1503 3747 invenisset
1533 3689 1924 3758 habitaculum,
1949 3706 2073 3762 quae

489 3782 559 3857 ab
602 3782 828 3838 ineunte
856 3790 1019 3838 aetate
1070 3783 1450 3853 virginitatem
1491 3799 1826 3841 conservare
1863 3785 2075 3841 consti-

494 3883 693 3937 tuerat.
725 3883 782 3929 et
818 3891 886 3929 ex
937 3875 1049 3930 Deo
1090 3876 1261 3930 vitam
1303 3891 1489 3947 agere,
1515 3891 1639 3932 cum
1670 3892 1737 3932 ea
1772 3885 1942 3933 totam
1971 3892 2074 3933 no-

492 3976 637 4023 ctem
691 3968 927 4039 peragit.
978 3969 1073 4025 Die
1115 3985 1247 4025 vero
1299 3971 1410 4041 jam
1463 3979 1782 4040 apparente,
1828 3971 2073 4025 Matrona

493 4059 725 4115 ventitat
755 4060 821 4115 ad
858 4061 1174 4130 magistram
1211 4061 1536 4131 Eugeniam.
1572 4061 1640 4116 de
1671 4064 1839 4121 rebus
1869 4076 2076 4133 propo-

494 4153 619 4209 sitis
649 4168 778 4209 cum
819 4169 884 4209 ea
938 4154 1438 4211 communicatura.
1486 4155 1624 4210 Cum
1655 4163 1842 4211 autem
1896 4156 2074 4211 multa

499 4245 642 4300 ultro
670 4245 921 4315 citroque
959 4246 1104 4301 dicta
1136 4256 1343 4314 essent,
1399 4248 1659 4320 magistra
1697 4248 1917 4309 dicebat
1967 4249 2075 4305 hoc

494 4346 622 4393 ante
654 4337 761 4392 alia
780 4352 904 4393 esse
932 4339 1418 4406 considerandum,
1441 4341 1717 4411 quomodo
1736 4356 1798 4398 se
1816 4342 2074 4398 habitura

495 4437 643 4525 esset
681 4429 792 4485 lilia
827 4428 1134 4525 'l‘heodote.
1186 4430 1437 4525 Matrona
1467 4441 1677 4500 autem,
1705 4448 1830 4525 quae
1856 4434 2064 4490 nullam
2093 4461 2148 4525 Β

497 4522 666 4577 alium
701 4537 933 4593 scepum
985 4523 1091 4579 sibi
1154 4524 1498 4594 proponebat
1549 4534 1745 4593 praeter
1776 4524 1974 4594 Deum,
2015 4536 2071 4583 et

502 4628 727 4671 omnem
751 4614 912 4669 aliam
930 4615 1241 4686 negligebat
1254 4614 1680 4671 sollicitudinem
1705 4633 1718 4670 :
1740 4614 1844 4682 Me,
1869 4616 2070 4684 inquit,

496 4705 731 4776 accipiat
778 4707 1021 4762 solitaria
1068 4710 1181 4764 vita
1236 4714 1294 4763 et
1342 4705 1688 4762 monastica:
1749 4707 2072 4765 Theodoten

495 4805 680 4851 autem
715 4794 975 4853 Sosannae
1005 4805 1058 4852 et
1097 4797 1212 4852 Deo
1252 4796 1454 4852 trado:
1499 4804 1556 4852 et
1590 4795 1661 4852 de
1691 4811 1758 4853 ea
1780 4796 1895 4868 jam
1920 4800 2072 4855 omni

494 4902 627 4942 cura
658 4887 888 4944 liberor.
912 4887 1093 4945 Verba
1130 4902 1222 4944 res
1253 4887 1371 4959 ipsa
1415 4902 1637 4959 quoque
1664 4903 1791 4943 mox
1823 4897 1909 4945 est
1935 4905 2071 4947 con-

495 4988 708 5038 secuta.

562 5149 652 5208 Vl.
691 5151 905 5207 Rursus
928 5160 1111 5208 autem
1143 5151 1420 5221 quomodo
1454 5163 1708 5224 oporteat
1732 5157 1956 5215 silentio
1991 5162 2072 5216 vi-

495 5256 648 5309 vere,
680 5251 736 5297 et
768 5242 882 5297 Deo
911 5243 1131 5313 placere
1155 5258 1404 5313 qumrens
1429 5244 1699 5312 Matrona,
1727 5264 1826 5320 per
1849 5250 2074 5306 eviden-

497 5345 608 5390 tem
656 5334 713 5389 in
761 5337 972 5390 somnis
1015 5334 1285 5391 visionem
1339 5336 1627 5394 doeetura
1669 5339 1917 5396 Domino.
1948 5342 2075 5397 Fuit

496 5435 683 5481 autem
723 5426 839 5483 haec
866 5428 1010 5485 visio
1062 5429 1431 5486 admirabilis.
1461 5430 1765 5487 Videbatur
1805 5433 1953 5488 enim
1990 5435 2074 5489 vir

498 5520 724 5589 quidam
755 5537 876 5579 eam
916 5526 1193 5596 persequi,
1225 5522 1341 5597 ipsa
1376 5536 1561 5586 autem
1590 5528 1826 5598 fugiens,
1859 5538 2073 5584 servata

500 5626 624 5667 esse
667 5628 699 5667 a
738 5615 1067 5685 quibusdam
1109 5620 1414 5684 monachis,
1451 5621 1594 5692 quod
1652 5621 1873 5690 quidem
1913 5621 1963 5677 ei
1994 5622 2073 5677 si-

503 5704 818 5774 gniﬁcabat,
843 5710 989 5779 quod
1017 5711 1069 5764 in
1104 5713 1439 5767 monasterio
1477 5721 1754 5782 oporteret
1787 5728 1907 5767 eam
1942 5728 2070 5768 sus~

474 5795 696 5895 ’cipere
751 5798 918 5856 vitam
994 5802 1240 5859 virorum
1301 5804 1715 5861 monachorum.
1766 5805 1857 5862 Sic
1927 5806 2075 5863 enim

2171 3227 2394 3299 Χριστῷ
2422 3228 2518 3283 καὶ
2544 3224 2753 3296 ταύτην
2782 3227 3173 3295 προσενεγκεῖν
3199 3225 3343 3294 μετὰ
3370 3225 3465 3280 τοῦ
3490 3227 3590 3297 ήδη
3613 3227 3751 3296 πρό-

2170 3337 2332 3392 τερον
2381 3319 2474 3375 ὑπ’
2503 3319 2688 3374 αὐτῶν
2735 3317 3197 3389 προσενεχθέντος
3226 3318 3613 3389 πληρώματος.
3646 3318 3749 3372 Οὖ-

2170 3431 2281 3477 1w;
2329 3413 2501 3484 αὐτῆς
2545 3412 2854 3484 δεηθείσης.
2890 3412 3132 3482 ἑσπέρας
3174 3412 3276 3483 ἢδη
3327 3411 3749 3480 καταλαϐούσης

2160 3508 2267 3561 καὶ
2296 3505 2406 3559 τῶν
2435 3505 2536 3575 τὴν
2581 3505 2828 3575 φυλακὴν
2869 3504 2964 3557 τοῦ
2995 3504 3125 3556 ναοῦ
3173 3504 3515 3566 ποιουμένων
3545 3503 3748 3569 ἐξιέναι

2172 3600 2384 3662 πάντας
2413 3597 2903 3668 διακελευομένων,
2938 3596 3085 3666 αῦτη
3126 3595 3220 3649 ἐπί
3260 3612 3383 3649 τινα
3413 3595 3521 3653 τῶν
3567 3596 3747 3648 ἐκεῖσε

2175 3692 2347 3746 στοῶν
2408 3692 2700 3763 Σωσάννης
2746 3692 2892 3754 τινὸς
2942 3691 3113 3747 πάλαι
3178 3690 3444 3761 συνήθους
3510 3689 3748 3761 εὑροῦσα

2176 3784 2509 3856 καταγωγὴν
2529 3785 2651 3855 ἥτις
2676 3787 2741 3838 ἐκ
2785 3786 2987 3853 νεαρᾶς
3018 3783 3097 3838 ἔτι
3135 3783 3238 3852 τῆς
3267 3784 3484 3854 ἡλικίας
3515 3784 3577 3838 τὸ
3608 3802 3748 3855 παρ-

2166 3877 2418 3945 θενεύειν
2448 3876 2585 3944 όμοῦ
2616 3878 2712 3930 καὶ
2736 3876 2839 3947 τὴν
2880 3875 3023 3930 κατὰ
3067 3875 3204 3930 Θεὸν
3238 3876 3509 3931 πολιτείαν
3554 3879 3747 3947 προείσ

2173 3971 2320 4038 λετο,
2353 3973 2451 4039 σὺν
2481 3971 2619 4042 αὐτῇ
2651 3970 2751 4041 τὴν
2784 3969 2956 4025 νύκτα
2989 3972 3173 4024 πᾶσαν
3211 3970 3464 4025 διατελεῖ.
3503 3970 3747 4041 Ἡμέρας

2175 4065 2271 4121 οὖν
2322 4065 2425 4138 ἤδη
2486 4063 2878 4132 διαφαινούσης
2917 4064 2950 4134 ἠ
2984 4062 3258 4131 Ματρώνα
3293 4063 3430 4134 πρὸς
3457 4063 3558 4131 τὴν
3603 4063 3750 4119 διδά-

2177 4155 2377 4211 σκαλον
2406 4155 2674 4225 Εὐγενίαν
2703 4155 2865 4225 φοιτᾷ
2897 4153 3026 4223 περὶ
3054 4153 3162 4208 τῶν
3200 4153 3581 4224 προκειμένων
3607 4154 3742 4222 αὐτῇ

2175 4248 2659 4318 κοινολογουμένη.
2711 4247 3009 4319 Ῥηθέντων
3052 4247 3112 4301 δὲ
3166 4247 3341 4315 λόγων
3394 4247 3604 4302 πολλῶν
3656 4246 3745 4315 ἐφ’

2175 4341 2415 4413 ἑκάτερα
2471 4339 2750 4412 φερόντων
2785 4341 2819 4410 ἡ
2865 4337 3207 4403 διδάσκαλος,
3263 4338 3433 4394 Τοῦτο
3486 4341 3593 4410 πρδ
3635 4340 3746 4394 τῶν

2174 4435 2374 4503 ἄλλων,
2408 4433 2536 4505 ἔφη,
2561 4432 2891 4488 σκοπεῖσθαι
2926 4432 3026 4496 δεῖ,
3068 4432 3187 4496 πῶς
3225 4432 3294 4484 τὰ
3326 4432 3456 4503 περὶ
3488 4433 3588 4503 τῆς
3619 4448 3749 4487 παι-

2178 4531 2269 4594 δὸς
2297 4528 2564 4601 Θεοδότης
2596 4525 2841 4598 διατεθῇ.
2886 4525 2948 4579 Ἠ
3001 4524 3273 4597 Ματρώνα
3304 4525 3363 4580 δὲ
3403 4526 3566 4595 μόνου
3594 4542 3751 4595 γενο-

2180 4621 2319 4693 μένη
2344 4620 2437 4676 τοῦ
2470 4619 2614 4673 κατὰ
2646 4617 2783 4671 Θεὸν
2818 4615 3025 4671 σκοποῦ
3060 4617 3155 4673 καὶ
3180 4616 3361 4686 πάσης
3389 4616 3556 4686 ἄλλης
3587 4632 3751 4685 φρον-

2179 4714 2323 4778 τίδος
2383 4709 2806 4782 καταφρονοῦσα
2831 4749 2846 4774 ,
2918 4709 3050 4780 Ἐμὲ
3070 4748 3086 4774 ,
3137 4703 3329 4774 εἶπεν,
3350 4693 3402 4763 ’ὁ
3445 4709 3748 4778 ἀσκητικδς

2180 4807 2277 4861 καὶ
2328 4805 2663 4876 μονότροπος
2710 4801 3036 4871 λαμϐανέτω
3070 4800 3217 4871 βίοςο
3245 4800 3511 4870 Θεοδότην
3544 4801 3601 4855 δὲ
3630 4802 3749 4855 Σω-

2182 4899 2351 4967 saw-9
2380 4895 2475 4948 καὶ
2503 4892 2622 4963 Θεῷ
2680 4890 3045 4960 παραδίδωμι,
3094 4891 3188 4944 καὶ
3235 4891 3336 4961 τῆς
3388 4895 3520 4964 περὶ
3572 4891 3750 4961 αίτῇς

2180 4989 2281 5059 ἥδη
2334 4984 2618 5056 φροντίδος
2646 4980 2869 5053 λύομαι.
2920 4980 3118 5034 Εἵπετο
3165 4982 3279 5045 τοῖς
3320 4981 3501 5051 λόγοις
3548 4983 3643 5037 καὶ
3686 4982 3749 5035 τὸ

2179 5079 2341 5150 ἔργον
2363 5074 2546 5140 εὐθύς.
2570 5100 2589 5113 ι
3020 5071 3034 5086 ⁸

2252 5166 2346 5239 ς’.
2376 5166 2548 5232 Αὖθις
2570 5167 2628 5221 δὲ
2659 5169 2789 5238 nsp't
2814 5164 2908 5222 τοῦ
2943 5166 3057 5231 πῶς
3082 5166 3164 5221 δεῖ
3199 5166 3322 5223 καθ’
3361 5166 3589 5240 ἡσυχίαν
3620 5165 3752 5238 βιῶ-

2181 5279 2269 5316 ναι
2298 5260 2394 5315 xui.
2425 5259 2792 5330 εὐαρεστῆσαι
2821 5257 2941 5329 Θεῷ
2971 5259 3002 5329 ἡ
3050 5260 3331 5330 Ματρώνα
3359 5258 3599 5330 ζητοῦσα
3641 5277 3751 5330 μα-

2182 5355 2294 5407 θεῖν
2315 5352 2406 5408 διὰ
2424 5352 2523 5422 τῆς
2550 5352 2691 5407 κατὰ
2722 5352 2849 5417 τοὺς
2872 5350 3076 5415 ὕπνους
3103 5351 3371 5424 ἐναργοῦς
3396 5351 3573 5421 ὅψεως
3599 5349 3753 5421 παρὰ

2182 5442 2388 5513 Κυρίου
2422 5440 2754 5497 διδάσκεται.
2784 5440 2891 5493 Καὶ
2924 5441 2958 5511 ή
2983 5440 3175 5510 ὅρασις
3200 5439 3378 5495 τοιάδε
3419 5441 3513 5493 καὶ
3538 5438 3754 5509 θαυμα-

2185 5535 2305 5603 στή.
2353 5532 2562 5587 Ἐδόκει
2597 5532 2701 5603 γὰρ
2730 5531 2821 5586 τὸν
2851 5531 3018 5602 ἄνδρα
3045 5529 3310 5585 διώκοντα
3343 5531 3463 5602 μὲν,
3496 5530 3668 5600 αὐτὴν
3694 5530 3754 5583 δὲ

2183 5619 2456 5690 φεύγοντα
2482 5621 2589 5674 ὑπό
2615 5637 2777 5673 τινων
2807 5619 3078 5673 σεσῶσθαι
3103 5621 3376 5690 μοναχῶν,
3403 5622 3539 5693 ὅπερ
3570 5620 3755 5674 συνιέ-

2187 5731 2275 5767 ναι
2304 5712 2475 5766 ἐδίδου
2518 5711 2593 5775 ὡς
2624 5712 2681 5764 ὲν
2724 5716 3130 5784 φροντιστηρίῳ
3173 5714 3296 5768 δέον
3340 5713 3512 5784 αὐτὴν
3542 5712 3754 5783 ἀνδρῶν

2191 5805 2283 5858 τὸν
2314 5803 2419 5857 τῶν
2457 5801 2705 5874 μοναχῶν
2750 5802 2860 5873 βίον
2904 5802 3181 5859 ὑπελθεῖν.
3232 5802 3387 5857 Οῦτω
3417 5806 3525 5874 γὰρ
3567 5801 3632 5857 ἂν
3658 5800 3754 5855 καὶ
