4126 6382
403 334 538 397 ερο-

1673 355 1847 414 VlTA
1888 355 1950 415 s.
1991 326 2402 427 thome.
2486 395 2493 406 ι

3557 382 3665 446 926

400 449 479 518 τῷ
513 452 745 523 συνοὲκῳ
786 456 1023 523 καὶτοῖς
1060 460 1243 523 ἄλλοις
1281 462 1437 518 ἔσται
1478 465 1845 539 ἀγνοουμένη.
1883 468 1959 521 Ἐς

400 541 513 565 ---ιε
547 539 635 565 -Ί’..
662 563 715 565 μί
882 549 895 565 ο
1070 550 1084 565 ο
1154 554 1167 565 ι
1282 556 1294 565 .
1372 557 1397 565 ..
1534 560 1547 565 -
1668 563 1675 565 _

2079 472 2219 537 fore,
2262 484 2323 533 ut
2351 485 2409 534 et
2438 481 2640 539 marito
2677 492 2735 540 et
2760 484 2884 542 aliis
2920 487 2992 543 sit
3029 486 3240 559 ignota.
3275 490 3413 547 Cum
3444 507 3507 547 se
3532 509 3667 565 ergo

400 541 517 611 χρῷ
542 539 635 597 οῦν
660 549 964 620 κειραμένη
996 550 1093 606 καὶ
1118 554 1201 616 είς
1242 556 1495 627 εὐνοῦχον
1528 560 1730 629 ἑαυτὴν
1763 578 1980 633 σχημα-

401 636 630 700 τίσασα,
672 639 840 694 πάλιν
872 644 951 705 είς
981 644 1073 697 τὸν
1108 647 1344 717 ρηθέντα
1375 649 1592 720 σύναμα
1633 656 1699 723 τῇ
1743 656 1982 728 Εὐγενίᾳ

400 726 513 778 τῶν
540 726 699 781 θείων
716 730 1056 787 Ἀποστόλων
1080 729 1184 806 ἧκε
1212 737 1363 800 ναὸν,
1380 739 1613 810 δήλωσιν
1631 759 1690 795 τε
1714 745 1823 798 τῶν
1842 726 1982 814 dupu-

402 820 513 872 νῶν
560 822 624 872 ἐκ
656 823 764 875 τῶν
794 824 1084 897 θειοτέρων
1130 827 1431 904 βουλομένη
1473 834 1685 902 μαθεῖν,
1726 838 1788 890 τὸ
1833 840 1979 910 ἱερὸν

402 910 800 979 ὐπανοίγνυσιν
827 915 1181 986 Εὐαγγέλιον,
1215 925 1312 977 καὶ
1338 924 1562 993 τοιούτῳ
1592 928 1755 992 εὐθὺς
1785 931 1979 1000 ἐντυγ-

397 1003 551 1070 χάνει
599 1005 751 1074 ῥητῷ
786 1021 802 1037 ο
850 1027 869 1060 ι
935 1011 1124 1077 Ὅστις
1189 1012 1335 1067 θέλει
1394 1016 1572 1073 ὀπίσω
1631 1036 1734 1090 μου
1776 1023 1974 1088 ἐλθεῖν,

400 1095 817 1167 ἀπαρνησάσθω
846 1101 1058 1169 ἑαυτὸν,
1091 1106 1183 1157 καὶ
1206 1106 1394 1174 ἀράτω
1412 1109 1505 1162 τὸν
1532 1112 1765 1183 σταυρὸν
1783 1115 1973 1183 αὐτοῦ,

401 1187 496 1240 καὶ
534 1187 897 1246 ἀκολουθείτω
926 1210 1037 1263 μοι.
1074 1213 1093 1245 ι
1118 1196 1400 1251 Ἐντεῦθεν
1430 1202 1803 1259 ἀνενδοίαστον
1834 1207 1975 1274 γνῶ-

398 1293 484 1330 σιν
516 1279 743 1347 σχοῦσαι
770 1282 879 1335 τῶν
908 1284 1261 1353 ἀρεσκόντων
1294 1289 1374 1359 τῷ
1402 1292 1542 1361 Θεῷ,
1574 1295 1669 1347 καὶ
1700 1296 1875 1369 τούτῳ
1903 1299 1973 1354 τὰ

397 1370 522 1423 καθ’
573 1373 775 1438 ἑαυτὰς
834 1377 1200 1448 ἀναθέμεναι,
1262 1384 1355 1437 καὶ
1413 1385 1522 1440 τῶν
1574 1394 1973 1462 πραττομένων

394 1463 539 1529 ἕξειν
586 1467 750 1521 αὐτὸν
783 1470 1130 1542 συλλήπτορα
1172 1477 1640 1550 προσδοκήσασαι,
1678 1485 1772 1537 ἀπ’
1811 1487 1973 1557 ἀλλή-

395 1552 504 1607 λων
532 1555 931 1627 διεχωρίζοντο.
970 1562 1032 1616 Ἦ
1083 1565 1360 1635 Ματρὼνα
1396 1569 1603 1639 μέντοτ,
1624 1572 1697 1636 ὼς
1724 1552 1965 1644 εἴρηται,

392 1645 487 1699 τὸν
518 1646 774 1718 εὐνοῦχον
820 1655 1255 1724 προσποιηθεῖσα
1314 1660 1412 1711 καὶ
1458 1661 1708 1716 Βαϐύλαν
1766 1665 1969 1736 ἑαυτὴν

392 1737 730 1808 ὀνομάσασα,
785 1742 863 1813 τῷ
907 1745 1002 1798 τοῦ
1072 1747 1224 1801 ὁσίου
1286 1751 1560 1806 Βασιανοῦ
1624 1758 1964 1824 παραϐάλλει

392 1830 651 1898 σεμνείῳ,
687 1833 784 1888 καλ⁵
817 1837 967 1904 παρὰ
1002 1835 1112 1890 τῶν
1162 1842 1416 1912 μοναχῶν
1451 1844 1789 1915 είσδεχθετσα
1829 1847 1964 1918 πρὸς

389 1919 610 1987 ἀγῶνας
659 1927 1070 1993 πνευματικούς
1118 1931 1280 1992 εὐθὺς
1319 1934 1606 2001 ἀπεδύετο,
1649 1938 1751 1991 οὐκ
1794 1937 1968 2010 ὠχρό-

388 2027 512 2080 τητι
540 2012 715 2076 ὅψεως
746 2016 1041 2085 προσώπου
1074 2037 1133 2073 τε
1186 2025 1611 2098 σκυθρωπότητι
1657 2031 1758 2101 τὴν
1811 2032 1968 2087 εὐλά-

388 2100 541 2155 ϐειαν
566 2105 996 2180 ὐποκρινομένη,
1039 2112 1179 2168 ἀλλά
1209 2118 1450 2187 γνησίως
1483 2120 1688 2190 μᾶλλον
1714 2100 1808 2177 καὶ
1829 2125 1966 2195 ἀλη-

386 2193 495 2258 θῶς
520 2196 619 2266 τὴν
642 2198 848 2269 ἀρετὴν
885 2204 1155 2272 μετιοῦσα
1198 2210 1296 2261 καὶ
1326 2212 1491 2265 παντὶ
1538 2216 1727 2286 τρόπῳ
1769 2193 1966 2275 λανθα-

385 2303 498 2342 νειν
528 2291 933 2357 σπουδάζουσα,
958 2295 1034 2359 ὠς
1064 2299 1120 2351 ἐν
1159 2299 1326 2372 ὀλίγῳ
1372 2304 1510 2371 πρὸς
1548 2308 1830 2379 ἀκρότητα
1869 2310 1961 2363 τοῦ

386 2381 528 2435 κατὰ
554 2381 690 2436 Θεὸν
731 2385 1015 2456 ὑψωθῆναι
1065 2390 1206 2460 βίον,
1258 2397 1351 2447 καὶ
1392 2395 1482 2450 διὰ
1512 2396 1795 2469 θαύματος
1828 2404 1962 2458 πᾶσι

385 2469 773 2541 καθίστασθαι,
819 2476 1015 2550 ὅτιπερ
1042 2481 1185 2553 ἀνὴρ
1230 2484 1331 2555 τὴν
1362 2487 1485 2539 κατ’
1514 2489 1771 2563 εὐνοῦχον
1804 2495 1963 2549 ἀσθέ-

384 2579 535 2615 νειαν
597 2570 993 2639 περικείμενος
1039 2571 1183 2640 οὕτω
1226 2575 1584 2651 διακαρτερεί
1641 2587 1779 2655 πρὸς
1833 2588 1961 2650 τοὺς

384 2656 604 2720 πόνους,
658 2660 755 2714 καὶ
812 2665 940 2726 τούς
995 2670 1268 2738 μοναχούς
1313 2670 1562 2737 ἅπαντας
1596 2678 1960 2747 παρελαύνειν

383 2748 704 2819 φιλονεικεῖ,
758 2754 853 2807 τοῦ
901 2755 1138 2828 θυμικοῦ
1178 2779 1239 2815 τε
1284 2765 1551 2831 γενναίως
1598 2771 1817 2840 κρατῶν
1864 2776 1960 2828 καὶ

378 2842 539 2915 δόξης
577 2845 654 2910 ὡς
698 2850 938 2918 ματαίας
969 2856 1352 2926 καταφρονῶν,
1394 2859 1644 2932 ὑπακοῆς
1679 2882 1737 2918 τε
1777 2865 1958 2939 πάσης

383 2938 523 2991 κατὰ
552 2939 756 3012 πολλὴν
793 2950 1266 3019 μετριοφροσύνην
1303 2956 1721 3026 περιεχόμενος,

450 3027 526 3084 Z'.
568 3030 789 3101 Ἀμέλει
840 3038 936 3089 καὶ
974 3038 1292 3106 βασκαίνειν
1325 3045 1424 3115 μὲν
1464 3049 1562 3101 οὐκ
1595 3044 1744 3121 εἶχον
1776 3053 1914 3128 αὐτῇ
1938 3068 1952 3085 ·

1993 1797 2043 1857 Β

2087 564 2155 618 ad
2212 576 2398 623 cutem
2431 586 2609 642 usque
2642 576 2996 644 totondisset,
3033 588 3090 635 et
3137 583 3381 637 eunuchi
3416 564 3663 639 habitum

2085 656 2383 725 induisset,
2436 680 2632 721 rursus
2681 670 2834 724 venit
2884 686 3010 726 cum
3057 673 3301 742 Eugenia
3347 675 3403 730 in
3452 676 3660 731 dictum

2086 751 2351 819 templum
2379 753 2698 813 divinorum
2723 750 3141 828 Apostolorum,
3165 774 3218 818 et
3248 765 3439 821 volens
3462 767 3663 823 obscu-

2082 855 2270 896 rorum
2294 846 2438 900 scire
2462 847 2922 917 signiﬁcationem
2940 868 3006 908 ex
3030 854 3423 921 divinioribus,
3442 874 3661 914 sacrum

2081 934 2263 1001 aperit
2300 935 2684 1008 Evangelium,
2721 952 2778 998 et
2807 945 3067 1012 protinus
3102 947 3306 1002 incidit
3332 949 3390 1004 in
3440 952 3545 1005 tale
3573 953 3661 1008 di-

2080 1034 2275 1082 ctum:
2315 1046 2334 1081 ι
2380 1029 2710 1103 Quicunque
2765 1037 2886 1092 vult
2958 1050 3084 1109 post
3148 1055 3236 1096 me
3279 1043 3470 1098 venire
3501 1045 3665 1100 abne-

2079 1128 2173 1188 get
2236 1122 2509 1192 seipsum,
2569 1136 2626 1182 et
2658 1127 2812 1184 tollat
2851 1146 3071 1185 crucem
3100 1148 3281 1200 suam,
3307 1145 3363 1188 et
3392 1146 3662 1204 sequatur

2076 1209 2227 1262 me‘.
2264 1227 2284 1260 ι
2322 1210 2461 1266 llinc
2493 1228 2685 1270 eorum
2719 1234 2842 1286 qua:
2872 1219 2985 1276 Deo
3021 1221 3266 1291 placent,
3291 1224 3662 1282 indubitatam

2076 1297 2348 1357 habentes
2376 1306 2776 1375 cognitionem,
2821 1326 2946 1366 cum
2975 1328 3073 1368 sua
3104 1315 3154 1369 ei
3181 1315 3559 1383 dedicassent,
3605 1330 3663 1374 et

3725 1366 3743 1409 l

2075 1402 2393 1457 sperassent
2421 1409 2481 1450 se
2513 1412 2640 1451 eum
2669 1398 2958 1458 habituras
2982 1403 3292 1471 adiutorem
3313 1423 3511 1462 eorum
3540 1423 3663 1478 qua:
3726 1398 3731 1427 ἶ

2074 1479 2301 1546 ﬁebant,
2334 1499 2364 1537 a
2395 1500 2454 1540 se
2499 1487 2736 1545 invicem
2773 1504 3125 1562 separantur.
3164 1497 3411 1553 Matrona
3451 1508 3659 1565 autem,

2074 1584 2222 1632 cum,
2249 1581 2309 1626 ut
2336 1572 2545 1630 dictum
2574 1587 2679 1641 est.
2709 1595 2766 1635 se
2805 1597 2927 1637 esse
2972 1586 3291 1639 eunuchum
3322 1588 3657 1655 simulasset,

2071 1669 2127 1715 ct
2158 1659 2416 1733 Babylam
2448 1667 2686 1736 seipsam
2712 1672 3078 1739 nominasset,
3102 1676 3171 1730 ad
3200 1679 3379 1732 sancti
3410 1677 3655 1734 Bassiani

2072 1752 2286 1807 accedit
2316 1760 2712 1815 monasterium
2739 1780 2752 1815 :
2784 1773 2839 1817 et
2867 1777 3092 1835 accepta
3122 1784 3152 1822 a
3186 1770 3497 1836 monachis,
3531 1787 3660 1842 pro-

2074 1846 2222 1898 tinus
2247 1845 2315 1899 ad
2354 1852 2660 1907 certamina
2702 1869 2763 1909 se
2820 1858 3033 1926 paravit
3064 1859 3362 1928 spiritalia,
3394 1879 3505 1919 non
3537 1867 3660 1933 pal—

2071 1933 2186 1992 lore
2220 1938 2428 2005 vultus,
2452 1956 2555 1997 nec
2585 1944 2812 2000 tristitia
2843 1948 3025 2013 faciei,
3060 1951 3154 2004 sed
3181 1966 3445 2021 germane
3471 1955 3658 2023 pmius

2069 2037 2125 2082 et
2149 2044 2277 2086 vere
2308 2031 2570 2088 virtutem
2601 2052 2889 2102 exercens,
2914 2048 2970 2094 et
3002 2042 3263 2098 omnibus
3319 2046 3500 2101 modis
3538 2056 3661 2102 stu-

2070 2118 2207 2174 dens
2256 2122 2452 2189 latere,
2506 2137 2567 2181 ut
2600 2132 3000 2198 propemodum
3052 2144 3315 2204 provecta
3352 2137 3524 2193 fuerit
3581 2139 3652 2194 ad

2066 2227 2344 2270 summum
2382 2217 2526 2283 vitae,
2561 2234 2684 2288 quae
2710 2237 2776 2276 ex
2811 2224 2922 2279 Deo
2946 2226 3151 2295 agitur,
3171 2236 3229 2281 et
3252 2227 3558 2283 haberetur
3583 2231 3652 2285 ab

2066 2306 2328 2363 omnibus
2351 2309 2405 2363 in
2425 2310 2815 2379 admiratione,
2833 2319 3113 2384 quomodo
3148 2319 3257 2386 vir,
3291 2320 3522 2390 quierat
3552 2324 3658 2378 im-

2066 2398 2319 2467 becillus,
2378 2411 2570 2473 utpote
2623 2406 2943 2473 eunuchus,
2977 2417 3088 2464 tam
3133 2409 3360 2468 fortiter
3406 2428 3467 2469 se
3512 2414 3656 2484 gerit

2064 2495 2331 2551 adversus
2366 2495 2604 2560 labores.
2656 2510 2713 2556 et
2761 2517 2958 2558 omnes
3012 2505 3317 2563 monachos
3366 2507 3657 2563 contendit

2063 2598 2349 2654 superare,
2384 2604 2582 2660 magno
2609 2600 2668 2647 et
2699 2595 2920 2650 excelso
2974 2597 3164 2654 animo
3191 2598 3329 2654 iram
3361 2599 3651 2667 cohibens,

2063 2672 2120 2733 et
2175 2680 2406 2750 gloriam
2470 2692 2733 2755 tanquam
2794 2703 2992 2744 vanam
3045 2691 3382 2762 despiciens,
3432 2707 3654 2749 omnem

2062 2769 2433 2830 obedientiam
2475 2793 2543 2832 ex
2580 2794 2798 2835 summa
2833 2784 3213 2853 complectens
3242 2786 3540 2843 modestia.

2132 3046 2242 3106 νη.
2280 3048 2344 3102 Et
2377 3058 2528 3106 certe
2559 3065 2668 3105 non
2700 3060 2958 3122 poterant
2993 3050 3268 3112 invidere.
3292 3055 3458 3114 Zelus
3477 3061 3647 3127 enim,

380 3121 669 3196 ἐλεύθερος
691 3126 803 3200 γὰρ
833 3131 862 3183 ό
894 3131 1015 3183 κατ’
1045 3133 1249 3205 ἀρετὴν
1292 3136 1455 3207 ζῆλος
1486 3141 1683 3209 φθόνου
1716 3121 1951 3214 παντός·

2062 3145 2153 3214 qui
2194 3154 2279 3200 cst
2306 3160 2373 3200 ex
2406 3144 2632 3211 virtute,
2674 3121 2814 3201 liber
2845 3156 2930 3203 est
2950 3148 3021 3221 ab
3055 3147 3208 3204 omni
3242 3149 3473 3205 invidia.
3507 3153 3649 3213 Eum

376 3214 452 3279 ὡς
487 3215 796 3292 διδασκάλῳ
849 3221 907 3275 δέ
954 3223 1158 3292 μᾶλλον
1187 3231 1480 3301 προσέχειν
1508 3233 1822 3306 ἠϐούλοντο,
1853 3239 1962 3312 ὡρ-

381 3312 616 3379 μημένοι
640 3314 735 3367 καὶ
774 3315 1042 3388 πρότερον
1071 3318 1209 3390 πρὶς
1241 3322 1341 3392 τὴν
1373 3326 1627 3396 μίμησιν.
1661 3331 1876 3402 Μικροῦ
1903 3334 1961 3388 δέ

377 3401 570 3456 καὶτὸ
615 3408 997 3476 κρυπτόμενον
1046 3409 1376 3480 ἐγινώσκετο
1411 3416 1499 3483 ἂν,
1548 3419 1645 3473 καὶ
1691 3401 1956 3496 ὄτιίγυνὴ

374 3489 471 3563 ἦν,
508 3497 722 3568 φανερὰ
763 3501 1077 3570 καθίστατο,
1107 3509 1155 3561 εί
1189 3509 1266 3580 μὴ
1314 3511 1416 3582 τὴν
1448 3513 1784 3586 ἐπισχοῦσαν

374 3603 526 3641 νοιαν
553 3591 618 3660 τῇ
651 3599 993 3667 πνευματικῇ
1031 3599 1196 3673 σοφίᾳ
1229 3601 1465 3660 διέλυσε.
1505 3608 1663 3662 Κατά
1696 3628 1819 3667 τινα
1848 3614 1955 3686 γὰρ

371 3680 567 3749 χρόνον
613 3682 757 3738 οὕτω
790 3688 1006 3758 συμϐὰν
1051 3692 1181 3763 περὶ
1224 3694 1324 3767 τὴν
1352 3697 1536 3755 ἐκεῖσε
1579 3680 1956 3774 τυγχάνουσαν

372 3774 717 3845 κηπεύσιμον
756 3779 1021 3848 ἐργασίαν
1060 3788 1402 3855 συμπονοῦσι
1430 3795 1544 3856 τοῖς
1576 3801 1833 3867 μοναχοῖς
1863 3801 1954 3854 τοῦ

372 3862 536 3935 ἔργου
566 3884 627 3920 τε
669 3870 1082 3958 προθυμότερον
1124 3878 1382 3952 ἐχομένῃ,
1417 3885 1446 3936 ὁ
1497 3862 1596 3939 σὺν
1635 3862 1822 3963 ἐκείνῃ
1861 3892 1955 3947 λα-

372 3954 483 4024 χὼν
530 3956 863 4028 ἐργάζεσθαι
903 3954 1163 4039 μοναχδς,
1204 3972 1496 4044 Βαρνάϐας
1547 3979 1700 4052 αὐτῷ
1753 3954 1948 4054 ὄνομα,

370 4051 795 4123 περιεργότερον
852 4056 1135 4114 ἐπιϐαλὼν
1181 4064 1282 4134 τὴν
1330 4065 1455 4137 ὄψιν
1505 4051 1795 4142 adamare
1844 4051 1952 4147 πρὸ

369 4140 572 4208 μικροῦ
604 4143 680 4213 τῷ
705 4146 817 4200 τῶν
842 4150 1098 4221 μοναχῶν
1128 4153 1228 4224 βίῳ
1260 4157 1381 4211 ἀπὸ
1405 4159 1505 4231 τῆς
1532 4140 1741 4237 σκηνῆς
1783 4140 1952 4239 προσι

2064 3247 2248 3294 autem
2284 3238 2470 3308 potius
2508 3237 2769 3294 colebant
2819 3249 3079 3312 tanquam
3112 3243 3461 3314 magistrum,
3494 3245 3652 3313 prius

2061 3333 2228 3387 etiam
2270 3331 2484 3386 incitati
2529 3330 2596 3386 ad
2627 3332 3034 3401 imitationem;
3076 3336 3484 3406 propemodum
3516 3355 3651 3395 vero

2060 3425 2228 3480 etiam
2259 3425 2545 3492 cognitum
2596 3425 2813 3490 fuisset,
2843 3427 2991 3499 quod
3032 3428 3342 3494 celabatur,
3384 3439 3442 3486 et
3468 3433 3651 3487 mani-

2059 3516 2261 3573 festum
2292 3518 2485 3575 fuisset
2532 3536 2657 3575 eam
2699 3535 2822 3577 esse
2882 3521 3197 3586 mulierem,
3242 3522 3352 3579 nisi
3402 3535 3648 3581 exortam

2059 3612 2431 3682 suspicionem
2494 3614 2733 3684 spiritali
2784 3616 3088 3671 amovisset
3142 3617 3448 3686 sapientia.
3511 3618 3648 3674 Nam

2058 3720 2183 3762 cum
2214 3704 2401 3775 aliquo
2434 3715 2681 3776 tempore
2716 3708 2797 3763 ita
2841 3710 3186 3782 contigisset,
3214 3721 3277 3766 ut
3327 3714 3382 3767 in
3408 3714 3647 3783 quodam

2058 3799 2221 3855 horto
2268 3799 2545 3856 laboraret
2586 3816 2712 3856 cum
2754 3804 3065 3870 monachis,
3099 3806 3369 3875 operique
3416 3802 3649 3862 instaret

2055 3892 2375 3961 promptius
2417 3900 2474 3948 et
2512 3893 2772 3961 alacrius,
2800 3896 3114 3950 monachus
3138 3896 3228 3951 cui
3259 3897 3558 3966 obtigerat,
3585 3908 3647 3954 ut

2054 3999 2180 4037 cum
2242 3998 2308 4039 ea
2340 3983 2645 4050 laboraret,
2705 3986 2930 4041 nomine
2972 3986 3273 4049 Barnabas,
3313 3988 3367 4042 in
3402 4004 3527 4042 eam
3556 3989 3646 4042 in-

2047 4072 2213 4143 jectis
2243 4073 2424 4129 oculis
2467 4075 2633 4144 paulo
2655 4075 2955 4141 curiosius,
2988 4087 3048 4130 ut
3084 4077 3177 4145 qui
3221 4077 3384 4146 paulo
3415 4085 3545 4133 aute
3571 4078 3641 4132 ad

2050 4167 2220 4221 vitam
2282 4166 2645 4221 monasticam
2697 4168 3026 4225 accessisset
3070 4185 3138 4223 ex
3195 4184 3385 4233 scena,
3418 4170 3643 4225 etiamsi

368 4230 559 4296 ελθὼν,
587 4235 689 4288 κᾶν
728 4239 810 4299 είς
838 4240 967 4294 ῦστε
976 4261 1069 4312 ρον
1098 4249 1387 4320 προκόψας
1416 4230 1498 4317 είς
1523 4230 1726 4330 ἀρετὴν
1756 4230 1854 4315 καλ
1888 4264 1949 4318 τὸ

2062 4268 2241 4328 postea
2299 4257 2599 4327 profecerit
2636 4259 2692 4313 in
2721 4259 2945 4323 virtute,
2978 4268 3035 4315 et
3071 4262 3122 4315 ei
3159 4262 3456 4317 commissa
3517 4260 3638 4317 fue-

367 4326 730 4397 καθηγεῖσθαι
762 4334 869 4388 τῶν
905 4339 1161 4408 μοναχῶν
1184 4341 1509 4417 ἐπιστεύθη,
1552 4326 1742 4421 ἠρώτα
1772 4358 1947 4412 εἰπεῖν

2062 4326 2122 4404 rit
2173 4326 2502 4420 praefectura
2558 4350 2988 4416 monachorum,
3032 4352 3247 4422 rogavit
3297 4353 3394 4422 qui
3433 4352 3637 4408 factum

363 4416 535 4473 πόθεν
581 4422 908 4496 ἀμφοτέρων
964 4430 1075 4485 τῶν
1120 4432 1277 4490 ὤτων
1332 4440 1506 4514 ταύτῃ
1542 4416 1831 4518 τέτρηνται
1884 4453 1934 4506 οἱ

363 4508 527 4550 inﬁnl,
577 4514 643 4550 Ἥ
678 4521 923 4550 ..-.,..,.ι..
950 4524 1004 4550 ιιι
1039 4527 1216 4550 __e.__-_
1254 4548 1265 4550 _
1298 4549 1301 4550 ,
1342 4534 1355 4550 ρ
1441 4534 1465 4545 ο
1580 4538 1592 4550 .
1625 4538 1643 4550 ι
1690 4541 1704 4550 .
1910 4547 1917 4550 .

2062 4443 2144 4508 sit,
2174 4416 2253 4498 ⁷ιιι
2279 4444 2391 4499 sint
2418 4445 2469 4499 ei
2501 4443 2679 4498 ambaa
2706 4443 3004 4513 perforata:
3040 4446 3327 4501 auriculae.
3350 4446 3519 4501 Beata
3540 4463 3642 4502 au—

363 4508 534 4566 λοϐοί.
577 4514 643 4567 Ἦ
676 4521 926 4591 μακαρία
948 4524 1004 4578 δὲ
1035 4527 1305 4601 σύντομον
1333 4508 1601 4602 ὁμοῦ-*καὶ
1624 4508 1949 4616 λελογισμέ-

2062 4553 2156 4594 .εω
2186 4537 2279 4592 illa
2306 4536 2532 4592 brevem
2586 4508 2752 4592 simul
2805 4545 2866 4592 et
2918 4536 3328 4594 consideratam
3361 4539 3518 4594 dedit
3548 4555 3641 4596 re-

363 4619 466 4674 νην
487 4609 591 4679 τὴν
641 4610 939 4684 ἀπόκρισιν
999 4618 1281 4689 ἀπεδίδου,
1342 4628 1661 4701 Πέπονθας,
1722 4609 1945 4708 ἀδελφὰ,

2046 4630 2445 4701 sponsionem:
2475 4628 2692 4685 Accidit
2727 4628 2825 4684 tibi
2858 4630 3111 4700 quidem,
3141 4648 3176 4686 υ
3207 4630 3400 4694 frater.
3434 4634 3638 4688 huma-

360 4698 621 4770 λέγουσα,
656 4705 1007 4776 ἀνθρώπινον
1049 4715 1173 4784 μὲν,
1206 4716 1302 4772 τοῦ
1352 4721 1478 4775 καθ’
1503 4698 1657 4795 ἡμᾶς
1700 4728 1757 4782 δὲ
1786 4698 1947 4787 ἀλλό-ἰ

2062 4698 2176 4782 ιιιιη
2209 4726 2517 4798 quidpiam,
2548 4725 2793 4781 alienum
2828 4741 2965 4781 vero
2989 4742 3019 4781 a
3041 4735 3224 4782 nostra
3261 4727 3637 4796 professione,

358 4809 512 4898 τριον
563 4797 989 4898 ἐπαγγέλματος
1016 4823 1030 4838 υ
1072 4811 1138 4880 τῇ
1175 4814 1244 4879 γῇ
1270 4812 1379 4884 γὰρ
1422 4814 1540 4871 δέον
1574 4822 1865 4894 προσέχειν
1909 4824 1943 4898 ἢ

362 4883 516 4982 ὄφεις
566 4889 918 4982 ἀνθρωπίνας
970 4883 1456 4974 περιεργάζεσθαι.
1488 4883 1637 4982 Πλὴν
1666 4883 1807 4970 ἀλλά
1846 4883 1945 4975 καί

361 4968 507 5032 οῦτω
555 4980 653 5053 τὴν
701 4984 858 5040 λύσιν
913 4968 1307 5059 μάνθανε-τοῦ
1346 4968 1704 5071 ζητήματος*
1754 4968 1945 5080 fit

361 5069 463 5139 ἐμὲ
491 5072 763 5171 πρότερον
818 5081 1023 5151 σχοῦσα
1064 5088 1158 5141 καὶ
1209 5069 1530 5164 θρεψαμένη
1582 5069 1941 5171 φιλόστοργόν

358 5174 485 5212 τινα
530 5162 670 5233 πρός
731 5184 800 5254 με
846 5177 1162 5249 κεκτημένη
1223 5179 1466 5237 διάθεσιν
1511 5162 1942 5262 ἐφιλοτιμήσατό

361 5267 467 5352 μου
508 5258 605 5313 καὶ
635 5250 825 5352 ’χρυσᾶ
858 5265 1065 5337 κόσμια
1096 5273 1212 5335 τοῖς
1249 5274 1387 5329 ὠσὶν
1415 5250 1700 5350 ἐμϐαλεῖν.
1725 5250 1940 5352 ’θ’ὐτως

356 5344 389 5414 ἡ
426 5349 685 5445 μακαρία
738 5355 832 5409 τὸν
887 5362 1127 5432 μοναχὸν
1168 5369 1305 5438 σοφῇ
1352 5344 1608 5445 περινοίᾳ
1648 5374 1749 5445 τῆς
1805 5344 1938 5434 ὑποξ-

356 5437 506 5543 νοίας
551 5442 866 5543 ἀπήγαγεν.
902 5453 1085 5522 Αὐτὴν
1122 5456 1179 5511 δὲ
1232 5460 1403 5525 πολύς
1427 5437 1537 5529 -τις
1792 5472 1940 5543 λογι-

357 5530 515 5633 σμιύν
550 5533 729 5605 ὄχλος,
764 5541 861 5596 καὶ
913 5545 996 5608 είς
1064 5550 1289 5622 μνήμην
1346 5554 1456 5608 τῶν
1513 5557 1613 5628 τῆς
1666 5530 1934 5633 ἓύγενίας

356 5620 656 5682 καθίστατο
696 5638 1095 5708 παραινέσεων,
1130 5620 1404 5716 Δυσχερές
1444 5665 1494 5703 τι
1547 5620 1803 5726 πρᾶγμα,
1845 5620 1932 5712 λεί

429 5796 442 5826 ³
482 5793 614 5852 Luc.
656 5816 730 5855 ιχ.
765 5804 859 5858 25.

2044 4834 2169 4875 eum
2213 4827 2414 4874 terram
2445 4826 2700 4889 oporteat
2727 4832 2906 4886 arare,
2935 4834 3044 4873 non
3078 4819 3293 4873 vultum
3334 4819 3637 4873 humanum

2046 4912 2268 4967 curiose
2322 4911 2551 4966 intueri.
2606 4910 2716 4967 Sed
2761 4912 3017 4981 quamvis
3056 4926 3147 4966 res
3199 4911 3273 4965 ita
3315 4925 3375 4967 se
3410 4910 3634 4977 habeat,

2046 5004 2367 5075 quaestionis
2414 5003 2567 5060 disce
2621 5003 2979 5060 solutionem.
3026 5003 3165 5058 Nam
3194 5020 3317 5074 quae
3367 5019 3455 5058 me
3504 5004 3637 5059 olim

2046 5099 2227 5155 timuit
2275 5105 2331 5153 et
2376 5098 2660 5163 educavit,
2717 5096 2772 5151 in
2821 5112 2909 5153 me
2959 5111 3175 5151 summa
3226 5096 3634 5159 benevolentia,

2044 5191 2305 5245 muniﬁce
2343 5189 2399 5243 in
2441 5204 2593 5245 meas
2633 5203 2799 5244 aures
2833 5202 3003 5243 aurea
3055 5188 3246 5258 injecit
3277 5200 3630 5248 ornamenta.

2044 5283 2137 5341 Sic
2166 5283 2327 5340 beata
2377 5283 2473 5337 illa
2505 5281 2836 5337 monachum
2877 5280 3115 5351 sapienti
3170 5281 3494 5337 inventione
3539 5296 3632 5337 re-

2045 5380 2214 5438 movit
2242 5398 2273 5437 a
2308 5380 2623 5450 suspicione
2645 5395 2662 5444 ;
2684 5393 2806 5433 eam
2836 5387 3021 5433 autem
3054 5378 3224 5433 subiit
3249 5394 3442 5450 magna
3468 5380 3632 5436 turba

2045 5476 2465 5546 cogitationum,
2495 5482 2553 5529 et
2584 5482 2861 5527 venerunt
2889 5471 2941 5528 ei
2989 5471 3047 5527 in
3086 5481 3329 5529 mentem
3377 5473 3632 5529 admoni-

2045 5570 2225 5624 tiones
2261 5565 2543 5637 Eugeniae,
2574 5562 2844 5620 dicentis:
2881 5564 2991 5622 Res
3038 5574 3126 5621 est
3169 5565 3466 5622 admodum
3519 5565 3630 5621 dit-

2044 5658 2226 5717 ﬁcilis.
2277 5655 2564 5712 mulierem
2601 5653 2810 5710 versari
2844 5653 3009 5710 simul
3058 5670 3184 5712 cum
3225 5656 3387 5726 viris,
3414 5666 3472 5714 et
3502 5665 3643 5737 tem:
