4142 6384
467 373 572 436 937

1602 297 1996 408 IADDENDA.
2054 370 2121 378 —
2154 342 2415 405 NOVEM
2431 342 2596 404 BER.

3639 321 3748 386 (.98

473 495 615 548 tare,
663 487 726 536 ut
764 478 884 549 ipsa
915 476 1001 532 vir
1047 473 1303 528 videatur
1355 468 1503 524 sicut
1546 464 1644 520 nli.
1685 463 1874 533 Neque
1904 461 2052 515 enim

2178 460 2384 530 πού-της,
2427 459 2665 526 γυναῖκα
2708 451 3116 524 συνδιατρίϐειν
3159 446 3413 517 ἀνδράσι,
3446 441 3544 549 καίἔ
3578 442 3751 549 ἄνδρα

475 577 591 632 tieri
619 581 822 645 potest,
849 580 910 625 ut
929 576 1203 640 perpetuo
1227 566 1396 620 lateat
1427 559 1734 617 simulatio.
1762 553 2057 611 Attentiori

475 679 661 722 tamen
709 663 1045 735 cogitatione
1104 659 1220 715 sola
1279 656 1460 711 solum
1510 654 1682 707 Deum
1730 650 2057 719 alloquens:

474 759 596 813 Tuo
645 763 807 821 nutu,
841 755 1081 819 dicebat,
1117 767 1150 806 ο
1190 750 1445 811 Domine,
1497 747 1663 801 vitam
1693 743 1913 812 suscepi
1944 757 2063 796 mo-

477 851 767 916 nasticam,
790 861 848 904 et
873 863 1033 910 eum,
1066 846 1160 915 qui
1188 843 1350 914 jussit
1382 839 1564 910 sequi,
1601 851 1886 905 nunquam
1916 843 2065 888 retro

476 958 741 998 conversa
774 957 896 996 sum
937 949 1150 994 secuta.
1187 934 1560 1003 Quamobrem
1612 946 1684 986 ne
1732 928 1956 994 elﬁeias,
2007 934 2067 981 ut

477 1049 581 1105 ego
610 1047 855 1103 unquam
889 1047 1011 1086 mea
1042 1045 1137 1100 spe
1186 1029 1364 1090 fallar,
1418 1041 1520 1082 nec
1545 1025 1614 1080 ab
1651 1024 1756 1079 hoc
1779 1023 1926 1077 bono
1961 1037 2068 1075 un-

477 1141 645 1197 quam
686 1125 970 1195 proposito
1011 1123 1287 1178 excidam.
1317 1120 1424 1176 Sed
1465 1129 1522 1173 tu
1554 1135 1730 1173 meam
1764 1117 2068 1172 defendens

482 1217 941 1282 imbecillitatem,
977 1230 1160 1269 annue
1196 1224 1256 1268 ut
1311 1229 1436 1269 meo
1471 1227 1639 1281 secpo
1681 1211 1807 1264 ﬁnis
1851 1209 2071 1264 accidat

483 1312 700 1368 similis.
755 1309 882 1364 llaec
918 1309 1132 1368 dicens,
1166 1307 1456 1363 videbatur
1495 1305 1663 1362 etiam
1699 1303 1887 1359 videre
1933 1317 2069 1373 pura

483 1404 666 1459 anima
707 1402 996 1458 meliorem
1030 1399 1262 1456 exitum.

559 1669 695 1724 Vill.
730 1667 868 1726 Cum
898 1685 963 1725 ea
1001 1684 1134 1740 ergo
1179 1668 1262 1724 sic
1291 1669 1544 1733 haberet,
1570 1679 1626 1724 et
1667 1668 1831 1723 vitam
1865 1669 2074 1739 ample-

488 1771 734 1819 cteretur
761 1761 1087 1835 spiritalem,
1143 1763 1306 1832 longo
1354 1771 1602 1834 tempore
1651 1761 1913 1832 ignoratae
1943 1769 2073 1816 sunt
2102 1806 2150 1864 Β

491 1871 580 1911 res
612 1858 734 1927 ejus
763 1872 792 1910 a
825 1855 1111 1922 Bassiano,
1138 1854 1357 1909 etiamsi
1392 1871 1502 1908 non
1529 1863 1679 1909 esset
1708 1869 1908 1923 expers
1943 1853 2071 1908 doni

490 1948 1056 2017 perspiciendizeum
1122 1957 1305 2002 tamen
1338 1947 1499 2001 latuit
1551 1946 1646 2001 Dei
1699 1945 1990 2016 sapientia,
2019 1954 2075 2000 ct

491 2040 662 2110 magis
701 2040 918 2094 areanis
957 2040 1288 2109 quibusdam
1313 2040 1565 2108 iudiciis,
1595 2039 1876 2109 quomodo
1907 2041 2074 2094 etiam

490 2132 734 2187 Eliseum
759 2132 1062 2204 aliquando
1097 2132 1420 2187 Sunamitis.
1448 2131 1584 2187 Sero
1609 2142 1792 2187 autem
1820 2142 1875 2187 et
1912 2132 2080 2202 longo

489 2236 611 2294 post
640 2233 889 2296 tempore
919 2241 984 2279 ea
1021 2224 1128 2294 ipsi
1166 2225 1375 2279 exstitit
1407 2224 1721 2280 manifesta.
1775 2223 1865 2279 Sic
1892 2234 2077 2279 autem

491 2318 570 2371 fit.
612 2317 774 2371 Visus
803 2325 887 2370 est
941 2317 994 2370 in
1031 2318 1246 2370 somnis
1295 2317 1480 2371 videre
1515 2332 1747 2385 magnus
1782 2317 2078 2372 Bassianus

489 2408 670 2461 virum
701 2406 908 2462 amictu
942 2407 1171 2477 quidem
1212 2410 1535 2474 honestum,
1570 2408 1729 2462 vultu
1766 2417 1950 2463 autem
1983 2409 2080 2465 de-

486 2515 704 2566 corum,
733 2508 791 2554 et
820 2501 912 2570 qui
948 2501 1243 2556 videbatur
1283 2516 1405 2557 esse
1436 2501 1725 2570 cujusdam
1754 2512 1962 2559 naturae
1992 2503 2077 2558 di-

490 2591 821 2657 vinioris,et
854 2593 907 2647 ei
953 2602 1038 2648 ter
1087 2595 1312 2651 dicere:
1360 2595 1591 2667 Babylas
1630 2598 1944 2665 eunuchus,
1981 2597 2078 2669 qui

486 2694 575 2741 est
594 2700 738 2741 unus
755 2699 821 2740 ex
853 2687 1162 2754 monachis,
1187 2689 1277 2757 qui
1302 2697 1432 2743 sunt
1478 2689 1532 2742 in
1561 2699 1654 2744 tuo
1676 2705 1862 2760 grege,
1888 2701 2078 2760 aperte

489 2779 716 2847 quidem
747 2788 832 2834 est
863 2779 1108 2849 femina;
1145 2783 1371 2838 simulat
1427 2792 1613 2838 autem
1646 2799 1704 2839 se
1743 2799 1864 2839 esse
1895 2799 2079 2838 eunu-

487 2873 677 2938 chum,
712 2883 771 2928 ut
802 2873 992 2930 lateat.
1023 2875 1178 2931 Sient
1209 2876 1326 2946 ipse
1356 2886 1566 2941 autem,
1596 2877 1833 2933 Aeacius
1855 2893 2080 2948 quoque

487 2966 734 3036 quidam,
759 2967 844 3022 vir
878 2968 1105 3039 insignis
1132 2970 1235 3026 fuit
1261 2969 1488 3040 pietate,
1523 2970 1618 3041 qui
1646 2970 1751 3026 fuit
1777 2971 1944 3026 etiam
1975 2987 2079 3042 pro

491 3061 656 3114 tertia
683 3071 841 3131 parte
864 3073 1055 3133 pastor
1083 3065 1407 3120 monasterii
1435 3065 1611 3121 divini
1639 3066 1909 3128 Abramii.
1929 3083 2078 3122 eam-

2165 554 2289 606 κατ’
2329 551 2572 614 ἐκείνους
2595 548 2892 620 πειρᾶσθαι
2925 545 3136 598 δοκεῖν·
3169 540 3452 610 ἀμήχανον
3481 534 3592 604 γὰρ
3619 533 3750 604 ἄχρι

2164 645 2352 706 τέλους
2391 642 2674 696 διαλαθεῖν
2711 641 2811 711 τὴν
2849 638 3169 708 ὑπόκρισιν.
3217 632 3412 702 Ὅμως
3461 642 3754 698 προσεκτι-

2167 737 2386 807 κωτέρα
2421 737 2490 807 τῇ
2547 734 2780 805 διανοίᾳ,
2831 732 2968 802 μόνη
3024 727 3104 797 τῷ
3146 725 3295 797 μόνῳ
3332 721 3450 792 Θεῷ
3490 718 3754 788 ἐντυγχά-

2167 848 2356 893 νουσα,
2398 828 2489 899 Τῷ
2547 827 2626 899 σῷ
2683 825 2938 895 νεύματι,
2979 822 3251 883 Δέσποτα,
3307 816 3483 885 ἔλεγε,
3510 813 3604 868 τὸν
3637 811 3750 864 τῶν

2172 924 2425 997 μοναχῶν
2475 920 2837 992 ἐπανῄρημαι
2877 916 3017 988 βίον,
3067 907 3433 976 ἀκολουθῆσαί
3471 924 3531 960 τε
3563 903 3755 958 κελεύ-

2171 1033 2326 1070 σαντι
2385 1010 2776 1084 ἀμετατρεπτλ
2837 1005 3219 1078 ἠκολούθησα·
3291 1001 3372 1054 διὸ
3444 999 3584 1070 μήτε
3643 997 3754 1050 τῶν

2171 1107 2538 1162 ἐλπισθέντων
2589 1102 2893 1175 ψευσθῆναι
2946 1092 3401 1172 παρασκευάσῃς,
3464 1089 3598 1160 μηδὲ
3654 1089 3755 1156 τῆς

2170 1201 2387 1270 ἀγαθῆς
2437 1197 2645 1269 ταύτης
2698 1195 3029 1265 διαμαρτεῖν
3085 1190 3424 1260 προθέσεως⁹
3482 1183 3620 1239 ἀλλά
3656 1181 3758 1250 τῆς

2171 1295 2312 1366 ἐμῆς
2367 1292 2532 1355 αὐτὸς
2600 1288 3002 1362 προϊστάμενος
3052 1281 3344 1343 ἀσθενείας
3389 1275 3756 1345 κατάγγειλόν

2177 1406 2278 1458 μου
2313 1385 2646 1456 συνδραμεῖν
2675 1381 2753 1452 τῷ
2791 1379 3004 1450 σκοπῷ,
3039 1380 3138 1432 καὶ¹
3160 1379 3222 1430 τὸ
3250 1374 3404 1437 τέλος
3430 1370 3750 1426 ἐπίνευσον.

2173 1478 2416 1534 Τοιαῦτα
2453 1478 2689 1545 λέγουσα
2737 1474 2834 1528 καὶ
2871 1473 3004 1544 όρᾷν
3042 1471 3222 1524 ἐδόκει
3271 1467 3350 1539 τῷ
3389 1463 3618 1535 καθαρῷ
3652 1461 3756 1532 τῆς

2172 1573 2356 1645 ψυχῆς
2389 1569 2765 1642 χρηστοτέραν
2792 1567 2891 1637 τὴν
2923 1564 3171 1619 ἑκϐασιν.

2245 1668 2329 1720 H'.
2369 1665 2559 1726 Οὕτως
2596 1658 2691 1716 οὖν
2731 1659 2969 1731 ἐχούσης
3019 1659 3190 1727 αὐτῆς
3227 1657 3323 1710 καὶ
3351 1652 3578 1722 ἀγωγῆς
3603 1651 3760 1704 ἀντε-

2177 1761 2414 1831 χομένης
2465 1755 2846 1826 πνευματικῆς
2886 1753 2985 1806 ἐπὶ
3024 1750 3219 1821 χρόνον
3267 1747 3464 1816 συχνὸν
3514 1742 3581 1797 τὰ
3632 1741 3756 1795 κατ’

2177 1850 2350 1922 αὐτὴν
2388 1850 2641 1920 ἠγνοεῖτο
2674 1843 2950 1914 Βασιανῷ,
2987 1843 3169 1897 καίτοι
3218 1839 3353 1911 μηδὲ
3384 1837 3480 1890 τού
3517 1836 3759 1905 διορατι-

2178 1945 2277 1998 κοῦ
2309 1942 2653 2014 χαρίσματος
2689 1936 3033 2007 ἀμοιροῦντι.
3079 1932 3367 1988 Ἐλάνθανε
3403 1930 3448 1984 δ’
3490 1923 3583 1983 οὖν
3611 1928 3760 1997 ὅμως

2177 2036 2315 2091 Θεοῦ
2366 2036 2532 2104 σοφίᾳ
2589 2030 2684 2085 καὶ
2747 2028 3216 2100 ἀπορῤητοτέροις
3277 2025 3391 2087 τοῖς
3458 2022 3760 2091 κρίμασιν,

2179 2129 2370 2200 ὥσπερ
2395 2128 2490 2181 καὶ
2525 2123 2834 2182 Ἐλισσαῖόν
2856 2137 2987 2176 ποτε
3008 2120 3069 2173 τὸ
3090 2120 3188 2189 τῆς
3209 2115 3596 2186 Σουμανίτιδος
3618 2113 3759 2182 (sic).

2192 2218 2320 2289 Ὀψέ
2347 2219 2405 2271 δὲ
2441 2217 2533 2270 καὶ
2575 2217 2672 2270 σὺν
2711 2214 2891 2286 χρόνῳ
2919 2209 3121 2282 μακρῷ
3154 2209 3288 2280 δῆλα
3325 2207 3396 2261 τά
3427 2206 3560 2277 περὶ⁵
3591 2204 3762 2271 αὐτῆς

2179 2312 2328 2383 αὐτῷ
2357 2313 2570 2382 γίνεται
2597 2328 2610 2342 ·
2640 2309 2855 2379 γίνεται
2884 2308 2940 2361 δὲ
2975 2305 3148 2363 οὕτως
3168 2320 3182 2334 ·
3220 2300 3408 2365 Ἔδοξε
3443 2299 3589 2352 κατά
3635 2295 3762 2356 τοὺς

2181 2409 2388 2470 ὕπνους
2408 2407 2542 2477 όρᾷν
2563 2406 2590 2458 ὁ
2621 2405 2790 2474 μέγας
2814 2400 3075 2461 Βασιανδς
3098 2397 3264 2466 ἄνδρα
3283 2395 3511 2464 κόσμιον
3547 2391 3643 2461 μὲν
3667 2386 3766 2459 τὴν

2179 2498 2470 2570 ἀναϐολὴν.
2506 2494 2760 2566 ἐκπρεπῆ
2787 2494 2844 2548 δὲ
2870 2492 2968 2563 τὴν
2989 2491 3134 2562 ὄψιν,
3178 2488 3273 2542 καί
3305 2502 3448 2550 τινος
3483 2481 3766 2551 θειοτέρας

2179 2589 2322 2646 εἶναι
2344 2588 2608 2644 δοκοῦντα
2641 2585 2879 2657 φύσεως,
2910 2585 3007 2639 καὶ
3027 2581 3215 2636 τοῦτον
3246 2580 3365 2650 τρλς
3397 2577 3560 2632 αὐτὴν
3593 2589 3768 2643 προσ-

2179 2686 2377 2747 ειπεῖν,
2428 2683 2512 2736 ὃτι
2545 2680 2794 2741 Βαϐύλας
2829 2681 2854 2732 ὁ
2887 2676 3141 2746 εὐνοῦχος
3181 2676 3209 2729 ὁ
3258 2673 3368 2726 τῶν
3412 2669 3564 2738 παρά
3597 2669 3662 2737 τῇ
3699 2669 3765 2736 σῇ

2180 2779 2389 2850 ποίμνῃ
2426 2773 2678 2846 μοναχῶν
2724 2769 2807 2834 εἷς
2842 2770 2977 2838 γυνὴ
3014 2767 3116 2837 μέν
3168 2767 3318 2818 ἐστιν
3363 2763 3645 2831 ἄντικρυς,
3683 2757 3771 2850 εὐζ-

2179 2847 2460 2941 νοῢχοςῗδὲ
2504 2862 2645 2920 εἶναι
2695 2863 2785 2917 διὰ
2837 2861 2897 2916 τὸ
2939 2860 3124 2913 λαθεῖν
3178 2855 3557 2924 ὑποκρίνεται.
3613 2847 3773 2902 Κατά

2177 2964 2373 3016 ταυτὸν
2397 2960 2453 3013 δὲ
2484 2958 2578 3012 καὶ
2603 2953 2857 3018 ’Δκάκιός
2881 2970 2966 3017 τις
2999 2951 3161 3020 ἀνὴρ,
3194 2948 3283 3002 ἐπ’
3314 2945 3572 3016 εὐλαϐείᾳ.
3604 2959 3766 3012 περι·

2181 3054 2380 3125 φανὴς,
2419 3053 2477 3116 ὃς
2507 3052 2598 3106 καὶ
2625 3053 2724 3122 τῆς
2752 3051 2832 3113 είς
2863 3047 2924 3101 τὸ
2959 3045 3141 3117 τρίτον
3175 3041 3343 3113 μονῆς
3367 3037 3461 3092 τοῦ
3505 3036 3768 3104 θεοφόρου

489 3153 617 3208 dem
671 3153 813 3210 vidit
862 3155 1157 3211 visionem.
1214 3157 1374 3213 Mane
1407 3173 1542 3228 ergo
1598 3173 1723 3213 cum
1783 3159 2075 3216 Bassianus

2197 3145 2502 3218 Ἀϐραμίου
2570 3140 2777 3212 ποιμὴν
2848 3135 3143 3207 ἐτύγχανε,
3184 3133 3285 3203 τὴν
3344 3128 3514 3228 αὐτην
3579 3129 3773 3228 ὅρα-σιν

489 3245 876 3302 aecersivisset
931 3262 1104 3302 unum
1141 3262 1208 3302 ex
1245 3248 1554 3315 monachis,
1578 3247 1851 3304 Joannem
1878 3266 2073 3319 quem-

491 3338 642 3401 dam,
673 3338 768 3407 (ιιιὶ
795 3349 918 3408 post
942 3339 1122 3408 ipsum
1152 3327 1274 3395 e'rat
1301 3341 1580 3395 secundus
1611 3339 1666 3396 in
1712 3342 2071 3406 monasterio,

492 3430 737 3482 narravit
753 3429 803 3483 ei
829 3429 974 3500 quod
992 3431 1206 3485 viderat
1223 3431 1279 3485 in
1299 3432 1528 3486 somnis.
1550 3432 1776 3488 Interim
1792 3449 1922 3488 vero
1940 3434 2072 3489 dum

494 3520 608 3576 haec
624 3520 950 3588 disserebat,
970 3522 1116 3576 venit
1140 3522 1366 3593 quidam
1393 3523 1593 3579 missus
1614 3527 1682 3581 ab
1698 3527 1922 3592 Acacio,
1947 3542 2074 3581 nar-

494 3629 624 3669 rans
647 3613 908 3670 Bassiano
957 3630 1122 3685 quam
1176 3615 1295 3686 ipse
1341 3615 1556 3672 viderat
1606 3619 2077 3676 visionem.’l‘unc

492 3721 624 3777 ergo
655 3721 887 3778 magnus
923 3707 1236 3774 Bassianus,
1257 3710 1450 3766 volens
1485 3710 1556 3766 de
1583 3711 1686 3768 hac
1722 3728 1780 3768 re
1807 3712 2072 3784 majorem

493 3795 598 3851 sibi
616 3795 776 3852 [idem
800 3797 943 3862 ﬁeri,
971 3798 1025 3852 in
1053 3815 1247 3854 manus
1274 3811 1495 3873 sumpto
1515 3819 1672 3860 sacro
1703 3805 2000 3878 Evangelia
2017 3817 2076 3864 et

490 3889 786 3960 explicato,
817 3891 873 3946 in
899 3891 990 3947 illa
1013 3892 1178 3948 verba
1203 3894 1544 3967 incidit,quae
1564 3896 1822 3954 dicebant
1843 3915 2073 3970 regnum

492 3980 758 4038 caelorum
779 3997 905 4040 esse
936 3983 1116 4041 simile
1143 3984 1440 4050 fermento.
1466 3988 1614 4057 quod
1643 3997 1929 4060 acceptum
1957 4007 2076 4046 mu-

492 4071 597 4128 lier
643 4073 935 4130 abscondit
968 4073 1024 4130 in
1085 4073 1274 4132 farina:
1307 4076 1446 4134 satis
1471 4077 1672 4146 tribus,
1713 4079 1890 4136 donec
1927 4088 2078 4137 esset

495 4162 884 4221 fermentatum
909 4167 952 4220 ⁸.

565 4347 660 4404 IX.
711 4349 850 4404 Cum
889 4349 1075 4420 itaque
1106 4349 1468 4408 intellexisset
1500 4365 1645 4418 eam,
1691 4369 1815 4425 qua;
1846 4355 1901 4410 in
1942 4371 2076 4427 pro-

495 4443 668 4498 fundo
699 4442 1135 4514 signiﬁcabatur,
1161 4444 1604 4516 intelligentiam.
1633 4455 1760 4516 post
1784 4448 1899 4504 haec
1934 4450 2078 4520 apud

2183 3215 2398 3293 ἐθεᾶίτοξ
2432 3234 2641 3289 Ἒωθεν
2670 3228 2764 3287 οὖν
2791 3232 2819 3284 ὁ
2850 3227 3117 3290 Βασιανὸς
3145 3220 3648 3294 μεταπεμψάμενος
3677 3215 3775 3268 ἕνα

2181 3330 2293 3385 τῶν
2330 3326 2583 3399 μοναχῶν
2631 3323 2890 3393 Ἰωάννην
2930 3320 3055 3376 τινά
3084 3319 3142 3382 ὃς
3170 3316 3427 3385 δεύτερος
3461 3311 3578 3382 μετ’
3609 3307 3774 3362 αὑτὸν

2183 3424 2242 3476 ἐν
2267 3421 2346 3491 τῷ
2370 3419 2606 3492 σεμνείῳ
2663 3416 2982 3474 καθίστατο,
3035 3413 3185 3473 ὅπως
3215 3405 3326 3478 εἶχε
3358 3405 3416 3458 τὸ
3459 3403 3592 3472 δναρ
3626 3399 3776 3468 αύτῷ

2183 3515 2450 3585 διηγεῖτο.
2503 3511 2594 3565 Ἐν
2636 3511 2746 3580 ὅσῳ
2775 3509 2831 3562 δὲ
2861 3506 3134 3574 διελέγετο
3161 3502 3330 3555 ταῦτα
3365 3496 3468 3571 ἧκέ
3509 3512 3593 3558 τις
3635 3494 3773 3564 πρὸς

2198 3606 2456 3661 Ἀκακίου
2483 3600 2776 3674 πεμφθεὶς,
2803 3600 2872 3652 τὰ
2902 3599 3000 3666 τῆς
3026 3596 3202 3666 δψεως
3234 3592 3425 3662 ὥσπερ
3457 3589 3520 3659 δὴ
3554 3587 3645 3642 καὶ
3671 3585 3775 3638 αὗ-

2184 3700 2275 3764 τδς
2314 3695 2455 3752 εἶδεν
2505 3695 2871 3763 ἀπαγγέλλων
2918 3688 3190 3758 Βασιανῷ.
3243 3681 3563 3754 Τηνικαῦτα
3592 3679 3774 3733 τοίνυν

2186 3795 2282 3847 καὶ
2313 3793 2343 3844 ό
2392 3791 2568 3862 μέγας
2613 3785 2883 3850 Βασιανδς
2933 3783 3154 3837 πλείονα
3203 3779 3386 3832 πίστιν
3434 3773 3635 3829 ἐθέλων
3682 3773 3775 3824 ἐπὶ

2186 3889 2366 3956 τούτῳ
2393 3885 2606 3947 λαϐεῖν,
2627 3881 2686 3936 τδ
2705 3879 2850 3949 ἱερὸν
2866 3877 2960 3933 ἐπὶ
2987 3876 3182 3947 χεῖρας
3204 3871 3387 3924 λαϐὼν
3416 3865 3774 3956 Εὖαγγέλιον,

2186 3983 2284 4036 καλ⁵
2332 3954 2672 4041 ἀναπτύξας,
2700 3971 2930 4034 ἐκείνοις
2982 3967 3302 4036 ἐντυγχάνει
3349 3963 3459 4024 τοῖς
3507 3958 3691 4026 λόγοις
3725 3954 3774 4008 οἱ

2187 4071 2550 4144 διελάμϐανον
2603 4069 2796 4137 ὁμοίαν
2829 4059 2970 4117 εἶναι
3023 4059 3172 4130 ζύμῃ
3226 4057 3328 4127 τὴν
3376 4049 3774 4144 τῶννούρανῶν

2190 4166 2495 4241 βασιλείαν,
2517 4163 2585 4234 ἣν
2605 4157 2845 4214 λαϐοῦσα
2865 4153 3001 4225 γυνὴ
3027 4151 3265 4223 ἔκρυψεν
3289 4150 3366 4212 εἱς
3387 4143 3617 4216 ἀλεύρου
3639 4145 3774 4197 σάτα

2188 4260 2337 4332 τρία,
2367 4258 2474 4321 ἓως
2500 4253 2757 4323 ἐζυμώθη
2793 4249 2935 4303 ὅλον.

2261 4353 2341 4406 Θθ.
2375 4350 2563 4411 Συνεὶς
2583 4341 2677 4400 οὖν
2702 4344 2803 4413 τὴν
2827 4341 2916 4396 διὰ
2943 4335 3490 4410 βάθουςδηλουμένην
3503 4331 3775 4391 διάνοιαν,

2191 4447 2252 4502 τὸ
2288 4444 2427 4517 μετά
2458 4441 2634 4496 ταῦτα
2672 4435 2797 4492 καθ’
2823 4433 3018 4490 ἑαυτὸν
3046 4431 3345 4485 ἐσκέπτετο
3379 4427 3495 4489 πῶς
3548 4425 3778 4517 amyst-

496 4552 554 4591 se
584 4535 878 4606 cogitabat,
903 4537 1181 4607 quomodo
1210 4515 1403 4594 dextre
1427 4515 1828 4610 aggrederetur
1854 4542 1907 4597 id
1934 4515 2075 4614 quod

2192 4515 2341 4599 έλθοι
2390 4535 2586 4603 δεξιῶς
2624 4534 2683 4588 τὸ
2735 4527 3128 4602 προκείμενον,
3168 4523 3264 4577 καὶ
3309 4521 3384 4593 μὴ
3433 4519 3595 4614 δῆλον
3618 4515 3777 4570 τοῦτο

497 4637 614 4684 erat
639 4631 1006 4700 propositum,
1037 4638 1094 4687 et
1128 4631 1235 4686 hoc
1269 4631 1462 4688 multis
1490 4649 1602 4688 non
1649 4633 1804 4690 ﬂeret
1846 4611 2075 4693 manife-

2189 4638 2306 4701 τοῖς
2340 4632 2558 4694 πολλοῖς
2591 4627 2841 4698 γένηται.
2877 4619 3286 4679 Μετακαλεϊται
3325 4615 3506 4669 τοίνυν
3545 4611 3644 4683 τὴν
3672 4627 3776 4680 μα-

497 4729 661 4776 stum.
709 4720 960 4778 Accersit
1001 4737 1134 4792 ergo
1167 4723 1383 4778 beatam
1428 4723 1600 4790 illam,
1655 4732 1712 4779 et
1756 4741 1876 4782 eam
1927 4736 2075 4785 torve

2192 4729 2418 4801 καρίαν,
2460 4725 2554 4779 καὶ
2601 4721 2768 4793 δριμὺ
2807 4717 2984 4789 ταύτῃ
3014 4711 3354 4775 ένατενίσας,
3402 4707 3470 4762 Τί
3509 4706 3781 4801 senape-

496 4814 806 4886 aspiciens:
841 4815 984 4883 Quid
1008 4816 1112 4871 fuit
1145 4833 1342 4881 causae,
1377 4817 1578 4888 inquit,
1612 4833 1646 4874 ο
1671 4819 1891 4886 mulier,
1933 4821 2083 4892 quod
2192 4796 2474 4879 σκευάσαν
2502 4835 2585 4886 σε,
2638 4812 2886 4885 γύναιον,
2920 4810 3052 4880 ἐφη,
3103 4803 3425 4877 τηλικοῦτον
3466 4799 3590 4855 καθ’
3621 4796 3782 4869 ἡμῶν

497 4921 605 4964 tam
652 4910 830 4965 audax
878 4919 1120 4981 emptum
1175 4911 1230 4964 in
1265 4925 1369 4966 nos
1413 4909 1488 4965 sis
1530 4924 1803 4981 aggressa,
1848 4920 1905 4968 et
1952 4929 2075 4984 qua:

2186 4914 2442 4972 ὑπελθεῖν
2472 4911 2754 4981 τόλμημα,
2788 4905 2885 4960 καὶ
2916 4903 3038 4958 κατ’
3072 4901 3226 4956 οὐδὲν
3253 4900 3286 4970 ἡ
3298 4899 3389 4969 μίν
3425 4893 3779 4967 προσήκοντα

497 5001 658 5058 nobis
705 5016 817 5057 non
863 5002 1252 5067 conveniebat,
1301 5003 1665 5058 tentationem
1707 5012 1764 5058 et
1811 5005 2074 5074 probrum

2185 5004 2498 5080 πειρασμὸν
2525 5002 2621 5057 καὶ
2657 4998 2861 5060 ὄνειδος
2903 4991 3302 5066 ἐπιτρίψασθαι
3332 4989 3395 5044 τὸ
3425 4986 3612 5080 λαϐεῖν
3653 4983 3780 5056 χρό-

499 5096 785 5160 inusseris,
811 5103 1026 5151 tantum
1049 5108 1267 5167 tempus
1294 5094 1522 5153 studens
1543 5097 1754 5153 latere?
1776 5098 1871 5154 llla
1893 5109 2075 5155 autem

2180 5078 2568 5158 νον-τοσοῦτον
2603 5089 3078 5161 ἐπιτηδεύσασανς
3128 5085 3194 5139 Ἦ
3231 5081 3311 5148 δὲ,
3340 5080 3402 5134 τὸ
3425 5078 3633 5167 λεχθὲν-
3655 5092 3779 5128 συν-

501 5188 555 5243 id
602 5187 749 5257 quod
792 5187 1003 5245 dictum
1046 5163 1249 5253 fuerat,
1298 5187 1637 5260 intelligens,
1683 5198 1738 5244 et
1778 5191 2075 5246 formidans

2185 5195 2308 5248 εἶσα
2360 5189 2457 5242 καὶ
2506 5185 2569 5239 τὸ
2601 5181 2877 5253 αὑστηρδν
2925 5173 3286 5245 ὑποπτήξασα
3334 5169 3442 5224 τῶν
3464 5163 3776 5237 Ῑρημάτων,

503 5283 909 5348 austeritatem,
958 5290 1015 5338 et
1067 5297 1188 5351 qua:
1241 5283 1295 5337 in
1337 5283 1460 5353 ejus
1517 5283 1671 5338 vultu
1722 5292 2075 5353 apparuerat,

2193 5288 2332 5359 πρὸς
2360 5285 2418 5338 δὲ
2445 5283 2537 5338 καλ.
2567 5279 2627 5334 τὸ
2671 5275 2804 5346 περὶ⁸
2838 5275 2936 5344 τὴν
2983 5270 3107 5340 δψιν
3152 5263 3413 5334 ἐπιφανὲν
3467 5261 3634 5359 αὖτ’ρῦ
3681 5261 3781 5324 τῆς

504 5375 826 5432 acerbitatis
860 5376 1008 5430 nube
1059 5349 1459 5446 obstupefacta,
1487 5385 1540 5430 et
1577 5349 1816 5432 maxime
1867 5376 1937 5433 iis
1969 5393 2075 5448 qua

2198 5349 2424 5448 πικρίας
2454 5373 2615 5441 νέφος
2644 5365 3084 5434 καταπλαγεῖσα,
3125 5359 3364 5431 μάλιστα
3402 5353 3496 5448 καὶ
3528 5349 3628 5419 τὴν
3659 5364 3782 5400 συν-

509 5468 657 5524 dicta
677 5476 858 5534 erant,
879 5443 1256 5523 testimonium
1280 5467 1548 5524 ferentem
1579 5469 1789 5525 habens
1807 5443 2075 5524 εοιιεοῖοιιι

2200 5443 2409 5539 είδησιν
2435 5465 2632 5536 ἔχουσα
2666 5456 3056 5531 μαρτυροῦσαν
3093 5452 3206 5514 τοῖς
3242 5443 3784 5542 εἰρημένοις,-κατα;

509 5561 665 5626 tiam,
701 5577 760 5618 se
811 5562 1039 5634 quidem
1091 5563 1278 5617 statim
1325 5562 1480 5616 humi
1535 5563 1872 5632 prosternit,
1919 5570 2073 5617 sanet

2203 5561 2390 5616 ϐάλλει
2439 5557 2540 5628 μὲν
2592 5556 2793 5623 ἑαυτὴν
2838 5548 3000 5610 εὐθὺς
3046 5547 3126 5609 εἰς
3173 5543 3234 5595 τὸ
3279 5539 3656 5641 ἔδαφοςᾌτῶν
3688 5545 3784 5641 του

503 5671 635 5710 vero
661 5655 832 5727 pedes
866 5656 1234 5726 prehensans,
1270 5655 1436 5712 verba
1467 5671 1588 5728 qua:
1615 5657 1847 5712 multqu
1874 5655 2075 5726 quiden

2205 5652 2352 5708 ὁσίου
2409 5619 2464 5702 6::
2519 5645 2693 5700 ποδῶν
2749 5619 3117 5711 ἐπιλαϐομένη
3170 5633 3366 5702 λόγους
3413 5625 3547 5682 πολὺ
3599 5622 3698 5696 μὲν
3728 5619 3785 5672 τδ

591 5835 610 5863 ³
637 5833 773 5889 Luc.
811 5848 929 5899 xm,
961 5834 1032 5890 55
1056 5849 1210 5904 seqq.
