4142 6384
449 355 562 416 9ζ9

1724 359 1895 420 VlTA
1941 361 2001 424 S.
2049 362 2366 426 MATRON
2375 364 2463 426 1E.

3604 374 3705 438 930

440 469 700 520 ταπεινὸν
725 467 969 538 ἔχοντας,
1004 469 1157 537 μόλις
1189 470 1246 522 δὲ
1282 470 1798 541 ὖτῑοφθεγγομένους
1820 473 1995 540 προΐει

2125 473 2402 531 habebant
2451 476 2813 544 humilitatis,
2864 481 2952 535 vix
3008 491 3192 537 autem
3242 485 3701 552 proferebantur,

439 559 513 610 06
547 558 875 628 πειρασμὸν,
901 551 946 610 ὣ
969 558 1227 623 δέσποτα,
1264 559 1520 626 λέγουσα,
1557 563 1856 629 ἐπαγαγεῖν
1892 561 2014 630 βου-

437 651 664 722 λομένη,
707 654 772 720 τῇ
809 651 1017 724 ποίμνῃ
1058 653 1302 722 ἐμαυτὴν
1341 653 1699 722 ὲγκατέλεξα,
1752 653 1888 708 ἀλλά
1925 654 2016 707 τὸν

435 744 545 796 ἀπὺ
579 743 690 795 τῶν
730 743 991 796 ἐναντίων
1038 745 1238 812 μᾶλλον
1287 745 1659 813 διαφεύγουσα
1709 745 2016 816 πειρασμδν

436 839 533 890 καὶ
558 836 658 899 τὰς
689 837 748 890 ὲν
788 836 866 908 τῷ
899 837 999 908 βίῳ
1051 838 1231 905 πάγας
1270 838 1617 890 ἐκκλίνουσα.
1658 837 1798 905 Πρὸς
1823 837 1891 906 ἣν
1924 834 2018 890 αὖ·

437 931 522 994 θις
551 934 577 983 ὁ
611 930 876 994 Βασιανδς
918 930 1259 1000 ἀπεκρίνατο
1281 947 1295 962 ·
1323 932 1445 994 Πῶς
1490 931 1544 984 δὲ
1597 933 1692 986 καὶ
1719 931 1858 1000 γυνὴ
1886 947 2016 998 τυγ-

434 1023 672 1092 χάνουσα
705 1025 820 1086 τοῖς
866 1022 1035 1084 θείοις
1088 1022 1414 1092 μυστηρίοις
1457 1026 1637 1093 γυμνῇ
1685 1022 2013 1094 ,προσήρχου

432 1119 499 1186 τῇ
531 1117 764 1185 κεφαλῇ,
813 1117 908 1168 καὶ
953 1117 1010 1168 ὲν
1059 1116 1137 1180 τῷ
1187 1116 1324 1185 πρὸς
1379 1117 1605 1186 εἰρήνην
1641 1116 1923 1186 ἀσπασμῷ
1949 1116 2009 1170 τὸ

437 1208 614 1277 στόμα
651 1208 763 1269 τοῖς
813 1207 1060 1274 ἀδελφοῖς
1106 1207 1278 1270 ἀδεῶς
1323 1208 1581 1277 ῦπεῖχες;
1624 1207 1689 1260 Ἠ
1739 1207 1820 1271 δὲ,
1877 1208 2019 1280 Περὶ¹

440 1300 540 1370 μὲν
585 1300 653 1352 τὰ
677 1302 816 1363 ,θεῖα
843 1299 1012 1368 δῶρα,
1036 1299 1192 1368 φησὶ,
1227 1301 1671 1370 προσποιουμένη
1703 1301 2008 1364 ἀσθένειαν,

433 1393 494 1445 οῦ
535 1391 603 1447 δι’
638 1392 758 1446 ὅλου
802 1391 864 1443 τὸ
898 1394 1036 1462 πρὸς
1077 1395 1144 1463 τῇ
1186 1393 1395 1464 κεφαλῇ
1441 1393 1708 1463 κάλυμμα
1753 1394 2007 1457 ἕλκουσα,

431 1483 574 1539 οὕτω
603 1487 669 1554 τῇ
704 1485 1004 1554 μεταλήψει
1043 1484 1151 1537 τῶν
1201 1485 1518 1555 μυστηρίων
1558 1485 2006 1556 προσεφερόμην·

429 1579 490 1632 τὸ
519 1579 574 1632 δὲ
609 1579 706 1648 τῆς
736 1577 960 1648 ἀγάπης
996 1579 1132 1648 πρὸς
1163 1581 1290 1642 τοὺς
1322 1579 1583 1646 ἀδελφοὺς
1617 1578 1886 1649 σύμϐολον
1921 1580 2010 1633 οὒ-

428 1672 619 1742 δαμῶς
651 1671 1049 1744 παρῃτούμηνο
1097 1673 1220 1726 οὐδὲ
1246 1673 1354 1742 γάρ
1400 1672 1763 1742 ἀνθρωπίνοις
1805 1671 2009 1743 στόμα-

430 1780 536 1828 σιν,
577 1763 691 1816 ἀλλ’
734 1763 1046 1834 ἀνθρώποις
1086 1765 1186 1836 τὴν
1230 1765 1527 1836 ἀγγελικὴν
1566 1765 1822 1832 ζηλοῦσιν
1863 1767 2004 1822 ἀπάο

431 1855 582 1910 θειαν
618 1859 917 1926 προσάγειν
965 1859 1208 1928 ἐμαυτὴν
1243 1857 1648 1928 ὑπελάμϐανον.

503 1951 559 2003 l'.
594 1949 732 2020 Πρὸς
761 1949 818 2003 δὲ
867 1949 964 2020 τὴν
1005 1951 1235 2020 συνετὴν
1269 1949 1476 2020 ταύτην
1505 1950 1800 2021 ἀπόκρισιν
1832 1952 1860 2004 6
1895 1951 2002 2003 Βα-

431 2042 610 2104 σιανδς
635 2041 951 2107 ἐκπλαγεὶς,
987 2041 1096 2093 Καὶ
1151 2041 1240 2094 διὰ
1275 2042 1326 2095 τί
1365 2042 1442 2112 μὴ
1478 2040 1648 2111 ἑτέρῳ
1682 2056 2004 2112 φροντιστη-

430 2135 551 2205 ρίῳ,
584 2137 740 2204 φησὶ,
791 2136 886 2189 καὶ
930 2127 974 2202 ᾧ
999 2133 1242 2201 γυναιξὶν
1285 2134 1499 2203 ἐφεῖται
1521 2132 1731 2199 διάγειν
1770 2131 2003 2202 σεαυτὴν

428 2224 824 2291 ὲγκατέλεξαςς
862 2223 927 2277 Ἦ
955 2224 1032 2291 δὲ,
1073 2225 1271 2294 μικρὸν
1307 2221 1608 2292 ἐπισχοῦσα
1639 2225 1734 2277 καὶ
1774 2221 1834 2275 τὸ
1864 2222 2000 2276 πολὺ

425 2310 520 2364 τοῦ
562 2310 712 2373 δέους
760 2311 1097 2382 ἀποθεμένη,
1139 2311 1234 2366 ἆτε
1292 2311 1389 2366 καὶ
1445 2310 1702 2382 ἀφορμὴν
1759 2311 2003 2366 λαϐοῦσα

427 2401 639 2456 πλείοσι
669 2403 803 2473 πρὸς
828 2403 1126 2472 ἀπολογίαν
1150 2402 1464 2472 χρήσασθαι
1496 2402 1700 2472 λόγοις,
1729 2403 1870 2458 κατά
1907 2402 2003 2474 μέ-

428 2512 519 2567 ρος
548 2496 695 2559 ὅπως
721 2491 836 2564 εἶχε
864 2497 932 2550 τά
960 2496 1081 2549 καθ’
1124 2494 1322 2566 ἑαυτὴν
1361 2494 1747 2560 ἐξεκάλυπτεν,
1774 2495 1850 2559 ὡς
1881 2513 2004 2549 συν-

425 2585 625 2657 αφθείη
655 2588 754 2656 μὲν
781 2587 924 2640 κατά
951 2586 1150 2657 νόμους
1177 2586 1330 2657 ἀνδρὶ
1357 2589 1454 2641 καὶ
1483 2587 1614 2655 μιᾶς
1646 2587 1837 2658 μήτηρ
1868 2586 2000 2657 κλη-

426 2680 547 2750 θείη
578 2681 786 2745 παιδὸς,
841 2679 1020 2748 διάγοι
1044 2679 1102 2732 δὲ
1132 2679 1261 2744 ὅλας
1292 2678 1492 2743 νύκτας
1527 2682 1637 2743 τοῖς
1662 2679 1773 2733 τῶν
1831 2679 2001 2748 ἁγίων

425 2774 801 2844 ἐνδιαιτήμασι
830 2771 1206 2844 διατρίϐουσα,
1247 2772 1341 2827 καὶ
1367 2773 1444 2836 ὼς
1493 2771 1646 2844 παρὰ
1673 2771 1768 2826 τοῦ
1827 2789 2002 2825 συνοι-

427 2862 646 2926 κοῦντος
698 2862 830 2916 ποτὶ
864 2862 964 2932 μὲν
998 2861 1375 2926 ἀπειλοῦντος,
1410 2861 1541 2916 ποτὲ
1575 2863 1633 2916 δὲ
1662 2865 1757 2918 καὶ
1783 2863 2002 2932 πληγὰς

425 2955 772 3020 ἐντείνοντος,
804 2958 902 3025 τῆς
930 2954 1186 3025 τοιαύτης
1202 2953 1518 3025 ἐπισχεθείη
1542 2953 1722 3024 ὁρμῆς
1749 2959 1844 3010 καὶ
1867 2972 2002 3026 προ-

423 3046 642 3110 θέσεως,
708 3047 802 3100 καὶ
838 3045 914 3110 ὡς
972 3045 1163 3116 ζητοίη
1197 3046 1320 3099 τινὰ
1364 3045 1694 3116 προφάσεως
1749 3047 2002 3117 μηχανὴν

421 3139 544 3208 ἥτις
567 3140 661 3192 καὶ
689 3137 780 3190 τὸν
802 3135 972 3208 ἄνδρα
1004 3136 1424 3208 παρασκευάσει
1464 3134 1651 3189 λαθεῖν
1679 3135 1773 3189 καὶ
1797 3136 2000 3206 ἑαυτὴν

419 3229 488 3281 τά
513 3228 653 3283 κατὰ
678 3227 905 3297 γνώμην
934 3227 1130 3281 τελεῖν.
1163 3227 1386 3292 Τούτοις
1410 3227 1628 3300 ἐπεξῄει
1658 3228 1750 3281 καὶ
1775 3227 1876 3299 τὴν
1901 3229 2000 3300 τῆς

421 3318 616 3381 παιδὸς
668 3319 802 3387 πρὸς
864 3317 964 3390 τὴν
995 3317 1286 3373 Σωσάνναν
1343 3317 1684 3389 ἐγχείρησιν,
1714 3318 1810 3372 καὶ
1847 3317 1998 3381 τέλος

419 3411 592 3476 ἐπῆγε
623 3407 724 3477 τὴν
752 3410 891 3462 κατά
922 3409 1048 3472 τοὺς
1078 3408 1280 3474 ὕπνους
1327 3410 1455 3464 θέαν
1479 3411 1554 3474 ὡς
1586 3412 1862 3480 φεύγουσα
1907 3409 1999 3463 τὸν

417 3499 588 3568 ἀνδρα
617 3500 956 3569 μοναζόντων
986 3501 1161 3555 ἐδόκει
1183 3502 1829 3572 περισεσῶσθανχερσὶν,
1854 3499 1881 3554 ὃ
1906 3503 2000 3556 καὶ

419 3591 644 3643 συνεῖσα
668 3591 746 3655 είς
772 3591 890 3644 τόδε
942 3592 1004 3644 τὸ
1033 3592 1223 3663 σχῆμα
1279 3592 1622 3663 μετήμειψεν
1671 3593 1878 3664 ἑαυτὴν
1901 3594 1998 3648 καὶ

417 3681 591 3754 αὐτὴν
623 3683 725 3755 τὴν
753 3686 1127 3756 προσηγορίαν
1162 3685 1567 3755 μεταϐαλοῦσα.
1597 3686 1815 3740 Τούτων
1839 3689 1865 3740 6
1893 3688 1998 3740 Βα-

420 3775 602 3837 σιανὸς
621 3773 884 3840 ἀκούσας,
907 3777 1000 3828 καὶ
1016 3775 1076 3827 τὸ
1110 3777 1240 3846 περὶ
1273 3775 1492 3828 σύνεσιν
1525 3777 1694 3846 αὐτῆς
1744 3778 1996 3840 ἐκτόπως

417 3863 510 3930 ὀξὺ
544 3867 603 3918 ὲν
659 3865 902 3934 θαύματι
958 3869 1345 3937 ποιησάμενος,
1397 3869 1492 3922 καὶ
1523 3867 1584 3920 τὸ
1615 3870 1712 3936 τῆς
1737 3867 1999 3938 προαιρέ-

421 3972 559 4020 σεως
591 3957 888 4012 ἀπόδεκτον
915 3958 1300 4028 λογισάμενος,
1319 3961 1366 4013 εί
1391 3961 1528 4030 πρὸς
1551 3961 1611 4012 τὸ
1635 3959 1820 4013 λοιπὸν
1848 3961 1999 4029 αίρε-

416 4048 506 4112 τὸς
533 4051 560 4103 6
589 4051 698 4104 τῶν
748 4050 1000 4121 μοναχῶν
1035 4050 1149 4122 βίος
1187 4054 1328 4124 αὐτῇ
1371 4054 1726 4109 ἐπυνθάνετο.
1769 4056 1881 4124 Τῆς
1913 4055 1992 4118 δὲ,

419 4141 529 4194 Καὶ
576 4140 716 4206 λίαν,
769 4142 1052 4211 είπούσης,
1083 4142 1170 4197 διὰ
1200 4147 1309 4214 γὰρ
1355 4144 1514 4198 τοῦτο
1546 4146 1753 4216 κόσμου
1793 4163 1852 4200 τε
1901 4145 1996 4200 καὶ

415 4231 526 4286 τῶν
571 4231 666 4285 τοῦ
698 4231 908 4302 κόσμου
963 4233 1217 4301 γενέσθαι
1251 4237 1489 4306 μακρὰν,
1521 4236 1746 4307 Θάρσει,
1780 4237 1991 4299 τέκνον,

416 4323 666 4394 περὶτοῦ
703 4323 1009 4394 μέλλοντος,
1049 4328 1078 4380 6
1127 4328 1393 4384 Βασιανὺς
1427 4328 1834 4399 ἀπεφθέγγετο,
1873 4347 1996 4383 νου-

416 4416 650 4488 θετήσας
677 4433 735 4470 τε
762 4417 862 4470 ὅσα
893 4417 1164 4472 συνοίσειν
1193 4418 1486 4489 ἠπίστατο,
1515 4419 1589 4474 Τὸ
1615 4422 1825 4486 λοιπὸν,
1845 4417 1992 4489 εἰπε,

2124 567 2328 622 emittit
2355 569 2579 626 dicens:
2612 573 2728 626 Non
2766 574 3148 640 Ientatiouem,
3179 592 3210 630 ο
3235 578 3480 638 domine.
3519 580 3704 634 volens

2121 660 2344 726 all‘erre,
2394 676 2480 716 tne
2531 663 2690 718 retuli
2747 664 2800 718 in
2856 681 3152 720 numerum
3205 670 3281 722 tui
3337 673 3546 740 gregis,
3607 673 3703 724 sed

2121 751 2481 806 tentationrm
2520 754 2702 820 potius
2737 753 2950 821 fugiens
3001 756 3069 808 ab
3119 757 3476 822 adversariis,
3523 769 3578 813 cl
3622 761 3700 815 la-

2119 857 2290 912 queos
2332 843 2424 911 qui
2460 853 2587 895 sunt
2641 843 2692 895 iu
2743 845 2973 911 mundo,
3028 846 3331 903 declinans.
3381 850 3480 904 Cui
3514 867 3704 906 rursus

2120 933 2406 1004 respondit
2433 934 2757 989 Bassianus:
2787 936 3074 1003 Quomodo
3100 948 3311 1004 autem,
3343 955 3465 995 cum
3490 943 3566 998 sis
3583 960 3702 998 mu-

2119 1026 2243 1088 lier,
2275 1025 2345 1080 ad
2375 1025 2558 1080 divina
2598 1039 2941 1083 sacramenta
2987 1030 3269 1085 accessisti
3304 1035 3455 1087 nudo
3498 1035 3700 1102 capite,

2118 1126 2172 1172 et
2216 1118 2269 1171 in
2305 1119 2456 1186 pacis
2488 1119 2818 1174 salutatione
2863 1135 2925 1176 os
2970 1131 3124 1176 tuum
3162 1137 3356 1179 secure
3397 1126 3699 1182 exhibuisti

2119 1208 2429 1262 fratribus?
2465 1207 2559 1264 llla
2589 1226 2750 1264 vero:
2783 1211 2939 1277 Quod
2979 1213 3048 1266 ad
3086 1214 3272 1269 divina
3303 1217 3523 1286 quidem
3557 1219 3698 1274 dona

2114 1299 2335 1364 attinet,
2391 1300 2588 1371 inquit,
2628 1302 2895 1358 simulans
2940 1304 3395 1373 imbecillitatem,
3436 1325 3545 1364 non
3577 1327 3699 1365 om-

2115 1388 2248 1441 nino
2291 1390 2547 1445 auferens
2579 1401 2817 1462 tegmen,
2851 1394 2999 1463 quod
3031 1404 3148 1449 erat
3184 1395 3239 1450 in
3288 1398 3487 1466 capite,
3520 1401 3593 1454 ita
3629 1401 3696 1455 ad

2113 1491 2582 1536 sacramentorum
2623 1484 2951 1539 accedebam
2997 1487 3478 1545 communionem:
3516 1491 3700 1546 chari-

2115 1573 2242 1626 tatis
2272 1584 2454 1628 autem
2484 1575 2629 1646 apud
2669 1577 2869 1632 lralres
2901 1578 3119 1648 signum
3153 1595 3434 1648 nunquam
3469 1599 3692 1640 recusa-

2111 1662 2257 1719 bam.
2296 1665 2481 1735 Neque
2516 1666 2664 1720 enim
2705 1667 2992 1722 hominum
3039 1670 3299 1733 vultibus,
3329 1670 3425 1724 sed
3454 1674 3693 1730 homini-

2113 1753 2219 1810 bus
2258 1757 2558 1826 angelicam
2603 1759 2945 1814 imitantibus
2998 1760 3501 1828 imoatibihtatcm,
3553 1767 3692 1820 mei-

2035 1831 2077 1888 Β
2107 1861 2260 1916 psam
2295 1849 2496 1904 oll‘erre
2533 1850 2940 1907 existimabam.

2176 1941 2245 1996 Χ.
2300 1941 2616 2012 Sapientem
2665 1959 2851 2000 antem
2905 1949 3323 2019 responsionem
3387 1949 3694 2005 admiratus

2103 2030 2399 2088 Bassianus
2418 2034 2520 2090 :-Et
2539 2049 2637 2090 cur
2659 2052 2790 2100 non,
2816 2038 3020 2108 inquit,
3047 2041 3102 2095 in
3134 2043 3390 2106 alterum,
3411 2058 3444 2097 ο
3471 2041 3691 2105 mulier,

2103 2131 2157 2177 te
2189 2125 2470 2180 contulisti
2504 2130 2922 2196 monasterium,
2951 2141 3009 2188 et
3038 2133 3094 2187 in
3122 2134 3270 2204 quod
3307 2135 3438 2190 licet
3470 2133 3682 2204 ingredi

2103 2215 2473 2273 mulieribus?
2506 2217 2599 2274 illa
2629 2229 2813 2276 autem
2835 2238 2959 2276 cum
2994 2239 3051 2278 se
3081 2240 3272 2292 parum
3311 2224 3689 2289 sustinuisset,

2102 2317 2160 2364 et
2189 2307 2442 2363 timorem
2475 2311 2827 2380 excussisset,
2859 2323 2918 2367 ut
2947 2331 3068 2384 qua:
3105 2316 3411 2386 accepisset
3443 2318 3691 2372 occasio-

2104 2415 2228 2455 nem
2259 2399 2450 2456 utcndi
2501 2403 2752 2472 pluribus
2783 2407 2966 2462 verbis
3005 2407 3074 2462 ad
3105 2407 3505 2474 defensionem,
3547 2424 3689 2478 quo-

2102 2492 2269 2546 modo
2320 2508 2407 2548 res
2445 2494 2566 2564 ejus
2611 2511 2672 2551 se
2703 2497 2991 2562 haberent,
3045 2499 3360 2570 singulatim
3392 2501 3685 2569 exposuit:

2103 2582 2250 2650 quod
2279 2585 2478 2638 marito
2501 2585 2724 2655 quidem
2753 2585 2947 2642 fuisset
2975 2587 3222 2658 legitimo
3246 2591 3545 2659 conjuncta
3574 2607 3690 2646 ma-

2103 2672 2390 2741 trimonio,
2423 2685 2479 2729 et
2521 2687 2711 2731 vocata
2740 2687 2886 2732 esset
2925 2689 3102 2734 mater
3151 2681 3316 2733 unius
3352 2679 3513 2745 ﬁliae;
3545 2688 3688 2736 totas

2101 2772 2289 2818 autem
2339 2775 2534 2822 noctes
2582 2778 2902 2825 versaretur
2949 2770 3004 2824 in
3051 2780 3370 2826 sanctorum
3427 2772 3685 2836 coetibus,

2103 2857 2336 2926 etquod
2375 2857 2443 2912 ab
2483 2873 2550 2912 eo
2583 2859 2675 2929 qui
2717 2876 2842 2915 cum
2872 2877 2937 2916 ea
2969 2863 3348 2925 cohabitabat,
3387 2863 3686 2934 aliquando

2103 2945 2326 3016 quidem
2361 2947 2623 3016 minante,
2664 2949 2961 3020 aliquando
3010 2963 3196 3008 autem
3234 2954 3420 3025 plagas
3460 2969 3685 3024 quoque

2104 3039 2435 3105 intentante,
2459 3041 2734 3096 retardata
2763 3042 2956 3098 luisset
2986 3044 3055 3098 ab
3076 3059 3144 3101 eo
3169 3045 3448 3101 desiderio
3473 3055 3530 3101 et
3557 3061 3686 3115 pro.

2028 3170 2070 3226 ε
2104 3130 2307 3200 posito,
2333 3132 2560 3200 etquod
2593 3133 2939 3202 quaesivisset
2969 3135 3211 3206 aliquam
3251 3138 3544 3202 rationem,
3576 3152 3682 3208 qua

2103 3230 2288 3290 posset
2337 3223 2504 3278 latere
2545 3226 2826 3290 maritum,
2867 3235 2920 3280 et
2974 3243 3031 3282 se
3077 3243 3141 3282 ex
3189 3244 3281 3284 sua
3330 3243 3520 3298 gerere
3556 3245 3686 3284 sen-

2104 3312 2293 3366 tentia.
2347 3314 2472 3367 l’ost
2519 3313 2634 3369 haec
2685 3318 3142 3386 persequebatur,
3193 3318 3472 3388 quomodo
3517 3317 3683 3372 ﬁliam

2103 3403 2422 3458 tradidisset
2451 3403 2734 3472 Sosannze,
2768 3416 2823 3462 et
2865 3409 3084 3463 tandem
3111 3409 3297 3462 intulit
3325 3425 3443 3464 eam
3475 3425 3596 3481 qua:
3629 3409 3684 3464 in

2099 3497 2308 3551 somnis
2338 3498 2616 3567 apparuit,
2649 3499 2939 3566 visionem,
2972 3503 3118 3570 quod
3153 3501 3368 3571 fugiens
3403 3502 3685 3567 manuum,

2099 3589 2394 3643 videbatur
2448 3590 2617 3646 luisse
2669 3601 2885 3647 servata
2938 3594 3192 3651 manibus
3243 3595 3680 3649 monachorum.

2100 3679 2255 3746 Quod
2289 3681 2514 3749 quidem
2547 3681 2882 3752 intelligens,
2916 3687 3148 3754 si-ipsam
3185 3689 3418 3744 mulavit
3446 3689 3501 3742 in
3539 3689 3685 3743 hunc
3717 3675 3722 3681 ⁷

2100 3770 2373 3834 habitum,
2408 3771 2528 3840 ipso
2580 3789 2801 3844 quoque
2837 3786 3048 3830 mutato
3083 3777 3326 3834 nomine.
3381 3779 3507 3834 llaec
3557 3795 3683 3834 cum

2098 3862 2367 3916 audiisset
2413 3863 2726 3930 Bassianus,
2777 3875 2832 3920 et
2866 3881 2992 3920 acre
3039 3869 3157 3938 ejus
3197 3870 3479 3939 ingenium
3525 3869 3683 3925 valde

2097 3961 2241 4008 esset
2277 3954 2597 4018 admiratus,
2638 3965 2692 4010 et
2732 3958 3136 4012 considerasset
3169 3961 3518 4029 propositum
3559 3961 3683 4031 ejus

2097 4045 2526 4111 admittendum,
2573 4048 2806 4116 rogavit,
2853 4064 2920 4101 an
2969 4051 3036 4104 de
3081 4061 3282 4106 cmtero
3314 4059 3460 4106 esset
3489 4053 3539 4106 ei
3569 4052 3681 4104 vita

2097 4138 2348 4208 eligenda
2383 4139 2706 4192 monastica.
2739 4137 2875 4194 Cum
2907 4156 2970 4194 ea
3010 4151 3190 4196 autem
3223 4143 3486 4198 dixisset:
3513 4143 3687 4200 Maxi-

2100 4244 2213 4293 me,
2254 4237 2550 4298 propterea
2583 4229 2730 4282 enim
2760 4245 2819 4284 se
2860 4246 2890 4284 a
2936 4233 3161 4299 mundo,
3197 4235 3352 4289 etiis
3393 4251 3516 4304 qua:
3555 4247 3685 4290 sunt

2099 4320 2312 4380 mundi.
2341 4321 2672 4376 recessisse:
2712 4322 2786 4376 De
2821 4333 3022 4378 caetero
3048 4325 3284 4393 conﬁde,
3315 4341 3348 4382 ο
3376 4326 3509 4394 ﬁlia,
3545 4327 3686 4382 dixit

2099 4411 2411 4468 Bassianus.
2442 4413 2510 4467 Et
2537 4429 2660 4468 cum
2693 4428 2756 4468 ea
2785 4415 3027 4471 dedisset
3054 4418 3283 4482 monita,
3317 4434 3440 4488 qua:
3474 4420 3686 4475 sciebat

413 4511 626 4576 τέκνον,
653 4511 905 4582 ἀνάδημα
934 4512 1260 4583 περιθέσθαι
1293 4528 1355 4566 σε
1396 4513 1464 4583 τῇ
1515 4513 1726 4582 κεφαλῇ
1765 4511 1855 4566 διά
1900 4513 1991 4565 τὸν

2104 4504 2148 4558 εἰ
2183 4520 2305 4560 esse
2337 4505 2662 4574 profutura:
2696 4508 2772 4562 De
2797 4517 3019 4575 caetero,
3054 4510 3254 4579 inquit,
3287 4526 3321 4566 ο
3347 4511 3478 4578 ﬁlia,
3512 4527 3682 4582 epor~

413 4601 512 4672 τῆς
547 4600 764 4669 φύσεως
811 4602 973 4673 νόμον
1001 4605 1294 4674 προσήκει,
1351 4602 1682 4672 προσμένειν
1730 4619 1789 4655 τε
1821 4603 1996 4668 οὕτως

411 4693 664 4747 εὐδοκίαν
709 4695 806 4765 τὴν
857 4695 1086 4760 ἀνωθεν,
1121 4698 1218 4750 καὶ
1242 4697 1323 4749 ὅτι
1349 4699 1448 4752 καὶ
1479 4696 1646 4759 αὐτὸς
1676 4696 1746 4751 τά
1787 4696 1994 4752 δυνατά

413 4792 789 4862 συμπράττειν
817 4793 878 4846 ού
903 4793 1246 4864 περιόψεται.

487 4973 588 5029 ιιν.
618 4974 776 5029 Οὕτω
815 4975 880 5048 δὴ
916 4975 1225 5048 τηνικαῦτα
1274 4976 1487 5031 ἐκεῖθεν
1506 4976 1876 5048 διαναστάσης
1897 4978 1996 5033 αῦ-

417 5069 538 5139 τῆς,
568 5071 596 5122 6
626 5070 804 5124 πάντα
851 5070 989 5141 πρὸς
1039 5071 1102 5124 τὸ
1131 5071 1413 5142 συμφέρον
1460 5070 1760 5142 οἰκονομῶν
1791 5072 1995 5144 Κύριος

418 5165 514 5216 καὶ
543 5163 639 5232 τὴν
670 5162 770 5232 τῆς
798 5161 1109 5234 Ματρὼνης
1137 5163 1305 5218 παῖδα
1340 5161 1437 5217 τοῦ
1464 5162 1582 5232 βίου
1617 5163 1873 5236 μεθίστη,
1901 5166 1994 5218 καὶ

415 5257 497 5318 είς
525 5255 718 5311 ἑαυτὸν
756 5257 1230 5328 προσελάμϐανεν,
1263 5257 1350 5310 ῐνα
1393 5255 1468 5328 μὴ
1517 5257 1594 5326 τῷ
1631 5255 1852 5327 πονηρῷ
1906 5256 1997 5324 γέ-

412 5363 556 5400 νοιτο
584 5347 704 5402 κατ’
738 5348 913 5418 αὐτῆς
939 5348 1186 5420 ἀφορμὴ,
1207 5351 1303 5404 καὶ
1324 5347 1398 5409 ὡς
1421 5349 1523 5419 ἥδη
1555 5347 1994 5416 διαγνωσθεῖσαν

408 5438 490 5491 ὃτι
512 5439 648 5510 γυνὴ
674 5435 761 5512 ἦν,
787 5443 852 5512 τῇ
894 5442 1170 5512 προφάσει
1200 5442 1300 5508 τῆς
1335 5443 1463 5507 περὶ
1496 5440 1595 5512 τὴν
1629 5441 1796 5494 παῖδα
1833 5457 1996 5511 φρον-

408 5531 574 5596 τίδος,
609 5534 718 5587 ἀπὸ
743 5533 844 5605 τῆς
875 5534 1151 5606 θειοτέρας
1211 5532 1383 5605 αὐτὴν
1417 5534 1651 5602 κατάγοι
1696 5535 1989 5606 μερίμνης,

411 5626 506 5678 καὶ
535 5628 600 5694 τῇ
634 5626 848 5697 διανοίᾳ⁸
878 5627 1079 5697 ταύτης
1109 5627 1407 5696 λογισμοὺς
1443 5626 1707 5700 ὲνσπείρῃ
1748 5627 1874 5691 τοὺς
1906 5644 1995 5680 κο-

411 5718 667 5782 σμικούς.
699 5720 866 5774 Ὅθεν
891 5722 949 5772 οὐ
978 5719 1198 5784 πένθος,
1225 5717 1341 5772 ἀλλ’
1372 5719 1568 5790 ἡδονὴν
1594 5721 1688 5774 ἐπὶ
1711 5719 1788 5789 τῷ
1820 5718 1993 5790 πράγ-

412 5827 545 5884 ματι
579 5814 1018 5887 προσελάμϐανε,
1053 5815 1115 5868 τὸ
1152 5811 1399 5885 πραχθὲν
1421 5813 1521 5868 οὐκ
1553 5811 1827 5883 ἀποϐολὴν
1850 5814 1994 5868 τιθε-

2109 4602 2188 4650 tct
2237 4603 2288 4650 te
2321 4595 2512 4652 vittam
2557 4605 2648 4651 tuo
2695 4599 2860 4670 capiti
2908 4602 3190 4670 imponere
3238 4612 3466 4672 propter
3508 4603 3682 4673 legem

2103 4694 2333 4750 naturae,
2376 4695 2432 4741 et
2475 4686 2556 4740 sic
2583 4703 2878 4758 supernam
2927 4702 3248 4760 exspectare
3295 4694 3681 4756 vocationem;

2103 4793 2206 4833 nec
2231 4794 2292 4833 se
2318 4793 2379 4834 ea
2403 4779 2545 4836 dixit
2572 4782 2971 4851 neglecturum,
2996 4799 3117 4854 quae
3139 4784 3206 4839 ad
3235 4799 3393 4854 opem
3421 4784 3472 4838 ei
3504 4784 3686 4836 feren-

2103 4869 2228 4926 dam
2261 4873 2565 4941 pertinent.

2175 4984 2269 5039 Xl.
2300 4985 2436 5040 Cum
2471 4989 2585 5057 ipsa
2613 4988 2692 5045 sic
2743 4998 2874 5046 tunc
2903 4991 3057 5046 illinc
3100 4993 3447 5059 recessisset,
3490 4993 3681 5049 Domi-

2104 5091 2231 5141 nus,
2262 5078 2358 5147 qui
2397 5081 2582 5135 omnia
2627 5081 2918 5151 dispensat
2957 5084 3028 5140 ad
3079 5085 3132 5139 id
3169 5086 3318 5155 quod
3373 5095 3460 5142 est
3518 5088 3679 5152 utile,

2103 5169 2276 5224 ﬁliam
2310 5169 2574 5227 Matronae
2600 5173 2731 5228 fecit
2760 5190 2790 5229 e
2821 5175 2932 5230 vita
2957 5177 3252 5242 excedere,
3281 5187 3339 5233 et
3375 5178 3441 5232 ad
3484 5193 3544 5234 se
3593 5193 3686 5233 as-

2103 5262 2362 5332 sumpsit,
2395 5278 2463 5318 ne
2493 5263 2765 5320 adversus
2795 5266 2968 5334 ipsam
2993 5277 3142 5323 esset
3167 5269 3410 5339 maligno
3436 5272 3678 5333 occasio,

2101 5359 2159 5408 et
2191 5368 2255 5408 ue
2284 5369 2407 5408 eam
2436 5355 2732 5424 quamjam
2769 5357 3049 5426 cegnitum
3105 5367 3254 5413 esset
3312 5374 3437 5414 esse
3484 5362 3682 5416 mulie-

2107 5461 2248 5506 rem,
2285 5456 2551 5514 praetextu
2585 5464 2732 5504 cura:
2765 5456 3021 5520 gerenda:
3049 5453 3116 5508 de
3153 5455 3284 5519 ﬁlia,
3323 5471 3352 5509 ι
3402 5457 3680 5513 diviniore

2103 5538 2409 5593 deduceret
2441 5541 2842 5610 sollicitudine,
2890 5557 2942 5601 et
2982 5548 3035 5602 in
3067 5549 3189 5619 ejus
3226 5551 3413 5604 animo
3445 5552 3682 5607 munda-

2104 5645 2201 5684 nas
2244 5629 2514 5686 insereret
2538 5634 2921 5703 cogitationes.
2962 5641 3330 5706 Quamobrem
3382 5659 3490 5698 non
3524 5643 3680 5700 dolo-

2104 5736 2246 5786 rem,
2273 5723 2368 5778 sed
2403 5723 2739 5796 voluptatem
2779 5744 2846 5782 ex
2877 5745 2940 5785 ea
2974 5748 3033 5788 re
3083 5735 3298 5805 accepit
3335 5753 3351 5790 :
3411 5737 3557 5807 quod
3602 5737 3681 5794 la-

2103 5821 2254 5870 etum
2279 5825 2416 5886 erat,
2441 5833 2551 5874 non
2586 5835 2708 5878 esse
2730 5829 2981 5883 statuens
3017 5826 3140 5886 lilia:
3171 5827 3554 5891 amissionem.
3581 5831 3678 5888 sed
