4126 6382
513 353 617 418 931
984 413 989 418 ,
1650 335 2043 398 ADDENDA.
2083 358 2149 369 -ρ
2186 329 2629 391 NOVEMBER.
3667 321 3783 385 9:13

517 484 548 522 a
588 463 742 520 curis
763 463 830 517 de
855 475 918 516 ea
944 457 1218 528 susceptis
1253 456 1666 518 liberationem,
1688 464 1746 508 et
1774 467 1963 508 earum
1995 451 2093 506 de-

2206 451 2334 518 μένη
2401 448 2628 508 παιδὸς,
2683 443 2819 497 ἀλλά
2869 443 2978 496 τῶν
3034 445 3164 513 περὶ⁹
3219 439 3421 510 ταύτην
3473 440 3785 510 φροντίδων

517 559 875 630 positionem.
901 553 1022 623 Ipsa
1047 568 1182 622 ergo
1204 550 1415 605 latebat
1459 549 1604 619 apud
1638 549 1970 609 Sosannam,
1998 554 2094 599 aut

2206 539 2516 605 Ξιπαλλαγὴν
2565 540 2658 591 καὶ
2710 536 2992 589 ἀπόθεσιν.
3041 533 3382 604 Ἐκρύπτετο
3423 532 3602 585 τοίνυν
3636 531 3780 601 αῦτη

517 626 664 704 heus
718 647 905 716 potius
954 659 1072 698 eam
1118 641 1374 696 servabat
1408 655 1506 709 per
1542 640 1870 694 Sosannam.
1927 637 2095 691 Fama

2206 633 2346 702 παρά
2374 631 2651 702 Σωσάννῃ,
2679 629 2881 698 μᾶλλον
2913 629 2968 682 δὲ
3004 629 3032 680 ό
3054 627 3189 691 Θεὸς
3215 627 3304 679 διὰ
3335 626 3623 695 Σωσάννης
3647 626 3784 678 ταύ-

519 751 728 804 autem,
752 754 816 792 ea
851 752 970 807 quae
1004 735 1073 790 ab
1100 737 1213 806 ipsa
1241 737 1381 788 facta
1412 742 1589 796 erant,
1636 733 1845 801 ubique
1874 745 2094 784 annun-

519 831 716 894 tiabat,
759 839 816 883 ct
850 829 939 882 hic
969 837 1124 882 actus
1146 827 1212 880 ad
1247 840 1409 880 aures
1443 824 1686 878 omnium
1711 821 2093 891 permanabat.

518 925 640 991 Quo
671 923 876 976 factum
911 930 1019 985 est,
1053 929 1112 974 ut
1150 920 1383 973 maritus
1408 919 1530 988 ejus
1579 915 1924 970 Domitianus
1959 929 2093 984 pau-

516 1014 671 1068 latim
697 1027 906 1066 venans
933 1011 1250 1072 veritatem,
1273 1018 1334 1062 ut
1371 1009 1464 1078 qui
1508 1024 1617 1062 non
1653 1015 1923 1062 cessasset
1963 1022 2096 1059 uxo-

515 1120 633 1159 rem
667 1120 820 1158 suam
846 1103 1207 1173 investigare,
1247 1111 1538 1170 postquam
1564 1100 1776 1168 reliqua
1813 1099 1954 1154 obiit
1978 1115 2096 1152 mo-

516 1196 784 1260 nasteria,
822 1196 889 1249 ad
925 1195 1060 1249 illud
1094 1209 1316 1266 quoque
1343 1194 1514 1256 venit,
1566 1193 1620 1246 in
1649 1206 1758 1261 quo
1803 1191 1960 1246 beata
1996 1190 2097 1244 fuit

517 1295 757 1351 versata,
790 1285 1058 1355 quasdam
1095 1302 1206 1340 non
1233 1299 1521 1355 expressas
1565 1293 1622 1339 et
1659 1284 1951 1338 indecoras
1997 1298 2093 1338 vo-

517 1393 610 1432 ces
642 1394 754 1446 prae
786 1379 864 1432 ira
897 1379 1180 1444 emittens,
1233 1378 1546 1446 importune
1590 1377 1739 1431 fores
1774 1377 2000 1446 pulsans
2031 1384 2089 1431 et

518 1471 818 1533 insultans,
875 1471 1112 1524 dicendo
1169 1487 1184 1524 :
1241 1471 1501 1536 Quaenam
1543 1483 1628 1524 est
1673 1485 1737 1524 ea
1777 1469 1883 1531 vis,
1930 1484 2095 1538 quam

524 1559 662 1611 mihi
695 1559 1006 1613 attulistis?
1047 1560 1307 1624 Quaenam
1349 1569 1435 1614 est
1469 1561 1586 1618 haec
1622 1574 1816 1629 magna
1851 1559 2099 1630 injuria?

521 1649 758 1706 Pulchra
786 1660 957 1718 certe,
983 1668 1016 1705 o
1045 1652 1328 1715 monachi,
1357 1653 1589 1722 pulchra
1621 1660 1751 1708 sunt
1773 1652 2096 1718 admodum,

519 1761 640 1815 quae
680 1761 708 1799 a
735 1745 891 1800 vobis
919 1746 1060 1800 facta
1095 1755 1250 1800 sunt.
1282 1745 1394 1800 Cur
1433 1760 1553 1809 eos,
1591 1746 1684 1814 qui
1711 1755 1841 1800 sunt
1865 1745 2099 1814 pulchre

519 1836 824 1905 conjuncti,
873 1851 970 1890 vos
1018 1837 1162 1890 male
1211 1836 1378 1890 vultis
1431 1835 1716 1891 dividere?
1771 1835 1905 1890 Date
1965 1834 2096 1889 mihi

523 1943 699 1982 meam
735 1931 862 1982 vitae
894 1928 1126 1982 sociam.
1161 1929 1304 1983 .Datc
1329 1943 1474 1994 eam,
1497 1943 1620 1997 qua:
1662 1935 1746 1982 est
1779 1927 1914 1981 mihi
1963 1941 2101 1982 con-

515 2019 704 2091 juncta
741 2021 978 2090 legibus.

595 2109 711 2164 Xll.
742 2111 866 2165 llree
893 2121 947 2165 et
979 2112 1046 2166 iis
1081 2111 1262 2180 plura,
1315 2109 1594 2166 desiderio
1623 2111 1803 2166 victus
1832 2121 1884 2166 et
1929 2111 2098 2166 animi

519 2204 879 2273 aegritudine,
907 2219 1042 2258 voce
1075 2207 1384 2272 interrupta
1419 2221 1450 2258 a
1497 2204 1710 2270 dolore,
1744 2205 2096 2260 exclamavit.

523 2299 750 2352 Audivit
785 2308 968 2352 autem
1003 2298 1070 2352 ab
1097 2299 1227 2367 ipsis
1262 2314 1276 2351 :
1304 2299 1414 2352 Nos
1445 2313 1671 2352 uxorem
1700 2298 1920 2368 quidem
1949 2307 2098 2352 tuam

519 2403 634 2442 non
665 2389 981 2457 accepimus
1043 2389 1245 2460 (neque
1295 2391 1442 2443 enim
1479 2390 1558 2445 fas
1609 2400 1694 2445 est
1728 2390 1944 2444 feminae
1978 2405 2103 2460 per-

523 2482 743 2536 mittere
798 2481 1107 2551 ingressum
1176 2482 1232 2536 in
1293 2483 1741 2552 monasterium),
1781 2483 2099 2538 eunuchum

522 2583 708 2628 autem
765 2572 1060 2642 quemdam
1109 2577 1467 2637 monachum,
1515 2575 1744 2628 nomine
1815 2573 2099 2645 Babylam,

521 2664 730 2720 scimus
779 2663 962 2733 aliquo
1017 2673 1264 2734 tempore
1324 2665 1616 2719 nobiscum
1671 2666 1842 2720 vitam
1893 2665 2098 2736 egisse,

522 2756 727 2812 deinde
773 2766 1003 2826 repente
1040 2765 1314 2810 mutatum
1349 2758 1612 2814 statuisse
1657 2758 1933 2829 proﬁcisci
1973 2759 2099 2814 Hie-

523 2856 815 2922 rosolyma.
853 2849 992 2904 Eum
1021 2864 1154 2920 ergo
1210 2864 1334 2904 cum
1387 2849 1619 2905 haberet
1681 2853 1824 2906 hanc
1881 2866 2101 2906 causam

525 2955 756 3010 peregre
794 2939 1210 3010 proﬁciscendi,
1253 2939 1442 2994 multis
1486 2951 1614 2995 ante
1649 2940 1850 2996 diebus
1877 2957 1907 2994 a
1944 2943 2103 2996 nobis

525 3032 1263 3103 discessissemognovimus.
1295 3034 1532 3090 Ubinam
1585 3043 1771 3088 autem
1815 3049 1962 3088 nunc
2005 3033 2102 3088 de-

524 3132 636 3194 gat,
669 3125 747 3178 illi
787 3125 889 3180 soli
921 3126 1154 3179 omnino
1183 3135 1267 3179 est
1295 3127 1600 3195 cognitum,
1627 3127 1784 3196 cujus
1810 3126 1984 3180 oculis
2015 3126 2098 3180 ni-

521 3217 603 3270 hil
636 3226 722 3270 est
759 3217 906 3286 quod
947 3233 1057 3271 non
1093 3217 1266 3286 possit
1323 3217 1517 3286 aspici.
1555 3217 1712 3282 Quod
1757 3227 1942 3272 autem
1985 3218 2100 3273 hrec

525 3321 656 3360 vera
689 3306 822 3372 sint,
851 3309 1146 3361 testabitur
1193 3306 1487 3362 universus
1542 3307 1780 3377 populus
1837 3309 2098 3364 civitatis.

526 3393 654 3448 Haec
681 3410 807 3448 cum
840 3396 1146 3450 audivisset
1194 3397 1566 3460 Domitianus,
1597 3406 1653 3450 et
1684 3397 1984 3453 frustratus
2011 3416 2100 3454 es-

523 3494 610 3540 set
641 3497 822 3555 σαιριο
851 3502 963 3542 sua:
991 3487 1393 3556 inquisitionis,
1422 3497 1476 3542 et
1525 3489 1674 3542 omni
1725 3490 1955 3557 pulchra
1989 3493 2104 3561 pri-

530 3585 688 3631 vatus
724 3577 1037 3642 occasione,
1083 3591 1140 3632 se
1173 3578 1421 3631 vertebat
1454 3579 1508 3632 in
1553 3591 1774 3634 omnem
1834 3582 2099 3650 speciem,

526 3670 674 3737 quod
711 3685 798 3724 res
820 3671 869 3724 ei
901 3685 1012 3723 non
1063 3669 1351 3732 cessisset,
1397 3683 1455 3723 se
1490 3671 1838 3738 excrucians,
1876 3686 2104 3745 propter

527 3759 708 3814 zelum
767 3761 1035 3825 irascens,
1087 3770 1311 3830 propter
1357 3762 1479 3832 ejus
1534 3777 1778 3817 amorem
1843 3765 2102 3823 incitatus

528 3852 854 3921 cupiditate.
892 3855 1072 3923 Atque
1100 3854 1191 3907 ille
1233 3855 1457 3923 quidem
1495 3855 1576 3910 sic
1611 3857 1862 3924 recessit,
1905 3858 2104 3914 distra»

530 3954 656 3998 etus
680 3945 768 4001 his
794 3946 965 4000 animi
1002 3946 1540 4015 perturbationibus.

606 4035 743 4091 Xlll.
779 4037 1101 4090 Bassianum
1139 4046 1324 4092 autem
1353 4039 1558 4094 invasit
1593 4055 1789 4110 agmen
1820 4056 2100 4110 curarum,

526 4142 599 4181 ne
628 4127 890 4182 Matrona
924 4128 1128 4194 anima,
1165 4144 1286 4198 qua:
1333 4131 1452 4200 ejus
1500 4131 1623 4186 ﬁdei
1653 4133 1946 4188 commissa
1981 4135 2104 4190 fue-

529 4228 634 4284 rat,
668 4235 796 4274 vere
827 4220 1092 4274 subiisset
1126 4221 1433 4285 interitum,
1458 4231 1513 4276 et
1541 4239 1664 4277 cum
1687 4239 1783 4279 eos
1817 4228 2104 4282 accersiis-

526 4320 635 4372 set,
661 4313 755 4380 qui
784 4312 979 4366 ordine
1007 4313 1249 4382 quodam
1283 4317 1632 4384 erant-primi
1662 4319 2060 4374 monachorum
2086 4337 2100 4376 :

533 4402 650 4465 Est,
710 4405 909 4472 inquit,
963 4405 1125 4460 nobis
1160 4406 1396 4473 amplius
1445 4408 1908 4464 considerandum
1940 4411 2007 4467 de
2037 4428 2101 4468 ea

2194 742 2296 795 την
2319 723 2637 793 ἐφύλαττεν.
2662 721 2724 774 'll
2749 723 2904 791 φήμη
2922 720 2978 774 δέ
3004 721 3073 773 τὰ
3095 720 3237 773 κατὰ
3258 718 3464 790 ταύτην
3483 719 3783 787 ἀπανταχῆ

2201 816 2511 888 διήγγελλε,
2543 819 2636 870 καὶ
2663 815 2751 867 διά
2787 814 2970 882 πάσης
3001 812 3198 883 ἐχώρει
3244 813 3343 880 τῆς
3374 812 3541 883 ἀκοῆς
3569 811 3639 864 τὰ
3682 809 3783 864 τοῦ

2197 912 2496 984 δράματος.
2555 910 2671 977 Ἀφ’
2722 904 2789 980 ἦς
2824 911 2920 962 καὶ
2963 905 3292 975 Δομετιανὸς
3325 905 3587 975 ὁταύτης
3636 906 3783 975 ἀνὴρ

2198 1004 2342 1059 κατὰ
2372 1003 2567 1073 μικρὸν
2603 1002 2850 1072 θηρεύων
2879 1003 2976 1070 τὴν
3001 1000 3107 1051 τῶν
3151 1000 3460 1068 γενομένων
3492 998 3782 1068 ἀλήθειαν,

2199 1099 2294 1152 an
2337 1097 2412 1166 μὴ
2443 1097 2797 1164 παυσάμενος
2827 1094 2895 1146 τὰ
2936 1094 3063 1162 περὶ
3089 1093 3188 1161 τῆς
3211 1092 3469 1160 γυναικὸς
3500 1094 3601 1160 τῆς
3641 1092 3783 1154 ιδίας

2204 1191 2539 1261 ίχνηλατεῖν,
2571 1188 2708 1258 μετὰ
2729 1188 2789 1240 τὸ
2822 1189 2912 1241 καὶ
2941 1187 3009 1238 τὰ
3036 1185 3201 1239 λοιπά
3227 1185 3532 1252 περιελθεῖν
3558 1202 3783 1254 φροντι-

2201 1282 2398 1350 στήρια
2429 1281 2526 1333 κού⁵
2556 1279 2643 1330 ἐπ’
2679 1279 2858 1330 ἐκεῖνο
2886 1276 3018 1330 ἔνθα
3052 1279 3081 1342 ἡ
3141 1275 3390 1345 μακαρία
3415 1276 3664 1347 διέτριψε
3696 1276 3786 1344 γί-

2201 1388 2372 1436 νεται,
2395 1371 2642 1440 ἀσήμους
2667 1370 2820 1432 τινας
2847 1369 2951 1421 ὑπὸ
2979 1366 3154 1437 θυμοῦ
3177 1370 3272 1421 καὶ
3291 1367 3570 1436 ἀκόσμους
3595 1367 3786 1436 φωνὰς

2201 1465 2382 1530 ἀφιεὶς
2417 1461 2737 1531 θυροκοπῶν
2764 1479 2824 1514 τε
2848 1460 3097 1532 ἀκαίρως
3118 1462 3212 1514 καὶ
3237 1460 3660 1530 θρασυνόμενος,
3681 1459 3783 1523 Τίς

2202 1560 2235 1628 ή
2263 1560 2388 1629 περὶ
2419 1556 2544 1626 ἐμὲ,
2586 1556 2780 1623 λέγων,
2809 1555 2924 1626 βία,
2956 1555 3008 1607 τί
3039 1555 3100 1607 τὸ
3135 1553 3284 1625 μέγα
3310 1553 3469 1606 τοῦτο
3491 1553 3781 1622 ἀδίκημας

2202 1647 2361 1703 Καλά
2384 1664 2469 1716 γε,
2502 1641 2548 1701 ὦ
2582 1649 2833 1717 μοναχοἚ,
2861 1646 3001 1700 καλά
3025 1645 3143 1700 λίαν
3169 1646 3238 1700 τά
3266 1646 3394 1717 παρ’
3430 1632 3587 1716 ὑμῶν
3629 1646 3786 1714 γενό-

2207 1754 2367 1806 μενα.
2402 1737 2520 1790 Ἵνα
2543 1737 2596 1789 τί
2630 1737 2754 1802 τοὺς
2785 1737 2968 1801 καλῶς
2998 1737 3369 1806 συναφθέντας
3394 1737 3548 1805 ὑμεῖς
3598 1735 3783 1800 καλῶς

2203 1827 2434 1898 διαιρεῖν
2461 1826 2754 1895 βούλεσθε;
2786 1827 2915 1880 Δότε
2951 1845 3040 1898 μοι
3073 1828 3322 1880 σύνοικον
3342 1827 3441 1899 τὴν
3461 1827 3624 1898 ἐμήν·
3655 1827 3781 1880 δότε

2201 1920 2300 1991 τὴν
2328 1921 2470 1974 κατά
2494 1920 2696 1988 νόμους
2722 1920 2848 1990 ἐμοὶ
2868 1906 3259 1988 συναφθεῖσαν.

2274 2097 2570 2154 1Β’.Ταῦτα
2586 2096 2684 2151 καὶ¹
2703 2096 2928 2150 πλείονα
2950 2095 3156 2150 τούτων
3177 2095 3324 2165 πόθῳ
3345 2093 3495 2147 κινού
3505 2111 3663 2164 μενος
3689 2097 3786 2149 καὶ

2202 2193 2444 2262 ἀθυμίας
2473 2191 2790 2262 ἡττώμενος
2824 2189 2920 2244 καὶ
2956 2191 3054 2260 τὴν
3086 2191 3272 2260 φωνὴν
3301 2189 3406 2242 ὑπὸ
3453 2189 3546 2241 τοῦ
3572 2189 3784 2250 πάθους

2203 2284 2611 2352 ἐγκοπτόμενος
2651 2281 2864 2347 ἐξεϐόα.
2926 2283 3168 2334 Ἤκουσε
3214 2280 3270 2333 δὲ
3317 2280 3449 2350 παρ’
3475 2280 3676 2343 αὐτῶν,
3709 2279 3780 2342 ὡς

2213 2377 2408 2446 Ἡμεῖς
2444 2377 2542 2444 μὲν
2595 2377 2835 2443 γυναῖκα
2883 2374 2984 2426 ούκ
3035 2372 3468 2441 είσδεδέγμεθα⁴
3508 2372 3642 2441 μηδὲ
3672 2372 3786 2440 γὰρ

2202 2461 2346 2519 εἶναι
2380 2465 2603 2534 θεμιτὸν
2623 2468 2687 2534 τῇ
2722 2467 2855 2535 μονῇ
2886 2464 3136 2532 γυναιξὶν
3160 2463 3412 2534 ἐφεῖσθαι
3434 2463 3531 2534 τὴν
3553 2463 3782 2518 εἴσοδον·

2205 2559 2464 2628 εὐνοῦχον
2488 2559 2546 2612 δέ
2593 2575 2716 2610 τινα
2749 2558 2984 2628 μοναχὸν
3011 2557 3262 2612 Βαϐύλαν
3282 2557 3427 2610 οὕτω
3444 2556 3787 2625 καλούμενον

2203 2654 2363 2722 ῖσμεν
2395 2650 2488 2703 ἐπ)⁵
2543 2651 2739 2721 καιροῦ
2768 2667 2913 2714 τινος
2964 2651 3062 2720 τὴν
3099 2651 3314 2721 σύναμα
3345 2653 3478 2722 ἡμῖν
3503 2650 3784 2719 διαγωγὴν

2205 2745 2598 2814 ποιησάμενον,
2631 2739 2752 2797 εἶτα
2786 2743 3005 2815 ἀθρόως
3037 2744 3440 2814 μεταϐάλλοντα
3467 2745 3566 2814 τὴν
3598 2743 3695 2795 ἐπὶ
3716 2741 3786 2796 τὰ

2215 2835 2570 2907 Ἱεροσόλυμα
2611 2835 3010 2905 βουλεύσασθαι
3043 2838 3407 2908 πορευθῆναι.
3454 2837 3656 2890 Τοῦτον
3686 2832 3783 2888 οὖν

2202 2925 2458 2997 τοιαύτην
2508 2928 2702 2996 ἔχοντα
2761 2930 2858 2998 τῆς
2901 2931 3215 3002 ἀποδημίας
3262 2929 3521 2984 ὑπόθεσιν
3573 2931 3637 2982 ού
3674 2931 3783 2998 πρὸ

2205 3019 2417 3073 πολλῶν
2443 3020 2648 3074 τούτων
2677 3021 2790 3073 τῶν
2822 3023 3045 3093 ήμερῶν
3068 3022 3163 3092 ἀφ’
3193 3023 3351 3093 ήμῶν
3376 3021 3669 3076 διαστάντα
3690 3039 3783 3088 γι-

2207 3111 2510 3181 νώσκομεν.
2554 3113 2728 3165 Ὅπου
2764 3114 2822 3166 δὲ
2854 3116 2954 3180 νῦν
2975 3115 3152 3183 διάγει
3189 3117 3335 3186 μόνῳ
3384 3117 3604 3178 πάντως
3638 3132 3782 3182 γνω-

2208 3202 2332 3255 στὸν
2361 3196 2422 3257 οὗ
2469 3204 2634 3274 μηδὲν
2671 3207 2785 3267 τοῖς
2838 3206 3135 3276 ὀφθαλμοῖς
3173 3208 3503 3279 ἀθεώρητον.
3567 3209 3689 3263 Ὀτι
3724 3209 3780 3261 δὲ

2205 3295 2383 3366 ἀληθῆ
2434 3298 2607 3351 ταῦτα
2665 3301 3068 3370 μαρτυρήσειεν
3103 3301 3170 3354 ἂν
3223 3302 3316 3355 καὶ
3345 3303 3404 3355 τὸ
3432 3304 3542 3355 πᾶν
3577 3303 3782 3372 πλῆθος

2203 3393 2304 3459 τῆς
2329 3391 2556 3453 πόλεως.
2616 3391 2835 3445 Τούτων
2865 3392 3100 3456 ἀκούσας
3132 3394 3160 3445 ὁ
3187 3393 3517 3462 Δομετιανὸς
3558 3397 3651 3446 καὶ
3680 3395 3780 3462 τῆς

2204 3485 2336 3554 περὶ
2355 3484 2453 3554 τὴν
2478 3484 2703 3554 ζήτησιν
2733 3485 3130 3555 ἀποκρουσθεὶς
3161 3485 3528 3557 ἐγχειρήσεως
3549 3486 3783 3554 εὐπροσ-

2204 3576 2354 3630 ώπου
2383 3593 2442 3628 τε
2470 3579 2653 3646 πάσης
2670 3577 2925 3647 ἀφορμῆς
2942 3577 3245 3648 στερηθεὶς,
3269 3580 3520 3639 παντοῖος
3546 3579 3776 3643 ἐγίνετο,

2202 3669 2292 3722 διὰ
2320 3669 2420 3739 τὴν
2448 3671 2745 3740 ἀποτυχίαν
2801 3671 3123 3740 ἀνιώμενος,
3156 3671 3244 3725 διὰ
3269 3673 3359 3724 τὸν
3394 3670 3552 3740 ζῆλον
3578 3671 3780 3740 θυμούο

2209 3778 2390 3832 μενος,
2445 3761 2534 3816 διὰ
2581 3764 2642 3815 τὸ
2703 3763 2836 3834 πρὸς
2878 3762 3047 3835 αὐτὴν
3086 3765 3305 3834 φίλτρον
3337 3765 3432 3833 τὴν
3487 3765 3778 3833 ἐπιθυμίαν

2206 3855 2604 3926 ἐρεθιζόμενος.
2648 3855 2888 3919 Ἐκεῖνος
2921 3858 3021 3928 μέν
3066 3854 3159 3911 οῦν
3183 3857 3358 3920 οὕτως
3407 3857 3571 3928 ἀπῄει
3602 3856 3776 3910 τοιού-

2205 3961 2318 4007 τοις
2353 3946 2547 4000 πάθεσι
2587 3946 2962 4016 μεριζόμενος.

2278 4041 2374 4094 1Γ’.
2414 4039 2506 4110 Τῷ
2552 4041 2607 4092 δὲ
2639 4040 2885 4110 Βασιανῷ
2917 4041 3214 4110 φροντίδων
3249 4041 3527 4093 ἐπετίθετο
3571 4040 3774 4110 σμῆνος

2205 4131 2354 4194 ὅπως
2397 4133 2464 4201 ἢν
2520 4131 2815 4200 ἐπιστεύθη
2864 4133 2962 4200 τῆς
2991 4132 3295 4200 Ματρώνης
3343 4131 3544 4202 ψυχὴν,
3577 4133 3650 4202 μὴ
3677 4133 3775 4199 τὴν

2205 4221 2372 4282 ὅντως
2412 4223 2691 4274 ἀπώλειαν
2721 4221 2950 4290 ύποστῇ,
2982 4222 3074 4272 καὶ
3129 4221 3618 4290 μεταστειλάμενος
3651 4223 3774 4283 τοὺς

2205 4313 2357 4377 τάξει
2390 4316 2498 4366 τινί
2552 4312 2802 4383 πρώτους
2853 4313 2960 4366 τῶν
3017 4312 3266 4384 μοναχῶν
3299 4315 3356 4366 ἐν
3389 4314 3609 4376 πλείονι,
3634 4315 3776 4365 Σκε-

2208 4409 2369 4460 πτέον
2399 4407 2552 4477 ἡμῖν,
2585 4407 2759 4475 ἔλεγε,
2787 4406 2916 4477 περὶ
2948 4407 3044 4476 τῆς
3072 4406 3371 4476 διαστάσης
3421 4406 3578 4476 ήμῶν
3622 4406 3774 4459 ἀδελ-

529 4510 654 4564 qua:
701 4510 730 4547 a
769 4496 928 4549 nobis
957 4497 1238 4560 discessit,
1276 4513 1488 4552 sorore.
1525 4500 1658 4552 Nam
1689 4502 1792 4555 etsi
1819 4520 1951 4558 sexu
1987 4516 2101 4560 erat

2213 4504 2336 4571 φῆς.
2368 4502 2428 4553 ΕΞ
2456 4500 2563 4570 γὰρ
2591 4503 2684 4553 καὶ
2712 4503 2811 4570 τὴν
2869 4500 3031 4568 φύσιν
3060 4500 3221 4568 ἐτὲρα
3249 4517 3333 4562 τις
3367 4496 3454 4571 ἦν,
3486 4501 3600 4553 ἀλλ’
3632 4501 3779 4552 ἐπεξ-

529 4589 751 4642 diversa
788 4606 801 4642 :
840 4589 1106 4657 quoniam
1137 4599 1316 4644 tamen
1351 4590 1404 4644 in
1436 4601 1689 4645 nostrum
1716 4598 1956 4664 ascripta
1985 4608 2106 4652 erat

531 4681 821 4745 circulum,
857 4690 1075 4750 oportet
1108 4681 1425 4738 existimare
1475 4685 1704 4739 membri
1747 4688 2103 4758 ablutionem,

528 4772 654 4842 ejus
701 4789 822 4841 qua:
851 4773 991 4827 facta
1027 4782 1111 4827 est
1144 4789 1174 4826 a
1223 4774 1409 4841 nobis,
1441 4775 1892 4844 disjunctionem.
1931 4781 2004 4836 De
2037 4783 2106 4838 iis

534 4879 665 4930 ergo
699 4879 820 4932 quae
848 4865 915 4916 ad
942 4865 1116 4933 ipsam
1152 4866 1452 4933 pertinent.
1487 4871 1911 4937 constituamus,
1948 4883 2007 4927 ut
2038 4876 2105 4929 ad

534 4953 739 5008 bonum
774 4955 938 5009 linem
969 4956 1278 5025 perveniat,
1314 4974 1380 5011 ne
1432 4959 1724 5029 malignus,
1755 4973 1812 5018 et
1841 4965 1936 5032 qui
1964 4982 2104 5035 quo-

538 5047 674 5100 tidie
730 5048 891 5100 nobis
936 5047 1251 5110 insidiatur,
1293 5049 1412 5117 ejus
1447 5060 1670 5118 superet
1717 5057 2104 5121 constantiam,

534 5148 666 5207 apto
688 5139 756 5191 ad
789 5138 1016 5193 insidias
1058 5139 1428 5194 instrumento
1462 5154 1623 5196 utens
1676 5145 1894 5199 marito.
1929 5146 2108 5217 Atque

537 5229 619 5284 sic
645 5229 870 5298 quidem
897 5231 1118 5286 dicebat
1165 5231 1488 5297 Bassianus,
1517 5233 1574 5287 in
1619 5239 1894 5290 communi
1931 5243 2110 5307 posita

535 5321 963 5378 deliberatione.
999 5324 1286 5378 Marcellus
1337 5335 1520 5379 autem
1553 5327 1797 5396 quidem,
1835 5338 1966 5383 tunc
1998 5331 2113 5385 dia-

539 5429 735 5476 conus,
783 5415 927 5470 hanc
963 5415 1104 5470 dixit
1133 5419 1489 5485 sententiam,
1539 5418 1593 5472 in
1650 5419 1845 5474 Emesa
1887 5422 2110 5478 civitate

541 5505 656 5573 (ille
695 5507 840 5557 enim
876 5520 943 5558 ex
968 5520 1032 5559 ea
1058 5514 1178 5559 erat
1214 5505 1387 5574 ortus)
1422 5507 1609 5561 dicens
1661 5523 1782 5564 esse
1831 5523 2111 5568 monaste-

541 5597 684 5649 rium
725 5597 1040 5663 mulierum,
1067 5596 1122 5651 in
1151 5612 1263 5666 quo
1293 5601 1457 5652 etiam
1503 5614 1662 5654 suam
1696 5617 1942 5657 sororem
1988 5620 2110 5660 esse

542 5703 707 5740 uuam
736 5705 804 5743 ex
849 5689 916 5742 iis
955 5704 1077 5758 quae
1101 5701 1444 5745 exercentur.
1485 5691 1541 5746 Si
1577 5708 1711 5762 ergo
1759 5693 1858 5749 tibi
1907 5696 2109 5765 placet,

541 5781 612 5836 ad
639 5779 693 5834 id
730 5781 1002 5837 mittatur.
1053 5779 1144 5839 Sic
1193 5782 1339 5837 enim
1377 5781 1566 5840 licebit
1591 5799 1779 5842 curam
1809 5785 1876 5843 dc
1903 5802 1967 5844 ea
2010 5788 2109 5844 de-

2216 4610 2321 4662 περ
2357 4593 2629 4662 ἐνεγράφη
2657 4593 2841 4660 κύκλῳ
2871 4592 2948 4661 τῷ
2981 4591 3101 4644 καθ’
3133 4593 3300 4662 ἡμᾶς,
3338 4591 3531 4660 μέλους
3553 4591 3779 4659 ἀφαίρε-

2217 4701 2298 4736 σιν
2325 4683 2632 4750 λογίζεσθαι
2661 4681 2740 4734 δεῖ
2786 4680 2884 4752 τὴν
2914 4681 3008 4750 ἀφ’
3057 4681 3214 4752 ἡμῶν
3248 4682 3452 4752 ταύτης
3489 4682 3777 4748 διάζευξιν.

2214 4773 2536 4843 Διαθώμεθα
2561 4773 2689 4840 γοῦν
2712 4774 2780 4826 τὰ
2807 4773 2926 4826 κατ’
2961 4773 3152 4843 αὐτὴν,
3189 4773 3337 4835 ὅπως
3379 4774 3458 4835 είς
3482 4772 3653 4842 πέρας
3687 4788 3779 4823 και

2216 4865 2432 4935 ταλήξοι
2461 4866 2714 4936 χρηστὸν,
2743 4866 2940 4934 μήπως
2973 4867 3000 4918 ὁ
3022 4865 3253 4934 πονηρὸς
3281 4867 3374 4919 καὶ
3401 4866 3523 4919 καθ’
3551 4865 3782 4933 ἑκάστην

2214 4957 2580 5012 ἐπ.6ουλεύων
2602 4958 2731 5025 ήμῖν
2751 4956 3069 5025 κατισχύσει
3097 4957 3300 5028 ταύτης
3323 4956 3382 5009 τὸ
3412 4954 3626 5008 εὔτονον
3658 4957 3783 5024 περὶ

2208 5053 2310 5119 τήν
2339 5047 2627 5118 ἐπιϐουλὴν
2661 5047 2876 5119 ὀργάνῳ
2913 5050 3259 5120 χρησάμενος
3287 5048 3364 5118 τῷ
3389 5047 3564 5117 ἀνδρί.
3601 5045 3784 5108 Οῦτως

2216 5141 2314 5212 μὲν
2338 5137 2431 5195 οὖν
2462 5141 2488 5192 ὁ
2517 5139 2778 5202 Βασιανδς
2803 5139 3016 5207 ἔλεγεν,
3039 5141 3096 5194 ἐν
3114 5139 3277 5210 κοινῷ
3299 5140 3520 5210 θέμενος
3549 5138 3648 5206 τὴν
3669 5137 3784 5191 διὰο

2214 5233 2426 5303 σκεψιν.
2467 5232 2783 5304 Μάρκελλος
2829 5232 2888 5284 δέ
2943 5250 3028 5297 τις
3081 5234 3144 5286 τὸ
3191 5233 3492 5302 τηνικαῦτα
3542 5231 3786 5292 διάκονος

2214 5324 2438 5394 γνώμην
2477 5324 2776 5393 εἰσηγεῖται
2816 5323 3092 5394 τοιαύτην,
3141 5326 3198 5376 ἐν
3243 5323 3450 5396 Ἐμέσῃ
3501 5322 3675 5390 λέγων
3715 5325 3780 5392 τῇ

2215 5417 2368 5471 πόλει
2391 5433 2406 5448 ·
2437 5418 2502 5468 ἐκ
2529 5417 2733 5487 ταύτης
2757 5417 2866 5487 γάρ
2902 5419 3150 5479 κάκεῖνος
3176 5417 3421 5487 ὡρμᾶτο,
3455 5416 3788 5485 ἀσκητήριον

2215 5507 2354 5562 εἶναι
2390 5507 2666 5576 γυναικῶν
2703 5509 2762 5561 ἐν
2791 5503 2836 5576 ᾧ
2869 5511 2964 5561 καὶ
3008 5508 3242 5578 ἀδελφὴν
3286 5508 3453 5562 αὑτοῦ
3491 5508 3621 5569 μίαν
3647 5503 3786 5559 εἶναι

2216 5606 2322 5657 τῶν
2353 5603 2726 5671 ἀσκουμένων.
2750 5601 2923 5672 Εἴπερ
2955 5597 3048 5655 οὖν
3072 5601 3298 5672 ἀρεστόν
3332 5616 3414 5653 σοι
3453 5599 3623 5662 δοκεῖ,
3651 5598 3785 5665 πρὸς

2218 5696 2372 5750 τοῦτο
2398 5695 2735 5764 πεμφθήτωο
2793 5693 2944 5748 ἔσται
2987 5709 3069 5746 σοι
3096 5692 3203 5762 γὰρ
3227 5691 3370 5745 οὕτω
3403 5691 3496 5744 καὶ
3525 5690 3623 5752 τὰς
3658 5690 3783 5759 περὶ

2219 5787 2390 5863 αὐτῆς
2423 5783 2644 5842 ἐκδῦναι
2675 5785 2980 5863 φροντίδας.
3019 5783 3356 5860 Συνθεμένου
3385 5783 3442 5840 δέ
3471 5783 3564 5839 τοῦ
3592 5783 3784 5836 Βασια-
