4142 6384
423 345 524 411 933

1660 339 1841 403 VITA
1877 339 1940 400 S.
1980 340 2388 403 MATRONJE.

3564 335 3673 401 93L

417 458 508 511 νοῦ
531 456 610 526 τῷ
636 455 777 526 λόγῳ
803 457 898 510 καὶ
927 455 1320 528 ἐπιτρέψαντος
1352 456 1380 509 δ
1404 453 1651 517 διάκονος
1681 452 1988 524 παραυτίκα

2101 469 2329 525 ponere.
2369 457 2506 513 Cum
2550 471 2814 514 assensus
2869 460 3054 510 autem
3107 461 3257 507 esset
3288 450 3581 507 Bassianus
3618 455 3671 509 ei

416 546 601 599 πλοίου
653 547 830 598 ἐκεῖσε
892 544 1228 615 ἀναγομένου
1266 545 1454 615 τυχὼν
1480 544 1653 614 τούτῳ
1700 543 1798 612 τὴν
1826 543 1991 611 ἁγίαν

416 638 704 709 ἐνθέμενος
738 635 987 707 ἐπανῄει.

485 818 586 873 lA'.
638 819 705 873 Ἦ
736 819 792 872 δὲ
819 819 1069 890 εὐθύμως
1108 820 1168 873 τὸ
1192 820 1412 889 γεγονὸς
1434 820 1510 885 ὡς
1538 820 1639 875 οὐκ
1661 821 1810 875 ἀθεεὶ
1845 840 1990 893 πρα-

416 912 541 984 χθὲν
580 911 981 981 ἀποδεξαμένη,
1013 912 1171 980 ὀλίγα
1202 930 1258 965 τε
1294 913 1427 968 ἄττα
1459 914 1594 984 πρὸς
1621 914 1826 985 τροφὴν
1858 931 1991 983 συγ-

419 1005 761 1076 κομισαμένη
799 1005 1042 1074 εὐφόρως
1072 1007 1187 1076 ἅμα
1209 1006 1299 1058 καὶ
1335 1007 1514 1069 καλῶς
1541 1007 1633 1060 τοῦ
1681 1007 1992 1078 πνεύματος

419 1096 755 1160 ὲπωθούντος
810 1097 900 1149 τὸν
933 1097 1101 1151 πλοῦν
1142 1097 1397 1163 διαὸἄσα,
1432 1098 1493 1151 τὸ
1523 1099 1580 1151 ὲν
1623 1098 1827 1170 Ἑμέσῃ
1855 1115 1991 1153 κατ-

418 1189 577 1242 έλαϐε
635 1190 1069 1262 φροντιστήριον.
1125 1190 1468 1261 Φιλοφρόνως
1514 1187 1609 1246 οὖν
1655 1191 1990 1263 εἰσδεχθείσα

419 1280 513 1332 καὶ
539 1279 725 1345 δεξιῶς
746 1279 853 1332 τῶν
882 1282 1002 1333 κατ’
1028 1284 1227 1353 ἀρετὴν
1247 1282 1422 1352 εἴχετο
1443 1282 1622 1336 πόνων
1656 1281 1798 1336 οὕτω
1821 1299 1991 1335 σπου·

417 1368 582 1432 δαίως
608 1370 682 1432 ὡς
710 1370 768 1422 οὗ
792 1371 974 1442 ῥᾴδιον
997 1372 1229 1442 ὀφθῆναι
1261 1373 1464 1445 ταύτην
1487 1376 1605 1437 ταῖς
1634 1373 1991 1444 μοναζούσαις

417 1460 722 1530 ἀρχέτυπον
759 1464 893 1531 πρὸς
922 1463 1046 1526 τοὺς
1100 1463 1249 1527 ἴσους
1277 1464 1447 1535 αὐτῆς
1507 1465 1723 1533 ἀγῶνας
1754 1467 1993 1535 ἁμιλλω-

422 1553 629 1622 μέναις.
655 1550 819 1605 Ὅθεν
854 1555 945 1606 κοιλ⁸
979 1555 1250 1608 συνεδόκει
1270 1556 1474 1620 πάσαις
1494 1559 1630 1628 μετὰ
1660 1557 1757 1626 τὴν
1782 1556 1990 1610 ἐνθένδε

418 1646 516 1717 τῆς
550 1646 672 1717 άρτι
705 1646 1120 1717 καθηγουμένης
1153 1647 1477 1717 ἀπαλλαγὴν
1503 1647 1639 1719 αὐτῇ
1672 1650 1992 1701 πᾶσανέπιο

423 1740 611 1809 τρέψαι
661 1739 760 1811 τὴν
813 1741 910 1806 τῆς
971 1741 1137 1813 μονῆς
1189 1740 1548 1811 προστασίαν.
1604 1742 1769 1794 Ὅσον
1800 1740 1856 1793 δὲ
1884 1740 1992 1811 ἄρα

2100 548 2248 618 quod
2278 548 2487 604 dictum
2542 549 2744 615 luerat,
2784 557 2841 604 et
2888 547 2944 601 id
2990 543 3360 616 permisisset,
3415 543 3675 599 minister

2097 641 2280 695 statim
2306 653 2503 698 nactus
2522 657 2741 709 navem,
2772 655 2894 712 quae
2918 638 3073 693 illinc
3098 637 3367 703 solvebat,
3397 645 3587 692 sancta
3616 635 3671 690 in

2096 748 2162 790 ea
2196 734 2473 804 imposita,
2503 744 2588 791 est
2620 747 2896 789 reversus.

2170 828 2311 882 XIV.
2347 829 2439 882 llla
2466 839 2649 882 autem
2690 844 2817 883 cum
2860 827 3025 881 alacri
3075 838 3258 879 animo
3289 823 3591 892 accepisset
3617 821 3671 875 id

2098 918 2245 989 quod
2296 919 2499 973 factum
2560 920 2762 983 fuerat,
2806 927 3064 987 tanquam
3115 916 3168 970 id
3232 930 3341 970 non
3382 914 3672 969 accidisset

2099 1011 2306 1082 absque
2333 1012 2429 1067 Dei
2464 1012 2716 1079 numine,
2752 1020 2808 1065 et
2837 1025 3010 1081 pauca
3072 1009 3324 1080 quaedam
3373 1007 3676 1076 accepisset

2097 1119 2199 1175 pro
2234 1105 2530 1169 alimentis,
2575 1104 2821 1160 secundo
2866 1113 2921 1158 et
2951 1103 3063 1156 leni
3098 1111 3269 1156 vento
3321 1107 3545 1169 peracta
3575 1114 3673 1152 na-

2097 1196 2393 1265 vigatione,
2413 1194 2566 1250 venit
2590 1194 2645 1248 in
2675 1192 3096 1255 monasterium,
3121 1190 3269 1260 quod
3292 1198 3413 1242 erat
3437 1189 3669 1243 Emesa.

2098 1282 2336 1353 Benigne
2369 1300 2503 1354 ergo
2533 1293 2780 1354 accepta,
2817 1293 2972 1338 tanto
3026 1283 3211 1337 studio
3268 1297 3327 1336 se
3380 1282 3671 1336 exercebat

2098 1375 2153 1429 in
2186 1376 2470 1431 laboribus
2497 1376 2741 1441 virtutis,
2769 1386 2829 1432 ut
2859 1377 3148 1431 monachis
3173 1378 3458 1431 videretur
3486 1392 3675 1457 exem-

2096 1467 2218 1537 plar
2246 1483 2356 1521 non
2385 1467 2568 1532 facile,
2601 1468 3020 1525 decertantibus
3045 1470 3312 1524 adversus
3354 1470 3506 1538 paria
3551 1468 3676 1538 ejus

2098 1561 2425 1617 certamina.
2477 1562 2750 1629 Quocirca
2783 1563 2991 1632 placuit
3038 1562 3296 1616 omnibus
3329 1572 3450 1631 post
3482 1562 3672 1616 deces-

2098 1666 2218 1708 sum
2252 1653 2392 1723 ejus,
2418 1669 2540 1723 qua:
2563 1653 2673 1707 illis
2696 1662 2947 1722 praeerat,
2982 1654 3032 1708 ei
3068 1654 3414 1707 committere
3448 1666 3669 1706 omnem

2097 1746 2417 1800 monasterii
2468 1746 2886 1814 praefecturam.
2929 1745 3051 1811 Quo
3108 1746 3283 1816 magis
3313 1760 3445 1813 ergo
3496 1744 3670 1799 latere

418 1833 693 1902 Ματρὼνα
726 1833 786 1885 τὸ
810 1832 1093 1886 λανθάνειν
1143 1833 1463 1899 ἐσπούδαζε,
1514 1832 1768 1885 τοσοῦτον
1828 1833 1988 1902 ἔμελε

2094 1836 2351 1891 studebat
2401 1836 2668 1900 Matrona,
2715 1852 2783 1892 eo
2818 1836 2999 1903 magis.
3032 1837 3144 1891 Deo
3195 1845 3317 1891 erat
3359 1851 3508 1890 cura:
3544 1850 3667 1889 eam

418 1928 534 1999 Θεῷ
580 1928 639 1981 τὸ
676 1929 841 1999 δήλην
892 1920 1062 2000 αὐτὴν
1120 1930 1363 2000 ποιῆσαι,
1393 1933 1488 1982 καὶ
1535 1928 1595 1979 τὸ
1629 1926 1843 2000 ἐκείνης
1875 1926 1993 1997 φῶς

419 2022 511 2074 ἐπὶ
542 2025 637 2092 τῆς
659 2020 881 2091 λυχνίας
914 2021 1109 2087 θεῖναι,
1150 2024 1241 2076 καὶ
1272 2023 1370 2092 τὴν
1395 2022 1596 2094 ἀρετὴν
1626 2022 1864 2093 φανερὰν
1893 2038 1994 2075 κα-

416 2111 705 2181 ταστῆσαι.
771 2112 906 2166 Κατ’
958 2114 1135 2166 ἐκεῖνο
1215 2114 1394 2168 τοίνυν
1461 2113 1654 2184 καιροῦ
1725 2113 1990 2184 γεηπόνος

418 2222 501 2268 τις
523 2206 581 2257 τὸ
610 2205 794 2275 γήδιον
820 2205 1188 2276 ἐργαζόμενος
1219 2208 1311 2259 ἐπὶ
1340 2210 1562 2277 συχναῖς
1604 2210 1722 2270 ταῖς
1754 2206 1993 2277 ἡμέραις

417 2299 801 2371 ἀναδιδομένην
857 2299 1005 2369 ἐώρα
1032 2300 1206 2368 φλόγα
1257 2301 1354 2371 τῆς
1384 2301 1511 2370 γῆς,
1549 2300 1644 2353 καὶ
1674 2302 1707 2370 ἡ
1742 2300 1993 2362 ἀνάδοσις

420 2393 646 2462 συνεχής
673 2410 732 2446 τε
762 2394 855 2445 καὶ
882 2391 1135 2462 οὐδαμῶς
1174 2394 1438 2462 λήγουσα.
1461 2386 1629 2451 Οὗτος
1654 2388 1773 2457 οὖν,
1809 2393 1905 2446 ᾶτε
1925 2392 1990 2463 δὴ

417 2485 662 2556 γεωργὸς
707 2484 863 2538 οὐδὲν
892 2484 1139 2555 δυνηθεὶς
1180 2485 1478 2554 συμϐαλεῖν
1528 2484 1883 2556 ὑψηλότερον,
1913 2485 1992 2554 τῷ

419 2576 704 2645 ὲπισκόπῳ
746 2578 846 2646 τῆς
877 2577 1088 2640 πόλεως
1136 2576 1450 2648 προσελθὼν
1490 2576 1845 2645 ἀπαγγέλλει.
1880 2578 1993 2630 Καὶ

420 2666 477 2732 δς
503 2668 565 2721 ὲκ
588 2668 680 2722 τοῦ
710 2666 1035 2738 φαινομένου
1073 2667 1215 2740 μέγα
1242 2685 1294 2721 τι
1322 2670 1502 2732 συνεὶς
1534 2669 1595 2721 τὸ
1637 2669 1989 2740 δηλούμενον,

419 2761 537 2829 ἅμα
555 2759 631 2829 τῷ
656 2759 748 2812 ὑπ’
771 2759 933 2813 αὑτὸν
974 2760 1162 2830 κλήρῳ
1193 2760 1282 2813 τὸν
1316 2761 1479 2814 τόπον
1516 2759 1859 2827 καταλαϐὼν,
1895 2762 1992 2815 καὶ

418 2853 495 2917 ὡς
522 2851 793 2922 προσῆκον
822 2845 890 2922 ἦν
912 2850 1074 2921 εὐχὴν
1102 2851 1487 2922 ποιησάμενος,
1513 2853 1613 2922 τὴν
1636 2854 1739 2923 γῆν
1765 2852 1992 2925 ἐπέτρε-

421 2962 522 2998 πεν
546 2942 878 3014 ἀνορύττειν.
909 2935 984 2998 Ού
1010 2942 1105 2996 καὶ
1128 2944 1420 3014 γενομένου
1447 2946 1681 3014 στάμνος
1702 2944 1898 3023 εύρέθη
1927 2948 1990 3002 οὐ

417 3037 618 3109 χρυσὸν
652 3035 798 3091 ἔνδον
853 3037 1170 3107 κρύπτουσα
1200 3035 1235 3105 ἦ
1263 3053 1315 3088 τι
1348 3035 1477 3090 ἄλλο
1505 3037 1747 3096 τοιοῦτον
1779 3036 1890 3095 οἷον
1923 3040 1990 3093 ἂν

422 3128 749 3198 φιλόκοσμον
773 3127 932 3200 θέλξῃ
963 3127 1164 3198 ψυχὴν,
1206 3126 1342 3182 ἀλλὰ
1371 3129 1555 3199 τίμιόν
1591 3150 1644 3185 τι
1663 3138 1853 3206 χρῆμα
1892 3134 1987 3190 καὶ
2013 3157 2058 3221 C

418 3222 509 3275 τοῦ
541 3222 736 3284 παντὸς
760 3220 929 3289 ἄξιον,
949 3220 1048 3291 τὴν
1080 3218 1384 3295 σεϐασμίαν
1413 3221 1491 3293 τῷ
1515 3221 1629 3277 δντι
1663 3223 1755 3277 τοῦ
1780 3224 1987 3279 Βαπτι-

419 3311 545 3365 στοῦ
575 3312 835 3384 κεφαλήν.

488 3401 589 3457 IE'.
619 3404 831 3475 Ταύτης
892 3405 1163 3476 πανταχοῦ
1219 3405 1624 3481 διαδραμούσης
1672 3410 1770 3480 τῆς
1796 3410 1989 3483 φήμης

415 3496 593 3559 οὐδεὶς
621 3493 688 3566 ἦν
718 3496 864 3559 ὅστις
895 3496 1033 3550 οἴκοι
1057 3497 1260 3568 παρῆν,
1287 3498 1424 3551 ἀλλὰ
1443 3498 1762 3572 παμπληθεὶ
1784 3502 1986 3566 πάντες

414 3589 555 3656 πρὸς
613 3590 710 3658 τὴν
764 3587 892 3644 θέαν
933 3589 1222 3662 συνέρρεον
1250 3607 1264 3621 ·
1303 3590 1393 3661 ὑφ’
1423 3588 1498 3647 ὧν
1524 3594 1558 3664 ἡ
1586 3594 1745 3663 τιμία
1776 3593 1986 3664 κεφαλὴ

414 3683 551 3753 αὕτη
591 3682 686 3735 σὺν
722 3681 870 3755 πάσῃ
891 3683 1168 3753 δοξολογία
1190 3683 1286 3737 καὶ
1320 3685 1490 3748 αῐνοις
1521 3685 1669 3739 ἔνδον
1704 3687 1986 3755 εἰσάγεται

413 3774 507 3827 τοῦ
544 3773 695 3828 ναοῦ.
732 3772 887 3828 Ἐπεὶ
912 3774 969 3827 δὲ
1000 3777 1092 3827 καὶ
1122 3777 1154 3843 ἡ
1183 3775 1432 3845 μακαρία
1465 3777 1740 3846 Ματρώνα
1772 3778 1988 3848 σύναμα

416 3860 614 3924 πάσαις
657 3863 777 3923 ταῖς
833 3861 1193 3931 μονάζούσαις
1247 3864 1389 3918 κατὰ
1435 3862 1562 3917 θέαν
1584 3864 1677 3918 τοῦ
1729 3865 1988 3933 φανέντος

416 3951 617 4021 παρῆν,
643 3951 916 4021 προσῆλθέ
943 3967 1022 4016 τε,
1052 3952 1147 4004 καὶ
1181 3952 1274 4005 τοῦ
1304 3954 1661 4024 προκειμένου
1688 3954 1788 4025 τῆς
1819 3972 1990 4024 κεφα-

413 4040 512 4110 λῆς
542 4039 782 4111 ἠρύσατο
838 4040 1035 4112 μύρου,
1095 4043 1380 4111 μετάδοσις
1412 4044 1579 4097 αὑτοῦ
1623 4046 1719 4097 καὶ
1747 4046 1987 4114 ἀκούσης

409 4135 615 4205 ταύτης
644 4135 782 4206 πρὸς
815 4135 942 4199 τοὺς
972 4136 1246 4206 παρόντας
1272 4136 1501 4204 ἐγίνετο.
1529 4135 1718 4201 Ὅπως
1746 4135 1804 4190 δὲ
1829 4137 1986 4191 τοῦτο

412 4227 508 4281 καὶ
537 4225 672 4297 πρὸς
702 4225 755 4280 τί
783 4226 1070 4280 συνωθεῖτο
1092 4229 1244 4299 παρᾶ
1268 4228 1403 4282 Θεοῦ
1436 4229 1497 4281 τὸ
1528 4228 1783 4284 ἀκούσιον
1814 4214 1989 4303 προσ-

412 4319 560 4391 έχειν
589 4322 616 4374 ὁ
636 4321 792 4390 λόγος
823 4319 964 4374 ὥστε
994 4321 1186 4390 μαθεῖν
1216 4321 1361 4391 ὑμᾶς
1389 4319 1661 4392 βούλεται.
1700 4326 1855 4378 Κατὰ
1885 4325 1985 4396 μέ-

414 4425 508 4461 σου
547 4412 654 4480 γὰρ
703 4410 797 4464 τοῦ
833 4411 1070 4481 πλήθους
1112 4411 1491 4482 άποληφθεῖσα
1526 4415 1619 4468 καὶ
1657 4416 1734 4485 μὴ
1768 4432 1982 4486 συγχω·

2090 1928 2324 1985 reddere
2353 1930 2722 1995 manifestam,
2765 1940 2822 1985 et
2851 1929 3008 1984 illius
3049 1929 3229 1985 lucem
3261 1945 3466 1999 ponere
3499 1944 3670 1999 super

2090 2021 2508 2089 candelabrum,
2536 2033 2592 2078 et
2622 2022 2938 2080 evidentem
2971 2023 3091 2093 ejus
3118 2023 3352 2078 reddere
3378 2023 3665 2079 virtutem.

2090 2113 2189 2169 Illo
2213 2123 2398 2169 autem
2428 2124 2678 2185 tempore
2709 2114 2953 2186 agricola
2979 2114 3203 2184 quidam
3227 2114 3494 2184 przedium
3520 2129 3660 2184 ope-

2091 2222 2243 2271 rans,
2276 2207 2467 2262 multis
2493 2208 2692 2264 diebus
2737 2208 2877 2261 vidit
2908 2206 3183 2261 ﬂammam
3213 2222 3245 2260 e
3272 2216 3421 2261 terra
3462 2207 3667 2262 emitti.

2096 2300 2225 2355 Erat
2254 2314 2388 2354 vero
2419 2302 2642 2355 emissio
2673 2300 2960 2363 continua,
2988 2308 3043 2354 et
3074 2314 3357 2369 nunquam
3385 2299 3666 2354 desinens.

2091 2392 2194 2447 Hic
2227 2407 2381 2463 ergo,
2412 2400 2473 2446 ut
2502 2393 2592 2461 qui
2616 2401 2759 2447 esset
2790 2391 3056 2463 agricola,
3092 2392 3230 2445 nihil
3276 2391 3462 2448 valens
3490 2393 3664 2464 conji-

2092 2499 2218 2540 cere
2249 2484 2435 2546 altins,
2489 2484 2812 2553 episcopum
2863 2483 3106 2539 civitatis
3151 2484 3445 2550 accedens,
3487 2485 3538 2540 id
3572 2499 3665 2541 re-

2092 2576 2329 2630 nuntiat.
2361 2575 2456 2629 llle
2489 2584 2671 2629 autem
2703 2591 2769 2629 ex
2816 2590 2881 2630 eo
2909 2575 3059 2645 quod
3091 2576 3415 2645 apparebat,
3453 2576 3663 2631 intelli-

2091 2682 2224 2738 gens
2249 2681 2507 2737 magnum
2535 2666 2668 2737 quid
2711 2666 3034 2737 significari,
3068 2682 3194 2722 cum
3246 2652 3346 2723 suo
3394 2669 3544 2723 clero
3567 2684 3662 2724 ve-

2092 2759 2251 2815 niens
2279 2758 2345 2812 ad
2377 2759 2584 2821 locum,
2622 2767 2683 2812 ut
2711 2772 2809 2827 par
2840 2768 2981 2823 erat,
3013 2758 3154 2812 facta
3181 2760 3456 2822 oratione,
3501 2759 3668 2828 jussit

2091 2857 2296 2904 terram
2347 2846 2555 2901 fodere.
2600 2846 2758 2912 Quod
2815 2862 2938 2900 cum
2989 2847 3194 2901 factum
3229 2855 3395 2911 esset,
3444 2847 3667 2902 inventa

2091 2947 2176 2996 est
2203 2956 2361 3005 urna,
2396 2954 2504 2993 non
2530 2954 2722 2993 aurum
2754 2938 2959 3001 celans,
2990 2945 3087 2992 aut
3110 2937 3316 3007 aliquid
3348 2936 3498 2992 aliud
3518 2940 3669 3010 ejus-

2092 3033 2263 3099 modi,
2289 3032 2434 3103 quod
2469 3032 2644 3101 possit
2687 3032 3002 3087 demulcere
3034 3032 3278 3086 animum
3307 3042 3667 3087 ornamento-

2092 3139 2215 3179 rum
2265 3123 2551 3193 cupidum,
2596 3124 2694 3179 sed
2744 3136 2859 3178 rem
2926 3122 3224 3192 quamdam
3271 3124 3562 3191 pretiosam
3609 3133 3669 3177 et

2092 3218 2320 3273 maximi
2378 3217 2714 3283 faciendam,
2764 3230 2966 3286 nempe
3016 3215 3252 3270 maxime
3287 3214 3665 3270 venerandum

2093 3318 2261 3379 caput
2281 3308 2510 3364 Joannis
2532 3309 2789 3380 Baptista:
2821 3309 2900 3377 (l)

2162 3399 2280 3454 XV.
2313 3400 2450 3455 Cum
2480 3401 2597 3455 haec
2617 3399 2758 3454 fama
2782 3398 2840 3454 in
2873 3413 3093 3454 omnem
3134 3406 3348 3468 partem
3380 3396 3656 3468 pervasis-

2090 3501 2195 3557 set,
2246 3491 2435 3546 nullus
2485 3490 2633 3545 domi
2671 3488 3030 3554 remanebat;
3075 3486 3173 3542 sed
3216 3502 3344 3542 cum
3401 3487 3660 3542 universa

2088 3583 2444 3639 multitudine
2473 3581 2825 3639 confluebant
2858 3596 3053 3636 omnes
3074 3579 3144 3637 ad
3170 3579 3550 3650 spectaculum
3577 3595 3593 3644 ;
3631 3594 3660 3631 a

2024 3678 2029 3682 ’
2089 3675 2289 3744 quibus
2318 3674 2423 3728 hoc
2458 3674 2835 3727 venerandum
2867 3680 3032 3743 caput
3082 3686 3207 3726 cum
3236 3672 3386 3725 omni
3412 3670 3577 3725 laude
3605 3680 3662 3726 et

2088 3764 2481 3837 glorificatione
2500 3765 2554 3818 in
2579 3764 2842 3834 templum
2876 3763 3270 3819 introducitur.
3307 3763 3446 3818 Cum
3471 3770 3656 3817 autem

2089 3859 2335 3915 Matrona
2365 3872 2490 3913 cum
2529 3857 2787 3912 omnibus
2818 3856 3106 3911 monachis
3154 3855 3499 3910 interfuisset
3538 3869 3663 3923 spe-

2088 3951 2305 4007 ctaculo
2328 3951 2465 4021 ejus,
2504 3949 2652 4019 quod
2685 3956 3042 4019 apparuerat,
3077 3946 3315 4002 accessit
3363 3954 3420 4000 et
3470 3945 3661 4001 hausit

2089 4058 2156 4098 ex
2185 4050 2465 4113 unguento
2506 4040 2724 4111 capitis,
2758 4039 2908 4109 quod
2957 4046 3079 4092 erat
3118 4037 3491 4108 propositum.
3525 4038 3660 4108 Ejus

2088 4132 2522 4192 communicatio
2566 4131 2710 4186 facta
2745 4139 2852 4193 est,
2886 4144 2951 4184 ea
3010 4127 3181 4181 etiam
3230 4126 3424 4191 invita,
3458 4126 3526 4182 iis
3560 4129 3658 4198 qui

2087 4226 2339 4283 aderant.
2366 4224 2664 4292 Quomodo
2702 4230 2887 4278 autem
2917 4229 2974 4277 et
3004 4236 3106 4276 cur
3138 4220 3246 4275 hoc
3273 4234 3338 4275 ea
3368 4220 3544 4274 invita
3575 4221 3660 4274 fa-

2088 4325 2238 4373 ctum
2269 4316 2360 4378 sit,
2390 4314 2446 4369 id
2473 4314 2621 4384 quod
2648 4312 2943 4369 dicendum
2977 4321 3083 4376 est,
3104 4311 3225 4367 vult
3253 4325 3351 4366 vos
3373 4309 3661 4365 attendere

2087 4413 2143 4462 et
2175 4406 2413 4463 discere.
2439 4406 2500 4461 In
2528 4404 2709 4461 media
2732 4405 2882 4459 enim
2929 4404 3235 4472 intercepta
3269 4400 3659 4465 multitudine,

416 4502 651 4573 ρουμένη
678 4503 773 4573 τὴν
805 4502 1000 4570 ἔξοδον,
1030 4503 1105 4567 ὡς
1135 4505 1353 4559 πάντων
1388 4506 1525 4577 πρὸς
1557 4506 1615 4559 τδ
1644 4506 1826 4561 λαϐεῖν
1853 4509 1983 4562 ἑαυ-

2088 4517 2215 4559 cum
2250 4502 2306 4557 ei
2345 4516 2459 4556 non
2504 4499 2906 4557 concederetur
2940 4497 3147 4561 exitus,
3180 4504 3374 4566 utpote
3400 4495 3549 4565 quod
3598 4502 3657 4549 ut

413 4595 536 4658 τοὺς
563 4594 949 4661 εἰσωθούντων,
985 4594 1045 4660 ἐξ
1079 4588 1250 4669 οὗπερ
1284 4596 1420 4669 αὕτη
1450 4600 1643 4669 εἴληφε
1685 4599 1861 4671 μύρου
1889 4603 1982 4656 κα)⁸

411 4689 524 4750 τοῖς
555 4686 735 4749 ἄλλοις
753 4685 1094 4757 ἠναγκάζετο
1114 4691 1410 4742 κοινωνεῖν.
1451 4686 1543 4741 Ἐν
1579 4688 1637 4742 δὲ
1666 4690 1742 4760 τῷ
1769 4690 1981 4745 διαδοῦ-

413 4796 500 4834 ναι
527 4777 732 4850 ταύτην
760 4779 936 4849 πηρός
965 4794 1048 4842 τις
1068 4778 1163 4841 τὰς
1183 4778 1335 4848 δψεις
1365 4780 1428 4833 ἐκ
1453 4780 1679 4851 γενετῆς
1704 4781 1985 4852 παραδρα-

416 4872 532 4944 μὼν
560 4872 784 4937 πάντας,
821 4867 962 4943 ἦσαν
996 4869 1104 4941 γὰρ
1132 4870 1227 4924 καὶ
1253 4871 1363 4924 τῶν
1388 4872 1578 4943 ίερέων
1609 4872 1753 4938 τινὲς
1789 4872 1839 4926 οἳ
1887 4874 1982 4927 καὶ

413 4964 512 5035 τὴν
539 4963 633 5017 τοῦ
665 4963 811 5016 θείου
860 4962 1037 5035 μύρον
1066 4961 1190 5016 τότε
1242 4963 1478 5018 διάδοσιν
1502 4964 1805 5031 ἐποιοῦντο,
1843 4965 1981 5038 πρὸς

414 5057 582 5126 αὐτὴν
620 5050 743 5128 ἧκε,
785 5054 953 5118 πολὺς
1002 5053 1322 5126 ἐγκείμενος
1350 5058 1472 5120 ταῖς
1508 5057 1784 5129 δεήσεσιν.
1822 5057 1889 5115 Ἡ
1927 5059 1982 5112 δὲ

410 5146 490 5219 τῷ
511 5148 677 5219 τιμίῳ
725 5147 882 5218 μύρῳ
904 5146 1031 5210 τοὺς
1055 5145 1261 5209 τύπους
1291 5146 1401 5202 τῶν
1436 5147 1611 5219 ὄψεων
1648 5149 1982 5220 ἐπιχρίσασα

413 5238 956 5310 παραχρῆμα-φωτὸς
989 5238 1168 5292 ἐποίει
1206 5237 1401 5310 θεατὴν
1427 5240 1521 5294 τὸν
1550 5240 1747 5296 οὔποτε
1791 5243 1985 5313 πρότε-

483 5452 558 5525 (l)
589 5452 721 5519 Quae
749 5452 841 5527 hic
872 5452 941 5507 de
992 5453 1314 5527 inventione
1378 5455 1574 5527 capitis
1639 5458 1697 5514 S.
1736 5460 1969 5515 Joannis

406 5522 687 5596 Baptistae,
707 5523 908 5596 eadem
914 5595 918 5596 ί
937 5533 1134 5579 testata
1152 5522 1470 5596 relinquunt
1506 5526 1853 5585 Marcellinus
1880 5544 1973 5584 co-

406 5609 526 5649 mes
552 5596 605 5648 in
633 5594 854 5659 Chrom,
890 5593 1033 5666 Beda
1064 5597 1120 5650 in
1170 5593 1337 5650 Marci
1378 5612 1500 5666 cap.
1547 5613 1627 5663 vr,
1669 5601 1846 5655 etlib.
1899 5600 1975 5654 De

405 5680 500 5718 sex
531 5671 701 5729 artat,
735 5666 853 5720 Δύο
879 5665 931 5720 in
959 5665 1154 5721 Chron.
1202 5674 1260 5719 et
1307 5665 1563 5731 alii;sed
1603 5678 1794 5723 errant
1831 5678 1979 5725 teste

407 5734 668 5800 Baronio,
704 5738 757 5790 in
795 5746 1065 5805 tempore,
1103 5753 1231 5790 eum
1262 5752 1327 5791 ex
1360 5737 1577 5805 Sozom.
1613 5739 1747 5796 Hist.
1781 5740 1979 5802 lib.vu,

404 5820 529 5877 cap.
563 5805 655 5878 21,
691 5804 963 5878 PrOSpero
1000 5809 1054 5861 in
1088 5806 1279 5863 Chron.
1339 5804 1568 5874 Nieepli.
1608 5809 1703 5868 lib.
1733 5824 1828 5876 xu,
1858 5824 1980 5875 cap.

2086 4599 2423 4671 acciperent,
2473 4610 2668 4651 omnes
2718 4609 2778 4651 se
2830 4593 3183 4650 intruderent
3234 4609 3247 4646 :
3289 4607 3356 4647 ex
3389 4605 3476 4652 eo,
3509 4587 3657 4659 quod

2086 4695 2392 4759 acceperat,
2418 4696 2699 4758 unguento
2733 4694 2921 4743 coacta
2943 4692 3028 4740 est
3049 4684 3171 4739 aliis
3202 4682 3495 4753 impertiri.
3516 4680 3656 4732 Dum

2086 4785 2271 4833 autem
2325 4791 2389 4831 ea
2437 4774 2823 4839 distribueret,
2878 4773 3103 4845 quidam
3158 4772 3227 4826 ab
3271 4778 3399 4824 ortu
3455 4782 3657 4832 caecus,

2087 4883 2281 4925 omnes
2312 4876 2747 4939 pratercurrens
2775 4866 2956 4937 (erant
2983 4864 3132 4918 enim
3159 4871 3292 4917 tunc
3318 4857 3543 4930 quidam
3569 4872 3659 4911 sa-

2086 4965 2361 5029 cerdotes,
2390 4961 2485 5030 qui
2525 4959 2699 5014 divini
2741 4957 3003 5029 unguenti
3048 4954 3324 5010 faciebant
3371 4948 3642 5005 distribu-

2084 5053 2339 5126 tionem),
2366 5052 2522 5108 venit
2573 5050 2641 5106 ad
2676 5050 2875 5119 ipsam,
2907 5046 3073 5102 valde
3127 5044 3341 5098 instans
3371 5040 3653 5112 precibus.

2081 5151 2181 5209 Illa
2206 5163 2342 5203 vero
2370 5159 2495 5202 cum
2525 5141 2771 5215 pretioso
2795 5149 3079 5210 unguento
3103 5133 3297 5192 oculos
3324 5131 3658 5194 inunxisset,

2082 5257 2213 5299 eum
2249 5239 2381 5297 fecit
2407 5237 2587 5293 lucem
2637 5233 2895 5305 protinus
2928 5228 3161 5294 intueri,
3197 5224 3293 5298 qui
3325 5230 3486 5279 antea
3515 5236 3661 5277 nun-

2075 5453 2445 5523 49;Cedren.
2475 5453 2533 5507 in
2555 5448 2861 5523 Compend.
2909 5462 2999 5502 an.
3045 5445 3100 5523 _t_i_
3141 5436 3658 5523 Theodosiivimpz,

2079 5508 2589 5597 ἐῖέῑιῖίίιῖῖῖίιιςοη.
2613 5508 2711 5597 ιιῃῖ
2735 5519 2865 5582 592,
2898 5526 2956 5572 et
3013 5508 3659 5597 aliis-gqnstet,1alze_nte

2077 5578 2414 5668 imuperante,
2446 5594 2589 5668 idem
2653 5578 2963 5668 inventum,
3016 5578 3657 5668 etall‘l'teodosiohimp.

2081 5654 2618 5734 Constantinopolim
2634 5675 2797 5734 anno
2829 5659 2955 5734 ξω,
2991 5665 3053 5734 ut
3072 5657 3188 5734 vult
3215 5654 3662 5734 Βαεοηη-ςριιεῖ

2084 5717 2491 5812 ᾗτιιιῖιῖίιιοξττὶἶ.
2540 5732 2783 5812 Consule
2831 5717 2957 5812 p36;
2997 5728 3251 5812 Annales,
3309 5740 3398 5779 an.
3450 5717 3546 5778 591
3563 5724 3660 5786 ,ct

2091 5819 2248 5866 notas
2272 5809 2328 5866 in
2359 5808 2583 5871 Μαίσων.
2620 5803 2799 5869 Rom,
2832 5798 2901 5855 ει)
2932 5798 3065 5869 Aug.
3096 5798 3149 5851 6.
