4126 6382
546 339 652 400 935

1689 320 2072 384 ADDENDA.
2110 347 2174 354 —
2215 320 2476 381 NOVEM
2491 319 2657 379 BER.

3702 321 3817 381 93G

545 464 710 521 quam
766 448 995 503 viderat.
1049 447 1163 500 lloc
1210 460 1331 499 eam
1383 457 1634 514 magnam
1697 438 2020 510 praedicavit
2065 445 2116 490 et

2227 448 2317 505 ρον
2347 437 2481 488 αὐτὸ
2509 435 2867 504 θεασάμενον.
2896 433 3070 497 Τοῦτο
3101 432 3346 505 μεγάλην
3377 432 3545 503 αὐτὴν
3575 434 3816 508 ἐκήρυξε

547 543 890 614 przeclaram,
914 547 972 594 et
1006 538 1192 594 ellecit
1221 550 1278 590 ut
1305 546 1450 590 esset
1493 534 1636 604 apud
1664 547 1858 587 omnes
1891 529 2122 598 insignis

545 637 706 700 adeo,
738 643 797 688 ut
823 647 1015 686 omnes
1039 631 1429 684 dicerenteam
1453 642 1597 693 esse,
1641 641 1762 695 quae
1788 625 1960 679 latere
1989 633 2118 676 tau-

545 727 636 781 diu
674 734 754 780 est
790 725 1073 787 meditata,
1101 731 1157 778 et
1193 737 1317 777 cum
1358 718 1650 791 viris-fecit
1673 731 1738 770 ea
1767 730 1888 786 qua:
1911 714 2120 769 faciunt

547 817 828 873 monachi.

617 909 756 966 λνι.
789 909 1056 964 Praeclara
1094 908 1210 961 b:ec
1255 905 1400 960 fama
1436 919 1629 958 rursus
1665 902 1888 958 vocavit
1934 901 2122 954 Domi-

543 1005 776 1065 tianum,
803 1011 856 1056 et
899 1001 1066 1055 veluti
1101 1015 1264 1054 manu
1322 1008 1572 1068 tangens,
1609 996 1740 1051 fecit
1776 1010 1903 1050 eum
1931 992 2120 1047 venire

541 1096 610 1148 ad
645 1094 1070 1147 monasterium.
1101 1091 1237 1145 Cum
1260 1098 1442 1144 autem
1473 1087 1782 1142 audivisset
1818 1100 1941 1140 esse
1985 1083 2119 1137 viris

547 1184 888 1254 prohibitum
945 1184 1278 1252 ingressum,
1328 1180 1513 1235 Celans
1572 1179 1625 1233 id
1681 1177 1828 1248 quod
1875 1175 2118 1240 volebat,

541 1275 821 1331 simulavit
853 1277 1113 1343 pietatem
1139 1290 1157 1330 ,ξ
1183 1281 1236 1328 et
1265 1280 1417 1341 rOgat
1439 1287 1537 1340 per
1562 1269 1827 1340 quasdam
1861 1267 2119 1329 feminas,

544 1377 604 1423 ut
635 1366 906 1422 orationis
925 1366 1098 1436 gratia
1120 1375 1176 1419 et
1194 1363 1536 1419 adorationis
1556 1361 1768 1417 videret
1792 1361 2118 1415 Matronam.

541 1463 636 1517 Illa
660 1470 846 1517 autem
875 1476 999 1515 cum
1023 1458 1360 1529 diligentiori
1385 1456 1824 1528 interrogatione
1843 1466 1899 1510 et
1924 1455 2119 1525 signis,

540 1570 664 1625 quae
686 1567 845 1610 erant
869 1554 925 1607 in
967 1555 1153 1618 vultu,
1189 1569 1256 1606 ex
1287 1551 1356 1606 iis
1391 1567 1512 1621 qua:
1539 1550 1819 1611 audiebat,
1851 1550 1970 1620 ejus
1999 1563 2120 1603 esse

543 1648 803 1702 maritum
867 1646 1103 1714 pulchre
1149 1645 1483 1714 agnovisset,
1532 1643 1667 1712 quid
1723 1639 2120 1696 machinatur?

542 1741 686 1796 Petit
715 1740 954 1810 spatium
992 1747 1208 1807 septem
1241 1737 1486 1800 dierum,
1519 1745 1576 1790 et
1606 1745 1732 1804 post
1769 1735 1892 1788 illos
1923 1750 1982 1790 se
2019 1749 2118 1802 per

542 1831 716 1886 otium
767 1831 822 1884 in
876 1838 1234 1900 conspectum
1303 1829 1423 1899 ejus
1469 1841 1594 1883 esse
1639 1836 1952 1880 venturam.
2003 1825 2116 1880 lloc

541 1939 666 1978 eum
700 1922 1048 1978 Domitianus
1093 1921 1365 1977 audiisset
1393 1935 1424 1974 a
1461 1919 1816 1985 mulieribus,
1848 1919 1964 1988 ipse
1988 1916 2110 1988 qui-

542 2016 666 2070 dem
693 2033 721 2069 a
746 2031 841 2085 spe
860 2014 1129 2086 pendens,
1152 2012 1399 2077 sedebat,
1428 2013 1485 2066 in
1511 2011 1697 2066 animo
1719 2025 1948 2066 versans
1968 2011 2116 2065 diem

542 2107 896 2178 praefinitum,
928 2115 986 2161 et
1024 2117 1356 2175 exspectans
1383 2105 1594 2167 videre,
1638 2113 1690 2158 et
1719 2103 1832 2170 jam
1867 2115 1989 2156 eam
2016 2099 2117 2153 ha-

541 2204 675 2256 bere
706 2203 760 2254 in
797 2200 1054 2254 manibus
1112 2199 1325 2252 visione
1367 2194 1816 2266 apprehendens.
1867 2192 2116 2245 Matrona

541 2302 729 2347 autem
756 2306 952 2344 rursus
977 2289 1206 2344 studens
1233 2288 1430 2351 latere,
1455 2286 1828 2357 proficiscitur
1854 2283 2115 2340 Hierosoo

543 2385 710 2452 lyma,
754 2381 897 2436 nihil
939 2380 1094 2435 aliud
1140 2379 1355 2444 induta,
1411 2394 1574 2449 quam
1619 2393 1861 2446 pannum
1889 2392 1955 2432 ex
1991 2377 2119 2446 pilis

541 2483 888 2538 contextum,
919 2481 982 2528 .et
1005 2472 1286 2528 modicum
1316 2471 1476 2541 panis
1510 2469 1880 2540 fragmentum
1929 2484 2115 2525 secum

541 2566 748 2621 ferens.

617 2655 782 2712 XVII.
811 2654 950 2711 Cum
983 2662 1194 2724 septem
1253 2665 1436 2708 autem
1484 2651 1607 2710 dies
1647 2651 2114 2715 intercessissent,

544 2758 606 2804 ut
636 2747 998 2803 constitutum
1033 2745 1257 2816 quidem
1285 2745 1483 2807 fuerat,
1508 2753 1782 2799 venerunt
1816 2743 2114 2806 mulieres;

541 2839 878 2894 audiverunt
919 2846 1105 2892 autem
1155 2851 1184 2891 a
1221 2837 1527 2901 m0uachis,
1559 2851 1683 2906 qua:
1723 2835 1856 2906 ipsa:
1891 2848 2116 2906 quoque

542 2938 705 2986 erant
727 2928 882 3000 gravi
906 2940 1185 2998 oppressa
1203 2926 1553 2996 aegritudine,
1585 2926 1734 2997 quod
1757 2941 1826 2980 ex
1857 2941 1967 2996 quo
1995 2939 2115 2980 eam

543 3029 948 3084 convenerant,
983 3019 1053 3075 ab
1086 3020 1170 3074 eis
1203 3035 1314 3074 non
1353 3028 1502 3074 esset
1533 3019 1776 3089 amplius
1819 3019 1936 3074 visa
1971 3035 1988 3075 ς
2018 3033 2119 3073 ne-

2227 528 2317 579 καὶ
2351 529 2612 596 λαμπρὰν
2645 527 2741 579 καὶ
2771 526 2922 595 παρὰ
2952 526 3126 580 πᾶσιν
3150 522 3289 579 εἶναι
3320 525 3606 595 διαϐόητον
3660 544 3814 597 παρ-

2223 617 2540 680 εσκεύασεν,
2598 617 2740 670 ὣστε
2793 619 2974 683 λέγειν
3028 618 3275 680 ἅπαντας
3325 618 3494 687 αὐτὴν
3533 612 3682 671 εῖναι
3708 619 3813 687 τὴν

2224 708 2404 762 λαθεῖν
2428 711 2519 762 ἐπὶ
2551 710 2742 779 χρόνον
2765 710 3026 762 τοσοῦτον
3077 708 3522 778 ἐπιτηδεύσασαν
3550 709 3646 761 καὶ
3685 706 3815 778 μετ’

2223 799 2433 869 ἀνδρῶν
2456 799 2522 852 τὰ
2555 798 2662 850 τῶν
2698 799 2950 868 μοναχῶν
2977 798 3335 852 διανύσασαν.

2296 892 2413 960 ιεῖν.
2467 891 2530 944 'lI
2565 890 2792 960 λαμπρά
2811 889 2948 961 αῦτη
2980 892 3138 959 φήμη
3164 892 3258 942 καὶ
3283 893 3614 961 Δομετιανὸν
3648 885 3814 951 αὖθις

2222 985 2427 1046 ἐκάλει,
2462 984 2555 1036 καὶ
2578 985 2740 1036 οἱονεὶ
2763 982 2943 1054 χειρὸς
2975 983 3230 1052 ἁψαμένη
3260 983 3396 1052 πρὸς
3427 985 3487 1036 τὸ
3529 984 3812 1052 pomeri}-

2225 1095 2340 1150 ριον
2400 1076 2572 1129 ἐποίει
2639 1075 2983 1128 καταλαϐεῖν.
3060 1074 3215 1128 Ἐπεὶ
3259 1077 3318 1128 δὲ
3346 1075 3502 1128 τοῦτο
3548 1075 3816 1144 ἀνδράσιν

2221 1169 2455 1240 ἠκούετο
2513 1169 2904 1238 κεκωλυμένην
2967 1167 3112 1236 ἔχειν
3169 1169 3266 1237 τὴν
3307 1169 3531 1231 εῖσθδθνν
3590 1168 3815 1238 κρύ’¹ἓ²ς

2221 1265 2358 1331 ὅπερ
2394 1261 2678 1332 ἠϐούλετο,
2703 1260 2988 1312 scissam
3019 1259 3362 1330 ὑπεκρίνετο,
3404 1259 3501 1313 καὶ
3525 1258 3614 1312 διά
3644 1277 3815 1312 τινων

2223 1353 2499 1421 γυναικῶν
2533 1352 2676 1418 ἀξιοῖ
2727 1352 2896 1420 εὐχῆς
2929 1351 3089 1421 χάριν
3114 1354 3208 1403 καὶ
3237 1351 3661 1422 προσκυνήσεως
3707 1351 3814 1420 τῂν

2221 1443 2530 1514 Ματρώναν
2566 1445 2715 1498 ἰδεῖν.
2750 1443 2814 1496 Ἥ
2841 1444 2897 1495 δὲ
2932 1444 2999 1496 δι’
3030 1444 3444 1513 ἀκριϐεστέρων
3464 1445 3572 1496 τῶν
3599 1446 3814 1515 ἐρωτήο

2225 1553 2364 1590 σεων
2401 1535 2496 1588 καὶ
2544 1533 2655 1591 τῶν
2714 1537 2772 1588 ἐν
2822 1533 2899 1604 τῷ
2953 1533 3233 1603 προσώπῳ
3275 1533 3562 1603 συμϐόλων
3590 1533 3684 1601 ἀφ’
3729 1528 3810 1588 ῶν

2223 1632 2387 1703 ήκουε
2425 1629 2515 1683 τὸν
2559 1628 2730 1696 ἄνδρα
2766 1628 2970 1700 ταύτης
3005 1627 3143 1682 εἶναι
3191 1627 3370 1690 καλῶς
3392 1628 3730 1696 ἀναγνοῦσα,
3759 1628 3814 1680 τί

2226 1723 2573 1793 μηχανᾶται;
2609 1721 2786 1776 Ἑπτὰ
2812 1722 3036 1792 ἡμερῶν
3064 1723 3296 1774 αἰτεῖται
3327 1719 3534 1790 καιρὸν,
3563 1723 3656 1774 καὶ
3681 1721 3810 1790 μετ’

2221 1817 2437 1879 ὲκείνας
2486 1816 2591 1870 ὑπὸ
2641 1814 2739 1885 τὴν
2785 1815 2953 1885 αὐτὴν
3009 1814 3131 1883 ὄψιν
3165 1815 3409 1885 ἐντυχεῖν
3439 1815 3632 1885 ἐκείνῳ
3660 1819 3809 1868 κατὰ

2221 1907 2436 1978 σχολήν.
2461 1907 2634 1962 Τοῦτο
2657 1907 2791 1976 πρὸς
2827 1905 2933 1958 τῶν
2965 1903 3242 1973 γυναικῶν
3274 1905 3599 1974 Δομετιανὸς
3635 1904 3808 1956 ἁκού-

2223 2017 2342 2064 σας,
2371 1999 2533 2063 αὐτὸς
2565 2001 2662 2069 μὲν
2691 1999 2798 2052 τῶν
2831 1997 3059 2051 ἐλπίδων
3089 1997 3415 2068 ἀναρτηθεὶς
3443 1997 3681 2067 καθῆστο
3702 1995 3803 2066 τὴν

2219 2091 2556 2162 ὡρισμένην,
2582 2092 2675 2144 ἐπὶ
2707 2091 2829 2145 νοῦν
2853 2091 3105 2163 στρέφων
3138 2090 3267 2143 ἰδεῖν
3297 2106 3357 2142 τε
3386 2091 3676 2158 ἀναμένων
3714 2092 3807 2142 καὶ

2220 2185 2320 2256 ἤδη
2345 2187 2402 2237 ἐν
2422 2201 2480 2253 χε
2491 2186 2606 2254 ρσὶν
2623 2183 2708 2254 ἔχε
2719 2201 2766 2236 ιν
2789 2183 2962 2255 αὐτὴν
2981 2184 3409 2252 φανταζόμενος.
3438 2183 3504 2235 Ἦ
3523 2181 3805 2252 Marp-fma

2219 2277 2276 2330 δέ
2300 2275 2608 2331 σπεύδουσα
2636 2275 2731 2328 καὶ
2760 2274 2916 2340 αὖθις
2951 2275 3136 2329 λαθεῖν
3170 2276 3301 2329 εὐθὺ
3352 2275 3461 2328 τῶν
3501 2273 3808 2344 Ίεροσολύυ

2222 2386 2339 2440 μων
2368 2368 2590 2438 ἐχώρει,
2612 2367 2768 2421 οὐδὲν
2801 2367 2990 2438 ἕτερον
3014 2368 3046 2439 ἢ
3073 2369 3240 2438 ῥάκος
3259 2366 3578 2437 ἐνδεδυμένη
3598 2367 3656 2421 τὸ
3680 2367 3800 2436 τρί-

2219 2479 2390 2532 χινον,
2449 2462 2544 2517 καὶ
2580 2460 2747 2532 ἄρτου
2800 2477 2853 2512 τι
2883 2459 3167 2532 ἐλάχιστον
3197 2462 3320 2514 ὅσον
3349 2459 3551 2532 τρύφος
3579 2460 3804 2530 ἀπαγο-

2223 2555 2384 2625 μένη.

2293 2641 2390 2699 lZ'.
2421 2645 2832 2714 Διαγενομένων
2875 2644 2932 2699 δὲ
2969 2644 3078 2698 τῶν
3107 2643 3248 2699 ἐπτὰ
3280 2646 3502 2718 ἡμερῶν
3529 2646 3672 2699 κατά
3701 2647 3804 2716 μὲν

2221 2736 2282 2789 τὸ
2329 2742 2766 2806 συντεταγμένον
2817 2739 2873 2790 ai
2929 2738 3188 2805 γυναῖκες
3224 2731 3397 2810 ἧκον·
3423 2739 3570 2808 παρὰ
3605 2738 3663 2790 δὲ
3691 2736 3801 2789 τῶν

2224 2825 2573 2897 μοναζουσῶν
2598 2825 2797 2896 ἤκουον
2824 2827 2992 2899 πολλῇ
3036 2828 3128 2881 καὶ
3157 2827 3336 2880 αὐτῶν
3367 2831 3432 2900 τῇ
3458 2827 3606 2901 λύπῃ
3633 2827 3798 2899 βεδα-

2222 2915 2496 2990 ρημένων,
2525 2918 2605 2970 ὅτι
2636 2917 2729 2986 ἀφ’
2760 2912 2931 2989 οὗπερ
2961 2922 3040 2981 εἰς
3069 2917 3262 2987 λόγους
3284 2913 3450 2990 ἦλθον
3479 2919 3640 2991 αὐτῇ,
3660 2919 3798 2974 Οὐδὲ

2219 3013 2354 3083 ἡμῖν
2381 3012 2442 3064 τὸ
2471 3011 2656 3064 λοιπὸν
2689 3009 2844 3080 ῶερθη
2877 3011 3001 3064 οὐδὲ
3031 3012 3165 3064 ὅπου
3196 3011 3301 3082 γῆς
3329 3013 3589 3080 τυγχάνει
3629 3011 3795 3080 γινώ-

540 3129 651 3184 que
685 3129 745 3169 se
782 3113 948 3178 scire,
981 3111 1211 3166 ubinam
1241 3119 1404 3166 esset.
1443 3111 1551 3165 illa:
1582 3127 1716 3166 vero
1747 3111 1858 3166 cito
1897 3113 2112 3167 abeun-

2221 3118 2445 3172 οκομεν.
2483 3101 2718 3154 Ἐκεῖναι
2741 3100 2876 3170 ταχὺ
2905 3100 3261 3164 ἀπελθοῦσαι,
3282 3101 3356 3164 ὡς
3379 3100 3579 3172 ἔμαθον
3597 3101 3792 3165 ταῦτα,

541 3215 650 3269 tes,
675 3215 966 3275 postquam
985 3203 1102 3256 haec
1124 3201 1472 3266 didicissent,
1497 3201 1753 3256 dixerunt
1778 3199 2115 3258 Domitiano.

539 3301 598 3368 is
636 3309 820 3355 autem
856 3297 1266 3354 vehementiori
1324 3299 1507 3352 cordis
1558 3297 1748 3352 dolore
1810 3299 2116 3362 sauciatus,

545 3407 660 3448 non
705 3400 884 3446 cessat
934 3391 1160 3446 curiose
1211 3390 1574 3458 perscrutari,
1633 3387 1816 3444 donec
1876 3388 2118 3443 venisset

545 3484 949 3554 Hierosolyma.
1009 3482 1080 3537 Et
1127 3496 1253 3536 cum
1300 3495 1494 3536 rursus
1545 3480 1602 3534 in
1650 3480 1786 3535 alias
1828 3480 2118 3534 incidisset

543 3575 826 3638 mulieres,
859 3574 942 3630 eis
977 3571 1299 3629 describens
1342 3571 1577 3626 formam
1625 3571 1768 3642 ejus,
1815 3587 1936 3640 qua:
1969 3586 2117 3640 qua:-

543 3667 796 3729 rebatur,
853 3665 1110 3720 movebat
1147 3678 1372 3718 omnem
1432 3661 1692 3731 lapidem,
1733 3664 1923 3716 volens
1974 3664 2116 3717 scire

547 3759 774 3814 ubinam
804 3773 868 3811 ea
894 3765 1231 3812 versaretur.
1264 3756 1372 3810 lllze
1393 3764 1577 3808 autem
1605 3754 1864 3808 dicebant
1889 3754 2115 3824 quidem

544 3866 604 3908 se
646 3849 851 3904 vidisse
903 3848 996 3902 tali
1033 3848 1176 3902 facie
1228 3847 1518 3902 mulierem
1559 3863 1573 3899 :
1617 3861 1723 3899 non
1774 3860 1934 3914 posse
1981 3859 2116 3899 vero

546 3951 740 4014 aperte
767 3941 933 4008 scire,
972 3939 1198 3995 ubinam
1234 3949 1401 3994 esset.
1428 3938 1531 3994 Ubi
1557 3939 1704 3993 enim
1739 3953 1865 3993 sero
1902 3937 2118 3992 venerit

543 4037 612 4091 ad
644 4034 1042 4100 diversorium,
1077 4033 1130 4086 in
1188 4032 1376 4100 aliquo
1420 4031 1648 4100 quidem
1709 4030 1916 4101 templo
1949 4045 2014 4084 ex
2046 4029 2116 4085 iis

541 4144 668 4199 qua:
707 4126 820 4182 illic
857 4135 1008 4190 sunt,
1037 4124 1393 4189 diversatur;
1443 4122 1665 4176 festinat
1703 4132 1885 4176 autem
1922 4137 2118 4176 rursus

542 4221 652 4276 alio
682 4217 934 4273 transire.
971 4217 1082 4271 Nos
1117 4226 1322 4281 tamen,
1366 4215 1646 4284 inquiunt,
1695 4215 1794 4268 tibi
1847 4215 2117 4268 inservie-

540 4325 668 4364 ntus
713 4308 784 4364 ad
827 4323 948 4363 eam
983 4307 1399 4362 inveniendam.
1454 4306 1787 4375 Singulatim
1830 4306 1978 4360 enim
2029 4306 2116 4360 di-

535 4399 696 4462 visae,
751 4398 1022 4452 festinans
1055 4412 1177 4466 qua:
1231 4411 1353 4451 eam
1391 4396 1621 4465 primam
1675 4397 1896 4460 viderit,
1938 4396 2115 4451 celer-

543 4491 681 4544 rime
711 4487 979 4543 accedens
1013 4488 1112 4542 tibi
1147 4487 1500 4557 signiﬁcabit.
1537 4488 1716 4558 Atque
1753 4487 1857 4543 illa:
1889 4487 2112 4558 quidem

542 4581 842 4658 faciebant,
875 4581 1020 4636 sicut
1050 4580 1326 4635 dixerant.

615 4672 802 4748 XVII}.
823 4671 1069 4727 Matrona
1095 4680 1278 4726 autem
1303 4687 1430 4726 cum
1460 4671 1534 4726 ita
1556 4671 1869 4736 accidisset,
1894 4672 2115 4728 obviam

545 4763 688 4820 facta
727 4763 1016 4818 accedenti
1059 4762 1404 4829 Domitiano,
1457 4779 1581 4819 cum
1614 4779 1742 4819 eum
1781 4767 2112 4834 agnovisset,

546 4857 668 4912 fixis
715 4856 867 4911 humi
896 4857 1094 4920 oculis,
1145 4864 1201 4910 et
1234 4871 1453 4911 manum
1488 4866 1648 4912 terra:
1702 4857 2022 4920 admovens,
2057 4867 2117 4912 ut

549 4949 770 5003 tolleret
821 4947 1079 5017 lapidem,
1109 4962 1238 5002 eum
1288 4963 1356 5003 ex
1405 4947 1639 5002 adverso
1687 4959 2114 5017 pra’tereuntem

550 5041 712 5096 latuit
734 5041 1036 5108 sapienter.
1067 5039 1238 5095 l‘orro
1263 5049 1446 5094 autem
1471 5055 1597 5094 cum
1619 5041 1728 5094 illis
1758 5040 2112 5105 occurrisset,

545 5132 862 5201 intelligens
890 5147 1130 5200 quanam
1155 5132 1224 5186 de
1254 5145 1421 5188 causa
1450 5140 1618 5188 totam
1666 5132 1813 5186 illam
1848 5141 1958 5184 tam
1989 5131 2116 5188 dili-

547 5234 740 5294 genter
788 5223 1009 5279 obirent
1065 5223 1348 5292 regionem
1396 5221 1814 5292 investigantes,
1873 5234 1928 5278 et
1961 5239 2018 5279 se
2049 5239 2116 5278 ex

545 5317 722 5371 forma
776 5318 862 5371 eis
918 5317 1160 5371 evasisse
1215 5316 1586 5378 manifestam,
1623 5324 1680 5370 et
1723 5315 1841 5371 fore
1887 5326 1946 5370 ut
1991 5333 2113 5371 mox

549 5408 1134 5479 comprehenderetur,
1191 5425 1287 5464 eas
1345 5423 1568 5479 quoque
1623 5407 1826 5462 amovit
1878 5409 2114 5477 sapienti

543 5499 968 5571 exe0gitatione,
1004 5509 1199 5570 petens
1255 5501 1361 5556 sibi
1386 5511 1499 5556 tres
1527 5501 1676 5556 solos
1702 5500 1821 5556 dies
1859 5501 2112 5564 concedi.

545 5591 707 5648 eunti
743 5591 799 5646 in
835 5602 1084 5648 montem
1117 5593 1328 5659 Sinam,
1359 5603 1415 5648 et
1444 5602 1568 5664 post
1598 5607 1695 5648 eos
1727 5609 1786 5648 se
1827 5602 2113 5647 venturam

543 5684 979 5753 quamprimum,
1011 5692 1069 5740 et
1090 5686 1348 5740 maritum
1385 5695 1806 5741 conventuram.
1841 5685 2109 5742 Domitia-

531 5785 650 5849 nus
686 5788 817 5830 vero
847 5788 972 5830 cum
1006 5774 1110 5833 hoc
1141 5775 1484 5840 rescivisset.
1539 5776 1864 5834 existimans
1918 5793 2113 5834 rursus

2221 3195 2298 3265 τῷ
2327 3193 2642 3265 Δομετιανῷ
2675 3193 2880 3262 ελεγον,
2931 3193 3028 3248 καὶ
3068 3187 3226 3257 οὗτος
3261 3191 3408 3262 λύπη
3440 3195 3795 3265 στερῤὁτερον

2219 3288 2319 3360 τὴν
2347 3289 2574 3360 καρδίαν
2607 3289 2838 3360 πληγεὶς
2858 3291 2959 3343 οὐκ
2993 3291 3133 3343 ἀνίει
3157 3290 3224 3343 τά
3265 3290 3388 3344 κατ’
3423 3291 3595 3361 αὐτὴν
3635 3307 3792 3361 περι-

2219 3381 2589 3452 εργαζόμενος
2637 3382 2742 3446 ἕως
2793 3387 2887 3436 καὶ
2915 3385 2992 3446 είς
3031 3383 3384 3454 Ἰεροσόλυμα
3443 3386 3791 3454 παρεγίνετο.

2221 3473 2331 3526 Καὶ
2361 3472 2516 3534 αὖθις
2548 3473 2762 3543 ἑτέραις
2787 3475 3095 3546 περιτυχὼν
3122 3476 3369 3544 γυναιξὶν
3391 3477 3539 3540 ὅπως
3568 3495 3625 3529 τε
3651 3474 3791 3545 εἶχεν

2218 3566 2251 3635 ἡ
2294 3563 2599 3636 ζητηυμένη
2657 3568 2801 3619 κατά
2857 3567 2955 3638 τὴν
3015 3569 3159 3620 ἰδέαν
3215 3568 3548 3638 ὐπογρῖἀφων
3578 3570 3789 3631 αὐταῖς,

2219 3660 2397 3712 πάντα
2420 3659 2572 3713 λίθον
2602 3660 2791 3720 ἐκίνει,
2827 3660 3018 3731 μαθεῖν
3057 3660 3260 3714 ἐθέλων
3290 3661 3388 3725 τὰς
3423 3660 3638 3731 ἐκείνης
3681 3660 3787 3714 δια-

2219 3752 2433 3822 τριϐάς.
2469 3755 2532 3806 Αἱ
2563 3752 2619 3806 δὲ
2653 3753 2780 3805 ίδείν
2813 3753 2915 3823 μὲν
2941 3753 3199 3824 τοιαύτην
3223 3753 3346 3823 δψιν
3387 3753 3645 3822 γυναικὸς
3677 3753 3792 3809 ἐλι-

2219 3863 2336 3913 γον,
2364 3846 2464 3898 οὐκ
2492 3845 2635 3916 ἔχειν
2675 3844 2732 3898 δὲ
2758 3845 2957 3898 εἰδέναι
2997 3844 3186 3914 σαφῶς
3220 3847 3354 3900 ὅπου
3381 3847 3472 3899 καὶ
3511 3846 3599 3914 εἴη
3617 3863 3633 3878 ο
3663 3845 3793 3913 ἔνθα

2219 3939 2326 4008 γὰρ
2349 3937 2415 3990 ἂν
2438 3939 2516 4000 είς
2543 3937 2872 4006 καταγωγὴν
2899 3936 3114 4006 ὀφθείη,
3147 3936 3202 3990 ἐν
3229 3954 3332 3990 τινι
3359 3936 3457 4006 μὲν
3480 3936 3588 3989 τῶν
3611 3939 3791 3990 ἐκεῖσε

2219 4031 2360 4084 ναῶν
2378 4029 2658 4094 καταλύει,
2693 4028 2912 4082 σπεύδει
2950 4030 3006 4082 δὲ
3065 4029 3224 4082 πάλιν
3255 4027 3490 4096 ἀλλαχοῦ
3527 4027 3790 4097 μεταδαί-

2220 4140 2352 4177 νειν.
2379 4122 2568 4190 Ὅμως
2591 4123 2750 4191 ἡμεῖς
2775 4137 2878 4184 σοι,
2911 4121 3063 4189 φασὶ,
3094 4119 3229 4190 πρὸς
3255 4121 3353 4188 τὴν
3375 4119 3545 4186 αὐτῆς
3576 4118 3791 4188 εὕρεσιν

2219 4217 2668 4285 ῦπουργήσομενε
2733 4215 2930 4276 ἑαυτὰς
2985 4212 3092 4282 γὰρ
3120 4210 3259 4263 κατά
3304 4212 3432 4281 μίαν
3487 4209 3790 4281 διελόμεναι

2222 4309 2532 4380 σπεύσομεν
2580 4309 2702 4378 ἥτις
2735 4309 2800 4363 ἂν
2828 4309 2998 4377 αὐτὴν
3057 4307 3251 4378 πρώτη
3285 4308 3376 4360 καὶ
3411 4307 3532 4372 ἴδοι,
3564 4305 3789 4376 τάχιστὰ

2221 4415 2305 4451 σοι
2362 4399 2734 4468 προσελθοῦσα
2780 4398 3183 4469 καταμηνῦσαι.
3260 4397 3494 4453 Ἐκεῖναι
3524 4396 3637 4470 μὲν
3696 4393 3789 4454 οὖν

2219 4491 2407 4564 ῶσπερ
2435 4488 2589 4544 εἶπον
2619 4491 2859 4548 ἐποίουν.

2290 4673 2399 4727 nr.
2439 4673 2502 4727 Ἦ
2555 4673 2835 4746 Ματρώνα
2880 4673 2961 4737 δέ,
3019 4675 3165 4730 οὕτω
3191 4643 3448 4746 ἴυμσάν,
3479 4679 3686 4734 ἐπιόντι
3713 4680 3789 4751 τῷ

2217 4766 2529 4837 Δομετιανῷ
2568 4769 2948 4833 συναντήσασα
2972 4767 3069 4820 καὶ
3118 4771 3456 4836 γνωρίσασα,
3485 4772 3546 4824 τὸ
3570 4771 3788 4843 βλέμμα

2217 4876 2274 4911 τε
2311 4857 2397 4911 ἐπ’
2427 4859 2657 4929 ἐδάφους
2691 4860 2951 4927 ἐρείσασα
2977 4863 3067 4914 καὶ
3099 4864 3200 4933 τὴν
3225 4867 3381 4932 χεῖρα
3407 4864 3568 4934 δῆθεν
3596 4867 3688 4919 ἐπὶ
3712 4867 3788 4937 τῷ

2218 4949 2364 5002 λίθον
2395 4947 2524 5020 ἆραι
2561 4950 3007 5020 προσενεγκοῦσα
3047 4955 3110 5022 τῇ
3147 4956 3218 5024 γῇ
3243 4955 3641 5027 ἀντιπαριόντα
3666 4956 3785 5012 τοῦ·

2219 5059 2310 5094 τον
2343 5041 2604 5097 ἐλάνθανε
2665 5042 2923 5106 συνετῶς.
2979 5043 3274 5108 Κάκείναις
3316 5045 3374 5098 δέ
3410 5049 3786 5119 συναντήσασα

2219 5135 2301 5202 ἐφ’
2329 5127 2374 5202 ᾧ
2399 5133 2585 5206 κύκλῳ
2635 5135 2817 5188 πᾶσαν
2851 5135 3302 5205 ἐκπεριέρχονται
3351 5139 3450 5208 τὴν
3484 5141 3789 5212 περίχωρον

2217 5227 2434 5298 ἐκείνην
2466 5226 2745 5298 ἐπιμελῶς
2773 5226 3149 5299 ἀνιχνεύουσα,
3181 5232 3274 5284 καὶ
3306 5231 3386 5285 ὅτι
3406 5232 3541 5302 δήλη
3568 5233 3786 5302 γέγονεν

2217 5319 2324 5372 ἀπὸ
2351 5320 2462 5372 τῶν
2517 5319 2614 5386 τῆς
2651 5321 2865 5389 μορφῆς
2921 5323 3283 5391 χαρακτήρων
3333 5324 3428 5376 καὶ
3485 5323 3607 5378 ὅσον
3637 5325 3786 5380 οῦπω

2219 5408 2492 5477 ἁλώσιμός
2525 5412 2667 5473 ἐστι,
2704 5414 2840 5480 σοφῇ
2875 5412 3087 5484 ἐπινοίᾳ
3120 5415 3210 5465 καὶ
3239 5413 3440 5478 ταύτας
3480 5417 3788 5470 ἀπεσκευά-

2220 5515 2368 5565 σατο,
2404 5499 2682 5571 ἐνδοθῆναι
2701 5503 2839 5572 αὐτῇ
2865 5503 3132 5572 ἀπιούσης
3153 5504 3304 5575 παρά
3331 5503 3392 5558 τὸ
3417 5505 3624 5560 Σίναιον
3641 5511 3786 5577 τρεῖς

2215 5594 2312 5653 τὰς
2345 5592 2473 5655 ὅλας
2499 5592 2708 5664 ἡμέρας
2739 5594 3103 5664 αἰτησαμένη,
3138 5595 3232 5648 καὶ
3288 5595 3408 5666 μετ’
3441 5597 3610 5660 αὐτὰς
3638 5599 3784 5668 ἥξειν

2219 5701 2278 5737 τε
2314 5687 2562 5756 τάχιστα,
2621 5687 2716 5738 καὶ
2755 5686 2910 5756 ἀνδρὶ
2970 5684 3148 5757 τούτῳ
3207 5689 3288 5752 είς
3337 5687 3460 5757 ὄψιν
3488 5688 3684 5744 ἐλθεῖν.
3730 5691 3784 5743 ’0

2221 5777 2548 5849 Δομετιανὸς
2578 5776 2634 5833 δὲ
2662 5777 2819 5834 τοῦτο
2852 5777 3036 5836 μαθὼν
3059 5778 3259 5845 σκῆψίν
3281 5797 3339 5836 τε
3363 5778 3504 5839 εἶναι
3529 5784 3618 5838 καὶ
3636 5781 3785 5850 αὖθις
