4126 6382
377 357 489 450 937

1620 384 1799 451 ῊΤΑ
1840 388 1917 465 8.,
1952 380 2370 455 ΜᾹἸἪΟΝΑ.

3531 385 3637 447 ιιι

378 503 476 575 τὴν
498 509 757 572 τοιαυτην
784 491 1079 573 ἀπόκρισιν
1103 494 1490 573 λογισάμενος,
1536 504 1771 559 κατόπιν
1794 503 1957 568 εὐθὺς

2066 506 2482 561 excusationem
2519 518 2641 561 esse
2674 512 2837 561 tatem
2893 501 3338 573 responsionem,
3394 505 3634 561 maxima

371 594 450 658 ὡς
483 589 599 665 εἶχε
627 594 826 664 τάχους
852 591 1099 649 ἐδίωκεν.
1153 592 1221 648 'n
1251 595 1530 667 Ματρώνα
1557 596 1616 652 δὲ
1641 597 1800 652 τοῦτο
1845 616 1953 669 μα-

310 750 311 753 η
371 685 542 742 θοῦσα
569 687 751 755 πάλιν,
783 687 878 740 καὶ
918 687 1003 741 ὅτι
1056 686 1322 760 πάρεστιν
1352 689 1380 742 6
1406 686 1642 757 διώκων,
1670 693 1767 746 καὶ
1812 689 1953 761 αὕτη

373 781 526 845 me;
562 780 663 851 ήδη
693 780 866 851 θήρας
921 781 1057 846 ιστὶ,
1093 782 1203 835 δέει
1246 782 1583 853 συσχεθεῖσα
1647 780 1827 854 πολλῷ
1860 783 1953 838 ὲπί

372 882 518 934 1ιιινος
550 871 797 923 εἰδωλίου
830 871 967 940 ὅπερ
1001 871 1105 925 ἀνὰ
1132 875 1229 942 τὴν
1258 873 1506 943 Βηρυτὸν
1534 868 1601 945 ἦν
1640 873 1957 927 εἰσελθοῦσα

374 964 644 1018 κατέλυσε
689 962 900 1035 βέλτιον
926 964 1246 1035 ἡγησαμένη
1275 965 1528 1035 δαίμοσιν
1568 968 1890 1037 περιπεσεῖν
1920 966 1953 1036 ἢ

373 1055 573 1126 θηρσὶν
594 1055 742 1126 ἢπερ
766 1056 890 1118 ταῖς
936 1055 1265 1125 Δομετιανοῦ
1306 1055 1580 1126 ληφθῆναι
1612 1057 1825 1130 χερσίν.
1891 1057 1955 1110 Οἱ

378 1146 478 1219 μὲν
509 1149 641 1218 γὰρ,
706 1149 755 1200 εἱ
820 1147 1050 1213 λάϐωσι,
1105 1148 1168 1201 τὸ
1222 1147 1383 1214 σῶμα
1414 1148 1633 1213 πάντως
1690 1147 1956 1220 βλάψουσι

380 1240 572 1310 μόνον·
602 1242 630 1293 6
657 1240 711 1293 δέ
735 1257 798 1308 γε
830 1242 969 1312 ἀνὴρ
989 1281 1003 1305 ,
1040 1242 1087 1294 εί
1127 1241 1478 1311 χειρώσεται,
1540 1242 1637 1296 καὶ
1686 1242 1955 1312 δαιμόνων

376 1334 530 1387 ἔσται
558 1334 653 1387 καλ⁵
677 1332 884 1405 θηρίων
908 1332 1321 1403 όλεθριώτερος,
1357 1336 1451 1390 ἅτε
1479 1336 1619 1404 μετὰ
1641 1333 1736 1389 τοῦ
1768 1333 1956 1405 σώμα-

375 1443 467 1488 τος
490 1428 585 1505 καί
614 1424 714 1496 τὴν
750 1425 930 1497 ψυχὴν
966 1424 1167 1496 βλάψαι
1200 1426 1520 1497 δυνάμενος,
1580 1426 1717 1496 πρὸς
1750 1426 1817 1480 τὰ
1855 1426 1951 1480 τοῦ

377 1521 584 1590 κόσμου
631 1521 795 1574 πάλιν
851 1517 1026 1576 ἕλκων
1054 1519 1225 1592 αὐτὴν
1253 1521 1348 1575 καὶ
1392 1520 1470 1585 ὡς
1524 1519 1782 1589 γυναικὶς
1818 1519 1958 1583 ίδίας

376 1610 849 1680 ἀντιποιούμενος.

446 1748 551 1802 ω’.
598 1748 688 1802 Ἐν
735 1746 915 1819 τούτῳ
941 1746 1124 1801 τοίνυν
1156 1746 1298 1816 αὓτη
1343 1745 1614 1818 γενομένη
1663 1747 1758 1801 καὶ
1785 1758 1957 1818 sepatr-

2061 597 2344 653 celeritate
2373 612 2494 653 eam
2519 596 2983 668 persequebatur.
3013 596 3262 652 Matrona
3293 604 3479 654 autem
3505 614 3630 655 cum

2059 684 2167 743 hoc
2202 704 2395 744 rursus
2430 688 2772 754 rescivisset,
2806 701 2862 744 et
2890 690 3037 759 quod
3083 689 3260 755 adest,
3299 691 3394 761 qui
3443 706 3635 762 pet-se»

2058 779 2270 848 quitur,
2304 782 2493 851 etiam
2530 784 2605 836 sit
2633 780 2926 850 capienda,
2955 796 3153 851 magno
3176 792 3327 838 metu
3354 792 3634 855 correpta,

2060 868 2118 923 in
2157 870 2437 941 quoddam
2474 872 2747 927 idolorum
2780 870 3103 937 delubrum,
3131 872 3279 943 quod
3311 884 3398 929 est
3429 874 3636 947 Beryti,

2060 960 2332 1033 ingressa,
2365 963 2478 1020 illic
2503 974 2588 1019 cst
2625 963 2927 1028 diversata,
2962 964 3163 1020 melius
3197 975 3314 1020 rata
3348 967 3402 1022 in
3425 967 3635 1024 daemo-

2059 1064 2161 1103 nes
2191 1050 2438 1108 incidere
2462 1063 2560 1108 aut
2591 1055 2760 1115 feras,
2803 1070 2968 1121 quam
2996 1056 3122 1126 capi
3153 1058 3413 1114 manibus
3443 1060 3633 1115 Domi-

2061 1139 2218 1195 tiani.
2253 1140 2389 1196 Nam
2422 1143 2527 1199 illa
2548 1144 2773 1214 quidem
2808 1145 2855 1201 si
2894 1148 3238 1217 acceperint,
3284 1164 3488 1221 corpus
3517 1168 3636 1207 om-

2060 1233 2194 1288 nino
2234 1235 2414 1289 solum
2446 1236 2683 1302 laedent;
2712 1240 2942 1294 maritus
2965 1249 3150 1295 autem
3179 1241 3223 1298 si
3254 1244 3642 1313 apprehende-

2061 1324 2154 1389 rit,
2187 1327 2295 1382 erit
2329 1336 2387 1383 et
2417 1330 2768 1387 daemonibus
2790 1342 2847 1387 et
2880 1333 3015 1388 leris
3038 1334 3428 1403 perniciosior,
3466 1341 3639 1410 utqui

2058 1419 2236 1486 possit
2270 1435 2395 1475 cum
2458 1439 2693 1486 corpore
2732 1426 2901 1479 etiam
2959 1426 3199 1481 animam
3241 1429 3464 1498 laedere,
3517 1449 3640 1489 eam

2060 1525 2253 1568 rursus
2308 1513 2536 1570 trahens
2602 1516 2668 1571 ad
2708 1516 2999 1585 mundum,
3046 1527 3105 1574 et
3165 1530 3427 1579 tanauam
3482 1540 3638 1582 suam

2061 1613 2288 1657 uxorem
2321 1603 2631 1661 vindicans.

2128 1738 2274 1794 XIX.
2328 1740 2466 1796 Cum
2504 1741 2562 1796 in
2596 1757 2665 1797 eo
2716 1758 2852 1814 ergo
2899 1755 3072 1816 esset,
3106 1754 3163 1803 et
3189 1761 3418 1820 operam
3478 1754 3640 1811 daret

377 1841 578 1912 έχουσα
604 1842 726 1903 ταῖς
752 1841 892 1910 πρὸς
924 1840 1058 1894 θεὸν
1107 1840 1403 1911 ὑμνῳδίαις
1443 1841 1536 1893 καὶ
1592 1839 1714 1903 ταῖς
1766 1839 1955 1909 εὐχαῖς

2066 1832 2279 1905 hymnis
2332 1834 2403 1889 ad
2442 1835 2616 1891 Deum
2672 1846 2730 1893 et
2774 1839 3055 1909 precibus,
3089 1843 3303 1898 audivit
3354 1845 3636 1905 daemones

378 1936 716 2007 σχολάζουσα
776 1936 887 1990 τῶν
933 1935 1201 2008 δαιμόνων
1275 1938 1474 2008 ἧκουεν
1517 1936 1956 2007 ἀντιψαλλόντων

376 2030 514 2099 αὐτῇ
570 2029 668 2083 καὶ
715 2029 814 2092 τὰς
853 2028 1043 2100 όμοίας
1082 2029 1356 2097 ἀφιέντων
1406 2029 1592 2099 φωνάς
1619 2045 1634 2059 ’
1669 2030 1765 2083 καὶ
1796 2030 1957 2082 τοῦτο

377 2120 472 2175 ἐπὶ
510 2122 731 2190 συχναῖς
753 2117 961 2188 ἐγίνετο
982 2120 1104 2182 ταῖς
1130 2120 1390 2189 ἡμέραις.
1445 2118 1661 2172 Δειλίαν
1692 2116 1788 2173 οὖν
1816 2120 1954 2189 αὐτῇ

378 2212 473 2265 καὶ
507 2209 809 2280 ὑποστολὴν
844 2208 977 2263 ὖνίει
1000 2210 1058 2262 τὸ
1086 2208 1388 2280 δρώμενον.
1407 2204 1542 2263 Εἶτα
1564 2208 1649 2279 τῷ
1666 2208 1958 2280 σταυρικῷ

376 2303 533 2373 τύπῳ
566 2300 884 2372 φραξαμένη
915 2300 1062 2371 ἐξῄει
1101 2303 1244 2355 κατὰ
1272 2301 1382 2355 τῶν
1410 2301 1687 2370 «ροδερῶν.
1732 2301 1959 2355 Ἐπεὶδὲ

375 2397 572 2452 ούδένα
609 2392 759 2466 εἶχεν
814 2395 967 2466 ὁρᾷν,
995 2394 1093 2464 τῆς
1146 2392 1297 2457 θείας
1332 2394 1503 2448 ἐδεῖτο
1529 2393 1754 2464 χάριτος
1795 2383 1959 2462 δῆλον

377 2488 634 2557 γενέσθαι
666 2488 804 2557 αὐτῇ
828 2486 890 2539 τὸ
936 2486 1388 2557 διαπορούμενον.
1441 2485 1617 2548 Εὐθὺς
1648 2484 1742 2538 οὖν
1766 2485 1961 2555 δήλους

378 2582 540 2644 δντας
569 2580 717 2651 ἐώρα
747 2580 875 2642 τοὺς
924 2579 1158 2648 ἀφανεῖς
1188 2579 1440 2648 ἀσήμους
1467 2593 1526 2630 τε
1563 2576 1747 2647 φωνὰς
1771 2575 1961 2644 ἀφιέν-

378 2689 476 2737 τας
512 2672 606 2725 καὶ
643 2670 755 2741 πῦρ
805 2669 1258 2740 ἐπιφερομένους,
1305 2668 1463 2731 αὖθίς
1510 2685 1570 2721 τε
1621 2668 1751 2737 παρ’
1789 2667 1961 2737 αὐτῆς

378 2764 822 2836 δπιτιμωμένους
875 2765 971 2817 καὶ
1018 2762 1402 2832 ὲκχωροῦντας
1461 2763 1557 2814 καὶ
1586 2761 1721 2814 ὡσεὶ
1753 2759 1962 2824 καπνὸς

381 2857 755 2918 ἐκλείποντας.
779 2854 981 2908 Ἐνίοτε
1014 2850 1203 2922 δίψους
1230 2852 1331 2925 τὴν
1370 2852 1633 2921 γενναίαν
1659 2850 1963 2921 κατασχόν-

380 2963 469 3010 τος
502 2948 563 2999 ού
592 2944 833 3018 φορητοῦ
857 2944 1037 3011 ὀλίγον
1078 2941 1262 3012 ἐκείνη
1292 2940 1667 3010 προσελθοῦσα
1695 2939 1789 2993 τοῦ
1812 2939 1963 2992 είδωι-

381 3040 525 3095 λείου
550 3043 645 3095 καὶ
670 3040 991 3110 δρεψαμένη
1022 3039 1174 3109 παρὰ.
1199 3037 1300 3106 τὴν
1322 3036 1458 3089 πόαν
1487 3032 1776 3107 δροσώδεις
1805 3032 1966 3103 βοτά-

381 3151 478 3198 νας
506 3139 598 3187 καὶ
622 3132 851 3205 χλοερᾶς
875 3134 954 3195 είς
987 3131 1219 3202 μετρίαν
1255 3128 1587 3199 παραψυχὴν
1615 3126 1695 3198 τῷ
1729 3126 1962 3197 στόματι

2062 1934 2259 1983 contra
2293 1927 2612 1997 psallentes,
2648 1941 2705 1987 et
2744 1947 2906 1988 voces
2934 1935 2984 1990 ei
3012 1934 3224 1992 similes
3262 1939 3581 2000 emittentes
3615 1964 3630 2001 :

2058 2033 2119 2079 et
2147 2023 2251 2078 hoc
2279 2023 2485 2079 factum
2514 2036 2602 2082 est
2636 2027 2825 2083 multis
2873 2030 3096 2086 diebus.
3126 2031 3189 2086 Ei
3239 2033 3426 2105 itaque
3463 2047 3641 2093 terro-

2063 2127 2178 2168 rem
2202 2114 2471 2170 aﬂ'erebat
2502 2115 2558 2171 id
2596 2119 2743 2188 quod
2772 2118 2956 2175 ﬂebat.
2989 2122 3198 2179 Deinde
3226 2140 3350 2181 cum
3375 2140 3434 2183 se
3454 2132 3639 2188 crucis

2063 2208 2238 2276 ﬁgura
2271 2208 2586 2274 munilsset,
2618 2224 2838 2281 egressa
2874 2222 2958 2269 est
3008 2214 3283 2274 adversus
3334 2221 3637 2281 terribiles.

2064 2297 2170 2353 Sed
2197 2313 2323 2354 cum
2354 2300 2568 2354 nullum
2602 2313 2786 2372 posset
2838 2306 3050 2371 videre,
3112 2308 3361 2366 divinam
3411 2315 3641 2386 rogabat

2062 2391 2322 2462 gratiam,
2344 2402 2406 2448 ut
2429 2395 2782 2451 manifestum
2812 2396 2969 2455 ﬁeret
3004 2400 3058 2456 id
3088 2402 3157 2458 de
3182 2420 3293 2474 quo
3322 2404 3637 2467 dubitabat.

2066 2483 2267 2539 Statim
2310 2499 2447 2557 ergo
2480 2486 2618 2542 vidit
2652 2489 2976 2548 manifestos
3022 2507 3139 2559 eos,
3193 2497 3289 2567 qui
3343 2500 3499 2571 prius
3530 2519 3641 2562 non

2065 2578 2463 2645 cernebantur,
2520 2589 2575 2636 et
2636 2597 2800 2638 voces
2861 2585 3183 2643 emittentes
3241 2589 3534 2659 obscuras,
3586 2609 3646 2652 et

2065 2669 2247 2741 ignem
2283 2670 2589 2728 inferentes
2621 2688 2638 2726 :
2672 2675 2765 2744 qui
2806 2691 2999 2731 rursus
3028 2694 3155 2733 cum
3189 2680 3260 2736 ab
3296 2699 3361 2738 ea
3393 2686 3643 2758 increpa-

2065 2772 2285 2827 rentur,
2317 2761 2684 2834 excedebant,
2702 2776 2760 2822 et
2781 2777 3045 2839 tanquam
3072 2770 3259 2829 fumus
3289 2776 3644 2838 deﬁciebant.

2063 2852 2471 2926 Nonnunquam
2501 2865 2686 2913 autem
2716 2872 2842 2914 eum
2873 2876 3198 2930 generosam
3231 2865 3491 2926 feminam
3523 2873 3648 2929 sitis

2065 2944 2380 3012 invasisset,
2405 2948 2494 3002 illa
2522 2963 2716 3018 parum
2743 2966 3029 3022 progressa
3064 2969 3097 3010 e
3128 2955 3386 3023 delubro,
3417 2977 3541 3018 cum
3576 2966 3646 3020 ad

2065 3035 2297 3092 herbam
2326 3052 2384 3093 se
2408 3041 2798 3105 convertisset,
2827 3044 3073 3102 roscidas
3098 3053 3156 3102 et
3183 3049 3389 3106 virides
3439 3054 3649 3112 herbas

2066 3129 2135 3184 ad
2161 3130 2435 3186 modicam
2455 3134 2891 3190 consolationem
2916 3137 2998 3192 ori
3032 3138 3299 3197 admovit.
3325 3144 3432 3211 Qui
3460 3157 3645 3203 autem

381 3227 821 3298 προσηνέγκατο.
885 3224 946 3280 '0
1000 3224 1057 3278 δὲ
1097 3222 1404 3294 παράδοξον
1445 3222 1506 3274 τὸ
1534 3220 1713 3291 μάννα
1739 3220 1957 3282 ὑετίσας

2066 3221 2475 3279 admirabiliter
2509 3240 2710 3281 manna
2745 3227 3047 3299 aliquando
3092 3231 3230 3301 pluit
3263 3233 3558 3306 Dominus,
3592 3253 3652 3296 et

382 3319 514 3374 ποτὲ
545 3317 767 3388 Κύριος,
797 3317 895 3370 καὶ
926 3316 1050 3370 λαὸν
1081 3316 1338 3380 ἑστιάσας
1364 3315 1491 3386 ἄχρι
1526 3314 1715 3384 κόρου,
1745 3313 1840 3366 τὸν
1863 3327 1961 3366 πο-

382 3413 550 3484 νηρὸν
590 3414 686 3464 καὶ
718 3410 1034 3481 ἀχάριστον,
1081 3411 1431 3479 αὐτοσχέδιον
1468 3409 1651 3482 ταύτῃ
1683 3409 1745 3463 τδ
1795 3408 1961 3462 ποτὸν

377 3504 525 3575 ὁμοῦ
578 3504 674 3558 καὶ
701 3504 801 3575 τὴν
827 3504 1113 3574 τράπεζαν·
1157 3503 1517 3559 ἀνεδείκνυεν.
1567 3503 1657 3555 Ἐν
1690 3501 1961 3555 καυσὼδει

382 3594 495 3666 γὰρ
522 3595 684 3666 χώρῳ
706 3599 801 3647 καὶ
828 3594 994 3649 πολὺν
1042 3595 1139 3649 τὸν
1164 3594 1317 3666 ἥλιον
1360 3594 1641 3665 δεχομένῳ
1671 3594 1836 3649 τόπον
1870 3593 1964 3646 εύ-

384 3686 554 3758 ροῦσα
593 3686 800 3748 νοτίδος
845 3687 1050 3757 μικρᾶς
1105 3685 1410 3755 ἐγκύμονα,
1464 3687 1558 3738 καὶ
1603 3684 1795 3739 τοῦτον
1817 3682 1964 3750 ὀξέσι

381 3777 550 3841 λίθοις
578 3777 702 3830 ὅσον
732 3776 952 3845 ἐφικτὸν
983 3771 1051 3847 ἦν
1089 3776 1298 3838 κοίλαις
1322 3773 1591 3845 ἀρύεσθαι
1632 3775 1751 3837 ταῖς
1772 3774 1963 3844 χερσὶν

360 3869 717 3941 ,ἀνορύξασα,
768 3868 1135 3937 ἐπιλαϐούσης
1176 3869 1279 3941 ήδη
1332 3864 1529 3930 νυκτὸς
1557 3867 1695 3933 αύτὴ
1731 3866 1831 3936 μὲν
1863 3866 1967 3929 τὰς

388 3963 644 4033 συνήθεις
698 3963 867 4033 εὐχὰς
892 3960 1258 4016 ἁποδώσουσα
1306 3961 1386 4032 τῷ
1421 3960 1543 4033 Θεῷ
1593 3959 1855 4030 ἐπανῄειο
1892 3962 1961 4029 τῇ

383 4054 647 4126 ὑστεραίᾳ
678 4053 734 4107 δὲ
786 4054 955 4107 πάλιν
1000 4054 1308 4124 ἀφικομένη
1346 4053 1544 4124 μεστὸν
1573 4049 1822 4119 εὑρίσκει
1872 4050 1965 4103 τὸν

381 4150 586 4206 λάκκον
615 4151 832 4213 ὓδατος,
866 4152 1161 4221 βρωσίμων
1191 4168 1252 4205 τε
1281 4149 1524 4220 βοτανῶν
1551 4148 1833 4221 τράπεζαν
1864 4147 1962 4201 οὐ·

377 4243 571 4313 δαμῶς
627 4244 823 4313 ἄτιμον
871 4246 937 4313 τῇ
988 4244 1321 4316 ἑστιωμένῃ,
1368 4242 1505 4296 ἀλλὰ
1540 4241 1721 4312 πολλῷ
1759 4239 1963 4309 μᾶλλον

381 4339 492 4391 τῶν
513 4337 637 4401 τοὺς
668 4338 873 4408 ἁδροὺς
901 4338 1326 4409 θεραπευουσῶν
1348 4336 1447 4392 καὶ
1482 4336 1756 4390 πλουσίων
1792 4334 1964 4406 αὐτὴν

383 4427 809 4501 εὐφραίνουσαν.

2066 3314 2329 3384 populum
2362 3316 2515 3386 pavit
2548 3317 2615 3372 ad
2646 3319 2984 3386 satietatem,
3020 3325 3114 3394 qui
3151 3335 3270 3380 erat
3304 3329 3577 3399 malignus
3595 3342 3654 3388 et

2068 3406 2338 3479 ingratus,
2368 3424 2468 3465 sua
2500 3421 2699 3480 sponte
2720 3420 2947 3468 enatum
2985 3426 3181 3485 potum’
3226 3427 3281 3474 et
3318 3435 3562 3477 mensam
3596 3424 3651 3480 ei

2067 3501 2234 3557 simul
2265 3502 2531 3557 ostendit.
2558 3500 2693 3558 Nam
2726 3519 2852 3560 cum
2891 3506 2947 3561 in
2994 3508 3117 3563 loco
3139 3511 3393 3580 ardente,
3444 3523 3503 3571 et
3546 3518 3649 3572 soli

2067 3595 2228 3650 valde
2258 3596 2534 3666 exposito,
2590 3597 2897 3653 invenisset
2948 3600 3134 3656 locum
3192 3620 3369 3674 pauco
3415 3605 3652 3664 humore

2065 3687 2379 3757 gravidum,
2399 3697 2456 3743 et
2477 3704 2604 3743 eum
2631 3690 2809 3746 acutis
2831 3690 3119 3748 etl‘odisset
3146 3695 3446 3765 lapidibus,
3476 3714 3654 3769 quan-

2070 3788 2189 3835 tum
2219 3782 2353 3836 satis
2380 3790 2505 3837 erat
2533 3781 2601 3836 ad
2641 3785 2903 3840 concavis
2953 3787 3209 3844 manibus
3255 3789 3649 3856 hauriendum.

2069 3882 2232 3926 nocte
2260 3874 2372 3942 jam
2395 3873 2750 3941 adventante,
2782 3877 2897 3947 ipsa
2930 3878 3157 3947 quidem
3200 3881 3476 3948 ascendit,
3515 3898 3647 3938 con-

2068 3972 2256 4019 suetas
2311 3980 2504 4033 preces
2535 3966 2768 4022 Domino
2827 3969 3135 4025 redditura.
3191 3971 3465 4027 Postridie
3510 3990 3646 4031 vero

2067 4070 2195 4111 cum
2220 4058 2503 4123 rediisset,
2550 4058 2763 4114 invenit
2817 4060 3115 4116 cisternam
3152 4079 3295 4133 aqua
3330 4065 3548 4134 plenam
3592 4078 3650 4123 ct

2069 4160 2321 4203 mensam
2344 4148 2644 4205 herbarum
2674 4150 3113 4218 esculentarum,
3145 4170 3269 4221 qua:
3295 4171 3646 4228 nequaquam

2069 4241 2299 4311 quidem
2334 4242 2663 4313 parvitlcbat
2689 4242 2758 4297 ab
2781 4258 2845 4298 ea
2872 4259 2992 4313 quae
3036 4246 3418 4315 accipiebatur
3465 4252 3655 4306 convi-

2068 4333 2185 4399 vio,
2228 4334 2331 4389 sed
2361 4336 2536 4390 multo
2573 4338 2749 4406 magis
2773 4348 2895 4390 eam
2929 4336 3267 4404 laetiﬁcubat,
3299 4355 3462 4409 quam
3490 4342 3654 4398 lauta

2069 4437 2128 4483 et
2161 4430 2409 4499 opiparas
2440 4443 2617 4484 cinna:
2641 4436 2846 4500 paratae
2884 4428 3176 4485 divitibus.

454 4566 537 4622 K'.
564 4564 752 4630 Οὕτως
781 4560 876 4620 οὖν
908 4564 1141 4637 ἐχούσης
1169 4564 1340 4635 αὑτῆς
1366 4564 1463 4619 καὶ
1495 4561 1613 4634 Θεῷ
1642 4564 1732 4618 διὰ
1765 4562 1962 4626 παντὸς

2141 4562 2263 4617 XX.
2299 4561 2442 4619 Cum
2486 4578 2552 4619 ea
2583 4578 2717 4636 ergo
2748 4563 2830 4620 sic
2854 4578 2914 4620 se
2941 4563 3195 4626 haberet.
3225 4575 3282 4622 et
3309 4564 3483 4622 Deum
3512 4569 3652 4625 assi-

384 4659 761 4729 προσεχούσης
807 4659 979 4712 δεινὸν
1013 4660 1041 4713 6
1073 4658 1243 4722 δεινὸς
1275 4657 1434 4711 τοῦτο
1483 4660 1577 4710 καὶ
1609 4657 1709 4710 οὐκ
1740 4656 1967 4710 ἀνεκτὸν

385 4752 599 4822 ἔκρινεν
620 4766 636 4783 ο
692 4750 813 4804 ὅθεν
866 4750 1061 4805 ἑαυτὸν
1087 4750 1170 4814 δὶς
1198 4752 1280 4816 είς
1314 4750 1564 4821 εὐπρεπῆ
1588 4751 1819 4820 γυναῖκα
1847 4749 1965 4802 δια-

389 4844 687 4915 μορφώσας
720 4844 813 4898 καὶ
840 4843 1177 4915 προσελθὼν,
1210 4844 1327 4899 Ἵνα
1352 4845 1427 4906 τί,
1452 4844 1616 4915 κυρία
1644 4860 1769 4913 μου,
1789 4841 1964 4909 ἔλεγε,

384 4938 446 4989 τὸ
468 4937 708 5005 ζοφῶδες
732 4937 890 4991 τοῦτο
919 4938 1013 4992 καὶ
1044 4937 1276 4993 ἔκτοπον
1311 4936 1622 5010 προῄρησαι
1648 4937 1926 4989 κατοικεῖν
1948 4951 1965 5002 ;

384 5024 461 5083 Ἦ
489 5046 548 5082 τε
576 5030 685 5100 γὰρ
706 5029 914 5101 ἐρημία
935 5030 1123 5102 μακρὰ
1145 5031 1242 5084 καὶ
1273 5031 1305 5100 ἠ
1338 5030 1446 5082 τῶν
1475 5028 1799 5098 ἐπιτηδείων
1827 5026 1970 5080 σπὰ·

384 5139 467 5185 νις
507 5123 699 5192 συχνή.
738 5122 949 5182 ’Ἄλλως
977 5140 1035 5175 τε
1052 5122 1107 5176 δὲ
1126 5122 1219 5175 καὶ
1241 5123 1341 5191 τὴν
1363 5120 1578 5192 ἡλικίαν
1598 5119 1681 5172 ετι
1702 5117 1972 5182 νεάζουσα

390 5209 441 5268 εἷ
477 5216 574 5283 καὶ
600 5215 663 5267 τδ
694 5215 892 5279 κάλλος
922 5216 1232 5288 διαπρεπής
1257 5230 1272 5246 ο
1304 5216 1403 5268 καὶ
1444 5214 1566 5267 λίαν
1594 5213 1811 5266 δέδοικα
1839 5212 1970 5281 περὶ

392 5307 487 5361 σοῦ
545 5306 621 5377 μὴ
678 5308 739 5361 τὸ
772 5308 1077 5377 ἐπέραστον
1127 5306 1286 5360 τοῦτο
1341 5306 1613 5375 πρόφασις
1671 5303 1971 5375 ὶπιθυμὶας

389 5401 711 5464 ἀκολάστοις
732 5399 1033 5472 ὀφθαλμοῖς
1053 5401 1302 5472 γένηται,
1324 5402 1419 5453 καὶ
1449 5394 1534 5453 διὰ
1562 5398 1659 5469 τὴν
1675 5397 1771 5452 τοῦ
1800 5397 1967 5450 τόπου

387 5495 627 5563 μόνωσιν
679 5495 773 5547 καὶ
828 5493 926 5565 τὴν
986 5494 1223 5565 ἐρημίαν
1269 5490 1364 5548 τοῦ
1417 5491 1775 5564 βοηθήσοντος
1811 5489 1970 5561 ὓϐριν

389 5587 676 5657 λπαγάγῃς
702 5585 780 5656 τῷ
814 5585 1015 5657 ἑαυτῆς
1057 5585 1296 5655 σώματι.
1345 5584 1489 5638 Ἀλλ’
1516 5584 1570 5636 ετ
1593 5599 1686 5654 μοι
1716 5582 1974 5653 πειθομὲη

391 5694 493 5747 νην
521 5693 583 5732 σε
611 5681 781 5749 αὐτὴν
830 5678 1159 5750 παράσχοις,
1199 5677 1573 5745 καταγάγοιμι
1616 5675 1680 5727 ἄν
1733 5691 1793 5728 σε
1831 5673 1970 5745 πρὸς

392 5770 463 5822 τὰ
491 5766 584 5822 τοῦ
608 5769 820 5833 ἄστεος,
877 5769 1006 5822 ενθα
1058 5769 1152 5822 καὶ
1181 5769 1362 5822 οἰκίαν
1392 5783 1533 5819 κατα
1558 5766 1783 5835 γνώμην
1810 5766 1972 5836 εὑρή-

392 5879 529 5929 σεις,
557 5861 746 5925 καλῶς
777 5862 862 5915 σοὶ
909 5861 1064 5930 φίλον
1112 5858 1399 5930 ἀθορύϐως
1448 5858 1715 5926 οῐκήσεις,
1746 5856 1969 5910 καὶτῶν

749 5956 1019 6018 Puncta
1068 5956 1178 6014 Gn.
1216 5954 1365 6013 CXV
1382 5954 1400 6011 Ι
1415 5998 1430 6013 .

2070 4654 2182 4711 due
2212 4664 2421 4721 oraret,
2465 4655 2573 4711 hoc
2596 4671 2760 4727 grave
2791 4668 2847 4710 et
2892 4669 3005 4712 non
3039 4655 3334 4712 ferendum
3378 4659 3652 4729 malignus

2066 4748 2371 4820 judicabat.
2418 4746 2792 4815 Quamobrem
2851 4757 3109 4817 suscepta
3158 4749 3337 4804 forma
3384 4752 3648 4818 speciosa:

2071 4841 2314 4905 (ennium,
2349 4841 2418 4895 ad
2460 4856 2582 4897 eam
2627 4841 2952 4897 accedens:
2987 4840 3125 4909 Cur,
3178 4840 3384 4910 inquit,
3424 4841 3649 4899 domina

2072 4949 2216 5000 mea,
2247 4934 2507 5005 delegisti
2538 4936 2645 4990 hoc
2677 4934 2978 4990 obscurum
3007 4945 3064 4989 et
3090 4935 3335 4989 alienum
3360 4934 3651 4991 habitacu-

2072 5027 2187 5083 lum
2213 5028 2236 5081 ?
2261 5027 2397 5083 Nam
2421 5036 2480 5083 et
2508 5028 2669 5100 longa
2696 5027 2967 5093 solitudo,
2995 5035 3053 5081 et
3076 5027 3309 5098 penuria
3342 5042 3526 5082 rerum
3551 5042 3653 5083 ne-

2071 5120 2446 5175 cessariarum
2480 5130 2677 5191 magna
2714 5130 2821 5186 est,
2862 5129 2921 5176 et
2952 5119 3162 5190 alioqui
3195 5133 3256 5172 es
3279 5127 3439 5174 atate
3471 5118 3655 5174 adhuc

2069 5212 2312 5285 juvenis,
2351 5221 2408 5267 et
2439 5213 2639 5284 insigni
2678 5212 3122 5289 pulchritudine,
3165 5220 3221 5266 et
3262 5211 3362 5265 tibi
3395 5211 3553 5267 valde
3582 5211 3655 5266 ti-

2074 5320 2223 5370 meo,
2251 5320 2323 5361 ne
2349 5305 2606 5361 amabilis
2631 5305 2722 5359 hic
2751 5304 2937 5358 vultus
2970 5303 3043 5358 sit
3073 5302 3295 5358 occasio
3328 5301 3652 5371 cupiditatis

2074 5398 2388 5454 libidinosis
2412 5397 2611 5460 oculis,
2654 5404 2712 5453 et
2737 5404 2967 5466 propter
3011 5395 3118 5449 loci
3174 5393 3559 5459 solitudinem,
3592 5405 3653 5446 et

2073 5489 2221 5562 quod
2252 5505 2363 5545 non
2386 5488 2552 5554 adsit,
2584 5488 2681 5559 qui
2709 5486 2782 5545 sit
2801 5500 2962 5557 opem
2987 5485 3091 5541 tibi
3124 5486 3366 5550 laturus,
3403 5493 3499 5540 tuo
3532 5499 3657 5541 cor-

2076 5581 2194 5652 pori
2228 5578 2439 5634 inieras
2486 5579 2906 5634 contumeliam.
2940 5576 3049 5633 Sed
3084 5580 3131 5633 si
3194 5576 3332 5632 mihi
3374 5577 3651 5647 parueris,

2078 5684 2131 5727 te
2163 5671 2433 5727 deducam
2461 5670 2529 5725 ad
2559 5670 2732 5740 ipsam
2766 5670 3072 5733 civitatem,
3108 5668 3202 5724 ubi
3235 5671 3403 5725 etiam
3427 5666 3655 5723 domum

2078 5766 2330 5820 invenies
2359 5776 2424 5820 ex
2457 5772 2548 5819 tua
2576 5764 2875 5827 sententia,
2901 5773 2958 5818 et
2985 5771 3046 5817 ut
3072 5762 3174 5818 tibi
3208 5763 3407 5835 placet,
3437 5759 3657 5816 habita-

2083 5856 2169 5914 bis
2201 5857 2408 5929 absque
2444 5857 2556 5913 ullo
2583 5857 2859 5924 tumultu;
2892 5871 3072 5927 neque
3100 5856 3199 5910 tibi
3247 5855 3501 5919 deerunt,
3537 5866 3662 5925 qua

3103 5948 3183 6011 30
