4142 6384
524 342 633 408 θθθ

1648 335 2033 407 ADDENDA.
2072 362 2145 375 -·
2181 337 2606 403 Νογιιιυθειι

3667 335 3772 399 ΜΟ

522 469 659 517 sunt
704 456 1035 515 necessaria.
1096 456 1191 512 illa
1227 464 1412 511 autem
1447 470 1575 511 cum
1627 454 2094 526 deprehendisset

2210 458 2275 522 ιίς
2304 458 2500 528 χρῆσιν
2550 458 2874 530 ἐπιτηδείων
2925 458 3175 528 οὐδαμῶς
3235 456 3560 527 ἀπορήσεις.
3619 454 3773 509 Ἦδδ

526 554 634 608 hoc
691 566 816 606 esse
858 546 1191 604 insidiosum
1249 549 1545 603 consilium
1603 549 1929 615 adversarii,
1977 551 2096 607 haec

490 650 495 657 '
527 642 695 696 verba
724 641 1003 710 reputavit
1036 648 1296 712 tanquam
1348 657 1542 713 nugas,
1572 652 1630 698 et
1685 643 1969 711 superavit
2011 642 2096 698 la-

524 750 751 806 queum.
777 734 883 788 Sed
917 751 1113 789 rursus
1141 736 1437 807 malignum
1466 736 1603 791 illud
1630 736 1960 791 daemonium
1988 751 2095 790 non

522 837 706 884 cessat
743 828 891 882 omni
923 836 1042 882 arte
1070 843 1190 881 eam
1218 831 1500 884 invadere.
1526 828 1719 899 Itaque
1747 845 1871 884 cum
1907 830 2097 883 circu-

486 928 490 934 ‘
523 922 733 976 latricis
767 920 966 974 vetulae
996 919 1229 973 formam
1274 921 1635 991 suscepisset,
1669 927 1724 975 et
1774 920 1954 989 ignem
2002 918 2095 989 qui

530 1014 822 1069 videbatur
855 1010 1034 1065 emitti
1060 1025 1126 1064 ex
1163 1010 1362 1074 oculis,
1397 1009 1589 1065 insane
1630 1011 1796 1065 simul
1834 1020 1890 1064 et
1920 1009 2098 1064 auda-

518 1117 645 1161 'cter
674 1120 732 1159 se
759 1101 1144 1172 abjiciebatad
1178 1103 1298 1173 ejus
1329 1103 1516 1172 pedes,
1552 1113 1768 1157 terrens
1790 1113 1841 1157 et
1866 1104 2099 1172 loquens

522 1194 766 1251 absurda
793 1203 849 1248 et
880 1194 1084 1261 turpia.
1113 1191 1250 1247 Cum
1270 1209 1402 1263 ergo
1438 1192 1596 1247 beata
1621 1195 1742 1264 ejus
1771 1194 1969 1247 nullam
1994 1193 2098 1246 du~

513 1297 678 1341 ὀυτοι
723 1286 1017 1347 rationem,
1068 1300 1248 1353 neque
1295 1300 1351 1338 se
1408 1285 1474 1339 ad
1523 1299 1644 1339 eam
1682 1293 1939 1348 verteret,
1979 1296 2098 1338 tan-

524 1392 687 1446 quam
723 1378 956 1431 saeviens
994 1384 1049 1428 et
1072 1373 1345 1428 insultans
1381 1392 1395 1427 :
1440 1375 1579 1437 Etsi.
1624 1374 1824 1444 inquit,
1863 1389 2099 1444 genero-

526 1485 646 1522 sam
675 1469 935 1522 feminam
968 1482 1080 1520 non
1122 1467 1276 1537 potui
1317 1467 1563 1528 vincere,
1597 1482 1722 1520 cum
1761 1476 1906 1520 esset
1940 1466 2099 1536 juve-

526 1567 631 1625 nis,
654 1562 749 1615 sed
775 1564 829 1613 in
850 1569 1132 1615 senectute
1157 1561 1388 1613 inferam
1415 1559 1535 1623 tibi,
1557 1576 1677 1627 qua:
1696 1570 1825 1614 sunt
1852 1559 2098 1613 omnium

524 1653 868 1709 diﬂicilLima.
910 1652 970 1706 In
1001 1652 1292 1719 praesentia
1319 1660 1504 1705 autem
1536 1653 1807 1705 adversus
1848 1662 1900 1705 te
1953 1651 2103 1704 exci-

528 1747 660 1801 tabo
681 1760 798 1810 eos,
830 1744 928 1815 qui
964 1754 1097 1799 sunt
1131 1744 1342 1812 Beryti,
1378 1755 1439 1796 ut
1467 1759 1589 1812 quae
1618 1743 1925 1812 vilipendas
1946 1742 2101 1796 delu-

530 1846 685 1893 trum
716 1842 911 1893 eorum
950 1837 1247 1901 idolorum,
1281 1847 1339 1890 et
1367 1846 1637 1905 quantum
1675 1837 1728 1890 in
1766 1846 1816 1890 te
1849 1846 1950 1890 est.
1977 1835 2062 1889 eiii
2084 1865 2097 1873 -

526 1930 623 1993 cis,
662 1942 720 1985 ut
745 1930 1012 1985 habeatur
1053 1927 1361 1997 despectui.
1395 1930 1503 1983 llas
1566 1927 1848 1997 improbas
1879 1925 2101 1995 maligni

525 2020 758 2078 insidias
795 2031 1132 2088 exceperunt
1179 2021 1544 2075 revelationes
1582 2030 1639 2074 et
1680 2020 1921 2074 visiones
1965 2019 2097 2072 θινὶ·

527 2119 733 2182 niores,
768 2114 1048 2186 quomodo
1090 2113 1233 2168 solet
1266 2113 1414 2168 Deus
1450 2113 1723 2167 consolari
1767 2114 1818 2167 in
1850 2111 2101 2166 afﬂictio-

530 2206 715 2274 nibus,
743 2220 801 2263 et
828 2222 927 2277 per
959 2206 1285 2274 benigniora
1322 2206 1558 2270 solvere,
1584 2220 1706 2273 quae
1736 2216 1865 2256 sunt
1899 2202 2102 2257 tristia.

532 2320 549 2351 ε
593 2297 912 2354 Secundum
966 2296 1376 2350 multitudinem
1419 2296 1592 2360 enim,
1631 2311 1650 2343 ι
1676 2294 1857 2363 inquit
1882 2294 2105 2347 divinus

528 2390 720 2456 David,
755 2408 773 2442 ε
807 2388 1060 2442 dolorum
1088 2401 1338 2441 meorum
1372 2386 1427 2440 in
1462 2385 1628 2442 corde
1663 2401 1809 2449 meo,
1856 2384 2105 2439 consola-

529 2456 854 2539 tiones‘tua:
886 2480 1308 2537 laetificaverunt
1336 2480 1575 2534 animam
1626 2493 1804 2533 meam
1843 2477 1886 2531 ⁸.
1925 2496 1945 2528 ι
1998 2476 2107 2532 Res

530 2585 713 2630 autem
742 2575 815 2628 ita
837 2589 898 2629 se
927 2573 1143 2627 habuit.
1369 2629 1373 2632 ,

601 2666 747 2722 XXI.
782 2665 921 2722 Cum
950 2665 1069 2734 ipsa
1097 2676 1349 2733 vespere,
1380 2672 1442 2717 ut
1483 2661 1715 2723 solebat,
1762 2674 1954 2729 preces
1981 2658 2108 2713 fun-

531 2760 710 2823 deret,
745 2768 858 2813 tres
898 2757 999 2812 viri
1032 2766 1222 2825 aperte
1266 2752 1621 2815 accedentes,
1652 2752 1757 2806 visi
1788 2759 1917 2806 sunt
1960 2750 2105 2820 psal-

531 2853 648 2909 lere
682 2872 693 2906 :
725 2863 780 2906 et
812 2849 980 2905 horas
1009 2849 1222 2918 aliquot
1266 2857 1488 2916 peracta
1520 2854 1604 2900 est
1649 2844 1717 2899 ab
1751 2845 1833 2899 eis
1863 2858 2103 2914 genuum

530 2945 693 3001 ﬂexio
755 2959 898 3014 pone
961 2941 1288 2996 Matronam.
1345 2940 1440 2996 illa
1497 2947 1683 2993 autem
1748 2945 2107 2993 convertente

531 3038 757 3101 faciem,
793 3044 851 3091 ut
881 3035 1098 3089 videret
1136 3034 1365 3102 quinam
1404 3040 1633 3096 essent,
1674 3046 1799 3086 cum
1828 3030 2029 3085 leniter
2052 3038 2109 3083 ct

2198 548 2499 617 φωράσασα
2525 545 2619 601 τοῦ
2652 549 2898 602 ἐναντίου
2928 548 3133 619 ταύτην
3163 545 3305 603 εἶναι
3336 551 3438 618 τὴν
3485 547 3775 601 ἐπίϐουλον

2199 638 2508 711 συμϐουλὴν
2538 639 2672 694 ὡσεὶ
2718 638 2888 712 λῆρον
2934 645 3090 693 ταυτὶ
3117 640 3185 694 τὰ
3208 641 3432 711 ῥήματα
3460 639 3771 708 ἐλογίσατο,

2197 735 2292 787 καὶ
2320 733 2571 802 ἀνωτέρα
2602 733 2702 799 τῆς
2736 733 2963 802 παγίδος
2990 733 3164 804 διέΰη.
3205 733 3369 787 Ἀλλὰ
3397 734 3556 787 πάλιν
3584 734 3643 786 τὸ
3675 749 3775 787 πο·

2197 827 2360 897 νηρδν
2411 827 2587 879 ἐκεῖνο
2619 826 2897 896 δαιμόνιον
2926 828 3027 881 οὐκ
3058 826 3200 880 ἀνίει
3229 826 3319 880 διὰ
3364 826 3546 897 πάσης
3576 826 3775 896 τέχνης

2200 923 2562 994 προσΰάλλον,
2600 926 2694 977 καί⁵
2725 926 2788 994 τῇ
2824 923 3102 996 Ματρὼνῃ
3132 914 3773 992 ὲπιτιθέμενονέᾌμέλει

2198 1018 2289 1069 καὶ
2312 1015 2481 1087 γραὸς
2528 1015 2815 1084 ἁγύρτιδος
2874 1015 3089 1088 μορφὴν
3116 1015 3349 1069 ὑπελθδν
3390 1016 3487 1068 καὶ
3521 1015 3631 1084 πῦρ
3662 1014 3775 1067 τῶν

2196 1107 2493 1178 ὀφθαλμῶν
2543 1108 2759 1178 ἀφιέναι
2815 1111 3142 1178 φαινόμενον
3198 1107 3460 1178 ὲμμανῶς
3514 1106 3651 1175 ὁμοῦ
3680 1108 3777 1159 καὶ

2199 1200 2446 1270 θρασέως
2470 1203 2584 1265 τοῖς
2620 1202 2775 1256 ποσὶν
2797 1201 2966 1271 αὐτῆς
3006 1200 3365 1272 ἐπερῤίπτετο
3399 1198 3778 1266 δεδιττόμενόν

2199 1310 2256 1345 τε
2279 1294 2372 1346 καὶ
2400 1293 2770 1363 φθεγγόμενον
2825 1293 3002 1347 ἄτοπα
3035 1294 3130 1346 καὶ
3164 1292 3376 1361 σαπρά.
3446 1291 3532 1354 Ὧς
3565 1290 3620 1344 δὲ
3649 1289 3776 1343 οὒτε

2199 1385 2331 1454 παρ’
2359 1384 2527 1453 αὐτῆς
2550 1384 2769 1454 ἠξιοῦτο
2790 1383 2904 1436 οὗθ’
2932 1384 3071 1444 ὅλως
3121 1383 3598 1452 ἐπιστρεφομένη-ι
3626 1380 3778 1452 ἐώρα

2197 1478 2297 1543 τὴν
2348 1476 2647 1545 μακαρίαν,
2685 1475 3011 1545 χαλεπαῖνον
3048 1469 3136 1528 οἷα
3192 1475 3285 1527 καὶ
3345 1474 3775 1545 θρασυνόμενον,

2200 1568 2261 1620 Εἰ
2296 1570 2388 1621 καὶ
2439 1567 2565 1620 νέαν
2614 1562 2798 1629 οὖσαν,
2832 1568 2984 1629 ἐδόα,
3015 1566 3075 1619 σὲ
3112 1566 3211 1636 τὴν
3248 1565 3502 1633 γενναίαν
3532 1564 3774 1634 ήττῆσαι

2199 1654 2299 1710 οὔδε
2332 1658 2547 1726 ἴσχυσα,
2580 1657 2696 1709 ἀλλ’
2751 1660 2808 1710 ὲν
2831 1657 2908 1727 τῷ
2946 1658 3092 1728 γήρα
3116 1657 3183 1710 τὰ
3228 1656 3448 1709 πάντων
3481 1656 3666 1720 ἐπάξω
3694 1671 3775 1707 σοι

2200 1747 2587 1819 χαλεπώτατα.
2647 1749 2721 1801 Τὸ
2776 1748 2834 1801 δὲ
2889 1748 2983 1801 νῦν
3014 1748 3135 1818 ἔχον
3174 1751 3315 1801 κατὰ
3361 1745 3457 1799 σοῦ
3504 1747 3778 1815 διαοτήσω

2204 1842 2332 1903 τοὺς
2358 1844 2413 1893 ἐν
2438 1840 2669 1911 Βηρυτῷ
2703 1840 2777 1902 ὡς
2816 1838 3098 1911 ἁτιμώσης
3133 1856 3190 1892 τε
3219 1840 3278 1892 to
3304 1838 3570 1890 είδωλεῖον
3599 1836 3779 1891 αὐτῶν

2206 1932 2300 1985 καὶ
2338 1930 2397 1983 τό
2423 1947 2484 1997 γε
2508 1925 2642 2000 ἧκον
2669 1931 2748 1993 είς
2781 1932 2839 1981 σὲ
2872 1928 3304 1999 παρεωραμένον
3343 1928 3476 1979 αὐτὸ
3498 1925 3780 1978 δεικνυού-

2207 2039 2331 2091 σης.
2360 2022 2471 2084 Τὰς
2501 2020 2755 2083 τοιαύτας
2793 2020 2849 2073 δὲ
2893 2020 3313 2089 κακομηχάνους
3342 2019 3636 2079 ὲπιόουλὰς
3684 2015 3778 2070 τοῦ

2207 2114 2443 2185 πονηροῦ
2466 2114 2764 2183 διεδέχοντο
2798 2113 3175 2179 ἀποκαλύψεις
3230 2114 3327 2164 καὶ
3359 2110 3615 2164 όπτασίαι
3641 2109 3781 2162 θειό-

2206 2223 2381 2275 τεραι,
2410 2206 2584 2273 ὅσπερ
2632 2205 2832 2275 τρόπος
2863 2202 2999 2257 θεοῦ
3036 2204 3378 2275 παρακαλεῖν
3415 2205 3472 2255 ὲν
3497 2205 3618 2264 ταῖς
3668 2200 3784 2254 θλί-

2204 2298 2332 2368 ψεσι
2356 2298 2450 2350 καὶ
2485 2298 2555 2350 τὰ
2600 2296 2902 2367 σκυθρωπὰ
2935 2294 3086 2349 λύειν
3128 2296 3215 2349 διὰ
3244 2295 3354 2348 τῶν
3377 2293 3779 2365 χρηστοτέρων.

2215 2409 2236 2443 ε
2277 2390 2435 2443 Κατᾶ
2452 2388 2514 2441 τὸ
2549 2389 2754 2459 πλῆθος
2780 2389 2905 2459 γὰρ,
2930 2406 2949 2440 ι
2983 2387 3150 2458 φησὶν
3180 2388 3211 2440 ὁ
3237 2388 3378 2450 θεῖος
3407 2386 3589 2447 Δαυῖδ,
3627 2403 3647 2437 ε
3673 2386 3784 2437 τῶν

2205 2482 2409 2534 ὀδυνῶν
2460 2500 2562 2551 μου
2607 2485 2666 2535 ἐν
2706 2485 2771 2552 τῇ
2820 2482 3024 2553 καρδία
3068 2498 3171 2551 μου
3199 2482 3255 2534 αί
3285 2480 3662 2549 παρακλήσεις
3690 2494 3782 2531 σου

2207 2569 2489 2640 ηὖφραναν
2519 2573 2615 2641 τὴν
2640 2571 2820 2640 ψυχήν
2853 2587 2974 2640 μου.
3006 2588 3027 2623 ι
3071 2568 3198 2640 Εἶχε
3222 2570 3278 2624 δὲ
3303 2567 3498 2632 οὕτως.

2280 2664 2412 2718 KA'.
2459 2663 2735 2733 Ἐσπὲρας
2763 2664 2906 2716 κατὰ
2933 2663 2996 2716 τὸ
3030 2663 3259 2732 σύνηθες
3288 2662 3389 2725 τὰς
3415 2662 3582 2731 εὐχὰς
3611 2661 3785 2731 αὐτῆς

2210 2756 2541 2825 ποιουμένης
2569 2757 2892 2819 ἐπιστάντες
2915 2759 3067 2826 τρεῖς
3094 2755 3287 2825 ἄνδρες
3314 2757 3372 2808 ἐν
3402 2755 3624 2826 φανερῷ
3646 2772 3787 2823 συμ-

2206 2849 2433 2918 ψάλλειν
2464 2849 2602 2919 αὐτῇ
2635 2848 2903 2919 ἐῴκεσαν,
2928 2851 3021 2901 καὶ
3052 2847 3223 2919 ὥραις
3262 2847 3357 2900 ἐπὶ
3382 2850 3608 2918 συχναῖς
3629 2848 3789 2915 γονά-

2208 2958 2317 2993 των
2351 2941 2535 3003 αύτοῖς
2571 2942 2748 3003 κλίσις
2771 2942 3081 3011 Μιτρώνης
3121 2941 3349 2994 ὄπισθεν
3377 2942 3631 2995 ἐτελεῖτο.
3674 2942 3787 3006 Τῆς

2207 3034 2266 3087 δὲ
2288 3039 2386 3104 τὴν
2415 3035 2537 3103 ὄψιν
2573 3034 3027 3104 μεταστρεψασης
3057 3034 3198 3087 ὥστε
3225 3034 3373 3097 τίνες
3422 3032 3535 3087 είεν
3565 3033 3782 3104 μαθεῖν,

530 3130 745 3203 placide
804 3137 887 3181 ter
940 3125 1232 3188 dixissent,
1287 3121 1397 3179 Ora
1456 3137 1556 3190 pro
1615 3120 1798 3181 nobis,
1855 3122 2107 3189 protinus

2210 3129 2361 3182 αὐτοὶ
2391 3128 2582 3195 πράως
2613 3129 2755 3182 οὕτω
2779 3130 2874 3181 καὶ
2923 3128 3175 3200 γαληνῶς
3199 3128 3321 3198 τρὶς
3357 3128 3460 3200 ἤδη
3487 3129 3570 3190 τὸ,
3610 3128 3786 3193 ’Υπὲρ

531 3222 809 3277 abierunt.
856 3217 996 3271 Cum
1039 3230 1172 3284 ergo
1220 3229 1342 3269 eam
1398 3216 1576 3267 virtus
1613 3212 1787 3282 magis
1829 3225 1894 3264 ac
1933 3214 2111 3281 magis

533 3313 789 3369 redderet
824 3308 1196 3370 manifestam,
1236 3306 1381 3359 fama
1408 3305 1463 3358 in
1496 3319 1718 3357 omnem
1746 3310 1963 3372 partem
1990 3316 2114 3370 pcr-

536 3403 793 3465 vadebat,
818 3399 964 3470 quod
992 3400 1297 3452 Matronam
1326 3396 1549 3451 malitiae
1583 3395 1815 3464 spiritus
1838 3394 2109 3463 fugerent,

534 3506 591 3553 et
617 3496 727 3551 sint
750 3492 1024 3547 idolorum
1053 3490 1284 3546 delubra
1314 3504 1485 3543 vacua
1513 3487 1876 3542 dmmonibus.
1908 3487 2114 3552 Quam-

535 3588 734 3643 obrem
800 3583 958 3638 multi
994 3581 1062 3635 ad
1112 3596 1235 3634 eam
1278 3579 1609 3643 veniebant,
1651 3578 1736 3632 vel
1777 3592 1897 3632 eam
1934 3576 2113 3631 solum

537 3675 843 3733 convenire
890 3671 1116 3744 plurimi
1170 3670 1460 3725 facientes.
1502 3668 1641 3724 liinc
1684 3669 1887 3723 factum
1919 3682 2025 3733 εει,
2057 3675 2115 3721 ut

536 3767 739 3822 mulier
762 3780 981 3836 quoque
1008 3762 1282 3833 quaedam,
1312 3759 1537 3815 nomine
1566 3759 1880 3829 Sophrone,
1903 3768 2114 3829 tempe-

536 3871 725 3917 ranter
777 3868 834 3915 et
866 3858 1263 3913 convenienter
1298 3870 1400 3911 suo
1452 3855 1664 3908 nomini
1704 3855 1869 3909 vitam
1917 3866 2107 3923 agens,

536 3958 633 4014 sed
653 3971 773 4028 qua:
790 3964 909 4011 erat
931 3954 1219 4026 gentilium
1244 3950 1430 4007 dedita
1458 3951 1604 4005 falsa:
1623 3950 1966 4021 reiigioni,et
1988 3963 2113 4004 cum

536 4066 603 4105 ca
633 4051 753 4104 aliae
785 4060 1029 4118 quoque,
1052 4060 1175 4115 qua:
1203 4044 1450 4098 eamdem
1483 4043 1747 4098 tenebant
1772 4042 2112 4111 Opinionem,

537 4159 665 4200 cum
690 4142 1104 4197 renuntiassent
1125 4137 1449 4208 parentibus
1471 4145 1527 4190 et
1545 4135 1758 4198 amicis,
1783 4143 1837 4189 et
1856 4131 2117 4189 omnibus

540 4236 706 4307 hujus
754 4232 969 4294 mundi,
1031 4230 1243 4299 seipsas
1298 4228 1559 4283 Matrona:
1623 4226 1993 4290 tradiderunt,
2056 4233 2114 4280 et

540 4336 793 4401 patentes
819 4340 983 4379 aures
1005 4323 1057 4379 ei
1088 4322 1428 4393 prmbebant,
1464 4336 1586 4391 qua:
1608 4320 1778 4375 etiam
1810 4318 1962 4373 brevi
1987 4328 2118 4373 sunt

542 4421 877 4490 baptismum
906 4427 1218 4471 consecuta:
1244 4415 1543 4470 salutarem
1575 4430 1588 4467 :
1621 4413 1767 4467 inter
1790 4427 1930 4482 quas
1959 4412 2116 4482 virgo

541 4525 764 4582 quoque
798 4510 1047 4580 quamam
1097 4507 1340 4578 gentilis,
1393 4520 1515 4577 quae
1545 4514 1666 4561 erat
1702 4505 1964 4560 sacerdos
1996 4504 2117 4558 ido-

539 4605 743 4666 lorum,
794 4616 921 4656 cum
973 4600 1043 4655 de
1076 4609 1263 4655 sancta
1313 4598 1637 4665 audivisset,
1686 4606 1743 4653 et
1784 4597 1919 4652 deos
1985 4609 2117 4651 suos

540 4693 983 4757 condemnasset,
1035 4699 1093 4745 et
1145 4689 1336 4746 divino
1392 4690 1511 4744 zelo
1562 4697 1709 4744 esset
1762 4687 1998 4758 repleta,
2050 4700 2115 4741 ea

537 4786 764 4858 quidem
814 4799 939 4855 qua
982 4798 1012 4838 a
1048 4782 1308 4854 gentibus
1346 4780 1726 4837 oﬂ'erebanlur
1765 4778 2112 4833 daemonibus

538 4892 595 4935 et
624 4880 997 4934 consumenda
1023 4884 1184 4931 erant
1204 4874 1259 4928 in
1290 4872 1500 4928 nefaria
1519 4871 1812 4936 sacrificia,
1839 4869 2121 4940 prmbebat

542 4970 899 5043 pauperibus.
926 4967 1048 5038 Ipsa
1083 4974 1270 5021 autem
1305 4980 1429 5019 eum
1461 4961 1806 5018 discessisset
1835 4962 1904 5016 ab
1938 4961 2118 5015 omni-

540 5067 665 5130 bus,
689 5065 759 5120 nd
784 5064 1090 5120 Matronarn
1114 5058 1328 5114 ardenti
1350 5055 1537 5111 studio
1562 5052 1800 5118 accedit,
1826 5061 1884 5109 et
1905 5069 1962 5109 se
1988 5051 2117 5108 facit

543 5174 708 5216 unam
739 5172 806 5213 ex
837 5156 905 5212 iis
931 5170 1054 5225 qua:
1075 5153 1222 5208 illam
1247 5150 1403 5221 sequi
1433 5155 1763 5205 statuerant.

609 5252 779 5311 XXII.
822 5253 958 5307 Cum
997 5258 1181 5304 autem
1231 5247 1451 5301 adesset
1502 5243 1621 5299 dies
1651 5246 1780 5312 Γιιιιο
1820 5238 2115 5312 oportebat

538 5347 725 5422 peragi
759 5345 1051 5404 sacrificia,
1083 5351 1139 5397 et
1166 5342 1260 5412 qui
1290 5339 1357 5395 ad
1378 5353 1499 5394 eam
1523 5351 1725 5408 genere
1775 5333 2112 5396 attinebant,

538 5455 665 5497 eum
707 5440 911 5511 populo
957 5445 1146 5493 essent
1195 5432 1532 5505 congregati,
1570 5433 1741 5501 ipsam
1794 5443 1905 5483 non
1959 5426 2115 5481 inve-

537 5535 789 5596 nientes,
838 5530 1162 5587 nesciebant
1205 5541 1444 5599 quonam
1478 5524 1660 5591 modo,
1697 5536 1820 5593 quae
1855 5519 1924 5576 de
1954 5534 2110 5574 more

542 5623 768 5687 ﬁebant,
827 5629 1173 5695 peragerent,
1223 5633 1352 5677 cum
1395 5633 1507 5675 non
1559 5617 1777 5675 adesset
1827 5611 2107 5672 sacerdos.

607 5804 630 5840 δ
656 5806 799 5863 Psal.
834 5817 983 5867 xcnt,
1017 5804 1105 5862 ιο.

2216 3222 2371 3293 ήμῶν
2427 3220 2609 3290 εὔχου,
2660 3221 2931 3286 εἰπόντες,
2968 3221 3129 3277 εὐθὺς
3161 3221 3429 3294 ἀπῄεσαν.
3486 3222 3665 3291 Δήλην
3694 3220 3791 3273 οὖν

2213 3314 2389 3381 αὐτὴν
2437 3314 2693 3366 επιπλέον
2747 3313 2845 3381 τῆς
2890 3313 3096 3384 ἀρετῆς
3128 3313 3392 3383 ποιούσης
3447 3314 3480 3382 ἡ
3515 3314 3674 3381 φήμη
3698 3311 3789 3364 διὰ

2214 3406 2437 3457 πάντων
2465 3402 2665 3475 ἐχώρει
2695 3406 2779 3458 ὅτι
2814 3405 3121 3474 Ματρώναν
3150 3405 3244 3457 καὶ
3275 3406 3344 3457 τὰ
3389 3406 3603 3474 πονηρὰ
3624 3401 3790 3455 πνεύ-

2218 3512 2363 3565 ματα
2389 3494 2606 3564 φεύγει,
2636 3494 2731 3548 καὶ
2779 3496 2913 3547 κενᾶ
2967 3494 3239 3562 δαιμόνων
3279 3493 3350 3545 τὰ
3371 3492 3620 3545 εἱδωλεῖα
3650 3490 3789 3545 καθ⁹

2218 3586 2461 3643 ίσταται·
2492 3588 2614 3642 ὅθεν
2645 3589 2741 3642 καὶ
2774 3587 3121 3655 πολλοὶπρὸς
3153 3588 3324 3656 αὐτὴν
3347 3586 3580 3654 ἐφοίτων
3602 3585 3662 3638 τὸ
3690 3585 3786 3639 καὶ⁵

2219 3683 2380 3754 μόνον
2406 3681 2738 3751 κοινωνῆσαι
2794 3681 2969 3749 λόγων
2999 3682 3183 3743 αὐτοῖς
3227 3680 3372 3751 μέγα
3399 3679 3654 3750 οἰόμενοι.
3698 3677 3791 3741 Ἐξ

2215 3769 2277 3829 οὗ
2302 3775 2395 3829 καλ⁸
2442 3776 2579 3844 γυνή
2632 3790 2719 3836 τις
2749 3774 3061 3844 καλουμένη
3125 3774 3385 3844 Σωφρόνη
3437 3770 3789 3843 σωφρονικῶς

2221 3868 2320 3939 μὲν
2349 3868 2444 3921 καὶ
2470 3866 2590 3920 κατ’
2620 3865 2795 3936 ΰνομα
2831 3867 2999 3932 ζῶσα,
3029 3868 3129 3935 τῆς
3163 3866 3487 3935 Ἑλληνικῆς
3541 3864 3599 3917 δδ
3651 3865 3787 3934 θρη-

2219 3960 2410 4021 σκείας
2460 3959 2822 4028 ἀντεχομένη,
2860 3958 3076 4026 σύναμα
3111 3957 3168 4009 δὲ
3216 3957 3353 4026 αὐτῇ
3381 3955 3478 4009 καὶ
3496 3954 3652 4007 ἄλλαι
3691 3954 3793 4022 τῆς

2221 4052 2341 4119 ἴσης
2380 4050 2737 4104 κοινωνοῦσαι
2766 4047 2950 4117 δόξης,
3001 4044 3219 4115 γονεῦσί
3255 4061 3316 4098 τε
3351 4044 3447 4099 καὶ
3492 4043 3667 4113 φίλοις
3694 4046 3791 4097 καὶ

2217 4148 2330 4208 τοῖς
2357 4143 2453 4198 τοῦ
2478 4144 2688 4211 κόσμου
2746 4143 2911 4195 πᾶσιν
2949 4139 3366 4209 ἀποταξάμεναι
3396 4140 3462 4209 τῇ
3512 4136 3789 4206 Ματρὼνῃ

2219 4238 2418 4300 ἑαυτὰς
2443 4236 2778 4307 ἐνεχείρισαν
2801 4235 2896 4288 καὶ
2914 4229 3007 4295 οὖς
3035 4233 3171 4302 αὐτῇ
3197 4230 3447 4293 εὐπειθὲς
3507 4230 3643 4298 πρὸς
3665 4228 3791 4290 τοὺς

2219 4329 2408 4397 λόγους
2442 4328 2683 4397 ὑπεῖχον,
2715 4326 2773 4380 αἶ
2822 4327 2918 4380 καὶ
2969 4325 3119 4386 ἐντὸς
3158 4322 3345 4391 ὀλίγου
3379 4323 3471 4375 ὑπ’
3496 4322 3664 4389 αὐτῆς
3692 4319 3790 4372 τοῦ

2222 4421 2490 4491 σωτηρίου
2518 4418 2889 4489 βαπτίσματος
2915 4412 3255 4484 ἠξιώθησαν.
3293 4412 3383 4465 Ἐν
3416 4405 3501 4473 αἶς
3526 4410 3621 4463 καὶ
3653 4423 3783 4477 παρ-

2219 4512 2368 4575 θένος
2391 4528 2473 4570 τις
2508 4509 2749 4577 Ἑλληνὶς
2776 4508 2947 4575 ἱέρεια
2970 4505 3078 4558 τῶν
3106 4502 3340 4557 εἰδώλων
3360 4500 3706 4571 τυγχάνουσα
3724 4499 3793 4551 τὰ

2218 4623 2285 4659 πε
2297 4608 2346 4675 pi.
2371 4605 2469 4669 τῆς
2494 4602 2644 4665 όσίας
2668 4600 2947 4654 ἀκούσασα
2974 4598 3070 4651 καὶ
3089 4596 3202 4650 τῶν
3227 4596 3429 4666 ἑαυτῆς
3462 4592 3600 4647 θεῶν
3626 4609 3797 4646 κατα-

2217 4697 2443 4768 γνοῦσα,
2477 4695 2641 4766 ζήλου
2699 4711 2757 4749 τε
2807 4691 3162 4764 πληρωθεῖσα
3213 4687 3385 4752 θείου,
3424 4687 3492 4741 τὰ
3525 4687 3626 4756 μὲν
3664 4685 3797 4756 παρ’

2226 4790 2500 4860 Ἑλλήνων
2542 4791 2653 4851 τοῖς
2689 4786 2907 4856 δαίμοσι
2961 4783 3385 4855 προσφερόμενα
3425 4784 3519 4835 καὶ
3547 4781 3630 4841 είς
3668 4777 3801 4831 ἀθέ-

2221 4899 2391 4951 σμους
2461 4879 2650 4942 θυσίας
2719 4875 3215 4932 καταναλίσκεσθαι
3285 4873 3551 4944 μέλλοντα
3598 4871 3798 4939 πένητι

2219 4974 2529 5043 παρέσχεν·
2586 4970 2725 5040 αὐτὴ
2759 4969 2813 5021 δὲ
2856 4968 3075 5022 πάντων
3101 4966 3387 5020 ἀποστᾶσα
3419 4964 3484 5034 τῇ
3516 4956 3798 5031 Ματρὼνῃ

2220 5061 2436 5133 θερμῶς
2480 5061 2866 5131 προσέρχεται,
2925 5059 3021 5112 καὶ
3079 5057 3215 5128 μίαν
3266 5053 3468 5124 ἑαυτὴν
3512 5052 3658 5103 ποιεῖ
3685 5049 3797 5102 τῶν

2219 5156 2403 5227 ἐκείνῃ
2433 5153 2747 5207 ἀκολουθεῖν
2777 5149 3234 5221 αίρετισαμένων.

2293 5247 2422 5301 KL’.
2465 5245 2619 5298 Ἐπεὶ
2648 5244 2704 5297 δὲ
2741 5243 2926 5315 ἡμέρα
2962 5241 3145 5312 παρῆν
3172 5239 3295 5294 καθ’
3346 5239 3410 5313 ἣν
3445 5237 3553 5291 ἔδει
3581 5235 3675 5297 τὰς
3706 5234 3801 5287 θυ-

2223 5337 2344 5401 σίας
2399 5336 2694 5402 τελεῖσθαι,
2738 5335 2942 5406 πλῆθός
2970 5351 3028 5389 τε
3056 5334 3191 5387 λαοῦ
3241 5335 3335 5386 καὶ
3387 5332 3437 5385 οί
3466 5330 3609 5385 κατὰ
3640 5330 3798 5397 γένος

2220 5427 2392 5499 ταύτῃ
2429 5429 2793 5499 προσήκοντες
2846 5425 3282 5498 συνηθροίζοντο,
3314 5420 3489 5494 αὐτὴν
3546 5420 3620 5491 μὴ
3643 5418 3789 5488 εὐρίο

2222 5534 2444 5581 σκοντες
2466 5517 2565 5572 οὐκ
2598 5513 2747 5589 εἰχον
2772 5518 2920 5581 ὅπως
2943 5516 3013 5569 τὰ
3031 5511 3398 5586 νενομισμένα
3426 5509 3689 5563 τελέσωσι
3721 5506 3797 5577 μὴ

2221 5609 2500 5683 παρούσης
2526 5610 2626 5683 τῆς
2661 5608 2887 5683 ίερείας.
2929 5605 3017 5673 Ὦς
3037 5607 3094 5661 δὲ
3135 5606 3371 5661 συνιδεῖν
3408 5605 3511 5658 οὐκ
3536 5600 3807 5671 ἠδύναντο
