4126 6382
485 327 590 392 943

1645 327 2031 390 ADDENDA.
2069 355 2134 365 —
2179 327 2616 404 NOYEMBER.

3652 329 3764 393 114

481 443 622 500 Cum
664 448 848 497 autem
883 440 927 496 is
963 448 1108 495 esset
1143 454 1336 496 rursus
1363 439 1415 496 in
1439 439 1626 512 regina
1657 440 1878 498 urbium
1909 441 2056 497 Con-

2174 441 2335 513 αύτὴν
2371 442 2535 505 πόθος
2551 442 2792 511 ἐντυχεῖν
2822 440 2985 508 πάλιν
3007 440 3317 512 Βασσιανῷ.
3353 443 3501 497 Ἐπεὶ
3527 443 3581 496 δὲ
3603 437 3766 507 οὗτος

484 536 866 616 stantinopoli,
900 534 952 588 in
979 534 1095 604 ipsa
1124 550 1255 589 vero
1281 534 1497 606 adesset
1521 537 1686 590 etiam
1715 535 2065 610 Domitianus

482 631 604 704 ejus
658 629 912 691 maritus,
973 627 1282 697 repellebat
1327 627 1666 683 desiderium
1705 631 1826 700 ejus
1878 629 2061 704 mariti

483 703 684 784 metus.
712 739 779 778 ne
795 722 936 777 forte
965 723 1018 777 in
1054 737 1250 777 manus
1271 723 1392 793 ejus
1423 721 1714 787 incideret,
1748 722 1794 776 si
1821 703 2064 794 venisset

467 817 540 890 in
591 815 806 884 urbem.
852 813 1226 888 Quamobrem
1287 829 1412 868 cum
1459 813 1761 874 distractus
1812 814 1863 869 ei
1915 823 2064 869 esset

483 910 700 963 animus
754 908 840 962 his
870 907 1086 962 duabus
1130 905 1580 976 cogitationibus,
1631 921 1832 975 nempe
1889 907 2063 976 patris

466 1001 754 1070 spiritalis
811 999 1112 1062 desiderio,
1176 1008 1231 1053 et
1285 1007 1432 1053 metu
1497 997 1702 1062 mariti,
1759 1000 1812 1051 in
1876 999 2062 1052 animo

466 1095 724 1151 (habebat
766 1094 843 1148 ire
892 1093 1074 1163 potius
1121 1092 1529 1156 Alexandriam,
1582 1102 1698 1157 aut,
1753 1091 1912 1160 cujus
1967 1107 2063 1160 spe

467 1191 666 1258 fuerat
697 1189 981 1251 frustrata,
1017 1185 1393 1240 Antiochiam.
1426 1184 1539 1239 Hac
1577 1184 1645 1239 de
1684 1200 1850 1253 causa
1883 1185 2062 1238 inten-

469 1283 596 1337 7tius
620 1280 849 1335 vacabat
879 1278 1250 1341 orationibus,
1280 1284 1336 1330 et
1377 1291 1408 1329 a
1450 1276 1684 1330 Domino
1707 1276 2064 1346 exspectabat

481 1373 948 1446 signiﬁcationem
979 1372 1124 1441 ejus,
1158 1367 1306 1440 quod
1332 1377 1453 1423 erat
1487 1367 1540 1424 ei
1562 1367 1811 1422 futurum
1845 1367 2061 1422 condu-

472 1468 673 1524 ~cibile.

550 1564 718 1620 XXV.
748 1564 885 1618 Cum
909 1562 966 1617 in
999 1576 1254 1616 somnum
1281 1574 1412 1630 ergo
1431 1567 1579 1614 esset
1611 1557 1876 1624 resoluta,
1909 1558 2064 1614 vide-

480 1659 647 1715 batur
690 1658 940 1728 aspicere
999 1666 1113 1711 tres
1159 1656 1329 1721 viros,
1397 1670 1637 1725 quorum
1681 1653 2064 1725 unusquisque

477 1755 843 1808 vehementer
890 1749 1288 1813 contendebat,
1321 1749 1576 1818 quisnam
1616 1764 1685 1804 ex
1742 1748 1831 1803 his
1886 1747 2062 1801 tribus

2169 537 2249 596 εἰς
2292 534 2389 603 τὴν
2440 531 2835 602 βασιλεύουσαν
2878 532 2987 584 τῶν
3029 533 3237 586 πόλεων
3270 535 3368 604 τὴν
3405 536 3760 590 Κωνσταντι-

2168 619 2536 698 νούπολινῆν,
2571 625 2628 676 ὲν
2679 625 2819 695 αὐτῇ
2870 624 2926 677 δὲ
2979 626 3164 696 παρῆν
3208 628 3302 678 καὶ
3346 628 3677 696 Δομετιανὸς
3733 631 3761 683 6

2166 720 2372 788 ταύτης
2403 720 2565 790 ἀνὴρ,
2603 717 2853 771 διωθεῖτο
2887 718 2987 789 τὴν
3028 720 3217 786 ἔφεσιν
3249 721 3276 772 ὁ
3311 719 3406 774 τοῦ
3442 722 3635 790 ἀνδρὸς
3665 724 3763 784 φό-

2169 812 2262 875 ϐος
2289 814 2497 883 μήποτε
2529 814 2620 864 καὶ
2650 812 2730 874 εἷς
2759 813 2856 876 τὰς
2882 817 3075 884 χεῖρας
3101 814 3338 879 ἐμπέσοι
3370 814 3764 868 καταλαϐοῦσα

2165 907 2262 976 τὴν
2315 906 2749 976 βασιλεύουσανο
2807 907 2929 960 ὅθεν
2970 908 3062 961 καὶ
3105 907 3225 960 δυσὶ
3275 907 3486 970 τούτοις
3537 906 3765 978 μεριζο-

2169 1003 2305 1070 μένη
2354 1003 2468 1064 τοῖς
2508 1001 2795 1071 λογισμοῖς
2845 1003 3050 1071 πατρός
3087 1020 3144 1056 τε
3183 1001 3562 1072 πνευματικοῦ
3611 1004 3766 1073 πόθῳ

2165 1098 2258 1149 καὶ
2292 1095 2441 1166 φὸὅῳ
2471 1095 2565 1149 τοῦ
2617 1096 2761 1150 κατὰ
2815 1096 3015 1166 νόμους
3079 1097 3296 1168 ἀνδρὸς,
3350 1095 3450 1166 τὴν
3514 1097 3766 1159 Ἀλεξάν-

2165 1188 2354 1256 δρειαν
2392 1187 2592 1255 μᾶλλον
2618 1186 2826 1241 ἐνενόει
2859 1188 3211 1253 καταλαϐεῖν,
3244 1189 3278 1261 ἠ
3310 1188 3514 1257 ταύτης
3546 1189 3762 1242 ἀποτυ-

2165 1278 2365 1348 χοῦσαν
2405 1281 2507 1348 τὴν
2553 1280 2915 1350 ’Δντιόχειαν.
2949 1281 3138 1353 Ταύτῃ
3171 1299 3254 1334 τοι
3291 1282 3387 1334 καὶ
3419 1282 3764 1352 συντονώτε-

2168 1388 2261 1440 ρον
2292 1374 2614 1442 προσέκειτο
2635 1378 2755 1437 ταῖς
2785 1374 3025 1443 δεήσεσι,
3045 1377 3139 1428 καὶ
3163 1374 3260 1446 τὴν
3287 1374 3379 1428 τοῦ
3414 1376 3766 1439 συνοίσοντος

2165 1462 2402 1533 δήλωσιν
2434 1464 2585 1534 παρὰ
2611 1466 2822 1536 Κυρίου
2855 1468 3188 1537 προσέμενε.

2239 1554 2366 1608 KE’.
2402 1557 2814 1628 Κατενεχθεῖσα
2852 1560 2991 1627 γοῦν
3045 1562 3126 1622 εἰς
3175 1557 3346 1612 ὕπνον
3387 1559 3565 1612 ἐδόκει
3606 1563 3766 1630 τρεῖς

2165 1647 2364 1716 ἄνδρας
2420 1650 2574 1720 ὁρᾷν,
2613 1650 2980 1703 διατείνεσθαί
3031 1667 3091 1703 τε
3141 1650 3349 1705 τούτων
3395 1651 3628 1705 ἕκαστον
3662 1656 3759 1705 καὶ

2171 1741 2406 1812 ἰσχυρῶς
2458 1743 2847 1809 ἀνθίστασθαι,
2890 1743 2974 1807 τίς
3004 1745 3114 1797 τῶν
3157 1745 3329 1814 τριῶν
3386 1744 3762 1815 προτιμητέος

479 1861 629 1908 esset
668 1845 1064 1919 praeferendos,
1102 1855 1162 1900 ut
1200 1861 1320 1902 eam
1369 1845 1598 1900 duceret
1634 1861 1884 1900 uxorem.
1920 1843 2057 1900 Cum

2174 1835 2400 1902 ἀγαγεῖν
2431 1835 2600 1904 αὐτὴν
2635 1836 2715 1896 εἰς
2747 1838 3001 1904 γυναῖκα.
3040 1837 3152 1906 Τῆς
3183 1837 3239 1890 δὲ
3267 1834 3460 1907 ὥσπερ
3492 1839 3762 1907 ἐκτρεπο-

483 1959 549 1998 ea
602 1950 788 1995 autem
836 1953 1000 1992 aures
1038 1945 1339 2000 averteret,
1393 1945 1449 1990 et
1502 1944 1723 2006 putaret
1773 1951 1890 1990 rem
1937 1951 2061 1990 esse

483 2034 641 2090 valde
671 2031 969 2087 absurdam
1009 2030 1278 2099 (terrebat
1322 2029 1470 2084 enim
1499 2029 1797 2090 somnium,
1836 2027 2061 2098 utquod

483 2135 630 2183 esset
681 2123 1028 2180 contrarium
1085 2122 1154 2175 iis
1211 2136 1349 2190 quas
1415 2118 1660 2174 interdiu
1718 2127 2060 2186 susceperat,

485 2211 935 2287 cogitationibus)
968 2229 980 2264 :
1014 2209 1250 2274 Quinam
1276 2217 1459 2262 autem
1481 2222 1579 2260 vos
1597 2206 1752 2270 estis,
1772 2205 2064 2260 videbatur

484 2307 567 2363 eis
605 2314 795 2360 sancta
824 2304 1034 2366 dicere,
1064 2310 1121 2355 ct
1148 2316 1271 2370 quae
1303 2309 1434 2355 sunt
1461 2309 1647 2354 vestra
1681 2299 1947 2352 nomina?
1981 2299 2066 2352 Illi

486 2415 618 2455 vero
631 2378 917 2460 dixerunt,
935 2409 1103 2449 unum
1123 2392 1343 2462 quidem
1367 2392 1641 2446 nominari
1662 2391 2062 2457 Alexandrum,

485 2493 721 2548 alterum
753 2497 937 2542 autem
976 2485 1338 2550 Antiochum,
1362 2485 1589 2539 tertium
1625 2500 1758 2539 vero
1791 2487 2065 2539 Constan-

487 2587 687 2638 tinum.
731 2580 892 2633 Sorte
929 2587 1115 2630 autem
1144 2575 1490 2629 conabantur
1537 2572 1803 2626 dirimere
1839 2581 2065 2625 contro-

484 2672 760 2737 versiam;
811 2685 876 2725 ea
909 2683 1039 2724 vero
1085 2667 1288 2722 cecidit
1337 2666 1388 2720 in
1440 2680 1567 2720 eum
1597 2666 1690 2735 qui
1739 2673 1858 2718 erat
1905 2673 2066 2717 aetate

480 2766 722 2840 juvenis,
761 2763 988 2818 nomine
1007 2761 1429 2817 Constantinus.
1467 2759 1507 2813 E
1535 2774 1731 2814 somno
1757 2774 1887 2828 ergo
1917 2758 2068 2811 exci-

486 2868 620 2926 tata,
647 2858 913 2930 quidnam
948 2855 1055 2912 sibi
1086 2855 1257 2910 vellet
1284 2851 1516 2907 visionis
1541 2853 1825 2914 revelatio,
1859 2852 2064 2907 intelli-

485 2968 643 3026 gens,
666 2953 859 3008 statuit
884 2949 1110 3020 quidem
1144 2947 1464 3016 relinquere
1491 2947 1659 3012 viam,
1685 2961 1806 3015 qua!
1832 2944 2066 3000 Alexan-

485 3047 664 3102 driam
692 3045 868 3108 ducit,
905 3051 1000 3096 aut
1029 3039 1380 3094 Antiochiam
1418 3055 1432 3090 :
1483 3045 1596 3091 tota
1651 3046 1834 3091 autem
1867 3035 1921 3090 in
1965 3035 2068 3090 hoc

487 3149 627 3205 erat,
692 3148 753 3194 ut
811 3136 1262 3208 proﬁcisceretur
1321 3131 1880 3200 ConstantinOpolini.
1953 3128 2067 3184 Iloc

2175 1929 2342 1998 μένης
2375 1926 2473 1999 τὴν
2520 1928 2692 1998 ἀκοὴν
2747 1929 2842 1980 καὶ
2884 1929 2945 1981 τὸ
3006 1931 3240 1999 πρᾶγμα
3298 1929 3496 1999 κομιδῆ
3551 1931 3762 1984 ἄτοπον

2171 2019 2502 2089 ἡγουμένης,
2541 2018 2920 2091 (θορυὸεἶγὰρ
2966 2021 3061 2074 καὶ
3105 2021 3238 2091 ὄναρ
3281 2023 3610 2084 ἀπεναντίας
3644 2023 3762 2084 τοῖς

2174 2114 2298 2184 μεθ’
2325 2113 2543 2184 ἡμέραν
2597 2114 2878 2182 λογισμοῖς
2915 2113 3247 2184 δρώμενον),
3285 2114 3442 2177 Τίνες
3490 2113 3547 2166 δὲ
3595 2113 3763 2184 ὑμεῖς

2171 2207 2313 2267 ἐστε,
2369 2205 2506 2274 πρὸς
2539 2206 2737 2268 αὐτοὺς
2781 2207 2813 2275 ἠ
2863 2206 2993 2273 ἁγία
3043 2207 3224 2273 λέγειν
3277 2206 3447 2271 δοκεῖ,
3491 2205 3590 2260 καὶ
3623 2207 3751 2257 τίνα

2174 2293 2329 2362 ὑμῶν
2354 2295 2420 2346 τὰ
2452 2294 2734 2365 (ii/65mm;
2786 2295 2850 2347 Οί
2893 2295 2949 2347 δὲ
2993 2295 3086 2348 τδν
3127 2295 3223 2349 ἕνα
3261 2297 3360 2364 μὲν
3406 2296 3766 2366 Ἀλέξανδρον

2172 2383 2561 2452 ὀνομάζεσθαι,
2615 2385 2844 2453 θάτερον
2891 2385 2948 2438 δὲ
2995 2385 3292 2457 Ἀντίοχον,
3339 2387 3431 2441 τὸν
3473 2388 3527 2441 δὲ
3569 2387 3768 2442 λοιπὸν

2174 2477 2606 2539 Κωνσταντῖνον,
2645 2476 2741 2528 καὶ
2793 2476 3164 2540 τελευτῶντας
3220 2478 3412 2550 κλήρῳ
3459 2480 3760 2549 πειρᾶσθαι

2173 2566 2413 2620 διαλύειν
2433 2567 2530 2636 τὴν
2556 2569 2967 2640 ἀμφισϐήτησιν
2990 2583 3003 2597 ·
3037 2573 3228 2624 πεσεῖν
3256 2571 3311 2624 δὲ
3335 2570 3526 2625 τοῦτον
3557 2575 3634 2634 είς
3667 2572 3763 2624 τὸν

2175 2660 2301 2716 καθ’
2329 2661 2552 2733 ἡλικίαν
2587 2663 2872 2725 νεάζοντα,
2927 2664 3338 2728 Κωνσταντῖνος
3389 2657 3546 2726 οὗτος
3597 2663 3764 2733 ἐτύγ-

2175 2771 2332 2826 χανε.
2363 2755 2754 2807 Διυπνισθείσα
2786 2755 2917 2822 γοῦν
2947 2756 3044 2808 καὶ
3074 2756 3174 2826 τὴν
3209 2757 3305 2826 τῆς
3335 2756 3507 2822 ὂψεως
3544 2757 3761 2810 ἀποκὰ-

2175 2848 2335 2918 λυψιν
2373 2849 2400 2901 ὃ
2435 2864 2485 2900 τι
2519 2846 2767 2917 βούλοιτο
2819 2849 2851 2920 ή
2901 2850 3038 2917 ἁγία
3071 2852 3316 2915 συνεῖσα,
3356 2850 3455 2918 τὴν
3486 2850 3587 2919 μὲν
3618 2850 3762 2920 πρὸς

2187 2941 2596 3011 Ἀλεξάνδρειαν
2622 2940 2653 3010 ἢ
2695 2939 3028 3012 Ἀντιόχειαν
3059 2943 3309 3013 μεθεῖναι
3338 2941 3554 3011 διέγνω,
3580 2941 3676 3012 ὅλη
3699 2941 3765 2996 δδ

2175 3034 2273 3104 τῆς
2319 3033 2454 3102 πρὸς
2507 3033 3092 3088 Κωνσταντινούπολιν
3142 3036 3450 3106 ἀποδημίας
3503 3035 3768 3102 ὲγένετο’

2176 3126 2256 3188 είς
2290 3125 2660 3197 εὐαρέστησιν
2684 3128 2794 3194 γὰρ
2827 3121 2970 3180 εἶναι
3015 3127 3172 3180 τοῦτο
3203 3129 3356 3195 ἔλεγε
3403 3111 3482 3199 τῷ
3520 3127 3618 3198 τὴν
3654 3125 3763 3181 τῶν

486 3232 635 3288 enim
671 3190 891 3284 dicebat
924 3228 1141 3297 placere
1185 3227 1316 3285 Deo,
1363 3223 1458 3293 qui
1504 3222 1792 3277 evidenter
1821 3219 2067 3275 ostendit

2174 3219 2397 3288 ἀφανῶν
2425 3219 2663 3291 δήλωσιν
2699 3221 2949 3291 ἐναργῶς
2985 3221 3106 3293 Θεῷ
3139 3224 3576 3292 παραστήσαντι.

487 3323 947 3395 signiﬁcationem
971 3334 1162 3373 eorum
1186 3333 1309 3387 qua:
1337 3325 1496 3370 erant
1522 3316 1784 3370 obseura.

556 3413 749 3469 XXVI.
776 3412 913 3468 Cum
940 3413 1056 3465 suis
1087 3411 1270 3478 itaque
1301 3409 1589 3463 sororibus
1615 3407 1890 3483 somnium
1917 3422 2071 3462 com-

489 3505 848 3561 municassct.
908 3500 1138 3554 videbat
1184 3514 1280 3553 eas
1327 3513 1440 3572 suae
1475 3498 1743 3553 voluntati
1776 3498 2066 3563 resistere;

489 3614 600 3654 non
637 3597 780 3667 quod
805 3594 1128 3667 jodiearent
1151 3592 1228 3657 id,
1256 3591 1406 3663 quod
1447 3591 1626 3646 visum
1680 3591 1886 3656 luerat,
1917 3591 2067 3645 aliud

490 3685 824 3765 signiﬁcare,
852 3688 945 3744 sed
974 3687 1123 3758 quod
1164 3701 1285 3740 eam
1314 3684 1470 3738 valde
1498 3683 1985 3754 amplecterentur,
2014 3693 2071 3738 et

491 3801 604 3842 non
649 3783 990 3858 sustinerent
1025 3795 1146 3836 eam
1202 3778 1270 3832 al)
1307 3777 1445 3847 ipsis
1484 3777 1816 3831 discedere:
1859 3786 1918 3831 ut
1947 3791 2071 3847 qua:

490 3894 602 3934 non
641 3890 806 3931 secus
835 3889 898 3928 ac
919 3888 1111 3928 recens
1141 3871 1402 3942 plantata:
1439 3869 1659 3939 plantae,
1690 3869 1758 3922 ab
1782 3869 1929 3924 illius
1951 3885 2072 3923 ver-

490 3969 578 4026 bis
609 3967 993 4038 irrigarentur,
1025 3973 1080 4019 et
1113 3964 1366 4017 venirent
1400 3946 1462 4016 in.
1485 3960 1821 4031 periculum,
1853 3976 1921 4015 ne
1951 3960 2073 4030 ejus

492 4061 801 4133 privatione
858 4056 1271 4111 ﬂaccescerent.
1324 4052 1530 4108 Tamen
1577 4052 1864 4122 quoniam,
1913 4050 2070 4105 dixe-

490 4162 644 4214 runt,
683 4149 868 4204 divina
923 4147 1171 4218 quaedam
1227 4145 1576 4215 providentia
1611 4160 1770 4215 opem
1825 4144 1949 4198 tulit
1978 4151 2072 4198 tuo

491 4244 1120 4311 consilio,nequaquam
1157 4253 1452 4308 possumus
1479 4247 1634 4291 tuum
1666 4237 2072 4307 interrumpere

495 4323 862 4406 propositum.
920 4332 1026 4387 Sed
1079 4329 1323 4386 secundo
1355 4330 1496 4392 loco,
1536 4329 1820 4398 inquiunt,
1855 4329 1926 4383 sit
1972 4327 2070 4382 tibi

493 4441 662 4486 curae,
688 4423 1024 4492 quibusnam
1058 4420 1135 4475 sis
1174 4435 1276 4476 nos
1304 4421 1564 4475 relictura
1605 4428 1725 4490 post
1757 4432 1909 4474 tuum
1945 4419 2073 4473 hinc

492 4528 797 4570 recessum.
843 4513 938 4567 illa
997 4523 1183 4567 autem
1226 4512 1294 4566 de
1339 4513 1420 4566 eis
1455 4513 1706 4580 protinus
1753 4513 2072 4582 episeOpum

494 4607 626 4664 facit
651 4605 968 4669 certiorem,
1009 4613 1066 4659 et
1096 4605 1254 4674 petit,
1290 4612 1350 4659 ut
1381 4605 1447 4658 ad
1484 4605 1656 4674 ipsam
1713 4605 1894 4658 mittat
1937 4605 2075 4659 duas

495 4697 859 4761 diaconissas,
901 4697 1106 4770 quibus
1153 4705 1369 4765 tempus
1397 4695 1663 4748 virtutem
1702 4694 2072 4770 conﬁrmavit.

494 4791 627 4858 Qua:
659 4805 785 4845 cum
831 4788 1219 4853 accessissent,
1262 4785 1582 4842 beatissima
1622 4785 1872 4841 Matrona
1922 4803 2073 4853 suas,

493 4881 665 4938 veluti
704 4880 982 4954 quoddam
1026 4863 1369 4957 depositum,
1415 4878 1655 4934 credidit
1686 4895 1877 4934 earum
1923 4879 2073 4943 ﬁdei,

493 4985 554 5031 et
583 4976 758 5044 suasit
809 4974 1036 5046 plurimi
1094 4973 1274 5028 facere
1306 4972 1524 5028 animas
1565 4988 1754 5040 earum
1798 4973 1923 5028 ﬁdei
1956 4989 2076 5029 cre-

493 5067 638 5124 ditas
679 5083 696 5123 :
737 5083 830 5132 ne,
880 5081 1016 5140 quas
1053 5065 1185 5122 fecit
1229 5065 1379 5120 Deus
1419 5064 1686 5120 mundum
1734 5067 2075 5138 relinquere.

496 5174 688 5216 rursus
722 5157 975 5216 sinerent
1013 5157 1278 5236 accedere
1323 5156 1392 5212 ad
1435 5158 1627 5213 mundi
1668 5159 1989 5228 vanitatem,
2020 5170 2078 5215 et

493 5263 652 5325 pacta
677 5262 946 5309 conventa
981 5250 1282 5322 negligere.

563 5341 934 5401 XX\’ll.'llaec
955 5359 1082 5400 cum
1098 5342 1354 5418 dixisset,
1369 5355 1428 5400 et
1443 5343 1698 5400 ultimum
1727 5340 1810 5398 eis
1830 5341 2076 5400 dedisset

492 5438 828 5507 amplexum,
853 5443 908 5489 et
941 5449 1106 5490 unam
1138 5449 1206 5490 ex
1231 5435 1327 5491 eis.
1348 5436 1520 5493 solam
1552 5450 1742 5492 secum
1769 5436 2075 5506 accepisset

493 5527 847 5598 Sephronen,
888 5542 1082 5582 navem
1118 5528 1462 5595 conscendit,
1516 5534 1572 5583 et
1617 5528 1862 5600 secundo
1911 5535 2085 5586 vento:

492 5632 671 5683 vecta,
734 5619 988 5690 pervenit
1049 5617 1607 5690 Constantinopolim.
1672 5619 1881 5675 Deinde
1945 5635 2071 5675 eum

492 5715 734 5765 venisset
765 5709 830 5762 ad
887 5711 1148 5780 templum
1197 5726 1367 5782 prope
1414 5725 1564 5766 mare
1616 5711 1806 5774 situm,
1839 5713 1984 5781 quod
2041 5727 2070 5766 a

493 5801 713 5857 nomine
767 5799 916 5870 pacis
968 5800 1082 5868 Dei,
1133 5799 1342 5858 dictum
1399 5811 1482 5860 est
1544 5802 1809 5874 templum
1860 5802 2067 5872 lrenes,

2244 3395 2390 3466 K6,".
2428 3401 2831 3472 Κοινωσαμένη
2866 3401 2922 3455 δὲ
2956 3401 3017 3456 τὸ
3048 3402 3182 3473 ὄναρ
3232 3405 3330 3456 καὶ
3361 3408 3481 3468 ταῖς
3511 3407 3639 3476 περὶ
3669 3409 3768 3462 αὐ-

2171 3488 2271 3560 τὴν
2311 3489 2567 3557 ἀδελφαῖς
2609 3492 3088 3560 ἀντιπραττούσας
3119 3493 3269 3564 ἐώρα
3307 3495 3514 3559 ταύτας
3541 3501 3609 3568 τῇ
3639 3498 3768 3569 βον-

2172 3583 2330 3653 λήσει
2359 3585 2426 3653 τῇ
2478 3584 2703 3649 ἑαυτῆς,
2745 3585 2846 3654 οὐχ
2881 3583 2956 3647 ὡς
3015 3584 3204 3653 ἕτερόν
3259 3603 3313 3638 τι
3371 3588 3673 3658 κρινούσας
3704 3591 3769 3644 τὺ

2173 3677 2339 3747 ὀφθὲν
2370 3680 2550 3730 έκεῖνο
2575 3677 2790 3746 δηλοῦν,
2819 3677 2934 3730 ἀλλ’
2959 3678 3042 3746 ὅτι
3067 3679 3191 3731 λίαν
3214 3679 3388 3751 αὐτῆς
3421 3681 3766 3750 περιείχοντο

2174 3773 2268 3825 καὶ
2320 3771 2626 3840 ἀποστῆναι
2671 3772 2923 3843 οὐδαμῶς
2950 3771 3256 3842 ἠνείχοντο,
3295 3772 3485 3844 ὥσπερ
3529 3775 3769 3843 νεόφυτά

2175 3881 2298 3917 τινα
2323 3862 2426 3916 ὑπὸ
2455 3861 2565 3916 τῶν
2599 3862 2818 3933 ἐκείνης
2854 3863 3034 3932 λόγων
3068 3863 3371 3932 ἀρδόμεναι
3413 3866 3510 3918 καὶ
3556 3868 3624 3935 τῇ
3670 3865 3769 3919 αὐ-

2173 3957 2272 4024 τῆς
2342 3957 2601 4026 στερήσει
2670 3955 3084 4009 κινδυνεύουσαι
3150 3958 3512 4027 μαρανθῆναι.
3575 3959 3772 4027 Ὅμως

2175 4047 2298 4100 ἐπεὶ
2334 4046 2456 4101 θεία
2506 4063 2614 4109 τις,
2664 4047 2899 4117 ἔφησαν,
2953 4048 3184 4120 πρόνοια
3235 4050 3493 4119 συνεργὸς
3526 4050 3768 4119 κατέστη

2177 4156 2260 4192 σοι
2289 4139 2369 4210 τῷ
2422 4139 2781 4210 βουλεύματι,
2831 4139 2932 4209 τῆς
2971 4142 3291 4212 προθέσεως
3335 4141 3667 4195 ἀνακόπτειν
3701 4158 3764 4194 σε

2174 4232 2430 4301 οὐδαμῶς
2451 4236 2620 4303 ὲσμεν
2646 4233 2876 4287 δυναταί
2893 4249 2906 4264 °
2937 4234 3075 4288 ἀλλὰ
3095 4236 3370 4305 δεύτερος,
3390 4238 3548 4306 φασὶ,
3571 4235 3768 4303 πλοῦς,

2175 4324 2315 4376 τίσιν
2345 4327 2492 4392 ἡμᾶς
2521 4325 2858 4396 καταλήψεις
2883 4329 3023 4398 μετὰ
3054 4327 3153 4400 τὴν
3179 4328 3278 4398 σὴν
3305 4327 3654 4399 ἀναχώρησιν
3677 4328 3765 4382 διὰ

2183 4415 2466 4484 φροντίδος
2499 4415 2742 4484 γενέσθω
2779 4435 2885 4472 σοι.
2932 4419 2997 4472 Ἦ
3043 4420 3101 4474 δὲ
3131 4420 3336 4484 εὐθέως
3373 4421 3451 4489 τῷ
3479 4421 3775 4490 ἐπισκόπῳ

2180 4506 2250 4559 τὰ
2279 4507 2410 4575 περὶ
2438 4508 2646 4564 τούτων
2675 4510 2812 4580 δῆλα
2838 4512 3158 4584 καθίστησι,
3189 4515 3282 4565 καὶ
3314 4513 3409 4566 δύο
3440 4513 3548 4564 τῶν
3580 4511 3765 4565 διακό-

2180 4616 2286 4652 νων
2324 4599 2477 4664 τινὰς
2527 4597 2616 4667 αἷς
2674 4605 2702 4656 ὁ
2760 4606 2954 4674 χρόνος
2999 4591 3114 4676 τὴν
3175 4606 3378 4675 ἀρετὴν
3438 4605 3764 4667 ἐϐεϐαίωσε,

2178 4693 2395 4764 πέμψαι
2421 4695 2552 4764 παρ’
2581 4695 2752 4766 αὐτὴν
2781 4699 3117 4766 κατεμήνυε.
3151 4699 3640 4768 Παραγενομέναις
3669 4692 3763 4750 οὖν

2180 4789 2213 4858 ἡ
2249 4787 2508 4853 πολλάκις
2543 4789 2799 4862 μακαρία
2826 4790 2925 4862 τας
2974 4791 3066 4844 ὑπ’
3103 4791 3270 4862 αὐτὴν
3299 4790 3390 4844 οἶά
3430 4809 3553 4844 τινα
3589 4807 3770 4859 παρα-

2179 4881 2499 4954 καταθήκην
2557 4884 2846 4950 ἐπίστευε,
2913 4883 3148 4956 παρῄνει
3208 4903 3269 4938 τε
3322 4887 3453 4956 περὶ
3517 4885 3766 4947 πλείονος

2179 4973 2429 5028 τίθεσθαι
2485 4976 2585 5039 τὰς
2649 4977 3036 5042 πιστευθείσας
3095 4976 3297 5049 ψυχὰς,
3351 4977 3470 5032 Ἵνα
3521 4979 3597 5048 μὴ
3635 4975 3704 5042 ἃς
3736 4979 3773 5030 6

2180 5063 2336 5133 Θεὸς,
2369 5067 2565 5137 φησιν,
2610 5070 3002 5140 παρεσκεύασε
3052 5069 3144 5124 τὸν
3193 5071 3402 5141 κόσμον
3447 5070 3760 5134 ἀπολιπειν,

2181 5158 2380 5230 ἐάσητε
2415 5159 2578 5213 πάλιν
2608 5162 2672 5232 τῇ
2700 5161 2793 5214 τοῦ
2825 5161 3032 5233 κόσμου
3060 5163 3398 5234 ματαιότητι.
3418 5161 3760 5234 προσελθεῖν,

2183 5249 2278 5304 καὶ
2304 5251 2413 5304 τῶν
2449 5251 2732 5322 συνθηκῶν
2767 5255 3062 5326 ἀμελῆσαι.

2254 5343 2378 5399 KZ'.
2425 5344 2612 5398 Ταῦτα
2645 5346 2879 5401 εἰποῦσα
2930 5354 3028 5403 καὶ
3058 5349 3428 5421 ἀσπασαμένη
3459 5349 3528 5405 τὰ
3575 5349 3770 5402 scho-

2181 5438 2340 5507 tai’a,
2361 5437 2492 5508 μίαν
2519 5455 2578 5491 τε
2615 5439 2789 5512 μόνην
2817 5441 2996 5495 αὐτῶν
3027 5443 3132 5514 τὴν
3154 5443 3449 5514 Σωφρόνην
3479 5441 3599 5513 μεθ’
3631 5442 3772 5496 ἑαυ-

2179 5527 2281 5598 τῆς
2333 5531 2573 5586 λαὸοὗσα
2627 5534 2724 5589 τοῦ
2782 5536 2970 5592 πλοίου
3028 5539 3230 5608 ἐπέϐη,
3265 5538 3486 5610 εύφόρῳ
3518 5554 3578 5591 τε
3631 5537 3770 5590 ἀκα-

2180 5623 2374 5693 χθεῖσα
2400 5623 2478 5694 τῷ
2507 5625 2785 5697 πνεύματι
2817 5629 2920 5699 τὴν
2951 5630 3370 5685 Κωνσταντίνου
3405 5627 3766 5698 καταλαμεὼ-

2181 5733 2283 5772 νει.
2315 5712 2448 5772 Εἶτα
2487 5719 2620 5790 πρὸς
2657 5724 2747 5775 τὸν
2779 5723 2864 5775 ἐπ’
2890 5723 3120 5794 ὀνόματι
3160 5727 3260 5795 τῆς
3292 5721 3387 5778 τοῦ
3428 5722 3564 5782 θεοῦ
3598 5723 3767 5795 Εἰρή-

2181 5825 2278 5883 νης
2310 5809 2600 5885 ἱδρυμένον
2631 5818 2780 5888 παρὰ
2816 5816 2880 5886 τῇ
2918 5815 3168 5890 Θαλάσσῃ
3209 5817 3332 5874 ναὶν
3367 5816 3641 5888 γενομένη
3675 5813 3780 5867 τιν-
