4126 6382
541 356 655 418 959

1701 364 2096 428 ADDENDA.’
2118 392 2163 403 -·
2204 366 2646 430 ΝονΕΜΒιῐι.

3715 374 3844 437 σω

547 480 675 539 quan.
722 470 1003 526 evenisset
1044 471 1394 543 interrogare
1440 488 1610 533 ausus
1636 486 1748 542 est,
1783 476 1890 546 μοι]
1922 478 2129 535 solum-

2232 479 2383 548 γίσαι
2414 479 2591 551 τούτῳ
2617 479 2650 552 ἢ
2683 478 2928 553 περὶτοῦ
2970 477 3383 554 συμϐεϐηκότος
3408 484 3616 554 ἐτόλμα
3648 487 3839 540 πύθευ

550 562 717 616 modo
768 562 836 617 ad
898 564 1021 633 ejus
1074 565 1246 635 pedes
1296 566 1575 637 provoluti
1630 576 1690 624 et
1741 568 2130 628 benedictione

552 653 623 708 im
635 656 818 723 pertiti
850 654 1249 714 discesserunt.

618 746 705 803 IV.
734 748 941 803 Deinde
961 749 1017 802 in
1040 750 1232 805 cellam
1259 764 1380 808 sese
1414 762 1711 825 rceepturo
1743 755 1964 812 obviam
1994 755 2132 813 liunt

548 839 796 909 episc0pi
828 856 1069 896 numero
1107 853 1344 913 septem.
1368 861 1511 916 quos
1552 848 1900 918 providentia
1941 849 2131 905 divina

554 931 620 984 ad
653 948 776 986 eum
811 935 1056 997 miserat,
1085 935 1153 991 de
1180 938 1424 994 moribus
1454 940 1574 1010 ejus
1602 941 1903 997 edocuerat
1928 950 1984 997 et
2003 957 2129 996 eum

554 1022 876 1092 episcopum
904 1023 1074 1080 iconii
1108 1042 1370 1082 manuum
1418 1030 1768 1099 impositique
1802 1047 2130 1088 consecrare

552 1113 809 1181 jusserat.
839 1117 1177 1172 Aceeilentes
1204 1119 1394 1189 igitur,
1414 1122 1570 1177 Tune
1594 1136 1675 1185 es,
1697 1123 1974 1192 inquiunt,
1998 1122 2132 1179 Am-

556 1206 866 1273 philochius
929 1210 1040 1264 Deo
1088 1214 1382 1281 acceptus?
1410 1215 1490 1269 Ad
1534 1216 1681 1285 quod
1717 1217 1810 1273 ille
1837 1233 1969 1272 voce
1998 1218 2132 1272 sub~

558 1299 729 1356 missa
760 1310 816 1355 et
861 1311 1145 1359 mansueta
1191 1307 1476 1375 respondit
1512 1325 1527 1361 :
1563 1308 1675 1379 Ego
1703 1326 1825 1364 sum
1873 1319 2131 1379 peccator

559 1393 993 1460 Amphilochius.
1068 1396 1262 1466 Itaque
1343 1413 1468 1451 cum
1543 1415 1609 1454 eo
1682 1402 1974 1457 ecclesiam
2041 1404 2128 1459 in-

554 1484 728 1552 gressi
761 1495 911 1545 sunt.
955 1496 1015 1540 ut
1060 1503 1182 1557 quae
1226 1489 1458 1557 spiritus
1488 1490 1711 1547 divinus
1751 1493 1884 1560 ipsis
1914 1508 2129 1562 praece-

556 1581 732 1642 perat,
777 1574 844 1628 ad
884 1575 1043 1629 linem
1078 1578 1440 1636 deducerent.
1478 1583 1613 1636 Cum
1662 1594 1845 1638 autem
1876 1585 1989 1654 jam
2014 1594 2130 1640 sto-

552 1663 623 1721 lis
680 1666 1064 1722 ccclesiaSticis
1114 1669 1292 1725 induti
1346 1682 1551 1738 essent,
1592 1685 1820 1732 sanctus
1890 1677 1955 1731 ad
1996 1677 2129 1747 quid

558 1770 679 1810 sese
706 1758 1083 1828 accingerent,
1113 1762 1328 1828 videns,
1364 1764 1583 1821 Fratres
1608 1776 1664 1821 et
1682 1767 1892 1832 Patres,
1924 1768 2127 1839 inquit,

554 1864 715 1903 omne
747 1851 1093 1907 mendacium
1148 1855 1213 1909 ad
1254 1854 1535 1912 diabolum
1598 1861 1861 1929 pertinet.
1924 1861 2132 1918 veritas

553 1951 738 1996 autem
775 1956 806 1997 e
853 1948 1136 2001 contrario
1168 1948 1281 2003 Deo
1318 1957 1544 2011 accepta
1574 1962 1681 2007 est.
1719 1954 1904 2009 Debeo
1959 1954 2132 2024 igitur

555 2035 846 2089 veritatem
882 2039 1152 2106 profiteri,
1175 2054 1233 2095 ut
1261 2058 1359 2098 vos
1407 2047 1756 2115 cognoscatis
1783 2058 1840 2103 et
1869 2049 2135 2104 decerna-

554 2124 628 2181 tis
657 2126 727 2181 de
764 2143 823 2182 re
852 2144 975 2198 quae
1020 2134 1225 2187 evenit.
1266 2133 1377 2191 liae
1422 2148 1584 2193 nocte
1639 2155 1725 2195 tne
1784 2150 2132 2210 peccatorem

554 2220 731 2289 angeli
770 2222 860 2277 Dei
894 2225 1216 2293 episcopum
1256 2227 1423 2283 lconii
1474 2247 1803 2287 consecrare
1849 2234 1951 2288 visi
1980 2245 2129 2292 sunt.

554 2311 768 2377 Quibus
798 2314 1005 2370 auditis
1031 2317 1108 2375 illi
1130 2331 1188 2373 se
1227 2318 1461 2375 invicem
1499 2322 1682 2378 intuiti
1715 2325 1787 2380 ob
1815 2336 1930 2381 rem
1972 2329 2137 2397 plane

556 2400 942 2459 iniraculosam
965 2414 1195 2475 stupore
1222 2411 1457 2478 perculsi
1483 2423 1635 2476 sunt,
1669 2415 2138 2488 conferentesque

553 2488 697 2544 dicta
731 2507 856 2546 cum
886 2494 953 2549 iis
985 2511 1107 2564 quae
1127 2497 1230 2565 ipsi
1253 2500 1426 2557 oculis
1450 2504 1810 2574 usurpabant,
1836 2508 1984 2565 illius
2000 2528 2136 2568 con-

552 2583 919 2639 secratiouem
948 2602 1142 2643 revera
1166 2591 1433 2649 voluntati
1476 2594 1677 2651 divinae
1706 2602 2004 2659 convenire
2045 2619 2139 2660 υοστ

553 2686 887 2762 ξηονετυιιι.
940 2679 1172 2739 Cunctis
1202 2683 1372 2755 igitur
1422 2688 1723 2756 provinciae
1765 2692 2042 2765 episcopis
2078 2706 2136 2754 et

552 2765 774 2823 clericis
791 2776 1110 2830 convocatis
1130 2785 1187 2831 et
1210 2793 1269 2831 re
1294 2777 1372 2832 uti
1395 2780 1689 2836 accidisset
1706 2785 1975 2854 exposita,
1992 2800 2136 2843 com-

553 2859 708 2914 muni
731 2871 858 2915 voto
888 2864 1274 2938 inepiscOpum
1315 2883 1645 2940 promovent
1679 2891 1807 2931 eum
1828 2888 1883 2933 et
1904 2880 1958 2934 in
1979 2881 2135 2935 thro-

553 2967 687 3006 num
734 2953 1104 3014 lconiensium
1133 2962 1286 3017 urbis
1314 2964 1631 3035 imponunt.
1668 2969 1857 3040 itaque
1891 2975 2134 3045 acceptis

554 3041 817 3101 Ecclesia:
855 3050 1244 3117 gubernaculis
1284 3056 1485 3127 dignus
1537 3074 1606 3115 eo
1626 3063 1721 3131 qui
1758 3064 1936 3132 ipsum
1966 3041 2133 3124 voca-

557 3146 715 3192 verat
749 3152 941 3209 pastor
985 3143 1110 3210 l‘uit,
1170 3162 1311 3217 aqua
1341 3153 1466 3207 vita:
1524 3153 1645 3209 illos
1686 3155 1926 3228 irrigans
1965 3170 2133 3232 atque
2158 3189 2207 3251 ρ

555 3243 701 3299 pane
731 3231 952 3301 pietatis
984 3237 1261 3294 nutriens.

626 3403 695 3459 γ.
762 3407 965 3465 Tribus
990 3412 1150 3468 annis
1183 3413 1254 3469 ab
1287 3416 1405 3470 Arii
1453 3427 1508 3473 et
1550 3418 1772 3477 Sabellii
1804 3439 1835 3479 e
1861 3425 2134 3483 diametro

554 3510 852 3567 pravorum
895 3502 1105 3569 furore,
1135 3513 1191 3559 et
1220 3516 1510 3577 postquam
1542 3511 1900 3573 Macedonius
1933 3529 1985 3575 et
2023 3521 2136 3577 Eu—

555 3591 776 3645 nomius
803 3592 1106 3650 Ecclesiam
1138 3609 1453 3667 pervertere
1481 3605 1663 3660 conati
1696 3619 1875 3677 erant,
1909 3623 2137 3682 praeter-

554 3679 745 3777 lapsis,
788 3683 1137 3777 Theodosius
1194 3690 1420 3763 Magnus
1455 3679 1933 3772 Constantinopoli
1966 3720 2133 3777 syno-

555 3767 687 3824 dum
720 3773 888 3843 cogit,
914 3774 966 3829 in
993 3792 1100 3847 qua
1131 3780 1503 3852 disceptatum
1530 3785 1637 3843 fuit
1664 3791 1735 3845 ab
1766 3767 2046 3866 episcopis
2064 3798 2133 3855 de

553 3863 820 3934 unigeniti
840 3868 962 3924 Filii
982 3870 1074 3925 Dei
1089 3873 1283 3943 gloria.
1299 3878 1569 3948 siquidem
1587 3884 1880 3943 orthodoxi
1898 3863 2138 3946 consub-

553 3959 866 4017 stantialem
878 3978 1006 4019 eum
1026 3964 1282 4039 Patrique
1298 3986 1483 4040 parem
1502 3974 1869 4049 affirmabant,
1887 3982 2133 4045 haeretici
2174 4022 2179 4039 .

551 4058 739 4108 autem
764 4053 831 4109 de
850 4055 1022 4126 gloria
1042 4070 1272 4128 paterna
1289 4072 1346 4118 et
1361 4067 1871 4128 consubstantialita
1881 4084 1932 4131 te
1948 4076 2137 4135 detra-

551 4139 688 4198 here
716 4154 771 4200 et
802 4145 1041 4216 dejicere
1085 4164 1212 4204 eum
1246 4154 1617 4212 conabantur.
1681 4160 1887 4218 Debuit
1933 4177 2120 4225 autem

551 4235 780 4291 omnino
812 4238 1100 4296 victoriam
1154 4254 1441 4314 reportare
1475 4249 1719 4320 Spiritus
1769 4267 2018 4324 sanctus,
2074 4268 2132 4316 et

549 4339 614 4381 os
664 4327 835 4385 divini
893 4332 1264 4404 Amphilochii
1322 4341 1494 4396 veluti
1544 4358 1645 4413 per
1697 4345 2129 4409 instrumentum

549 4417 833 4509 proprium
899 4421 1188 4481 haereticas
1237 4443 1413 4498 nugas
1442 4431 1511 4486 ad
1542 4433 1826 4491 silentium
1855 4437 2129 4509 redigere.

2165 1830 2205 1883 Β

2236 571 2385 637 σθαι,
2424 573 2831 640 προσπεσόντες
2871 572 2927 627 δὲ
2955 573 3118 643 μόνον
3166 575 3282 638 τοῖς
3318 574 3486 631 αὐτοῦ
3539 578 3671 631 ποσὶ
3728 578 3848 631 καὶ

2232 663 2485 732 εὐλογίας
2519 662 2846 734 ἀξιωθᾶντες
2879 665 3147 736 ἀπῆλθον.

2303 753 2377 811 Δ⁸.
2414 752 2547 810 Εἶτα
2575 755 2712 826 πρός
2739 755 2828 809 τὸν
2847 758 3094 811 οἰκίσκον
3125 757 3276 829 αὐτῷ
3299 758 3515 813 ἀπιόντι
3546 762 3841 814 συναντῶ-

2235 865 2319 907 σιν
2354 849 2647 902 ἐπίσκοποι
2677 848 2767 902 τὸν
2796 848 3030 920 ἀριθμὸν
3064 847 3209 902 ἑπτὰ
3243 849 3340 913 οὓς
3392 852 3672 920 ἐμφάνεια
3701 852 3836 904 θεία

2235 944 2372 1014 πρδς
2424 944 2589 998 αὐτὸν
2625 945 2901 1014 ἐκπέμπει
2954 942 3047 996 τὸν
3088 944 3423 1016 χαρακτῆρά
3462 963 3519 999 τε
3567 946 3842 1016 παραδείο

2236 1035 2394 1101 ξασα,
2425 1036 2520 1089 καὶ
2551 1036 2856 1090 ἐπίσκοπον
2917 1035 3137 1090 Ἰκονίου
3176 1034 3606 1108 προτρεψαμένη
3641 1054 3842 1109 χειροο

2233 1128 2481 1196 τονῆσαι.
2519 1126 2876 1194 Ἐγγίσαντες
2898 1127 3104 1194 τοίνυν,
3135 1122 3208 1182 Σὺ
3233 1124 3304 1195 εἷ,
3336 1125 3513 1193 εἷπον,
3546 1120 3841 1200 όκεχαριο

2234 1220 2434 1288 σμένος
2467 1219 2586 1291 Θεῷ
2630 1220 3018 1289 ’Λμφιλόχιος;
3086 1220 3224 1276 Ὀδὲ
3278 1222 3419 1294 ἠπίᾳ
3474 1223 3562 1275 καὶ
3609 1222 3837 1293 γαληνῇ

2235 1310 2300 1379 τῇ
2362 1311 2537 1380 φωνῇ,
2615 1307 2758 1377 Ἑγώ
2806 1310 2947 1379 εἰμι,
2991 1311 3120 1380 ἔφη,
3167 1308 3195 1364 ό
3245 1308 3573 1381 ἁμαρτωλὸς
3625 1312 3841 1381 Ἀμφι-

2231 1398 2433 1469 λόχιος.
2493 1402 2602 1454 Καὶ
2651 1400 2913 1465 λαϐόντες
2944 1401 3109 1455 αὐτὸν
3183 1403 3321 1474 ὁμοῦ
3368 1403 3501 1473 πρὸς
3553 1404 3654 1475 τὴν
3708 1408 3837 1458 ἐκ·-

2234 1491 2464 1559 κλησίαν
2517 1490 2777 1560 ἀφίκοντο
2833 1494 2912 1555 εἷς
2954 1491 3120 1564 ἔργον
3149 1494 3382 1563 ἀγαγεῖν
3408 1495 3726 1566 βουλόμενοι
3756 1499 3842 1551 τὰ

2232 1581 2339 1635 ὑπὸ
2398 1581 2497 1636 τοῦ
2549 1582 2699 1635 θείου
2756 1583 3071 1654 πνεύματος
3102 1585 3293 1650 αὐτοῖς
3341 1588 3830 1656 ἐπιτετραμμένα.

2235 1673 2374 1744 Ἤδη
2400 1672 2456 1727 δὲ
2483 1673 2580 1737 τὰς
2605 1674 2890 1746 ἱερατικὰς
2918 1676 3112 1740 στολάς
3137 1678 3590 1749 ἀμφιεννυμένων
3609 1680 3835 1746 αὐτῶν,

2231 1768 2260 1820 ὁ
2296 1769 2568 1839 μακάριος
2593 1768 2773 1829 συνεὶς
2810 1767 2838 1821 δ
2863 1770 3039 1822 ποιεῖν
3075 1767 3387 1839 ὥρμηνται,
3446 1770 3697 1836 ’Δδελφοὶ
3729 1772 3838 1825 καὶ

2235 1859 2494 1928 πατέρες,
2521 1858 2651 1927 ἔφη,
2678 1860 2785 1913 πᾶν
2807 1858 3003 1929 ψεῦδος
3032 1860 3294 1931 ἄντικρυς
3325 1861 3389 1914 ἐκ
3427 1861 3519 1915 τοῦ
3555 1861 3832 1932 πονηροῦ·

2232 1953 2266 2021 ἡ
2301 1951 2528 2021 ἀλήθεια
2557 1952 2614 2007 δέ
2645 1953 2955 2006 τούναντίον
2990 1952 3118 2024 φίλη
3155 1952 3297 2024 Θεῷ.
3350 1955 3441 2006 Δεῖ
3482 1953 3575 2006 οὖν
3620 1955 3693 2007 τὰ
3720 1954 3838 2025 τῆς

2233 2042 2489 2112 ἀληθεὲας
2514 2045 2683 2114 ἐρεῖν,
2719 2042 2862 2098 ὥστε
2912 2043 3009 2096 καὶ
3059 2045 3140 2107 είς
3172 2044 3374 2112 γνῶσίν
3412 2061 3471 2097 τε
3504 2044 3601 2097 καὶ
3635 2045 3835 2114 κρίσιν

2236 2136 2510 2206 ὑμετέραν
2526 2136 2588 2189 τὸ
2611 2137 2848 2207 πρᾶγμα
2874 2137 3084 2192 πεσεῖν.
3107 2136 3186 2205 Τῇ
3214 2136 3368 2189 νυκτὶ
3394 2134 3568 2205 ταύτῃ
3593 2135 3829 2202 ἄγγελοί

2239 2243 2306 2296 με
2336 2225 2472 2279 Θεοῦ
2526 2226 2616 2279 τὸν
2663 2227 2990 2295 ἁμαρτωλὸν
3052 2226 3353 2279 ἐπίσκοπον
3400 2225 3501 2295 τῆς
3547 2226 3833 2279 Ἰκονιὲων

2234 2317 2480 2388 ἐῴκεσαν
2504 2320 2836 2388 χειροτονεῖν
2869 2318 3102 2380 πόλεως.
3131 2317 3304 2372 Τοῦτο
3325 2320 3527 2372 ἐκεῖνοι
3549 2316 3832 2372 ἀκούσαιμι

2235 2424 2326 2462 τες
2347 2408 2426 2470 είς
2450 2408 2709 2477 ἀλλήλους
2739 2408 2927 2475 ἐώρων
2944 2409 3005 2462 τὸ
3039 2408 3344 2480 παράδοξον
3370 2409 3465 2463 τοῦ
3489 2410 3828 2481 πράγματος

2237 2498 2608 2567 ἐκπλαγέντες
2627 2514 2641 2529 ⁸
2671 2498 3079 2569 συμϐάλλοντές
3107 2516 3168 2552 τε
3197 2501 3265 2552 τὰ
3286 2502 3408 2571 είρη
3421 2502 3559 2568 μένα
3597 2496 3679 2565 οἷς
3719 2504 3828 2556 αύ-

2234 2591 2319 2643 τοὶ
2344 2591 2640 2644 ἐθεάσαντο
2677 2589 2923 2659 ἔγνωσαν
2946 2591 3089 2645 κατά
3114 2591 3258 2647 θεῖον
3289 2592 3506 2664 ἀληθῶς
3531 2589 3673 2648 εἶναι
3698 2594 3829 2665 βοῦς

2234 2681 2382 2753 λημα
2429 2683 2529 2754 τὴν
2581 2684 2791 2738 ἐκείνου
2843 2685 3206 2755 χειροτονίαν.
3240 2685 3525 2750 ’Δπαντας
3569 2683 3663 2741 οὖν
3689 2689 3823 2752 τοὺς

2234 2776 2334 2843 τῆς
2363 2776 2631 2847 ἐπαρχίας
2666 2778 3006 2842 ἐπισκόπους
3061 2780 3156 2831 καὶ
3202 2779 3498 2849 κληρικονς
3528 2781 3825 2852 συναθροί-

2238 2869 2538 2933 σαντες,τά
2572 2868 2665 2921 τοῦ
2700 2870 3026 2938 πράγματος
3062 2870 3250 2934 αὐτοῖς
3282 2871 3702 2939 ἀναγγέλλουσι,
3724 2875 3825 2928 καὶ

2235 2961 2389 3029 κοινῇ
2414 2958 2581 3029 ψήφῳ
2608 2959 2871 3032 ἀρχιερέα
2900 2960 3230 3015 καθιστῶσιν
3250 2961 3438 3030 αὐτὸν,
3469 2963 3565 3016 καὶ
3609 2963 3687 3034 τῷ
3720 2964 3823 3035 τῆς

2246 3052 2522 3107 Ἰκονιέων
2547 3053 2753 3115 πόλεως
2784 3054 2960 3126 θρόνῳ
2982 3056 3424 3128 ἐγκαθιδρύουσι.
3474 3058 3823 3128 Παραλαδὼν

2235 3141 2328 3199 οὖν
2357 3146 2456 3216 τὴν
2495 3145 2795 3216 ἐκκλησίαν
2824 3146 3113 3218 ἐποίμαινε
3156 3149 3365 3217 ταύτην
3404 3149 3570 3216 ἀξίως
3593 3148 3687 3203 τοῦ
3715 3153 3821 3206 αὖ..

2234 3239 2325 3291 τὸν
2355 3240 2435 3301 είς
2464 3238 2622 3291 τοῦτο
2648 3239 2998 3304 καλέσαντος,
3026 3240 3205 3312 ῥεῦμα
3268 3240 3415 3311 ζωῆς
3456 3243 3691 3308 ποτίζων
3720 3245 3822 3303 αὐ-

2236 3332 2364 3393 τοὺς
2388 3332 2484 3384 καὶ
2511 3330 2661 3402 ἄρτῳ
2693 3332 2913 3403 τρέφων
2947 3333 3279 3401 θεοσεϐείας.

2308 3424 2383 3477 E'.
2425 3424 2656 3495 Χρόνοις
2683 3425 2743 3480 δὲ
2766 3427 2946 3497 τρισὶν
2974 3426 3201 3499 ὕστερον
3226 3431 3323 3500 τῆς
3380 3440 3577 3503 Δρειου
3610 3431 3821 3501 λύσσης

2235 3515 2330 3595 καὶ
2363 3515 2653 3570 Σαϐελλίω)
2709 3518 2821 3571 τῶν
2868 3519 2932 3572 ἐκ
2971 3519 3274 3593 διαμέτρου
3332 3525 3544 3590 κακῶν,
3589 3525 3729 3596 πρὸς
3756 3526 3817 3579 δὲ

2236 3592 2575 3663 Μἀκεδονίου
2615 3611 2712 3664 καὶ
2740 3612 3010 3682 Εὐνομίου
3034 3614 3133 3679 τὴν
3159 3616 3456 3688 ἐκκλησίαν
3481 3592 3819 3689 λυμαινομι‹

2235 3714 2363 3764 νων,
2402 3699 2619 3753 σύνοδον
2644 3702 2701 3754 ἐν
2754 3703 3326 3761 Κωνσταντινουπόλει
3352 3708 3381 3760 ὁ
3413 3709 3587 3779 μέγας
3620 3709 3819 3764 Θεοδόο

2237 3805 2352 3852 σιος
2385 3789 2748 3860 συναθροίζει,
2783 3794 2875 3847 καὶ
2905 3796 3203 3869 συζήτησις
3231 3793 3298 3869 ἦν
3341 3802 3458 3862 τοῖς
3495 3800 3821 3864 ἐπισκόποις

2237 3880 2489 3951 περὶτῆς
2524 3881 2617 3935 τοῦ
2648 3884 2971 3953 μονογενοῦς
2998 3885 3132 3941 Υἰοῦ
3166 3887 3263 3943 τοῦ
3313 3888 3449 3944 Θεοῦ
3479 3889 3660 3961 δόξης,
3701 3893 3822 3947 τῶν.

2240 3970 2338 4041 μὲν
2369 3971 2666 4042 όρθοδόξων
2719 3976 3007 4045 ὁμοούσιον
3037 3978 3131 4032 καὶ
3180 3978 3296 4035 ἴσον
3337 3981 3414 4052 τῷ
3450 3985 3625 4057 ﬂat-rp!
3679 4002 3812 4056 πρε-

2237 4062 2541 4118 σϐευόντων
2588 4064 2770 4129 αὐτὸν,
2825 4067 2935 4121 τῶν
2983 4070 3277 4141 αἱρετικῶν
3327 4074 3385 4127 δὲ
3416 4074 3697 4148 καθαιρεῖν
3719 4078 3817 4134 καὶ

2236 4152 2593 4220 ὑποδιδάζειν
2621 4156 2720 4227 τῆς
2756 4160 3028 4231 πατρικῆς
3050 4161 3208 4233 δόξης
3252 4165 3348 4218 καὶ
3395 4167 3814 4237 ὁμοουσιότητος

2233 4238 2668 4318 διατεινομένων.
2726 4250 2878 4306 Ἔδει
2912 4251 2970 4305 δὲ
3004 4254 3223 4318 πάντως
3259 4256 3357 4328 τὴν
3383 4259 3622 4313 νικῶσαν
3663 4260 3817 4330 ἔχειν

2231 4336 2293 4392 τὸ
2328 4339 2556 4411 Πνεῦμα
2587 4342 2647 4396 τὸ
2672 4341 2852 4412 ἅγιον,
2879 4345 2972 4399 καὶ
2989 4343 3066 4411 ὥς
3086 4349 3157 4401 δι’
3181 4348 3415 4420 ὀργάνου
3447 4352 3591 4416 τινὸς
3612 4354 3823 4413 οἰκείου,

2230 4430 2326 4485 τοῦ
2365 4434 2638 4505 μακαρίου
2662 4435 2818 4490 τοῦδε
2851 4437 3118 4506 στόματος
3140 4441 3237 4495 τοῦ
3268 4441 3414 4496 θείου
3449 4444 3812 4515 ’Δμφιλοχίου

549 4503 791 4563 Advenit
819 4509 987 4581 igitur
1015 4513 1102 4569 vir
1139 4532 1360 4589 quoque
1383 4520 1475 4576 hic
1504 4524 1864 4583 admirandus
1893 4538 1951 4584 et
1978 4503 2124 4585 con-

2232 4522 2333 4594 τὴν
2364 4503 2647 4599 αἱρετικὴν
2674 4503 3046 4600 κατασιγᾶσαι
3077 4536 3436 4604 κενοφωνίαν.
3456 4503 3815 4610 Μετάκλητος

551 4600 637 4652 ira
669 4599 919 4669 veritatis
947 4601 1201 4661 inimicos
1220 4617 1480 4679 tanquam
1504 4612 1698 4671 dextra
1729 4632 1926 4673 manus
1954 4620 2023 4675 ab
2045 4635 2131 4675 or-

549 4688 808 4751 thodoxis
823 4693 1127 4753 aestimatus
1149 4708 1252 4755 est.
1277 4700 1414 4757 Cum
1430 4713 1614 4760 autem
1628 4708 1883 4766 vehiculo
1907 4711 2129 4782 publico
2192 4707 2201 4715 ’

550 4790 745 4841 vectus
768 4788 1031 4845 accedere
1053 4791 1363 4864 juberetur,
1381 4797 1576 4854 urbem
1600 4800 1920 4873 relinquens
1945 4805 2129 4862 Theo-

546 4876 737 4934 dulum
765 4881 1012 4939 ecclesiae
1037 4894 1148 4941 suae
1169 4888 1620 4947 archidiaconum
1642 4908 1828 4949 secum
1852 4897 2126 4967 proﬁcisci

545 4969 740 5025 voluit.
771 4970 1080 5030 CarbOnem
1134 4993 1303 5048 porro
1338 4980 1553 5051 igneum
1584 4983 1755 5039 linteo
1808 4984 2123 5045 involutum

545 5062 939 5121 archidiacono
978 5066 1145 5123 tradit
1184 5073 1542 5145 praecipitque
1583 5086 1643 5132 ut
1671 5092 1861 5134 secum
1892 5096 2127 5138 conser-

546 5165 635 5210 vet
667 5159 976 5227 usquedum
1009 5177 1078 5217 eo
1104 5178 1244 5234 opus
1279 5166 1352 5222 sit
1380 5167 1693 5229 habiturus.
1725 5169 1996 5230 Caeterum
2044 5184 2126 5231 to-

547 5255 663 5303 tum
695 5261 920 5308 sanctus
953 5255 1196 5312 confecit
1238 5258 1344 5314 iter
1366 5260 1612 5333 jejunus.
1645 5264 2123 5339 Constantinopo-

547 5336 643 5391 lim
672 5337 952 5410 ingressus
981 5345 1125 5415 apud
1159 5347 1381 5404 viduam
1412 5350 1561 5422 piam
1599 5352 1851 5410 divertit.
1895 5357 1995 5414 Ubi
2017 5336 2125 5414 auo

545 5429 685 5489 divit
721 5448 916 5493 omnes
947 5437 1104 5494 urbis
1126 5441 1389 5499 ecclesias
1419 5446 1592 5502 serris
1619 5448 2003 5522 repagulisque
2029 5468 2123 5508 oc-

545 5522 729 5582 clusae
760 5526 959 5596 teneri,
990 5530 1351 5591 nihilominus
1374 5537 1429 5592 in
1463 5538 1531 5595 iis
1552 5552 1810 5597 oraturus
1847 5544 2115 5613 perrexit.

547 5624 603 5671 et
633 5617 702 5672 ad
741 5620 1011 5694 cujusque
1041 5624 1180 5680 ostia
1211 5626 1266 5682 in
1297 5640 1474 5699 genua
1503 5646 1710 5702 pronus
1735 5649 1766 5689 a
1796 5633 1910 5690 Deo
1939 5634 2121 5704 preci-

550 5707 654 5765 bus
680 5711 936 5771 obtinere
955 5716 1190 5786 studuit,
1219 5727 1277 5776 ut
1306 5722 1667 5780 orthodoxam
1724 5726 2119 5782 corroboraret

550 5800 854 5864 Ecclesiam
882 5817 936 5866 et
966 5810 1073 5868 sibi
1107 5812 1483 5885 eloquentiam
1526 5815 1774 5878 veritatis
1812 5816 2119 5877 auxiliatri-

2232 4611 2326 4671 οὖν
2364 4618 2461 4674 καὶ
2515 4621 2544 4674 ό
2601 4620 2913 4692 θαυμαστὸς
2967 4615 3123 4689 οὗτος
3167 4626 3309 4698 ἀνὴρ
3337 4627 3545 4696 γίνεται
3599 4632 3812 4702 μεγάλη

2229 4712 2346 4774 τοῖς
2364 4710 2669 4781 ὀρθόδοξοις
2697 4715 2821 4784 χεὶρ
2853 4714 2996 4769 κατὰ
3049 4717 3158 4771 τῶν
3187 4719 3399 4789 ἐχθρῶν
3422 4721 3811 4793 τῆςξάληθείας

2229 4803 2720 4878 δπλισθησόμενος.
2766 4809 2921 4863 Ἐπεὶ
2963 4809 3019 4864 δὲ
3043 4808 3133 4865 όιά
3159 4813 3266 4865 τῶν
3295 4813 3571 4884 δημοσίων
3598 4816 3798 4886 όχημάν

2228 4914 2337 4951 των
2361 4900 2553 4970 φοιτᾷν
2581 4899 2888 4967 ἐκελεύετο,
2906 4902 3360 4975 συμπαραλαᾶὼν
3390 4908 3487 4960 καὶ
3519 4906 3811 4969 Θεόδουλον

2227 4990 2322 5042 τὸν
2349 4988 2453 5060 τῆς
2485 4990 2652 5045 αὐτοῦ
2686 4992 2986 5065 ἐκκλησίας
3047 4994 3449 5065 ἀρχιδιάκονον,
3503 4996 3651 5070 ἐξῄει
3709 5000 3810 5069 τῆς

2229 5081 2462 5147 πόλεως.
2488 5084 2771 5154 Ἀνθρακα
2792 5085 2846 5138 δὲ
2877 5088 3047 5153 πυρὸς
3082 5088 3295 5142 ἐκεῖθεν
3320 5088 3502 5146 λαὸὼν
3536 5094 3627 5144 καὶ
3646 5090 3817 5169 ὀθόνῃ

2227 5177 2334 5226 τινί
2361 5177 2736 5247 κατακρύψας,
2766 5179 2844 5249 τῷ
2865 5178 3235 5251 ἀρχιδιακιῦνῳ
3254 5180 3473 5235 δίδωσιν
3496 5181 3670 5236 είπὼν
3699 5200 3807 5251 cpu-

2228 5265 2440 5320 λάττειν
2470 5269 2602 5340 παρ’
2658 5269 2835 5341 ἐαυτῷ
2867 5271 2974 5335 ἓως
3002 5273 3082 5334 είς
3121 5272 3315 5343 χρείαν
3365 5273 3532 5327 αὐτοῦ
3557 5274 3804 5344 γένηται.

2226 5359 2321 5412 καὶ
2352 5360 2445 5430 τῆς
2468 5360 2586 5417 ὁδοῦ
2606 5361 2886 5432 ἀψάμενος
2904 5361 3088 5426 ἄσιτος
3108 5364 3207 5435 ῆνυ
3217 5381 3278 5418 σε
3297 5365 3524 5436 ταύτην.
3551 5366 3630 5436 Τῇ
3654 5367 3807 5420 Κων-

2227 5452 2668 5509 σταντινουπόλει
2720 5453 2779 5509 δὲ
2828 5455 3028 5520 ἐπιϐὰς
3070 5456 3342 5521 ξενίζεται
3375 5459 3528 5526 παρά
3574 5474 3682 5512 τινι
3704 5475 3809 5528 γυ·-

2225 5544 2373 5597 ναικὶ
2401 5546 2547 5617 χήρα
2571 5547 2663 5600 καὶ
2696 5546 2995 5619 φιλαρέτῳ.
3016 5548 3222 5605 Μαθὼν
3249 5551 3304 5603 δὲ
3326 5549 3400 5615 ὡς
3425 5553 3481 5605 αἱ
3513 5550 3804 5623 ἐκκλησίαι

2225 5636 2398 5692 πᾶσαι
2423 5640 2524 5709 τῆς
2557 5637 2766 5703 πόλεως
2805 5639 2913 5695 ὑπὸ
2964 5641 3140 5696 κλεισὶ
3175 5640 3267 5695 καὶ
3292 5645 3555 5713 σφραγῖσι
3583 5645 3804 5698 κεκλει-

2226 5729 2421 5800 σμέναι
2454 5729 2723 5803 διέμενον,
2787 5733 2955 5807 ἀπῄει
2986 5734 3418 5806 προσευξόμενος
3449 5737 3510 5789 ιν
3553 5737 3745 5800 αὐταῖς
3781 5752 3794 5766 ·

2224 5820 2393 5887 τιθεὶς
2437 5822 2505 5878 τά
2528 5822 2730 5895 γόνατα
2760 5827 2912 5899 παρὰ
2937 5827 3003 5883 τὰ
3026 5827 3260 5901 ἑκάστης
3287 5827 3600 5899 προπύλαια
3622 5828 3803 5885 ἐδέετο
