4126 6382
480 309 576 382 967

1641 297 2025 366 ADDENDA.
2047 326 2117 338 -·
2157 295 2594 365 ΝονΕΜωιιι.

3623 291 3732 358 ’ίιϐ

483 446 610 487 vero
630 428 775 484 haud
807 424 1044 496 amplius
1065 421 1170 478 sibi
1202 417 1550 491 temperavit,
1584 415 1954 484 exsiliensque
1995 413 2052 468 in
2088 459 2093 478 ι

2195 415 2248 470 δν
2280 414 2436 484 ἅγιον
2465 413 2586 467 οὑδὶ
2618 409 2885 475 καθεκτὸς
2909 409 3004 474 ὢν,
3038 409 3093 464 ἃ)
3105 405 3152 463 λ’
3181 401 3556 479 ἐξαλλόμενος,
3585 405 3655 459 τί
3674 406 3735 459 ει

483 532 729 581 sanctum
762 520 846 573 his
874 518 1122 572 invectus
1148 525 1232 570 est
1264 512 1482 568 verbis:
1507 509 1618 566 Cur
1643 509 1749 562 hoc
1794 507 1970 562 fecisti
1996 513 2056 559 ut

484 631 569 670 me
601 612 819 682 quidem
863 606 1211 671 salutaveris,
1260 605 1430 659 lilium
1491 612 1670 657 autem
1700 615 1906 662 meum,
1934 608 2056 651 tan»

487 722 650 778 quam
689 717 857 757 unum
881 715 911 755 e
943 700 1123 770 plebe,
1152 697 1314 752 nihili
1363 692 1607 751 ieceris?
1650 692 1845 746 Nonne
1877 697 1934 743 et
1963 689 2059 744 hie

489 815 582 853 rex
612 797 739 852 est?
766 794 961 849 Nonne
996 805 1199 845 corona
1237 798 1549 858 etpurpura
1601 795 1659 838 et
1685 781 1905 837 caeteris
1952 780 2055 833 im~

489 889 629 960 perii
666 884 981 954 insignibus
1007 881 1282 937 ornatus?
1313 879 1434 934 .Iam
1495 876 1696 946 dignus
1725 889 1786 928 es
1824 873 1918 941 qui
1974 887 2064 927 ca-

492 983 610 1052 pite
655 977 938 1049 plectaris.
968 973 1394 1044 Amphilochius
1458 979 1653 1024 contra
1691 966 1921 1038 regessit
1953 981 1968 1019 :
2006 965 2061 1020 Si

493 1085 574 1140 tu,
611 1089 644 1128 o
679 1087 793 1137 rex,
829 1070 922 1138 qui
953 1067 1117 1122 hodie
1146 1065 1372 1120 exsistis
1408 1073 1462 1118 et
1485 1079 1612 1119 cras
1642 1061 1924 1118 communi
1949 1059 2065 1114 fato

494 1167 742 1236 subjnces
773 1175 830 1217 et
866 1162 921 1216 in
973 1161 1191 1215 cineres
1223 1157 1536 1221 resolvet-is,
1569 1157 1638 1211 de
1692 1155 1805 1211 lilio
1832 1163 1927 1209 tuo
1955 1168 2064 1208 non

498 1263 576 1313 uti
611 1257 768 1312 decet
803 1257 1076 1310 honorato
1134 1253 1436 1321 indignaris
1486 1263 1650 1320 atque
1687 1249 1828 1304 banc
1875 1258 2071 1304 contu-

498 1351 720 1406 meliam
769 1347 924 1417 quasi
958 1345 1054 1398 tibi
1085 1343 1283 1398 factam
1321 1352 1565 1412 reputas,
1597 1355 1781 1396 nonne
1813 1355 1909 1394 rex
1970 1339 2072 1392 im»

501 1438 774 1496 mortalis.
809 1434 1032 1505 quando
1065 1433 1241 1490 Filius
1269 1432 1390 1501 ejus
1417 1429 1486 1483 ab
1522 1427 1708 1497 impiis
1737 1425 2072 1481 contumelia

501 1531 756 1592 adicitur,
790 1528 962 1581 multo
995 1526 1176 1595 potius
1205 1521 1625 1593 indignabitur!
1653 1522 1761 1574 Aut
1792 1516 2073 1587 quomodo

503 1635 662 1697 putis
693 1637 818 1678 eum
851 1621 973 1675 Filii
1011 1620 1094 1674 sui
1154 1617 1556 1686 neglectionem
1609 1620 2072 1682 supportaturum

503 1735 625 1773 esse
651 1718 674 1770 ?
704 1716 783 1769 Ad
819 1715 934 1768 hate
969 1729 1086 1776 rex,
1113 1711 1294 1765 adhuc
1325 1710 1406 1764 ira
1439 1717 1774 1770 commotus,
1811 1704 1925 1760 Cur
1985 1713 2074 1767 tu,

2159 509 2254 563 καὶ
2277 508 2435 561 τοῦτο
2479 509 2760 576 ιποίησας,
2812 504 2948 574 πρὸς
2971 505 3060 556 τὸν
3088 504 3246 572 ἆγιον
3270 501 3397 571 εφη,
3433 501 3531 570 ἐμὲ
3569 500 3669 568 μὲν

2157 601 2634 672 προσηγόρευσας,
2675 596 3038 665 ἑξουδενὼσας
3090 597 3148 650 δὲ
3205 596 3296 648 τὸν
3337 593 3452 648 υἱὸν
3481 596 3573 646 τδν
3600 593 3736 660 ἐμὸν

2159 694 2252 746 καὶ
2285 691 2361 755 ὡς
2381 692 2460 760 τῷ
2489 691 2709 761 τυχόντι
2741 688 3163 760 προσενεχθείςς
3203 687 3338 756 οὐκὶ
3361 684 3616 756 βασιλεὺς
3644 685 3744 736 καὶ

2136 787 2352 852 ἀὒτ6ς;
2415 786 2550 855 Οὐχὶ
2583 783 2777 854 στέφος
2832 783 2925 834 καὶ
2965 779 3260 849 ἁλουργίδα
3297 778 3607 849 περίκειται
3649 776 3744 828 καὶ

2161 883 2328 937 τᾶλλα
2351 883 2448 934 ὅσα
2474 881 2571 950 τῆς
2603 878 2885 950 βασιλείας
2933 879 3279 947 rapientia;
3315 874 3429 927 Νῦν
3456 875 3516 925 ού
3546 874 3748 936 στήσε-

2162 993 2252 1029 ται
2293 977 2326 1044 ἡ
2352 974 2559 1042 κεφαλή
2594 988 2690 1024 σου
2719 972 2809 1024 ἐπὶ
2843 972 2950 1022 τῶν
2981 969 3148 1036 ὤμων
3176 985 3292 1021 σου.
3355 967 3413 1020 'O
3444 963 3501 1019 δὲ
3543 968 3750 1034 Ἀμιςι-

2165 1068 2360 1136 λόχιος,
2386 1066 2448 1118 El
2474 1066 2560 1128 σὺ,
2585 1063 2712 1132 ἔφη,
2747 1063 2990 1132 βασιλεῦ,
3019 1063 3046 1114 ὁ
3069 1061 3309 1130 σήμερον
3332 1057 3406 1111 ὢν
3442 1059 3532 1110 καὶ
3555 1055 3755 1126 αῦριον

2165 1160 2233 1228 τῇ
2265 1161 2417 1226 κοινῇ
2450 1155 2609 1224 φύσει
2639 1155 2973 1224 λειτουργῶν
3008 1155 3102 1207 καὶ
3137 1152 3488 1219 διαλυόμενος
3506 1147 3599 1202 τοῦ
3627 1147 3754 1200 υἱοῦ

2171 1269 2264 1306 σου
2309 1249 2382 1320 μὴ
2411 1249 2485 1312 ὡς
2519 1249 2798 1319 προσῆκόν
2829 1249 2948 1300 ἐστι
3005 1245 3330 1316 τιμηθέντος
3357 1239 3753 1313 ἠγανάκτησάς

2168 1360 2228 1396 τε
2255 1344 2348 1395 καὶ
2385 1341 2543 1413 ῦόριν
2571 1340 2777 1394 οἰκείαν
2801 1339 2860 1393 τὸ
2892 1340 3124 1409 πρᾶγμα
3145 1337 3458 1404 νενόμικας,
3482 1335 3510 1386 ὁ
3543 1333 3759 1386 ἀθάνα-

2168 1449 2258 1497 τος
2290 1434 2540 1505 βασιλεὺς
2573 1434 2632 1486 οὐ
2667 1433 2845 1503 πολλῷ
2885 1433 3084 1503 μᾶλλον
3107 1427 3438 1498 ἀγανακτῶν
3468 1427 3624 1478 ἔσται
3652 1423 3753 1477 τοῦ

2173 1526 2303 1580 Υίοῦ
2334 1526 2502 1580 αὐτοῦ
2551 1524 3020 1595 καθυϐριζομένου
3069 1521 3221 1590 παρὰ
3252 1520 3364 1572 τῶν
3397 1516 3645 1582 ἀσεδῶνς
3682 1512 3758 1566 Ἦ

2175 1620 2291 1684 πῶς
2313 1620 2419 1672 οίει
2444 1619 2630 1689 φέρειν
2668 1619 2832 1672 αὐτὸν
2874 1622 2976 1688 τὴν
3005 1615 3101 1670 τοῦ
3142 1611 3482 1681 Μονογενοῦς
3512 1609 3755 1663 ἐλάττω.

2179 1730 2295 1779 σιν;
2325 1713 2434 1765 Καὶ
2457 1714 2484 1764 ὁ
2507 1711 2760 1781 βασιλεὺς
2791 1708 2872 1763 ἔτι
2903 1709 2981 1778 τῷ
3004 1707 3161 1778 θυμῷ
3186 1707 3506 1774 νικώμενος,
3547 1702 3647 1755 Διὰ
3679 1702 3758 1762 τί,

506 1806 707 1873 inquit,
739 1819 905 1857 senex
940 1799 1252 1870 impudens,
1306 1812 1505 1854 canum
1540 1797 1716 1852 instar
1766 1793 1914 1865 Quod
1965 1808 2076 1848 non

2195 1806 2369 1876 ρησὶν,
2429 1806 2787 1873 ἀναίσχυντος
2839 1798 2892 1856 εἴ
2923 1803 3104 1871 γέρων
3151 1798 3293 1852 κατὰ
3337 1800 3461 1859 τοὺς
3498 1793 3670 1856 κύνας
3696 1794 3761 1845 τδ

510 1902 668 1952 decet
727 1895 982 1966 profers?
1019 1893 1119 1948 Cui
1173 1907 1446 1962 reponens
1504 1888 1944 1959 Amphilochius,
1974 1885 2084 1956 0p-

511 1993 665 2056 time,
697 1988 897 2058 inquit,
928 2006 959 2043 ο
989 2003 1104 2050 rex,
1140 1987 1358 2041 loeutus
1387 1999 1448 2039 es
1483 2000 1497 2038 :
1531 1999 1698 2039 senex
1749 1980 1900 2036 enim
1959 1995 2081 2034 sum

514 2086 694 2156 quoad
730 2099 925 2148 annos,
961 2080 1254 2151 impudens
1292 2089 1474 2132 autem
1505 2084 1734 2146 propter
1759 2075 2088 2129 inverecuno

515 2180 635 2241 dos,
668 2187 722 2238 et
755 2191 950 2229 canum
987 2187 1196 2226 morem
1233 2184 1437 2238 sequor
1497 2175 1724 2237 propter
1779 2165 1944 2235 lupos
1989 2161 2086 2233 qui

516 2269 611 2324 Dei
648 2268 947 2323 Ecclesium
978 2263 1360 2320 contaminant
1396 2268 1452 2315 et
1501 2259 1843 2328 discerpunt.
1908 2259 2088 2322 Quatt-

519 2362 611 2414 diu
644 2360 792 2412 enim
824 2359 960 2412 istos
987 2356 1147 2408 video
1175 2353 1380 2408 Christi
1409 2353 1514 2407 mei
1570 2367 1790 2422 gregem
1825 2348 2083 2408 adorien-

522 2461 624 2515 tes,
667 2453 862 2504 latrare
894 2447 1162 2506 adversus
1189 2459 1288 2499 eos
1318 2458 1428 2498 non
1460 2442 1711 2498 cessabo.

594 2541 726 2597 Vill.
782 2539 920 2594 Tum
967 2553 1092 2598 rex,
1149 2546 1338 2606 utpote
1388 2535 1545 2604 cujus
1590 2535 1835 2590 animum
1900 2531 2088 2588 divina

520 2636 692 2707 gratia
730 2632 795 2686 ad
825 2633 1030 2688 bonum
1073 2636 1376 2694 revocaret,
1411 2629 1551 2682 iram
1603 2626 1942 2696 repressitet
1970 2638 2095 2678 vero

521 2730 716 2784 borum
749 2724 922 2780 sancti
973 2723 1228 2776 conscius
1275 2721 1471 2781 factus,
1509 2732 1740 2787 surgens
1797 2731 1926 2771 eum
1974 2730 2094 2769 am-

524 2817 775 2888 plexatus
798 2814 1184 2881 osculatusque
1209 2818 1311 2876 est,
1357 2809 1605 2879 dixitque
1632 2825 1645 2862 :
1672 2806 1890 2876 Optime
1923 2815 1978 2860 et
2007 2804 2096 2858 di-

525 2926 632 2980 gno
654 2908 815 2963 modo
835 2904 1250 2976 Amphilochius
1269 2901 1677 2971 divinojudicio
1699 2899 1908 2954 electus
1931 2897 2097 2954 verba

526 3000 674 3056 fecit.
713 2999 925 3053 Etenim
969 2997 1014 3050 si
1054 3010 1153 3064 ego
1181 2995 1274 3064 qui
1308 2992 1472 3047 homo
1509 3006 1628 3045 sum
1653 3032 1668 3056 ,
1704 2987 2097 3044 contumeliam

530 3091 643 3147 lilio
671 3106 792 3146 meo
819 3089 1020 3143 illatam
1048 3103 1157 3140 non
1188 3091 1469 3138 mansuete
1502 3082 1622 3147 tuli,
1655 3083 1932 3150 quomodo
1954 3080 2098 3133 Deus

529 3187 796 3240 honorem
831 3180 1094 3250 unigeniti
1127 3177 1298 3245 ipsius
1341 3174 1467 3228 Filii
1497 3172 1751 3226 imminui
1799 3170 2039 3240 patietur
2073 3168 2097 3220 ?

529 3279 694 3333 Jubet
741 3277 924 3344 itaque
982 3272 1128 3326 illico
1181 3267 1514 3323 Eunumium
1564 3265 1793 3336 ejusque
1859 3262 2097 3318 asseclas

533 3369 747 3425 thronis
794 3365 1114 3420 deturbatos
1138 3361 1331 3416 exsilio
1364 3357 1606 3424 multari,
1654 3358 1729 3412 ita
1781 3356 2005 3424 quidem
2037 3364 2100 3410 ut

534 3459 683 3529 prius
709 3455 1036 3509 verberibus
1064 3449 1321 3520 gravibus
1346 3448 1472 3502 caesi
1512 3455 1568 3501 et
1603 3445 1830 3502 camelis
1856 3444 2099 3511 impositi

533 3565 632 3619 per
661 3547 896 3600 mediam
929 3543 1121 3598 urbem
1179 3540 1618 3596 traducerentur.
1651 3536 2098 3606 Amphilochium

534 3649 718 3696 autem
757 3636 900 3708 apud
935 3649 994 3690 se
1017 3633 1246 3689 retinuit
1273 3647 1336 3686 ac
1359 3630 1538 3687 verbis
1558 3630 1933 3698 doctrinaque
1983 3629 2103 3698 ejus

535 3731 724 3787 faciles
757 3744 924 3788 aures,
951 3725 1208 3797 praebuit.
1246 3723 1430 3777 Multis
1451 3724 1563 3792 jam
1595 3720 1964 3791 praeterlapsis
1988 3718 2106 3774 die-

535 3827 638 3882 bus
687 3832 914 3882 sanctus
945 3822 1058 3890 regi
1089 3819 1268 3873 dixit:
1303 3816 1546 3886 Tempus
1581 3813 1839 3884 requirit,
1898 3821 1959 3866 ut
2004 3827 2103 3881 pa-

536 3929 713 3972 stores
744 3915 812 3970 ad
842 3929 973 3968 oves
1001 3927 1130 3966 suas
1175 3918 1542 3965 revertantur.
1590 3907 1841 3960 Attamen
1872 3920 1988 3969 rex,
2025 3904 2108 3958 di-

539 4008 723 4062 missis
744 4007 978 4069 ueteris,
1000 4003 1207 4058 diutius
1237 4017 1363 4055 eum
1390 3999 1532 4070 apud
1560 4013 1618 4053 se
1647 3998 1883 4052 retinere
1907 3996 2102 4066 cupiit.

535 4098 672 4156 Cum
703 4109 884 4156 autem
915 4094 1228 4153 vehementi
1257 4092 1525 4148 redeundi
1562 4090 1842 4145 desiderio
1867 4104 1992 4142 eum
2028 4097 2108 4142 tes

538 4189 656 4245 neri
675 4186 1244 4250 :tttitnadvertisset,nt
1263 4182 1470 4252 aliquid
1495 4199 1525 4235 a
1553 4196 1610 4236 se
1642 4190 1810 4250 petat,
1839 4177 2108 4249 quidquid

541 4284 764 4337 demum
809 4282 898 4340 sit,
938 4281 1117 4348 jubet.
1149 4279 1382 4330 Sanctus
1435 4274 1732 4344 respondet
1765 4292 1778 4327 :
1809 4272 1967 4340 Quod
2006 4288 2108 4343 ego

542 4371 882 4433 desideravi,
917 4368 1057 4421 Deus
1098 4369 1206 4438 jam
1256 4381 1352 4434 per
1401 4376 1451 4419 te
1488 4363 1769 4432 praestitit,
1811 4371 1972 4432 atque
2006 4362 2111 4417 hoc

2182 1898 2395 1962 ἀναιδὲς
2418 1897 2896 1969 προσαλλόμενοςς
2953 1894 3014 1947 ὐ
3043 1893 3100 1946 δὲ
3147 1891 3514 1961 Ἀμφιλύχιος,
3553 1884 3762 1939 Eand-

2184 2008 2315 2062 χως,
2365 1990 2494 2062 ἔφη,
2549 1987 2796 2060 βασιλεῦ,
2848 1988 3111 2059 εἶρηκας’
3160 1985 3338 2056 γέρων
3368 1984 3478 2052 γάρ
3529 1984 3645 2051 εἰμι
3679 1979 3762 2048 τῷ

2185 2084 2384 2156 χρόνῳ,
2416 2082 2638 2152 ἀναιδὴς
2661 2081 2718 2134 δὲ
2754 2080 2841 2134 διὰ
2864 2081 2988 2140 τοὺς
3018 2077 3287 2139 ἀτάκτους
3305 2092 3321 2108 ·
3349 2075 3417 2127 τὰ
3445 2075 3502 2127 δὲ
3524 2073 3632 2128 τῶν
3663 2090 3767 2124 κν-

2187 2179 2295 2233 νῶν
2333 2176 2712 2244 ἐπιδείκνυμαι
2769 2172 2858 2226 διὰ
2905 2173 3031 2235 τοὺς
3059 2170 3257 2231 λύκους
3295 2168 3344 2222 οἳ
3370 2167 3468 2236 τὴν
3497 2166 3592 2218 τοῦ
3622 2161 3762 2216 Θεοῦ

2201 2267 2527 2337 Ἐκκλησίαν
2593 2265 2946 2334 λυμαίνονται
3008 2265 3102 2316 καὶ
3133 2262 3554 2330 σπαράττουσιν,
3614 2257 3765 2318 Ἕως

2190 2361 2298 2430 γὰρ
2321 2358 2546 2421 τούτους
2570 2357 2680 2427 ὁρῶ
2704 2357 2768 2426 τῇ
2801 2356 2896 2408 τοῦ
2920 2354 3054 2424 ἐμοῦ
3077 2352 3317 2425 Χριστοῦ
3349 2353 3550 2422 ποίμνῃ
3573 2349 3767 2403 ἐπειδν⁶

2188 2469 2310 2516 τας,
2342 2449 2694 2506 καθυλακτῶν
2725 2449 2922 2512 αὐτοὺς
2948 2449 3050 2501 οὐκ
3077 2447 3365 2516 ἀφέξομαι.

2262 2542 2343 2600 11⁸.
2379 2544 2440 2595 '0
2473 2543 2527 2596 δὲ
2556 2542 2830 2612 βασιλεὺς,
2860 2544 2959 2611 τῆς
2994 2539 3141 2602 θείας
3173 2541 3393 2609 χάριτος
3417 2537 3634 2598 πάντως
3683 2536 3766 2596 είς

2193 2637 2294 2706 τὴν
2349 2635 2514 2690 αὐτοῦ
2571 2633 2799 2704 καρδίαν
2859 2631 3041 2700 ἀγαθὰ
3099 2631 3434 2700 λαλησάσηε,
3465 2629 3558 2680 τοῦ
3589 2625 3768 2695 θυμοῦ

2196 2729 2471 2786 κατέπαυε
2507 2743 2590 2789 τε,
2650 2727 2746 2777 καὶ
2793 2724 2904 2777 τῶν
2958 2723 3052 2776 τοῦ
3115 2723 3385 2792 μακαρίου
3423 2721 3770 2790 ῥημάτων-ἑν

2198 2819 2458 2886 συναισθὴ
2468 2834 2550 2869 σει
2577 2816 2808 2884 γίνεται,
2836 2814 2928 2867 καὶ
2945 2815 3179 2875 ἀναστὰς
3199 2811 3487 2881 περιέὗαλέ
3505 2827 3564 2862 τε
3585 2811 3770 2873 αὑτὸν,

2199 2913 2294 2963 καὶ
2320 2909 2492 2979 ἡδέως
2532 2907 2832 2975 κατεφίλει,
2863 2905 3059 2967 Καλῶς
3089 2905 3184 2956 καὶ
3205 2902 3771 2966 εύεπισόλως,λέγων,

2199 3001 2230 3054 δ
2260 3003 2365 3054 ὑπὸ
2391 3000 2537 3062 Θείας
2566 2999 2751 3068 ψήφου
2797 2995 3198 3067 προχειρισθεὶς
3254 2995 3598 3064 ’Δμφιλόχιος
3623 2994 3777 3062 ετρηδ

2205 3110 2320 3149 κεν.
2352 3094 2416 3145 Ei
2471 3093 2581 3162 γὰρ
2639 3089 2752 3157 ἐγὼ
2801 3087 3089 3158 ἄνθρωπος
3123 3085 3201 3138 ὣν
3231 3089 3334 3156 τὴν
3363 3086 3491 3154 περὶ⁵
3535 3084 3628 3140 τὲν
3657 3085 3778 3136 υἱον

2201 3187 2362 3256 ὕϐριν
2387 3185 2573 3255 πράως
2604 3185 2706 3236 οὐκ
2730 3184 2954 3252 ﬂuvias,
2984 3185 3012 3234 δ
3051 3181 3181 3243 Θεὸς
3227 3179 3344 3241 πῶς
3376 3181 3513 3232 οἴσει
3552 3180 3653 3246 τὴν
3681 3177 3775 3230 τοῦ

2205 3279 2525 3351 μονογενοῦς
2572 3276 2735 3330 αὑτοῦ
2778 3275 2970 3336 Παιδὸς
2999 3272 3248 3342 ίῦφεσιη
3317 3271 3544 3324 Κελεύει
3594 3271 3781 3324 τοίνυν

2202 3373 2363 3436 εὐθὺς
2392 3373 2518 3434 τοὺς
2561 3369 2660 3440 μιν
2693 3370 2822 3439 περὶ
2846 3367 3112 3430 Εὐνόμιον
3153 3364 3546 3434 καθαιρεθῆναι
3580 3381 3638 3416 τε
3667 3365 3780 3415 τῶν

2202 3465 2408 3534 θρόνων
2457 3461 2553 3514 καὶ
2608 3461 2936 3529 ὑπερορίους
2984 3457 3480 3527 παραωμφθῆναι,
3512 3455 3779 3522 πρότερον

2201 3553 2502 3621 τυφθέντας
2532 3550 2777 3620 σφοδρῶς
2801 3550 2895 3602 καὶ
2929 3549 3200 3617 καμήλοις
3233 3546 3622 3616 ιποχηθὲντας,
3657 3537 3778 3597 εἶτα

2203 3643 2291 3697 διὰ
2324 3644 2495 3712 μέσης
2517 3641 2988 3711 θριαμόευοέντας
3018 3639 3119 3708 τῆς
3159 3639 3364 3700 πόλεως
3386 3657 3400 3670 ·
3432 3639 3521 3689 τὸν
3550 3637 3606 3688 δὲ
3649 3637 3783 3705 Ἀμ-

2206 3735 2448 3804 φιλοχιον
2471 3732 2599 3803 παρ’
2633 3729 2810 3800 ἑαυτῷ
2845 3731 3135 3801 κατασχὼν
3159 3731 3330 3799 ἡδέως
3381 3728 3490 3783 τῶν
3515 3744 3570 3780 τε
3605 3728 3784 3796 λόγων

2208 3828 2300 3880 καὶ
2322 3823 2672 3884 διδασκαλίας
2704 3823 2802 3892 τῆς
2833 3819 2997 3873 αὑτοῦ
3030 3821 3245 3890 ήκουεν.
3291 3816 3354 3871 Ἦ
3365 3819 3548 3888 μερῶν
3571 3819 3627 3870 δὲ
3661 3820 3786 3870 ίκαο

2207 3915 2312 3969 νῶν
2333 3914 2748 3983 διαγενομένων,
2793 3911 2872 3981 τῷ
2906 3911 3114 3980 βασιλεῖ
3151 3910 3180 3962 ὀ
3215 3911 3507 3980 μακάριος,
3549 3909 3782 3976 Καιρὸς,

2207 4004 2335 4076 ἔφη,
2384 4004 2569 4057 λοιπὸν
2615 4005 2741 4066 τοὺς
2803 4002 3072 4071 ποιμένας
3120 4004 3212 4053 ἐπὶ
3263 4003 3337 4054 τὰ
3383 4002 3492 4055 ἴδια
3533 4001 3783 4070 πρόϐατα

2210 4093 2626 4165 δπανέρχεσθαι.
2661 4091 2720 4144 ’0
2737 4093 2794 4145 δὲ
2825 4093 3082 4163 βασιλεὺς
3109 4093 3234 4156 τοὺς
3263 4092 3451 4154 ἄλλους
3477 4094 3788 4160 ἐκπέμπων

2210 4189 2370 4242 αὑτὸν
2397 4191 2493 4239 καὶ
2543 4188 2621 4238 ἔτι
2645 4185 3049 4253 παρακατέχειν
3079 4184 3359 4254 ἠϐούλετο.
3385 4183 3602 4254 Ἐπειδὴ
3633 4187 3786 4252 ἰσχυ-

2215 4279 2323 4348 ρῶς
2349 4277 2496 4348 ἐώρα
2520 4278 2617 4344 τῆς
2645 4276 2902 4328 ἐπανόδου
2943 4277 3222 4346 ἐχόμενον,
3256 4278 3470 4344 αἴτησιν
3506 4278 3788 4346 προτεῖναι

2212 4370 2278 4442 ἣν
2308 4368 2558 4440 βούλεται
2583 4368 2751 4432 λέγει.
2789 4368 2846 4421 '0
2869 4367 2949 4433 δὲ,
2974 4368 3048 4420 Τὸ
3073 4369 3224 4438 ἐμὸν,
3248 4370 3405 4438 φησὶ,
3428 4367 3636 4438 Θέλημα
3655 4369 3788 4433 Θεὸς

543 4477 716 4531 usque
749 4462 815 4515 ad
866 4460 1026 4514 linem
1061 4459 1420 4529 permanebit.
1458 4457 1727 4512 Caeterum
1766 4456 1905 4510 nihil
1939 4464 2093 4509 terre

2214 4463 2313 4533 ἤδη
2347 4463 2435 4514 διὰ
2472 4460 2564 4513 σοῦ
2600 4461 2969 4524 τετελείωκεν,
3003 4459 3031 4513 ὃ
3069 4462 3350 4530 καὶμέχρι
3376 4460 3563 4523 τέλους
3598 4461 3789 4532 διαμε-

541 4571 672 4610 num
725 4553 799 4607 ita
854 4553 989 4604 mihi
1026 4554 1078 4604 in
1119 4550 1260 4604 votis
1293 4558 1377 4603 est
1407 4560 1523 4602 uta
1559 4549 1840 4618 majestate
1896 4555 1986 4600 tua
2018 4560 2112 4615 pe-

544 4651 657 4702 tcre
689 4645 793 4698 tale
827 4643 958 4712 quid
983 4643 1211 4712 possim.
1245 4640 1380 4695 Cum
1415 4649 1593 4694 autem
1617 4639 1789 4708 magis
1830 4637 2110 4708 magisque

541 4753 573 4793 ιι
614 4754 736 4808 rege
773 4744 1058 4806 urgeretur
1088 4733 1155 4788 ad
1187 4733 1395 4800 aliquid
1443 4731 1845 4802 expetendum,
1880 4746 1937 4785 se
1969 4731 2112 4784 velle

544 4830 684 4885 dixit
715 4829 854 4882 utin
895 4827 1030 4880 urbe
1077 4825 1345 4880 lconiensi
1370 4824 1479 4878 duo
1527 4825 1730 4892 templa
1756 4833 2108 4880 exstrueren-

546 4926 653 4986 tur,
688 4935 856 4974 unum
887 4920 1109 4988 quidem
1148 4917 1203 4971 in
1230 4919 1494 4971 honorem
1523 4917 1616 4971 Dei
1646 4916 1952 4986 sapientiae,
1982 4915 2114 4969 alte-

545 5024 667 5068 rum
697 5012 920 5068 Joannis
947 5011 1202 5080 Baptista:
1236 5027 1248 5064 :
1291 5010 1438 5080 quod
1482 5025 1573 5064 rex
1603 5025 1662 5066 se
1695 5009 1967 5064 facturum
2000 5023 2116 5063 ma-

543 5120 648 5174 gna
680 5118 804 5158 cum
848 5102 1017 5158 animi
1068 5102 1434 5172 propensione
1485 5101 1800 5172 spopondit.
1844 5100 2112 5170 Denique,

545 5203 763 5265 accepta
798 5210 964 5251 aurea
1010 5209 1193 5260 cruce,
1251 5195 1305 5249 in
1363 5210 1468 5264 qua
1506 5195 1771 5266 particula
1812 5191 2113 5248 venerandi

545 5287 678 5356 ligni
735 5295 856 5340 erat
901 5285 1085 5345 erucis
1136 5285 1388 5352 vivillcac,
1431 5302 1556 5358 rege
1581 5286 1817 5340 salutato
1859 5283 2113 5340 discedit.

545 5378 745 5434 Itinere
778 5393 969 5433 rursus
994 5394 1090 5448 per
1115 5377 1357 5436 inediam
1390 5378 1663 5445 conlecto,
1704 5386 1924 5432 antrum
1951 5391 2114 5430 suum

546 5471 792 5536 intravit,
825 5471 1012 5541 ibique
1056 5486 1258 5526 munus
1300 5471 1512 5541 regium
1561 5470 1836 5540 deposuit.
1891 5469 2114 5524 Etcum

545 5574 763 5622 noctem
799 5563 919 5619 sine
956 5578 1151 5619 somno
1182 5564 1502 5634 peregisset,
1533 5579 1694 5620 mane
1735 5562 1883 5618 clero
1915 5575 2118 5618 convos

546 5665 670 5712 cato
709 5656 958 5714 divinum
1006 5655 1362 5712 administrat
1398 5656 1742 5727 mysterium,
1801 5671 1912 5727 quo
1971 5653 2114 5709 facto

547 5746 795 5803 Iconium
833 5747 1157 5811 ingreditur.
1195 5748 1374 5804 Missis
1414 5746 1612 5803 deinde
1637 5762 1758 5817 qua:
1786 5749 1856 5802 ab
1886 5743 2113 5816 Ampbi-

2217 4557 2315 4608 νεῑ.
2343 4553 2484 4622 Ἐρῶ
2509 4553 2565 4604 δὲ
2589 4553 2798 4615 ούδενὺς
2819 4552 2927 4605 τῶν
2955 4554 3048 4604 ἐπὶ
3064 4553 3158 4620 τῆς
3176 4556 3299 4622 γῆς,
3319 4554 3404 4605 ἴνα
3425 4570 3518 4606 σου
3543 4553 3634 4606 τοῦ
3657 4555 3790 4624 κράο

2216 4660 2339 4703 τους
2369 4643 2506 4712 ὑπὲρ
2527 4641 2693 4695 αὐτοῦ
2724 4641 2991 4713 δεηθείην.
3027 4640 3114 4706 Ὠς
3142 4643 3196 4694 δὲ
3229 4644 3321 4694 ἐπὶ
3355 4644 3489 4696 πολὺ
3523 4647 3671 4714 παρὰ
3691 4645 3788 4699 τοῦ

2216 4736 2478 4805 βασιλέως
2505 4733 2834 4804 αἰτήσασθαί
2865 4753 2916 4788 τι
2947 4735 3419 4804 κατηναγκάζετο,
3460 4738 3554 4789 δύο
3582 4738 3788 4791 οίκοδοο

2217 4829 2455 4899 μῃθῆναι
2487 4828 2649 4890 ναοὺς
2700 4828 2842 4892 ἀξιοῖ
2895 4829 2954 4880 ὲν
2982 4832 3046 4900 τῇ
3086 4830 3239 4881 πόλει
3280 4829 3371 4882 τοῦ
3419 4830 3663 4894 Ἰκονίου,
3691 4831 3789 4886 ινα.

2217 4921 2316 4988 μὲν
2341 4919 2427 4971 ἐπ’
2457 4920 2687 4990 ὀνόματι
2715 4921 2809 4989 τῆς
2840 4920 2934 4973 τοῦ
2973 4919 3106 4974 Θεοῦ
3140 4921 3360 4990 σοφίας,
3388 4921 3576 4993 ἕτερον
3605 4922 3662 4975 δὲ
3689 4922 3784 4976 τοῦ

2216 5013 2518 5067 Βαπτιστοῦ
2561 5012 2844 5066 Ἰωάννου*
2872 5012 2900 5065 ὃ
2945 5013 3040 5066 καὶ
3079 5014 3175 5066 σὺν
3203 5014 3370 5084 πολλῇ
3428 5019 3496 5085 τῇ
3529 5015 3787 5085 προθέσει

2214 5105 2385 5156 ποιεῖν
2406 5106 2434 5156 ὁ
2464 5103 2716 5173 βασιλεὺς
2744 5103 3160 5171 ἐπαγγέλλεται.
3193 5106 3300 5157 Καὶ
3325 5105 3390 5174 δὴ
3419 5107 3512 5158 καὶ
3533 5107 3788 5176 προπέμι

2217 5211 2375 5249 πεται
2433 5197 2566 5265 παρ’
2619 5194 2784 5248 αὑτοῦ
2814 5195 3049 5264 σταυρὸν
3085 5197 3324 5267 χρυσοῦν
3381 5199 3616 5267 εἰληφὼς
3645 5202 3704 5252 ὲν
3743 5193 3790 5269 ᾧ

2218 5288 2309 5341 καί
2327 5304 2379 5340 τι
2409 5289 2572 5358 μέρος
2597 5283 2665 5359 ἧν
2681 5286 2774 5339 τοῦ
2798 5287 2980 5358 τιμίου
3008 5287 3169 5353 ξύλου
3185 5288 3279 5342 τοῦ
3310 5289 3791 5361 ζιιητίφόρουσταυ⁴

2217 5382 2336 5456 ροῦ.
2377 5383 2595 5444 ’Δσιτος
2633 5381 2689 5434 δὲ
2719 5381 2882 5435 πάλιν
2902 5383 3000 5452 τὴν
3035 5384 3294 5437 ἐπάνοδον
3316 5385 3575 5448 διανύσας
3607 5387 3666 5440 τὸ
3687 5387 3789 5440 αὺ-

2214 5470 2307 5524 τοῦ
2365 5470 2626 5524 κατέλαϐε
2667 5472 2950 5541 σπήλαιον,
2984 5472 3112 5526 ἕνθα
3144 5474 3238 5526 καὶ
3284 5474 3342 5527 τὸ
3371 5475 3648 5546 βασιλικὸν
3679 5479 3792 5530 ἁπ-

2219 5563 2372 5616 ίΘετο
2397 5562 2650 5634 δώρημα.
2702 5562 2921 5616 ’Υπνου
2962 5565 3018 5618 δὲ
3054 5564 3152 5636 τὴν
3179 5563 3347 5619 νύκτα
3384 5565 3460 5637 μὴ
3490 5567 3796 5636 μετασχὼν,

2217 5656 2386 5710 ἱωθεν
2411 5657 2504 5711 τοῦ
2530 5657 2736 5730 κλήρου
2770 5659 3252 5729 συναθροισθέντος
3282 5660 3494 5713 ὲκτελεί
3522 5659 3620 5731 τὴν
3645 5660 3799 5714 θείαν

2221 5751 2640 5818 μυσταγωγίαν,
2673 5753 2767 5804 καὶ
2806 5749 2949 5806 οὕτω
2977 5751 3073 5814 τὴν
3098 5749 3192 5804 τοῦ
3236 5751 3456 5806 Ἰκονίου
3501 5753 3653 5806 πόλιν
3684 5757 3798 5806 εἰσ-
