4142 6384
441 271 554 340 969

1516 271 1698 331 VITA
1740 271 1802 331 S.
1858 269 2232 332 DANIELIS
2273 269 2640 334 STYLITE.

3605 275 3709 339 970

443 393 688 462 ἔρχεται.
718 388 877 444 Μετὰ
903 387 1080 443 ταῦτα
1106 389 1164 443 δὲ
1196 387 1420 459 πέμψας
1443 387 1587 443 κατὰ
1630 392 1699 442 τά
1729 389 2023 460 αἰτηθέντα

2128 389 2311 446 Ιοοιιίιο
2340 392 2511 462 petita
2540 400 2722 457 erant,
2759 391 2862 446 tria
2887 393 3088 462 templa
3115 406 3210 446 rex
3236 393 3486 448 construi
3515 394 3708 464 jussit,

443 485 474 539 ὀ
505 483 760 555 βασιλεὺς
786 483 937 553 τρεῖς
967 481 1134 545 ναοὺς
1158 481 1507 552 ᾠκοδόμησε,
1536 480 1630 535 δύο
1663 480 1763 551 μὲν
1796 481 1890 543 οὓς
1919 483 2023 536 αὖ·

440 573 533 637 τὸς
563 575 592 626 ὁ
627 571 800 642 μέγας
858 569 1081 640 εἴρηκεν
1148 569 1525 642 Ἀμφιλόχιος,
1561 570 1748 640 ἕτερον
1785 570 1844 624 δὲ
1881 573 2024 627 κατὰ

442 661 667 731 θέλησιν
715 659 1007 713 Θεοδούλου
1055 657 1150 712 τοῦ
1203 659 1608 731 ἀρχιδιακόνου,
1642 659 1736 712 καὶ
1765 659 1928 713 αὐτὸν
1967 661 2023 714 δὲ

441 753 532 808 ἐπ’
555 753 783 823 ὀνόματι
802 753 904 821 τῆς
931 750 1026 806 τοῦ
1055 749 1196 805 Θεοῦ
1225 752 1420 821 σοφίας
1442 751 1846 820 τετελεσμένον.
1867 751 2025 805 Ἐπεὶ

439 846 499 902 δὲ
522 845 624 917 ήδη
664 845 716 898 οί
745 844 861 898 ναοὶ⁸
888 843 1262 916 ᾠκοδόμηντο,
1299 843 1690 914 μετακαλεῖται
1719 843 1809 897 τὸν
1848 841 2024 912 μέγαν

440 935 724 990 Βασίλειον
760 937 790 991 ό
819 935 963 1007 ἱερὸς
999 936 1352 1006 Ἀμφιλόχιος
1405 934 1490 1004 ἐφ’
1519 926 1564 1003 ᾧ
1590 935 1718 998 τοὺς
1768 949 2028 1004 νεουργη·

443 1028 640 1092 θέντας
663 1029 892 1092 τούτους
922 1029 1234 1097 ὲγκαινίσαι
1253 1027 1438 1092 ναούς.
1481 1027 1539 1082 '0
1567 1027 1644 1092 δὲ,
1678 1026 1858 1080 καίτοι
1882 1026 2024 1097 νόσῳ

442 1122 783 1191 κατάσχετος
805 1118 902 1187 ὢν,
926 1119 1046 1174 ἀλλ’
1073 1115 1169 1174 οὖν
1198 1119 1416 1190 ικείνης
1445 1116 1715 1187 κρείττων
1732 1117 2024 1188 γενόμενος

441 1215 783 1285 ἀφικνεῖται,
833 1212 930 1266 καὶ
995 1211 1246 1283 καθιεροῖ
1297 1212 1422 1274 τοὺς
1450 1211 1633 1277 ναοὺς,
1691 1211 2025 1279 καὶγίνεται

441 1305 752 1377 εὐφροσύνη
785 1303 1162 1375 πνευματικὴ,
1204 1303 1301 1359 καὶ
1332 1301 1658 1373 Πνεύματος
1711 1302 1870 1369 άγίου
1907 1303 2025 1356 ἐπι-

445 1397 738 1466 σκόπησις.
789 1395 896 1448 Δύο
916 1394 974 1448 δὲ
1003 1394 1144 1466 μετὰ
1161 1392 1338 1449 ταῦτα
1357 1394 1735 1463 παρελθόντων
1759 1393 2026 1447 ἐνιαυτῶν

439 1487 534 1542 τὸν
567 1487 746 1556 μέγαν
771 1487 805 1556 ἡ
841 1486 1013 1556 Τριάς
1051 1485 1334 1541 Βασίλειον
1363 1487 1442 1549 είς
1469 1486 1560 1540 τὸν
1609 1486 2026 1558 ἀχειροποίητον

446 1575 837 1648 μετακαλεῖται
865 1575 1014 1642 ναὸν,
1046 1570 1108 1629 οὗ
1153 1576 1215 1628 τὸ
1247 1575 1390 1640 ἱερὸν
1423 1575 1598 1645 θάψας
1632 1576 1794 1647 σῶμα
1829 1577 1858 1628 ὁ
1884 1575 2028 1648 ίερδς

454 1668 806 1738 ’Δμφιλόχιος
821 1667 1007 1721 οἶκαδε
1027 1667 1193 1721 πάλιν
1217 1666 1491 1732 ἐπάνεισι,
1509 1667 1727 1737 καὶτῆς
1751 1670 2027 1740 προτέρας

2129 483 2241 538 duo
2292 485 2557 538 nimirum
2599 499 2721 554 quae
2746 491 2968 539 sanctus
2999 483 3432 551 desideraverat,
3485 488 3712 542 tertium

2128 582 2315 628 autem
2370 573 2677 628 secundum
2723 567 3062 628 voluntatem
3113 574 3387 629 Theoduli
3438 575 3716 631 archidia-

2128 665 2276 730 coni,
2315 666 2525 734 pariter
2566 664 2666 719 Dei
2695 665 2981 735 sapientia:
3025 677 3429 722 consecratum.
3454 668 3552 722 His
3582 668 3717 724 aedi-

2128 755 2233 810 bus
2282 757 2602 822 exstructis,
2655 764 2879 811 sanctus
2906 757 3325 826 Amphilochius
3358 759 3592 814 accersit
3614 758 3716 812 Ba-

2127 845 2315 900 silium
2369 845 2622 916 Magnum
2662 846 2731 900 ad
2771 845 2876 900 ista
2911 847 3115 916 templa
3158 847 3556 917 inauguranda.
3606 847 3712 914 Qui

2127 949 2254 990 cum
2280 949 2313 990 e
2339 936 2535 992 morbo
2560 952 2674 1007 quo
2702 945 2817 991 tum
2843 946 3135 1015 correptus
3162 947 3299 1004 erat,
3337 939 3712 994 reconvaluis-

2129 1036 2232 1095 set,
2277 1027 2523 1097 advenit,
2558 1031 3008 1099 consecratisque
3051 1031 3328 1097 ecclesiis,
3365 1030 3425 1084 ﬁt
3451 1032 3713 1101 gaudium

2126 1121 2418 1191 spirituale
2451 1130 2508 1177 et
2545 1121 2783 1191 Spiritus
2819 1123 2991 1178 sancti
3035 1122 3308 1177 custodia.
3345 1122 3572 1176 Duobus
3617 1122 3716 1176 ab-

2127 1210 2262 1266 hinc
2287 1210 2492 1280 elapsis
2516 1212 2679 1268 annis
2717 1212 2963 1266 Trinitas
3014 1227 3274 1282 magnum
3323 1211 3587 1265 Basilium
3641 1210 3707 1264 ad

2131 1303 2400 1372 templum
2460 1319 2573 1358 non
2621 1304 2884 1360 manibus
2948 1304 3152 1358 factum
3221 1302 3495 1358 evocavit.
3543 1303 3713 1374 Cujus

2129 1402 2382 1448 sanctum
2431 1410 2633 1465 corpus
2681 1397 2777 1451 ubi
2808 1403 3032 1450 sanctus
3078 1393 3504 1464 Amphilochius
3548 1401 3711 1447 terra:

2126 1485 2424 1553 commisit,
2456 1485 2681 1541 domum
2734 1488 2881 1542 redit
2912 1496 2969 1544 et
3003 1488 3082 1542 uti
3136 1488 3289 1557 prius
3321 1495 3710 1556 consueverat,

2129 1577 2362 1634 docendi
2408 1595 2639 1635 munere
2670 1580 2941 1651 fungitur.
2977 1579 3226 1634 Tandem
3264 1579 3446 1634 tribus
3476 1580 3638 1634 annis
3678 1595 3709 1635 a

2130 1684 2310 1727 morte
2345 1672 2526 1743 magni
2568 1673 2754 1728 Basilii
2786 1673 3179 1742 praeterlapsis,
3221 1673 3340 1744 ipse
3388 1688 3606 1743 quoque
3641 1672 3710 1727 ad

441 1759 674 1814 ἅπτεται
703 1757 1079 1822 διδασκαλίας.
1116 1759 1278 1827 Τρισὶ
1303 1758 1360 1812 δὲ
1411 1759 1625 1830 χρόνοις
1657 1760 1886 1831 ὕστερον
1929 1761 2025 1832 τῆς

2135 1765 2427 1818 Dominum
2449 1765 2821 1835 transmigrat,
2856 1767 3150 1838 longorum
3178 1766 3544 1822 certaminum
3574 1781 3714 1836 pra:-

439 1851 538 1906 τοῦ
566 1852 804 1921 μεγάλου
823 1850 1084 1920 τελευτῆς
1109 1851 1398 1905 Βασιλείου
1427 1853 1522 1905 καὶ
1551 1852 1716 1916 αὐτὸς
1749 1853 1885 1924 πρὸς
1915 1853 2028 1908 Κύ-

443 1963 557 2018 ριον
587 1947 836 2016 ἔκδημεῖ,
863 1945 974 2000 τῶν
1004 1944 1234 2016 μακρῶν
1288 1945 1471 2000 πόνων
1525 1944 1626 2010 τὰς
1669 1945 1908 2018 ἀμοιϐὰς
1936 1965 2026 2002 κο-

443 2036 568 2108 μιού
577 2055 762 2106 μενος.

511 2129 591 2185 Θ’.
632 2130 700 2185 Ἦ
733 2132 926 2203 μέντοι
961 2131 1116 2195 πόλις
1150 2132 1338 2205 ὥσπερ
1361 2133 1456 2188 ἐπὶ
1486 2136 1642 2206 κοινῇ
1661 2151 1767 2189 τινι
1799 2136 2027 2207 συντρὲ-

441 2239 613 2293 χουσα
651 2225 910 2294 συμφορᾷ
945 2224 1046 2277 οὐκ
1092 2219 1205 2295 εἷχε
1253 2225 1444 2295 πράως
1498 2226 1598 2297 τὴν
1629 2227 1723 2280 τοῦ
1766 2230 2026 2298 ποιμένος

443 2315 701 2386 στέρησιν
742 2316 1009 2383 ἐνεγκεῖν,
1038 2315 1178 2372 ἀλλὰ
1202 2315 1414 2388 ἀθυμίᾳ
1451 2317 1751 2387 συνείχετο,
1777 2317 1872 2371 καὶ
1897 2317 2027 2388 θρή-

441 2424 555 2470 νοις
588 2405 872 2474 ὲκότιτετο,
907 2408 1001 2460 καὶ
1054 2406 1460 2462 συναποθέσθαι
1489 2406 1589 2471 τὰς
1609 2405 1787 2476 ψυχὰς
1823 2407 2026 2472 πάντες

439 2501 521 2572 τῷ
563 2506 784 2572 ποιμένι
840 2501 1179 2572 προῄρηντο.
1234 2500 1518 2571 Θάψαντες
1569 2497 1662 2554 οὖν
1695 2503 1933 2572 ἐντίμως
1964 2502 2025 2556 τὸ

439 2595 622 2664 τίμιον
651 2596 826 2650 ἐκεῖνο
853 2594 1073 2666 ἀληθῶς
1104 2594 1266 2664 σῶμα
1300 2596 1394 2648 καὶ
1421 2594 1591 2648 πολλὰ
1612 2593 1824 2666 δάκρυα
1860 2613 2027 2649 κατα-

441 2691 671 2758 χέαντες
698 2687 850 2758 μόλις
878 2687 1010 2740 ποτὲ
1065 2685 1342 2740 πείθονται
1391 2687 1485 2739 τὸν
1517 2687 1690 2755 τάφον
1714 2686 2022 2742 ἀπολιπεῖν.

444 2778 645 2834 Πολλαὶ
679 2778 734 2831 δὲ
769 2777 1091 2850 θεοσημεῖαι
1144 2777 1320 2847 παρὰ,
1351 2775 1446 2830 τοῦ
1482 2777 1689 2840 εἰδότος
1716 2777 1842 2842 τοὺς
1869 2777 2028 2843 δοξά-

442 2869 636 2935 ζοντας
659 2865 824 2921 αὐτὸν
873 2867 1120 2934 δοξάζειν
1157 2865 1294 2920 Θεοῦ
1335 2867 1544 2922 ἐκεῖθεν
1568 2867 1860 2937 γεγόνασιν
1887 2884 1902 2900 ο
1945 2869 2027 2923 ὅτι

443 2963 592 3034 αὐτῷ
624 2963 827 3035 πρέπει
862 2962 1016 3016 πᾶσα
1044 2959 1194 3026 δόξα,
1221 2959 1359 3030 τιμὴ
1400 2960 1495 3014 καὶ
1525 2959 1900 3030 προσκύνησις
1928 2962 2027 3016 σὺν

443 3055 522 3126 τῷ
569 3054 849 3126 μονογενεῐ
881 3052 998 3122 Υίῷ
1044 3051 1141 3105 καὶ
1189 3050 1268 3121 τῷ
1316 3051 1573 3121 παναγίῳ
1610 3051 1890 3123 Πνεύματι
1945 3053 2026 3117 είς

442 3148 572 3212 τοὺς
600 3146 823 3210 αἰῶνας.
871 3145 1066 3217 Ἀμήν.

477 3355 3502 3399 W

2133 1853 2306 1908 mium
2344 1863 2752 1924 reportaturus.

2203 2125 2294 2181 IX.
2323 2125 2531 2182 Civitas
2559 2135 2763 2194 autem,
2807 2136 2866 2181 ut
2909 2126 2962 2180 in
2989 2125 3211 2196 publica
3244 2125 3364 2180 ﬁcri
3396 2125 3537 2181 solet
3569 2126 3712 2181 eaEa-

2086 2265 2092 2270 .
2132 2218 2344 2285 mitate,
2369 2228 2698 2289 congregata
2719 2235 2828 2274 non
2858 2220 3019 2276 facile
3052 2220 3181 2275 tulit
3213 2221 3451 2290 pastoris
3472 2220 3708 2287 obitum,

2133 2311 2230 2366 sed
2262 2327 2496 2368 maerore
2539 2321 2814 2383 correpta,
2847 2313 2903 2368 in
2955 2314 3208 2384 planctus
3251 2322 3308 2368 et
3346 2313 3602 2370 lacrimas
3633 2312 3713 2369 ef-

2132 2401 2254 2457 fusa
2290 2410 2393 2470 cst,
2436 2404 2511 2458 ita
2544 2405 2769 2474 quidem
2802 2413 2864 2459 ut
2911 2405 3095 2460 cuncti
3149 2420 3275 2460 cum
3331 2416 3553 2474 pastore
3593 2404 3713 2459 ani-

2132 2510 2278 2549 mam
2313 2495 2599 2551 exhalasse
2629 2503 2908 2567 optarent.
2933 2495 3069 2550 Cum
3113 2496 3300 2565 itaque
3338 2494 3477 2550 illud
3515 2509 3710 2550 revera

2133 2587 2452 2643 venerabile
2481 2603 2681 2658 corpus
2703 2588 3010 2643 honoriﬁce
3059 2587 3446 2658 sepelivissent
3484 2595 3541 2642 et
3570 2587 3712 2640 mul-

2135 2690 2216 2735 tas
2249 2667 2523 2735 fudissent
2574 2680 2867 2751 lacrymas,
2912 2680 3004 2734 vix
3063 2696 3092 2734 a
3123 2679 3378 2748 sepulcro
3420 2677 3709 2733 discedere

2133 2773 2539 2829 sustinuerunt.
2577 2771 2744 2826 Multa
2786 2782 2969 2826 autem
3007 2787 3038 2825 a
3080 2771 3190 2825 Deo
3218 2769 3311 2839 qui
3339 2767 3708 2839 gloriﬁcantes

2133 2863 2315 2935 ipsum
2358 2865 2513 2920 novit
2570 2864 2901 2934 glorificare,
2941 2861 3081 2916 facta
3118 2861 3195 2915 ibi
3246 2868 3376 2915 sunt
3419 2858 3706 2922 miracula,

2132 2959 2296 3028 eique
2322 2957 2555 3012 debetur
2579 2954 2758 3011 omnis
2797 2955 2992 3026 gloria,
3021 2953 3200 3007 honor
3219 2961 3275 3007 et
3306 2950 3557 3005 adoratio
3582 2966 3707 3004 cum

2135 3030 2420 3121 unigenito
2474 3048 2618 3103 Filio
2649 3056 2706 3102 et
2734 3046 3080 3102 sanctissimo
3125 3043 3336 3114 Spiritu
3369 3043 3424 3096 in
3483 3044 3706 3099 saecula.

2054 3141 2100 3202 C
2131 3142 2303 3196 Amen
2318 3181 2330 3195 .

3502 3347 3695 3382 """__==3

947 3415 950 3418 .
1030 3553 1812 3731 MENSIS
1891 3547 3122 3724 DECEMBER.

1313 3979 1674 4096 ΒΙΟΣ
1748 3978 2027 4092 ΚΑΙ
2105 3969 2858 4093 ΠΟΛΙΤΕΙΑ

1647 4185 1788 4241 ΤΟΥ
1816 4183 2020 4240 ΟΣῙΟΥ
2051 4184 2324 4239 ΠΑΤΡοΣ
2353 4181 2554 4238 ΗΜΩΝ

741 4336 1610 4516 ΔΑΝΙΗΛ
1708 4336 2151 4509 ΤΟΥ
2230 4332 3401 4507 ΣΤΥΛΙΤΟΥ.

1370 4738 1660 4831 VITA
1729 4736 1883 4826 ET
1955 4700 2802 4830 CONVERSATIO

1713 4921 1775 4980 S.
1839 4916 2118 4978 PATRIS
2158 4917 2445 4979 NOSTRI

1084 5091 1986 5250 DANIELIS
2109 5090 2338 5248 ST
2362 5091 3060 5244 YLlT/E.

878 5352 1076 5430 (Latine
1106 5351 1233 5416 apud
1267 5349 1470 5404 Surium
1502 5353 1560 5402 ad
1587 5352 1720 5402 diem
1748 5351 1803 5400 lt
1857 5347 2164 5412 Decembris,
2215 5351 2386 5403 Grece
2422 5363 2485 5398 ex
2528 5349 2638 5398 cod.
2683 5359 2774 5397 ms.
2833 5343 2969 5406 1559,
3001 5356 3113 5394 saec.
3153 5343 3278 5408 xiv.)

521 5637 600 5693 A'.
633 5635 845 5708 ’Ὠσπερ
875 5635 968 5690 ἐπὶ
1015 5635 1123 5690 τῶν
1154 5633 1425 5706 ἀριστέων
1457 5633 1660 5688 ὁπόταν
1692 5632 1826 5703 περὶ
1865 5631 2024 5685 πολέ-

2201 5629 2245 5684 Ι.
2277 5623 2750 5696 Quemadmodum
2815 5621 2953 5680 viris
3007 5621 3240 5678 fortibus
3298 5619 3582 5688 usuvenit,
3643 5627 3706 5674 ut

449 5745 571 5800 μων
596 5731 690 5786 καὶ
720 5730 947 5800 ἀγώνων
987 5729 1080 5784 καὶ
1109 5729 1388 5802 τροπαίων
1417 5744 1501 5792 τις
1553 5725 1891 5798 διαλέγηται,
1927 5726 2024 5784 αὖ·

717 5829 1008 5922 νΡΑτιιοι..
1037 5828 1154 5890 Gn.
1187 5825 1399 5891 CXVI.

2130 5721 2350 5795 quando
2379 5719 2504 5791 quis
2533 5718 2600 5777 de
2628 5717 2787 5775 bellis
2811 5724 2868 5774 et
2917 5715 3312 5774 certaminibus
3343 5729 3397 5769 et
3451 5711 3698 5783 tropaeis,

3309 5810 3376 5875 31
