4126 6382
484 261 583 328 37]

1635 271 1894 336 ADDEN
1901 273 2018 334 DA.
2063 297 2131 311 -
2163 273 2594 339 DECEMBEB.

3645 291 3757 355 οη

483 375 566 430 eis
597 373 782 430 statim
815 375 1090 432 excitetur
1121 376 1361 442 animus,
1402 387 1457 434 et
1494 391 1705 450 quaerat
1752 383 2039 440 instructas

2157 386 2286 441 τίκα
2315 405 2372 440 τε
2397 389 2582 452 αὐτοῖς
2607 387 2640 458 ή
2662 385 2811 462 ψυχὴ
2833 391 3198 461 διανίσταται,
3243 399 3341 455 καί
3363 418 3467 457 που
3505 408 3606 462 καὶ
3637 429 3750 466 πα.-

483 466 649 529 acies,
674 476 730 522 et
759 483 956 524 manus
989 484 1284 526 conserere
1333 472 1560 542 cupiant
1618 488 1746 528 cum
1777 474 2054 541 hostibus,

483 563 538 609 ct
555 572 661 626 quo
682 559 842 626 plura
865 558 934 614 dc
967 559 1054 615 his
1075 565 1241 616 verba
1279 562 1395 618 ﬁeri
1430 564 1764 630 audiveriut,
1793 581 1861 620 eo
1883 568 2058 639 magis

482 649 566 703 eis
603 649 802 704 crescit
837 649 1194 716 desiderium,
1226 662 1280 708 et
1313 654 1438 708 talia
1469 654 1713 710 facinora
1749 657 1936 712 statim
1965 673 2059 727 ag-

480 738 633 808 gredi
711 741 944 809 cupiunt
993 759 1009 797 :
1085 743 1161 798 ita
1210 744 1374 800 etiam
1432 747 1650 802 virtutis
1695 748 2057 816 amatoribus,

482 831 614 888 utsi
651 833 778 903 quis
805 833 887 887 eis
915 844 1102 889 narret
1137 837 1300 902 vitas,
1336 854 1459 908 quae
1506 839 1562 893 in
1593 841 1897 896 monastica
1927 857 2057 898 ver-

481 930 676 976 santur
705 923 1125 992 exercitatione,
1156 937 1212 981 et
1241 943 1337 996 per
1366 944 1585 985 omnem
1614 933 1918 1000 pervadunt
1950 934 2058 988 vir-

483 1017 678 1075 tutem,
713 1028 835 1080 qua:
867 1014 977 1068 Deo
1002 1015 1279 1084 conciliat,
1324 1019 1487 1074 simul
1523 1021 1951 1090 inﬂammantur,
1999 1033 2056 1080 et

481 1114 545 1154 ea
573 1102 838 1170 cupiunt,
898 1119 1018 1172 quae
1065 1115 1194 1160 sunt
1253 1108 1358 1164 sibi
1412 1114 1820 1179 convenientia,
1879 1123 1936 1170 et
1983 1114 2054 1170 ad

481 1207 777 1259 summam,
811 1195 878 1248 iis
912 1211 1034 1267 qua:
1064 1198 1350 1267 dicuntur,
1384 1211 1446 1256 ut
1471 1219 1594 1273 quae
1623 1206 1736 1260 sint
1764 1207 1871 1262 sibi
1927 1223 2057 1277 pro-

478 1285 621 1354 pria,
684 1286 1012 1355 afﬁciuntur,
1065 1300 1121 1346 et
1184 1307 1242 1346 se
1293 1305 1490 1363 parant
1545 1297 1612 1352 ad
1660 1298 2050 1358 imitationem.

479 1377 837 1434 Admirabilis
872 1380 1059 1451 itaque
1118 1383 1233 1438 vita
1291 1385 1455 1454 hujus
1487 1387 1747 1454 Danielis,
1782 1391 2051 1461 quemad-

483 1470 702 1524 modum
735 1472 822 1526 vel
855 1489 964 1527 non
997 1474 1111 1528 sola
1143 1476 1379 1532 maxime
1429 1478 1633 1535 sullicit
1667 1480 1735 1534 ad
1785 1481 2053 1549 animum,

478 1563 572 1631 qui
603 1575 792 1627 captus
819 1575 904 1622 est
931 1583 1116 1624 amore
1143 1571 1384 1638 virtutis,
1422 1575 1629 1644 majore
1684 1576 1804 1632 zelo
1854 1592 2056 1634 accen-

2154 479 2410 550 ρατάξεις
2467 483 2740 554 ἐπιζητεῖ.
2795 482 3060 568 καὶπρὸς
3092 491 3416 564 συμπλοκὴν
3461 497 3745 571 πολεμίων

2153 571 2301 642 ὁρμᾷ
2327 611 2342 635 ,
2377 571 2476 626 καὶ
2533 575 2750 647 ὅσῳπερ
2801 574 2869 631 ἂν
2918 578 3120 646 μᾶλλον
3185 584 3314 648 τοὺς
3361 586 3492 656 περὶ
3535 591 3751 647 τούτων

2154 660 2394 715 ἀκούωσι
2420 662 2632 732 λόγους,
2664 665 2758 721 ἐπὶ
2805 666 2968 724 πλέον
3021 688 3080 724 τε
3125 673 3309 728 αὐτῶν
3341 676 3375 745 ἠ
3399 679 3545 750 ὁρμὴ
3581 681 3751 748 αὔξε-

2155 770 2268 819 ται,
2320 753 2417 807 καὶ
2443 755 2701 811 τοιούτων
2727 757 2909 829 ἔργων
2933 762 3098 826 εὐθὺς
3125 765 3414 836 ὀρέγονται
3435 786 3452 803 ο
3481 770 3629 827 οὕτω
3654 775 3753 830 καὶ

2155 845 2250 898 ἐπὶ
2297 845 2406 898 τῶν
2435 845 2537 914 τῆς
2579 849 2786 919 ἀρετῆς
2842 853 3130 923 ὲραστῶνο
3181 857 3248 912 ἂν
3288 859 3634 932 ἀσκητικούς
3663 883 3752 931 τις

2155 935 2340 1000 αὐτοῖς
2379 936 2662 1009 διέρχηται
2698 941 2847 1010 βίους
2882 947 2978 999 καὶ
3001 945 3092 1001 διὰ
3123 948 3305 1020 πάσης
3339 953 3544 1025 ἀρετῆς
3574 957 3749 1024 ἧκον-

2154 1043 2252 1089 τας
2281 1029 2478 1085 ὁπόσαι
2511 1031 2632 1100 Θεῷ
2653 1033 2969 1104 οἰκειοῦσιν,
2994 1038 3114 1108 ἅμα
3144 1057 3204 1094 τε
3235 1042 3750 1115 διαθερμαίνονται,

2153 1119 2378 1174 καὶτῶν
2401 1121 2604 1193 ὁμοίων
2629 1124 2896 1193 ἐφίενται,
2926 1129 3020 1182 καὶ
3054 1131 3191 1195 ὅλως
3220 1133 3440 1198 οίκείως
3467 1136 3746 1192 διατίθεν-

2151 1225 2244 1264 ται
2273 1211 2386 1275 τοῖς
2414 1211 2753 1285 λεγομένοις,
2782 1217 2878 1270 καὶ
2905 1222 3422 1290 παρασκευάζονται
3455 1227 3596 1298 πρὸς
3636 1230 3747 1299 τὴν

2155 1302 2410 1374 μίμησιν.
2455 1304 2513 1360 '0
2539 1305 2670 1375 γοῦν
2699 1307 2795 1361 τοῦ
2831 1310 3140 1382 θαυμασίου
3163 1314 3356 1370 τούτου
3383 1317 3589 1390 Δανιὴλ
3622 1319 3746 1390 βίος

2155 1393 2272 1456 πῶς
2300 1395 2424 1467 οὐχὶ
2473 1398 2568 1452 καὶ
2602 1399 2762 1470 μόνος
2795 1401 3129 1468 ἱκανῶτατός
3173 1408 3324 1461 ἐστιν
3353 1409 3557 1480 ἀρετῆς
3585 1411 3740 1481 ἐρῶ-

2156 1503 2256 1540 σαν
2284 1487 2463 1558 ψυχήν
2514 1490 2594 1553 είς
2641 1490 2865 1546 πλείονα
2923 1493 3088 1565 ζῆλον
3121 1497 3412 1566 ἐκκαῦσαι,
3467 1503 3560 1555 καὶ
3598 1503 3746 1567 ὅλως

2157 1577 2328 1647 αὐτὴν
2358 1580 2577 1650 κινῆσαι
2606 1585 2702 1636 καὶ
2723 1584 3090 1654 καταθέλξαι,
3479 1577 3486 1584 ’

479 1656 745 1726 dendum,
777 1669 832 1715 et
863 1661 1046 1730 ipsum
1079 1665 1306 1720 omnino
1366 1669 1694 1724 movendum
1731 1678 1789 1726 et
1842 1669 2292 1737 demulcendum,
2360 1681 2418 1728 et
2479 1675 2938 1732 suavissimorum
3001 1679 3249 1736 laborum
3327 1690 3739 1745 exercitationis

477 1749 808 1807 aﬂ‘erendam
842 1754 1200 1824 voluptatem,
1235 1774 1357 1828 quae
1385 1775 1497 1814 non
1526 1761 1692 1818 habet
1714 1763 2020 1818 satietatem
2050 1763 2073 1817 ?
2105 1761 2224 1828 Quo
2271 1771 2358 1820 cst
2383 1767 2532 1820 enim
2571 1767 2972 1836 admirabilior,
3009 1786 3077 1826 eo
3133 1783 3218 1828 est
3271 1776 3435 1830 etiam
3503 1779 3690 1835 utilior
3720 1799 3736 1832 :

476 1850 534 1896 et
566 1843 761 1914 siquis
787 1860 913 1900 eum
961 1847 1488 1918 volucritaemulari,
1542 1857 1597 1908 in
1644 1855 1859 1911 modico
1909 1855 2161 1922 multam,
2196 1865 2252 1912 et
2281 1873 2404 1928 quae
2434 1874 2560 1914 cum
2628 1861 2820 1931 paucis
2904 1862 3139 1918 conferri
3221 1878 3421 1937 potest,
3489 1871 3738 1928 inveniet

475 1933 738 1991 virtutem

548 2077 616 2132 ll.
649 2079 790 2134 lluic
828 2095 962 2152 ergo
995 2082 1155 2138 beato
1183 2090 1356 2154 patria
1391 2088 1612 2158 quidem
1641 2101 1781 2156 erat,
1814 2106 1935 2160 quae
1962 2090 2039 2145 in«

2216 2088 2292 2142 B'.
2333 2087 2522 2158 Τούτῳ
2555 2087 2738 2143 τοίνυν
2770 2089 2848 2160 τῷ
2879 2092 3137 2162 μακαρίῳ
3165 2093 3366 2164 πατρὶς
3426 2095 3527 2166 μὲν
3558 2099 3592 2167 ή
3626 2098 3734 2169 τῆς

476 2175 560 2222 ter
589 2168 927 2239 Euphratem
955 2180 1009 2226 et
1032 2172 1239 2244 Tigrim
1267 2177 1391 2243 sita,
1422 2187 1478 2231 et
1511 2188 1613 2245 est,
1641 2188 1696 2234 et
1731 2181 2049 2234 nominatur

474 2261 884 2332 Mesopotamia.
928 2264 1100 2319 Natus
1151 2275 1237 2320 est
1283 2281 1465 2322 autem
1495 2270 1551 2324 in
1604 2271 1842 2340 quodam
1901 2273 2044 2339 vico,
2089 2273 2098 2280 '

473 2353 654 2408 vicino
671 2355 795 2409 urbi
823 2355 1254 2412 Samosatorum:
1281 2375 1492 2428 eorum,
1520 2361 1743 2431 quiillic
1775 2362 2044 2430 habitant,

473 2443 657 2514 lingua
692 2461 818 2500 eum
840 2457 997 2501 vocat
1023 2447 1290 2503 Maratha.
1323 2451 1385 2504 Ei
1441 2437 1598 2521 pater
1645 2452 1868 2521 quidem
1926 2462 2047 2508 erat

472 2533 617 2599 Eliu,
653 2544 828 2591 mater
861 2553 993 2592 vero
1023 2539 1232 2594 Martha
1266 2557 1281 2606 ;
1317 2541 1420 2595 fuit
1471 2552 1653 2597 autem
1711 2542 1800 2599 hic
1848 2545 2047 2600 modus

470 2630 868 2700 conceptionis.
922 2630 1111 2686 Matris
1175 2634 1296 2703 ejus
1348 2644 1536 2690 uterus
1583 2645 1702 2691 erat
1748 2636 2041 2692 admodum

470 2735 696 2776 mancus
719 2737 782 2777 ac
812 2725 1078 2790 mutilus;
1106 2733 1226 2779 erat
1247 2725 1392 2781 enim
1417 2727 1621 2782 sterilis
1645 2727 1712 2782 ad
1739 2727 2041 2782 liberorum

471 2814 929 2883 procreationem.
973 2816 1110 2872 Cum
1159 2817 1342 2889 itaque
1399 2819 1546 2874 mille
1592 2818 1808 2888 probris
1833 2834 1952 2872 eam
1985 2819 2042 2874 in

470 2906 588 2962 dies
622 2907 1023 2964 insectarentur
1055 2909 1304 2978 maritus,
1332 2911 1468 2979 noti,
1490 2912 1728 2981 cognati,
1765 2920 1820 2966 et
1849 2927 2041 2966 omnes

468 3001 584 3067 alii,
610 3014 665 3056 et
701 3003 1001 3058 liberorum
1040 3016 1333 3074 egestatem
1361 3007 1412 3060 ei
1456 3007 1652 3062 acerbe
1703 3007 2036 3079 objicerent,

463 3093 563 3148 illa
594 3093 663 3148 ab
688 3094 769 3148 eis
800 3094 940 3149 male
967 3095 1159 3151 allecta
1190 3105 1245 3151 et
1273 3097 1440 3152 corde
1467 3099 1733 3165 cruciata,
1789 3099 1924 3169 quid
1958 3099 2039 3154 fa-

459 3187 584 3241 cit?
614 3185 870 3256 Confugit
898 3186 965 3240 ad
990 3201 1138 3252 eum,
1169 3187 1262 3256 qui
1290 3187 1406 3242 haec
1455 3197 1636 3257 potest
1693 3204 1929 3256 curare;
1984 3198 2041 3245 et

460 3279 608 3332 clam
634 3277 797 3332 domo
831 3277 1009 3332 media
1033 3287 1190 3332 nocte
1213 3293 1455 3348 egressa,
1487 3295 1683 3334 manus
1728 3279 1784 3334 in
1836 3281 2036 3336 coelum

451 3370 688 3434 nollem,
719 3375 776 3422 et
808 3376 1010 3422 terram
1048 3368 1306 3439 lacrymis
1330 3369 1599 3439 irrigans:
1628 3370 1859 3427 Domine
1894 3373 2032 3440 Rex,

2149 2179 2434 2250 Εὐφράτου
2486 2179 2582 2233 καὶ
2613 2178 2881 2249 Τίγρητος
2914 2183 3118 2251 μεταξὺ
3144 2184 3371 2255 κειμένη
3409 2187 3735 2243 Μεσοποτα-

2152 2270 2250 2340 μία
2284 2270 2401 2324 ἐστί
2424 2287 2484 2323 τε
2513 2271 2607 2325 καὶ
2640 2271 2855 2336 οίκείως
2888 2275 3324 2344 κατονομάζεται
3343 2293 3360 2309 θ
3391 2279 3448 2332 ἒν
3472 2278 3640 2350 κώμῃ
3671 2283 3728 2334 δὲ

2145 2362 2387 2415 τίκτεται
2418 2361 2568 2416 πόλει
2598 2361 2802 2429 γείτονι
2831 2364 3162 2433 Σαμοσάτων
3181 2381 3195 2397 ·
3263 2368 3498 2442 Μαραθᾶ
3524 2372 3732 2442 ταύτην

2146 2455 2178 2526 ἡ
2203 2453 2473 2524 ὲγχώριος
2503 2454 2720 2521 γλῶττα
2750 2455 2930 2509 καλεῖ.
2965 2456 3153 2525 Τούτῳ
3185 2459 3366 2530 πατὴρ
3390 2461 3490 2528 μὲν
3519 2463 3726 2524 Ἠλιοῦ,

2147 2547 2331 2617 μήτηρ
2369 2545 2427 2600 δὲ
2460 2544 2661 2618 Μάρθα
2681 2563 2697 2578 ο
2724 2545 2926 2616 τρόπος
2955 2548 3009 2601 δὲ
3048 2549 3148 2620 τῆς
3200 2551 3520 2621 συλλήψεως
3549 2549 3729 2620 οὗτος.

2146 2638 2450 2707 Πεπήρωτο
2479 2637 2589 2708 γὰρ
2626 2638 2725 2707 τὴν
2769 2638 3012 2710 γαστέρα
3059 2640 3308 2712 δεινῶςή
3367 2645 3574 2714 μήτηρ,
3620 2646 3723 2700 καὶ

2145 2727 2337 2797 στείρα
2364 2722 2434 2798 ἦν
2483 2727 2620 2798 πρὸς
2655 2727 2861 2781 παίδων
2884 2730 3070 2799 γονήν.
3112 2730 3347 2800 Μυρίοις
3374 2733 3466 2786 οὖν
3497 2735 3728 2790 ὀνείδεσι

2143 2815 2490 2885 καθεκάστην
2532 2815 2946 2869 ὑποϐαλλόντων
2981 2817 3154 2888 αὐτὴν
3205 2819 3421 2890 ἀνδρὸς,
3441 2823 3723 2891 γνωστῶν,

2143 2905 2447 2974 συγγενῶν,
2482 2905 2591 2959 τῶν
2634 2905 2817 2960 ἄλλων
2857 2905 3136 2974 ἁπάντων,
3167 2909 3351 2978 ἐκείνη
3383 2910 3570 2975 κακῶς
3613 2912 3725 2965 ὑπὸ

2139 2999 2344 3054 τούτων
2382 2999 2668 3070 πάσχουσα
2723 2999 2814 3053 καὶ
2845 2999 2944 3072 τὴν
2990 3002 3217 3073 καρδίαν
3271 3003 3608 3075 ὀδυνωμένη,
3665 3006 3722 3060 τί

2141 3094 2318 3156 ποιεῖ;
2357 3092 2500 3162 Πρὸς
2522 3091 2614 3144 τὸν
2645 3091 2947 3161 δυνάμενον
2995 3091 3169 3146 ταῦτα
3198 3095 3522 3166 θεραπεύειν
3549 3113 3723 3152 καταο

2141 3184 2331 3252 φεύγει
2364 3181 2518 3250 Θεδν,
2553 3181 2649 3236 καὶ
2677 3182 2855 3254 λάθρα
2880 3185 2983 3255 τῆς
3011 3187 3189 3249 οἰκίας
3223 3187 3287 3240 ix
3315 3189 3498 3257 μέσων
3529 3189 3723 3253 νυκτὸς

2138 3273 2430 3337 ἐξελθοῦσα
2462 3272 2557 3327 καὶ
2601 3272 2704 3336 τὰς
2753 3278 2942 3344 χεῖρας
2985 3277 3065 3336 είς
3094 3277 3326 3348 οὐρανὸν
3361 3279 3564 3350 ἄρασα,
3617 3281 3720 3336 δά-

2137 3367 2303 3434 κρυσί
2338 3381 2400 3417 τε
2437 3364 2537 3436 τὴν
2562 3364 2668 3435 γῆν
2699 3365 2992 3436 βρέχουσα,
3018 3367 3196 3439 Κύριε
3223 3369 3466 3440 βασιλεῦ,
3500 3371 3715 3440 ελεγεν,

454 3458 664 3528 inquit,
701 3458 793 3528 qui
835 3457 901 3512 ab
932 3458 1090 3512 initio
1116 3461 1418 3514 masculum
1458 3469 1513 3515 et
1543 3463 1804 3517 feminam
1836 3464 2036 3533 fecisti,

2141 3457 2168 3508 ὁ
2187 3455 2285 3526 τὴν
2309 3456 2482 3527 ἀρχὴν
2511 3457 2676 3527 ἄρσεν
2705 3458 2800 3511 καὶ
2843 3459 2974 3529 θῆλυ
2999 3460 3251 3529 ποιήσας,
3277 3464 3305 3515 ὁ
3338 3461 3526 3528 εἰπὼν,
3570 3481 3589 3515 ι
3609 3464 3720 3516 Αὑ-

460 3553 559 3621 qui
577 3551 784 3617 dixisti,
813 3571 830 3603 ι
857 3551 1098 3606 Crescite
1121 3559 1176 3604 et
1204 3552 1680 3622 multiplicamini,‘
1705 3570 1720 3619 ;
1760 3573 1779 3608 ι
1807 3557 1900 3626 qui
1933 3556 2033 3612 de-

458 3628 593 3698 disti
621 3643 675 3697 in
707 3643 992 3697 sterilitate
1025 3642 1170 3698 Sarae
1193 3643 1418 3716 quidem
1449 3644 1618 3710 Isaac,
1649 3646 1820 3720 Anna;
1849 3658 2033 3703 autem

459 3733 793 3802 Samuelem,
828 3735 1158 3790 Elisabetha:
1210 3750 1340 3790 vero
1379 3736 1686 3799 Joannem;
1721 3746 1775 3792 tu
1810 3753 2031 3808 quoque

460 3842 596 3882 meae
629 3828 825 3882 similis
857 3827 1120 3882 miserere
1147 3826 1492 3909 calamitatis,
1521 3836 1577 3882 et
1605 3843 1692 3884 me
1714 3829 2023 3885 misericor-

459 3919 605 3974 diter
642 3919 879 3985 intuere,
913 3927 970 3974 et
985 3920 1134 3974 solve
1164 3919 1532 3986 sterilitatem,
1566 3929 1623 3974 et
1655 3921 2026 3992 auferoppro-

455 4010 664 4076 brium,
708 4018 764 4065 et
795 4011 1001 4065 sterilis
1028 4011 1169 4065 uteri
1195 4010 1262 4065 da
1293 4011 1429 4066 mihi
1491 4012 1748 4076 fructum,
1783 4023 1846 4068 ut
1898 4029 2026 4068 eum

460 4117 682 4172 quoque
716 4103 813 4156 tibi
854 4101 1104 4170 oil‘eram,
1141 4103 1234 4172 qui
1267 4103 1508 4168 dederis,
1537 4106 1812 4174 quomodo
1847 4106 2027 4174 prisca

458 4195 614 4247 Anna
651 4192 981 4248 Samuelem.
1012 4193 1146 4248 Cum
1189 4203 1298 4248 tam
1323 4195 1518 4250 acerbe
1541 4195 1783 4250 ﬂevisset
1818 4197 1873 4250 iu
1896 4211 2028 4252 con-

457 4285 688 4340 tritione
717 4285 965 4353 spiritus,
990 4284 1214 4338 domum
1242 4301 1432 4340 rursus
1454 4287 1783 4356 ingreditur,
1818 4297 1873 4343 et
1901 4304 2025 4344 cum

454 4390 653 4445 parum
681 4375 1052 4440 dormitasset,
1082 4378 1231 4434 videt
1268 4378 1323 4432 in
1344 4378 1552 4434 somnis
1577 4379 1688 4434 duo
1708 4381 2024 4451 luminaria,

459 4462 721 4532 praeclara
755 4464 1190 4530 pulchritudine,
1217 4465 1460 4536 ingentia
1527 4471 1927 4538 magnitudine,
1967 4471 2028 4524 θ-

456 4565 592 4621 gura
650 4564 833 4604 autem
887 4551 1038 4606 disco
1087 4554 1308 4608 similia.
1375 4556 1450 4608 Ea
1491 4557 1780 4613 videbatur
1836 4550 2026 4616 videre

454 4641 596 4696 ccelo
627 4641 818 4695 relicto
868 4641 1072 4695 sensim
1140 4644 1549 4711 descendentia,
1609 4646 1847 4716 desuper
1905 4651 2024 4721 ejus

455 4736 746 4790 imminere
775 4736 960 4804 capiti.
988 4736 1126 4792 Cum
1150 4752 1309 4793 mane
1347 4749 1530 4794 autem
1562 4743 1914 4810 surrexisset,
1968 4754 2026 4801 et

452 4828 654 4881 marito
689 4827 956 4882 visionem
988 4839 1044 4884 et
1099 4831 1212 4884 suis
1248 4833 1493 4900 cognatis
1541 4835 2020 4905 communicasset,

455 4920 598 4975 alius
635 4921 856 4991 quidem
913 4922 1119 4991 aliquid
1171 4923 1318 4977 aliud
1371 4923 1588 4980 dicebat
1651 4935 2022 4995 eventurum;

2139 3546 2361 3614 ξάνεσθε
2404 3550 2502 3602 καὶ
2564 3549 2900 3620 πληθύνεσθε
2945 3567 2962 3585 ο
3021 3553 3053 3606 ό
3106 3552 3231 3615 δοὺς
3279 3553 3466 3626 Σὰρῤᾳ
3496 3556 3597 3625 μὲν
3625 3556 3718 3610 τὸν

2149 3637 2354 3702 Ἰσαὰκ,
2385 3639 2553 3712 Ἀννῃ
2586 3640 2640 3694 δι
2671 3640 2762 3696 τὸν
2790 3642 3068 3712 Σαμουὴλ,
3112 3643 3392 3698 Ἐλισάσετ
3421 3644 3479 3697 δὲ
3530 3647 3717 3700 Ἰωάν-

2136 3747 2233 3802 νην
2252 3746 2267 3762 ’
2308 3731 2470 3795 αὐτὸς
2496 3727 2649 3795 οὗτος
2678 3731 2780 3802 τῆς
2811 3733 3002 3802 ὁμοίας
3032 3733 3258 3805 ἐλέησον
3306 3736 3456 3807 κάμὲ
3503 3753 3717 3807 συμφο·

2139 3824 2255 3893 ρᾶς,
2282 3825 2376 3876 καὶ
2405 3825 2541 3894 πρὸς
2590 3820 2771 3876 οἶκτον
2806 3824 2902 3891 ίδε,
2947 3826 3040 3878 καὶ
3075 3826 3177 3897 τὴν
3208 3826 3496 3898 στείρωσιν
3527 3828 3711 3897 λῦσον,

2135 3913 2228 3966 καὶ
2254 3913 2344 3966 τὸν
2392 3913 2697 3984 ὀνειδισμὸν
2748 3914 2940 3983 ἄφελε,
2975 3917 3073 3968 καὶ
3102 3916 3191 3980 δός
3221 3933 3313 3986 μοι
3351 3917 3449 3986 τῆς
3479 3919 3710 3972 ἀτέκνου

2132 4005 2340 4070 κοιλίας
2387 4008 2620 4079 καρπὸν,
2674 4009 2762 4062 ῐνα
2807 4009 2904 4062 καὶ
2940 4007 3128 4063 τοῦτόν
3180 4027 3262 4063 σοι
3320 4009 3396 4081 τῷ
3457 4011 3711 4066 δεδωκότι

2133 4099 2408 4168 προσάξω,
2441 4098 2690 4170 καθάπερ
2718 4101 2752 4170 ἡ
2774 4100 2904 4172 πρὶν
2936 4101 3103 4154 ’Δννα
3132 4101 3222 4154 τὸν
3249 4102 3522 4174 Σαμουὴλ.
3552 4103 3712 4158 Οὕτω

2131 4189 2343 4260 πικρῶς
2369 4192 2427 4244 ὲν
2462 4191 2718 4262 συντριϐῇ
2756 4192 3065 4261 πνεύματος
3092 4191 3400 4258 κλαύσασα,
3443 4196 3574 4246 εῐσω
3603 4195 3708 4249 πά-

2129 4282 2213 4334 λιν
2267 4283 2364 4349 τῆς
2424 4282 2602 4344 οξκίας
2663 4283 2864 4352 χωρεῖ,
2931 4283 3023 4335 καὶ
3082 4284 3278 4353 μικρὸν
3327 4285 3706 4352 ἀφυπνὼσασα

2129 4372 2421 4441 φωστῆρας
2451 4369 2542 4422 δύο
2557 4370 2844 4441 λαμπροὺς
2859 4371 3136 4436 τδκάλλος
3159 4374 3290 4444 ὄναρ
3317 4376 3440 4448 ὁρᾷ,
3460 4375 3520 4428 τὸ
3544 4375 3705 4446 μέγε-

2131 4461 2222 4525 θος
2260 4464 2573 4532 μεγίστους,
2594 4462 2656 4518 τδ
2685 4462 2874 4534 σχῆμα
2910 4463 3080 4535 δίσκῳ
3115 4467 3523 4536 προσεοικότας.
3565 4467 3703 4520 Τού-

2127 4571 2254 4617 τους
2274 4553 2448 4607 ἐδόκει
2478 4554 2565 4608 τὸν
2597 4555 2824 4625 οὐρανὸν
2865 4556 3124 4620 λιπόντας
3145 4596 3160 4623 ,
3191 4557 3376 4628 ἠρέμα
3406 4575 3464 4610 τε
3495 4558 3703 4612 ὑποκα-

2128 4644 2342 4707 τιόντας
2375 4646 2578 4701 ἀνωθεν
2605 4647 2775 4714 αὐτῆς
2805 4646 2946 4717 ὑπὲρ
2979 4648 3225 4716 κεφαλῆς
3250 4644 3528 4715 γενέσθαι.
3565 4650 3704 4701 Ἕω-

2129 4736 2220 4790 θεν
2249 4736 2341 4791 οὖν
2370 4738 2678 4809 ἁναστάσης
2725 4737 2819 4791 καὶ⁵
2847 4737 2925 4808 τῷ
2972 4738 3128 4806 ἀνδρὶ
3163 4738 3262 4807 τὴν
3295 4737 3418 4806 ὄψιν
3450 4739 3547 4792 καὶ
3585 4741 3699 4802 τοῖς

2129 4828 2415 4897 συγγενέσι
2461 4830 2893 4899 κοινωσαμένης,
2923 4828 3083 4892 ἄλλος
3121 4829 3220 4898 μὲν
3247 4829 3373 4882 ἄλλο
3392 4847 3446 4883 τι
3474 4829 3534 4882 τὸ
3561 4829 3699 4882 ἀπο-

2125 4918 2428 4989 ϐησόμενον
2460 4918 2638 4988 ἔλεγε·
2664 4919 2725 4972 τὸ
2745 4919 2800 4971 δὲ
2825 4920 2935 4989 ἄρα
2955 4918 3049 4972 τοῦ
3071 4916 3131 4984 ἐξ
3147 4917 3316 4987 αὐτῆς
3337 4918 3477 4988 ὑπὲρ
3492 4918 3700 4988 ἀστέρα

451 5009 588 5064 illud
617 5025 745 5066 vero
770 5020 890 5066 erat
923 5012 1248 5082 signiﬁcatio
1275 5015 1414 5085 ejus,
1467 5016 1613 5084 quod
1667 5032 1734 5070 cx
1786 5033 1850 5072 ea
1904 5029 2023 5074 erat

2141 5009 2436 5080 ιάμψοντος
2457 5009 2797 5081 προδήλωσις
2829 5005 2916 5081 ἦν.

451 5114 841 5167 processurum
871 5101 956 5156 vel
987 5102 1122 5171 ipsis
1152 5104 1326 5159 stellis
1365 5105 1624 5160 lucidius.

520 5235 610 5290 Ill.
656 5236 775 5290 Non
818 5238 1051 5292 multum
1125 5239 1381 5310 temporis
1419 5241 1752 5308 intercessit,
1783 5251 1843 5297 ut
1890 5259 2016 5299 cum

447 5326 806 5396 concepisset,
865 5329 1083 5398 peperit
1125 5330 1346 5388 beatum
1373 5333 1674 5400 Danielem,
1734 5343 1791 5388 et
1855 5343 2016 5405 partu

449 5417 699 5487 utrisque
725 5433 851 5472 mox
896 5419 1184 5487 liberatur,
1251 5439 1448 5494 nempe
1498 5433 1554 5479 et
1597 5426 1906 5493 sterilitate,
1962 5437 2019 5485 et

445 5505 616 5559 animi
653 5507 998 5575 aegritudine.
1039 5510 1164 5567 liae
1222 5512 1382 5570 beato
1430 5514 1640 5571 Danicli
1689 5516 1814 5572 vita
1861 5517 2016 5574 fuere

520 5685 534 5715 '
559 5681 700 5739 Gen.
726 5697 766 5746 ι.
795 5681 888 5736 28.

2197 5236 2271 5293 Γ.
2305 5238 2378 5292 Οὐ
2409 5237 2542 5291 πολῦ
2566 5239 2627 5293 τδ
2676 5238 2734 5291 ὲν
2787 5235 2956 5308 μέσῳ,
2989 5237 3084 5291 καὶ
3138 5236 3478 5291 συλλαϐοῦσα
3507 5235 3694 5290 τέτοκε

2123 5330 2214 5385 τὸν
2249 5329 2520 5401 μακάριον
2549 5329 2770 5400 Δανιὴλ,
2805 5329 2898 5383 καὶ
2946 5329 3055 5384 τῶν
3086 5328 3292 5382 ὠδίνων
3314 5329 3516 5397 ἀμφοῖν
3551 5343 3691 5380 στει-

2126 5421 2342 5496 ρώσεὼς
2386 5439 2445 5474 τε
2481 5421 2572 5475 καὶ
2610 5420 2848 5491 ἀθυμίας
2897 5421 3058 5484 εὐθὺς
3105 5420 3422 5475 ἀπολύεται.
3456 5419 3693 5472 Τοιαῦτα

2121 5515 2200 5586 τῷ
2233 5513 2486 5585 μακαρίῳ
2517 5511 2586 5567 τὰ
2633 5511 2726 5567 τοῦ
2759 5512 2873 5583 βίου
2903 5512 3164 5585 προοίμια
3187 5527 3203 5545 ο
3249 5511 3392 5568 οὕτω
3421 5507 3692 5583 προῆλθεν
