4142 6384
448 300 516 362 97
526 301 554 361 .3

1498 287 1679 349 VITA
1727 287 1788 346 S.
1818 285 2187 346 DANIELIS
2225 285 2586 349 STYLITJE.

3589 283 3698 347 974

438 419 516 474 εἰς
554 409 669 478 φῶς
696 406 757 461 τὸ
787 403 881 458 τοῦ
921 401 1096 474 φωτὸς
1128 401 1296 464 ὃντως
1337 399 1598 469 γέννημα.
1625 400 1885 472 Πέμπτου
1922 400 2022 470 μὲν

2133 401 2427 468 prooemia:
2465 399 2546 454 sic
2568 395 2778 469 prodiit
2806 395 2863 451 in
2912 395 3092 452 lucem
3123 395 3170 452 is
3195 397 3291 466 qui
3329 406 3450 452 erat
3507 413 3700 455 revera

436 497 531 556 οὖν
561 502 590 555 6
615 500 745 561 παῖς
779 495 1033 550 ἐπέϐαινε
1065 493 1278 564 χρόνου⁸
1315 489 1471 544 ούπω
1501 489 1554 542 δέ
1580 507 1724 552 τινος
1747 488 1884 560 πρὸς
1909 487 2020 540 τῶν

438 593 777 665 γεννητόρων
805 589 1066 658 ὀνόματος
1086 585 1306 656 ἠξίωτο,
1344 584 1441 638 ἆτε
1465 581 1530 652 δὴ
1558 583 1707 652 παρὰ
1731 580 1869 633 Θεοῦ
1925 580 2021 632 καὶ

436 683 594 736 τοῦτο
629 677 966 750 βουλομένων
987 675 1064 745 τῷ
1095 673 1246 728 παιδὶ
1275 670 1551 742 γενέσθαι,
1583 669 1772 740 ὥσπερ
1796 669 1904 740 ἄρα
1929 669 2022 722 καὶ

437 774 536 844 τὴν
570 775 650 834 εἰς
681 770 774 824 τὸν
833 769 947 839 βίον
987 765 1353 837 παραγωγήν.
1422 762 1664 834 Ἀπῆγον
1719 761 1816 831 μὲν
1845 754 1938 813 οὖν
1970 759 2021 813 οἱ

441 869 616 936 γονεῖς
650 864 732 927 εἷς
760 879 813 916 τι
847 861 1095 931 σεμνεῖον
1132 859 1222 912 τὸν
1247 856 1412 910 παῖδα
1449 871 1464 885 ο
1503 853 1816 920 συναπῆγον
1844 851 1900 903 δὲ
1929 852 2024 904 καὶ

439 958 539 1010 ὅσα
575 953 907 1024 προσφέρειν
956 948 1204 1011 εὐσεϐεῖς
1239 947 1420 1016 χεῖρες
1473 941 1686 1013 φιλοῦσι
1724 939 1864 1009 Θεῷ.
1896 939 1964 991 ἵν’
1994 938 2023 993 6

441 1045 584 1114 ίερδς
615 1043 782 1106 ὅντως
817 1043 912 1095 καὶ
959 1041 1016 1092 ὲν
1053 1037 1184 1108 ίερῷ
1211 1037 1359 1105 τόπῳ
1391 1032 1489 1104 τὴν
1530 1031 1724 1100 κλῆσιν
1775 1027 2014 1096 δέξηται.

442 1135 907 1208 Παραγενομένων
936 1127 1030 1184 οὖν
1061 1131 1154 1184 καὶ
1182 1128 1452 1195 λεγόντων
1489 1123 1566 1194 τῷ
1591 1122 1690 1193 τῆς
1720 1135 2017 1190 πνευματι-

441 1207 542 1298 κῆς
579 1227 818 1298 μάνδρας
851 1221 1245 1293 προηγουμένῳ
1297 1217 1425 1272 ἄλλο
1472 1233 1524 1270 τι
1557 1215 1730 1284 ὄνομα
1758 1210 1836 1283 τῷ
1869 1207 2024 1265 παιδὶ

442 1322 636 1385 θεῖναι,
665 1318 851 1380 ἔνθους
880 1314 1070 1382 ὥσπερ
1109 1316 1138 1366 6
1188 1311 1328 1375 θεῖος
1361 1308 1499 1380 ἀνὴρ
1538 1307 1746 1368 ἐκεῖνος
1794 1302 2022 1372 γενόμε-

440 1430 552 1476 νος,
583 1409 740 1462 τοῦτο
791 1406 894 1476 ἔφη
953 1401 1277 1474 τεθήσεσθαι
1325 1399 1353 1452 6
1393 1399 1458 1453 ἂν
1489 1397 1516 1449 6
1572 1395 1776 1466 Κύριος
1807 1394 2023 1454 πάντως

443 1499 790 1569 ἀποκαλύψῃ’
829 1499 925 1551 καὶ
976 1495 1094 1565 ἅμα
1135 1492 1272 1564 πρὸς
1294 1493 1385 1544 τὸν
1415 1489 1581 1543 παῖδα
1621 1488 1820 1559 βλέψας
1861 1487 2025 1540 αὑτὸν

442 1594 506 1664 δὴ
538 1592 748 1655 τοῦτον,
775 1587 868 1640 τὸν
903 1585 1100 1654 Δανιὴλ
1131 1586 1294 1654 φημὶ,
1320 1581 1379 1634 ἓν
1403 1580 1622 1634 ἐκέλευε
1660 1577 1770 1630 τῶν
1794 1580 1859 1648 τῇ
1889 1595 2024 1647 τρα-

445 1681 585 1754 πέζῃ
616 1679 884 1749 κειμένων
905 1675 1134 1744 ἀγαγεῖν
1162 1671 1391 1744 βιϐλίων
1423 1669 1564 1740 (ἔθος
1584 1667 1693 1738 γὰρ
1720 1667 1904 1730 αὐτοῖς
1931 1665 2023 1719 τοῦ

446 1773 593 1845 ίεροῦ
632 1769 1022 1841 θυσιαστηρίου
1060 1763 1380 1836 προκεῖσθαι
1432 1761 1532 1823 τὰς
1589 1759 1806 1831 βίϐλους
1839 1759 2023 1824 κοινῆς

445 1869 608 1921 ἓνεκα
636 1865 743 1918 τῶν
772 1863 1020 1932 μοναχὼν
1053 1857 1362 1930 ὠφελείας).
1400 1854 1610 1909 Λύτίκα
1639 1852 1819 1906 τοίνυν
1842 1850 1869 1903 6
1894 1850 2024 1912 παῖς

446 1959 617 2012 ἐποίει
662 1957 722 2009 τδ
748 1954 1057 2016 κελευσθὲν,
1089 1951 1183 2004 καὶ
1220 1950 1436 2015 κομίζει
1468 1945 1678 2018 βιϐλίον
1731 1943 1831 2013 ούχ
1857 1943 1930 2004 ὡς
1956 1940 2022 1994 ἄν

445 2065 526 2109 τις
555 2046 696 2098 εἴποι
725 2044 862 2114 τύχῃ
895 2043 1019 2106 τινὶ,
1054 2039 1190 2092 ἀλλὰ
1217 2037 1337 2106 θείᾳ
1365 2034 1560 2107 γνώμῃ
1588 2035 1682 2087 καὶ¹
1711 2031 1904 2103 όδηγία
1941 2028 2020 2100 βί-

447 2138 572 2191 ϐλον
595 2136 808 2204 ἐκείνην
836 2135 869 2204 ἢ
897 2132 964 2185 τὰ
995 2130 1090 2184 τοῦ
1117 2129 1396 2196 προφήτου
1445 2124 1643 2194 Δανιὴλ
1690 2119 1805 2192 εἶχε
1839 2121 2021 2190 λόγια.

449 2227 652 2300 Κρίνας
671 2219 762 2279 οὖν
795 2223 823 2275 6
867 2221 1005 2293 ἀνὴρ
1033 2218 1109 2284 ὡς
1144 2219 1202 2285 ἐξ
1234 2213 1464 2289 ούρανοῦ
1519 2214 1676 2268 τοῦτο
1725 2212 2014 2282 σύμϐολον,

447 2316 754 2388 ὁμωνύμως
815 2313 975 2376 εὐθὺς
1039 2309 1118 2380 τῷ
1213 2308 1470 2379 προφήτῃ
1552 2306 1643 2358 τὸν
1706 2303 2014 2373 όμότροπον

448 2407 758 2480 ὀνομάζει,
829 2405 920 2459 καὶ
1005 2401 1205 2473 Δανιὴλ
1281 2399 1374 2454 τὸν
1452 2397 1618 2451 παῖδα
1707 2394 2017 2465 θεαρέστως

449 2500 621 2555 καλεῖ.

2124 488 2270 547 fetus
2320 491 2566 545 luminis.
2612 489 2792 560 Atque
2839 502 2977 558 puer
3025 487 3250 558 quidem
3289 489 3548 558 quintum
3595 505 3700 545 an.-

2124 599 2256 638 num
2280 585 2392 655 jam
2422 583 2698 654 attigerat,
2739 580 2985 636 nondum
3020 589 3202 635 autem
3222 580 3273 634 ei
3299 581 3469 635 ullum
3497 595 3701 636 nomen

2122 673 2305 730 fuerat
2332 675 2652 744 impositum
2687 689 2717 726 a
2747 673 3076 745 parentibus
3107 681 3168 727 ut
3191 672 3285 742 qui
3323 672 3430 727 hoc
3476 687 3700 742 quoque

2124 763 2176 818 ei
2227 762 2432 818 vellent
2489 763 2605 817 dari
2661 775 2693 817 a
2745 763 2882 828 Deo,
2911 762 3189 832 quomodo
3221 763 3340 828 ejus
3390 776 3610 830 quoque
3643 763 3701 816 in

2124 855 2293 908 vitam
2376 854 2663 924 productio
2732 855 2802 908 ab
2866 868 2935 909 eo
3002 861 3365 923 processerat.
3419 852 3704 914 Duxerunt

2125 961 2254 1016 ergo
2289 955 2546 1015 parentes
2597 960 2830 1016 puerum
2869 944 2925 1000 in
2973 945 3247 1016 quoddam
3284 945 3702 1002 monasterium.

2128 1038 2304 1095 Simul
2355 1051 2539 1096 autem
2601 1042 2850 1096 tulerunt
2893 1055 3114 1112 quoque
3195 1054 3539 1109 quascunque
3599 1039 3703 1108 piae

2127 1149 2323 1189 manus
2354 1135 2467 1189 Dco
2494 1133 2676 1188 solent
2713 1131 2935 1200 offerre,
2978 1143 3040 1187 ut
3065 1132 3154 1187 hic
3192 1147 3320 1187 vere
3349 1147 3506 1186 sacer
3535 1132 3703 1186 etiam

2129 1226 2186 1283 in
2275 1242 2435 1284 sacro
2505 1227 2628 1282 loco
2683 1225 2987 1295 susciperet
3051 1223 3496 1293 appellationem.
3569 1222 3706 1277 Cum

2128 1331 2260 1371 vero
2301 1317 2678 1381 accessissent,
2735 1324 2792 1370 et
2852 1315 3101 1370 dicerent
3151 1313 3406 1383 praefecto
3464 1311 3707 1368 mandrae

2128 1407 2456 1478 spiritalis:
2519 1406 2805 1473 Quodnam
2881 1419 3082 1459 nomen
3159 1413 3247 1458 est
3312 1402 3707 1473 imponendum

2127 1500 2341 1568 puero?
2389 1499 2480 1554 ille
2511 1499 2596 1554 vir
2623 1497 2868 1564 divinus,
2893 1497 3082 1551 divino
3121 1495 3291 1551 veluti
3329 1496 3594 1552 instinctu
3619 1495 3704 1550 afa-

2127 1589 2310 1655 ﬂatus,
2353 1588 2486 1644 dicit
2515 1587 2570 1642 id
2613 1602 2737 1642 esse
2791 1585 3185 1655 imponendum
3233 1585 3379 1654 quod
3440 1585 3705 1640 Dominus

2130 1681 2357 1735 omnino
2394 1677 2722 1734 revelaverit
2751 1693 2765 1741 ;
2802 1687 2859 1731 et
2883 1675 3048 1731 simul
3080 1675 3148 1730 ad
3196 1691 3428 1744 puerum
3463 1675 3702 1742 intuens,

2127 1769 2195 1825 ad
2223 1772 2390 1834 hunc,
2423 1769 2645 1838 inquam
2675 1809 2689 1835 ,
2721 1768 2904 1838 ipsum
2959 1767 3259 1832 Danielem,
3301 1767 3468 1838 jussit
3520 1766 3706 1820 aﬂerri

2127 1877 2301 1916 unum
2356 1875 2423 1916 ex
2476 1861 2546 1915 iis
2587 1861 2770 1926 libris,
2834 1858 2928 1929 qui
2977 1866 3139 1913 erant
3226 1873 3394 1927 supra
3456 1873 3706 1912 mensam

2125 1953 2288 2024 (mos
2326 1951 2474 2007 enim
2515 1959 2636 2006 erat
2673 1951 2754 2004 eis
2797 1964 2998 2018 ponere
3024 1948 3196 2002 libros
3228 1962 3397 2019 super
3436 1963 3588 2002 aram
3620 1964 3710 2002 sa-

2124 2060 2296 2110 cram,
2318 2053 2546 2114 pr0pter
2562 2055 2911 2098 communem
2939 2040 3332 2096 monachorum
3365 2039 3708 2106 utilitatem).

2125 2135 2386 2189 Protinus
2417 2147 2545 2203 ergo
2575 2131 2703 2185 facit
2736 2147 2872 2200 puer
2904 2129 2958 2184 id
2989 2129 3137 2200 quod
3162 2131 3212 2184 ei
3243 2129 3422 2184 fuerat
3478 2129 3712 2199 impera-

2127 2234 2268 2292 tum;
2293 2233 2350 2279 et
2377 2223 2540 2278 all‘ert
2561 2223 2784 2285 librum,
2818 2236 2928 2275 non
2950 2221 3090 2275 forte
3130 2220 3370 2282 fortuna,
3399 2221 3491 2276 sed
3523 2220 3708 2275 divina

2123 2319 2406 2373 voluntate
2433 2323 2489 2370 et
2507 2314 2653 2370 dictu
2674 2313 2790 2379 Dei,
2817 2312 3018 2368 librum
3045 2311 3222 2374 illum,
3279 2311 3370 2380 qui
3431 2310 3712 2382 prOpheta:

2123 2409 2363 2464 Danit-l‘s
2395 2407 2637 2462 habebat
2673 2406 2910 2476 eloquia.
2947 2404 3085 2459 Cum
3117 2405 3207 2458 ille
3237 2418 3367 2473 ergo
3417 2402 3503 2456 vir
3554 2401 3708 2471 judi-

2124 2508 2300 2556 casset
2329 2514 2360 2553 e
2393 2499 2530 2554 cmlo
2560 2497 2744 2551 datum
2780 2511 2900 2550 esse
2924 2495 3028 2549 hoc
3056 2495 3291 2564 signum,
3318 2491 3508 2546 eodem
3529 2491 3712 2544 statim

449 2613 695 2677 nomine,
723 2629 832 2684 quo
863 2619 1211 2684 propnetam,
1235 2612 1392 2661 vocat
1411 2618 1560 2669 eum,
1578 2601 1674 2672 qui
1703 2607 1822 2655 erat
1848 2597 1899 2652 ei
1934 2595 2180 2651 moribus
2210 2591 2496 2655 similis,et
2516 2598 2573 2642 ut
2599 2589 2710 2643 Deo
2731 2587 2958 2657 placuit,
2980 2601 3210 2657 puerum
3238 2582 3714 2639 vocatDanielem.

521 2708 594 2762 A’.
626 2707 689 2758 El
720 2705 818 2776 μὲν
846 2703 938 2758 οὖν
968 2701 1078 2768 εἶξε
1132 2703 1244 2764 τοῖς
1278 2698 1458 2766 λόγοις
1489 2693 1596 2747 τῶν
1632 2690 1970 2761 γεννητόρων
2000 2689 2028 2742 6

453 2807 592 2869 θεῖος
627 2798 780 2865 οὗτος
813 2799 975 2869 ἀνὴρ,
1010 2797 1128 2850 τότε
1160 2794 1225 2848 ἂν
1253 2789 1412 2853 εὐθὺς
1441 2785 1670 2856 ἀνετέθη
1723 2780 1923 2852 Δανιὴλ
1948 2777 2024 2850 τῷ

454 2895 592 2966 Θεῷ,
630 2894 724 2946 καὶ
755 2893 818 2945 ὲκ
842 2889 1061 2962 πρώτης
1085 2884 1267 2957 τριχὸς
1299 2879 1596 2950 κατελέχθη
1615 2878 1726 2942 τοῖς
1751 2874 2026 2966 μοναχοῖ-ς.

453 2963 627 3043 Δίιτοῦ
666 2985 723 3040 δὲ
775 2984 849 3056 μὴ
887 2979 1221 3052 πεισθέντος,
1277 2973 1413 3028 ἀλλὰ
1449 2967 1894 3056 προϐαλλομένου
1931 2963 2031 3034 τὴν

455 3079 672 3152 ἡλικίαν
707 3055 802 3130 καλ⁵
826 3075 884 3128 τδ
909 3069 1104 3143 κομιδῆ
1135 3068 1352 3139 νήπιον,
1383 3064 1503 3116 τότε
1547 3061 1646 3132 μὲν
1677 3059 1794 3152 ἅμα
1829 3055 1907 3126 τῷ
1928 3056 2032 3152 Δα-

2206 2684 2296 2740 ιγ.
2321 2683 2498 2752 Atque
2529 2681 2572 2735 si
2609 2689 2903 2750 parentum
2931 2678 3152 2748 quidem
3177 2676 3365 2731 verbis
3403 2675 3715 2745 acquievis-

2139 2786 2246 2844 set,
2283 2776 2375 2831 hic
2396 2776 2479 2828 vir
2505 2773 2746 2837 divinus,
2773 2781 2902 2826 tunc
2928 2772 3122 2825 fuisset
3160 2771 3271 2825 Deo
3307 2769 3496 2824 Daniel
3541 2768 3718 2822 conti-

2142 2884 2254 2924 nuo
2287 2865 2592 2932 dedicatus,
2623 2874 2679 2919 et
2713 2863 2780 2919 ab
2813 2863 3045 2918 infantia
3095 2861 3288 2914 fuisset
3338 2869 3628 2929 cooptatus
3656 2859 3715 2924 in

2136 2944 2428 3016 numerum
2465 2956 2879 3011 monachorum.
2904 2951 3039 3008 Cum
3092 2952 3139 3006 is
3170 2960 3352 3005 autem
3391 2966 3499 3003 non
3527 2959 3715 3020 posset

2139 3049 2485 3122 persuaderi,
2534 3047 2628 3102 sed
2663 3058 2904 3100 teneram
2931 3051 3490 3098 causareturtetatem
3536 3049 3590 3094 et
3630 3041 3714 3095 ni-

454 3132 574 3242 νιὴλ
601 3170 781 3223 οἴκαδε
813 3132 1138 3233 ἐπανῄεσαν,
1162 3132 1318 3221 δόξαν
1344 3153 1486 3208 οὕτω
1529 3153 1607 3222 τῷ
1638 3148 1909 3222 κρείττονι
1944 3146 2029 3201 ἵνα

2142 3143 2307 3197 miam
2337 3141 2648 3202 infantiam.
2685 3146 2816 3192 tunc
2837 3137 3059 3205 quidem
3093 3134 3302 3188 reversi
3334 3142 3461 3188 sunt
3492 3132 3716 3187 domum

460 3238 542 3333 μη
569 3264 634 3330 τῇ
658 3261 879 3327 ἑτέρων,
910 3257 976 3325 τῇ
1008 3248 1205 3306 ἑαυτοῦ
1236 3249 1290 3301 δὲ
1307 3245 1504 3318 γνώμῃ
1528 3243 1588 3297 τὸ
1615 3239 1818 3310 ἀγαθὸν
1851 3240 1879 3291 6
1910 3238 2037 3300 παῖς

457 3331 673 3423 ἕληται.
710 3349 884 3410 Εὐθὺς
919 3345 1018 3417 μὲν
1063 3340 1158 3396 οὖν
1191 3339 1383 3410 πρώτη
1422 3335 1630 3408 βλάστη
1674 3335 1858 3387 ὁποῖον
1883 3331 2036 3384 ἔσται

457 3443 520 3496 τὸ
543 3419 717 3509 -φυτὸν
749 3436 1048 3506 παρεδήλου
1093 3433 1192 3486 καὶ
1234 3429 1346 3481 τῶν
1402 3425 1613 3497 ἀρετῶν
1644 3425 1700 3477 αἱ
1735 3424 1883 3476 σκιαὶ
1934 3419 2037 3491 ἥδη

459 3535 541 3604 τῷ
568 3532 656 3588 διὰ
686 3529 862 3599 φωτὸς
891 3525 1126 3579 ὁδεύοντι
1157 3518 1510 3591 ἠκολούθουν.
1541 3514 1694 3570 Μετὰ
1751 3513 1948 3584 μικρὸν
1980 3511 2037 3563 δὲ

456 3603 560 3698 τῆς
604 3623 818 3694 ἡλικίας
868 3617 1013 3688 αύτῷ
1067 3615 1363 3687 προϊούσης
1420 3610 1515 3663 καὶ
1546 3605 1794 3678 φανερῶς
1839 3603 2036 3669 ἔδειξεν

457 3694 589 3792 ὅσην
614 3720 708 3774 καὶ
731 3714 862 3786 παρ’
892 3712 1106 3782 ἡλικίαν
1149 3706 1320 3776 αὔξην
1363 3702 1568 3774 ηὔξησε
1608 3700 1706 3770 τὴν
1735 3697 1828 3750 τοῦ
1867 3694 2034 3750 πνεύ-

466 3787 654 3887 ματος.
681 3812 842 3878 Ἀρτι
876 3805 973 3876 μὲν
995 3802 1102 3873 γὰρ
1121 3798 1214 3852 τοῦ
1241 3795 1468 3850 δεκάτου
1499 3791 1650 3854 ἔτους
1673 3792 1700 3843 6
1730 3787 1929 3857 Δανιὴλ
1949 3788 2039 3840 ἐπὶ

462 3877 574 3965 τοῖς
605 3877 765 3957 δυσὶν
805 3900 1032 3969 ἧπτετο,
1065 3896 1159 3948 καὶ
1218 3887 1408 3963 μηδενὶ
1449 3884 1612 3956 μηδὲν
1643 3880 1892 3969 εἰρηκὼς
1916 3877 2037 3969 μηδ’

463 3990 749 4061 ἐξαγαγὼν
797 3966 858 4043 τί)
888 3987 988 4057 τῆς
1037 3983 1210 4053 ψυχῆς
1247 3977 1515 4051 βούλημα,
1563 3968 1896 4039 ὑπερφρονεῖ
1941 3966 2038 4061 μὲν

465 4057 806 4155 γεννητόρων
836 4077 924 4130 διὰ
975 4073 1231 4145 Χριστὸν,
1272 4066 1605 4155 ὑπερφρονεῖ
1633 4063 1690 4115 δὲ
1725 4057 2033 4155 συγγενῶν,

465 4146 680 4248 παρορᾷ
699 4146 754 4224 δὲ
786 4171 880 4224 καὶ
907 4167 1022 4238 βίον
1049 4166 1146 4218 καὶ
1173 4162 1242 4215 τὰ
1273 4162 1330 4214 ὲν
1365 4153 1506 4248 βῖῳη
1539 4155 1633 4208 καὶ
1656 4151 1862 4248 ’κώμην
1897 4146 2040 4248 ὲκεί-

466 4236 561 4338 νην
585 4236 706 4336 ήτὶς
747 4236 916 4316 αὐτὸν
933 4259 1151 4329 1ἦνεγκε.
1184 4252 1384 4321 Πόρρω
1411 4245 1612 4311 ταύτης
1641 4241 1774 4295 ὡσεὶ
1806 4236 2039 4299 σταδίοις

465 4330 755 4426 γενόμενος
780 4351 987 4404 δώδεκα
1009 4343 1315 4414 ἀφικνεῖται
1349 4338 1446 4408 μὲν
1473 4335 1548 4398 είς
1574 4349 1627 4386 τι
1657 4330 1921 4386 κοινόὸιον
1946 4344 2040 4397 μο-

2145 3251 2271 3289 cum
2299 3232 2548 3296 Daniele,
2583 3246 2708 3287 cum
2731 3231 2804 3285 ita
2838 3230 3016 3284 visum
3066 3238 3213 3283 esset
3241 3226 3316 3294 ei,
3374 3227 3468 3295 qui
3510 3235 3593 3280 est
3627 3241 3718 3290 su:

2143 3325 2352 3396 perior,
2395 3329 2596 3378 utnon
2643 3322 2898 3386 aliorum,
2951 3319 3045 3374 sed
3104 3334 3202 3373 sua
3255 3318 3526 3372 sententia
3579 3331 3718 3386 puer

2140 3417 2347 3472 bonum
2373 3415 2621 3483 eligeret.
2664 3412 2843 3481 Atque
2895 3410 3148 3480 protinus
3198 3409 3424 3478 quidem
3479 3399 3717 3477 primum

2139 3523 2364 3579 germen
2415 3505 2776 3576 significabat,
2819 3502 2998 3572 qualis
3027 3501 3211 3554 futura
3243 3501 3620 3564 essetarbor;
3660 3507 3716 3553 et

2139 3599 2408 3653 virtutum
2445 3595 2652 3650 umbra:
2710 3594 2819 3664 iam
2860 3591 3238 3662 sequebantur
3301 3607 3450 3658 eum,
3488 3591 3581 3660 qui
3619 3606 3718 3660 per

2139 3691 2319 3745 lucem
2344 3689 2677 3744 ambulabat.
2728 3686 2995 3740 Paulatim
3043 3691 3227 3738 autem
3283 3683 3334 3737 ei
3380 3671 3718 3752 procedente

2140 3789 2323 3845 aztate,
2355 3788 2542 3848 aperte
2572 3776 2835 3844 ostendit,
2865 3785 3132 3847 quantum
3175 3776 3576 3829 incrementum
3606 3773 3720 3842 spi-

2141 3873 2282 3926 ritus
2333 3871 2635 3939 accepisset
2668 3878 2868 3938 prazter
2901 3878 3140 3923 aetatem.
3185 3864 3458 3936 Narniam
3493 3865 3717 3934 quidem

2141 3965 2396 4033 attigerat
2429 3962 2618 4014 Daniel
2647 3975 2850 4014 annum
2902 3957 3310 4015 duodecimum,
3338 3966 3393 4010 et
3449 3970 3574 4009 cum
3624 3972 3720 4009 ne-

2140 4055 2274 4110 mini
2307 4053 2604 4122 quidquam
2641 4049 2888 4110 dixisset,
2946 4063 3121 4118 neque
3166 4048 3502 4102 voluntatem
3547 4045 3716 4101 animi

2143 4145 2483 4219 protulisset,
2512 4140 2997 4212 despicitguidcm
3021 4148 3278 4208 parentes
3302 4149 3526 4208 pr0pter
3555 4137 3716 4193 Chri-

2144 4249 2309 4305 stum,
2337 4237 2569 4307 despicit
2608 4245 2664 4291 et
2701 4243 3001 4304 cognatos,
3057 4231 3436 4300 mundumque
3478 4240 3532 4285 et
3594 4245 3718 4301 quae

2146 4344 2269 4388 sunt
2304 4333 2358 4387 in
2392 4329 2618 4392 mundo,
2651 4325 3023 4394 omnibusque
3051 4324 3282 4391 relictis,
3309 4323 3502 4378 amicis
3531 4339 3718 4392 aequa-

467 4409 645 4515 ᾄᾷχδὶν
670 4459 684 4473 ·
735 4409 1072 4510 προσπεσὼν
1096 4433 1153 4486 δὲ
1201 4431 1312 4492 τοῖς
1357 4429 1484 4482 ποσὶ
1523 4422 1617 4479 τοῦ
1651 4421 2029 4492 ἀφηγουμένου

2144 4422 2315 4487 libus,
2351 4420 2473 4474 vico
2497 4417 2611 4481 illo,
2645 4416 2739 4486 qui
2781 4431 2907 4470 eum
2951 4413 3096 4478 tulit,
3145 4429 3270 4468 cum
3310 4411 3501 4482 procul
3542 4409 3612 4466 ab
3653 4425 3720 4465 eo

467 4497 620 4607 ἠξίου
651 4537 743 4588 καὶ
773 4531 933 4586 αὑτὸν
961 4527 1188 4587 ἐκείνοις
1217 4521 1604 4588 καταλεγῆναι,
1628 4516 1845 4571 καὶτῶν
1873 4529 2029 4582 μονα-

2146 4509 2412 4565 abfuisset
2450 4503 2670 4561 circiter
2702 4500 2993 4557 duodecim
3046 4499 3246 4561 Stadia,
3299 4497 3451 4552 venit
3489 4497 3717 4566 quidem

468 4631 577 4702 χῶν
619 4630 804 4699 σχῆμα
836 4616 1245 4694 περιϐαλέσθαι.
1289 4615 1376 4677 Ὧς
1402 4613 1459 4665 δὲ
1507 4613 1566 4664 τὸ
1602 4608 1806 4663 ἁπαλὸν
1836 4608 2043 4669 ἐκεῖνος

468 4697 618 4791 αὐτῷ
790 4715 1037 4785 σώματος
1065 4710 1160 4764 καὶ⁵
1188 4707 1305 4760 νέον
1340 4704 1627 4774 προφέρων
1649 4699 1748 4752 οὐκ
1771 4697 1922 4765 ἔλεγε
1951 4697 2043 4750 δυ-

467 4788 628 4870 νατόν
652 4807 792 4864 εἷναι
822 4808 891 4859 τὰ
914 4804 1022 4857 τῶν
1048 4802 1296 4872 μοναχών
1332 4795 1603 4858 ὑπελθεῖν,
1635 4794 1692 4844 ὲν
1714 4791 1906 4861 βραχεῖ
1933 4788 2042 4858 γὰρ

469 4907 621 4960 ἔσται
666 4901 801 4972 πρὸς
833 4897 959 4959 τοὺς
1011 4895 1208 4954 πόνους
1257 4887 1634 4958 ἀπαγορεύων,
1680 4885 1728 4936 οἳ
1769 4879 2044 4972 πολλοί-τέ

469 5000 576 5053 εἰσι
621 4995 719 5048 καὶ
755 4989 1009 5060 ἀνδράσιν
1059 4985 1243 5044 αύτοίς
1305 4980 1555 5050 χαλεποὶ,
1605 4974 1748 5041 Ἐγὼ
1783 4971 1883 5042 μὲν
1923 4965 2038 5034 οὖν,

471 5090 576 5159 εφη
609 5088 638 5140 6
667 5081 888 5151 Δανιὴλ,
915 5081 1009 5132 καὶ
1036 5076 1101 5129 δι’
1137 5074 1268 5127 αύτδ
1293 5069 1454 5124 τοῦτο
1495 5061 1882 5137 παρεγενόμην
1902 5103 1917 5129 ,
1974 5062 2043 5159 ἵν’

2144 4603 2202 4657 in
2241 4599 2516 4671 quoddam
2571 4594 2887 4651 cmnobium
2954 4591 3372 4647 monachorum.
3422 4588 3724 4644 Procidens

2145 4705 2328 4748 autem
2368 4691 2436 4745 ad
2476 4691 2646 4760 pedes
2695 4685 2934 4756 prtel'ecti
2990 4683 3130 4738 sacri
3179 4681 3378 4752 gregis,
3406 4681 3634 4748 rogabat
3663 4686 3724 4731 ut

2147 4786 2264 4856 ipse
2305 4797 2525 4853 quoque
2581 4785 2937 4848 eooptaretur
2986 4775 3043 4828 in
3083 4787 3372 4827 numerum
3405 4771 3725 4834 illorum,et

2146 4891 2272 4930 cum
2304 4871 2608 4928 monastico
2638 4871 2839 4923 amictu
2876 4866 3153 4921 indueret.
3186 4862 3323 4917 Cum
3387 4870 3570 4913 autem
3628 4860 3722 4913 ille

2145 4975 2202 5022 et
2250 4966 2500 5036 c0rporis
2563 4961 3039 5022 imbecillitatem,
3088 4964 3144 5010 et
3209 4963 3452 5008 teneram
3504 4958 3721 5005 aetatem

2147 5058 2433 5129 objiciens,
2466 5054 2695 5110 dixisset
2749 5067 2856 5105 non
2893 5063 3054 5120 posse
3104 5060 3232 5100 eum
3263 5060 3325 5098 ea
3358 5042 3544 5098 subire
3600 5057 3724 5112 qua:

471 5133 927 5247 ζξὲέιξςῖιξῷξιὲν
972 5167 1050 5245 τῷ
1075 5162 1316 5238 Χριστῷ,
1369 5133 1626 5217 ἀποθάνω
1653 5156 1710 5211 δὲ
1745 5133 1814 5227 τῇ
1858 5151 2020 5247 σαρκί

2151 5151 2392 5206 subeunt
2434 5145 2690 5202 monachi
2723 5160 2738 5210 ;
2773 5144 2888 5196 fore
2919 5140 3091 5206 enim,
3123 5146 3184 5192 ut
3208 5135 3365 5192 brevi
3393 5133 3722 5202 defatigetur

2205 5243 2218 5247 _
2311 5241 2343 5247 --
2575 5239 2587 5247 _
2737 5244 2745 5247 _
3019 5243 3031 5247 _
3364 5225 3497 5247 __._,_
3535 5223 3692 5247 Am.-.

473 5272 534 5324 El
555 5271 614 5322 δὲ
647 5223 750 5321 ‘th
779 5223 1034 5336 μιέτιόντιι
1067 5223 1157 5328 μόι
1190 5223 1316 5318 τούς
1371 5253 1568 5314 καλοὺς
1596 5223 1819 5310 τούτους
1854 5223 2029 5304 πόνους

2151 5241 2456 5305 laboribus,
2498 5239 2592 5308 qui
2623 5244 2754 5292 sunt
2788 5233 2947 5287 multi
2982 5243 3038 5285 et
3062 5229 3147 5284 vel
3197 5228 3332 5299 ipsis
3364 5225 3499 5280 viris
3531 5223 3726 5279 dillici-

470 5318 1007 5434 ἐβεταιώτὸβανιῖν,
1044 5318 1249 5422 βέλτιον
1298 5347 1421 5416 εμοὶ
1465 5344 1624 5396 τοῦτο
1645 5339 1846 5434 ᾼπαθεῖν
1886 5334 2029 5434 ἠ-τὴπ

2150 5336 2270 5390 les:
2312 5334 2534 5403 vigiliae,
2589 5327 3091 5390 humicubationes,
3129 5321 3358 5393 jejunia,
3398 5318 3727 5389 corporiset

2188 5424 2199 5434 .
2403 5423 2413 5434 .
2503 5429 2514 5434 Α
2563 5430 2572 5434 -
2764 5433 2803 5434 ,,
2852 5416 2872 5434 ι-
2916 5423 2984 5434 -.-
3063 5412 3413 5434 ___-_.:n--.:-
3489 5418 3536 5434 ..ι
3598 5406 3724 5434 LI-..

472 5406 893 5527 ἓψζβωωτά
1044 5406 1294 5513 ’ἄροτρον
1330 5406 1706 5504 εὐαγγελικῶς
1741 5406 2024 5500 στραφῆναι

2151 5424 2273 5493 ejus
2328 5423 2674 5477 voluntatum
2749 5416 2991 5487 perfecta
3063 5412 3438 5476 rnortilicatio,
3486 5418 3541 5464 et
3598 5406 3724 5462 ideo

2270 5515 2283 5527 .
2394 5522 2404 5527 -
2529 5521 2542 5527 -
2626 5511 2662 5527 ιο
2730 5517 2932 5527 ,_,_.____
2983 5505 3243 5527 ,ΑΜ--..1-
3302 5510 3543 5527 _--_-_-a
3580 5497 3722 5527 ..η-..Ι

477 5497 888 5527 Α-ἰννυι--υνν--ν-
1068 5497 1117 5513 κ.
1200 5497 1212 5510 .
1454 5497 1503 5504 -.
1811 5497 1822 5500 -
1897 5497 1955 5499 η

477 5551 554 5610 ei;
584 5546 651 5600 τὰ
681 5543 880 5597 ὀπίσω.

2152 5515 2432 5578 suaderet,
2488 5521 2550 5565 ut
2594 5511 2938 5579 aliquantum
2983 5505 3245 5575 temporis
3302 5510 3547 5558 maneret
3578 5497 3725 5569 apud

477 5596 757 5708 parentes,
789 5644 990 5689 etnon
1025 5637 1208 5684 tantos
1231 5623 1536 5693 susciperet
1565 5617 1786 5673 labores
1812 5616 1867 5669 in
1906 5620 2063 5668 aetate
2104 5619 2213 5663 tam
2261 5607 2576 5671 immatura,
2643 5612 2699 5657 et
2749 5614 2982 5669 corpore
3065 5614 3175 5653 non
3227 5598 3360 5652 satis
3403 5596 3623 5649 robusto
3671 5605 3726 5645 et

481 5689 873 5798 -εἼΕεο
903 5725 1151 5796 quidem,
1185 5689 1398 5789 inquit’
1432 5712 1641 5778 Daniel,
1702 5709 1828 5765 ideo
1898 5704 2125 5770 accessi,
2174 5711 2237 5756 ut
2273 5700 2350 5756 sic
2377 5698 2602 5768 quidem
2625 5697 2844 5753 Christo
2868 5693 3069 5755 vivam,
3104 5691 3309 5748 moriar
3344 5698 3526 5746 autem
3569 5689 3721 5743 carni
