4126 6382
420 237 532 304 ἓ75

1586 236 1974 299 ᾺΒΒΕΝΟΑ.
2000 261 2022 272 ·-

2129 231 2527 296 )ECEMBER
3608 229 3727 295 976

415 355 578 426 Quod
603 355 650 412 si
683 355 812 410 dum
839 355 939 409 hos
969 351 1238 424 pulchros
1268 352 1566 425 suscipiam
1593 354 1831 418 labores,
1863 368 2016 408 mors
2051 361 2340 424 sequetur,
2378 350 2578 406 melius
2604 345 2711 404 erit
2744 345 2883 403 mibi
2940 344 3106 412 mori,
3175 358 3341 418 quam
3389 344 3545 403 abire
3612 363 3729 403 va-

420 465 608 514 cuum,
641 459 698 503 et
751 448 1060 502 mittentem
1110 463 1331 501 manum
1365 447 1433 501 ad
1494 456 1762 511 aratrum,
1795 455 1856 500 ut
1887 461 2012 501 eum
2050 447 2348 516 Evangelio
2398 444 2601 507 dicam,
2650 453 2800 498 retro
2855 439 3124 496 converti.

494 544 560 598 γ.
592 542 729 596 Cum
763 555 895 610 ergo
921 540 1095 595 multa
1126 540 1351 610 quidem
1381 540 1639 608 dixisset,
1695 541 1866 594 multa
1905 555 2010 594 au-
2036 551 2081 604 Α

424 643 536 690 tem
564 633 730 688 etiam
756 631 1060 686 audivisset
1082 631 1380 702 praefectus
1403 647 1573 688 sacrae
1604 631 1869 698 mandrae,
1902 647 2006 687 nec

423 725 698 796 potuisset
727 724 850 793 ejus
876 723 1266 779 vehementem
1309 724 1592 780 retardare
1627 725 1916 795 impetum,
1949 731 2008 778 et

421 831 604 872 acrem
629 815 777 870 hunc
797 829 1066 879 amorem,
1083 815 1523 885 fratresjadhibet
1538 817 1589 870 in
1605 814 1919 878 consilium,
1938 829 2008 868 an

421 915 818 980 eporteateum
854 907 907 961 in
935 907 1178 978 ipsorum
1207 907 1425 962 admitti
1459 907 1871 963 monasterium.
1897 906 2011 961 Illis

426 1019 559 1058 vero
594 1003 750 1071 pueri
787 1015 1039 1071 magnam
1075 1001 1406 1056 mirantibus
1457 1000 1848 1066 constantiam,
1896 999 2012 1052 ala-

424 1108 628 1164 creque
652 1103 708 1148 et
735 1093 1011 1148 intensum
1074 1092 1195 1164 ejus
1227 1093 1397 1148 animi
1427 1093 1696 1161 studium,
1719 1101 1776 1148 et
1815 1092 2012 1147 existi-

425 1186 708 1242 mantibus
735 1203 856 1244 esse
889 1189 1084 1252 Deum,
1129 1186 1225 1256 qui
1258 1201 1386 1240 eum
1420 1196 1688 1251 moveret,
1716 1195 1772 1241 et
1805 1195 1864 1242 ut
1915 1184 2013 1240 ad-

427 1281 768 1344 mitteretur,
832 1280 1072 1335 libenter
1106 1277 1562 1344 assentientibus,
1589 1278 1658 1333 de
1693 1289 1892 1333 caetero
1926 1285 2013 1333 est

429 1388 556 1428 cum
605 1373 689 1428 eis
720 1387 940 1442 quoque
995 1370 1210 1438 Daniel,
1271 1371 1384 1425 imo
1420 1385 1555 1444 vero
1613 1385 1780 1440 supra
1839 1371 2011 1440 ipsos,

430 1466 576 1535 quod
605 1465 672 1519 ad
703 1465 864 1517 vitam
893 1477 958 1516 ex
989 1463 1101 1516 Deo
1125 1460 1390 1530 agendam
1420 1461 1641 1526 attinet,
1675 1471 1730 1516 et
1755 1461 2012 1516 ardorem

431 1564 498 1614 ad
533 1559 820 1612 virtutem.
848 1556 1166 1612 lntercessit
1214 1572 1409 1626 parum
1471 1555 1757 1627 temporis,
1789 1563 1846 1611 et
1886 1571 2013 1613 cum

431 1651 819 1722 cognovissent
850 1658 1130 1720 parentes,
1169 1651 1395 1704 ubinam
1437 1649 1530 1716 sit,
1564 1658 1621 1705 et
1647 1648 1793 1719 apud
1850 1665 2010 1720 quos,

433 1745 511 1799 illi
542 1744 765 1813 quidem
798 1745 866 1798 ad
937 1759 1065 1797 eum
1115 1742 1389 1798 accedunt
1445 1758 1571 1798 cum
1625 1741 2008 1798 admiratione.

432 1834 571 1889 Cum
601 1835 1080 1889 vidissentautem
1131 1848 1365 1904 puerum
1406 1833 1654 1903 seipsum
1703 1832 2011 1897 dedicasse,

2182 538 2258 594 E'.
2313 539 2400 600 Ὣς
2429 537 2524 591 οὖν
2551 535 2725 592 πολλά
2761 535 2861 607 μὲν
2891 532 3086 600 εἰπὼν,
3131 532 3302 587 πολλὰ
3333 533 3388 587 δὲ
3419 536 3515 589 καὶ
3541 532 3734 588 ἀκού·

2124 647 2223 696 σας
2246 633 2275 686 ὁ
2301 631 2404 699 τῆς
2434 630 2591 702 ἱερᾶς
2627 627 2926 699 ἡγούμενος
2957 626 3221 698 μάνδρας,
3249 627 3351 680 οὐκ
3383 624 3543 697 ἔσχεν
3565 626 3733 696 αὐτῷ

2121 724 2221 794 τὴν
2237 721 2412 794 ὁρμὴν
2433 719 2729 791 ἀμϐλῦναι,
2763 717 3104 789 συμϐούλους
3133 717 3406 788 λαμΰάνεί
3419 720 3546 782 τοὺς
3563 719 3732 772 ἁδελ-

2123 816 2276 884 φοὺς,
2317 815 2366 869 εί
2399 812 2518 866 δέον
2549 811 2715 866 αὐτὸν
2750 811 2813 867 ἐν
2849 812 2914 880 τῇ
2973 805 3095 862 κατ’
3129 809 3330 872 αὐτοὺς
3370 808 3729 879 εἰσδεχθῆναι

2125 907 2285 977 μονῇ.
2319 904 2440 959 Τῶν
2465 905 2522 958 δὲ
2543 904 2643 975 τὴν
2677 901 2878 974 πολλὴν
2899 902 3150 956 ἔνστασιν
3187 899 3281 955 τοῦ
3314 898 3504 965 παιδὸς
3538 903 3640 955 καὶ
3666 901 3732 954 τὸ

2120 998 2221 1068 τῆς
2272 996 2584 1068 προθυμίας
2617 994 2872 1050 σύντονον
2907 993 3297 1063 ἐκπλαγέντων
3342 995 3435 1047 καὶ
3460 991 3608 1047 θετον
3639 987 3729 1045 εί-

2123 1108 2211 1145 ναι
2239 1090 2300 1145 τὸ
2325 1090 2509 1145 κινοῦν
2535 1087 2694 1144 τοῦτο
2725 1086 3125 1158 ὕπειληφότων,
3175 1087 3275 1141 καὶ
3307 1085 3444 1156 πρὸς
3475 1085 3574 1156 τήν
3607 1102 3726 1138 πα-

2126 1183 2359 1257 ραδοχὴν
2383 1181 2636 1252 ἁσμένως
2687 1178 3101 1250 καταθεμένων,
3133 1178 3345 1246 γίνεται
3395 1178 3584 1232 λοιπὸν
3621 1177 3727 1233 καὶ

2123 1275 2325 1346 Δανιὴλ
2353 1274 2473 1346 μετ’
2494 1272 2675 1327 αὐτῶν
2696 1288 2709 1302 '
2741 1271 2882 1343 ὑπὲρ
2915 1271 3118 1335 αὐτοὺς
3149 1270 3207 1324 δὲ
3232 1271 3434 1342 μᾶλλον
3461 1269 3539 1341 τῷ
3568 1269 3724 1324 κατὰ
3757 1265 3760 1267 λ

2124 1369 2259 1422 Θεὸν
2288 1367 2388 1438 βίῳ
2414 1369 2510 1422 καὶ
2537 1368 2603 1438 τῇ
2649 1365 2787 1436 πρὸς
2840 1364 3045 1434 ἀρετὴν
3076 1363 3400 1434 θερμότητι.
3434 1364 3658 1433 Βραχὺς
3689 1363 3721 1414 ό

2125 1463 2183 1515 ἐν
2210 1460 2358 1531 μέσῳ
2389 1459 2603 1530 χρόνος,
2636 1459 2734 1511 καὶ
2750 1459 2862 1521 τοῖς
2892 1454 3112 1526 γονεῦσι
3145 1455 3390 1524 γνωσθὲν
3422 1450 3483 1510 οῦ
3510 1455 3572 1509 τέ
3597 1457 3720 1508 ἐστι

2126 1555 2222 1608 κα)⁵
2252 1551 2388 1622 παρ’
2418 1544 2519 1616 οἷς,
2545 1551 2594 1603 οἱ
2628 1551 2727 1620 μὲν
2747 1549 2842 1602 σὺν
2876 1548 3119 1618 θαύμασι
3156 1545 3553 1618 παραγίνονται
3578 1545 3720 1619 πρὸς

2126 1644 2310 1700 αὐτόν.
2353 1644 2458 1697 Τὸν
2511 1642 2680 1696 παῖδα
2713 1642 2770 1695 δὲ
2827 1640 3157 1708 θεασάμενοι
3218 1639 3412 1692 ἑαυτὸν
3441 1637 3718 1692 ἀναθέντα

2127 1737 2224 1791 καὶ
2256 1733 2672 1806 καθιερώσαντα
2707 1732 2786 1805 τῷ
2821 1731 2963 1802 Θεῷ,
3013 1732 3169 1786 οὐδὲν
3224 1731 3569 1802 ἀνθρώπινον
3608 1747 3716 1784 πε-

2128 1829 2410 1894 πόνθασιν,
2449 1827 2598 1881 οὐδὲν
2628 1824 2894 1897 πατρικόν
2920 1841 2933 1855 ·
2965 1823 3073 1877 οὐδ’
3106 1824 3378 1896 ᾐτήσαντο
3405 1823 3495 1876 τὸν
3518 1823 3717 1893 φίλτα-

432 1937 490 1982 et
523 1928 634 1982 Deo
663 1941 1043 1990 consecrasse,
1085 1941 1436 1996 nequaquam
1486 1925 1571 1982 eis
1604 1925 1826 1989 accidit,
1866 1923 2014 1996 quod

2129 1940 2210 1978 τον
2241 1923 2396 1988 αὖθις
2427 1903 2721 1977 ἀναλαϐεῖν
2777 1921 2874 1974 καὶ
2926 1918 3066 1990 πρὸς
3094 1920 3162 1972 τὰ
3193 1918 3332 1972 οῐκοι
3367 1919 3586 1989 χωρεῖν,
3618 1919 3720 1972 καὶ

435 2018 577 2074 solet
621 2017 940 2073 hominibus
977 2025 1030 2072 et
1087 2017 1432 2086 parentibus,
1491 2032 1671 2088 neque
1738 2017 2020 2086 petierunt

437 2107 823 2162 cbarissimum
861 2106 1034 2160 filium
1063 2115 1120 2160 ut
1144 2121 1270 2160 eum
1299 2105 1636 2174 acciperent,
1689 2113 1746 2160 et
1795 2105 2020 2159 domum

435 2204 789 2266 reducerent,
846 2201 1013 2271 idque
1055 2216 1179 2255 eum
1214 2200 1460 2256 nondum
1508 2207 1661 2255 esset
1716 2199 2021 2253 monastico

435 2298 627 2352 habitu
658 2302 1117 2358 consummatus;
1165 2293 1262 2350 sed
1302 2307 1493 2348 revera
1520 2292 1771 2347 volentes
1831 2299 2022 2346 osten-

437 2391 570 2445 dere
604 2403 663 2444 se
690 2403 812 2443 esse
847 2388 996 2442 illius
1027 2397 1304 2456 parentes,
1368 2387 1526 2441 valde
1566 2385 1734 2440 laetati
1789 2394 1919 2439 sunt
1952 2384 2022 2440 de

436 2495 504 2535 eo
534 2478 682 2548 quod
742 2477 945 2531 factum
984 2475 1182 2540 fuerat,
1224 2485 1280 2531 et
1320 2476 1508 2531 multis
1553 2475 1814 2545 precibus
1845 2490 1875 2529 a
1907 2489 2024 2528 mo-

438 2570 667 2626 nasterii
699 2568 960 2639 praelecto
993 2567 1424 2634 contenderunt,
1456 2576 1517 2621 ut
1543 2575 1670 2623 ante
1699 2582 1831 2623 suos
1883 2581 2022 2622 ocu-

434 2666 520 2724 los
544 2662 848 2719 monastico
874 2677 1000 2716 eum
1030 2663 1236 2717 amictu
1280 2661 1557 2719 indueret.
1604 2659 1700 2716 Ille
1729 2674 1860 2715 vero
1881 2659 2025 2714 hanc

437 2775 554 2815 rem
587 2773 779 2812 rursus
827 2755 1201 2811 communicat
1250 2753 1559 2819 monachis,
1618 2762 1676 2808 et
1729 2761 2026 2823 postquam

437 2847 562 2902 illos
616 2861 837 2916 quoque
870 2844 1008 2899 vidit
1054 2844 1331 2909 assentiri,
1386 2859 1510 2899 cum
1542 2843 1800 2913 jussisset
1831 2859 2025 2900 omnes

434 2937 759 3008 congregari
794 2937 850 2991 in
877 2936 1188 3002 Dominico,
1221 2943 1277 2991 et
1309 2934 1525 2990 Danieli
1556 2951 1768 2990 sacram
1801 2935 2028 3000 recitas-

435 3040 522 3086 set
546 3030 811 3100 regulam,
866 3027 1058 3082 tondet
1095 3027 1150 3082 ei
1206 3027 1458 3097 capillos,
1483 3036 1539 3082 et
1568 3027 1872 3082 monastico
1898 3042 2026 3082 eum

431 3123 623 3178 induit
656 3121 868 3185 habitu,
908 3119 1002 3188 qui
1038 3118 1150 3187 jam
1196 3119 1341 3173 sicut
1389 3119 1643 3173 monachi
1680 3119 1921 3184 vivebat,
1969 3129 2026 3175 et

429 3215 622 3270 trivere
654 3217 944 3269 statuerat.
977 3208 1116 3265 Cum
1142 3209 1262 3280 ejus
1292 3218 1476 3263 autem
1521 3209 1876 3280 praecepisset
1929 3225 2028 3278 pa-

2122 2014 2298 2070 ταῦτα
2344 2016 2511 2085 μήπω
2561 2009 2920 2065 τελειωθέντα
2973 2009 3054 2080 τῷ
3111 2010 3392 2081 μοναχικῷ
3444 2011 3715 2081 σχήματι,

2123 2107 2239 2162 ἀλλ’
2267 2106 2415 2178 ἔργῳ
2447 2105 2619 2169 δεῖξαι
2655 2102 2973 2175 βουλόμενοι
3021 2102 3258 2173 πατέρες
3283 2102 3437 2168 ὄντες
3477 2103 3718 2167 ἐκείνου,

2124 2200 2218 2253 καὶ
2255 2197 2502 2269 ἥσθησαν
2535 2196 2742 2266 μᾶλλον
2769 2195 2846 2266 τῷ
2868 2197 3151 2266 γενομένῳ
3171 2237 3187 2263 ,
3221 2198 3315 2252 καὶ
3358 2195 3560 2259 πολλὰς
3591 2195 3720 2266 δεή-

2126 2308 2240 2355 σεις
2261 2289 2338 2360 τῷ
2387 2288 2694 2361 προεστῶτι
2728 2289 2830 2358 τῆς
2881 2288 3050 2360 μονῆς
3085 2288 3363 2358 προσῆγον
3396 2287 3549 2357 παρὰ
3599 2288 3720 2349 τοῖς

2124 2382 2302 2436 αὐτῶν
2332 2380 2636 2450 ὀφθαλμοῖς
2667 2378 2985 2452 περιϐαλεῖν
3009 2379 3089 2450 τῷ
3109 2379 3208 2450 υίῷ
3229 2381 3290 2433 τὸ
3317 2379 3431 2433 τῶν
3460 2378 3719 2449 μοναχῶν

2125 2473 2350 2544 ἔνδυμα.
2403 2473 2461 2528 Ὀ
2491 2472 2548 2525 δέ
2577 2475 2708 2544 περὶ
2751 2472 2944 2527 τούτου
2972 2471 3139 2527 πάλιν
3183 2472 3578 2541 κοινολογεῖται
3601 2474 3718 2535 τοῖς

2129 2567 2405 2637 μοναχοῖς,
2437 2567 2534 2618 καὶ
2581 2565 2706 2620 ἐπεὶ
2755 2563 3048 2629 κάκείνους
3100 2559 3214 2635 εἶχε
3268 2563 3719 2634 συντιθεμένους,

2127 2658 2389 2721 κελεύσας
2419 2657 2669 2721 ἅπαντας
2701 2658 2760 2710 ἐν
2788 2656 2866 2728 τῷ
2916 2657 3168 2728 κυριακῷ
3201 2655 3562 2727 συναχθῆναι,
3619 2659 3721 2714 καὶ

2126 2750 2218 2804 τὸν
2241 2752 2386 2822 ἱερὸν
2426 2752 2642 2824 ἐπᾴσας
2677 2750 2879 2806 κανόνα
2913 2749 2992 2822 τῷ
3028 2749 3228 2820 Δανιὴλ
3273 2750 3450 2817 κείρει
3475 2767 3534 2802 τε
3566 2749 3720 2822 αὐτῷ

2126 2845 2227 2907 τὰς
2250 2844 2440 2915 τρίχας
2474 2846 2569 2899 καὶ
2607 2843 2674 2897 τὰ
2717 2843 2828 2896 τῶν
2892 2842 3145 2914 μοναχῶν
3197 2842 3374 2896 ἐνδύει
3425 2844 3516 2896 τὸν
3569 2843 3719 2897 κατὰ

2129 2939 2402 3008 μοναχοὺς
2432 2937 2534 3008 ήδη
2565 2939 2659 2991 καὶ
2684 2935 2905 3007 βιοῦντα
2935 2939 3031 2991 καὶ
3059 2936 3158 3008 ζῇν
3183 2937 3462 3007 ἑλόμενον.
3507 2937 3719 2989 Ἐντειο

2127 3029 2361 3099 λάμενος
2389 3028 2446 3082 δὲ
2483 3030 2598 3092 τοῖς
2619 3029 2786 3083 αὑτοῦ
2811 3027 3056 3100 πατράσι
3087 3027 3187 3099 τῆς
3214 3029 3384 3099 μονῆς
3437 3027 3721 3098 προεστὼς

2132 3120 2208 3191 μὴ
2237 3124 2449 3185 πυκνὰς
2477 3122 2752 3175 ποιεῖσθαι
2789 3121 2927 3192 πρὸς
2948 3122 3040 3176 τὸν
3080 3121 3248 3176 παῖδα
3276 3122 3375 3186 τὰς
3422 3121 3717 3192 προσελεύυ

2133 3227 2267 3276 σεις,
2287 3211 2576 3283 χαίροντας
2598 3213 2898 3283 ἐκπέμπει.

424 3305 710 3371 τεηιὶὺιιε,
741 3318 809 3359 ne
837 3301 900 3357 ad
931 3301 1107 3357 lilium
1132 3301 1453 3372 frequenter
1509 3302 1860 3370 accederent,
1917 3301 2070 3357 laetos
2093 3303 2321 3371 emittit,
2356 3303 2505 3374 quod
2530 3304 2757 3376 quidem
2811 3314 2898 3362 est
2959 3306 3115 3363 valde
3174 3323 3401 3375 novum,
3461 3316 3722 3380 parentes

434 3396 678 3467 privatos
706 3395 835 3451 lilio.

512 3488 600 3545 Vl.
631 3489 760 3543 Erat
788 3504 920 3559 ergo
953 3488 1064 3543 illic
1093 3487 1287 3544 beatus
1350 3488 1538 3544 Daniel
1597 3489 1918 3560 proficiens,
1972 3500 2022 3546 et

2208 3481 2438 3555 σι”.Ἶέν
2492 3481 2586 3541 οῦν
2637 3487 2667 3542 ὁ
2716 3487 2990 3560 μακάριος
3044 3490 3163 3543 ἐκεῖ
3208 3489 3407 3561 Δανιὴλ
3447 3490 3724 3561 πνεύματι

438 3564 782 3636 invaleseens
818 3581 1041 3652 spiritu,
1091 3589 1146 3635 et
1179 3581 1230 3635 ei
1278 3582 1550 3636 crescenti
1600 3582 1761 3638 simul
1809 3597 2028 3653 quoque

440 3673 974 3729 crescebantomnia
1006 3673 1218 3728 semina
1266 3673 1510 3739 virtutis,
1560 3685 1615 3730 et
1662 3675 1768 3730 alia
1807 3690 2030 3746 quoque

440 3765 587 3820 haud
611 3765 698 3820 .ita
733 3765 905 3820 multo
938 3775 1063 3836 post
1095 3775 1472 3822 accesserunt.
1512 3765 1670 3834 Quod
1725 3775 1908 3822 autem
1936 3784 2032 3824 ex-

437 3855 988 3912 eellentioriseit‘uit
1017 3856 1144 3911 vita:
1187 3857 1550 3928 principium,
1603 3867 1660 3913 et
1707 3859 1863 3914 radix
1908 3861 2031 3915 l‘ru-

441 3961 653 4016 ctuum,
679 3952 774 4022 qui
798 3960 987 4022 postea
1012 3960 1407 4020 provenerunt,
1433 3952 1537 4008 hoc
1559 3954 1672 4025 jam
1699 3966 1820 4008 sum
1850 3953 2030 4008 dictu-

442 4059 560 4098 rus.
588 4041 697 4097 Cor
723 4044 842 4115 ejus
873 4044 1128 4099 accendit
1159 4060 1317 4098 amor
1349 4045 1590 4112 divinus,
1623 4055 1679 4100 et
1705 4045 1762 4100 in
1815 4060 1881 4100 eo
1934 4060 2029 4101 ve-

433 4135 672 4190 hemens
722 4136 925 4190 excitat
971 4135 1312 4191 desiderium
1365 4135 1589 4192 videndi
1645 4136 1765 4191 loca
1820 4135 1913 4191 illa
1971 4135 2028 4190 in

434 4228 643 4298 quibus
673 4227 927 4282 Christus
956 4242 1057 4298 pro
1114 4228 1276 4284 nobis
1344 4236 1429 4283 est
1464 4242 1685 4297 passus,
1716 4235 1772 4283 et
1824 4227 1916 4282 ubi
1943 4235 2029 4283 est

443 4319 713 4390 sepultus,
743 4328 799 4373 et
825 4319 993 4384 unde,
1021 4336 1147 4375 cum
1178 4321 1534 4386 surrexisset,
1560 4319 1808 4376 ascendit
1833 4320 1889 4374 in
1915 4336 2029 4377 cm-

442 4413 548 4467 los.
584 4409 759 4465 Simul
787 4419 968 4464 autem
993 4411 1180 4466 divina
1213 4427 1437 4482 quoque
1469 4413 1721 4483 quaedam
1755 4412 2028 4483 cupiditas

441 4502 563 4572 ejus
595 4498 971 4556 inﬂammabat
1019 4504 1288 4569 animum,
1345 4504 1573 4559 videndi
1629 4505 1808 4560 virum
1871 4506 2028 4560 illum

443 4607 700 4663 magnum
726 4590 784 4646 in
814 4593 1232 4658 exercitatione,
1254 4595 1597 4662 Simeonem,
1640 4595 1882 4664 inquam,
1932 4597 2027 4665 qui

441 4693 560 4741 erat
595 4683 651 4738 in
678 4685 975 4752 columna;
1037 4693 1092 4741 et
1143 4687 1418 4742 accedens
1449 4687 1517 4746 ad
1551 4687 1875 4757 praelectum
1905 4703 2028 4744 mo-

443 4777 696 4844 nasterii,
736 4777 790 4832 id
818 4778 963 4847 quod
995 4779 1233 4845 volebat,
1269 4779 1320 4833 ei
1346 4779 1812 4845 communicavit,
1855 4788 1912 4835 et
1939 4795 2028 4835 ro-

2133 3579 2460 3650 προκόπτων
2489 3582 2585 3634 καὶ
2618 3579 3076 3652 κραταιούμενος.
3116 3583 3184 3636 Ὃ
3225 3581 3283 3635 δὲ
3329 3583 3428 3654 τῆς
3472 3584 3724 3654 μείζονος

2131 3670 2282 3742 αὐτῷ
2330 3669 2613 3734 πολιτείας
2641 3673 2786 3743 ἀρχή
2819 3672 3050 3728 καὶτῶν
3089 3673 3229 3742 μετά
3274 3674 3451 3729 ταῦτα
3490 3678 3725 3749 καρπῶν

2131 3762 2165 3833 ή
2201 3761 2347 3831 ῥίζα,
2401 3759 2560 3815 τοῦτο
2588 3761 2644 3815 δὲ
2671 3765 2765 3818 καὶ
2817 3763 2986 3828 λέξων
3030 3765 3293 3837 ἄρχομαι.
3330 3767 3513 3838 Ἔρως
3551 3769 3722 3822 αὐτοῦ

2131 3855 2274 3920 θεῖος
2294 3855 2395 3928 τὴν
2421 3855 2650 3926 καρδίαν
2669 3854 3069 3928 διαθερμαίνει,
3100 3861 3197 3914 καὶ
3226 3859 3455 3930 σφοδρὸν
3480 3859 3721 3914 ἀνάπτει

2131 3948 2342 4019 πυρσὸν
2383 3947 2514 4002 ίδεῖν
2563 3947 2766 4012 τόπους
2831 3948 3076 4014 ἐκείνους
3125 3951 3183 4004 ἐν
3209 3945 3292 4016 οἷς
3332 3954 3360 4005 ὁ
3403 3951 3638 4024 Χριστὸς
3662 3953 3725 4006 τὸ

2132 4041 2272 4112 ὑπὲρ
2321 4040 2479 4112 ἡμῶν
2531 4039 2826 4107 ἀνεδέξατο
2866 4041 3061 4108 πάθος,
3093 4045 3191 4097 acati.
3217 4037 3280 4098 οῦ
3308 4043 3602 4112 τέθαπται,
3627 4047 3726 4101 καὶ

2128 4132 2250 4185 ὅθεν
2282 4131 2584 4196 ἐξαναστὰς
2620 4131 2762 4203 πρὸς
2789 4132 3058 4202 οὐρανοὺς
3093 4134 3446 4206 ἀνελήλυθεν.
3482 4136 3636 4207 Ἀμα
3665 4136 3724 4189 δὲ

2130 4227 2226 4279 καὶ
2259 4224 2381 4277 θεία
2420 4241 2508 4289 τις
2537 4224 2810 4296 ἐπιθυμία
2838 4226 3099 4296 διέφλεγε
3155 4227 3257 4300 τήν
3309 4227 3490 4300 ψυχὴν
3520 4229 3611 4283 τὸν
3665 4231 3725 4282 ἐν

2130 4315 2362 4386 ἀσκήσει
2388 4315 2591 4386 μέγαν,
2622 4316 2716 4370 τδν
2731 4316 2826 4370 ἐπὶ
2852 4315 2946 4371 τοῦ
2979 4317 3200 4386 στύλου,
3223 4321 3390 4390 φημὶ,
3421 4319 3723 4373 θεάσασθαι

2131 4409 2378 4480 Συμεών.
2410 4410 2522 4464 Καὶ
2541 4408 2604 4481 δὴ
2627 4408 2707 4480 τῷ
2731 4409 3038 4480 προεστῶτι
3065 4410 3167 4480 τῆς
3197 4411 3371 4481 μονῆς
3401 4409 3722 4482 προσελθὼν

2129 4499 2404 4554 ἐκοινοῦτό
2434 4517 2496 4554 τε
2550 4500 2612 4554 τὸ
2635 4499 2911 4572 βούλημα,
2951 4503 3048 4557 καὶ
3080 4499 3158 4572 μὴ
3193 4502 3487 4572 ἀποτυχεῖν
3513 4503 3613 4573 τῆς
3641 4505 3725 4555 αί-

2128 4597 2338 4665 τήσεως
2363 4594 2652 4664 ἠντιϐόλει.
2701 4595 2761 4649 '0
2783 4595 2838 4649 δὲ
2868 4597 2991 4651 τότε
3025 4593 3127 4664 μὲν
3161 4593 3308 4650 ἑκὼν
3338 4598 3440 4650 ούκ
3487 4598 3720 4669 ἐπέτρε-

2128 4688 2197 4757 ψε
2219 4703 2235 4720 ο
2269 4688 2390 4759 μετ’
2419 4689 2484 4741 οὐ
2535 4689 2674 4742 πολὺ
2709 4689 2768 4745 δὲ
2817 4693 2911 4747 καὶ
2947 4694 3098 4749 ἄκων
3143 4691 3370 4762 ἐφῆκεν.
3399 4691 3490 4756 Ὦς
3525 4694 3631 4764 γὰρ
3656 4691 3723 4765 ἦν

2131 4778 2281 4849 αὺτῷ
2309 4780 2612 4846 ἀναγκαῖον
2653 4780 2750 4832 ἐπὶ
2775 4781 3166 4855 τὴνἉντιόχου
3201 4785 3396 4855 φοιτᾷν
3425 4785 3726 4856 ἐκκλησια-

440 4869 588 4944 gavit
615 4884 684 4924 ne
710 4869 858 4940 quod
881 4870 1136 4940 petebat,
1169 4871 1274 4926 sibi
1303 4871 1695 4940 denegaretur.
1752 4871 1849 4927 llle
1884 4887 2019 4928 vero

2129 4872 2327 4927 στικῶν
2353 4872 2515 4925 ἕνεκα
2543 4873 2867 4944 φροντίδων,
2896 4875 3021 4930 τότε
3054 4877 3120 4950 δὴ
3146 4877 3352 4934 καὶτὸν
3378 4877 3579 4956 Δανιὴλ
3601 4874 3722 4950 μεθ’

441 4969 576 5016 tunc
606 4962 828 5032 quidem
859 4978 959 5018 sua
988 4971 1186 5034 sponte
1217 4979 1326 5019 non
1351 4964 1667 5029 concessit;
1698 4964 1864 5034 paulo
1887 4974 2022 5036 post

441 5065 625 5110 autem
659 5056 979 5112 velinvitus
1003 5057 1233 5112 dimisit.
1263 5058 1398 5112 Nam
1429 5074 1555 5114 eum
1579 5057 1630 5113 ei
1683 5073 1910 5115 necesse
1934 5075 2025 5115 es-

439 5157 525 5203 set
549 5149 742 5203 venire
763 5149 1372 5221 Antiochiam,propter
1404 5166 1568 5207 curas
1595 5151 2020 5219 ecclesiasticas,

441 5248 574 5295 tunc
599 5256 726 5296 cum
761 5256 950 5296 secum
981 5243 1372 5313 assumpsisset
1435 5243 1740 5306 Danielem,
1769 5252 1826 5298 et
1859 5259 2026 5313 quos-

442 5332 567 5388 dam
632 5334 770 5390 alios
801 5334 1022 5400 fratres,
1061 5334 1267 5406 incipit
1313 5335 1423 5391 iter
1477 5336 1712 5407 ingredi.
1748 5335 1817 5390 Et
1879 5345 2028 5406 post-

442 5439 607 5495 quam
640 5425 876 5482 fuissent
902 5426 1081 5482 insillo
1119 5428 1264 5494 vico,
1286 5429 1379 5499 qui
1422 5430 1741 5484 nominatur
1798 5428 2024 5496 Telada,

441 5517 538 5573 ubi
566 5535 794 5592 magnus
829 5521 917 5576 ille
940 5526 997 5576 in
1031 5522 1320 5577 sanctitate
1357 5522 1582 5579 Simeon
1640 5537 1868 5593 magnos
1899 5523 2022 5580 illos

2131 4963 2325 5018 ἐαυτοῦ
2371 4967 2466 5018 καί
2501 4983 2658 5030 τινας
2701 4966 2897 5030 ἄλλους
2929 4969 3038 5023 τῶν
3060 4970 3313 5040 ἀδελφῶν
3365 4971 3725 5043 συμπαραλαο

2132 5055 2262 5121 ϐῶν,
2298 5056 2397 5127 τῆς
2433 5059 2662 5129 πορείας
2697 5057 2950 5130 ἄρχεται.
3003 5061 3114 5116 Καὶ
3143 5061 3333 5134 ἐπειδὴ
3385 5064 3530 5117 κατὰ
3563 5064 3722 5135 τήνδε

2131 5149 2228 5219 τὴν
2251 5149 2442 5220 κώμην
2467 5151 2716 5219 ἐγένοντο
2739 5152 2772 5223 ἥ
2801 5152 2866 5224 δὴ
2889 5156 2984 5208 καὶ
3007 5153 3248 5208 Τελαδὰν
3281 5156 3632 5225 ὀνομάζεται,
3659 5151 3722 5209 οὗ

2135 5242 2231 5294 καὶ
2256 5240 2285 5292 ό
2323 5241 2494 5310 μέγας
2515 5243 2574 5294 ἐν
2607 5241 2845 5312 ὁσιότητι
2888 5241 3122 5314 Συμεὼν
3145 5244 3274 5309 τοὺς
3301 5246 3548 5316 μακροὺς
3581 5245 3728 5300 ὲκεί-

2132 5348 2255 5396 νους
2281 5332 2383 5401 τῆς
2408 5334 2698 5404 ἀσκήσεως
2743 5335 2966 5404 ἀγῶνας
3012 5337 3252 5408 διήνυεν.
3295 5337 3450 5390 Ἐπεὶ
3497 5338 3556 5391 δὲ
3587 5339 3726 5409 πρὸς

2131 5425 2279 5496 αὐτῷ
2307 5427 2410 5496 ήδη
2431 5427 2511 5494 τῷ
2543 5428 2722 5499 στύλῳ
2752 5431 3015 5498 γένοιντο,
3056 5431 3288 5484 ἐθεῶντό
3309 5448 3370 5485 τε
3402 5431 3462 5485 τὸ
3487 5431 3584 5485 τοῦ
3609 5433 3726 5484 κίο-

2130 5535 2221 5584 νος
2253 5518 2386 5590 ὕψος
2422 5523 2519 5576 καὶ
2547 5521 2643 5592 τὴν
2667 5522 2762 5576 τοῦ
2796 5523 2963 5578 τόπου
2990 5522 3334 5596 τραχύτητα,
3380 5527 3476 5581 καὶ
3514 5526 3664 5588 ὅπως
3695 5525 3726 5578 ὁ

443 5615 743 5682 peragebat
789 5612 1008 5668 labores
1039 5613 1474 5679 exercitationis,
1530 5629 1658 5668 cum
1717 5614 1785 5668 ad
1845 5616 2018 5685 ipsam

2129 5612 2388 5682 γεννάδας
2419 5613 2627 5678 ἐκεῖνος
2657 5613 2818 5687 ἔφερε
2845 5618 2941 5670 καὶ
2978 5616 3192 5687 κρυμὸν
3215 5616 3486 5688 χειμῶνος
3511 5618 3610 5672 καὶ
3635 5615 3726 5671 θέ-

432 5703 556 5774 jam
588 5707 868 5763 venissent
907 5707 1245 5777 columnam,
1294 5707 1813 5780 contemplabantur
1847 5715 1902 5766 et
1932 5723 2030 5766 co-

2142 5723 2269 5779 ρους
2295 5706 2552 5784 φλογμὸν,
2579 5711 2674 5764 καὶ
2696 5708 2947 5784 ,ἀπειλὴν
2979 5709 3203 5784 ὄμϐρων
3236 5714 3334 5770 καὶ
3391 5710 3724 5782 πνευμάτων
