4142 6384
399 395 502 461 971

1485 405 1666 466 νιΤΑ
1703 405 1765 464 S.
1809 406 2175 466 DANIELIS
2216 410 2572 470 S'l‘l’Ll'I‘zE.

3539 404 3644 468 978

399 514 520 582 βίαν
561 503 778 583 καϊτήν
829 512 997 583 ἄλλην
1055 516 1236 569 πᾶσαν
1274 515 1369 569 τοῦ
1426 517 1678 587 σώματος
1727 521 1975 573 κακοπὰυ

2086 522 2287 575 Iumnm
2311 523 2682 588 altitudinem,
2712 532 2766 578 et
2798 523 2900 578 loci
2941 521 3321 593 asperitatem,
3349 529 3406 576 et
3464 506 3657 591 quem-

396 605 571 658 θειαν.
647 604 723 666 ὡς
749 605 922 658 ταῦτα
953 601 1113 670 εἶδον,
1156 607 1206 659 oi
1239 606 1341 675 μὲν
1369 607 1520 662 ἄλλοι
1547 609 1654 662 τῶν
1696 610 1984 679 ἁνοητοτέ.

401 713 510 768 ρων
543 695 700 764 δόξης
720 694 888 766 ᾤοντο
924 696 1166 766 ματαίας
1195 698 1323 760 τοὺς
1351 700 1704 769 τηλικούτους
1730 701 1982 755 τδνδσιον

397 789 696 858 ὕπομένειν
729 788 971 857 ἀγῶνας.
1001 788 1064 842 ’0
1093 788 1150 842 δέ
1185 791 1454 860 μακάριος
1483 793 1681 860 Δανιὴλ
1710 793 1771 846 οὐ
1823 794 1983 863 μόνον

397 879 757 947 ἐξεπλήττετο
791 879 888 932 καὶ
926 877 1256 948 ἐθαύμαζεν,
1298 878 1432 932 ἀλλὰ
1477 882 1572 934 καὶ
1597 880 1744 950 πρὸς,
1767 881 1865 949 τὴν
1896 880 1983 949 μί-

400 986 568 1040 μησιν
587 967 895 1039 ἠρεθίζετο,
925 968 1021 1021 καὶ
1055 967 1277 1036 κέντρον
1306 967 1514 1036 ἀγαθοῦ
1543 967 1705 1038 ζήλου
1732 970 1798 1038 τῇ
1833 967 1980 1039 ψυχῇ

397 1061 752 1133 παρεδέχετο.
787 1061 876 1124 Ὦς
918 1060 975 1114 δὲ
1007 1063 1101 1114 καὶ
1129 1059 1376 1114 κάτωθεν
1403 1060 1716 1130 βοησάντων
1746 1063 1774 1114 6
1805 1061 1982 1130 μέγας

397 1156 607 1219 ἐκεῖνος
640 1152 928 1226 προκύψας
953 1152 1160 1208 ἄνωθεν
1183 1152 1354 1222 ἔφησε
1385 1154 1558 1207 θεῖναι
1583 1153 1852 1222 κλίμακα,
1883 1150 1980 1204 ml.

401 1247 538 1316 πρὸς
585 1246 747 1300 αὐτὸν
781 1245 1050 1308 ἀνελθεῖν,
1099 1238 1170 1315 ἦν
1200 1244 1321 1298 τότε
1351 1244 1532 1307 καλῶς
1577 1245 1704 1298 ἰδεῖν
1754 1242 1981 1314 ἀκριϐὲς

397 1333 508 1388 τῶν
534 1331 727 1402 ψυχῶν
763 1332 1006 1402 δοκίμιον
1039 1349 1054 1366 ο
1093 1335 1121 1388 6
1148 1333 1246 1402 μὲν
1275 1333 1384 1403 γὰρ
1411 1332 1588 1386 ποδῶν
1620 1333 1924 1396 ἀσθένειαν,
1951 1333 1980 1385 6

397 1425 454 1479 δὲ
488 1424 729 1492 νεφρῶν,
787 1427 816 1477 6
854 1423 909 1476 δέ
942 1425 1153 1496 γήρως,
1208 1424 1238 1476 6
1267 1424 1324 1477 δέ
1359 1423 1487 1477 ἄλλο
1514 1441 1565 1476 τι
1593 1423 1978 1490 αἰτιασάμενος

400 1517 700 1585 παρῃτεῖτο
729 1514 831 1585 τὴν
877 1514 1067 1568 ἄνοδον
1087 1531 1103 1546 ο
1129 1516 1158 1569 ό
1182 1515 1380 1586 Δανιὴλ
1413 1514 1468 1567 δέ
1491 1513 1716 1585 δραμὼν
1747 1515 1841 1568 καὶ
1882 1515 1977 1568 τοῦ

371 1637 376 1640 -
399 1606 717 1676 καθηγητοῦ
747 1605 959 1676 δεηθεὶς
977 1607 1072 1662 καὶ
1094 1607 1224 1676 παρ’
1252 1605 1417 1661 αὐτοῦ
1438 1609 1788 1677 προτραπεὶς,
1805 1607 1980 1660 ἄνεισί

398 1716 458 1752 τε
489 1697 788 1770 προθύμως
823 1701 916 1754 καὶ
967 1699 1062 1752 τὸν
1108 1698 1282 1769 μέγαν
1328 1696 1702 1761 ἀνασπάξεται
1749 1695 1977 1767 Συμεὼν

401 1791 500 1844 σὺν
536 1789 698 1859 ἠδονῇ
737 1789 832 1842 καὶ
871 1788 1134 1860 θαύματι.

2087 612 2384 666 admodum
2414 614 2498 666 vir
2525 612 2618 668 ille
2650 630 2950 682 generosus
2979 624 3034 668 et
3060 613 3258 668 hiemis
3277 611 3486 666 ferebat
3508 610 3662 680 algo-

2085 720 2223 770 rem,
2255 713 2312 759 et
2345 705 2520 760 (etatis
2548 706 2808 769 calorem,
2836 716 2892 761 et
2936 706 3114 761 minas
3151 705 3430 769 imbrium,
3468 712 3524 758 et
3548 703 3657 756 vim

2083 805 2396 861 ventorum,
2427 804 2482 850 et
2509 810 2726 851 omnem
2758 797 2919 851 aliam
2983 797 3229 868 corporis
3288 796 3654 851 tolerantiam.

2083 883 2220 940 Cum
2250 884 2365 940 haec
2412 885 2670 942 viderunt
2708 887 2800 942 alii
2829 888 3046 957 quidem
3079 887 3511 957 insipientiores,
3543 887 3661 941 exi-

2083 977 2378 1032 stimabant
2437 988 2688 1033 sanetum
2727 995 2866 1033 vana
2919 979 3088 1050 gloria
3134 978 3433 1032 adductum
3460 1017 3476 1042 ,
3509 986 3658 1031 tanta

2083 1067 2356 1124 sustinere
2405 1071 2725 1124 certamina.
2755 1069 2956 1125 Beatus
2979 1078 3162 1123 autem
3192 1069 3380 1123 Daniel
3430 1082 3539 1122 non
3571 1083 3662 1120 so-

2082 1158 2195 1214 lum
2225 1173 2290 1214 ea
2320 1161 2574 1230 stupebat
2593 1170 2649 1216 et
2671 1162 2992 1225 mirabatur,
3017 1159 3111 1215 sed
3134 1161 3300 1214 etiam
3331 1157 3662 1213 incitabatur

2082 1243 2150 1296 ad
2207 1244 2593 1312 imitationem,
2649 1259 2705 1302 et
2759 1247 2888 1303 boni
2939 1248 3042 1303 zeli
3111 1246 3394 1302 stimulum
3448 1244 3663 1314 accepit

2081 1333 2288 1389 animo.
2319 1336 2455 1391 Cum
2490 1353 2645 1404 vero,
2680 1339 2771 1392 ubi
2805 1337 3018 1393 inferne
3041 1339 3392 1403 clamassent,
3432 1351 3661 1405 magnus

2082 1424 2174 1480 ille
2197 1425 2440 1496 desuper
2470 1429 2839 1498 prospiciens,
2872 1429 3103 1484 dixisset
3157 1436 3413 1499 oportere
3467 1427 3661 1482 admo-

2079 1531 2209 1572 vere
2233 1519 2427 1582 scalas,
2455 1527 2509 1573 et
2543 1519 2611 1574 ad
2647 1520 2826 1590 ipsum
2862 1521 3190 1584 ascendere,
3239 1531 3370 1575 tunc
3429 1518 3661 1590 pulchre

2079 1605 2240 1661 licuit
2271 1607 2458 1664 videre
2489 1609 2803 1664 animorum
2823 1611 3240 1680 probationem:
3272 1611 3412 1665 alius
3436 1609 3658 1680 quidem

2079 1707 2334 1755 causatus
2361 1699 2564 1768 pedum
2593 1700 3045 1765 imbecillitatem,
3086 1701 3226 1756 alius
3257 1717 3475 1764 renum,
3518 1700 3662 1754 alius

2079 1797 2439 1858 senectutem,
2456 1790 2595 1845 alius
2608 1790 2814 1861 aliquid
2837 1792 3010 1857 aliud,
3035 1793 3320 1848 recusabat
3338 1792 3660 1847 ascendere.

400 1882 588 1937 Daniel
627 1898 754 1937 vero
787 1899 910 1938 cum
945 1885 1303 1949 cucurrisset,
1341 1893 1397 1940 et
1433 1883 1758 1954 magistrum
1809 1892 2076 1954 rogasset,
2134 1892 2190 1939 et
2227 1884 2294 1939 ah
2322 1900 2390 1940 eo
2430 1885 2615 1955 jussus
2646 1894 2813 1954 esset,
2837 1887 3083 1943 ascendit
3109 1895 3362 1958 prompto
3403 1896 3459 1942 et
3493 1884 3660 1941 alacri

399 1975 606 2040 animo,
633 1986 688 2031 et
715 1991 972 2045 magnum
1011 1977 1214 2031 salutat
1241 1977 1554 2032 Simeonem
1586 1991 1713 2031 cum
1769 1973 1970 2047 gaudio
2007 1984 2064 2031 et
2093 1976 2485 2033 admiratione.

472 2066 544 2122 Z'.
591 2069 812 2137 Ἀμέλει
843 2072 938 2123 καὶ
970 2069 1242 2136 εὐλογίας,
1280 2069 1469 2138 ὥσπερ
1501 2068 1632 2135 ἔδει,
1658 2069 1788 2138 παρ’
1813 2067 1980 2120 αὑτοῦ

2159 2068 2274 2123 Vll.
2311 2068 2502 2138 Neque
2531 2085 2663 2126 vero
2709 2070 2810 2126 fuit
2841 2071 2932 2125 hic
2970 2070 3128 2126 labor
3159 2069 3371 2125 Danieli
3421 2069 3660 2134 inutilis,

402 2159 654 2226 ἀξιωθεὶς
693 2163 758 2230 τῇ
799 2160 898 2231 τῆς
941 2159 1125 2231 χειρὸς
1177 2161 1420 2212 ἐπιθέσει
1469 2162 1563 2214 καὶ
1602 2160 1701 2228 τὴν
1729 2158 1823 2212 τοῦ
1858 2157 1982 2227 μέλο

401 2253 584 2315 λοντος
613 2251 1014 2322 προαγόρευσιν
1062 2252 1298 2320 δέχεται.
1355 2249 1557 2302 Ἠκουε
1587 2250 1728 2320 γάρ’
1781 2251 1983 2322 Ἀνδρίς

403 2348 520 2412 ζου,
546 2347 757 2409 τέκνον,
798 2347 892 2399 καὶ
927 2343 1312 2414 κραταιούσθω
1342 2345 1375 2415 ή
1403 2342 1600 2414 καρδία
1630 2362 1746 2398 σου.
1781 2345 1982 2406 Πόνους

401 2439 512 2508 γὰρ
541 2437 768 2502 πολλούς
790 2454 848 2490 τε
871 2439 966 2491 καὶ
993 2435 1264 2505 χαλεποὺς
1297 2435 1594 2506 ὑπομένειν
1655 2434 1870 2505 μέλλεις
1895 2433 1982 2488 διὰ

404 2530 659 2599 Χριστὸν,
686 2529 745 2592 ὃς
782 2530 875 2582 καὶ
915 2528 1051 2601 πρὸς
1079 2528 1138 2580 τὸ
1161 2527 1425 2596 γενναίως
1463 2525 1649 2596 φέρειν
1684 2524 1984 2596 ἐπερρώσει

406 2639 500 2674 σου
551 2622 650 2692 τὴν
703 2621 902 2692 ψυχήν.
937 2622 1202 2675 Κάτεισιν
1249 2619 1342 2673 οὖν
1393 2621 1421 2673 6
1461 2617 1660 2690 Δανιὴλ
1714 2618 1851 2690 μετὰ
1885 2618 1985 2689 τὴν

402 2716 662 2783 γλυκεῖαν
697 2714 904 2785 ταύτην
934 2715 1026 2767 τοῦ
1073 2712 1269 2784 ἀνδρὸς
1302 2711 1547 2784 ὁμιλίαν,
1600 2712 1696 2766 ml.
1728 2711 1861 2781 πρὸς
1886 2710 1985 2780 τὴν

404 2807 557 2872 ίερὰν
588 2805 758 2876 μονήν
789 2807 992 2877 ταύτην
1026 2807 1328 2860 ἐπάνεισιν.
1375 2805 1525 2858 Ἐπεὶ
1556 2804 1613 2857 δὲ
1641 2804 1731 2857 τὸν
1760 2806 1857 2872 τῆς
1892 2819 1984 2872 μο-

403 2897 503 2968 νῆς
536 2898 858 2967 προεστῶτα
883 2895 1068 2951 ἐκάλει
1104 2896 1242 2967 πρὸς
1275 2896 1466 2949 ἐαυτὸν
1494 2896 1520 2946 6
1549 2895 1702 2960 Θεὸς,
1741 2896 1768 2948 6
1797 2895 1852 2947 δέ
1883 2913 1982 2948 κα-

404 2989 496 3051 λὸς
525 2982 679 3052 οὗτος
702 2975 901 3058 Δανιὴλ
938 2987 1119 3051 καλῶς
1152 3005 1241 3039 ποι
1252 2986 1542 3057 μαίνεσθαι
1569 2985 1839 3056 διδαχθεὶς
1861 2985 1985 3054 ἄρτι

407 3081 502 3134 καὶ
534 3079 711 3142 καλῶς
744 3079 1056 3149 ποιμαίνειν
1093 3080 1389 3142 ἐπενοεῖτο,
1424 3077 1518 3131 καὶ
1546 3075 1639 3147 βίᾳ
1671 3076 1804 3146 πρὸς
1829 3073 1986 3127 τοῦτο

406 3173 556 3243 παρὰ
575 3171 684 3224 τῶν
713 3170 1101 3242 συμφοιτητῶν
1118 3169 1350 3223 εἵλκετοσ
1371 3167 1533 3230 αὐτὸς
1554 3167 1654 3237 τῆς
1675 3167 1831 3237 φίλης
1858 3168 1987 3236 ήσυ-

408 3266 532 3338 χίας
577 3264 1061 3336 μεταποιοὺμενος,
1088 3265 1200 3327 τοῖς
1237 3263 1336 3333 μὲν
1362 3263 1588 3318 ἐκείνων
1619 3263 1800 3328 λόγοις
1832 3263 1987 3318 0661-

410 3356 527 3426 μῶς
548 3356 721 3410 εῐκειν
750 3355 912 3422 ἔγνω,
965 3354 1083 3408 ἀλλ’
1117 3353 1306 3425 ἔτερον
1343 3354 1531 3418 αὐτοῖς
1582 3356 1858 3424 είσηγεῖτο
1895 3355 1986 3408 τὸν

2083 2169 2139 2215 et
2173 2161 2239 2215 ad
2275 2177 2400 2217 eum
2434 2164 2710 2228 ascensio,
2753 2163 2847 2218 sed
2899 2162 3133 2232 primum
3173 2163 3397 2232 quidem
3438 2161 3506 2216 ad
3540 2161 3653 2215 vir-

2084 2262 2256 2308 tutem
2312 2254 2589 2310 excitatur
2637 2264 2693 2310 et
2727 2255 3045 2322 instruitur,
3107 2264 3162 2310 et
3199 2255 3450 2310 redditur
3494 2255 3663 2310 vehe—

2083 2346 2331 2401 mentius
2384 2347 2504 2416 ejus
2561 2347 2926 2402 desiderium.
2968 2347 3181 2403 Deinde
3231 2356 3413 2401 autem
3475 2345 3545 2413 ab
3595 2363 3662 2401 eo

2084 2450 2330 2506 quoque,
2368 2443 2430 2489 ut
2467 2436 2781 2504 oportebat,
2817 2438 3182 2506 consequitur
3218 2437 3660 2491 benedictionem

2087 2540 2287 2579 manus
2325 2525 2702 2594 impositione,
2735 2534 2791 2581 et
2840 2525 3011 2580 futuri
3063 2527 3308 2595 suscepit
3351 2513 3664 2596 praedictio-

2085 2629 2249 2679 nem;
2301 2629 2426 2668 eum
2483 2614 2630 2668 enim
2680 2615 2892 2669 audivit
2949 2614 3230 2669 dicentem
3280 2615 3365 2668 vel
3426 2615 3663 2668 maxime

2089 2707 2462 2776 prOphetice:
2511 2708 2644 2762 Esto
2678 2708 2857 2770 fortis,
2903 2707 3002 2770 iiii,
3058 2716 3114 2762 ct
3163 2707 3519 2762 conﬁrmetur
3567 2722 3664 2761 cor

2088 2808 2263 2853 tuum.
2321 2797 2518 2852 Multos
2569 2799 2715 2852 enim
2748 2808 2802 2853 et
2847 2798 3100 2854 dimciles
3155 2798 3376 2852 labores
3429 2810 3656 2868 propter

2087 2889 2365 2942 Christum
2405 2904 2465 2943 es
2515 2899 2876 2958 suscepturus
2911 2927 2926 2951 ,
2979 2889 3072 2958 qui
3124 2897 3181 2943 et
3235 2887 3518 2942 sufficiens
3557 2888 3665 2942 erit

2088 2981 2188 3035 tibi
2223 2981 2554 3046 consolatio,
2614 2989 2667 3035 et
2696 2981 2763 3034 ad
2794 2995 2890 3035 eos
2947 2980 3168 3034 fortiter
3209 2980 3470 3035 ferendos
3508 2988 3661 3033 tuum

2086 3071 2375 3126 roborabit
2432 3072 2703 3126 animum.
2754 3073 3051 3128 Descendit
3107 3087 3238 3142 ergo
3284 3072 3473 3126 Daniel
3541 3082 3667 3142 post

2091 3163 2237 3218 hanc
2259 3179 2484 3217 suavem
2513 3179 2637 3218 cum
2666 3178 2734 3218 eo
2759 3165 3236 3233 congressionem,
3279 3174 3337 3220 et
3367 3180 3559 3219 rursus
3595 3165 3665 3220 ad

2087 3273 2305 3313 sacrum
2330 3257 2477 3312 redit
2513 3257 2933 3312 monasterium.
2975 3237 3272 3328 Postquam
3321 3267 3505 3312 autem
3543 3272 3665 3310 mc-

2088 3349 2315 3403 nastcrii
2356 3348 2678 3419 praefectum
2715 3349 2781 3404 ad
2832 3363 2892 3404 se
2944 3349 3166 3404 vocavit
3196 3349 3373 3414 Deus;
3411 3350 3666 3420 egregius

406 3418 703 3510 λυσιτελῶς
760 3418 1252 3517 προστησόμενον-ο
1292 3445 1472 3514 ἐαυτῷ
1523 3446 1580 3500 δὲ
1621 3418 1702 3500 1:6-
1719 3418 1983 3518 partem

2086 3455 2217 3496 vero
2247 3441 2336 3495 hic
2358 3418 2579 3505 Daniel,
2627 3439 2719 3511 qui
2754 3440 2899 3510 pasci
2932 3441 3160 3510 pulchre
3185 3418 3476 3507 didicerat,
3501 3418 3666 3495 modo

407 3537 794 3610 συμϐουλεύων
826 3532 914 3608 ἦν,
973 3537 1128 3605 Ἰδοὺ,
1177 3535 1373 3606 λέγων,
1418 3535 1703 3606 ἐλεύθερος
1729 3537 1981 3606 γέγονας,

403 3631 623 3703 Δανιὴλ,
667 3631 881 3694 οὐδενὸς
911 3631 1163 3701 κάτοχος.
1209 3628 1339 3683 Ἰδοὺ
1370 3630 1563 3701 καιρὸς
1594 3625 1656 3686 οὗ
1704 3631 1985 3702 πρόπαλαι

406 3726 564 3794 ἤρας·
599 3722 723 3792 ἔχου
745 3721 924 3775 τοίνυν
963 3720 1059 3775 καὶ
1099 3717 1302 3773 σκοποῦ
1340 3721 1434 3774 καὶ
1465 3719 1612 3785 ὁδοῦ,
1663 3722 1760 3775 καὶ
1789 3721 1816 3774 ὃ
1858 3740 1988 3792 προ-

406 3814 528 3867 έθου
557 3813 650 3867 καὶ
673 3813 752 3876 είς
778 3811 956 3882 πέρας
985 3810 1220 3880 ἀγαγεῖν
1245 3808 1554 3880 ἐπείχθητι.
1588 3809 1772 3863 Πάντα
1805 3811 1986 3865 τοίνυν

405 3905 545 3961 οὕτω
567 3904 884 3959 καταλιπὼν
903 3945 917 3968 ,
965 3903 1062 3956 καὶ
1093 3901 1286 3974 μηδενὶ
1323 3901 1384 3954 τδ
1410 3901 1509 3972 τῆς
1537 3902 1718 3973 ψυχῆς
1740 3904 1988 3974 ἁπόρρη-

404 4015 495 4052 τον
525 3996 774 4061 ἐξειπὼν,
800 3993 977 4050 λαθὼν
996 3993 1164 4057 ἔξεισι
1184 3993 1284 4062 τῆς
1312 3993 1502 4064 μονῆς,
1519 3994 1612 4048 καὶ
1634 3993 1988 4064 καταλαμδά-

403 4105 483 4141 νει
513 4087 752 4157 μάνδραν
797 4085 1012 4155 ἐκείνην
1114 4084 1208 4138 καὶ
1250 4086 1278 4137 6
1303 4082 1399 4137 τοῦ
1441 4085 1712 4154 μακαρίου
1762 4084 1988 4156 Συμεὼν

402 4179 640 4249 ἧδραστο
691 4176 920 4239 στῦλος·
973 4172 1042 4246 ἦν
1071 4177 1180 4247 γάρ
1225 4195 1277 4230 τι
1312 4176 1466 4230 κάτω
1505 4176 1632 4248 περὶ
1680 4175 1843 4229 αὐτὸν
1893 4176 1989 4229 καὶ

405 4268 674 4322 κοινόδιον
725 4269 854 4321 ἔνθα
886 4266 982 4320 καὶ
1008 4267 1282 4338 τέσσαρας
1323 4268 1454 4333 ὅλας
1495 4267 1709 4338 ἡμέρας
1745 4267 1836 4321 ἐπὶ
1866 4270 1989 4331 ταῖς

403 4362 538 4415 δέκα
562 4361 924 4429 διενεγκόντα,
951 4359 1179 4431 Συμεὼν
1207 4361 1304 4414 καὶ
1335 4361 1416 4414 ἔτι
1471 4361 1601 4433 παρ’
1624 4361 1776 4429 αὐτῷ
1802 4361 1988 4431 μένειν

406 4450 502 4503 τὸν
546 4449 746 4519 Δανιὴλ
792 4449 1007 4521 ἤθελεν.
1074 4450 1232 4504 Ἐπεὶ
1285 4451 1342 4502 δὲ
1384 4451 1536 4518 φίλον
1588 4452 1667 4522 τῷ
1715 4454 1885 4523 όμοίῳ
1929 4452 1988 4505 τὸ

407 4543 615 4613 ὅμοιον,
652 4542 859 4607 ἐκεῖνος
882 4542 940 4596 δὲ
970 4542 1071 4596 οὐκ
1121 4542 1373 4612 ήνείχετο
1398 4543 1574 4613 ἑτέρῳ
1605 4543 1759 4614 πόθῳ
1813 4544 1986 4598 κατά-

409 4651 596 4702 σχετος
617 4633 714 4698 ὢν,
748 4635 857 4688 τῶν
888 4634 997 4704 γὰρ
1028 4633 1194 4704 ίερῶν
1227 4634 1473 4704 ἐγλίχετο
1511 4635 1715 4701 τόπων,
1755 4635 1846 4688 καὶ
1891 4635 1988 4707 τὴν

2088 3540 2234 3586 recte
2270 3547 2428 3600 posse
2459 3547 2684 3601 pascere
2714 3531 3039 3600 putabatur,
3069 3542 3126 3587 et
3149 3532 3201 3587 vi
3236 3533 3302 3587 ad
3338 3533 3442 3588 hoc
3481 3534 3668 3588 trahe-

2087 3627 2249 3681 batur
2280 3641 2308 3678 a
2345 3626 2461 3680 suis
2489 3625 2925 3696 condiscipulis;
2982 3626 3098 3695 ipse
3150 3627 3244 3696 qui
3273 3637 3482 3696 gratam
3529 3641 3664 3680 con-

2086 3717 2406 3772 sectabatur
2449 3717 2694 3786 quietem
2739 3726 2792 3771 et
2827 3717 3131 3781 silentium,
3179 3725 3233 3772 et
3267 3717 3372 3773 hoc
3401 3718 3664 3782 ambibat,

2088 3819 2147 3864 ut
2176 3820 2325 3864 esset
2351 3818 2600 3864 remotus
2633 3808 2701 3863 ab
2727 3808 2990 3862 omnibus
3046 3807 3306 3877 negotiis,
3358 3815 3413 3861 et
3458 3808 3664 3872 sciens,

2090 3913 2359 3972 quantum
2389 3917 2454 3955 ea
2486 3901 2658 3970 possit
2689 3901 2947 3954 conferre
2996 3900 3062 3953 ad
3110 3900 3396 3962 virtutem,
3435 3900 3664 3954 minime

2089 3995 2280 4049 statuit
2333 3993 2554 4056 cedere,
2615 4001 2709 4047 sed
2756 3992 2925 4046 alium
2959 3991 3194 4056 addixit,
3247 3995 3345 4060 qui
3377 4000 3527 4045 esset
3585 3992 3666 4046 eis

2090 4087 2305 4142 utiliter
2339 4085 2712 4156 praefuturus:
2739 4085 2845 4140 sibi
2884 4093 3070 4138 autem
3101 4083 3308 4152 optime
3336 4084 3619 4138 consuluit
3651 4101 3665 4137 :

2090 4179 2252 4244 Ecce,
2305 4177 2518 4241 dicens,
2560 4177 2702 4233 liber
2733 4177 2912 4231 factus
2940 4192 3022 4238 es,
3064 4175 3280 4239 Daniel,
3313 4175 3524 4228 nemini
3568 4175 3668 4228 ob-

2088 4271 2308 4325 noxius.
2335 4270 2476 4324 Ecce
2505 4278 2742 4338 tempus,
2771 4267 2918 4338 quod
2952 4276 3082 4322 ante
3109 4265 3462 4321 desiderasti.
3489 4255 3668 4319 Tuum

2087 4375 2220 4431 ergo
2264 4375 2611 4431 persequere
2664 4375 2918 4430 scopum,
2951 4369 3009 4414 et
3057 4359 3158 4414 viae
3209 4358 3550 4422 institutum,
3613 4367 3670 4412 et

2089 4453 2238 4522 quod
2290 4452 2653 4522 proposuisti,
2714 4466 2882 4522 perge
2925 4453 3175 4522 exsequi.
3218 4452 3357 4507 Cum
3411 4450 3489 4506 sic
3538 4465 3670 4522 ergo

2089 4544 2276 4598 omnia
2311 4543 2650 4613 reliquisset,
2675 4553 2731 4599 et
2760 4543 2898 4597 nulli
2925 4543 3095 4598 animi
3129 4545 3214 4598 sui
3239 4559 3504 4598 arcanum
3538 4559 3670 4613 ape-

2091 4634 2320 4699 ruisset,
2361 4633 2648 4704 egreditur
2679 4634 2822 4688 clam
2855 4649 2886 4688 e
2922 4635 3286 4697 monasterio,
3334 4641 3390 4688 et
3419 4634 3575 4690 venit
3601 4635 3670 4688 ad

406 4724 691 4793 ἐνδοτέραν
724 4725 930 4796 ἔρημον
959 4725 1216 4795 ἐπεζήτει
1241 4741 1256 4756 ⁶
1285 4725 1421 4779 ἀλλὰ
1447 4726 1546 4797 τήν
1577 4727 1715 4797 πρὸς
1745 4725 1844 4796 τὴν
1870 4727 1983 4778 Πα-

2092 4727 2378 4782 mandram
2429 4726 2602 4789 illam,
2640 4727 2694 4781 in
2737 4743 2845 4797 qua
2899 4735 3020 4782 erat
3056 4728 3160 4782 sita
3211 4727 3471 4781 columna
3521 4725 3669 4779 beati

404 4817 684 4889 λαιστίνην
708 4819 925 4873 ἀκούων
953 4819 1196 4892 χαλεπὴν
1225 4815 1366 4875 εἶναι
1400 4820 1494 4873 καὶ
1526 4819 1853 4882 ἀδιόδευτον,
1890 4818 1986 4871 ἃτε

404 4910 761 4982 Σαμαρειτῶν
811 4911 1049 4982 πολέμου
1072 4912 1225 4983 νόμῳ
1276 4914 1626 4984 Χριστιανοϊς
1671 4911 1988 4980 ἐπιτιθεμέ-

402 5020 508 5057 νων
529 5021 543 5035 ·
573 5003 737 5065 αὐτὸς
784 5003 885 5072 τῆς
913 5004 1222 5075 προθυμίας
1254 5005 1458 5075 ταύτης
1514 5005 1733 5075 ὑφεῖναι
1767 5004 1841 5075 μὴ
1868 5007 1990 5058 ἀνε-

402 5092 649 5161 χόμενος.
705 5091 900 5145 ἐαυτὸν
938 5095 1253 5164 ἐπιρρώσας
1300 5095 1392 5147 καὶ
1414 5093 1610 5156 πείσας
1632 5092 1862 5147 θανάτου
1889 5110 1986 5146 κα-

400 5185 690 5254 ταφρονεῖν
720 5182 999 5252 πρόθυμος
1017 5179 1085 5255 ἦν
1114 5186 1311 5240 ἀνῦσαι
1335 5185 1395 5238 τὺ
1421 5185 1875 5254 σπουδαζόμενον.

2095 4815 2398 4871 Simeonis.
2448 4816 2594 4871 lnfra
2638 4817 2786 4874 enim
2848 4817 2998 4873 circa
3053 4833 3174 4872 eam
3221 4829 3336 4872 erat
3390 4817 3669 4886 quoddam

2095 4910 2544 4965 monasterium:
2609 4911 2664 4964 in
2715 4925 2825 4980 quo
2870 4926 2996 4966 cum
3057 4919 3204 4964 totos
3246 4907 3669 4978 quatuordecim

2093 5002 2211 5058 dies
2246 5003 2624 5073 transegisset,
2656 5003 2876 5058 volebat
2906 5001 3128 5057 Simeon
3165 5000 3450 5055 Danielem
3489 4999 3671 5057 adhuc

2093 5093 2236 5164 apud
2274 5110 2332 5149 se
2391 5109 2618 5149 manere
2655 5093 2857 5164 (simile
2880 5096 3050 5154 fenim
3100 5091 3270 5147 simili
3309 5090 3668 5161 delectatur),

2094 5184 2193 5240 ille
2218 5192 2408 5239 autem
2434 5198 2545 5238 non
2571 5183 2859 5248 sustinuit,
2890 5199 3014 5238 cum
3061 5184 3172 5261 alio
3204 5191 3488 5237 teneretur
3518 5183 3669 5237 des-i-

401 5275 580 5331 derio.
614 5276 981 5332 Desiderabat
1024 5278 1170 5332 enim
1219 5277 1409 5332 videre
1444 5293 1599 5335 saera
1665 5278 1843 5343 loea,~
1889 5287 1942 5334 et
2006 5277 2328 5332 interiorem
2389 5277 2673 5348 qua'rebat
2722 5277 3118 5334 solitudinem:
3169 5276 3264 5331 sed
3315 5275 3484 5341 viam,
3546 5289 3671 5343 qua:

401 5370 579 5437 vergit
617 5368 685 5422 ad
714 5368 1086 5436 Palatstinam,
1128 5371 1361 5426 audiens
1397 5387 1520 5426 esse
1571 5369 1868 5436 difﬁcilem,
1912 5378 1970 5425 et
2007 5386 2177 5441 prope
2205 5371 2430 5434 inviam,
2481 5378 2674 5438 utpote
2726 5366 2880 5438 quod
2937 5367 3270 5423 Samaritani
3313 5368 3456 5422 bello
3516 5368 3670 5420 inva-

401 5458 597 5514 derent
648 5459 1018 5528 Christianos,
1063 5462 1181 5533 ipse
1212 5481 1320 5518 non
1387 5464 1570 5519 ferens
1622 5463 1692 5518 de
1734 5465 1845 5520 hoc
1898 5479 1999 5518 suo
2040 5473 2297 5534 prompto
2323 5473 2378 5518 et
2419 5463 2592 5516 alacri
2649 5463 2824 5517 animi
2851 5460 3039 5516 studio
3096 5460 3306 5530 aliquid
3361 5461 3668 5525 remittere,

401 5564 527 5603 cum
571 5566 630 5606 se
657 5551 1044 5612 conﬁrmasset
1096 5565 1150 5611 et
1185 5555 1294 5610 sibi
1333 5564 1569 5612 mortem
1617 5564 1980 5612 contemnere
2050 5555 2437 5625 persuasisset,
2465 5561 2691 5624 paratus
2711 5562 2832 5607 erat
2857 5551 3085 5623 exsequi
3116 5552 3192 5620 id,
3258 5556 3416 5618 cuius
3478 5551 3666 5606 studio

403 5652 510 5696 ten.
533 5643 720 5701 batur:

473 5739 555 5792 H'.
588 5741 696 5793 Καὶ
731 5742 923 5814 ἐπειδὴ
953 5745 1052 5814 τῆς
1093 5746 1405 5815 ἀποδημίας
1430 5746 1608 5818 ἥψατο
1638 5749 1877 5820 συναντᾷ
1904 5767 1984 5812 τις

400 5830 548 5904 αὐτῷ
579 5833 718 5889 κατὰ
746 5835 846 5906 τὴν
893 5836 1009 5892 666v
1039 5839 1198 5910 ἀνὴρ,
1230 5832 1382 5913 ᾧπερ
1415 5841 1600 5913 ἡλικία
1642 5841 1970 5913 πρεπῧύτον,

2164 5746 2300 5800 Vill.
2325 5743 2461 5800 Cum
2506 5759 2638 5798 vero
2681 5743 2787 5798 iter
2839 5751 2988 5798 esset
3041 5742 3343 5813 ingressus,
3381 5740 3431 5795 ei
3487 5739 3547 5794 in
3571 5738 3660 5794 via

2085 5838 2325 5896 occurrit
2351 5838 2436 5895 vir
2461 5838 2707 5909 quidam,
2743 5839 2832 5894 cui
2859 5845 2979 5894 erat
3036 5847 3167 5894 aetas
3197 5836 3370 5906 senis,
3396 5833 3659 5893 monachi
