4142 6384
504 350 609 416 979

1653 344 2122 410 ADDENDA.-
2153 350 2591 412 DECEMBER.

3648 344 3754 410 980

499 464 759 529 vestitus,
792 477 927 517 cana
959 469 1140 516 autem
1189 478 1365 527 coma,
1418 470 1472 517 et
1508 464 1600 532 qui
1634 471 1755 520 erat
1791 465 1845 518 in
1877 465 2064 520 omni-

2199 490 2202 533 ι
2239 467 2399 537 στολὴ
2426 465 2683 537 μοναχοῦ,
2705 467 2738 534 ἡ
2783 463 2906 534 θρὶξ
2937 462 3149 526 πολιοῦ,
3175 461 3352 516 πάντα
3381 460 3588 531 δμοίως
3611 461 3755 532 ἔχων

502 557 607 612 bus
661 554 862 610 similis
894 553 1134 608 Simeoni
1173 555 1267 624 qui
1320 564 1439 611 erat
1494 557 1548 610 in
1599 557 1879 613 columna.
1934 557 2069 630 Syra

505 661 638 702 vero
669 646 852 716 lingua
889 645 1162 702 allocutus
1197 648 1498 711 Danielem.
1558 659 1614 705 et
1661 666 1787 705 eum
1833 651 2074 722 comple-

506 752 628 802 xus,
659 738 892 807 rogavit,
919 753 1159 807 quonam
1197 737 1304 793 iter
1335 754 1496 794 suum
1542 740 1827 811 dirigeret.
1852 742 1949 797 Ille
1972 758 2070 797 au-

506 837 618 884 tem
674 846 688 882 :
747 828 803 884 Si
864 829 998 890 Deo,
1061 829 1262 898 inquit,
1316 831 1557 893 videtur,
1622 833 1763 887 vado
1825 833 1894 888 ad
1953 834 2076 889 loca

506 928 716 973 sancta.
752 919 804 974 is
833 934 966 975 vero
992 919 1272 990 excipiens
1303 938 1318 975 :
1347 922 1519 978 Recte
1556 922 1768 989 dixisti,
1800 923 2003 992 inquit,
2031 925 2076 978 si

509 1009 624 1065 Deo
649 1010 893 1066 videtur.
926 1011 1082 1066 Nunc
1129 1020 1313 1067 autem
1357 1022 1511 1068 certo
1543 1014 1704 1079 scias,
1744 1015 1796 1068 id
1823 1014 1971 1084 quod
1995 1023 2080 1070 est

512 1098 614 1154 tibi
641 1101 1006 1169 propositum,
1049 1116 1162 1155 non
1207 1118 1329 1157 esse
1362 1119 1430 1158 ex
1483 1105 1580 1158 Dei
1614 1106 1908 1160 sententia.
1961 1105 2080 1160 Non

511 1189 658 1244 enim
689 1189 951 1244 audivisti
981 1191 1310 1248 seditionem
1338 1202 1393 1248 et
1422 1195 1740 1261 tumultum,
1775 1196 1871 1264 qui
1903 1204 1992 1251 est
2023 1197 2080 1250 in

512 1280 844 1337 Palaestina?
884 1280 979 1338 ille
1005 1298 1156 1347 vero.
1209 1283 1432 1349 Audivi,
1485 1285 1688 1352 inquit,
1723 1287 1823 1342 sed
1861 1287 1918 1342 in
1969 1287 2083 1342 Deo

514 1371 728 1426 conﬁdo
763 1388 891 1429 eum
924 1375 1060 1429 mihi
1087 1375 1333 1430 futurum
1365 1376 1707 1447 adiutorem;
1747 1387 1804 1432 et
1847 1377 2084 1433 maxime

515 1465 741 1532 quidem
793 1480 957 1534 spero
1001 1468 1228 1522 omnino
1271 1467 1410 1534 fore,
1462 1476 1523 1521 ut
1575 1485 1644 1523 ne
1717 1468 1844 1524 mali
1879 1469 2083 1539 aliquid

515 1554 678 1612 nobis
707 1557 932 1612 omnino
968 1558 1202 1615 accidat.
1237 1558 1334 1616 Sin
1378 1565 1566 1615 autem
1611 1560 1821 1630 aliquid
1858 1557 1963 1616 tafe
1996 1575 2087 1616 ac-

516 1647 734 1713 ciderit,
769 1668 787 1700 ι
822 1663 920 1704 seu
944 1650 1215 1716 vivamus,
1241 1666 1341 1706 seu
1381 1652 1710 1716 moriamur,
1759 1667 1952 1707 sumus
1979 1653 2088 1708 Βοι-

516 1737 715 1796 mini”.
748 1759 767 1792 ι
799 1741 900 1796 Illo
935 1750 1118 1797 autem
1175 1743 1284 1798 hoc
1339 1743 1727 1813 propheticum
1771 1745 2087 1814 proferente

519 1845 848 1900 responsum
883 1849 901 1888 :
945 1832 1052 1889 «Ne
1094 1833 1318 1890 dederis
1365 1835 1418 1888 iu
1446 1834 1872 1890 commotionem
1898 1835 2089 1905 pedem

518 1929 698 1985 tuum,
729 1930 784 1976 et
831 1937 944 1977 non
973 1923 1321 1988 dormitabit,
1373 1927 1469 1996 qui
1521 1933 1574 1980 te
1608 1924 1872 1990 custodit,
1925 1941 2094 1995 ange-

517 2013 608 2069 lus
633 2015 677 2080 ³,
707 2031 730 2068 ι
763 2029 890 2070 cum
921 2015 990 2071 ad
1015 2017 1120 2072 hoc
1149 2026 1405 2088 prompto
1453 2025 1510 2071 et
1551 2015 1716 2071 alacri
1774 2015 1959 2070 animo
2000 2029 2090 2070 re-

518 2105 833 2176 spondisset
849 2107 1065 2175 Daniel,
1084 2107 1298 2172 dicens,
1319 2108 1549 2163 omnino
1567 2107 1776 2162 bonum
1803 2122 1925 2162 esse
1950 2106 2093 2162 mori

520 2208 753 2268 propter
797 2198 1101 2264 Christum,
1159 2199 1212 2254 id
1239 2215 1382 2270 agre
1435 2198 1618 2254 ferens
1663 2214 1854 2264 canus,
1892 2201 2094 2253 avertit

520 2289 742 2356 faciem,
773 2298 830 2344 et
861 2307 875 2344 :
910 2289 1030 2344 Non
1062 2289 1202 2356 fero,
1259 2289 1419 2347 dixit.
1477 2289 1598 2345 Non
1635 2291 1784 2344 enim
1839 2287 2095 2360 permisit

523 2380 689 2446 Deus,
717 2390 781 2436 ut
813 2395 914 2437 nos
945 2380 1336 2451 intempestive
1369 2382 1424 2436 in
1447 2390 1681 2436 mortem
1712 2382 2094 2452 conjiciamus,

523 2477 582 2524 et
613 2479 673 2524 ut
721 2485 823 2540 per
854 2471 962 2524 vim
996 2470 1418 2536 interficiamur,
1454 2486 1838 2540 procuremus.
1887 2471 1981 2527 ille
2013 2480 2096 2526 est

523 2561 696 2629 enim,
727 2563 822 2634 qui
848 2562 988 2617 dixit
1016 2580 1032 2617 :
1075 2581 1092 2614 t
1114 2563 1170 2619 Si
1205 2571 1608 2633 persequantur
1623 2577 1719 2619 vos
1735 2579 1802 2618 ex
1833 2565 1937 2618 hac
1962 2564 2099 2618 civi-

524 2663 658 2721 tate,
686 2653 858 2725 fugite
909 2654 966 2709 in
1000 2654 1225 2709 aliam‘.
1268 2672 1287 2705 ι
1320 2652 1457 2709 Cum
1484 2664 1670 2709 autem
1731 2656 2098 2710 concessisset

525 2755 750 2802 sanctus
779 2745 1103 2815 obieetioni,
1144 2756 1200 2801 et
1227 2746 1456 2801 dixisset
1484 2763 1498 2801 :
1539 2745 1596 2802 Si
1628 2747 1727 2802 tibi
1754 2748 1830 2802 ita
1856 2747 2095 2814 videtur,

523 2838 663 2894 nihil
714 2854 902 2893 moror
929 2837 1211 2892 reditum:
1271 2837 1392 2892 Non
1443 2839 1696 2903 consulo,
1745 2839 1929 2908 inquit
1978 2839 2095 2903 ille.

2173 556 2250 623 τῷ
2281 558 2373 610 ἐπὶ
2397 556 2488 610 τοῦ
2518 556 2695 618 κίονος
2720 553 2965 624 Συμεών.
2999 551 3320 623 Προσειπὼν
3344 549 3437 604 οῦν
3462 551 3538 623 τῷ
3562 551 3755 621 Δανιὴλ

2175 648 2240 718 τῇ
2278 645 2465 714 Σύρων
2517 644 2752 715 γλώττῃ,
2791 646 2882 696 καὶ
2915 641 3307 710 ἀσπασάμενος
3339 637 3528 710 ἠρώτα
3579 637 3663 703 τίς
3695 655 3755 692 τε

2177 737 2326 808 αὐτῷ
2351 738 2385 808 ἡ
2413 737 2606 806 πορεία
2632 735 2725 788 καὶ
2752 735 2854 788 ποῦ
2900 733 3162 804 φέρουσα.
3208 733 3268 785 Ὀ
3295 731 3374 793 δὲ,
3424 731 3486 783 Ei
3509 731 3657 784 δοκεῖ
3680 728 3759 800 τῷ

2176 829 2316 900 Θεῷ,
2343 830 2530 898 φησὶν,
2550 829 2642 880 ἐπὶ
2669 828 2791 889 τοὺς
2824 826 3017 894 ἁγίους
3046 826 3245 893 ἄπειμι
3281 823 3505 884 τόπους.
3561 821 3750 874 Κάκεῖ-

2179 939 2266 984 νος
2289 920 2598 984 ὑπολαϐὼν,
2656 919 2848 981 Καλῶς
2881 918 3129 986 εἴρηκας,
3164 911 3340 976 εἶπεν,
3398 915 3460 966 Εἰ
3493 913 3639 966 δοκεῖ
3687 911 3764 981 τῷ

2182 1012 2321 1083 Θεῷ.
2348 1011 2462 1065 Νῦν
2484 1012 2540 1066 δὲ
2567 1011 2675 1064 ίσθι
2706 1009 2891 1079 σαφῶς
2913 1009 2988 1072 ὡς
3028 1008 3088 1061 ού
3118 1007 3260 1060 κατά
3291 1005 3519 1074 γνώμην
3553 1002 3672 1072 Θεῷ
3701 1001 3768 1055 τὸ

2184 1104 2578 1177 προκείμενονο
2626 1103 2688 1156 οὐ
2742 1103 2852 1174 γὰρ
2888 1102 3132 1170 ἀκήκοας
3181 1098 3280 1168 τὴν
3320 1099 3377 1150 ὲν
3430 1094 3769 1165 Παλαιστίνῃ

2187 1197 2373 1250 στάσιν
2416 1195 2512 1248 καὶ
2543 1194 2812 1265 ταραχήν.
2864 1194 2975 1246 Καὶ
3009 1192 3089 1258 ὃς,
3151 1192 3414 1260 Ἀκήκοα,
3451 1187 3590 1259 εφη·
3627 1188 3768 1256 πλὴν

2184 1287 2300 1342 ἀλλ’
2325 1286 2416 1340 ἐπὶ
2443 1283 2562 1355 Θεῷ
2587 1285 2902 1356 τεθάρῤηκα
2927 1281 3120 1352 βοηθὸν
3146 1280 3230 1345 ἒξῖ
3241 1298 3290 1332 ιν
3312 1281 3499 1343 αὐτὸν,
3531 1278 3768 1347 μάλιστα

2190 1377 2287 1448 μὲν
2307 1377 2428 1430 οὐδὲ
2475 1377 2574 1446 τὴν
2601 1375 2776 1445 ἀρχὴν
2807 1374 3013 1438 ἐλπίζω
3039 1371 3274 1442 πονηρόν
3319 1370 3409 1438 μοί
3439 1387 3492 1422 τι
3524 1384 3771 1438 προσπε-

2189 1467 2302 1520 σεῐν
2323 1483 2337 1498 ·
2367 1468 2416 1519 εί
2449 1466 2505 1520 δέ
2527 1483 2580 1519 τι
2601 1466 2694 1518 καὶ
2717 1464 2958 1518 τοιοῦτον
2990 1462 3196 1534 συμϐῇ,
3224 1481 3242 1514 ι
3282 1462 3392 1514 εἴτε
3422 1460 3627 1528 ζῶμεν,
3661 1459 3769 1511 εἴτε

2189 1557 2626 1628 ἀποθνήσκομεν,
2649 1556 2744 1609 τοῦ
2777 1555 2984 1626 Κυρίου
3014 1555 3204 1624 ἐσμέν.
3235 1571 3253 1606 ι
3283 1553 3632 1623 Δυσχεράνας
3676 1547 3771 1605 οὖν

2190 1652 2217 1702 6
2246 1648 2426 1712 πολιὸς
2456 1649 2544 1702 ἐπὶ
2571 1648 2773 1719 τούτῳ,
2805 1648 3114 1716 ἀπέστρεφέ
3143 1663 3202 1699 τε
3232 1646 3329 1716 τὴν
3349 1645 3492 1715 ὄψιν,
3511 1646 3628 1708 καὶ,
3655 1644 3770 1698 Οὐκ

2192 1740 2475 1810 ἀνέχομαι,
2516 1740 2690 1808 ἔλεγε,
2724 1741 2798 1810 μὴ
2822 1741 2931 1810 γὰρ
2961 1738 3254 1808 ἐπιτρέψαι
3283 1736 3375 1790 τδν
3403 1737 3535 1790 Θεὸν
3558 1738 3774 1806 ἐπιρρι-

2193 1831 2348 1882 πτεῖν
2373 1830 2598 1892 ἑαυτοὺς
2618 1829 2772 1900 παρὰ
2789 1828 2981 1899 καιρὸν
3001 1827 3079 1900 τῷ
3107 1829 3324 1897 θανάτῳ
3357 1825 3452 1880 καὶ
3490 1826 3775 1896 βιάζεσθαι

2192 1920 2290 1992 τὴν
2318 1919 2616 1991 ἀναίρεσιν.
2661 1919 2898 1982 Ἐκεῖνός
2939 1921 3086 1973 εστιν
3127 1920 3155 1972 6
3185 1916 3386 1971 εἰπών’
3430 1933 3451 1968 ι
3495 1916 3620 1968 Ἐἀν
3649 1914 3774 1968 διώ-

2193 2029 2364 2066 κωσιν
2391 2011 2534 2082 ὑμᾶς
2577 2013 2641 2064 ὲκ
2669 2010 2830 2081 τῆσδε
2861 2010 2960 2079 τῆς
2987 2008 3213 2075 πόλεως,
3261 2008 3493 2077 φεύγετε
3537 2009 3618 2070 είς
3675 2008 3776 2077 τὴν

2193 2104 2380 2175 ἀλλην.
2412 2123 2432 2157 ι
2481 2103 2589 2157 Τοῦ
2617 2104 2672 2158 δὲ
2702 2101 2974 2174 μακαρίου
3020 2099 3260 2166 εἴξαντος
3290 2099 3426 2170 πρὸς
3457 2099 3556 2170 τὴν
3585 2099 3777 2153 ἔνστα-

2196 2213 2300 2260 σιν,
2321 2195 2436 2261 καὶ,
2451 2195 2513 2248 Εἰ
2531 2194 2680 2247 ἔστιν
2699 2193 2846 2260 αὐτῷ
2863 2191 3078 2258 δοκοῦν,
3111 2192 3380 2256 εἰπόντος,
3407 2191 3507 2244 οὐκ
3537 2189 3776 2244 ἀναϐάλ-

2194 2287 2360 2357 λομαι
2386 2287 2484 2360 τὴν
2505 2285 2876 2356 ὑποστροφὴν,
2900 2285 2976 2339 Οὐ
3007 2281 3360 2354 συμϐουλεύω
3388 2283 3452 2353 δή
3480 2299 3584 2344 σοι,
3611 2281 3778 2352 φησὶν

2197 2381 2425 2444 ἐκεῖνος,
2485 2379 2664 2448 πάντη
2712 2377 2812 2447 τῆς
2862 2375 3074 2447 ἀγαθῆς
3126 2375 3332 2445 ταύτης
3382 2375 3778 2444 ἐπιχειρήσεως

2199 2470 2524 2538 ἀποστῆναι,
2554 2467 2783 2539 μάταιος
2813 2466 2923 2536 γὰρ
2953 2467 3020 2521 ἂν
3063 2467 3181 2538 είην
3206 2483 3220 2499 ·
3256 2465 3370 2519 ἀλλ’
3401 2465 3454 2518 εί
3475 2482 3563 2533 μοι
3589 2463 3776 2534 πείθῃ,

2196 2561 2264 2614 τὰ
2291 2559 2400 2630 ἑῷα
2428 2560 2640 2632 χαίρειν
2679 2559 2849 2613 πολλὰ
2877 2559 3116 2630 φράσας,
3145 2558 3247 2629 τὴν
3271 2558 3365 2612 ἐπὶ
3403 2557 3463 2611 τὸ
3484 2555 3778 2619 Βυζάντιον

2197 2650 2528 2721 ἐπιστρέψας
2565 2649 2799 2721 πορεύου
2843 2650 3106 2720 δευτέραν
3165 2649 3246 2712 είς
3291 2645 3567 2716 ἀγιασμοῦ
3617 2646 3776 2712 λόγον

2199 2741 2547 2810 ὑπάρχουσαν
2611 2740 2992 2812 Ἰερουσαλὴμ,
3053 2740 3252 2809 μᾶλλον
3295 2739 3353 2793 δὲ
3397 2737 3492 2793 καὶ
3523 2737 3773 2807 πρώτην.

2211 2833 2366 2886 Ἐπεὶ
2399 2831 2453 2886 δὲ
2479 2833 2546 2884 τὰ
2570 2832 2785 2901 ἐκείνης
2821 2832 3085 2902 πρεσϐεῖα
3114 2829 3290 2900 ταύτῃ
3325 2829 3421 2884 νῦν
3455 2829 3606 2899 παρά
3634 2826 3774 2880 Θεοῦ

523 2929 650 2997 tibi,
702 2939 764 2984 ut
812 2928 883 2984 ab
934 2929 1040 2984 hoc
1083 2937 1266 2998 ccepto
1310 2929 1536 2985 omnino
1587 2928 1864 2991 desistas,
1897 2929 2096 2984 stultus

2199 2923 2427 2987 δέδοται,
2481 2921 2538 2974 ἐν
2567 2915 2601 2994 ᾗ
2631 2921 2838 2975 πολλῶν
2872 2921 2972 2991 μὲν
3022 2920 3352 2982 ἀπολαύσεις
3381 2919 3537 2984 νεῶν,
3567 2916 3782 2970 πολλῶν

523 3023 676 3078 enim
701 3037 914 3088 essem;
971 3022 1067 3078 sed
1113 3022 1160 3078 si
1189 3022 1324 3076 mihi
1365 3020 1582 3079 credas.
1614 3021 1818 3092 iubens
1863 3019 2096 3074 multum

2200 3013 2256 3068 δὲ
2281 3012 2570 3084 θεαμάτων
2595 3011 2758 3084 ίερῶν
2790 3025 2802 3040 ⁶
2837 3012 2931 3065 καὶ
2960 3013 3012 3065 ετ
3045 3027 3128 3064 σοι
3161 3010 3257 3064 καὶ
3283 3008 3622 3078 καταθύμιον
3649 3009 3783 3075 ήσυο

533 3114 722 3170 valere
745 3115 999 3185 regiones
1022 3112 1356 3177 Orientales,
1379 3125 1705 3176 conversus,
1728 3109 1866 3165 vade
1891 3109 2096 3179 Byzan-

2203 3104 2368 3175 χάσαι
2422 3105 2532 3158 εἴτε
2570 3105 2628 3158 ὲν
2657 3107 2724 3172 τῇ
2754 3104 3013 3174 ἀνωτέρω
3051 3102 3263 3174 Θρᾴκη,
3314 3102 3422 3154 εἴτε
3462 3100 3597 3170 πρὸς
3633 3097 3783 3168 αὐτῷ

527 3205 689 3272 tium,
722 3219 864 3275 quae,
897 3204 1044 3274 quod
1093 3203 1292 3258 attinet
1319 3203 1389 3258 ad
1451 3200 1966 3264 sanetiticationem,
2015 3209 2096 3255 est

2199 3197 2294 3249 τοῦ
2324 3196 2528 3249 Πόντου
2551 3195 2628 3265 τῷ
2651 3196 2902 3263 στόματι,
2929 3194 3157 3263 εὐπορία
3188 3190 3379 3262 πολλὴ,
3411 3189 3505 3242 καὶ
3528 3190 3626 3258 τὴν
3660 3191 3783 3240 ἐπι-

528 3297 774 3352 secunda
831 3298 1161 3364 Jerusalem,
1220 3296 1332 3350 imo
1390 3309 1522 3350 vero
1551 3303 1636 3349 est
1693 3293 1892 3363 prima.
1947 3293 2096 3347 Illius

2202 3284 2405 3356 θυμίαν
2437 3302 2531 3337 σου
2564 3283 2696 3347 Θεὸς
2725 3284 3013 3355 ἐκπληροῖ.
3056 3285 3199 3354 Πρὸς
3234 3282 3443 3342 τούτοις
3472 3279 3533 3331 ού
3558 3277 3664 3348 χρὴ
3697 3293 3786 3329 νο-

528 3385 680 3441 enim
711 3389 1000 3458 privilegia
1055 3387 1106 3442 ei
1138 3400 1290 3442 nunc
1327 3401 1358 3440 a
1402 3386 1514 3440 Deo
1553 3384 1681 3438 data
1720 3393 1871 3450 sunt,
1906 3383 1963 3438 in
1993 3399 2096 3453 qua

2208 3377 2383 3446 μίζειν
2405 3377 2463 3430 ὲν
2500 3374 2896 3447 Ἱεροσολύμοις
2945 3377 3041 3445 μὲν
3082 3375 3325 3445 ἐντυχεῖν
3354 3373 3433 3443 τῷ
3467 3369 3607 3440 Θεῷ,
3641 3371 3698 3422 ὲν
3724 3369 3785 3422 δὲ

529 3476 721 3532 multis
780 3477 1006 3548 quidem
1059 3476 1161 3531 tibi
1221 3475 1409 3530 licebit
1451 3474 1558 3528 frui
1608 3473 1864 3542 templis,
1917 3473 2096 3528 multis

2205 3477 2272 3545 τῇ
2298 3475 2566 3539 Βύζαντος
2589 3475 2838 3546 οὐδαμῶς
2862 3489 2877 3506 ⁸
2903 3473 2964 3528 οὐ
2988 3475 3096 3546 γὰρ
3115 3472 3516 3545 περιγράφεται
3535 3469 3595 3521 τὸ
3617 3466 3781 3529 θεῖον,

530 3584 668 3625 vero
696 3570 870 3625 sacris
902 3568 1270 3637 spectaculis;
1316 3572 1373 3622 et
1414 3565 1460 3621 si
1487 3565 1589 3619 tibi
1625 3563 1792 3619 corde
1823 3563 1995 3619 fuerit
2027 3565 2108 3620 vi-
2206 3568 2483 3638 ἀγαητέ.

532 3678 662 3721 vere
690 3663 746 3718 in
765 3662 952 3735 quiete
972 3671 1029 3717 et
1049 3660 1292 3728 silentio,
1321 3670 1418 3715 aut
1444 3661 1499 3714 in
1523 3659 1812 3730 superiore
1837 3660 2095 3726 Thracia,
2137 3671 2235 3717 aut
2284 3663 2343 3717 in
2390 3663 2512 3733 ipso
2565 3678 2662 3720 ore
2714 3663 2876 3720 Ponti
2931 3663 3054 3735 ejus
3107 3663 3190 3718 rei
3243 3660 3348 3717 tibi
3408 3658 3516 3716 erit
3586 3670 3786 3725 magna

531 3759 800 3824 facultas,
833 3766 890 3814 et
917 3758 1064 3813 Deus
1094 3757 1197 3812 hac
1224 3757 1283 3813 in
1310 3771 1369 3810 re
1401 3765 1558 3810 tuum
1590 3753 1848 3825 implebit
1915 3755 2278 3814 desiderium.
2348 3759 2614 3816 Praeterea
2662 3776 2775 3816 non
2817 3768 3040 3830 oportet
3081 3759 3404 3814 existimare
3480 3765 3531 3811 te
3612 3755 3785 3808 Deum

535 3852 759 3922 quidem
786 3867 909 3908 esse
933 3858 1337 3906 conventurum
1367 3847 1784 3921 Hierosolymis,
1815 3848 2064 3920 Byzantii
2103 3857 2291 3906 autem
2355 3853 2611 3910 minime.
2668 3853 2818 3909 Deus
2846 3853 2998 3908 enim
3050 3864 3405 3923 nequaquam
3485 3849 3611 3903 loco
3672 3844 3787 3901 cir-

534 3943 952 4008 cumscribitur,
983 3957 1018 3998 ο
1047 3942 1266 3997 dilecte.

605 4037 700 4096 IX.
726 4037 841 4094 Hos
867 4053 1153 4094 sermones
1181 4054 1320 4093 cano
1349 4038 1444 4093 illo
1483 4039 1803 4098 conferente
1832 4057 1960 4097 cum
1997 4043 2103 4097 Da-

475 4155 478 4158 ’
535 4132 704 4196 niele,
746 4131 830 4189 sol
847 4139 968 4186 erat
997 4129 1052 4184 in
1080 4137 1398 4196 occasu;et
1424 4130 1648 4194 accidit,
1687 4132 2112 4188 utdivcrterent

537 4226 606 4282 ad
621 4224 900 4296 quoddam
921 4225 1336 4280 monasterium.
1351 4223 1487 4278 Cum
1506 4224 1996 4280 audiviSSetautem
2013 4225 2114 4277 Da-

539 4317 647 4372 niel
665 4316 756 4372 hic
770 4331 892 4372 esse
909 4315 1298 4371 diversandum
1321 4333 1334 4370 :
1354 4315 1435 4371 Tu
1449 4316 1670 4386 quidem
1682 4357 1696 4382 ,
1716 4317 1898 4387 inquit
1920 4332 2110 4384 senex,

537 4407 693 4478 prior
719 4407 1043 4478 ingredere;
1090 4422 1194 4478 ego
1221 4418 1406 4462 autem
1455 4415 1511 4462 te
1542 4421 1742 4477 sequar
1770 4423 1802 4464 e
1855 4406 2113 4477 vestigio.

2284 4037 2362 4094 9'.
2393 4037 2576 4092 Ταῦτα
2601 4034 2696 4092 τοῦ
2729 4035 2913 4090 πολιοῦ
2946 4035 3022 4106 τῷ
3048 4033 3252 4105 Δανιὴλ
3306 4030 3787 4101 κοινολογουμένου

2214 4130 2244 4182 6
2273 4127 2424 4198 ἥλιός
2467 4145 2528 4182 τε
2559 4127 2658 4199 ἤδη
2688 4126 2824 4197 πρὸς
2855 4125 3066 4194 δυσμὰς
3091 4119 3182 4195 ἦν,
3215 4123 3312 4176 καὶ
3340 4122 3526 4184 αὐτοῖς
3553 4122 3789 4191 συνήντα

2215 4221 2353 4291 πρός
2376 4238 2429 4274 τι
2473 4220 2834 4291 μοναστήριον
2865 4218 2901 4289 η
2930 4216 3249 4280 κατάλυσις.
3275 4213 3590 4283 Πυθομένου
3609 4213 3791 4265 τοίνυν

2215 4310 2310 4366 τοῦ
2331 4311 2536 4382 Δανιὴλ
2566 4312 2614 4364 εί
2650 4307 2883 4364 ἐνταῦθα
2911 4309 2992 4362 δεῖ
3020 4305 3344 4372 καταλῦσαι,
3375 4305 3450 4358 Σὺ
3485 4303 3604 4372 μὲν,
3637 4297 3792 4354 εἶπεν

2216 4403 2245 4455 6
2274 4400 2526 4472 γηραιὸς,
2549 4397 2839 4470 προλαϐὼν
2861 4395 3069 4452 εἴσελθε
3092 4413 3106 4428 ο
3138 4394 3250 4464 ἐγὼ
3267 4394 3324 4449 δέ
3355 4410 3438 4448 σοι
3462 4392 3604 4446 κατά
3624 4390 3792 4453 πόδας

541 4477 881 4558 Existimans
938 4477 1143 4569 itaque
1182 4509 1407 4554 sanctus
1440 4513 1566 4553 eum
1619 4513 1816 4570 urgere
1873 4499 2096 4568 aliquan

2219 4492 2445 4563 ἕψομαι.
2483 4488 2805 4545 ’Υπολαϐὼν
2831 4484 2926 4544 οὖν
2949 4489 2977 4541 6
3025 4486 3295 4559 μακάριος
3324 4477 3432 4538 τῶν
3478 4480 3792 4551 ἀναγκαίων

539 4591 792 4662 corporis
838 4591 1246 4658 necessitatem,
1292 4600 1510 4661 portam
1548 4589 1854 4660 ingressus,
1883 4605 2111 4660 exspec-

541 4685 714 4740 tabat.
742 4683 1037 4753 Postquam
1065 4697 1205 4737 vero
1237 4682 1330 4738 ille
1353 4697 1465 4736 non
1496 4681 1736 4751 amplius
1769 4681 1984 4745 aderat,
2019 4696 2112 4736 ra—

541 4785 632 4831 tus
663 4773 857 4831 Daniel
891 4789 1018 4829 eum
1047 4773 1106 4828 in
1131 4773 1317 4842 aliquo
1354 4773 1462 4827 alio
1491 4772 1614 4826 loco
1644 4770 1931 4835 diversari,
1961 4772 2116 4827 solus

539 4865 811 4923 accedens
839 4865 910 4921 ad
943 4865 1263 4935 praefectum
1305 4861 1648 4928 monasterii,
1692 4870 1748 4917 et
1795 4862 1865 4916 ad
1895 4877 1992 4918 eos
2017 4863 2115 4933 qui

535 4967 699 5013 erant
733 4956 838 5012 sub
878 4957 1000 5026 ipso
1034 4954 1249 5020 fratres,
1283 4955 1578 5009 honestum
1628 4953 1784 5008 dedit
1829 4955 2111 5020 osculum,

539 5050 758 5118 signum
792 5047 1131 5104 dilectionis.
1185 5045 1395 5101 Deinde
1435 5046 1605 5100 etiam
1654 5047 1889 5116 sumpsit
1926 5047 2110 5100 cibum

538 5140 647 5196 sibi
689 5138 1024 5211 appositum.
1069 5138 1365 5207 Postquam
1421 5146 1607 5193 autem
1663 5137 1846 5193 somni
1896 5146 2112 5207 tempus

537 5247 661 5289 esse
693 5231 971 5304 cognovit,
1005 5231 1057 5284 ei
1106 5245 1299 5284 rursus
1367 5229 1634 5284 assistens
1679 5244 1870 5294 senex,
1917 5227 2117 5283 suade-

538 5322 636 5378 bat
664 5321 757 5376 illa
778 5320 982 5381 facere.
1007 5335 1128 5391 qua
1152 5318 1307 5390 prius
1344 5318 1577 5384 dicebat,
1608 5327 1664 5374 et
1700 5317 2110 5388 quamprimum

538 5411 811 5483 proﬁcisci
834 5411 1178 5484 Byzantium.
1213 5410 1393 5481 Atque
1433 5409 1526 5465 ille
1556 5409 1778 5480 quidem
1817 5409 2108 5476 excitatus,

541 5505 817 5578 cogitabat
858 5505 1109 5575 quisnam
1145 5505 1193 5560 is
1230 5513 1398 5573 esset,
1439 5513 1496 5560 et
1531 5519 1599 5559 an
1627 5511 1776 5558 esset
1815 5502 1982 5557 homo
2013 5502 2112 5558 ali-

540 5600 685 5670 quis,
738 5615 808 5654 an
852 5614 997 5654 unus
1026 5601 1272 5670 angelus.
1307 5599 1358 5654 Is
1399 5612 1531 5654 vero
1561 5607 1680 5653 erat
1735 5611 1966 5666 magnus
2019 5596 2109 5653 ille

611 5778 631 5808 ¹
660 5778 818 5834 Rom.
852 5793 964 5846 xiv,
1008 5778 1041 5834 8
1115 5779 1135 5809 ³
1187 5778 1328 5834 Psal.
1370 5793 1490 5842 cxx,
1522 5777 1573 5831 5.
1654 5781 1671 5807 ³
1698 5776 1888 5830 Matth.
1929 5790 1982 5835 ιι.
2031 5773 2122 5827 23.

2215 4602 2268 4640 τι
2304 4583 2400 4638 τοῦ
2424 4582 2673 4654 σώματος
2697 4581 2936 4650 ἐπείγειν
2958 4579 3144 4644 αὐτὸν,
3165 4577 3264 4648 τῆς
3286 4577 3460 4646 πύλης
3492 4575 3620 4628 εῐσω
3643 4572 3795 4640 γενό-

2216 4695 2398 4750 μενος,
2452 4675 2798 4748 περιέμενεν.
2849 4675 2941 4738 Ὠς
2969 4673 3028 4726 δὲ
3085 4673 3286 4743 μηκέτι
3341 4671 3547 4731 ἐκεῖνος
3579 4665 3789 4736 παρῆν,

2213 4770 2371 4836 δόξας
2400 4772 2430 4825 6
2453 4770 2651 4841 Δανιὴλ
2681 4767 2912 4839 ἀλλαχοῦ
2944 4783 3049 4821 που
3081 4762 3375 4820 καταλύειν
3404 4760 3590 4821 αὑτὸν,
3617 4772 3793 4828 προσ-

2214 4863 2384 4918 ελθὼν
2413 4863 2573 4932 μόνος
2617 4861 2696 4932 τῷ
2739 4859 3044 4931 προεστῶτι
3076 4857 3174 4928 τῆς
3225 4853 3392 4926 μονῆς
3417 4852 3645 4911 καὶτοῖς
3699 4845 3791 4900 ὑπ’

2215 4954 2376 5008 αὑτὸν
2410 4955 2662 5023 μοναχοτς
2699 4952 2894 5022 σεμνὸν
2920 4949 3130 5019 φίλημα
3165 4947 3342 5016 τὸτῆς
3371 4943 3589 5011 ἀγάπης
3619 4936 3792 4990 ἐδίδου

2221 5044 2509 5115 σύμϐολον.
2545 5041 2678 5098 Εἶτα
2710 5044 2804 5097 καὶ
2833 5041 3041 5113 τροφῆς
3068 5038 3218 5109 αὐτῷ
3253 5031 3654 5108 παρατεθείσης
3689 5043 3794 5096 με·

2217 5136 2582 5206 τελάμϐανεν.
2647 5136 2734 5199 Ὠς
2766 5135 2823 5188 δι
2851 5136 2943 5187 καὶ
2972 5134 3141 5186 ὕπνου
3175 5129 3368 5197 καιρὸν
3416 5126 3579 5194 ἔγνω,
3611 5135 3796 5190 παρα-

2219 5227 2352 5290 στὰς
2379 5226 2527 5297 αὐτῷ
2555 5226 2716 5280 πάλιν
2741 5229 2768 5279 6
2803 5225 3020 5295 γεραιὸς
3069 5224 3254 5277 ἐκεῖνα
3277 5217 3509 5290 παρῄνει
3534 5213 3796 5283 πράττειν

2217 5319 2253 5374 ἀ
2271 5319 2366 5372 καὶ
2393 5318 2629 5390 πρόσθεν
2659 5318 2926 5382 ἐδίδασκε,
2957 5318 3052 5372 καὶ
3079 5316 3141 5369 τὸ
3169 5315 3330 5384 τάχος
3353 5304 3796 5376 καταλαμϐάνειν

2215 5409 2315 5479 τὴν
2344 5407 2634 5473 Βύζαντος.
2673 5408 2906 5470 Ἐκεῖνος
2930 5406 3030 5477 μὲν
3048 5406 3139 5460 οὖν
3159 5401 3497 5464 διυπνισθεὶς
3520 5396 3796 5465 ἐλογίζετο

2217 5499 2300 5561 τίς
2334 5498 2398 5554 ἂν
2419 5501 2503 5572 εἴη
2524 5492 2697 5566 οὗτος,
2729 5500 2823 5554 καὶ
2845 5501 2892 5554 εί
2921 5497 3206 5571 ἄνθρωπος
3235 5513 3317 5560 τις
3352 5495 3387 5566 ἢ
3415 5493 3525 5546 τῶν
3545 5487 3796 5558 ἀγγέλων

2221 5587 2320 5657 εἷς.
2367 5592 2424 5646 Ὀ
2459 5592 2516 5645 δὲ
2545 5595 2573 5648 ὁ
2618 5596 2792 5664 μέγας
2823 5611 2890 5664 ην
2919 5589 3143 5665 Συμεὼν
3172 5588 3271 5661 τὴν
3304 5577 3796 5654 πολυανθρωποτά-
