4142 6384
409 360 512 426 93!

1507 367 1689 425 VlTA
1733 367 1789 427 S.
1836 368 2199 428 DANlELlS
2239 368 2596 428 STYLITJZ.

3558 367 3664 428 982

409 487 514 540 την
560 469 799 523 κελεύων
822 469 988 522 αὐτὸν
1021 470 1115 525 καὶ
1139 469 1381 541 βασιλίδα
1405 473 1732 526 καταλαϐεῖν
1760 473 1869 526 τῶν
1891 475 1991 526 πό-

2107 477 2336 536 Simeon.
2367 476 2460 545 qui
2486 476 2715 545 jubebat
2746 489 2870 528 eum
2897 473 3400 545 frequentissimam
3439 481 3496 528 et
3517 474 3662 528 civi-

413 562 572 623 λεων,
603 560 691 612 ἵνα
711 561 804 612 καὶ
825 559 1039 623 πολλοῖς
1066 561 1183 624 ὁδὸς
1202 555 1362 624 οὗτος
1385 562 1521 633 πρὸς
1536 563 1812 634 σωτηρίαν
1828 565 1988 634 γένη-

412 669 524 706 ται.
555 651 724 717 Δόξαν
764 648 858 705 οὖν
900 652 1046 706 οὕτω
1079 655 1252 706 ποιεῖν
1298 655 1484 722 μηδενὶ
1534 655 1702 725 μηδὲν
1731 656 1760 710 ὁ
1788 656 1987 727 Δανιὴλ

415 740 654 812 εἰρηκώς
675 757 691 773 ν
720 742 844 795 ἐπεὶ
874 743 934 796 δὲ
973 743 1072 805 τὰς
1101 745 1420 814 νυκτερινὰς
1446 741 1578 816 ᾖσεν
1615 745 1757 815 ᾠδὰς
1795 765 1989 803 συντα-

417 833 648 901 ξάμενος
697 834 832 886 πᾶσι
886 834 980 887 καὶ
1029 834 1260 898 ἐξελθὼν
1307 837 1401 889 ἐπὶ
1447 838 1546 908 τὴν
1574 839 1987 893 Κωνσταντίνου

417 923 570 977 πόλιν
622 923 924 986 σπουδαίως
973 924 1192 996 δχώρει,
1224 927 1318 980 καὶ
1347 927 1489 982 κατά
1515 929 1606 982 τὸν
1645 928 1738 983 τοῦ
1786 931 1986 984 Πόντου

417 1014 671 1069 εἴσπλουν
689 1016 976 1084 γενόμενον
999 1019 1026 1070 ό
1046 1017 1141 1070 τοῦ
1163 1019 1602 1089 ἀρχιστρατήγου
1626 1020 1846 1090 Μιχαὴλ
1865 1021 1990 1084 ναὸς

417 1107 580 1161 αὐτὸν
614 1108 956 1177 ὑποδέχεται,
1005 1107 1066 1172 ὃς
1113 1111 1231 1163 ἐκεῖ
1280 1111 1462 1173 καλῶς
1510 1111 1742 1182 ἵδρυται,
1793 1115 1886 1166 καὶ
1911 1115 1991 1176 εἰς

418 1200 634 1268 ἡμέρας
674 1194 822 1270 εῖχεν
880 1198 1039 1254 ἑπτά.
1083 1199 1346 1262 ’Δκούσας
1397 1200 1454 1254 δὲ
1505 1200 1668 1254 τινῶν
1715 1201 1809 1254 καὶ
1862 1200 1991 1271 περὶ

419 1288 548 1342 ναοῦ
606 1288 795 1359 ἑτέρου
828 1289 1097 1358 λεγόντων
1127 1289 1186 1354 ὃς
1215 1291 1509 1361 κατωτέρω
1562 1291 1662 1359 μὲν
1693 1292 1785 1345 τοῦ
1842 1294 1992 1363 ἱεροῦ

421 1377 756 1448 καλουμένου
804 1379 1056 1444 διέκειτο,
1102 1381 1130 1434 ὁ
1181 1380 1237 1433 δὲ
1286 1381 1448 1444 τόπος
1497 1381 1641 1434 οὕτω
1691 1383 1842 1452 παρὰ
1885 1384 1992 1436 τῶν

421 1467 703 1538 ἐγχωρίων
733 1468 1067 1540 φιλὲμπορος
1117 1470 1448 1541 ὠνομάζετο,
1488 1476 1581 1528 καὶ
1609 1476 1796 1545 μαθὼν
1825 1479 1906 1529 ὅτι
1933 1494 1992 1530 τε

419 1561 480 1613 ιν
507 1553 656 1628 αύτῷ
689 1561 1004 1614 κατοικοῦσι
1055 1562 1340 1632 πνεύματα
1377 1566 1611 1635 πονηρὰ,
1669 1570 1762 1621 καὶ
1793 1569 1874 1621 ὅτι
1902 1570 1994 1623 καὶ

399 1693 406 1696 ~~
421 1657 685 1719 πλέοντας
717 1657 866 1710 ἐστιν
901 1657 990 1710 ὅτε
1021 1656 1320 1726 βυθίζουσι,
1341 1658 1572 1722 καὶτοῖς
1605 1661 1994 1730 παροδεύουσιν

421 1745 782 1810 ιπιτίθενται,
817 1747 1042 1809 καὶτοῖς
1070 1747 1454 1817 προσοικοῦσιν
1493 1751 1600 1803 εἰσὶ
1629 1752 1853 1820 πονηροὶ
1879 1754 1990 1820 γεί-

400 1853 596 1903 τονες,
622 1837 717 1891 καὶ
749 1836 847 1889 οὐκ
877 1834 1027 1890 ἔστιν
1055 1837 1267 1892 ἐκεῖθέν
1294 1855 1417 1892 τινα
1453 1839 1629 1894 ἐλθεῖν
1664 1841 1877 1911 ἀϐλαϐῆ
1899 1843 1997 1914 οὐχ
2030 1821 2070 1873 Β

423 1928 614 1993 ῑωθεν,
662 1929 759 1998 οὐχ
809 1929 1072 1998 ἑσπέρας,
1101 1929 1162 1981 ού
1213 1932 1578 2000 μεσημϐρίας,
1626 1935 1684 1988 ὲν
1716 1933 1792 1997 νῷ
1818 1933 1998 1990 λαϐὼν

436 2018 719 2075 ⁹Αντιὶινιόν
768 2037 830 2072 τε
862 2020 954 2074 τὸν
995 2021 1168 2090 μέγαν
1200 2022 1293 2074 καὶ
1347 2021 1414 2075 τὰ
1448 2024 1679 2083 ἐκείνου.
1708 2027 1804 2079 καὶ
1841 2029 1999 2090 ὅσους

424 2119 674 2180 κάκεῖνος
703 2119 767 2172 ἐκ
790 2118 896 2172 τῶν
924 2119 1195 2187 δαιμόνων
1217 2119 1476 2190 ὑπέμεινε
1511 2125 1871 2193 πειρασμοῦς,
1904 2125 1999 2176 καὶ

424 2210 500 2274 ὡς
530 2212 612 2274 είς
637 2213 784 2264 ἅπαν
831 2212 1013 2266 αὐτῶν
1041 2213 1098 2265 ὲν
1130 2212 1276 2265 τέλει
1308 2215 1374 2283 τῇ
1405 2214 1498 2266 τοῦ
1534 2213 1743 2284 Κυρίου
1773 2217 1998 2285 δυνάμει

427 2302 796 2371 περιεγένετο,
827 2303 922 2356 καὶ
974 2304 1116 2357 ὅσων
1146 2305 1568 2374 περιγενόμενος
1605 2307 1810 2376 ἠξιώθη
1839 2325 1898 2360 τε
1925 2325 2001 2361 τι-

432 2394 569 2463 μῶν,
596 2395 691 2448 ιπὶ
717 2395 812 2447 τὸν
840 2391 1002 2448 ἆθλον
1028 2394 1123 2447 καὶ
1157 2394 1320 2457 αὐτὸς
1345 2395 1516 2448 ἀπέδυ
1539 2410 1557 2428 ο
1585 2397 1677 2449 καὶ
1707 2396 1876 2462 δεῖξαι
1911 2398 2000 2452 τὸν

429 2488 555 2541 ναδν
578 2486 728 2557 αὐτῷ
752 2488 878 2550 τοὺς
905 2487 1192 2557 παρόντας
1229 2487 1402 2541 εἰπὼν
1440 2489 1535 2541 καὶ
1585 2477 2002 2543 καταλαϐὼντὰ

431 2579 720 2650 προαύλια,
773 2581 936 2648 μέσος
966 2579 1061 2633 τοῦ
1091 2578 1221 2632 ναοῦ
1276 2579 1484 2647 γίνεται
1512 2580 1604 2634 τὸν
1637 2579 1729 2634 τοῦ
1760 2581 1999 2650 Χριστοῦ

433 2673 667 2744 σταυρὸν
694 2672 884 2741 ὥσπερ
906 2673 1069 2726 ὅπλον
1113 2674 1324 2743 ἄμαχον
1351 2675 1710 2743 ἐπαγόμενος,
1742 2675 1836 2728 καὶ
1861 2675 1999 2744 ψάλ-

429 2764 536 2820 λων
565 2765 714 2835 ἃμα·
766 2784 784 2817 ι
821 2766 1023 2836 Κύριος
1073 2765 1352 2834 φωτισμός
1385 2783 1486 2834 μου
1526 2766 1619 2820 καὶ
1654 2766 1836 2836 σωτήρ
1864 2785 1962 2830 μου
1984 2784 2000 2799 ·

413 2856 552 2909 -τίνα
579 2855 959 2927 φοϐηθήσομαι
989 2873 1004 2922 ;
1037 2875 1054 2908 ι
1097 2854 1190 2908 Διδ
1227 2853 1294 2925 δὴ
1332 2855 1428 2910 καὶ
1468 2855 1696 2927 πρὸτῆς
1728 2857 2004 2926 συμϐολῆς

431 2949 602 3018 αὐτὴν
621 2951 721 3020 τὴν
751 2949 858 3002 τῶν
883 2949 1158 3018 δαιμόνων
1200 2948 1458 3017 φάλαγγα
1481 2948 1743 3018 πτοήσεις,
1765 2948 2004 3018 ἑκάστην

429 3042 646 3113 περιῄει
670 3044 874 3110 γωνίαν
922 3042 1359 3111 δραπετεύοντας
1402 3041 1530 3102 τοὺς
1564 3039 1855 3110 πολεμίους
1883 3042 2006 3094 ἑπι-

2096 577 2267 621 tatum
2297 567 2541 637 reginam
2567 567 2719 621 adire
2758 567 3038 622 civitatem
3065 607 3079 630 ,
3112 573 3172 619 ut
3200 566 3317 619 haec
3349 575 3494 620 esset
3522 564 3664 618 mul-

2095 660 2164 713 tis
2207 660 2291 713 via
2332 660 2398 713 ad
2431 661 2682 722 salutem.
2713 658 2850 714 Cum
2893 673 3026 728 ergo
3077 659 3154 713 sic
3193 659 3243 712 ei
3290 658 3470 711 visum
3519 665 3667 713 esset

2094 750 2298 814 facere,
2345 765 2524 819 neque
2576 750 2672 804 ulli
2721 750 3016 818 quidquam
3067 750 3314 810 dixisset,
3375 757 3664 818 postquam

2095 849 2363 893 nocturna
2424 841 2625 893 cecinit
2678 839 2914 904 cantica,
2959 837 3219 892 omnibus
3264 838 3447 892 valere
3498 836 3666 908 jussis

2093 945 2367 1002 egressus,
2417 945 2652 999 propere
2689 931 3058 984 contendebat
3107 928 3660 998 Constantinopolim,

2095 1033 2151 1079 et
2192 1039 2316 1079 cum
2352 1024 2407 1076 in
2458 1023 2658 1076 ostium
2700 1022 2855 1076 Ponti
2902 1032 3046 1077 esset
3075 1023 3378 1092 ingressus,
3414 1037 3538 1077 eum
3571 1039 3663 1078 ex-

2096 1116 2233 1181 cipit
2280 1116 2545 1184 templum
2598 1114 2879 1168 Michaelis
2912 1114 3120 1169 militia:
3169 1114 3458 1184 principis.
3516 1113 3663 1183 quod

2097 1209 2213 1263 illic
2240 1207 2469 1276 pulchre
2511 1213 2595 1261 est
2628 1205 2872 1274 positum
2903 1223 2917 1270 ;
2951 1213 3002 1259 et
3034 1215 3244 1274 septem
3282 1205 3398 1259 illic
3435 1201 3555 1259 dies
3583 1213 3669 1260 est

2097 1307 2368 1357 versatus.
2412 1299 2549 1353 Cum
2590 1306 2772 1352 autem
2827 1297 3132 1351 audivisset
3179 1296 3396 1366 aliquos
3423 1295 3674 1351 dicentes

2099 1391 2168 1446 de
2210 1391 2320 1445 alio
2351 1392 2575 1458 templo.
2619 1389 2764 1458 quod
2804 1390 2969 1443 situm
3007 1388 3232 1458 quidem
3267 1397 3388 1442 erat
3413 1403 3580 1457 supra
3616 1389 3669 1442 id

2099 1483 2244 1554 quod
2279 1483 2484 1538 dicitur
2525 1481 2752 1544 Hieron.
2776 1481 2932 1536 locus
2958 1497 3090 1534 vero
3124 1479 3193 1534 ab
3229 1481 3297 1534 iis
3335 1480 3429 1550 qui
3462 1479 3669 1534 incole-

2101 1578 2252 1641 bant,
2287 1574 2680 1630 nominabatur
2712 1574 3137 1641 Philemporus;
3183 1581 3239 1626 et
3274 1587 3398 1626 cum
3431 1572 3673 1641 accepis-

2101 1679 2185 1724 set
2221 1669 2274 1722 in
2301 1682 2370 1722 eo
2393 1667 2567 1721 malos
2619 1666 2872 1720 habitare
2900 1664 3148 1734 spiritus,
3180 1672 3236 1718 et
3271 1678 3668 1733 nonnunquam

2101 1760 2452 1830 submergere
2477 1759 2817 1826 navigantes,
2845 1766 2900 1811 et
2944 1756 3206 1810 invadere
3231 1771 3326 1810 cos
3364 1755 3456 1824 qui
3493 1765 3671 1807 trans—

2098 1861 2260 1917 eunt,
2285 1859 2340 1906 et
2392 1851 2568 1904 malos
2612 1865 2734 1904 esse
2772 1849 2986 1903 vicinos
3017 1849 3238 1910 accolis,
3287 1855 3344 1901 et
3374 1861 3480 1899 non
3513 1859 3672 1913 posse

2098 1945 2339 2012 aliquem
2360 1958 2485 1998 eum
2509 1942 2882 1998 transmittere
2908 1940 3159 2004 illaesum,
3199 1953 3308 1991 non
3333 1951 3513 2000 mane,
3557 1950 3670 1989 non

2102 2035 2356 2099 meridie,
2390 2049 2501 2088 non
2533 2046 2786 2101 vespere,
2815 2045 3079 2085 revocans
3119 2029 3173 2082 in
3199 2027 3521 2082 memoriam
3561 2041 3675 2078 ma-

2100 2141 2268 2196 gnum
2297 2125 2596 2178 Antonium
2637 2130 2693 2177 et
2711 2136 2802 2175 res
2845 2121 3015 2184 illius,
3055 2127 3111 2173 et
3151 2133 3313 2184 quam
3349 2117 3549 2170 multas
3583 2116 3674 2169 ille

2101 2233 2321 2288 quoque
2373 2232 2404 2272 a
2438 2215 2782 2272 daemonibus
2838 2211 3166 2268 sustinuerit
3216 2209 3567 2274 tentationes,
3617 2215 3675 2260 et

2101 2311 2248 2382 quod
2294 2323 2389 2364 eos
2428 2308 2649 2363 tandem
2677 2307 2884 2359 virtute
2927 2303 3143 2358 Domini
3186 2299 3414 2355 omnino
3442 2312 3674 2367 supera.

2102 2403 2265 2468 verit,
2297 2409 2354 2455 et
2388 2415 2553 2470 quam
2607 2403 2808 2452 multos
2855 2396 2966 2449 illis
3004 2393 3280 2463 superatis
3315 2392 3556 2444 honores
3605 2387 3678 2442 sit

2102 2501 2429 2557 assecutus,
2483 2491 2600 2560 ipse
2637 2502 2860 2558 quoque
2896 2501 2954 2540 se
3002 2485 3070 2538 ad
3119 2480 3484 2552 aggredienda
3523 2480 3676 2532 exuit

2103 2585 2430 2647 certamina,
2478 2591 2534 2636 et
2573 2595 2700 2636 cum
2741 2579 2999 2649 jussisset
3044 2578 3139 2629 ens
3175 2574 3268 2642 qui
3315 2571 3546 2626 aderant
3597 2568 3672 2629 ei.

2105 2677 2368 2744 templum
2393 2672 2708 2732 ostendere.
2733 2679 2792 2724 et
2817 2668 3062 2724 venisset
3094 2667 3146 2720 in
3181 2667 3406 2725 atrium.
3432 2663 3675 2717 medium

2105 2769 2372 2836 templum
2446 2762 2804 2833 ingreditur,
2875 2758 3082 2814 Christi
3131 2771 3352 2811 crucem
3418 2763 3674 2820 tanquam

2103 2874 2257 2913 arma
2305 2856 2550 2910 inferens
2591 2848 3059 2922 inexpugnabilia,
3119 2856 3176 2902 et
3203 2845 3367 2901 simul
3398 2844 3633 2913 psallens
3661 2861 3675 2896 :

2110 2969 2130 3003 ι
2177 2950 2442 3004 Dominus
2499 2943 2828 3000 illuminatio
2859 2956 2980 2996 mea
3027 2948 3079 2996 et
3115 2939 3263 2993 salus
3294 2951 3454 3000 mea;
3510 2951 3676 3004 quem

2107 3041 2316 3098 timebo
2343 3040 2409 3093 ’ἲ
2457 3057 2476 3090 ι
2529 3035 2896 3103 Quamobrem
2925 3034 3014 3088 vel
3045 3039 3172 3086 ante
3203 3028 3522 3086 conﬂictum
3556 3042 3679 3096 per-

430 3133 631 3204 ζητῶν,
657 3135 752 3186 καὶ
781 3134 866 3202 ἐφ’
886 3133 1094 3204 ἑκάστῃ
1112 3132 1321 3188 τούτων
1343 3132 1689 3201 γονυκλισίας
1718 3130 2002 3185 ἐπιτελῶν.

2111 3133 2303 3188 territa
2333 3131 2452 3200 ipsa
2483 3129 2751 3199 phalange
2779 3126 3113 3184 daemonum.
3138 3122 3330 3176 obibat
3361 3134 3555 3174 omnes
3581 3135 3680 3174 an-

503 3394 558 3452 l'.
598 3391 834 3462 Ἐσπέρα
894 3394 990 3462 μὲν
1021 3387 1112 3446 οῦν
1161 3392 1265 3463 ἥδη
1320 3387 1408 3462 ἦν,
1466 3393 1557 3444 καὶ
1594 3394 1624 3445 ό
1658 3391 1751 3445 τοῦ
1783 3391 2005 3454 σκότους

431 3484 618 3555 ἄρχων
648 3483 851 3554 παρῆν,
869 3485 964 3538 καλ⁵
982 3484 1120 3539 λίθοι
1149 3485 1289 3538 κατὰ
1321 3483 1414 3537 τοῦ
1441 3483 1644 3555 Δανιὴλ
1682 3483 2007 3556 ὲῤῥιπτοῦν-

429 3594 514 3640 το,
544 3579 637 3629 καὶ
656 3571 787 3645 ἦχος
817 3575 1065 3646 ἠκούετο,
1095 3579 1188 3630 καὶ
1215 3577 1310 3647 βοὴ
1334 3576 1634 3646 συμμιγὴς,
1659 3576 1753 3628 καὶ
1781 3575 2008 3644 θόρυϐος

430 3669 757 3736 διηγείρετο.
799 3668 860 3721 Ὀ
891 3669 948 3721 δὲ
992 3673 1060 3737 τῇ
1091 3671 1368 3738 προσευχῇ
1414 3671 1508 3721 καὶ
1542 3667 1698 3729 αὖθις
1730 3683 2006 3737 προσκαρ-

430 3761 602 3829 τερῶν
633 3760 878 3833 ἀτρέμας
911 3756 998 3829 ἦν.
1017 3755 1148 3813 Εἶτα
1173 3759 1264 3812 καὶ
1295 3759 1428 3829 πρὸς
1460 3760 1676 3822 αὐτοὺς,
1701 3777 1719 3810 ι
1745 3758 1869 3812 Ἐὰν
1900 3775 2004 3810 πα-

436 3851 700 3922 ρατάξητε
730 3851 815 3902 ἐπ’
845 3850 946 3919 ἐμὲ
976 3849 1352 3921 παρεμϐολὴν,
1374 3849 1584 3919 ἔλεγεν,
1609 3851 1670 3902 ού
1700 3850 2006 3920 φοϐηθήσε-

435 3942 574 4010 ταιὴ
595 3941 789 4010 καρδία
814 3959 936 4011 μου.
973 3960 992 3993 ι
1014 3942 1206 3996 Νύκτα
1233 3941 1333 4011 μὲν
1360 3936 1455 3996 οῦν
1479 3941 1696 4010 ἐκείνην
1724 3940 1822 4006 τὴν
1855 3940 2006 4010 πρώ-

433 4048 535 4100 την
580 4032 673 4084 καὶ
720 4031 819 4101 τὴν
855 4033 994 4101 μετὰ
1045 4033 1218 4085 ταῦτα
1271 4033 1540 4102 δευτέραν
1593 4031 1757 4086 οὕτω.
1810 4032 1920 4101 Τὴν
1951 4030 2008 4084 δὲ

433 4122 620 4192 τρίτην
648 4121 968 4192 ἀνθρώπους
1014 4121 1164 4194 ἑώρα
1193 4124 1272 4194 τῷ
1315 4125 1537 4194 μεγέθει
1573 4123 1890 4194 μεγίστους,
1941 4129 2007 4198 τῇ

439 4216 619 4282 μορφῇ
671 4214 1028 4280 ἀλλοκότους,
1065 4219 1130 4286 τῇ
1189 4216 1455 4287 ὠμότητι,
1515 4218 1590 4280 ὡς
1644 4218 1888 4282 εἰκάζειν
1917 4213 2008 4290 ἦν.

435 4306 831 4376 σαρκοϐὁρους,
855 4307 996 4361 πάνυ
1044 4307 1220 4360 δεινὸν
1241 4310 1569 4378 τετριγότας
1601 4310 1692 4363 καὶ
1723 4309 2007 4363 ἀπειλοῦν·

433 4411 531 4458 τας
559 4395 635 4464 τῷ
659 4399 878 4467 Δανιὴλ,
917 4398 1010 4452 καὶ
1039 4399 1116 4468 τῷ
1143 4399 1294 4469 φόϐῳ
1341 4400 1439 4462 τὰς
1469 4400 1775 4468 δικολογίας
1809 4402 2010 4470 ἀναμι-

2106 3225 2286 3295 gulos,
2315 3234 2566 3290 quaerens
2591 3217 2866 3287 fugientes
2891 3216 3238 3270 daemoneset
3262 3213 3318 3265 in
3345 3221 3680 3280 unoquoque

2107 3328 2302 3370 eorum
2337 3313 2560 3367 ﬂectens
2589 3323 2788 3379 genua.

2175 3403 2246 3458 Χ.
2286 3403 2466 3472 Atque
2516 3402 2628 3472 jam
2673 3397 2898 3467 quidem
2953 3403 3074 3450 erat
3114 3408 3370 3462 vespera.
3401 3401 3458 3449 et
3495 3392 3686 3448 aderat

2110 3494 2369 3564 princeps
2405 3491 2754 3548 tenebrarum
2793 3487 3220 3557 etjaciebantur
3248 3483 3467 3552 lapides
3496 3483 3552 3535 in
3585 3483 3686 3536 Da-

2108 3585 2334 3648 nielem,
2365 3591 2434 3640 ‘et
2461 3597 2632 3646 sonus
2674 3577 3024 3642 audiebatur,
3064 3586 3120 3632 et
3148 3576 3377 3631 confusa
3420 3573 3687 3628 vocifera-

2112 3677 2189 3731 tio
2246 3682 2304 3729 et
2350 3674 2618 3742 strepitus
2690 3669 3060 3724 excitabatur.
3109 3668 3202 3720 Ille
3256 3675 3442 3720 autem
3495 3678 3686 3717 rursus

2111 3779 2471 3834 perseverans
2528 3765 2581 3818 in
2628 3763 2900 3822 oratione,
2935 3760 3115 3815 stabat
3175 3757 3418 3828 quietus.
3478 3755 3687 3810 Deinde

2111 3857 2178 3914 ad
2207 3871 2338 3911 eos:
2383 3872 2401 3906 ι
2443 3854 2500 3908 Si
2531 3853 2800 3907 adversus
2822 3869 2932 3916 me,
2961 3851 3201 3913 dicebat,
3235 3855 3444 3902 structa
3476 3845 3687 3900 constio-

2114 3951 2244 4004 terit
2269 3947 2437 4012 acies,
2461 3961 2570 4002 non
2599 3945 2814 4001 timebit
2839 3960 2934 4000 cor
2954 3956 3139 3998 meum
3166 3942 3208 3995 ‘.
3243 3959 3262 3990 ι
3297 3940 3535 3993 Primam
3556 3952 3686 4008 ergo

2111 4045 2266 4100 illam
2302 4051 2544 4104 noctem,
2575 4049 2631 4095 et
2654 4039 2975 4102 secundam,
3025 4051 3148 4107 quae
3175 4045 3364 4105 postea
3421 4043 3508 4088 est
3553 4052 3688 4090 con-

2111 4143 2324 4198 secuta,
2351 4134 2432 4188 sic
2471 4129 2796 4186 transmisit.
2830 4127 3016 4184 Tertia
3049 4133 3235 4182 autem
3275 4123 3416 4178 vidit
3439 4124 3690 4178 homines

2114 4225 2494 4298 magnitudine
2530 4223 2820 4286 maximos,
2854 4219 3032 4275 forma
3070 4217 3305 4280 alienos,
3337 4215 3686 4278 crudelitate,

2112 4327 2382 4390 quantum
2411 4315 2612 4372 licebat
2639 4312 2940 4382 conjicere,
2965 4309 3308 4373 carnivoros,
3346 4306 3687 4362 borribiliter

2113 4407 2430 4472 stridentes,
2464 4413 2521 4460 et
2561 4404 2835 4458 minantes
2883 4399 3120 4466 Danieli,
3183 4406 3240 4456 et
3283 4397 3460 4453 metui
3510 4397 3686 4451 admio

435 4487 687 4552 γνόντας,
720 4491 835 4554 καὶ,
867 4490 962 4554 Τίς
993 4508 1076 4556 σε,
1121 4491 1399 4562 λέγοντας,
1453 4493 1627 4554 ἄθλιε.
1652 4494 1722 4546 τὰ
1765 4493 2002 4548 ἐνταῦθα

2114 4510 2333 4558 scentes
2385 4515 2498 4554 suae
2537 4511 2720 4551 causa:
2776 4492 3182 4557 defensionem.
3234 4491 3519 4546 dicentes:
3558 4489 3693 4556 Quis

435 4579 761 4635 καταλαϐεῖν
793 4581 1043 4646 ἔπεισενς
1075 4585 1164 4637 ὅτε
1189 4584 1284 4638 καὶ
1308 4586 1357 4638 ει
1378 4585 1546 4655 μηδὲν
1560 4585 1710 4650 ἄλλο,
1733 4585 1761 4640 ὃ
1794 4602 1857 4652 γε
1887 4584 2014 4655 χρέ-

433 4686 520 4732 νος
549 4670 612 4722 δν
658 4672 828 4740 ισμὲν
860 4674 1096 4728 ἐνταῦθα
1126 4675 1347 4746 κυρίους
1386 4677 1533 4748 ἡμᾶς
1572 4677 1675 4747 ἢδη
1704 4676 1798 4729 τοῦ
1843 4677 2008 4729 τόπου

432 4762 690 4816 δείκνυσι.
744 4765 858 4818 Καὶ
907 4765 1119 4820 ταύτων
1157 4769 1206 4820 οἱ
1259 4768 1359 4838 μὲν
1415 4771 1494 4833 εἰς
1546 4771 1818 4824 θάλατταν
1849 4768 2011 4824 αὑτὸν

433 4849 689 4918 ἐμϐαλεῖν
737 4854 1019 4924 ἠπείλουν,
1053 4859 1100 4909 οἱ
1130 4857 1186 4909 δὲ
1221 4859 1316 4911 καὶ
1341 4855 1495 4923 αὖθις
1545 4860 1725 4924 λίθους
1776 4861 2010 4931 ἠφίεσαν

435 4940 752 5009 εὐμεγέθεις
779 4960 794 4973 ο
822 4945 1002 5008 οὐδεὶς
1051 4947 1237 5016 μέντοι
1281 4949 1430 5021 αύτῷ
1481 4951 1724 5020 ἐγγίζειν
1762 4956 2008 5029 ἐθάρρει.

435 5032 496 5083 Τί
521 5029 616 5084 οὖν
656 5037 836 5100 aciei;
875 5037 1128 5092 Πείθεται
1162 5039 1241 5111 τῷ
1268 5042 1537 5116 Δεσπότῃ,
1564 5046 1720 5100 τοῦτο
1758 5047 1818 5102 τὸ
1854 5049 2010 5114 γένος

433 5125 638 5177 εἰπόντι
676 5128 900 5199 νηστείᾳ
954 5131 1092 5204 μόνῃ
1127 5133 1220 5186 καὶ
1267 5139 1543 5208 προσευχῇ
1580 5138 2004 5206 φυγαδεύεσθαι.

437 5215 544 5266 Καὶ
587 5217 779 5286 πρῶτα
835 5219 936 5289 μὲν
993 5222 1156 5284 αὐτὸς
1215 5225 1554 5295 ἀντηπείλει,
1591 5228 1846 5283 τοσοῦτον
1900 5229 2010 5301 γὰρ

436 5306 660 5377 mappa
681 5312 746 5381 τῇ
770 5311 862 5364 τοῦ
887 5313 1128 5384 Χριστοῦ
1147 5315 1374 5388 δυνάμει
1393 5337 1405 5350 ⁸
1441 5319 1633 5373 ἔπειτα
1658 5319 1731 5384 ὡς
1766 5319 1846 5375 ἔτι
1879 5321 2017 5390 μᾶλ-

433 5397 524 5451 λον
567 5397 1055 5470 ἀναισχυντοῦντας
1080 5406 1226 5476 ἑώρα
1272 5409 1364 5461 καὶ
1406 5408 1790 5478 θορυϐοῦντας,
1833 5409 2012 5479 πάντη

438 5494 854 5562 καταφρονήσας
898 5497 1075 5552 αὐτῶν
1108 5499 1442 5570 ἀντιφράττει
1477 5503 1658 5556 πᾶσαν
1686 5501 1780 5571 τὴν
1809 5501 2012 5555 εἴσοδον

437 5581 530 5634 τοῦ
561 5585 686 5636 ναοῦ
719 5585 980 5644 δεικνύων
1026 5591 1108 5645 ὅτι
1140 5592 1302 5662 μόνος
1340 5592 1590 5663 βούλεται
1646 5596 1779 5665 πρὸς
1823 5595 2016 5667 μόνους

511 5770 528 5800 ¹
559 5767 696 5824 I‘szll.
734 5737 880 5838 xxii,
944 5774 990 5827 ι.
1071 5775 1090 5804 ⁸
1133 5772 1266 5828 ibid.
1317 5772 1365 5826 3.

2121 4593 2242 4657 tibi,
2281 4607 2315 4644 ο
2354 4589 2566 4655 infelix,
2607 4596 2666 4642 ut
2718 4587 2828 4642 huc
2856 4585 3096 4647 venires,
3144 4585 3442 4654 persuasit,
3471 4580 3694 4652 quando

2116 4684 2218 4740 etsi
2256 4683 2394 4740 nihil
2428 4681 2599 4746 aliud,
2644 4690 2863 4749 tempus
2915 4678 3140 4747 quidem
3191 4686 3382 4743 certe,
3454 4691 3565 4745 quo
3606 4675 3695 4728 hic

2117 4773 2345 4837 fuimus,
2395 4787 2496 4826 nos
2560 4771 2664 4824 loci
2705 4770 2966 4824 dominos
3012 4768 3202 4837 utique
3239 4766 3483 4822 etieeit?
3537 4765 3607 4818 Et
3629 4779 3694 4817 ex

2119 4867 2189 4920 iis
2219 4865 2310 4918 alii
2340 4863 2564 4934 quidem
2613 4861 2964 4916 minabantur
2996 4875 3054 4915 se
3087 4875 3215 4914 eum
3262 4858 3316 4911 in
3365 4870 3515 4909 mare
3571 4869 3692 4908 esse

2111 4959 2396 5028 jacturos;
2447 4956 2539 5010 alii
2569 4965 2752 5009 autem
2791 4967 2982 5007 rursus
3031 4950 3299 5006 maximos
3331 4947 3539 5017 lapides
3593 4945 3697 4997 im-

2120 5049 2444 5114 mittebant;
2489 5061 2652 5102 nemo
2701 5060 2831 5101 vero
2863 5044 3101 5098 audebat
3138 5040 3207 5094 ad
3263 5053 3391 5096 cum
3437 5037 3697 5094 accedere

2122 5142 2368 5212 propius.
2389 5139 2530 5205 Quid
2558 5153 2688 5207 ergo
2712 5136 2888 5191 facit?
2919 5134 3110 5191 Credit
3135 5133 3386 5197 Domino,
3413 5129 3509 5198 qui
3547 5128 3688 5182 dixit

2126 5230 2231 5286 boc
2261 5243 2432 5299 genus
2459 5226 2658 5297 expelli
2716 5225 2835 5280 solo
2877 5223 3090 5295 jejunio
3147 5230 3201 5276 et
3249 5220 3591 5291 precatione.
3629 5219 3696 5272 Et

2125 5320 2205 5376 sic
2261 5319 2485 5389 quidem
2519 5316 2642 5373 facit
2670 5358 2685 5383 ,
2726 5324 2783 5372 et
2809 5331 2907 5372 eos
2943 5314 3218 5369 minantes
3242 5353 3258 5379 ,
3301 5320 3468 5380 atque
3526 5310 3693 5364 etiam

2119 5411 2390 5483 jacientes
2428 5423 2622 5478 parum
2653 5417 2749 5462 aut
2789 5407 2933 5461 nihil
2949 5419 3171 5472 curans,
3203 5405 3441 5475 primum
3473 5401 3694 5471 quidem

2126 5501 2243 5569 ipse
2292 5514 2512 5569 quoque
2551 5506 2745 5554 contra
2795 5496 3152 5560 minabatur;
3201 5505 3410 5549 tantum
3447 5493 3594 5547 enim
3640 5490 3694 5544 in

2125 5589 2333 5648 Christi
2369 5589 2572 5645 virtute
2607 5586 2936 5644 conﬁdebat.
2972 5586 3183 5642 Deinde
3225 5601 3350 5642 cum
3385 5599 3480 5639 eos
3517 5579 3700 5638 adhuc
