4126 6382
509 315 616 379 963

1675 319 2060 380 ADDENDA.
2095 347 2162 357 -·-
2202 323 2637 391 ΒΕΩΕΜΒΕΒ.

3672 332 3787 395 9Ῐ4

513 429 724 486 videret
753 444 810 485 se
840 429 1012 499 magis
1035 429 1387 501 impudenter
1417 447 1608 503 gerere
1640 442 1695 490 et
1735 435 2077 503 tumultuari,

2185 439 2384 504 αὐτοὺς
2414 442 2686 508 παλαίειν,
2715 441 2810 496 καὶ
2835 443 2916 497 ὅτι
2942 441 3064 497 ούδέ
3091 441 3274 514 φυγῆς
3301 441 3468 497 δεῖται
3495 445 3783 516 προσϐαλ-

510 518 648 590 ipsis
704 518 930 574 omnino
967 519 1266 591 despectis,
1318 523 1563 578 obstruit
1612 540 1834 581 omnem
1892 528 2083 598 templi

509 612 1090 689 aditum,gostendens
1156 630 1216 672 se
1274 615 1452 672 solum
1501 618 1645 673 velle
1697 634 1824 675 cum
1869 621 1951 676 eis
1995 620 2086 677 lu-

508 695 670 772 ctari,
696 712 754 760 et
777 720 882 760 nec
911 704 1038 776 fuga
1073 706 1302 777 quidem
1327 723 1513 778 egere,
1546 710 1592 765 si
1623 710 1727 780 ipsi
1756 711 2081 782 irruperint,

509 794 680 849 solam
703 803 890 851 autem
916 797 1096 868 aperit
1124 797 1420 857 fenestram
1444 844 1460 869 ,
1493 811 1554 857 ut
1582 803 1794 858 videret
1823 803 2088 860 acceden-

510 894 614 952 tes,
641 896 699 944 et
728 897 790 944 ut
821 891 1041 961 corpori
1077 893 1338 964 exiguum
1360 895 1636 964 acciperet
1659 897 2083 954 nutrimentum.

510 975 633 1033 Non
664 980 900 1036 multum
952 983 1271 1041 intercessit
1307 988 1592 1056 temporis,
1633 999 1690 1045 et
1719 987 1925 1045 Christi
1963 989 2087 1059 qui-

509 1068 634 1124 dem
666 1071 874 1128 virtute
915 1073 1096 1131 deleta
1125 1084 1209 1131 est
1255 1078 1436 1134 omnis
1467 1079 1553 1135 illa
1586 1081 1729 1136 mala
1777 1081 2086 1137 daemonum

511 1163 759 1231 operatio
791 1181 806 1230 ;
840 1165 1094 1224 redditus
1118 1177 1205 1224 est
1229 1178 1415 1226 autem
1447 1174 1746 1230 universus
1764 1174 1920 1230 locus
1944 1175 2086 1230 liber

510 1255 579 1310 ab
622 1256 847 1313 illorum
885 1259 1203 1330 insultibus,
1235 1273 1292 1320 et
1327 1265 1591 1337 deinceps
1620 1267 1816 1336 libere,
1847 1278 1904 1324 et
1965 1269 2085 1326 sine

509 1347 636 1404 nilis
663 1349 881 1407 insidiis
921 1352 1274 1410 ambulabant
1310 1365 1368 1413 et
1409 1373 1559 1415 mare
1591 1360 1941 1433 navigabant.

575 1524 670 1581 XI.
705 1527 882 1599 Hujus
902 1545 1036 1587 vero
1063 1532 1141 1588 rei
1175 1535 1317 1590 fama
1341 1539 1582 1594 manavit
1611 1541 1668 1594 in
1717 1557 1913 1598 omnes
1960 1558 2086 1614 par-

509 1625 614 1684 tes,
639 1628 696 1675 et
718 1619 921 1677 licebat
958 1623 1147 1680 videre
1177 1627 1330 1682 viros
1380 1629 1548 1686 simul
1580 1640 1638 1688 et
1667 1634 1950 1703 mulieres,
1997 1637 2086 1708 ju-

508 1727 680 1768 venes
703 1721 761 1768 et
783 1728 969 1779 senes,
991 1731 1266 1789 pauperes
1297 1729 1353 1776 et
1384 1720 1606 1791 divites,
1627 1725 1722 1794 qui
1757 1725 2084 1782 habitabant

504 1803 870 1861 circumcirca
910 1806 968 1862 in
1017 1808 1152 1864 locis
1199 1809 1473 1879 ﬁnitimis,
1507 1823 1766 1885 tanquam
1809 1815 2077 1874 ﬂuentum

506 1895 753 1965 aliquod,
781 1899 1047 1955 continuo
1067 1910 1246 1957 tractu
1267 1903 1336 1958 ad
1363 1920 1489 1960 eum
1530 1906 1683 1974 ferri,
1709 1916 1766 1964 et
1795 1909 2077 1978 admirari,

505 2006 746 2060 quonam
799 1993 986 2062 modo,
1023 1995 1120 2050 ubi
1168 2013 1348 2069 nuper
1391 2001 1618 2070 quidem
1664 2011 1788 2059 erat
1822 2005 2078 2074 exitium,

505 2082 620 2138 illic
652 2085 724 2140 sit
767 2085 961 2153 salus;
1001 2087 1092 2143 ubi
1129 2097 1314 2145 autem
1361 2092 1674 2149 daemonum
1726 2097 2082 2154 vociferatio-

505 2191 623 2243 nes,
657 2177 772 2234 illic
805 2188 975 2235 noctu
1005 2189 1061 2236 et
1086 2181 1181 2238 diu
1220 2195 1490 2241 canantur
1533 2187 1602 2242 ad
1637 2189 1811 2244 Deum
1839 2191 2076 2246 cantica.

505 2267 728 2325 Invidus
764 2286 899 2326 vero
938 2272 1129 2338 Satan,
1159 2282 1216 2327 et
1249 2273 1537 2330 hominum
1572 2275 1855 2344 inimicus,
1895 2296 2080 2351 neque

505 2358 571 2414 de
609 2375 669 2416 se
693 2371 910 2432 partam
936 2363 1252 2431 victoriam,
1285 2381 1468 2437 neque
1517 2370 1696 2424 sancti
1730 2370 2076 2440 patientiam,

502 2467 685 2523 neque
721 2455 944 2525 piorum
983 2455 1174 2512 videre
1198 2460 1486 2516 sustinens
1530 2462 1853 2528 utilitatem,
1891 2465 1961 2520 ad
1993 2481 2081 2522 se-

504 2545 752 2601 cundum
819 2549 1139 2620 aggreditur
1201 2550 1470 2606 callidum
1537 2565 1960 2622 commentum;
2023 2564 2082 2611 et

503 2638 844 2710 quibusdam
880 2656 950 2698 ex
994 2643 1066 2698 iis
1102 2643 1197 2713 qui
1227 2643 1282 2698 in
1314 2646 1522 2716 templo
1551 2648 1794 2718 cooptati
1835 2659 1996 2706 erant
2025 2650 2079 2706 in

499 2735 735 2803 clerum,
773 2737 911 2794 tales
964 2737 1218 2794 immittit
1265 2740 1649 2813 cogitationes,
1709 2743 1903 2812 quales
1945 2743 2078 2798 olim

499 2827 703 2885 Iudaeis
751 2829 1020 2886 adversus
1043 2831 1354 2896 Christum.
1402 2848 1514 2889 non
1559 2834 1766 2890 bonum
1805 2849 1929 2892 esse
1955 2851 2082 2906 per-

500 2921 718 2977 mittere
746 2922 956 2978 homini
985 2923 1075 2980 hic
1102 2924 1376 2993 habitare,
1412 2941 1578 2996 quem
1611 2927 1898 2998 ignoretis,
1928 2928 2076 2984 unde

497 3015 588 3068 sit.
625 3015 721 3071 Ille
754 3023 942 3072 autem
974 3025 1030 3073 et
1056 3016 1202 3073 fama
1234 3033 1429 3074 omnes
1455 3019 1526 3074 ad
1555 3035 1614 3075 se
1636 3020 1885 3087 attrahit,
1913 3030 1971 3078 et
2011 3022 2078 3077 il-

2187 532 2390 588 λόντων
2439 535 2642 602 αὐτῶν,
2706 536 2910 607 μικρὰν
2961 535 3020 589 δέ
3052 537 3225 607 μόνην
3269 537 3534 606 διανοίγει
3575 538 3778 608 θυρίδα

2189 624 2320 690 θέας
2366 627 2475 681 τῶν
2509 629 2848 698 προσιόντων
2887 629 3075 696 ἕνεκα,
3106 630 3202 683 καὶ
3249 629 3344 684 τοῦ
3377 629 3477 700 τὴν
3506 629 3780 702 βραχεῖαν

2187 717 2393 789 τροφὴν
2429 718 2507 790 τῷ
2541 718 2755 790 σώματι
2811 719 3082 791 δέχεσθαι.
3118 720 3192 774 Οὐ
3226 720 3361 773 πολὺ
3394 720 3455 773 τὸ
3485 722 3544 774 ἐν
3596 721 3776 792 μέσῳ,

2188 811 2284 864 καὶ
2332 813 2677 884 κατήργηται
2710 813 2812 884 μὶν
2849 815 3004 867 πᾶσα
3044 812 3151 866 τῶν
3178 812 3452 884 δαιμόνων
3485 814 3514 881 ή
3557 814 3779 883 πονηρὰ

2187 903 2437 975 ἐνέργεια
2465 904 2693 974 δυνάμει
2719 905 2980 976 Χριστοῦ,
3008 904 3294 976 ἐλεύθερος
3323 905 3381 976 δέ
3411 904 3564 967 πᾶςό
3591 905 3775 975 χῶρος

2185 992 2289 1064 τῆς
2317 991 2376 1058 ἐξ
2403 994 2584 1050 αὐτῶν
2611 996 2876 1067 ἐπηρείας
2899 995 3201 1059 δείκνυται,
3226 995 3320 1049 καὶ
3345 995 3534 1048 λοιπὸν
3562 995 3772 1059 πάντες

2187 1084 2558 1152 ἀνεπιϐούλως
2595 1089 2691 1143 καὶ
2719 1087 3026 1160 ἐλευθέρως
3069 1087 3272 1142 ὦδευόν
3311 1102 3373 1140 τε
3418 1086 3516 1141 καὶ
3541 1087 3645 1159 τὴν
3667 1087 3772 1144 θάα-

2186 1175 2388 1233 λατταν
2421 1177 2637 1236 ἔπλεον.

2259 1539 2366 1594 lA'.
2396 1537 2560 1610 Φήμη
2613 1536 2673 1592 δέ
2719 1535 2852 1609 περὶ
2899 1535 3068 1591 αὑτοῦ
3121 1535 3374 1607 πανταχῆ
3407 1535 3634 1610 διέρρει,
3674 1538 3777 1594 καὶ

2187 1625 2258 1702 ἦν
2289 1629 2420 1684 ίδεῖν
2442 1629 2643 1700 ἄνδρας
2659 1628 2798 1699 ὁμοῦ
2821 1629 2918 1684 καὶ
2943 1616 3240 1697 γυναῖκας,
3270 1629 3426 1692 νέους
3449 1633 3547 1683 καὶ
3577 1631 3775 1704 γέρον-

2187 1741 2310 1789 τας,
2337 1723 2581 1789 πένητας
2636 1721 2734 1775 καὶ
2793 1719 3110 1784 πλουσίους,
3173 1720 3274 1774 καὶ
3335 1724 3446 1776 πᾶν
3470 1721 3595 1776 ὅσον
3644 1724 3778 1788 τοὺς

2186 1815 2350 1886 πέριξ
2392 1814 2597 1878 τόπους
2655 1811 2922 1885 κατῴκει,
2955 1812 3147 1883 ὥσπερ
3206 1829 3261 1866 τι
3321 1811 3502 1885 ῥεῦμα
3537 1818 3777 1887 ’συνεχεῖ

2185 1907 2335 1980 ὁλκῷ
2390 1906 2530 1978 πρὸς
2597 1905 2765 1961 αὐτὸν
2822 1905 3163 1978 φερομένους
3200 1905 3296 1960 καὶ⁵
3344 1906 3436 1961 διὰ
3490 1907 3779 1978 θαύματος

2180 2001 2548 2071 ποιουμένους
2597 1999 2722 2063 πῶς
2759 2000 2895 2053 ὅπου
2953 1999 3055 2069 μὲν
3105 1997 3300 2070 πρώην
3349 1998 3598 2068 ὄλεθρος,
3649 2001 3777 2053 ἐκεῖ

2180 2093 2448 2163 σωτηρία,
2486 2093 2622 2147 ὅπου
2672 2091 2728 2145 δέ
2777 2089 3056 2162 δαιμόνων
3087 2090 3233 2158 βοαὶ,
3280 2089 3405 2143 ἐκεῖ
3432 2089 3527 2144 καὶ
3554 2089 3780 2161 νύκτωρ

2180 2185 2278 2240 καὶ
2338 2185 2460 2256 μεθ’
2489 2186 2709 2256 ἡμέραν
2740 2183 2879 2255 ᾠδαὶ
2909 2182 3050 2254 πρὸς
3101 2181 3259 2238 Θεόν.
3296 2178 3355 2234 Ὅ
3403 2181 3460 2236 δέ
3509 2182 3778 2252 φθονερὸς

2179 2279 2358 2332 Σατᾶν
2397 2276 2492 2331 καὶ
2544 2275 2954 2348 μισάνθρωπος,
3001 2275 3140 2346 μήτε
3181 2272 3282 2345 τὴν
3346 2273 3546 2327 ἐαυτοῦ
3593 2268 3772 2344 ἧτταν

2184 2370 2327 2442 μήτε
2369 2369 2469 2440 τὴν
2501 2364 2785 2436 ὑπομονὴν
2823 2366 2921 2419 τοῦ
2963 2365 3118 2419 ὁσίου
3162 2364 3300 2434 μήτε
3341 2363 3442 2434 τὴν
3469 2363 3580 2417 τῶν
3609 2364 3776 2418 εὐσε-

2182 2461 2426 2515 ϐούντων
2465 2455 2736 2527 ὠφέλειαν
2765 2455 2903 2526 δρᾷν
2932 2455 3284 2527 ἀνεχόμενος,
3309 2455 3407 2510 ἐπὶ
3432 2455 3494 2508 τὸ
3516 2453 3774 2526 δεύτερον

2185 2551 2376 2623 μετῄει
2409 2550 2673 2620 σόφισμα,
2716 2548 2812 2602 καί
2845 2566 2959 2603 τισι
2996 2547 3107 2602 τῶν
3140 2548 3199 2600 ἐν
3232 2547 3312 2616 τῷ
3345 2546 3462 2618 ναῷ
3483 2547 3775 2617 κεκληρω-

2185 2643 2364 2713 μένων
2391 2639 2670 2702 τοιούτους
2715 2638 2894 2707 ἐνίησι
2928 2636 3228 2706 λογισμοὺς
3256 2636 3403 2701 οῖους
3443 2639 3618 2692 πάλαι
3646 2639 3770 2702 τοῖς

2194 2733 2476 2796 Ἰουδαίοις
2516 2733 2664 2786 κατὰ
2687 2729 2952 2801 Χριστοῦ,
2993 2729 3071 2793 ὡς
3113 2729 3190 2782 Οὐ
3239 2730 3406 2784 καλὸν
3455 2731 3769 2800 συγχωρεῖν

2179 2826 2472 2897 ἄνθρωπον
2497 2823 2736 2879 ἐνταῦθα
2767 2823 2941 2878 οἰκεῖν
2967 2820 3026 2875 ὃν
3057 2821 3160 2875 οὐκ
3185 2821 3364 2875 οἴδατε
3391 2819 3560 2876 πόθεν
3589 2819 3764 2874 ἐστίν.

2191 2919 2251 2973 '0
2293 2918 2352 2972 δέ
2391 2917 2488 2972 καὶ
2527 2916 2742 2978 πάντας
2791 2917 2857 2984 τῇ
2897 2914 3058 2985 φήμῃ
3096 2911 3236 2982 πρὸς
3279 2911 3480 2968 ἐαυτὸν
3535 2909 3762 2979 ἐλκύει,

2180 3014 2276 3069 καὶ
2303 3015 2337 3085 ή
2367 3013 2584 3069 ἐκείνου
2619 3009 2756 3082 τιμὴ
2787 3009 2985 3080 ὕφεσις
3023 3009 3244 3072 πάντως
3279 3008 3415 3078 ὑμῖν
3454 3007 3564 3062 τῶν
3598 3023 3772 3078 προσ.

497 3108 606 3162 Iius
638 3106 818 3164 honor
862 3116 950 3164 est
976 3109 1206 3165 omnino
1235 3110 1534 3167 diminutio
1557 3119 1871 3167 vestrorum
1909 3116 2077 3170 vecti-

2183 3108 2316 3161 όδων
2345 3104 2580 3175 γίνεται.
2621 3101 2786 3158 Ἀλλὰ
2810 3101 2946 3174 δῆλα
2977 3099 3152 3175 ταῦτα
3182 3101 3262 3171 τῷ
3294 3099 3580 3169 ἐπισκόπῳ
3608 3097 3772 3168 ποιή-

498 3197 728 3264 galium.
781 3197 890 3254 Sed
947 3198 1278 3270 signiﬁcate,
1337 3201 1579 3268 dicebat,
1623 3202 1738 3258 haec
1791 3203 2072 3276 episcopo.

497 3298 554 3344 et
577 3305 705 3345 eum
737 3290 850 3346 cito
871 3292 1114 3361 expellit.
1154 3294 1224 3348 Et
1246 3301 1397 3348 sator
1418 3293 1641 3362 quidem
1675 3294 1767 3349 hic
1803 3301 1892 3351 est
1927 3297 2076 3352 :tale

496 3391 682 3436 autem
742 3397 956 3438 semen.
1003 3382 1111 3449 Qui
1166 3400 1301 3439 vero
1389 3388 1739 3455 acceperant,
1815 3401 1925 3441 non
2006 3401 2076 3443 ex

497 3473 608 3528 alio
651 3474 792 3540 noti,
823 3490 992 3544 quam
1023 3476 1171 3546 quod
1213 3477 1330 3532 hasc
1369 3478 1636 3532 continuo
1683 3480 2072 3549 produxerint.

494 3566 635 3620 Cum
689 3567 933 3637 primum
982 3583 1171 3624 semen
1207 3579 1560 3640 acceperunt,
1597 3571 1838 3627 fructum
1871 3574 2076 3644 produ-

493 3667 697 3715 xerunt
729 3676 744 3715 :
772 3670 828 3715 et
859 3660 1130 3717 accedunt
1175 3663 1243 3718 ad
1275 3662 1624 3733 episcopum,
1691 3675 1748 3720 et
1775 3664 1843 3721 de
1884 3674 2076 3722 sancto

495 3751 838 3807 renuntiant.
871 3751 1179 3823 Episcopus
1217 3762 1400 3808 autem
1435 3753 2077 3826 Constantinopolitanus

497 3841 567 3913 (is
594 3843 1057 3915 eratAnatolius),
1082 3844 1150 3900 Et
1168 3846 1468 3915 quomodo,
1495 3847 1705 3917 inquit,
1748 3849 1817 3904 de
1853 3849 2076 3906 homine

494 3933 847 4002 maledicitis,
887 3943 945 3991 et
993 3935 1271 4005 expellere
1292 3937 1680 4009 aggredimini,
1711 3955 1898 4010 quem,
1928 3939 2076 3995 unde

491 4028 601 4094 sit,
637 4023 864 4083 nescitis
885 4067 902 4094 ,
937 4042 1118 4098 neque
1155 4043 1405 4097 quaenam
1464 4029 1540 4086 sit
1589 4031 1712 4101 ejus
1739 4032 1864 4088 vitai
1891 4033 2072 4100 ratio;

493 4134 623 4175 cum
669 4126 861 4174 contra
891 4129 1145 4189 oporteat
1176 4119 1399 4190 quidem
1438 4134 1565 4175 eum
1603 4122 1715 4177 illic
1748 4123 1955 4188 sinere,
1991 4133 2073 4190 ut,

491 4211 538 4265 si
565 4211 636 4266 sit
667 4209 896 4281 quidem
943 4210 1146 4275 bonus,
1177 4226 1278 4266 nos
1325 4226 1548 4283 quoque
1583 4211 1750 4268 faciat
1777 4214 2076 4286 participes

491 4303 746 4358 utilitatis
771 4299 898 4368 ;'sin
934 4311 1120 4358 autem
1151 4313 1370 4371 contra,
1405 4305 1521 4376 ipse
1538 4305 1762 4376 quidem
1793 4306 1924 4361 hinc
1950 4308 2073 4378 jure

490 4395 796 4465 expelletur
821 4433 836 4460 ,
875 4409 976 4450 vos
1015 4411 1150 4451 vero
1183 4406 1241 4454 et
1271 4411 1374 4467 ego
1406 4398 1509 4453 hac
1551 4397 1609 4452 in
1660 4413 1724 4453 re
1756 4399 2077 4456 vacabimus

2187 3217 2382 3264 σαντες
2413 3196 2736 3264 ἐξελαύνετε
2767 3195 2965 3250 θᾶττον
2987 3194 3172 3249 αὐτόν.
3210 3195 3320 3246 Καὶ
3341 3195 3370 3247 ὁ
3402 3194 3505 3264 μέν
3533 3191 3772 3262 σπορεῦς

2183 3287 2360 3356 οὗτοςο
2393 3292 2422 3344 ὀ
2475 3291 2532 3344 δέ
2568 3289 2771 3361 σπόρος
2823 3289 3102 3353 τοιοῦτος·
3147 3287 3195 3341 οῖ
3245 3286 3535 3357 δεξάμενοι
3572 3283 3629 3338 δέ
3664 3283 3771 3338 οὐκ

2182 3383 2408 3439 ἄλλοθεν
2438 3383 2474 3454 ἢ
2526 3381 2621 3436 τοῦ
2675 3381 2842 3444 εὐθὺς
2885 3380 3064 3435 ταῦτα
3111 3379 3416 3451 βλαστῆσαι
3465 3376 3765 3446 γνώριμοι.

2186 3477 2342 3546 ’Δμα
2379 3475 2513 3545 γοῦν
2545 3473 2741 3528 έλαϐον
2788 3473 2892 3543 τὴν
2940 3472 3176 3543 σπορὰν,
3209 3471 3452 3542 ήνεγκαν
3495 3469 3590 3522 τὸν
3625 3485 3771 3536 καρ-

2183 3565 2307 3619 πόν’
2350 3566 2445 3619 καὶ
2477 3563 2744 3635 προσίασι
2773 3562 2852 3633 τῷ
2879 3562 3188 3632 ἐπισκόπῳ,
3219 3561 3314 3613 καὶ
3341 3559 3418 3623 ὡς
3451 3560 3486 3629 ή
3517 3557 3677 3636 βουλὴ
3697 3556 3769 3611 τά

2183 3658 2326 3711 κατὰ
2372 3656 2472 3710 τὸν
2531 3656 2677 3709 ὅσιον
2729 3654 3194 3723 ἀπαγγέλλουσιν.
3249 3649 3309 3704 Ὅ
3354 3651 3411 3704 δέ
3467 3650 3770 3711 ἐπίσκοπος

2185 3747 2825 3810 Κωνσταντινουπόλεως
2876 3744 3222 3814 (Ἃνατόλιος
3294 3738 3421 3815 ἦν),
3472 3742 3580 3794 Καὶ
3631 3739 3768 3805 πῶς,

2185 3839 2375 3910 φησὶν,
2437 3836 2728 3908 ἄνθρωπον
2776 3835 2966 3898 κακῶς
3017 3833 3250 3902 λέγετε,
3303 3832 3397 3885 καὶ
3457 3829 3770 3895 ἐξελαύνειν

2185 3930 2519 4002 ἐπιχειρεῖτε
2548 3929 2607 3983 ὃν
2651 3926 2781 3982 οὔτε
2821 3927 2986 3981 πόθεν
3019 3927 3171 3980 ἐστὶν
3211 3927 3392 3980 οίδατε
3427 3923 3551 3977 ούδέ
3587 3917 3699 3986 οἷος
3739 3920 3770 3974 δ

2183 4023 2380 4092 τρόπος
2430 4021 2580 4092 αὐτῷ
2630 4022 2732 4093 τῆς
2778 4019 3102 4089 διαγωγῆς;
3158 4016 3488 4071 Τούναντίον
3529 4014 3629 4086 μὲν
3673 4009 3769 4068 οῦν

2183 4117 2301 4170 δέον
2324 4116 2422 4187 ἐᾷν
2459 4114 2627 4168 αὐτὸν
2658 4112 2933 4180 ἐνταυθοῖ,
2982 4111 3051 4165 ἵν’
3081 4112 3130 4164 εί
3179 4109 3281 4181 μὲν
3327 4107 3534 4177 ἀγαθὸς
3571 4101 3629 4181 ᾖ,
3672 4107 3768 4162 καὶ

2184 4208 2318 4276 ἡμῖν
2350 4204 2678 4272 κοινωνήσει
2703 4201 2809 4273 τῆς
2831 4200 3130 4270 ὠφελείας·
3165 4200 3215 4254 εί
3240 4201 3299 4254 δέ
3325 4200 3645 4254 τούναντίον
3670 4197 3770 4251 αύ-

2183 4297 2276 4361 τδς
2306 4297 2406 4367 μὶν
2437 4294 2664 4359 δικαίως
2703 4292 2957 4348 ἐντεῦθεν
2987 4291 3260 4364 άπελαθῇ,
3305 4291 3468 4361 ὑμεῖς
3519 4289 3577 4342 δέ
3607 4287 3765 4356 κάγὼ

2185 4385 2338 4462 ὦμεν
2396 4390 2467 4444 τά
2512 4405 2576 4459 γε
2629 4385 2860 4441 τοιαῦτα
2914 4385 3264 4455 ἀνέγκλητοι.
3323 4381 3511 4445 Οὕτως
3561 4381 3763 4435 ἐκεῖνοι

493 4484 948 4555 reprehensione.
967 4485 1060 4540 Sic
1086 4485 1165 4541 illi
1204 4502 1234 4540 a
1265 4487 1463 4557 seipsis
1496 4488 1641 4558 capti
1672 4488 1788 4559 (res
1820 4489 1970 4545 enim
1991 4499 2077 4546 est

2183 4485 2407 4547 ἁλόντες
2458 4482 2549 4552 ὑφ’
2582 4479 2798 4536 ἐαυτῶν
2832 4478 3104 4546 (τοιοῦτον
3133 4480 3247 4548 γὰρ
3278 4477 3312 4546 ἡ
3351 4474 3558 4528 κακίαι
3591 4473 3766 4542 ἑαυτῇ

488 4575 762 4648 ejusmodi
803 4576 1025 4645 vitium,
1059 4576 1236 4647 ipsum
1270 4577 1496 4648 quidem
1524 4579 1581 4632 in
1606 4581 1849 4650 seipsum
1885 4580 2070 4645 cadit,

490 4681 545 4726 et
577 4687 607 4726 a
650 4670 816 4727 rebus
847 4669 963 4726 suis
997 4670 1236 4741 capitur)
1276 4686 1390 4742 prae
1418 4671 1628 4743 pudore
1670 4673 1857 4732 vultus
1884 4681 2072 4744 tegeno

491 4775 576 4822 tes
603 4773 894 4822 cessarunt
927 4764 998 4821 ab
1023 4764 1376 4836 improbitate

559 4950 678 5006 ΧΠ.
721 4951 1019 5022 Postquam
1077 4959 1262 5007 autem
1299 4965 1494 5007 eorum
1541 4951 1770 5008 insidias
1802 4953 1884 5009 sic
1934 4952 2075 5011 vidit

490 5041 766 5111 malignus
812 5055 934 5096 esse
968 5040 1178 5107 irritas,
1209 5040 1429 5111 longum
1477 5047 1625 5094 esset
1668 5039 1872 5106 dicere,
1907 5056 2071 5111 quam

494 5133 701 5188 multas
729 5133 956 5203 quidem
991 5146 1184 5188 rursus
1212 5131 1454 5185 visiones
1486 5129 1768 5200 prioribus
1789 5133 2074 5201 graviores

491 5228 654 5282 beato
683 5226 954 5293 intulerit,
1001 5239 1166 5295 quam
1213 5223 1416 5277 multas
1468 5229 1652 5276 autem
1693 5222 1990 5290 .molestias
2017 5231 2073 5278 et

489 5317 835 5385 vexationes,
874 5331 1024 5373 nunc
1063 5315 1288 5388 quidem
1336 5315 1515 5370 minas
1555 5329 1616 5371 se
1641 5329 1767 5371 eum
1804 5314 2073 5370 interem-

487 5421 738 5482 pturum,
762 5426 912 5467 nunc
934 5425 1069 5466 vero
1093 5410 1147 5464 in
1175 5408 1314 5464 mari
1336 5408 1775 5472 submersurum.
1805 5424 1952 5465 nunc
1975 5425 2074 5464 au-

487 5513 600 5560 tem
659 5504 871 5574 aliquid
924 5502 1074 5558 aliud
1126 5501 1402 5557 facturum
1448 5515 1647 5556 eorum
1700 5515 1826 5571 quae
1874 5502 2072 5567 nollet,

489 5593 705 5649 etiamsi
739 5594 976 5648 maxime
1017 5600 1074 5648 et
1110 5591 1225 5661 ipse
1250 5599 1306 5646 et
1331 5589 1506 5646 malus
1546 5590 1670 5662 ejus
1698 5590 1974 5648 exercitus
2003 5591 2074 5649 ab

490 5685 612 5754 ipso
644 5685 760 5742 haec
781 5693 938 5742 erant
970 5684 1210 5756 passuri.
1236 5683 1373 5739 Nam
1397 5691 1688 5754 postquam
1711 5681 1804 5738 ille
1837 5697 2073 5754 surgens

491 5780 691 5849 oravit,
723 5788 779 5838 et
816 5779 1078 5853 audacter
1111 5787 1194 5838 est
1224 5778 1443 5836 locutus
1468 5816 1483 5847 ,
1527 5776 1718 5835 dicens
1758 5794 1771 5833 :
1805 5777 2069 5835 Dominus

2185 4575 2462 4648 πανταχοῦ
2493 4575 2842 4642 περιπίπτει,
2887 4573 2984 4626 καὶ
3019 4573 3135 4636 τοῖς
3170 4569 3398 4631 οίκείοις
3426 4565 3766 4636 ἁλίσκεται),

2182 4669 2419 4740 αἰσχύνῃ
2445 4667 2516 4721 τὰ
2565 4665 2836 4738 πρόσωπα
2878 4661 3251 4734 καλυφθέντες
3297 4659 3394 4716 τοῦ
3430 4658 3765 4729 κακουργεῖν

2180 4764 2514 4820 ἐπαύσαντο.

2254 4947 2358 5004 ῐΒ’.
2397 4945 2488 5012 Ὦς
2519 4947 2575 5002 δὲ
2605 4946 2701 5001 καὶ
2721 4946 2927 5016 ταύτην
2956 4941 3255 5013 αὑτοῦτὴν
3293 4933 3590 5011 ἐπιϐουλὴν
3615 4938 3762 4993 οὕτω

2179 5038 2326 5097 εἶδεν
2359 5041 2707 5096 διαλυθεῖσαν
2734 5039 2764 5091 ὁ
2802 5037 3061 5109 πονηρὸς,
3091 5034 3304 5107 μακρδν
3341 5034 3410 5088 ἂν
3454 5033 3540 5103 εἴη
3579 5031 3764 5100 λέγειν

2179 5138 2309 5200 ὅσας
2331 5135 2431 5206 μὲν
2452 5133 2616 5189 πάλιν
2639 5133 2942 5202 φαντασίας
2956 5129 3065 5184 τῶν
3092 5129 3224 5198 πρὶν
3245 5125 3554 5195 δεινοτέρας
3583 5123 3764 5193 ἐπῆγε

2177 5226 2257 5298 τῷ
2291 5226 2571 5296 μακαρίῳ,
2590 5225 2724 5288 ὅσας
2753 5223 2810 5278 δέ
2838 5224 2936 5286 τὰς
2967 5221 3221 5292 ὀχλήσεις
3253 5217 3352 5273 νῦν
3385 5217 3485 5289 μὲν
3519 5214 3763 5271 ἀπειλῶν

2181 5319 2344 5373 αὑτὸν
2375 5316 2613 5381 ἀνελεῖν,
2646 5316 2741 5370 νῦν
2780 5315 2840 5370 δέ
2873 5311 3323 5375 καταποντῶσαι,
3345 5310 3442 5364 νῦν
3470 5308 3528 5362 δέ
3557 5307 3685 5363 ἄλλο
3709 5323 3766 5360 τι

2180 5413 2382 5483 δρᾶσαι
2407 5410 2519 5465 τῶν
2547 5408 2884 5480 ἀϐουλήτων,
2920 5407 3026 5462 κᾶν
3065 5407 3147 5460 δτι
3179 5403 3416 5476 μάλιστα
3446 5401 3623 5456 ταῦτα
3657 5415 3769 5452 πα-

2179 5505 2295 5560 θεῖν
2343 5502 2438 5557 ὐπ’
2479 5501 2694 5558 ἐκείνου
2729 5500 2894 5565 αὐτός
2925 5517 2986 5555 τε
3028 5499 3124 5554 καὶ
3157 5499 3218 5551 τὸ
3259 5497 3353 5550 ὑπ’
3383 5495 3550 5550 αὐτὸν
3594 5493 3766 5562 στρά-

2179 5612 2358 5665 τευμα
2387 5594 2626 5666 πονηρὸν
2671 5592 2919 5665 ἔμελλον.
2963 5592 3049 5656 Ὠς
3093 5591 3204 5662 γὰρ
3253 5589 3319 5662 δὴ
3368 5587 3621 5649 κάκεῖνος
3653 5583 3771 5636 δια-

2180 5688 2384 5751 ναστὰς
2430 5685 2779 5759 προσηύξατό
2817 5703 2878 5740 τε
2924 5685 3018 5740 καὶ
3051 5682 3404 5754 θαρρούντως
3442 5676 3765 5748 ἐφθέγξατο,

2193 5780 2710 5853 ἸησοῦςόΧριστὸμ
2730 5779 2790 5837 ὃν
2806 5777 3107 5835 ἐπίστευσά
3122 5793 3180 5831 τε
3204 5775 3300 5832 καὶ
3321 5771 3580 5838 πιστεύω,
3604 5767 3767 5831 αὐτὸς
