4142 6384
395 349 507 417 985

1486 351 1668 412 VITA
1698 353 1758 415 S.
1806 349 2172 413 DANIELIS
2207 352 2563 415 ΒΤΥΙᾸΤίΕ.

3533 350 3639 414 986

388 469 536 538 ὑμᾶς
570 466 653 530 είς
682 465 783 535 τὴν
810 464 1052 522 ἄϐυσσον
1079 465 1520 523 καταποντῶσαι
1551 473 1655 542 τὴν
1690 472 1959 543 ἐσχάτην⁴

2071 470 2232 526 Iesus
2281 469 2536 526 Christus
2557 509 2571 534 ,
2629 468 2683 523 in
2715 481 2878 539 quem
2910 466 3223 523 credidistis
3247 465 3324 536 (l)
3363 475 3419 520 ct
3448 466 3635 531 credo,

388 560 589 613 ἐκεῖνοι
608 557 731 611 τότε
760 556 956 628 πικρὸν
983 555 1339 624 ὁλολύξαντες
1371 559 1462 612 καὶ
1498 562 1690 632 γοερὸν
1718 562 1964 633 άνακρά-

390 651 618 716 ξαντες,
681 649 776 702 καὶ
838 648 918 718 τῷ
973 647 1152 703 δοκεῖν
1211 650 1281 704 τά
1342 651 1614 722 πρόσωπα
1667 653 1965 718 τύπτοντες

386 741 703 812 νυκτερίσιν
729 739 1115 808 ὁμοιωθέντες,
1164 741 1330 796 αὐτοῦ
1386 743 1596 798 ἐκείνου
1637 745 1808 798 ταῦτα
1839 745 1964 816 βλέ-

387 849 582 891 ποντος
611 831 706 885 τοῦ
754 831 904 884 ὁσίου
944 830 1175 900 ὲξῆλθόν
1209 849 1290 898 τε,
1335 833 1430 886 καὶ
1452 833 1709 899 ἀπιόντες
1735 834 1962 905 ᾤχοντο.

398 925 459 978 '0
487 924 544 978 δὲ
574 922 846 994 μηδέποτε
865 923 962 977 τοῦ
989 924 1319 994 ἐπηρεάζειν
1339 925 1672 996 παυόμενος,
1703 928 1962 997 νομίζων,

387 1017 435 1070 εί
461 1016 684 1077 πυκνῶς
710 1015 884 1085 αὐτῷ,
919 1015 1175 1087 καθάπερ
1205 1017 1266 1068 ἐν
1295 1016 1611 1089 πολιορκίᾳ,
1640 1019 1959 1090 προσϐάλοι,

383 1106 484 1176 se:
511 1106 642 1175 γοῦν
669 1106 904 1176 χαλάσαι
933 1105 1028 1160 τοῦ
1064 1107 1339 1178 μακαρίου
1369 1107 1428 1162 τὸ
1461 1110 1714 1181 φρόνημα
1736 1110 1964 1176 δυνατὸς

385 1198 562 1264 ἔσται,
601 1198 696 1252 καὶ
721 1198 815 1251 ἐπὶ
845 1197 1036 1270 τρίτην
1065 1201 1264 1270 πείραν
1287 1199 1380 1252 καὶ
1413 1201 1750 1271 κακουργίαν
1769 1204 1960 1274 χωρεῖ,

384 1289 482 1342 καὶ
530 1289 660 1352 τοὺς
691 1287 995 1360 προτέρους
1035 1288 1186 1360 αὑτῷ
1221 1290 1566 1360 συκοφάντας
1597 1292 1831 1346 ἑπισείει
1867 1294 1963 1348 καὶ

383 1377 541 1441 αὖθις
570 1378 709 1446 μετά
729 1377 824 1432 τοῦ
853 1377 1018 1432 αὐτοῦ
1048 1381 1468 1452 μηχανήματος.
1489 1382 1554 1435 0!
1584 1384 1647 1454 δὴ
1679 1383 1774 1439 καλ⁵
1797 1401 1964 1454 προσ-

384 1471 634 1534 ελθόντες
662 1470 740 1540 τῷ
770 1472 1074 1542 ἱπισκόπῳ,
1110 1471 1303 1542 ὥσπερ
1347 1473 1447 1545 ἤδη
1477 1476 1544 1529 τὰ
1577 1475 1813 1546 μέγιστα
1847 1478 1964 1533 aa:-

383 1562 668 1634 κούμενοι,
709 1562 1023 1635 κακοῦργον
1051 1565 1144 1618 τὸν
1170 1567 1318 1622 ὅσιον
1350 1568 1553 1635 εῐρωνά
1593 1587 1652 1623 τε
1688 1570 1784 1624 καὶ
1818 1572 1952 1626 ἀπαο

381 1653 560 1708 τεῶνα
589 1654 843 1720 ὶκάλουν,
876 1655 970 1708 καὶ
1010 1657 1091 1710 ὁτι
1130 1657 1478 1729 Δύσχρηστος
1520 1661 1654 1730 ἡμῖν
1684 1661 1800 1714 ἐστι
1829 1678 1962 1732 φορ-

382 1747 531 1812 τικός
556 1764 614 1801 τε
638 1748 732 1801 καὶ
766 1748 926 1818 μόνον
959 1749 1314 1821 βλεπόμενος.
1345 1753 1612 1816 Κάκεῖνος
1641 1753 1825 1824 ἥττων
1853 1756 1956 1826 ἢδη
1991 1803 2035 1858 Β

2069 562 2187 633 ipse
2209 577 2306 617 vos
2341 563 2393 616 in
2430 561 2682 616 ultimum
2709 559 2967 628 abyssum
2992 557 3317 613 demerserit
3350 574 3363 611 :
3401 556 3479 611 illi
3510 567 3640 610 tunc

2067 651 2265 707 acerbe
2295 651 2566 707 ululantes
2587 661 2644 706 et
2678 649 2936 705 ﬂebiliter
2955 650 3272 714 clamantes,
3313 655 3370 702 et
3402 662 3530 702 suas
3561 646 3641 700 fa-

2067 744 2216 808 cies,
2261 751 2321 797 ut
2353 741 2684 797 videbantur
2710 783 2724 806 ,
2766 742 3067 811 pulsantes,
3103 740 3388 795 assimilati
3418 753 3641 808 vesper-

2067 833 2374 900 tilionibus,
2424 834 2518 889 illo
2542 835 2662 904 ipso
2689 833 2802 889 haec
2826 833 3166 902 adspiciente
3196 830 3638 902 sancto,egressi

2067 933 2199 981 sunt
2225 933 2281 980 et
2307 924 2587 983 abierunt.
2620 925 2715 980 Ille
2754 934 2939 979 autem
2971 939 3256 993 nunquam
3299 937 3520 978 cessans
3553 923 3640 976 in-

2060 1013 2264 1083 iuriam
2301 1012 2522 1076 facere,
2572 1013 2897 1067 existimans
2930 1011 3077 1080 quod
3127 1011 3172 1065 si
3199 1025 3325 1064 eum
3347 1025 3489 1080 saepe
3515 1019 3640 1065 tan-

2064 1120 2230 1176 quam
2281 1103 2338 1158 in
2364 1103 2519 1160 urbis
2549 1103 2839 1158 obsidione
2872 1101 3179 1167 invaderet,
3221 1100 3442 1155 tandem
3486 1109 3641 1170 pote-

2066 1196 2142 1251 rit
2167 1197 2310 1252 beati
2337 1195 2567 1267 spiritus
2598 1204 2652 1251 et
2689 1209 3020 1265 generosum
3056 1193 3301 1248 animum
3323 1191 3636 1261 deprimere

2063 1296 2128 1336 ac
2155 1281 2437 1354 frangere,
2489 1283 2705 1338 accedit
2749 1282 2816 1336 ad
2854 1283 3104 1337 maleficii
3152 1280 3369 1338 tertiam
3436 1279 3635 1350 proba-

2063 1373 2269 1429 tionem
2291 1412 2308 1439 ,
2344 1383 2402 1430 ct
2435 1373 2700 1430 adversus
2747 1390 2874 1430 eum
2918 1385 3106 1429 rursus
3139 1381 3448 1428 commovet
3483 1373 3632 1442 prio-

2063 1479 2155 1519 res
2196 1465 2644 1522 calumniatores.
2685 1465 2790 1532 Qui
2843 1481 2968 1521 cum
3008 1465 3369 1521 accessissent
3411 1465 3477 1519 ad
3511 1465 3632 1536 epi-

2063 1570 2313 1626 scopum,
2345 1557 2570 1627 perinde
2621 1573 2686 1612 ac
2727 1559 2833 1620 iam
2887 1557 3140 1613 maximis
3169 1557 3355 1612 allecti
3389 1559 3632 1627 injuriis,

2063 1657 2314 1703 sanctum
2346 1648 2618 1703 vocabant
2650 1649 2980 1715 maleficum,
3016 1649 3508 1719 simulatoremque
3578 1659 3634 1705 et

2063 1740 2460 1811 deceptorem;
2543 1742 2910 1813 dicebantque
2999 1743 3123 1814 ejus
3179 1743 3639 1798 consuetudinem

382 1841 678 1911 γενόμενος
727 1841 842 1895 τῶν
893 1842 1194 1914 ὁχλήσεων,
1237 1844 1464 1916 πέμψας
1494 1847 1658 1910 εὐθὺς
1703 1848 1827 1916 ἄγει
1865 1849 1959 1902 τὸν

2065 1848 2186 1888 esse
2217 1835 2298 1889 eis
2327 1834 2757 1900 intolerabilem,
2793 1845 2860 1890 ‘ut
2911 1835 3004 1905 qni
3034 1836 3121 1890 vel
3160 1835 3277 1890 solo
3307 1844 3529 1904 aspectu
3565 1835 3640 1890 sit

382 1932 586 2002 Δανιὴλ
633 1933 763 2004 παρ’
792 1933 977 2002 αὐτὸν,
1015 1935 1108 1990 καὶ
1165 1937 1497 1992 πυνθάνεται
1541 1939 1622 2003 τίς
1660 1957 1720 1992 τε
1755 1940 1830 1994 ὢν
1865 1942 1960 1996 καὶ

385 2025 551 2080 πόθεν
586 2027 684 2080 καὶ
712 2027 874 2080 τίνων
915 2027 1191 2098 δεόμενος,
1229 2031 1324 2084 καὶ
1353 2030 1446 2084 ἐπὶ
1475 2032 1610 2085 πᾶσι
1646 2033 1806 2096 ποίας
1852 2033 1962 2101 άρα

383 2117 514 2185 περὶ
557 2117 620 2171 τὸ
655 2119 799 2171 θετον
829 2117 987 2188 δόξης
1025 2119 1286 2191 ἐχόμενος
1329 2121 1542 2184 τούτοις
1578 2125 1692 2186 τοῖς
1737 2123 1960 2194 μέρεσιν

383 2210 748 2283 ἐπεδήμησεν.
792 2211 852 2265 '0
883 2211 940 2265 δὲ
961 2211 1057 2265 τοῦ
1091 2212 1352 2282 μεγίστου
1385 2216 1478 2268 καὶ
1507 2216 1727 2286 πρώτου
1760 2217 1857 2287 τῆς
1881 2219 1960 2281 είς

381 2301 617 2369 Χριστὸν
647 2302 935 2372 ὁρθοδόξου
969 2304 1208 2368 πίστεως
1254 2304 1448 2375 πρῶτα
1484 2307 1764 2377 μνησθεὶς,
1818 2309 1960 2362 οῦτω

379 2394 445 2458 δὴ
472 2395 567 2448 καὶ
597 2394 768 2448 τάλλα
811 2397 1050 2465 συνείρε,
1088 2396 1326 2467 πατρίδα
1358 2397 1452 2452 καὶ
1475 2399 1655 2467 γένος,
1685 2403 1779 2454 καὶ
1807 2402 1960 2466 τέλος

380 2488 462 2541 ὅτι
496 2487 617 2542 θεία
652 2487 842 2542 τοῦτον
888 2489 1142 2560 ἐκίνησεν
1175 2491 1524 2561 ἀποκάλυψις
1556 2493 1617 2547 τὸ
1667 2494 1958 2558 Βυζάντιόν

380 2596 440 2633 τε
477 2579 604 2632 ίδείν
662 2583 756 2633 καὶ
811 2580 880 2634 τά
940 2581 1175 2637 ἐνταῦθα
1243 2584 1593 2640 καταλαϐεῖν.
1647 2583 1833 2640 Ταῦτα
1881 2587 1958 2651 ὼς

381 2674 618 2744 ἤκουσεν
651 2675 680 2727 6
719 2673 1042 2738 ἐπίσκοπος,
1079 2673 1358 2745 ὑπανέστη
1393 2675 1489 2731 καὶ
1531 2678 1954 2748 περιεπτύξατο,

382 2765 476 2819 καὶ
512 2767 588 2828 ὡς
619 2765 760 2818 θεῖον
793 2765 1034 2836 άτεχνῶς
1067 2765 1236 2836 ἄνδρα
1269 2767 1433 2838 ὲτίμη
1446 2785 1526 2834 σε,
1566 2769 1658 2822 καὶ
1692 2771 1804 2832 τοῖς
1834 2770 1956 2824 κατ’

381 2857 547 2910 αὐτοῦ
598 2857 852 2926 λέγουσιν
907 2858 1231 2929 ἐπετίμησε.
1283 2861 1394 2914 Kal.
1428 2859 1602 2914 ταῦτα
1650 2862 1749 2931 μὲν
1782 2862 1957 2928 οὕτως

380 2950 782 3020 ὲστρατήγηται
809 2949 990 3014 καλῶς
1019 2952 1100 3020 τῷ
1133 2952 1359 3021 μεγάλῳ
1378 2966 1393 2982 ·
1425 2952 1527 3006 οὐκ
1555 2950 1624 3024 ἦν
1651 2953 1709 3008 δὲ
1736 2957 1957 3021 πάντως

377 3041 468 3094 τὸν
498 3041 597 3110 τὴν
617 3039 856 3112 Χριστοῦ
881 3041 1160 3094 πολιτείαν
1185 3042 1582 3113 ὲπανελόμενον
1617 3044 1692 3117 μὴ
1727 3046 1822 3102 καὶ
1855 3046 1955 3120 τὴν

2062 1927 2330 1982 molestus
2383 1937 2438 1982 et
2470 1928 2839 2000 importunus.
2902 1928 2997 1984 ille
3046 1943 3178 1983 vero
3221 1929 3334 1998 jam
3377 1927 3558 1982 victus
3607 1942 3638 1982 a

2064 2028 2144 2074 tot
2171 2020 2580 2085 vexationibus,
2611 2021 2678 2076 ad
2717 2036 2777 2076 se
2803 2021 3037 2076 accersit
3058 2021 3370 2084 Danielem,
3402 2029 3459 2074 et
3483 2029 3640 2090 rogat

2061 2111 2315 2181 quisnam
2346 2112 2436 2179 sit,
2466 2123 2524 2168 et
2551 2112 2793 2178 unde,et
2820 2113 3150 2183 quibusnam
3179 2112 3344 2167 rebus
3367 2125 3509 2181 opus
3535 2113 3635 2166 ha-

2061 2204 2219 2271 bens,
2265 2214 2322 2260 et
2369 2215 2690 2276 postremo,
2745 2222 3040 2276 quamnam
3097 2206 3151 2260 in
3210 2207 3381 2261 Deum
3441 2214 3638 2260 tenens

2061 2298 2404 2367 Opinionem,
2441 2299 2495 2353 in
2525 2299 2624 2353 has
2657 2308 2842 2368 partes
2872 2299 3109 2353 venerit.
3157 2299 3251 2353 llle
3285 2309 3471 2352 autem
3503 2312 3631 2352 cum

2061 2392 2204 2463 ejus,
2242 2392 2389 2461 quod
2437 2400 2522 2446 est
2555 2390 2854 2445 maximum
2909 2399 2964 2445 et
3000 2390 3260 2460 primum,
3297 2406 3498 2460 nempe
3540 2405 3637 2445 or-

2061 2484 2317 2539 thodoxa:
2359 2483 2414 2538 in
2453 2483 2741 2539 Christum
2793 2482 2942 2549 ﬁdei,
2998 2482 3238 2553 primum
3272 2484 3638 2549 meminisset,

2061 2577 2164 2630 alia
2188 2576 2389 2631 deinde
2423 2577 2728 2641 contexuit,
2763 2577 3092 2645 patriam,et
3120 2592 3312 2644 genus,
3341 2586 3397 2631 et
3426 2578 3587 2630 tinem
3617 2593 3636 2636 :

2060 2682 2256 2737 nempe
2283 2666 2430 2736 quod
2459 2681 2584 2722 eum
2631 2666 2814 2721 divina
2866 2667 3101 2722 moverit
3128 2667 3416 2727 revelatio.
3468 2676 3528 2721 ut
3561 2667 3642 2721 vi-

2057 2757 2216 2812 deret
2280 2757 2624 2827 Byzantium,
2674 2759 2828 2811 etin
2888 2758 3003 2812 haec
3042 2758 3160 2812 loca
3217 2758 3453 2813 veniret.
3511 2758 3638 2814 ilice

2058 2863 2186 2904 cum
2221 2848 2523 2904 audivisset
2573 2849 2890 2918 episcopus,
2915 2850 3244 2911 assurrexit,
3309 2859 3365 2903 et
3393 2864 3520 2903 eum
3550 2857 3637 2903 est

2058 2940 2345 3010 amplexus
2373 2979 2390 3005 ,
2430 2949 2489 2996 et
2542 2956 2668 2995 eum
2716 2949 2978 3012 tanquam
3025 2941 3209 2995 virum
3250 2955 3444 2996 revera
3491 2940 3628 2996 divi-

2059 3047 2191 3086 num
2223 3033 2531 3088 honoravit.
2563 3034 2743 3102 Atque
2783 3033 2901 3088 haec
2931 3032 3155 3103 quidem
3191 3033 3272 3088 sic
3301 3041 3452 3088 recte
3481 3042 3634 3104 gesta

379 3128 532 3194 τάξιν
559 3131 656 3200 τῆς
697 3129 976 3194 πολιτείας
1015 3131 1098 3194 είς
1138 3130 1368 3186 δυνατὸν
1399 3133 1638 3203 φανῆναι
1677 3135 1954 3208 μιμούμε-

2061 3123 2280 3179 fuerant
2308 3139 2340 3179 a
2377 3138 2574 3194 magno
2603 3125 2848 3180 Daniele.
2874 3125 3018 3180 Fieri
3046 3134 3230 3180 autem
3261 3124 3493 3180 omnino
3523 3141 3638 3180 non

377 3237 488 3276 νον.
523 3223 737 3293 Ὠσπερ
763 3217 856 3276 οῦν
875 3223 904 3275 6
932 3221 1125 3276 τούτου
1149 3224 1433 3294 Δεσπότης
1471 3225 1615 3295 μετὰ
1639 3227 1732 3280 τὸν
1763 3245 1959 3298 πειρα-

381 3311 521 3381 σμὸν
551 3312 800 3382 φαίνεται
823 3313 934 3366 τῶν
963 3313 1208 3384 σημείων
1239 3314 1563 3384 ἀρχόμενος,
1593 3314 1738 3370 οὕτω
1771 3317 1834 3388 δὴ
1866 3319 1961 3374 καὶ

379 3398 559 3472 οὗτος,
605 3405 744 3475 πλὴν
795 3406 918 3460 ὅσον
972 3406 1068 3460 καὶ
1139 3405 1331 3460 τοῦτον
1400 3407 1610 3462 ἐκείνου
1682 3409 1960 3478 κινοῦντος

377 3499 474 3553 καὶ
528 3498 720 3553 τούτου
749 3501 815 3572 τῇ
874 3498 1083 3553 ἐκείνου
1142 3499 1372 3572 δυνάμει
1443 3499 1843 3574 κατορθοῦντος
1889 3502 1961 3557 τά

378 3593 658 3665 θαύματα.

448 3777 552 3831 ῐΓ¹.
608 3775 844 3848 Ἦμέραι
898 3774 1179 3846 παρῆλθον
1231 3776 1350 3844 οὐχὶ
1391 3777 1608 3846 συχναὶ,
1661 3778 1755 3831 καὶ
1803 3777 1958 3842 νόσος

379 3870 708 3938 ἐπισκήπτει
747 3867 826 3938 τῷ
869 3868 1188 3937 πατριάρχῃ
1217 3866 1388 3936 δεινὴ,
1426 3867 1462 3937 ἢ
1500 3869 1594 3920 καὶ
1630 3868 1816 3938 ἱκέτην
1855 3870 1956 3921 αύ-

377 3961 468 4016 τῆν
501 3959 755 4030 γενέσθαι
809 3957 903 4013 τοῦ
952 3959 1102 4012 ὁσίου
1156 3960 1322 4023 ποιεῖ,
1372 3957 1468 4012 καὶ
1528 3959 1957 4026 μεταστέλλεται

378 4051 566 4106 τοῦτον
599 4052 785 4115 εὐθὺς,
823 4051 918 4102 καὶ
963 4049 1104 4121 ὑπὲρ
1135 4047 1304 4102 αὐτοῦ
1339 4047 1602 4119 δεηθῆναι
1620 4048 1790 4102 δεῖται
1821 4049 1957 4118 Χρι-

380 4142 504 4196 στὸν
551 4142 816 4214 βοηθῆσαι
849 4141 1137 4211 κάμνοντι.
1183 4139 1292 4193 Τοῦ
1332 4139 1389 4192 δὲ
1438 4140 1508 4192 τά
1539 4138 1742 4207 γόνατα
1793 4139 1956 4209 μόνον

377 4236 459 4298 είς
493 4234 658 4305 εὐχὴν
693 4233 976 4296 κλίναντος
1010 4232 1193 4302 παρῆν
1226 4233 1465 4303 ἐπήκοος
1487 4233 1516 4285 ὁ
1545 4231 1780 4300 Χριστὸς
1812 4230 1954 4301 φθά-

375 4344 483 4379 νων
514 4326 711 4396 μικροῦ
745 4327 836 4379 κα¹ι
865 4325 964 4395 τὴν
1003 4324 1222 4393 αἴτησιν
1244 4339 1260 4356 ο
1305 4325 1399 4376 καὶ
1443 4325 1476 4394 ή
1505 4324 1660 4388 νόσος
1688 4324 1836 4395 ῥᾴων
1863 4319 1953 4395 ἦν,

376 4419 474 4472 καὶ
502 4419 531 4471 6
565 4418 852 4488 ἀρχιερεὺς
881 4416 1124 4487 ἀπαθής.
1147 4415 1259 4469 Kal.
1281 4413 1424 4468 οὕτω
1460 4415 1560 4486 μὲν
1590 4415 1662 4469 τά
1696 4416 1790 4470 τοῦ
1826 4417 1957 4471 θαύ-

381 4525 586 4580 ματοςο
617 4509 676 4560 οὐ
715 4509 914 4578 μᾶλλον
966 4507 1022 4562 δὲ
1071 4508 1136 4562 ἄν
1177 4524 1262 4571 τις
1313 4506 1476 4561 αὑτὸν
1513 4508 1818 4580 ἐκπλαγείη
1851 4510 1954 4580 τῆς

378 4599 677 4674 θεραπείας
713 4599 746 4670 ἢ
789 4601 889 4669 τῆς
916 4599 1008 4652 ἐπὶ
1040 4601 1106 4669 τῇ
1142 4597 1414 4669 θεραπείᾳ
1434 4599 1825 4670 χρηστότητος.
1852 4602 1951 4666 Ὠς

373 4692 484 4761 γάρ
525 4692 714 4746 ἰάσατο
741 4687 954 4755 τοῦτον,
1000 4687 1120 4758 ᾔτει
1162 4687 1356 4757 μισθὸν
1402 4687 1504 4757 τῆς
1549 4687 1774 4753 ἰάσεωςο
1815 4689 1846 4742 6
1894 4689 1952 4743 δὲ

373 4778 442 4854 ἦν
480 4781 748 4853 ἀφεθῆναι
799 4781 914 4843 τοῖς
964 4777 1352 4848 διαϐεϐληκόσι
1406 4779 1469 4833 τὸ
1516 4779 1763 4850 ὁςρλημα.
1805 4780 1866 4836 Ὃ
1894 4782 1952 4836 δὲ

375 4875 667 4946 ἀρχιερεὺς
712 4872 964 4944 ἀσμένως
1013 4889 1074 4926 τε
1114 4874 1251 4940 πρδς
1301 4871 1402 4944 τὴν
1435 4873 1654 4945 αἴτησιν
1712 4875 1952 4947 διετέθη,

375 4968 491 5032 καὶ,
529 4963 653 5031 Πῶς
682 4966 791 5036 γάρ
825 4963 899 5036 μὴ
926 4966 1144 5034 ἀφήσω,
1173 4964 1302 5036 ἔφη,
1332 4959 1414 5030 οἷς
1452 4965 1654 5036 μικροῦ
1693 4966 1816 5022 δέον
1856 4970 1955 5024 καὶ

375 5060 536 5131 χάριν
569 5058 854 5130 ὁμολογεῖν
887 5059 971 5111 ὅτι
1007 5058 1067 5111 σὲ
1104 5059 1195 5112 τὸν
1245 5059 1379 5129 ἐμὸν
1411 5061 1632 5129 σωτῆρα
1678 5063 1954 5132 παρέσχον

379 5153 530 5218 ἰδεῖν,
561 5155 656 5206 καὶ
685 5151 821 5222 πρὸς
859 5151 1010 5220 ἡμᾶς
1045 5150 1303 5220 φοιτῆσαι
1361 5150 1703 5220 κατέστησαν
1753 5155 1952 5222 αίτιοι;

387 5244 542 5298 Ἐπεὶ
585 5244 641 5296 δὲ
676 5242 816 5313 πρὸς
855 5241 1022 5294 αὐτὸν
1077 5242 1174 5295 καὶ
1208 5243 1578 5314 μοναστηρίου
1628 5245 1722 5298 καὶ
1769 5245 1956 5317 δώρων

375 5334 469 5385 καὶ
493 5329 586 5383 τοῦ
619 5331 861 5383 συνεῖναι
895 5327 1071 5399 τούτῳ
1111 5329 1406 5394 διαπαντὸς
1452 5332 1754 5404 ἐμέμνητο,
1784 5335 1852 5387 El'
1885 5354 1955 5406 με

375 5421 567 5487 θέλεις,
600 5421 766 5493 φησιν
788 5421 816 5474 ὁ
846 5421 1047 5492 μέγας,
1065 5421 1133 5472 τά
1156 5421 1384 5491 μέγιστα
1413 5422 1763 5495 θεραπεύειν,
1793 5425 1856 5480 ἔα
1888 5427 1956 5482 τά

370 5511 450 5583 τῷ
504 5513 622 5584 Θεῷ
679 5515 774 5567 καὶ
821 5514 951 5583 ἐμοὶ
998 5511 1260 5567 δοκοῦντα
1311 5517 1509 5570 ποιεῖν.
1548 5517 1658 5569 Καὶ
1705 5517 1848 5571 οῦτω
1888 5517 1954 5589 δὴ

374 5604 510 5676 πρὸς
536 5607 631 5660 τὸν
657 5606 786 5660 ναὸν
814 5605 914 5661 σῦν
943 5604 1114 5676 πολλῇ
1161 5607 1256 5668 καὶ
1284 5605 1514 5678 λαμπρᾷ
1541 5611 1608 5680 τῇ
1649 5608 1956 5681 δορυφορίᾳ

2060 3224 2280 3287 poterat
2309 3256 2324 3282 ,
2367 3218 2545 3287 utqui
2588 3217 2792 3274 Christi
2849 3217 2976 3273 vitae
3019 3218 3332 3274 institutum
3377 3234 3638 3290 suscepe-

2061 3319 2167 3376 rat,
2228 3325 2339 3365 non
2378 3311 2545 3366 etiam
2589 3311 2712 3382 ejus
2764 3311 2892 3367 vita:
2953 3312 3176 3383 agenda
3243 3311 3494 3368 ordinem
3537 3327 3640 3384 pro

2060 3401 2276 3459 viribus
2303 3403 2592 3460 videretur
2629 3403 2856 3458 imitari.
2890 3402 3182 3470 Quomodo
3209 3418 3342 3474 ergo
3382 3405 3504 3476 elus
3536 3404 3641 3460 Do-

2061 3494 2245 3550 minus
2271 3508 2396 3548 oum
2453 3493 2851 3550 tentationibus
2889 3495 3042 3564 signa
3071 3495 3290 3551 videtur
3323 3495 3638 3561 inchoasse.

2060 3586 2137 3641 ita
2169 3587 2257 3641 hic
2291 3601 2534 3658 quoque,
2556 3588 2659 3642 nisi
2682 3597 2959 3658 quatenus
2984 3587 3076 3642 ille
3098 3590 3243 3644 hunc
3275 3589 3554 3656 movebat,
3583 3596 3640 3645 et

2061 3677 2154 3732 hic
2180 3678 2330 3732 illius
2360 3678 2570 3733 virtute
2605 3677 2840 3734 faciebat
2864 3679 3152 3734 miracula.

2133 3769 2275 3825 Xlll.
2325 3770 2446 3824 Non
2488 3770 2646 3824 multi
2681 3771 2796 3826 dies
2824 3773 3230 3842 praeterierunt,
3255 3782 3312 3828 et
3338 3774 3638 3830 vehemens

2059 3861 2290 3916 morbus
2319 3862 2548 3921 invadit!
2571 3864 2940 3932 patriarcham
2973 3883 2986 3919 :
3032 3867 3126 3934 qui
3157 3865 3324 3918 etiam
3352 3866 3538 3930 ellieit,
3579 3874 3640 3920 ut

2058 3954 2107 4009 is
2138 3952 2296 4010 fieret
2343 3965 2538 4012 sancto
2591 3958 2844 4026 supplex,
2869 3966 3083 4011 etcum
3136 3957 3406 4012 continuo
3446 3973 3635 4012 accer-

2059 4055 2229 4111 seret,
2273 4054 2331 4101 ut
2374 4061 2477 4118 pro
2501 4047 2621 4117 ipso
2653 4048 2938 4103 Christum
2973 4058 3234 4119 rogaret,
3262 4057 3323 4102 ut
3362 4049 3634 4106 laboranti

2058 4151 2221 4206 opem
2264 4136 2456 4192 ferret.
2517 4135 2657 4193 Cum
2694 4138 2740 4192 is
2779 4147 2965 4192 autem
3011 4139 3189 4193 solum
3231 4154 3407 4209 genua
3453 4139 3639 4195 llexis-

2057 4236 2142 4283 set
2175 4229 2243 4283 ad
2279 4228 2609 4296 orationem,
2645 4229 2822 4286 adfuit
2851 4229 3104 4286 Christus
3147 4231 3451 4286 exaudiens
3502 4249 3634 4303 pro-

2059 4319 2358 4389 pemodum
2405 4330 2764 4379 antevertens
2817 4323 3143 4380 petitionem
3181 4341 3197 4379 :
3241 4325 3636 4395 convaluitque

2058 4423 2116 4468 et
2163 4427 2333 4472 sanus
2355 4415 2531 4470 evasit
2571 4418 2906 4486 patriarcha.
2927 4417 2996 4472 Et
3020 4417 3102 4472 sic
3130 4419 3352 4488 quidem
3389 4420 3636 4476 miracu-

2057 4503 2218 4571 lum;
2255 4519 2366 4560 non
2407 4506 2580 4574 magis
2630 4515 2813 4561 autem
2850 4509 2950 4562 'est
2996 4507 3352 4566 admirandus
3403 4519 3634 4582 propter

2057 4599 2422 4661 curationem,
2459 4613 2624 4668 quam
2658 4607 2882 4668 propter
2933 4599 3329 4670 benignitatem
3389 4602 3445 4656 in
3476 4618 3636 4658 cura-

2060 4690 2230 4747 tione.
2289 4692 2426 4746 Nam
2471 4702 2761 4764 postquam
2813 4709 2942 4749 eum
2992 4696 3228 4762 sanavit,
3288 4698 3450 4766 petiit
3492 4712 3638 4751 mer-

2060 4784 2251 4839 cedem
2274 4786 2581 4842 sanationis
2613 4803 2628 4852 ;
2673 4801 2738 4841 ea
2764 4802 2898 4842 vero
2921 4796 3064 4854 erat,
3105 4797 3164 4842 ut
3189 4787 3258 4842 iis
3287 4787 3382 4856 qui
3427 4788 3640 4842 calum-

2060 4877 2196 4932 niati
2257 4876 2518 4942 fuerant,
2596 4878 2979 4935 remitteretur
3040 4877 3311 4934 debitum.
3381 4878 3634 4934 Pontifex

2060 4981 2244 5025 autem
2280 4972 2331 5026 ei
2366 4971 2606 5026 libenter
2648 4971 2925 5026 concessit
2959 4971 3303 5040 petitionem,
3341 4979 3398 5026 et
3432 4986 3446 5023 :
3489 4970 3639 5036 Quo-

2060 5061 2224 5116 modo
2252 5061 2422 5124 enim,
2473 5061 2672 5131 inquit,
2707 5076 2816 5115 non
2855 5061 3155 5125 remittam,
3202 5059 3407 5130 quibus
3438 5075 3634 5130 parum

2059 5153 2218 5210 abest
2271 5153 2405 5223 quin
2445 5155 2611 5208 etiam
2663 5167 2818 5223 agam
2865 5153 3092 5222 gratias,
3127 5151 3272 5220 quod
3322 5150 3632 5216 eﬂecerint,

2062 5254 2124 5300 ut
2167 5255 2218 5300 te
2253 5246 2546 5310 viderem,
2580 5245 2674 5314 qui
2711 5245 2845 5298 mihi
2876 5243 3075 5298 dedisti
3127 5243 3382 5310 salutem,
3433 5250 3490 5298 et
3520 5244 3638 5298 fue-

2062 5344 2196 5391 runt
2248 5353 2434 5402 causa,
2469 5345 2529 5392 ut
2579 5344 2636 5388 tu
2667 5333 2734 5388 ad
2798 5350 2900 5388 nos
2941 5334 3212 5389 venires?
3267 5335 3404 5391 Cum
3445 5345 3632 5390 autem

2063 5427 2207 5496 apud
2250 5443 2377 5482 eum
2407 5435 2463 5480 et
2512 5422 2857 5487 monasterii,
2903 5431 2958 5478 et
3003 5421 3297 5491 donorum,
3335 5439 3392 5480 et
3428 5436 3486 5481 ut
3509 5442 3637 5481 cum

2062 5536 2127 5576 eo
2164 5528 2460 5590 perpertuo
2496 5524 2678 5580 esset,
2722 5516 3065 5570 meminisset
3102 5534 3116 5571 :
3153 5517 3209 5572 Si
3259 5517 3342 5572 vis
3382 5533 3490 5584 me,
3551 5518 3638 5572 in-

2063 5612 2184 5684 quit
2215 5611 2304 5665 ille
2337 5623 2584 5680 magnus,
2615 5621 2812 5678 magno
2866 5605 3051 5662 studio
3079 5612 3360 5679 prosequi,
3398 5608 3517 5664 sine
3548 5623 3635 5662 mc

448 5747 532 5820 (1),
566 5746 812 5816 Credidi,
873 5745 1172 5819 legendum
1227 5743 1468 5813 videtur,
1517 5752 1615 5800 aut
1665 5745 2106 5820 intelligendum,
2154 5760 2214 5806 ut
2290 5747 2527 5807 Jacobus
2568 5749 2690 5807 ait:
2753 5746 3030 5804 Damone;
3108 5750 3348 5817 credunt,
3409 5758 3459 5805 ει
3513 5763 3634 5803 con-

377 5817 711 5874 trcntiacunt.
