4142 6384
537 327 642 391 987

1692 329 2086 392 ADDENDA.
2118 356 2187 368 ·--
2219 332 2632 396 DECEMBE‘B

3687 335 3796 403 988

536 447 600 492 ea
636 433 839 502 facere,
894 451 1016 507 quae
1053 435 1162 491 Deo
1215 444 1272 492 et
1315 437 1455 492 .mihi
1504 437 1783 494 videntur.
1830 439 1894 494 Et
1935 438 2016 494 sie
2039 438 2106 494 ad

2213 442 2662 513 παραπεμφθεὶς,
2702 439 2800 495 καὶ
2849 438 3010 494 πάλιν
3055 439 3124 492 τά
3168 439 3309 495 αὐτὰ
3355 441 3469 505 τοῖς
3501 444 3794 512 προτέροις

539 527 803 595 templum
868 528 1070 582 missus
1129 544 1255 584 cum
1319 545 1518 600 magno
1581 538 1637 585 et
1697 531 1961 600 praeclaro
2019 547 2112 586 co-

538 616 760 679 mitatu,
792 632 917 671 cum
950 618 1144 673 eadem
1195 618 1417 674 fecisset
1465 634 1584 688 qua:
1608 620 1780 690 prius,
1816 629 1872 676 et
1900 620 2110 676 aditum

533 705 920 772 obstruxisset,
960 723 1058 777 per
1089 724 1321 778 parvum
1375 710 1654 780 quoddam
1697 711 1944 767 foramen
1998 712 2114 767 col-

533 796 862 866 loquebatur
878 813 1005 854 cum
1038 799 1106 854 iis
1136 802 1230 870 qui
1257 802 1614 858 accedebam.
1647 802 1855 858 Novem
1887 802 2110 858 interim

531 887 661 941 anni
692 889 1093 957 praeterieram,
1149 902 1204 948 et
1243 908 1371 946 eum
1415 892 1481 946 ad
1528 894 1694 947 vitam
1726 893 2110 963 perfectiorem

535 993 740 1035 vocans
786 981 1137 1037 Providentia
1184 992 1372 1051 aperte
1429 987 1673 1040 ostendit
1719 985 1929 1040 futura.
1973 983 2110 1040 Cum

531 1069 681 1124 enim
714 1070 907 1127 fuisset
937 1072 992 1126 in
1043 1075 1265 1140 exstasi,
1298 1075 1448 1132 videt
1503 1077 1811 1132 columnam
1843 1077 2024 1140 nubis,
2057 1084 2112 1131 et

535 1176 601 1216 ea
648 1161 944 1216 admodum
988 1163 1225 1220 sublime
1254 1174 1370 1220 erat
1429 1167 1668 1228 sublata.
1704 1177 1758 1221 et
1784 1182 1852 1221 ex
1882 1167 2110 1226 adverso

534 1253 655 1322 ejus
686 1254 960 1323 pendebat
990 1255 1042 1308 in
1077 1271 1241 1322 aere;
1274 1267 1330 1312 et
1369 1259 1709 1314 admirabilis
1749 1260 1970 1314 Simeon
2001 1268 2113 1314 sta-

451 1411 464 1432 ι
537 1343 632 1398 bat
669 1359 838 1414 super
887 1358 1052 1415 caput
1105 1349 1397 1403 columnae.
1447 1349 1621 1406 Simul
1665 1360 1849 1405 autem
1891 1365 2016 1404 cum
2044 1363 2111 1404 eo

453 1449 458 1454 '
535 1435 648 1490 duo
701 1439 956 1493 astabant
1011 1440 1442 1507 adolescentes;
1517 1451 1745 1512 eratque
1799 1441 1881 1499 eis
1943 1441 2112 1496 vestis

534 1528 682 1584 clara
710 1539 768 1582 et
799 1530 1093 1602 refulgens.
1124 1534 1369 1602 Desuper
1413 1550 1542 1588 vero
1600 1549 1665 1588 ex
1693 1533 1871 1603 capite
1902 1534 2114 1588 colum-

534 1635 617 1674 nae
670 1621 825 1676 audit
859 1638 1045 1678 vocem
1091 1626 1363 1680 dicentem
1399 1643 1413 1681 :
1461 1626 1578 1680 Huc
1614 1627 1679 1682 ad
1729 1642 1815 1682 me
1848 1628 2112 1692 ascende,

534 1711 744 1766 Daniel.
795 1715 1010 1770 Cumis
1063 1725 1247 1771 autem
1277 1719 1672 1786 respondisset,
1734 1720 1800 1775 Et
1831 1721 2110 1789 quomodo

533 1812 726 1872 potero
751 1819 873 1874 ego,
903 1806 1148 1874 domine,
1180 1809 1236 1862 in
1263 1817 1468 1864 tantam
1509 1809 1698 1865 extolli
1722 1811 2110 1866 altitudinem?
2141 1789 2182 1844 Β

533 1895 696 1965 jussit
729 1897 955 1953 Simeon
1014 1900 1083 1955 iis
1117 1901 1211 1970 qni
1241 1917 1366 1957 cum
1403 1903 1522 1970 ipso
1555 1912 1714 1957 erant
1735 1942 1750 1967 ,
1782 1904 2108 1958 adolescen-

534 1984 705 2048 tibus,
736 1995 796 2042 ut
829 1986 1257 2054 descenderent,
1289 2000 1339 2044 et
1378 1999 1718 2060 assumptum
1743 1991 1810 2045 ad
1844 2008 1904 2046 se
1931 1992 2110 2047 dedu-

535 2089 749 2133 cerent.
784 2079 888 2146 Qui
937 2097 1062 2136 cum
1116 2081 1384 2151 imperata
1415 2081 1697 2150 fecissent,
1750 2100 1877 2140 eum
1912 2086 2112 2141 tollunt

2213 536 2473 603 ποιήσας.
2498 533 2594 586 καὶ
2613 531 2919 602 διαφράξας
2937 532 3036 600 τὴν
3064 531 3275 585 εῐσοδον
3297 532 3386 587 διά.
3415 549 3564 596 τινος
3589 538 3794 604 μικρᾶς

2211 625 2350 693 όπῆς
2409 624 2606 693 ὡμίλει
2663 626 2779 688 τοῖς
2832 624 3172 692 προσιοῦσιν.
3218 624 3412 678 Ἐννέα
3465 624 3537 678 τὰ
3589 625 3794 694 μεταξὺ

2214 715 2430 785 διῆλθον
2456 715 2574 784 ἐτη,
2594 715 2691 769 καὶ
2711 713 2807 767 ἐπὶ
2834 714 2934 784 τὴν
2957 713 3293 784 τελεωτέραν
3321 715 3486 769 αὐτὸν
3513 716 3795 770 πολιτείαν

2212 806 2246 875 ἡ
2278 806 2504 876 πρόνοια
2527 805 2772 858 καλοῦσα
2799 805 3052 875 φανερῶς
3079 807 3150 860 τὰ
3181 805 3444 875 μέλλοντα
3467 807 3791 876 προεδήλου·

2213 899 2317 970 ὁρᾷ
2355 897 2464 968 γὰρ
2517 899 2576 952 ἐν
2633 898 2892 952 ἐκστάσει
2943 897 3241 969 γενόμενος
3295 897 3489 952 στῦλον
3539 901 3793 971 νεφέλης,

2212 991 2307 1045 καὶ
2353 985 2505 1054 οὗτος
2533 988 2671 1059 ὑψοῦ
2706 989 2831 1046 λίαν
2863 991 3093 1063 ἐπῆρτο,
3125 993 3222 1044 καὶ
3254 992 3591 1060 καταντικρὺ
3625 993 3794 1046 αὐτοῦ

2210 1081 2514 1153 ἀπῃὼρητο
2538 1096 2552 1112 ’
2574 1084 2668 1137 καὶ
2695 1085 2722 1136 ό
2763 1081 3340 1153 θαυμαστδςιΣυμεὼν
3371 1083 3515 1152 ὑπὲρ
3550 1084 3797 1152 κεφαλῆς

2211 1173 2306 1226 τοῦ
2343 1173 2538 1227 στύλου
2571 1175 2858 1240 ἐφίστατο.
2911 1175 3016 1228 Δύο
3055 1174 3112 1228 δὲ
3161 1175 3312 1246 αύτῷ
3342 1175 3797 1244 συμπαρίσταντο

2212 1264 2507 1320 νεανίσκοι·
2542 1265 2638 1319 καὶ
2692 1267 2726 1336 ἡ
2780 1265 2946 1336 ἐσθὴς
2979 1267 3163 1329 αὐτοῖς
3192 1267 3427 1336 λαμπρά
3460 1267 3556 1319 καὶ
3586 1268 3794 1334 ἀστρά-

2209 1371 2446 1409 πτουσα.
2483 1355 2724 1419 Ἀνωθεν
2747 1354 2842 1410 οὖν
2885 1357 2994 1410 ἀπὸ
3035 1357 3136 1427 τῆς
3171 1357 3267 1412 τοῦ
3308 1356 3504 1410 στύλου
3549 1357 3796 1428 κεφαλῆς

2211 1445 2406 1500 ἀκούει
2454 1448 2660 1516 φωνῆς,
2697 1447 2870 1518 Δεῦρο
2912 1449 3048 1518 πρός
3097 1465 3190 1518 με,
3240 1448 3530 1518 λεγούσης,
3566 1448 3792 1517 Δανιὴλ,

2213 1538 2425 1597 ἄνελθε,
2457 1538 2566 1593 Τοῦ
2598 1539 2674 1604 δὲ,
2708 1541 2818 1595 Καὶ
2849 1541 2968 1605 πῶς
3010 1539 3146 1609 ἐγὼ,
3173 1541 3356 1612 κύριε,
3378 1541 3513 1610 πρὸς
3542 1540 3796 1594 τοσοῦτον

2215 1628 2345 1699 ὕφος
2389 1631 2622 1700 ἀρθῆναι
2653 1631 2998 1702 δυνήσομαι;
3058 1633 3505 1704 ἀποκριναμένου
3527 1671 3543 1694 ,
3581 1633 3798 1700 ἐπιτρέ-

2212 1721 2313 1792 ψαι
2359 1725 2474 1785 τοῖς
2545 1725 2799 1777 συνοῦσιν
2859 1723 3008 1795 αύτῷ
3057 1724 3363 1786 νεανίσκοις
3423 1725 3516 1779 τὸν
3568 1724 3796 1793 Συμεὼν

2213 1813 2514 1880 κατελθεῖν,
2549 1815 2648 1868 κοιλ⁸
2671 1815 3044 1879 ἀναλασόντας
3069 1817 3205 1887 πρὸς
3232 1816 3392 1870 αὐτὸν
3440 1818 3673 1884 ἀγαγεῖν
3697 1833 3713 1847 ο
3743 1814 3792 1868 οἶ

2215 1905 2310 1958 καὶ
2338 1906 2899 1976 κατακεκελευσμένα
2933 1907 3320 1976 πεποιηκότες,
3360 1907 3580 1978 αἴρουσι
3606 1923 3667 1958 τε
3699 1907 3794 1958 καὶ

2216 1994 2406 2048 ἰστῶσι
2435 1995 2664 2066 πλησίον
2703 1998 2894 2052 αὑτοῦ.
2928 2000 3193 2061 Κάκεῖνος
3229 1997 3393 2060 εὐθὺς
3422 1996 3607 2052 τοῦτον
3639 2013 3797 2066 περι.

2214 2087 2553 2156 πτυξάμενος
2577 2089 2680 2152 είς,
2722 2089 2950 2159 ούρανδν
2984 2090 3302 2159 ἀνεφέρετο,
3343 2091 3438 2144 καὶ
3482 2089 3602 2158 ἃμα
3653 2090 3797 2159 μέγα

531 2178 591 2223 et
621 2186 792 2240 prope
825 2174 1000 2242 ipsum
1037 2183 1324 2229 statuunt.
1381 2174 1476 2229 Ille
1525 2185 1704 2231 autem
1754 2192 1880 2231 eum
1925 2177 2108 2231 statim

2213 2174 2434 2245 ἐφώνει,
2477 2177 2781 2248 ’Δνδρίζου,
2816 2180 3041 2250 Δανιὴλ,
3085 2179 3261 2251 ῐσχυε,
3309 2181 3406 2234 καὶ
3458 2179 3615 2252 στῆθι
3667 2196 3792 2249 γεν-

531 2265 839 2332 amplexus,
876 2267 1042 2322 simul
1083 2267 1138 2322 in
1165 2270 1364 2324 coelum
1387 2285 1514 2324 eum
1547 2270 1790 2334 tollebat,
1823 2277 1880 2323 et
1913 2285 2110 2339 magna

2217 2268 2404 2332 ναίως.
2453 2269 2562 2323 Καὶ
2608 2271 2796 2340 ἐπειδὴ
2839 2271 2983 2326 πάνυ
3033 2272 3286 2343 λαμπρὸν
3341 2274 3678 2343 περιήχησεν
3761 2274 3794 2341 ἡ

530 2369 666 2410 voce
693 2355 1010 2412 clamabat:
1050 2359 1182 2414 Esto
1210 2360 1393 2424 fortis,
1447 2360 1636 2415 Daniel
1667 2377 1683 2426 ;
1743 2370 1795 2414 te
1819 2369 2106 2415 strenuum

2219 2362 2399 2432 φωνὴ,
2431 2363 2640 2434 φοὸερά
2680 2363 2790 2434 γὰρ
2829 2363 2994 2435 ἐῴκει
3041 2358 3186 2417 εἶναι
3231 2365 3326 2417 καὶ
3363 2365 3526 2433 όμοία
3572 2365 3794 2434 βροντῇ,

529 2461 594 2501 ac
630 2447 916 2504 robustum
968 2452 1166 2521 praebe,
1213 2462 1271 2507 et
1307 2464 1389 2507 sta
1437 2452 1665 2522 pulchre
1713 2467 1779 2507 ac
1816 2466 2104 2521 generose.

2213 2455 2467 2526 όΔανιὴλ
2511 2457 2743 2526 πληγεὶς
2777 2455 2876 2528 τὴν
2911 2456 3085 2526 ἀκοὴν
3139 2473 3236 2510 και
3283 2455 3684 2528 συνταραχθεὶς
3730 2455 3791 2522 ἐξ

529 2535 826 2608 Postquam
850 2557 979 2595 vero
1009 2558 1114 2597 vox
1146 2543 1444 2598 admodum
1469 2545 1618 2598 clara
1653 2559 1780 2599 eum
1805 2543 2106 2598 circumso-

2215 2543 2510 2616 ὀνειράτων
2537 2546 2731 2618 ὥσπερ
2760 2547 3056 2617 ἀνήνεγκε.

531 2631 866 2702 nabat(visa
898 2644 980 2690 est
1010 2639 1157 2693 enim
1191 2639 1482 2705 terribilis,
1509 2648 1568 2694 et
1597 2639 1825 2694 tonitrui
1866 2638 2113 2708 similis),
2157 2639 2345 2696 Daniel
2379 2642 2468 2698 cui
2520 2657 2794 2713 percussae
2873 2651 2931 2698 et
2976 2642 3322 2699 conturbata;
3371 2650 3532 2698 erant
3610 2656 3796 2708 aures,

526 2741 596 2781 ex
627 2743 819 2782 somno
859 2729 1266 2798 quodammodo
1294 2730 1362 2786 ad
1409 2747 1469 2787 se
1514 2731 1703 2788 rediit.

601 2817 740 2875 XIV.
785 2819 900 2875 Hoc
939 2821 1186 2876 futurum
1232 2824 1354 2892 ejus
1373 2823 1496 2878 vitae
1520 2824 1856 2884 institutum.
1889 2823 2108 2881 Simeo-

2287 2823 2388 2879 lA’.
2413 2823 2586 2878 Τοῦτο
2622 2823 2722 2896 τὴν
2760 2823 3067 2895 μέλλουσαν
3096 2824 3248 2896 αύτῷ
3280 2825 3423 2880 κατά
3448 2825 3540 2880 τὸν
3568 2825 3798 2896 Συμεὼν

529 2911 618 2966 Itis
643 2911 900 2966 instituto
931 2913 1290 2975 conveniens,
1321 2913 1478 2984 prius
1507 2915 1856 2986 significavit,
1886 2914 2106 2985 etquod

2218 2914 2502 2969 πολιτείαν
2539 2915 2943 2985 προανεφώνει,
2979 2918 3076 2969 καὶ
3099 2917 3180 2970 ὅτι
3207 2917 3288 2970 δεῖ
3318 2915 3484 2971 αὑτὸν
3513 2918 3607 2971 καὶ
3671 2918 3802 2971 στύ-

527 3004 822 3072 oportebat
852 3019 980 3059 eum
1010 3015 1067 3060 et
1099 3006 1408 3061 columnam
1433 3008 1754 3072 ascendere,
1787 3017 1844 3064 et
1876 3009 2108 3064 transire

2215 3003 2309 3058 λου
2339 3005 2602 3074 ἐπιϐῆναι
2630 3007 2725 3060 καὶ
2750 3005 2916 3059 τόπον
2942 3005 3228 3075 παραπολὺ
3255 3005 3348 3058 τοῦ
3385 3005 3577 3059 στύλου
3605 3007 3800 3076 μετελ-

527 3094 596 3150 ad
637 3095 843 3161 locum,
894 3097 1150 3152 columna
1199 3097 1360 3166 longe
1405 3099 1790 3156 excelsiorem.
1851 3100 1944 3156 Sic
1976 3115 2104 3155 sen-

2213 3097 2324 3149 Θεῖν
2377 3097 2738 3168 ὑψηλότερον.
2793 3097 2979 3160 Οὕτως
3026 3097 3175 3167 αύτῷ
3233 3098 3413 3152 πάντα
3464 3096 3662 3168 γνώμῃ
3699 3096 3797 3150 τοῦ

523 3187 702 3244 tentia
727 3197 784 3244 et
803 3189 1089 3244 voluntate
1113 3189 1541 3259 Omnipotentis,
1579 3192 1650 3247 ab
1670 3207 1736 3246 eo
1762 3191 1956 3249 effecta
1978 3201 2110 3247 sunt

2213 3187 2544 3258 Κρείττονος
2576 3188 2921 3259 ἐπεραίνετο,
2947 3187 3040 3242 καὶ
3069 3187 3214 3256 μετά
3247 3187 3443 3258 μικρὸν
3484 3187 3580 3241 καὶ
3627 3189 3659 3256 ἡ
3694 3205 3803 3258 μη-

521 3281 738 3346 omnia,
759 3288 817 3337 et
843 3280 913 3334 ad
951 3295 1077 3334 eum
1107 3280 1270 3349 paulo
1297 3292 1422 3350 post
1451 3283 1614 3337 missa
1642 3290 1726 3338 est
1755 3283 1916 3352 pellis
1944 3283 2108 3338 ovilla

2213 3279 2357 3347 λωτὴ
2410 3277 2593 3334 Ἠλιοῦ
2623 3277 2701 3349 τῷ
2745 3281 2890 3334 κατὰ
2911 3280 3114 3350 τρόπον
3150 3279 3442 3350 Ἐλισσαίῳ
3482 3279 3796 3348 ἐπέμπετο.

521 3374 598 3427 ab
629 3374 770 3437 Elia,
804 3373 874 3428 ad
897 3388 1046 3435 eum,
1083 3373 1327 3440 inquam,
1371 3373 1464 3442 qui
1499 3373 1746 3427 moribus
1771 3383 1892 3428 erat
1917 3374 2109 3428 Elisteo

2222 3371 2533 3442 Ἐπέμπετο
2565 3373 2621 3426 δὲ
2655 3371 2854 3434 οὕτως.
2894 3372 3206 3426 Ἐστέλλετο
3241 3371 3341 3443 μὲν
3372 3373 3524 3442 παρὰ
3569 3370 3664 3423 τοῦ
3699 3370 3802 3423 Συ-

525 3464 746 3524 similis.
781 3465 870 3519 Sic
907 3474 1091 3519 autem
1125 3463 1291 3517 missa
1328 3474 1434 3520 est.
1468 3465 1511 3518 Δ
1540 3466 1797 3519 Simeone
1827 3465 1895 3520 ad
1932 3468 2108 3534 impe-

527 3564 769 3611 ratorem
808 3555 886 3626 (“2)
919 3554 1120 3610 missus
1147 3555 1372 3623 quidem
1429 3564 1550 3610 erat
1582 3556 1843 3626 Sergius,
1875 3558 1993 3627 ejus
2022 3556 2107 3611 di-

529 3645 798 3714 scipulus,
851 3646 918 3701 ad
959 3660 1083 3700 eum
1144 3645 1404 3700 deferens
1446 3645 1677 3710 donum,
1718 3648 1904 3702 omnia
1965 3648 2107 3702 mala

523 3736 835 3805 depellens,
861 3751 1062 3805 nempe
1108 3743 1326 3805 tegmen
1349 3735 1496 3804 quod
1533 3735 1771 3791 habebat
1801 3737 1855 3790 in
1887 3738 2066 3807 capite
2091 3754 2106 3803 ;

531 3828 712 3885 solent
747 3836 934 3883 autem
969 3827 1021 3881 id
1055 3841 1252 3881 vocare
1304 3827 1598 3882 cucullam.
1631 3827 1771 3884 Cum
1801 3839 1986 3884 autem
2011 3829 2111 3883 im-

531 3930 751 3990 perator
779 3919 1012 3974 haberet
1034 3918 1278 3972 animum
1314 3919 1438 3974 aliis
1470 3919 1767 3987 intentum,
1799 3930 1855 3975 et
1883 3929 2029 3976 esset
2053 3921 2110 3976 in

526 4010 682 4079 curis
724 4011 964 4078 publicis
1013 4019 1314 4080 occupatus
1338 4049 1353 4075 ,
1392 4010 1504 4064 Deo
1537 4009 1653 4064 haec
1691 4009 1876 4065 omnia
1931 4011 2112 4080 provi-

531 4101 696 4158 dente
727 4112 783 4158 et
811 4103 1188 4172 dispensante,
1219 4102 1332 4168 hic,
1363 4117 1529 4172 quem
1560 4102 1804 4158 diximus
1829 4144 1843 4168 ,
1885 4102 2110 4174 Sergius

533 4193 728 4251 statuit
755 4192 1012 4262 navigare
1043 4200 1099 4246 et
1151 4191 1332 4246 redire
1366 4208 1382 4257 ;
1413 4201 1470 4245 et
1519 4190 1887 4246 contendebat
1917 4207 2112 4260 perve-

532 4285 655 4340 nire
693 4283 762 4339 ad
822 4283 1222 4352 monasterium
1245 4325 1259 4348 ,
1298 4282 1446 4352 quod
1481 4283 1765 4337 nominant
1799 4283 2110 4338 Acmmeto-

2215 3463 2363 3534 μεὼν
2394 3463 2470 3534 τῷ
2510 3463 2728 3534 βασιλεῖ
2771 3465 3006 3535 Σέργιος
3035 3464 3064 3516 ό
3098 3465 3290 3517 τούτου
3343 3462 3592 3533 μαθητὴς
3625 3462 3801 3531 δῶρον

2215 3555 2367 3624 αύτῷ
2400 3555 2606 3620 παντὸς
2637 3556 2812 3609 κακοῦ
2845 3557 3221 3625 ἀποτρόπαιον
3255 3557 3316 3608 τὸ
3361 3556 3453 3607 ἐπὶ
3481 3554 3584 3623 τῆς
3631 3572 3802 3624 κεφα-

2213 3644 2315 3713 λῆς
2344 3645 2608 3713 κάλυμμα
2649 3644 3008 3716 (κουκούλλαν
3041 3645 3160 3698 τόδε
3195 3646 3382 3699 καλεῖν
3411 3644 3661 3713 σύνηθες)
3706 3662 3801 3698 κο-

2217 3735 2373 3804 μίζον
2397 3735 2546 3806 αύτῷ
2569 3752 2583 3766 ·
2614 3736 2709 3790 τοῦ
2733 3736 2788 3789 δὲ
2822 3737 3090 3806 βασιλέως
3129 3738 3267 3808 πρὸς
3289 3737 3472 3800 ἄλλοις
3500 3737 3600 3806 τὴν
3619 3737 3799 3806 ψυχὴν

2213 3825 2431 3896 ἔχοντος
2462 3826 2557 3880 καὶ
2588 3826 2836 3897 φροντίσι
2868 3827 3156 3897 δημοσίαις
3186 3830 3590 3899 ἀσχολουμένου
3611 3867 3625 3893 ,
3659 3829 3796 3883 Θεοῦ

2213 3918 2391 3972 ταῦτα
2421 3917 2642 3982 πάντως
2681 3917 3135 3989 οἰκονομοῦντος,
3180 3922 3208 3974 ό
3256 3920 3447 3992 ῥηθεὶς
3481 3915 3636 3983 οὗτος
3668 3923 3800 3993 Σέρ-
3889 3973 3898 3978 .

2213 4028 2330 4082 γιος
2365 4011 2708 4064 ἀναπλεῦσαι
2740 4011 2961 4080 διέγνω,
2989 4014 3085 4068 καὶ
3109 4014 3205 4079 τὴν
3237 4013 3408 4084 μονὴν
3435 4014 3500 4085 ἣν
3541 4015 3800 4086 Ἀκοιμή-

2211 4121 2323 4158 των
2355 4104 2758 4174 ἐπονομάζουσι
2789 4105 3122 4159 καταλαϐεῖν
3151 4105 3429 4161 ἔσπευδεν.
3480 4107 3631 4160 Ἐπεὶ
3666 4108 3796 4175 γοῦν

2212 4193 2501 4248 ἀναπλέων
2530 4193 2746 4262 σύναμα
2772 4196 2882 4248 τισὶ
2911 4195 3007 4248 τοῦ
3033 4197 3232 4268 Δανιὴλ
3255 4199 3593 4268 προσήγγιζε
3621 4200 3792 4270 τόπῳ,

2213 4283 2471 4355 καθάπερ
2503 4286 2569 4338 ἐκ
2594 4284 2938 4358 συνθήματος
2967 4287 3130 4351 εὐθὺς
3163 4290 3221 4340 ἐν
3248 4291 3365 4352 τοῖς
3391 4290 3646 4343 ἁπάντων
3680 4291 3799 4342 στό-

535 4391 679 4440 rum,
709 4375 762 4429 id
789 4383 896 4441 est,
928 4390 1039 4428 non
1073 4373 1488 4430 dormientium.
1517 4373 1653 4429 Cum
1702 4389 1831 4444 ergo
1869 4373 1984 4444 ipse
2022 4389 2108 4429 re-

2213 4393 2378 4445 μασιν
2407 4377 2436 4429 ό
2479 4375 2750 4449 μακάριος
2783 4371 2872 4449 ἦν.
2902 4377 3014 4432 Καὶ
3043 4377 3095 4432 οῑ
3131 4380 3230 4446 μὲν
3263 4379 3430 4433 αὐτοῦ
3461 4382 3556 4450 τῆς
3592 4380 3801 4450 ὑπομο-

535 4475 758 4522 vertens
780 4482 905 4522 cum
927 4467 1258 4535 quibusdam
1291 4467 1414 4522 aliis
1454 4466 1780 4522 accessisset
1826 4479 1998 4536 prope
2031 4465 2112 4518 lo-

533 4570 658 4611 cum
691 4554 954 4623 Danielis,
984 4556 1168 4611 statim
1217 4567 1474 4627 tanquam
1519 4557 1675 4628 signo
1710 4558 1860 4622 dato,
1915 4555 2110 4610 beatus

533 4655 652 4702 erat
685 4645 741 4700 in
789 4661 886 4700 ore
919 4649 1186 4702 omnium.
1221 4648 1292 4703 Et
1343 4648 1434 4703 alii
1467 4647 1690 4718 quidem
1743 4647 2111 4703 meminerant

535 4740 656 4810 ejus
684 4738 1024 4804 tolerantiae;
1054 4740 1147 4794 alii
1181 4750 1368 4796 autem
1412 4755 1661 4810 precum,
1687 4739 1782 4794 alii
1834 4754 1969 4794 vero
2007 4753 2110 4794 cu-

538 4831 846 4906 rationum,
873 4829 966 4885 alii
993 4845 1143 4897 vero,
1189 4830 1337 4901 quod
1365 4830 1728 4886 mansuefecit
1773 4830 1978 4894 locum,
2013 4830 2108 4900 qui

535 4919 920 4992 possidebatur
963 4935 994 4976 a
1034 4920 1378 4977 dannonibus
1415 4938 1429 4976 :
1461 4931 1518 4975 et
1547 4936 1694 4976 nunc
1739 4920 1964 4990 quidem
2016 4921 2111 4991 qui

533 5020 663 5066 sunt
691 5011 748 5066 in
791 5013 966 5075 mari,
997 5010 1116 5067 sine
1163 5011 1408 5081 periculo
1459 5011 1765 5082 navigant;
1812 5011 1967 5067 illaesi
2017 5028 2114 5067 au-

536 5111 644 5159 tem
685 5103 791 5159 iter
840 5105 1048 5158 obeunt
1087 5103 1124 5157 ii
1165 5103 1260 5173 qui
1309 5110 1437 5158 sunt
1491 5102 1546 5157 in
1585 5103 1669 5158 via
1694 5103 1928 5173 pedites.
1985 5102 2112 5159 Haec

511 5175 790 5265 intelligit
839 5193 1084 5264 Sergius,
1133 5193 1222 5250 cui
1260 5194 1619 5249 commissum
1679 5193 1859 5251 fuerat
1902 5193 2110 5249 donum

532 5284 1030 5355 pretiosissimum;
1091 5291 1147 5339 et
1211 5300 1333 5340 eum
1407 5285 1528 5354 ejus
1593 5283 1869 5340 desiderio
1927 5294 2112 5341 motus

533 5372 730 5429 fuisset
767 5377 1003 5443 animus,
1066 5389 1219 5448 rogat
1268 5378 1521 5447 quisnam
1558 5379 1651 5434 hic
1712 5380 1804 5447 sit,
1830 5391 1887 5437 et
1910 5381 2027 5450 ubi,
2058 5392 2113 5438 et

535 5479 602 5517 an
635 5463 796 5520 liceat
827 5480 952 5521 eum
982 5468 1299 5523 convenire.
1333 5468 1412 5523 llli
1445 5484 1577 5525 vero
1607 5478 1663 5526 et
1691 5471 1872 5526 locum
1917 5473 2113 5528 alacri-

537 5563 622 5608 ter
657 5543 1040 5624 Ostendcrunt,
1071 5566 1128 5613 et
1157 5574 1282 5614 cum
1308 5559 1364 5613 in
1399 5567 1602 5614 terram
1645 5563 1967 5630 appulisset,
2001 5563 2105 5634 ipsi

619 5719 736 5793 (β)
797 5721 927 5781 Vide
994 5727 1192 5784 Baron.
1254 5740 1400 5784 anno
1456 5727 1578 5782 400.
1633 5723 1870 5785 Leonem
1937 5727 2200 5800 intellige.

2215 4467 2314 4536 νῆς
2348 4467 2692 4538 ἐμέμνηντο,
2727 4470 2776 4522 0i
2816 4469 2873 4522 δὲ
2905 4469 3012 4524 τῶν
3052 4471 3251 4541 εὐχῶν,
3286 4473 3334 4524 ol
3357 4471 3415 4524 δέ
3436 4469 3546 4524 τῶν
3576 4473 3795 4536 ίάσεων,

2213 4558 2263 4611 οί
2289 4557 2346 4610 δέ
2373 4557 2454 4612 ὅτι
2476 4558 2568 4612 τὸν
2588 4559 2754 4612 τόπον
2775 4559 3026 4630 δαίμοσιν
3050 4560 3178 4614 ὄντα
3204 4561 3434 4633 κάτοχον
3450 4561 3796 4633 ἐξημέρωσε·

2212 4649 2308 4702 καὶ
2365 4649 2463 4702 νῦν
2514 4649 2820 4716 ἀκινδύνως
2876 4651 2974 4721 μὲν
3017 4651 3069 4705 οἱ
3119 4654 3176 4706 ἐν
3223 4652 3470 4725 θαλάσσῃ
3516 4653 3796 4717 πλέουσιν,

2212 4737 2472 4802 ἀϐλαϐῶς
2511 4739 2570 4794 δὲ
2617 4739 2669 4793 οί
2718 4741 2778 4796 ἐν
2816 4743 2888 4813 γῇ
2942 4743 3259 4808 πεζεύουσι.
3300 4743 3580 4800 Μανθάνιι
3624 4745 3800 4799 ταῦτα

2214 4834 2310 4886 καὶ
2341 4833 2569 4904 Σέργιος
2602 4835 2630 4886 ὁ
2659 4833 2722 4888 τὸ
2753 4833 3056 4906 πολύτιμον
3077 4833 3311 4906 δώρημα
3340 4835 3677 4902 πιστευθεὶς,
3703 4839 3801 4891 καὶ

2215 4923 2314 4995 τὴν
2338 4922 2522 4995 ψυχὴν
2563 4925 2702 4996 πρὸς
2738 4925 2919 4997 ἔρωτα
2955 4925 3199 4996 κινηθεὶς
3229 4925 3564 4983 πυνθάνεται
3595 4931 3679 4992 τίς
3711 4925 3802 4985 οὗ·

2214 5032 2306 5078 τος
2339 5017 2432 5070 καὶ
2460 5017 2619 5082 ὅπου,
2652 5018 2747 5071 καὶ
2787 5019 2835 5071 εί
2875 5017 3098 5072 δυνατὸν
3128 5017 3280 5090 αύτῷ
3319 5021 3583 5092 ἐντυχεῖν.
3626 5022 3694 5076 Oi
3740 5023 3801 5076 δὲ

2214 5106 2307 5160 τόν
2330 5123 2389 5184 τε
2415 5104 2581 5160 τόπον
2621 5106 2919 5178 προθύμως
2942 5109 3250 5176 ὑπέδειξαν,
3285 5113 3379 5168 καὶ
3413 5114 3478 5183 τῇ
3511 5115 3581 5184 γῇ
3629 5130 3802 5184 προσ-

2215 5181 2546 5263 οκείλαντες,
2579 5199 2734 5252 αύτοί
2761 5217 2822 5253 τε
2850 5199 2988 5272 πρὸς
3021 5201 3113 5254 τὸν
3146 5201 3292 5255 ὅσιον
3323 5181 3795 5276 σύναήμανΣεργίῳ

2219 5289 2598 5362 ἀφικνοῦνται.
2630 5293 2728 5355 ’ος
2753 5291 2846 5347 καὶ
2880 5291 3086 5363 σφόδρα
3117 5292 3458 5364 φιλοφρόνως
3488 5295 3578 5348 τὸν
3610 5297 3796 5366 μακά-

2219 5400 2337 5452 ριον
2367 5381 2780 5452 ἀσπασάμενος,
2813 5383 2882 5437 τὰ
2932 5385 3030 5453 μὲν
3067 5383 3230 5448 αὐτὸς
3279 5385 3576 5455 ἐξηγεῖται,
3608 5389 3709 5458 τήν
3735 5405 3798 5442 τε

2217 5472 2310 5525 τοῦ
2330 5471 2556 5542 Συμεὼν
2580 5473 2723 5544 φημὶ
2744 5473 2855 5527 τῶν
2885 5473 3094 5527 ἐνθένδε
3117 5474 3466 5548 ἀπαλλαγὴν,
3492 5477 3585 5532 καὶ
3613 5477 3642 5530 ὃ
3665 5479 3799 5547 παρ’

2218 5558 2385 5613 αὑτοῦ
2416 5559 2632 5631 κομίζει
2676 5561 2753 5632 τῷ
2782 5561 2990 5632 βασιλεί
3047 5562 3242 5636 δῶρον,
3287 5564 3428 5636 Πρὸς
3482 5565 3541 5619 σέ
3596 5564 3802 5636 μᾶλλον
