  <div class='ocr_page' id='page_1' title='image "/cluster/home/n/w/nwhite01/storage/ocr_20150623/116/hvd.32044073502221/500.png"; bbox 0 0 4142 6384; ppageno 0'>
   <div class='ocr_carea' id='block_1_1' title="bbox 378 357 489 422">
    <p class='ocr_par' dir='ltr' id='par_1_1' title="bbox 378 357 489 422">
     <span class='ocr_line' id='line_1_1' title="bbox 378 357 489 422; baseline -0.018 0"><span class='ocrx_word' id='word_1_1' title='bbox 378 357 489 422; x_wconf 78' lang='lat'><strong>989</strong></span> 
     </span>
    </p>
   </div>
   <div class='ocr_carea' id='block_1_2' title="bbox 1471 367 2572 441">
    <p class='ocr_par' dir='ltr' id='par_1_2' title="bbox 1471 367 2572 441">
     <span class='ocr_line' id='line_1_2' title="bbox 1471 367 2572 441; baseline 0.007 -9"><span class='ocrx_word' id='word_1_2' title='bbox 1471 367 1654 432; x_wconf 82' lang='lat' dir='ltr'><strong>VITA</strong></span> <span class='ocrx_word' id='word_1_3' title='bbox 1695 371 1757 432; x_wconf 91' lang='lat' dir='ltr'><strong>S.</strong></span> <span class='ocrx_word' id='word_1_4' title='bbox 1799 370 2168 438; x_wconf 80' lang='lat' dir='ltr'><strong>DANIELIS</strong></span> <span class='ocrx_word' id='word_1_5' title='bbox 2207 377 2572 441; x_wconf 64' lang='lat' dir='ltr'><strong>STYLITE.</strong></span> 
     </span>
    </p>
   </div>
   <div class='ocr_carea' id='block_1_3' title="bbox 3550 368 3660 430">
    <p class='ocr_par' dir='ltr' id='par_1_3' title="bbox 3550 368 3660 430">
     <span class='ocr_line' id='line_1_3' title="bbox 3550 368 3660 430; baseline 0 -1"><span class='ocrx_word' id='word_1_6' title='bbox 3550 368 3660 430; x_wconf 79' lang='lat'><strong>990</strong></span> 
     </span>
    </p>
   </div>
   <div class='ocr_carea' id='block_1_4' title="bbox 367 470 1988 554">
    <p class='ocr_par' dir='ltr' id='par_1_4' title="bbox 367 470 1988 548">
     <span class='ocr_line' id='line_1_4' title="bbox 367 470 1988 548; baseline 0.008 -22"><span class='ocrx_word' id='word_1_7' title='bbox 367 470 543 528; x_wconf 75' lang='grc' dir='ltr'>είπὼν</span> <span class='ocrx_word' id='word_1_8' title='bbox 606 471 762 542; x_wconf 73' lang='grc' dir='ltr'>παρὰ</span> <span class='ocrx_word' id='word_1_9' title='bbox 819 473 916 528; x_wconf 88' lang='grc' dir='ltr'><strong>τοῦ</strong></span> <span class='ocrx_word' id='word_1_10' title='bbox 950 473 1091 530; x_wconf 83' lang='grc' dir='ltr'>Θεοῦ</span> <span class='ocrx_word' id='word_1_11' title='bbox 1143 476 1504 534; x_wconf 77' lang='grc' dir='ltr'><strong>ἀπεστάλθαι.</strong></span> <span class='ocrx_word' id='word_1_12' title='bbox 1551 481 1632 536; x_wconf 79' lang='grc' dir='ltr'><strong>Τὰ</strong></span> <span class='ocrx_word' id='word_1_13' title='bbox 1681 482 1741 536; x_wconf 80' lang='grc' dir='ltr'>δὲ</span> <span class='ocrx_word' id='word_1_14' title='bbox 1792 486 1988 548; x_wconf 72' lang='grc' dir='ltr'>πάλιν,</span> 
     </span>
    </p>
   </div>
   <div class='ocr_carea' id='block_1_5' title="bbox 2090 470 3656 554">
    <p class='ocr_par' dir='ltr' id='par_1_5' title="bbox 2093 477 3656 554">
     <span class='ocr_line' id='line_1_5' title="bbox 2093 477 3656 554; baseline -0.007 -10"><span class='ocrx_word' id='word_1_15' title='bbox 2093 489 2336 545; x_wconf 90' lang='lat' dir='ltr'><strong>ccedunt</strong></span> <span class='ocrx_word' id='word_1_16' title='bbox 2377 488 2444 545; x_wconf 89' lang='lat' dir='ltr'><strong>ad</strong></span> <span class='ocrx_word' id='word_1_17' title='bbox 2477 497 2748 554; x_wconf 87' lang='lat' dir='ltr'><strong>sanctum,</strong></span> <span class='ocrx_word' id='word_1_18' title='bbox 2805 495 2862 542; x_wconf 91' lang='lat' dir='ltr'><strong>et</strong></span> <span class='ocrx_word' id='word_1_19' title='bbox 2908 499 3016 541; x_wconf 85' lang='lat' dir='ltr'><strong>una</strong></span> <span class='ocrx_word' id='word_1_20' title='bbox 3085 495 3208 538; x_wconf 89' lang='lat' dir='ltr'><strong>cum</strong></span> <span class='ocrx_word' id='word_1_21' title='bbox 3267 477 3353 534; x_wconf 89' lang='lat' dir='ltr'><strong>eis</strong></span> <span class='ocrx_word' id='word_1_22' title='bbox 3399 477 3656 545; x_wconf 79' lang='lat' dir='ltr'><strong>Sergius.</strong></span> 
     </span>
    </p>
   </div>
   <div class='ocr_carea' id='block_1_6' title="bbox 375 563 1960 644">
    <p class='ocr_par' dir='ltr' id='par_1_6' title="bbox 375 563 1960 644">
     <span class='ocr_line' id='line_1_6' title="bbox 375 563 1960 644; baseline 0.01 -28"><span class='ocrx_word' id='word_1_23' title='bbox 375 564 526 634; x_wconf 80' lang='grc' dir='ltr'>παρὰ</span> <span class='ocrx_word' id='word_1_24' title='bbox 554 563 652 618; x_wconf 88' lang='grc' dir='ltr'><strong>τοῦ</strong></span> <span class='ocrx_word' id='word_1_25' title='bbox 681 565 882 632; x_wconf 80' lang='grc' dir='ltr'>Δανιὴλ</span> <span class='ocrx_word' id='word_1_26' title='bbox 913 565 1102 620; x_wconf 84' lang='grc' dir='ltr'>ἀκούει</span> <span class='ocrx_word' id='word_1_27' title='bbox 1137 568 1173 624; x_wconf 76' lang='grc' dir='ltr'>ἃ</span> <span class='ocrx_word' id='word_1_28' title='bbox 1199 571 1228 622; x_wconf 87' lang='grc' dir='ltr'><strong>ό</strong></span> <span class='ocrx_word' id='word_1_29' title='bbox 1257 569 1390 634; x_wconf 68' lang='grc' dir='ltr'>Θεὸς</span> <span class='ocrx_word' id='word_1_30' title='bbox 1419 572 1568 643; x_wconf 86' lang='grc' dir='ltr'>αύτῷ</span> <span class='ocrx_word' id='word_1_31' title='bbox 1619 575 1746 644; x_wconf 87' lang='grc' dir='ltr'>περί</span> <span class='ocrx_word' id='word_1_32' title='bbox 1775 595 1834 630; x_wconf 84' lang='grc' dir='ltr'><strong>τε</strong></span> <span class='ocrx_word' id='word_1_33' title='bbox 1864 579 1960 632; x_wconf 82' lang='grc' dir='ltr'><strong>τοῦ</strong></span> 
     </span>
    </p>
   </div>
   <div class='ocr_carea' id='block_1_7' title="bbox 370 653 1957 735">
    <p class='ocr_par' dir='ltr' id='par_1_7' title="bbox 370 653 1957 735">
     <span class='ocr_line' id='line_1_7' title="bbox 370 653 1957 735; baseline 0.011 -30"><span class='ocrx_word' id='word_1_34' title='bbox 370 653 599 724; x_wconf 82' lang='grc' dir='ltr'>Συμεὼν</span> <span class='ocrx_word' id='word_1_35' title='bbox 650 656 745 715; x_wconf 78' lang='grc' dir='ltr'>καὶ</span> <span class='ocrx_word' id='word_1_36' title='bbox 791 655 895 724; x_wconf 77' lang='grc' dir='ltr'>τῆς</span> <span class='ocrx_word' id='word_1_37' title='bbox 947 657 1070 711; x_wconf 85' lang='grc' dir='ltr'>κατ’</span> <span class='ocrx_word' id='word_1_38' title='bbox 1119 660 1283 714; x_wconf 70' lang='grc' dir='ltr'>αὑτὸν</span> <span class='ocrx_word' id='word_1_39' title='bbox 1335 663 1601 735; x_wconf 80' lang='grc' dir='ltr'><strong>ἐγνώρισε</strong></span> <span class='ocrx_word' id='word_1_40' title='bbox 1652 666 1957 731; x_wconf 78' lang='grc' dir='ltr'><strong>πολιτείας.</strong></span> 
     </span>
    </p>
   </div>
   <div class='ocr_carea' id='block_1_8' title="bbox 376 748 1964 830">
    <p class='ocr_par' dir='ltr' id='par_1_8' title="bbox 376 748 1964 830">
     <span class='ocr_line' id='line_1_8' title="bbox 376 748 1964 830; baseline 0.009 -30"><span class='ocrx_word' id='word_1_41' title='bbox 376 749 557 819; x_wconf 81' lang='grc' dir='ltr'>’Δπερ</span> <span class='ocrx_word' id='word_1_42' title='bbox 587 748 826 811; x_wconf 84' lang='grc' dir='ltr'>ἀκούσας</span> <span class='ocrx_word' id='word_1_43' title='bbox 847 750 876 802; x_wconf 87' lang='grc' dir='ltr'><strong>δ</strong></span> <span class='ocrx_word' id='word_1_44' title='bbox 901 749 1125 820; x_wconf 80' lang='grc' dir='ltr'><strong>Σέργιος</strong></span> <span class='ocrx_word' id='word_1_45' title='bbox 1152 753 1247 806; x_wconf 76' lang='grc' dir='ltr'><strong>καὶ</strong></span> <span class='ocrx_word' id='word_1_46' title='bbox 1269 754 1330 806; x_wconf 75' lang='grc' dir='ltr'>τὸ</span> <span class='ocrx_word' id='word_1_47' title='bbox 1349 755 1492 823; x_wconf 76' lang='grc' dir='ltr'>ἱερὸν</span> <span class='ocrx_word' id='word_1_48' title='bbox 1513 756 1712 810; x_wconf 79' lang='grc' dir='ltr'>αὐτίκα</span> <span class='ocrx_word' id='word_1_49' title='bbox 1732 759 1964 830; x_wconf 80' lang='grc' dir='ltr'><strong>δώρημα.</strong></span> 
     </span>
    </p>
   </div>
   <div class='ocr_carea' id='block_1_9' title="bbox 368 837 1964 921">
    <p class='ocr_par' dir='ltr' id='par_1_9' title="bbox 368 837 1964 921">
     <span class='ocr_line' id='line_1_9' title="bbox 368 837 1964 921; baseline 0.008 -28"><span class='ocrx_word' id='word_1_50' title='bbox 368 837 617 893; x_wconf 72' lang='grc' dir='ltr'>ἐκϐαλὼν</span> <span class='ocrx_word' id='word_1_51' title='bbox 643 838 721 908; x_wconf 84' lang='grc' dir='ltr'>τῷ</span> <span class='ocrx_word' id='word_1_52' title='bbox 752 840 951 911; x_wconf 74' lang='grc' dir='ltr'>Δανιὴλ</span> <span class='ocrx_word' id='word_1_53' title='bbox 989 842 1194 905; x_wconf 83' lang='grc' dir='ltr'>δίδωσι,</span> <span class='ocrx_word' id='word_1_54' title='bbox 1217 845 1312 898; x_wconf 72' lang='grc' dir='ltr'><strong>καὶ</strong></span> <span class='ocrx_word' id='word_1_55' title='bbox 1341 846 1533 902; x_wconf 65' lang='grc' dir='ltr'>ἑαυτὸν</span> <span class='ocrx_word' id='word_1_56' title='bbox 1569 849 1761 920; x_wconf 75' lang='grc' dir='ltr'>ἐκείνῳ</span> <span class='ocrx_word' id='word_1_57' title='bbox 1793 868 1964 921; x_wconf 83' lang='grc' dir='ltr'>προσ-</span> 
     </span>
    </p>
   </div>
   <div class='ocr_carea' id='block_1_10' title="bbox 374 936 1962 1014">
    <p class='ocr_par' dir='ltr' id='par_1_10' title="bbox 374 936 1962 1014">
     <span class='ocr_line' id='line_1_10' title="bbox 374 936 1962 1014; baseline 0.009 -28"><span class='ocrx_word' id='word_1_58' title='bbox 374 936 748 1005; x_wconf 77' lang='grc' dir='ltr'>παραδίδωτιν</span> <span class='ocrx_word' id='word_1_59' title='bbox 780 937 888 989; x_wconf 73' lang='grc' dir='ltr'>ἀπὸ</span> <span class='ocrx_word' id='word_1_60' title='bbox 915 937 1010 992; x_wconf 87' lang='grc' dir='ltr'><strong>τοῦ</strong></span> <span class='ocrx_word' id='word_1_61' title='bbox 1046 940 1253 1010; x_wconf 72' lang='grc' dir='ltr'>πατρὸς</span> <span class='ocrx_word' id='word_1_62' title='bbox 1289 941 1382 994; x_wconf 89' lang='grc' dir='ltr'><strong>τοῦ</strong></span> <span class='ocrx_word' id='word_1_63' title='bbox 1421 943 1650 1012; x_wconf 85' lang='grc' dir='ltr'>Συμεὼν</span> <span class='ocrx_word' id='word_1_64' title='bbox 1686 945 1824 1014; x_wconf 75' lang='grc' dir='ltr'>πρὸς</span> <span class='ocrx_word' id='word_1_65' title='bbox 1857 964 1962 1000; x_wconf 86' lang='grc' dir='ltr'>πα·</span> 
     </span>
    </p>
   </div>
   <div class='ocr_carea' id='block_1_11' title="bbox 2070 570 3658 652">
    <p class='ocr_par' dir='ltr' id='par_1_11' title="bbox 2070 570 3658 652">
     <span class='ocr_line' id='line_1_11' title="bbox 2070 570 3658 652; baseline -0.015 -4"><span class='ocrx_word' id='word_1_66' title='bbox 2070 581 2174 647; x_wconf 85' lang='lat' dir='ltr'><strong>Qui</strong></span> <span class='ocrx_word' id='word_1_67' title='bbox 2205 597 2331 636; x_wconf 83' lang='lat' dir='ltr'><strong>cum</strong></span> <span class='ocrx_word' id='word_1_68' title='bbox 2369 582 2602 652; x_wconf 79' lang='lat' dir='ltr'><strong>benigne</strong></span> <span class='ocrx_word' id='word_1_69' title='bbox 2626 579 2927 636; x_wconf 79' lang='lat' dir='ltr'><strong>admodum</strong></span> <span class='ocrx_word' id='word_1_70' title='bbox 2960 577 3184 632; x_wconf 85' lang='lat' dir='ltr'><strong>beatum</strong></span> <span class='ocrx_word' id='word_1_71' title='bbox 3209 573 3519 634; x_wconf 86' lang='lat' dir='ltr'><strong>salutasset,</strong></span> <span class='ocrx_word' id='word_1_72' title='bbox 3549 570 3658 624; x_wconf 77' lang='lat' dir='ltr'><strong>alia</strong></span> 
     </span>
    </p>
   </div>
   <div class='ocr_carea' id='block_1_12' title="bbox 2069 663 3660 744">
    <p class='ocr_par' dir='ltr' id='par_1_12' title="bbox 2069 663 3660 744">
     <span class='ocr_line' id='line_1_12' title="bbox 2069 663 3660 744; baseline -0.007 -16"><span class='ocrx_word' id='word_1_73' title='bbox 2069 673 2294 742; x_wconf 85' lang='lat' dir='ltr'><strong>quidem</strong></span> <span class='ocrx_word' id='word_1_74' title='bbox 2356 676 2472 744; x_wconf 91' lang='lat' dir='ltr'><strong>ipse</strong></span> <span class='ocrx_word' id='word_1_75' title='bbox 2521 673 2769 744; x_wconf 79' lang='lat' dir='ltr'><strong>exponit,</strong></span> <span class='ocrx_word' id='word_1_76' title='bbox 2845 671 3142 732; x_wconf 80' lang='lat' dir='ltr'><strong>Simconis,</strong></span> <span class='ocrx_word' id='word_1_77' title='bbox 3204 667 3453 736; x_wconf 83' lang='lat' dir='ltr'><strong>inquam,</strong></span> <span class='ocrx_word' id='word_1_78' title='bbox 3527 663 3660 717; x_wconf 84' lang='lat' dir='ltr'><strong>hinc</strong></span> 
     </span>
    </p>
   </div>
   <div class='ocr_carea' id='block_1_13' title="bbox 2073 753 3662 834">
    <p class='ocr_par' dir='ltr' id='par_1_13' title="bbox 2073 753 3662 834">
     <span class='ocr_line' id='line_1_13' title="bbox 2073 753 3662 834; baseline -0.008 -17"><span class='ocrx_word' id='word_1_79' title='bbox 2073 761 2388 830; x_wconf 83' lang='lat' dir='ltr'><strong>decessum,</strong></span> <span class='ocrx_word' id='word_1_80' title='bbox 2445 775 2498 820; x_wconf 83' lang='lat' dir='ltr'><strong>et</strong></span> <span class='ocrx_word' id='word_1_81' title='bbox 2531 763 2677 834; x_wconf 92' lang='lat' dir='ltr'><strong>quod</strong></span> <span class='ocrx_word' id='word_1_82' title='bbox 2721 763 2790 817; x_wconf 89' lang='lat' dir='ltr'><strong>ab</strong></span> <span class='ocrx_word' id='word_1_83' title='bbox 2813 763 2940 832; x_wconf 81' lang='lat' dir='ltr'><strong>ipso</strong></span> <span class='ocrx_word' id='word_1_84' title='bbox 2971 760 3178 815; x_wconf 88' lang='lat' dir='ltr'><strong>donum</strong></span> <span class='ocrx_word' id='word_1_85' title='bbox 3237 759 3406 811; x_wconf 79' lang='lat' dir='ltr'><strong>ferret</strong></span> <span class='ocrx_word' id='word_1_86' title='bbox 3449 753 3519 808; x_wconf 91' lang='lat' dir='ltr'><strong>ad</strong></span> <span class='ocrx_word' id='word_1_87' title='bbox 3559 753 3662 805; x_wconf 87' lang='lat' dir='ltr'><strong>im-</strong></span> 
     </span>
    </p>
   </div>
   <div class='ocr_carea' id='block_1_14' title="bbox 2071 847 3658 925">
    <p class='ocr_par' dir='ltr' id='par_1_14' title="bbox 2071 847 3658 925">
     <span class='ocr_line' id='line_1_14' title="bbox 2071 847 3658 925; baseline -0.008 -17"><span class='ocrx_word' id='word_1_88' title='bbox 2071 864 2406 925; x_wconf 89' lang='lat' dir='ltr'><strong>peratorem,</strong></span> <span class='ocrx_word' id='word_1_89' title='bbox 2437 856 2629 911; x_wconf 89' lang='lat' dir='ltr'><strong>dicens</strong></span> <span class='ocrx_word' id='word_1_90' title='bbox 2683 853 2915 916; x_wconf 86' lang='lat' dir='ltr'><strong>Danieli,</strong></span> <span class='ocrx_word' id='word_1_91' title='bbox 2950 851 3004 906; x_wconf 88' lang='lat' dir='ltr'><strong>id</strong></span> <span class='ocrx_word' id='word_1_92' title='bbox 3059 851 3127 904; x_wconf 92' lang='lat' dir='ltr'><strong>ad</strong></span> <span class='ocrx_word' id='word_1_93' title='bbox 3159 865 3284 902; x_wconf 89' lang='lat' dir='ltr'><strong>eum</strong></span> <span class='ocrx_word' id='word_1_94' title='bbox 3321 847 3504 916; x_wconf 78' lang='lat' dir='ltr'><strong>potius</strong></span> <span class='ocrx_word' id='word_1_95' title='bbox 3537 858 3658 898; x_wconf 81' lang='lat' dir='ltr'><strong>esse</strong></span> 
     </span>
    </p>
   </div>
   <div class='ocr_carea' id='block_1_15' title="bbox 2071 935 3658 1016">
    <p class='ocr_par' dir='ltr' id='par_1_15' title="bbox 2071 935 3658 1016">
     <span class='ocr_line' id='line_1_15' title="bbox 2071 935 3658 1016; baseline -0.008 -16"><span class='ocrx_word' id='word_1_96' title='bbox 2071 945 2324 1011; x_wconf 90' lang='lat' dir='ltr'><strong>missum,</strong></span> <span class='ocrx_word' id='word_1_97' title='bbox 2377 962 2540 1016; x_wconf 85' lang='lat' dir='ltr'><strong>quam</strong></span> <span class='ocrx_word' id='word_1_98' title='bbox 2595 947 2660 1001; x_wconf 90' lang='lat' dir='ltr'><strong>ad</strong></span> <span class='ocrx_word' id='word_1_99' title='bbox 2712 947 2888 1009; x_wconf 85' lang='lat' dir='ltr'><strong>illum,</strong></span> <span class='ocrx_word' id='word_1_100' title='bbox 2935 943 3001 997; x_wconf 89' lang='lat' dir='ltr'><strong>ad</strong></span> <span class='ocrx_word' id='word_1_101' title='bbox 3050 957 3212 1012; x_wconf 88' lang='lat' dir='ltr'><strong>quem</strong></span> <span class='ocrx_word' id='word_1_102' title='bbox 3252 940 3368 1008; x_wconf 90' lang='lat' dir='ltr'><strong>ipse</strong></span> <span class='ocrx_word' id='word_1_103' title='bbox 3425 937 3477 991; x_wconf 91' lang='lat' dir='ltr'><strong>id</strong></span> <span class='ocrx_word' id='word_1_104' title='bbox 3512 935 3658 989; x_wconf 89' lang='lat' dir='ltr'><strong>mitti</strong></span> 
     </span>
    </p>
   </div>
   <div class='ocr_carea' id='block_1_16' title="bbox 371 1015 1988 1108">
    <p class='ocr_par' dir='ltr' id='par_1_16' title="bbox 371 1019 1963 1105">
     <span class='ocr_line' id='line_1_16' title="bbox 371 1019 1963 1105; baseline 0.01 -27"><span class='ocrx_word' id='word_1_105' title='bbox 371 1019 502 1095; x_wconf 78' lang='grc' dir='ltr'>τέρα</span> <span class='ocrx_word' id='word_1_106' title='bbox 538 1028 946 1097; x_wconf 80' lang='grc' dir='ltr'><strong>μετοικίζεσθαι</strong></span> <span class='ocrx_word' id='word_1_107' title='bbox 989 1029 1164 1100; x_wconf 86' lang='grc' dir='ltr'>λέγων</span> <span class='ocrx_word' id='word_1_108' title='bbox 1216 1031 1307 1086; x_wconf 83' lang='grc' dir='ltr'>τὸν</span> <span class='ocrx_word' id='word_1_109' title='bbox 1345 1034 1569 1105; x_wconf 74' lang='grc' dir='ltr'>Δανιὴλ.</span> <span class='ocrx_word' id='word_1_110' title='bbox 1634 1037 1743 1090; x_wconf 84' lang='grc' dir='ltr'><strong>Καὶ</strong></span> <span class='ocrx_word' id='word_1_111' title='bbox 1787 1037 1963 1094; x_wconf 78' lang='grc' dir='ltr'>ταῦτα</span> 
     </span>
    </p>
   </div>
   <div class='ocr_carea' id='block_1_17' title="bbox 2090 1015 3654 1108">
    <p class='ocr_par' dir='ltr' id='par_1_17' title="bbox 2090 1015 3654 1108">
     <span class='ocr_line' id='line_1_17' title="bbox 2090 1015 3654 1108; baseline -0.006 -17"><span class='ocrx_word' id='word_1_112' title='bbox 2090 1015 2432 1108; x_wconf 63' lang='lat' dir='ltr'><strong>lpiuaretur.</strong></span> <span class='ocrx_word' id='word_1_113' title='bbox 2487 1040 2606 1094; x_wconf 83' lang='lat' dir='ltr'><strong>Alia</strong></span> <span class='ocrx_word' id='word_1_114' title='bbox 2659 1049 2844 1093; x_wconf 86' lang='lat' dir='ltr'><strong>autem</strong></span> <span class='ocrx_word' id='word_1_115' title='bbox 2898 1051 3093 1091; x_wconf 84' lang='lat' dir='ltr'><strong>rursus</strong></span> <span class='ocrx_word' id='word_1_116' title='bbox 3150 1032 3369 1087; x_wconf 89' lang='lat' dir='ltr'><strong>audita</strong></span> <span class='ocrx_word' id='word_1_117' title='bbox 3405 1015 3654 1094; x_wconf 80' lang='lat' dir='ltr'><strong>Danielc,</strong></span> 
     </span>
    </p>
   </div>
   <div class='ocr_carea' id='block_1_18' title="bbox 378 1117 987 1194">
    <p class='ocr_par' dir='ltr' id='par_1_18' title="bbox 378 1117 987 1194">
     <span class='ocr_line' id='line_1_18' title="bbox 378 1117 987 1194; baseline 0.003 -23"><span class='ocrx_word' id='word_1_118' title='bbox 378 1117 480 1189; x_wconf 74' lang='grc' dir='ltr'>μὲν</span> <span class='ocrx_word' id='word_1_119' title='bbox 505 1119 808 1187; x_wconf 78' lang='grc' dir='ltr'>ἐπράττετο</span> <span class='ocrx_word' id='word_1_120' title='bbox 840 1120 987 1194; x_wconf 81' lang='grc' dir='ltr'>τῇδε.</span> 
     </span>
    </p>
   </div>
   <div class='ocr_carea' id='block_1_19' title="bbox 2067 1121 3659 1202">
    <p class='ocr_par' dir='ltr' id='par_1_19' title="bbox 2067 1121 3659 1202">
     <span class='ocr_line' id='line_1_19' title="bbox 2067 1121 3659 1202; baseline -0.007 -20"><span class='ocrx_word' id='word_1_121' title='bbox 2067 1145 2190 1200; x_wconf 69' lang='lat' dir='ltr'><strong>quae</strong></span> <span class='ocrx_word' id='word_1_122' title='bbox 2221 1131 2273 1186; x_wconf 85' lang='lat' dir='ltr'><strong>ei</strong></span> <span class='ocrx_word' id='word_1_123' title='bbox 2330 1133 2470 1186; x_wconf 88' lang='lat' dir='ltr'><strong>Deus</strong></span> <span class='ocrx_word' id='word_1_124' title='bbox 2523 1131 2854 1202; x_wconf 83' lang='lat' dir='ltr'><strong>signiﬁcavit</strong></span> <span class='ocrx_word' id='word_1_125' title='bbox 2910 1129 2978 1183; x_wconf 86' lang='lat' dir='ltr'><strong>de</strong></span> <span class='ocrx_word' id='word_1_126' title='bbox 3027 1125 3286 1180; x_wconf 86' lang='lat' dir='ltr'><strong>Simeonc</strong></span> <span class='ocrx_word' id='word_1_127' title='bbox 3312 1165 3325 1188; x_wconf 93' lang='lat'><strong>,</strong></span> <span class='ocrx_word' id='word_1_128' title='bbox 3361 1130 3418 1176; x_wconf 83' lang='lat' dir='ltr'><strong>et</strong></span> <span class='ocrx_word' id='word_1_129' title='bbox 3450 1121 3517 1174; x_wconf 90' lang='lat' dir='ltr'><strong>de</strong></span> <span class='ocrx_word' id='word_1_130' title='bbox 3549 1125 3659 1178; x_wconf 79' lang='lat' dir='ltr'><strong>vita</strong></span> 
     </span>
    </p>
   </div>
   <div class='ocr_carea' id='block_1_20' title="bbox 374 1211 3658 1292">
    <p class='ocr_par' dir='ltr' id='par_1_20' title="bbox 374 1211 3658 1292">
     <span class='ocr_line' id='line_1_20' title="bbox 374 1211 3658 1292; baseline 0 -26"><span class='ocrx_word' id='word_1_131' title='bbox 374 1213 495 1284; x_wconf 81' lang='lat' dir='ltr'><strong>ejus</strong></span> <span class='ocrx_word' id='word_1_132' title='bbox 529 1211 662 1266; x_wconf 80' lang='lat' dir='ltr'><strong>vitae</strong></span> <span class='ocrx_word' id='word_1_133' title='bbox 693 1213 948 1269; x_wconf 90' lang='lat' dir='ltr'><strong>instituto</strong></span> <span class='ocrx_word' id='word_1_134' title='bbox 980 1216 1624 1287; x_wconf 73' lang='lat' dir='ltr'><strong>congruenteragenda.</strong></span> <span class='ocrx_word' id='word_1_135' title='bbox 1657 1217 1788 1285; x_wconf 67' lang='lat' dir='ltr'><strong>Quae</strong></span> <span class='ocrx_word' id='word_1_136' title='bbox 1838 1219 2061 1290; x_wconf 89' lang='lat' dir='ltr'><strong>quidem</strong></span> <span class='ocrx_word' id='word_1_137' title='bbox 2105 1236 2229 1276; x_wconf 90' lang='lat' dir='ltr'><strong>cum</strong></span> <span class='ocrx_word' id='word_1_138' title='bbox 2277 1224 2541 1278; x_wconf 88' lang='lat' dir='ltr'><strong>audiisset</strong></span> <span class='ocrx_word' id='word_1_139' title='bbox 2609 1223 2856 1292; x_wconf 79' lang='lat' dir='ltr'><strong>Sergius,</strong></span> <span class='ocrx_word' id='word_1_140' title='bbox 2926 1236 3144 1275; x_wconf 88' lang='lat' dir='ltr'><strong>sacrum</strong></span> <span class='ocrx_word' id='word_1_141' title='bbox 3210 1217 3394 1274; x_wconf 83' lang='lat' dir='ltr'><strong>statim</strong></span> <span class='ocrx_word' id='word_1_142' title='bbox 3453 1213 3658 1268; x_wconf 84' lang='lat' dir='ltr'><strong>donum</strong></span> 
     </span>
    </p>
   </div>
   <div class='ocr_carea' id='block_1_21' title="bbox 375 1303 3660 1388">
    <p class='ocr_par' dir='ltr' id='par_1_21' title="bbox 375 1303 3660 1388">
     <span class='ocr_line' id='line_1_21' title="bbox 375 1303 3660 1388; baseline -0 -27"><span class='ocrx_word' id='word_1_143' title='bbox 375 1305 629 1373; x_wconf 78' lang='lat' dir='ltr'><strong>eiiciens,</strong></span> <span class='ocrx_word' id='word_1_144' title='bbox 659 1306 710 1360; x_wconf 97' lang='lat' dir='ltr'><strong>id</strong></span> <span class='ocrx_word' id='word_1_145' title='bbox 744 1303 915 1360; x_wconf 88' lang='lat' dir='ltr'><strong>donat</strong></span> <span class='ocrx_word' id='word_1_146' title='bbox 953 1307 1188 1375; x_wconf 90' lang='lat' dir='ltr'><strong>Danieli,</strong></span> <span class='ocrx_word' id='word_1_147' title='bbox 1218 1324 1246 1363; x_wconf 91' lang='lat' dir='ltr'><strong>a</strong></span> <span class='ocrx_word' id='word_1_148' title='bbox 1279 1319 1433 1379; x_wconf 84' lang='lat' dir='ltr'><strong>patre</strong></span> <span class='ocrx_word' id='word_1_149' title='bbox 1468 1309 1726 1366; x_wconf 83' lang='lat' dir='ltr'><strong>Simeone</strong></span> <span class='ocrx_word' id='word_1_150' title='bbox 1759 1310 1950 1368; x_wconf 90' lang='lat' dir='ltr'><strong>dicens</strong></span> <span class='ocrx_word' id='word_1_151' title='bbox 1990 1315 2228 1388; x_wconf 78' lang='lat' dir='ltr'><strong>migrare</strong></span> <span class='ocrx_word' id='word_1_152' title='bbox 2272 1315 2340 1370; x_wconf 88' lang='lat' dir='ltr'><strong>ad</strong></span> <span class='ocrx_word' id='word_1_153' title='bbox 2388 1327 2600 1387; x_wconf 83' lang='lat' dir='ltr'><strong>patrem</strong></span> <span class='ocrx_word' id='word_1_154' title='bbox 2645 1314 2948 1369; x_wconf 85' lang='lat' dir='ltr'><strong>Daniclem.</strong></span> <span class='ocrx_word' id='word_1_155' title='bbox 3003 1312 3071 1366; x_wconf 89' lang='lat' dir='ltr'><strong>Et</strong></span> <span class='ocrx_word' id='word_1_156' title='bbox 3135 1311 3251 1365; x_wconf 66' lang='lat' dir='ltr'><strong>haec</strong></span> <span class='ocrx_word' id='word_1_157' title='bbox 3297 1307 3522 1377; x_wconf 87' lang='lat' dir='ltr'><strong>quidem</strong></span> <span class='ocrx_word' id='word_1_158' title='bbox 3582 1305 3660 1360; x_wconf 92' lang='lat' dir='ltr'><strong>sic</strong></span> 
     </span>
    </p>
   </div>
   <div class='ocr_carea' id='block_1_22' title="bbox 379 1396 799 1452">
    <p class='ocr_par' dir='ltr' id='par_1_22' title="bbox 379 1396 799 1452">
     <span class='ocr_line' id='line_1_22' title="bbox 379 1396 799 1452; baseline 0 0"><span class='ocrx_word' id='word_1_159' title='bbox 379 1396 609 1452; x_wconf 84' lang='lat' dir='ltr'><strong>ﬁebant.</strong></span> <span class='ocrx_word' id='word_1_160' title='bbox 737 1448 741 1451; x_wconf 90' lang='lat'><strong>.</strong></span> <span class='ocrx_word' id='word_1_161' title='bbox 797 1449 799 1452; x_wconf 12' lang='grc' dir='ltr'><strong>ι</strong></span> 
     </span>
    </p>
   </div>
   <div class='ocr_carea' id='block_1_23' title="bbox 391 1478 1962 1569">
    <p class='ocr_par' dir='ltr' id='par_1_23' title="bbox 391 1478 1962 1569">
     <span class='ocr_line' id='line_1_23' title="bbox 391 1478 1962 1569; baseline 0.003 -24"><span class='ocrx_word' id='word_1_162' title='bbox 391 1478 396 1482; x_wconf 83' lang='grc'><em>’</em></span> <span class='ocrx_word' id='word_1_163' title='bbox 448 1493 550 1547; x_wconf 65' lang='grc' dir='ltr'>ιε’.</span> <span class='ocrx_word' id='word_1_164' title='bbox 584 1493 659 1547; x_wconf 81' lang='grc' dir='ltr'><strong>Τδ</strong></span> <span class='ocrx_word' id='word_1_165' title='bbox 684 1493 824 1546; x_wconf 84' lang='grc' dir='ltr'>θεῖον</span> <span class='ocrx_word' id='word_1_166' title='bbox 859 1493 916 1546; x_wconf 76' lang='grc' dir='ltr'>δὲ</span> <span class='ocrx_word' id='word_1_167' title='bbox 951 1492 1113 1549; x_wconf 88' lang='grc' dir='ltr'>πάλιν</span> <span class='ocrx_word' id='word_1_168' title='bbox 1159 1494 1231 1548; x_wconf 76' lang='grc' dir='ltr'><strong>τὰ</strong></span> <span class='ocrx_word' id='word_1_169' title='bbox 1276 1496 1480 1568; x_wconf 85' lang='grc' dir='ltr'>συνήθη</span> <span class='ocrx_word' id='word_1_170' title='bbox 1513 1496 1705 1550; x_wconf 86' lang='grc' dir='ltr'>ποιοῦν</span> <span class='ocrx_word' id='word_1_171' title='bbox 1739 1497 1962 1569; x_wconf 71' lang='grc' dir='ltr'>ἠρέθιζε</span> 
     </span>
    </p>
   </div>
   <div class='ocr_carea' id='block_1_24' title="bbox 376 1583 1968 1656">
    <p class='ocr_par' dir='ltr' id='par_1_24' title="bbox 376 1583 1968 1656">
     <span class='ocr_line' id='line_1_24' title="bbox 376 1583 1968 1656; baseline 0.002 -21"><span class='ocrx_word' id='word_1_172' title='bbox 376 1583 471 1636; x_wconf 84' lang='grc' dir='ltr'><strong>τδν</strong></span> <span class='ocrx_word' id='word_1_173' title='bbox 504 1583 704 1654; x_wconf 79' lang='grc' dir='ltr'>Δανιὴλ</span> <span class='ocrx_word' id='word_1_174' title='bbox 728 1583 850 1654; x_wconf 68' lang='grc' dir='ltr'>ὄψει</span> <span class='ocrx_word' id='word_1_175' title='bbox 877 1586 988 1639; x_wconf 78' lang='grc' dir='ltr'>τινὶ</span> <span class='ocrx_word' id='word_1_176' title='bbox 1013 1585 1264 1656; x_wconf 70' lang='grc' dir='ltr'>θειοτέρα</span> <span class='ocrx_word' id='word_1_177' title='bbox 1301 1586 1417 1656; x_wconf 82' lang='grc' dir='ltr'>βίου</span> <span class='ocrx_word' id='word_1_178' title='bbox 1463 1589 1668 1650; x_wconf 67' lang='grc' dir='ltr'>παντὸς</span> <span class='ocrx_word' id='word_1_179' title='bbox 1701 1586 1968 1656; x_wconf 77' lang='grc' dir='ltr'>ὑψηλοτέ-</span> 
     </span>
    </p>
   </div>
   <div class='ocr_carea' id='block_1_25' title="bbox 2141 1487 3662 1553">
    <p class='ocr_par' dir='ltr' id='par_1_25' title="bbox 2141 1487 3662 1553">
     <span class='ocr_line' id='line_1_25' title="bbox 2141 1487 3662 1553; baseline -0.007 -2"><span class='ocrx_word' id='word_1_180' title='bbox 2141 1497 2260 1552; x_wconf 81' lang='lat' dir='ltr'><strong>XV.</strong></span> <span class='ocrx_word' id='word_1_181' title='bbox 2305 1499 2448 1552; x_wconf 89' lang='lat' dir='ltr'><strong>Deus</strong></span> <span class='ocrx_word' id='word_1_182' title='bbox 2481 1504 2660 1550; x_wconf 87' lang='lat' dir='ltr'><strong>autem</strong></span> <span class='ocrx_word' id='word_1_183' title='bbox 2703 1511 2898 1549; x_wconf 88' lang='lat' dir='ltr'><strong>rursus</strong></span> <span class='ocrx_word' id='word_1_184' title='bbox 2930 1499 3195 1548; x_wconf 87' lang='lat' dir='ltr'><strong>consueta</strong></span> <span class='ocrx_word' id='word_1_185' title='bbox 3250 1488 3477 1553; x_wconf 81' lang='lat' dir='ltr'><strong>faciens,</strong></span> <span class='ocrx_word' id='word_1_186' title='bbox 3527 1487 3662 1541; x_wconf 89' lang='lat' dir='ltr'><strong>inci-</strong></span> 
     </span>
    </p>
   </div>
   <div class='ocr_carea' id='block_1_26' title="bbox 2075 1581 3661 1656">
    <p class='ocr_par' dir='ltr' id='par_1_26' title="bbox 2075 1581 3661 1656">
     <span class='ocr_line' id='line_1_26' title="bbox 2075 1581 3661 1656; baseline -0.008 -12"><span class='ocrx_word' id='word_1_187' title='bbox 2075 1588 2224 1644; x_wconf 85' lang='lat' dir='ltr'><strong>tabat</strong></span> <span class='ocrx_word' id='word_1_188' title='bbox 2278 1589 2561 1644; x_wconf 86' lang='lat' dir='ltr'><strong>Danielem</strong></span> <span class='ocrx_word' id='word_1_189' title='bbox 2631 1588 2849 1643; x_wconf 82' lang='lat' dir='ltr'><strong>visione</strong></span> <span class='ocrx_word' id='word_1_190' title='bbox 2921 1584 3158 1656; x_wconf 89' lang='lat' dir='ltr'><strong>quadam</strong></span> <span class='ocrx_word' id='word_1_191' title='bbox 3226 1581 3536 1644; x_wconf 87' lang='lat' dir='ltr'><strong>diviniore,</strong></span> <span class='ocrx_word' id='word_1_192' title='bbox 3600 1585 3661 1632; x_wconf 86' lang='lat' dir='ltr'><strong>ut</strong></span> 
     </span>
    </p>
   </div>
   <div class='ocr_carea' id='block_1_27' title="bbox 382 1667 1988 1766">
    <p class='ocr_par' dir='ltr' id='par_1_27' title="bbox 382 1675 1966 1750">
     <span class='ocr_line' id='line_1_27' title="bbox 382 1675 1966 1750; baseline 0.001 -23"><span class='ocrx_word' id='word_1_193' title='bbox 382 1692 479 1746; x_wconf 80' lang='lat' dir='ltr'><strong>pou</strong></span> <span class='ocrx_word' id='word_1_194' title='bbox 509 1677 606 1729; x_wconf 77' lang='grc' dir='ltr'>καὶ</span> <span class='ocrx_word' id='word_1_195' title='bbox 641 1675 890 1744; x_wconf 75' lang='grc' dir='ltr'><strong>μείζονος</strong></span> <span class='ocrx_word' id='word_1_196' title='bbox 929 1675 1171 1750; x_wconf 71' lang='grc' dir='ltr'>ἅψασθαι</span> <span class='ocrx_word' id='word_1_197' title='bbox 1211 1679 1513 1744; x_wconf 80' lang='grc' dir='ltr'>πολιτείας,</span> <span class='ocrx_word' id='word_1_198' title='bbox 1546 1679 1774 1748; x_wconf 80' lang='grc' dir='ltr'>ἐκλογῆς</span> <span class='ocrx_word' id='word_1_199' title='bbox 1807 1679 1966 1731; x_wconf 73' lang='grc' dir='ltr'>αὑτὸν</span> 
     </span>
    </p>
   </div>
   <div class='ocr_carea' id='block_1_28' title="bbox 2090 1667 3666 1766">
    <p class='ocr_par' dir='ltr' id='par_1_28' title="bbox 2090 1667 3666 1760">
     <span class='ocr_line' id='line_1_28' title="bbox 2090 1667 3666 1760; baseline -0.008 -25"><span class='ocrx_word' id='word_1_200' title='bbox 2090 1679 2467 1750; x_wconf 80' lang='lat' dir='ltr'><strong>tggrederetur</strong></span> <span class='ocrx_word' id='word_1_201' title='bbox 2518 1678 2741 1734; x_wconf 79' lang='lat' dir='ltr'><strong>vivendi</strong></span> <span class='ocrx_word' id='word_1_202' title='bbox 2789 1677 3060 1732; x_wconf 87' lang='lat' dir='ltr'><strong>rationem</strong></span> <span class='ocrx_word' id='word_1_203' title='bbox 3109 1673 3372 1744; x_wconf 86' lang='lat' dir='ltr'><strong>majorem</strong></span> <span class='ocrx_word' id='word_1_204' title='bbox 3412 1667 3666 1760; x_wconf 39' lang='lat' dir='ltr'><strong>et‘subli-</strong></span> 
     </span>
    </p>
   </div>
   <div class='ocr_carea' id='block_1_29' title="bbox 382 1765 1969 1842">
    <p class='ocr_par' dir='ltr' id='par_1_29' title="bbox 382 1765 1969 1842">
     <span class='ocr_line' id='line_1_29' title="bbox 382 1765 1969 1842; baseline 0.003 -24"><span class='ocrx_word' id='word_1_205' title='bbox 382 1765 576 1832; x_wconf 71' lang='grc' dir='ltr'>σκεῦος</span> <span class='ocrx_word' id='word_1_206' title='bbox 605 1768 748 1822; x_wconf 69' lang='grc' dir='ltr'>κατὰ</span> <span class='ocrx_word' id='word_1_207' title='bbox 781 1768 996 1823; x_wconf 81' lang='grc' dir='ltr'>Παῦλον</span> <span class='ocrx_word' id='word_1_208' title='bbox 1029 1770 1298 1841; x_wconf 89' lang='grc' dir='ltr'>προειδὼς</span> <span class='ocrx_word' id='word_1_209' title='bbox 1335 1770 1614 1842; x_wconf 72' lang='grc' dir='ltr'>ἐσόμενον.</span> <span class='ocrx_word' id='word_1_210' title='bbox 1645 1771 1752 1824; x_wconf 73' lang='grc' dir='ltr'><strong>Καὶ</strong></span> <span class='ocrx_word' id='word_1_211' title='bbox 1785 1773 1820 1840; x_wconf 82' lang='grc' dir='ltr'><strong>ἡ</strong></span> <span class='ocrx_word' id='word_1_212' title='bbox 1845 1769 1969 1840; x_wconf 76' lang='grc' dir='ltr'>ὄψις</span> 
     </span>
    </p>
   </div>
   <div class='ocr_carea' id='block_1_30' title="bbox 381 1856 1968 1934">
    <p class='ocr_par' dir='ltr' id='par_1_30' title="bbox 381 1856 1968 1934">
     <span class='ocr_line' id='line_1_30' title="bbox 381 1856 1968 1934; baseline 0.004 -23"><span class='ocrx_word' id='word_1_213' title='bbox 381 1856 446 1911; x_wconf 82' lang='grc' dir='ltr'>οὐ</span> <span class='ocrx_word' id='word_1_214' title='bbox 494 1857 574 1929; x_wconf 85' lang='grc' dir='ltr'>τῷ</span> <span class='ocrx_word' id='word_1_215' title='bbox 608 1859 829 1930; x_wconf 79' lang='grc' dir='ltr'>Δανιὴλ,</span> <span class='ocrx_word' id='word_1_216' title='bbox 866 1859 1004 1914; x_wconf 82' lang='grc' dir='ltr'>ἀλλὰ</span> <span class='ocrx_word' id='word_1_217' title='bbox 1036 1861 1112 1932; x_wconf 84' lang='grc' dir='ltr'>τῷ</span> <span class='ocrx_word' id='word_1_218' title='bbox 1147 1861 1362 1934; x_wconf 79' lang='grc' dir='ltr'><strong>Σεργίῳ</strong></span> <span class='ocrx_word' id='word_1_219' title='bbox 1397 1862 1600 1933; x_wconf 82' lang='grc' dir='ltr'>μᾶλλον</span> <span class='ocrx_word' id='word_1_220' title='bbox 1640 1863 1968 1934; x_wconf 85' lang='grc' dir='ltr'>παρίστατο.</span> 
     </span>
    </p>
   </div>
   <div class='ocr_carea' id='block_1_31' title="bbox 394 1947 1969 2026">
    <p class='ocr_par' dir='ltr' id='par_1_31' title="bbox 394 1947 1969 2026">
     <span class='ocr_line' id='line_1_31' title="bbox 394 1947 1969 2026; baseline 0 -20"><span class='ocrx_word' id='word_1_221' title='bbox 394 1947 607 2006; x_wconf 82' lang='grc' dir='ltr'>Ἐδόκει</span> <span class='ocrx_word' id='word_1_222' title='bbox 641 1952 747 2022; x_wconf 77' lang='grc' dir='ltr'><strong>γὰρ</strong></span> <span class='ocrx_word' id='word_1_223' title='bbox 778 1955 928 2024; x_wconf 80' lang='grc' dir='ltr'>τρεῖς</span> <span class='ocrx_word' id='word_1_224' title='bbox 957 1954 1106 2026; x_wconf 79' lang='grc' dir='ltr'>αὐτῷ</span> <span class='ocrx_word' id='word_1_225' title='bbox 1133 1957 1452 2020; x_wconf 83' lang='grc' dir='ltr'>νεανίσκους</span> <span class='ocrx_word' id='word_1_226' title='bbox 1480 1955 1734 2018; x_wconf 75' lang='grc' dir='ltr'>ἐλθόντας</span> <span class='ocrx_word' id='word_1_227' title='bbox 1760 1957 1934 2008; x_wconf 73' lang='grc' dir='ltr'>εἰπεῖν</span> <span class='ocrx_word' id='word_1_228' title='bbox 1953 1971 1969 1986; x_wconf 76' lang='grc' dir='ltr'><strong>ο</strong></span> 
     </span>
    </p>
   </div>
   <div class='ocr_carea' id='block_1_32' title="bbox 394 2040 1974 2120">
    <p class='ocr_par' dir='ltr' id='par_1_32' title="bbox 394 2040 1974 2120">
     <span class='ocr_line' id='line_1_32' title="bbox 394 2040 1974 2120; baseline 0.003 -26"><span class='ocrx_word' id='word_1_229' title='bbox 394 2040 682 2110; x_wconf 84' lang='grc' dir='ltr'>Ἀναστὰς,</span> <span class='ocrx_word' id='word_1_230' title='bbox 714 2043 932 2117; x_wconf 81' lang='grc' dir='ltr'>Σέργιε,</span> <span class='ocrx_word' id='word_1_231' title='bbox 959 2046 1087 2114; x_wconf 88' lang='grc' dir='ltr'>λέγε</span> <span class='ocrx_word' id='word_1_232' title='bbox 1116 2046 1194 2117; x_wconf 83' lang='grc' dir='ltr'>τῷ</span> <span class='ocrx_word' id='word_1_233' title='bbox 1225 2048 1371 2120; x_wconf 73' lang='grc' dir='ltr'>ἀϐϐᾷ</span> <span class='ocrx_word' id='word_1_234' title='bbox 1413 2049 1616 2118; x_wconf 71' lang='grc' dir='ltr'>Δανιὴλ</span> <span class='ocrx_word' id='word_1_235' title='bbox 1639 2066 1651 2079; x_wconf 90' lang='grc'><strong>·</strong></span> <span class='ocrx_word' id='word_1_236' title='bbox 1695 2049 1754 2102; x_wconf 86' lang='grc' dir='ltr'><strong>Ὀ</strong></span> <span class='ocrx_word' id='word_1_237' title='bbox 1783 2047 1881 2116; x_wconf 83' lang='grc' dir='ltr'>τῆς</span> <span class='ocrx_word' id='word_1_238' title='bbox 1917 2048 1974 2099; x_wconf 77' lang='grc' dir='ltr'>ὲν</span> 
     </span>
    </p>
   </div>
   <div class='ocr_carea' id='block_1_33' title="bbox 383 2129 1974 2212">
    <p class='ocr_par' dir='ltr' id='par_1_33' title="bbox 383 2129 1974 2212">
     <span class='ocr_line' id='line_1_33' title="bbox 383 2129 1974 2212; baseline -0.009 -6"><span class='ocrx_word' id='word_1_239' title='bbox 383 2133 461 2205; x_wconf 73' lang='grc' dir='ltr'><strong>τῷ</strong></span> <span class='ocrx_word' id='word_1_240' title='bbox 493 2129 605 2205; x_wconf 67' lang='grc' dir='ltr'><strong>ναῷ</strong></span> <span class='ocrx_word' id='word_1_241' title='bbox 635 2138 924 2203; x_wconf 78' lang='grc' dir='ltr'><strong>κατοικίας</strong></span> <span class='ocrx_word' id='word_1_242' title='bbox 978 2139 1173 2210; x_wconf 81' lang='grc' dir='ltr'>χρόνος</span> <span class='ocrx_word' id='word_1_243' title='bbox 1223 2142 1324 2212; x_wconf 73' lang='grc' dir='ltr'>ήδη</span> <span class='ocrx_word' id='word_1_244' title='bbox 1374 2142 1766 2212; x_wconf 80' lang='grc' dir='ltr'>πεπλήρωται·</span> <span class='ocrx_word' id='word_1_245' title='bbox 1814 2140 1974 2210; x_wconf 82' lang='grc' dir='ltr'>δεῦρο</span> 
     </span>
    </p>
   </div>
   <div class='ocr_carea' id='block_1_34' title="bbox 385 2227 1970 2305">
    <p class='ocr_par' dir='ltr' id='par_1_34' title="bbox 385 2227 1970 2305">
     <span class='ocr_line' id='line_1_34' title="bbox 385 2227 1970 2305; baseline 0.004 -24"><span class='ocrx_word' id='word_1_246' title='bbox 385 2227 599 2292; x_wconf 83' lang='grc' dir='ltr'>λοιπόν,</span> <span class='ocrx_word' id='word_1_247' title='bbox 640 2233 735 2284; x_wconf 76' lang='grc' dir='ltr'>καὶ</span> <span class='ocrx_word' id='word_1_248' title='bbox 786 2232 922 2302; x_wconf 76' lang='grc' dir='ltr'>πρὸς</span> <span class='ocrx_word' id='word_1_249' title='bbox 951 2232 1208 2301; x_wconf 76' lang='grc' dir='ltr'>μείζονας</span> <span class='ocrx_word' id='word_1_250' title='bbox 1254 2234 1472 2303; x_wconf 82' lang='grc' dir='ltr'>ἀγῶνας</span> <span class='ocrx_word' id='word_1_251' title='bbox 1524 2232 1970 2305; x_wconf 79' lang='grc' dir='ltr'>παρασκευάζου.</span> 
     </span>
    </p>
   </div>
   <div class='ocr_carea' id='block_1_35' title="bbox 386 2321 1977 2398">
    <p class='ocr_par' dir='ltr' id='par_1_35' title="bbox 386 2321 1977 2398">
     <span class='ocr_line' id='line_1_35' title="bbox 386 2321 1977 2398; baseline 0.001 -22"><span class='ocrx_word' id='word_1_252' title='bbox 386 2322 564 2394; x_wconf 79' lang='grc' dir='ltr'>Δήλην</span> <span class='ocrx_word' id='word_1_253' title='bbox 595 2321 690 2377; x_wconf 76' lang='grc' dir='ltr'>οὖν</span> <span class='ocrx_word' id='word_1_254' title='bbox 725 2325 875 2395; x_wconf 81' lang='grc' dir='ltr'>αὐτῷ</span> <span class='ocrx_word' id='word_1_255' title='bbox 925 2326 1021 2378; x_wconf 87' lang='grc' dir='ltr'><strong>τοῦ</strong></span> <span class='ocrx_word' id='word_1_256' title='bbox 1078 2326 1307 2397; x_wconf 78' lang='grc' dir='ltr'>Σεργίου</span> <span class='ocrx_word' id='word_1_257' title='bbox 1355 2327 1454 2396; x_wconf 83' lang='grc' dir='ltr'>τὴν</span> <span class='ocrx_word' id='word_1_258' title='bbox 1506 2327 1660 2380; x_wconf 86' lang='grc' dir='ltr'>θείαν</span> <span class='ocrx_word' id='word_1_259' title='bbox 1709 2327 1833 2398; x_wconf 73' lang='grc' dir='ltr'>δψιν</span> <span class='ocrx_word' id='word_1_260' title='bbox 1883 2343 1977 2378; x_wconf 89' lang='grc' dir='ltr'>πε-</span> 
     </span>
    </p>
   </div>
   <div class='ocr_carea' id='block_1_36' title="bbox 386 2414 1975 2488">
    <p class='ocr_par' dir='ltr' id='par_1_36' title="bbox 386 2414 1975 2488">
     <span class='ocr_line' id='line_1_36' title="bbox 386 2414 1975 2488; baseline 0.003 -23"><span class='ocrx_word' id='word_1_261' title='bbox 386 2414 707 2483; x_wconf 81' lang='grc' dir='ltr'>ποιηκότος,</span> <span class='ocrx_word' id='word_1_262' title='bbox 759 2415 993 2488; x_wconf 73' lang='grc' dir='ltr'>ἐπείπερ</span> <span class='ocrx_word' id='word_1_263' title='bbox 1054 2415 1295 2486; x_wconf 78' lang='grc' dir='ltr'>ἔγνωστο</span> <span class='ocrx_word' id='word_1_264' title='bbox 1353 2417 1431 2486; x_wconf 80' lang='grc' dir='ltr'>τῷ</span> <span class='ocrx_word' id='word_1_265' title='bbox 1497 2418 1655 2488; x_wconf 73' lang='grc' dir='ltr'>ἀνδρὶ</span> <span class='ocrx_word' id='word_1_266' title='bbox 1719 2419 1831 2480; x_wconf 88' lang='grc' dir='ltr'>τοῖς</span> <span class='ocrx_word' id='word_1_267' title='bbox 1881 2415 1975 2470; x_wconf 83' lang='grc' dir='ltr'><strong>τοῦ</strong></span> 
     </span>
    </p>
   </div>
   <div class='ocr_carea' id='block_1_37' title="bbox 387 2504 1974 2579">
    <p class='ocr_par' dir='ltr' id='par_1_37' title="bbox 387 2504 1974 2579">
     <span class='ocr_line' id='line_1_37' title="bbox 387 2504 1974 2579; baseline 0.002 -19"><span class='ocrx_word' id='word_1_268' title='bbox 387 2504 716 2576; x_wconf 81' lang='grc' dir='ltr'>Κρείττονος</span> <span class='ocrx_word' id='word_1_269' title='bbox 776 2507 1012 2578; x_wconf 79' lang='grc' dir='ltr'>νεύμασι</span> <span class='ocrx_word' id='word_1_270' title='bbox 1045 2509 1108 2562; x_wconf 81' lang='grc' dir='ltr'>τὸ</span> <span class='ocrx_word' id='word_1_271' title='bbox 1170 2509 1435 2579; x_wconf 79' lang='grc' dir='ltr'>παράπαν</span> <span class='ocrx_word' id='word_1_272' title='bbox 1504 2511 1580 2579; x_wconf 82' lang='grc' dir='ltr'>μὴ</span> <span class='ocrx_word' id='word_1_273' title='bbox 1640 2509 1974 2578; x_wconf 83' lang='grc' dir='ltr'>ἀντιλέγειν·</span> 
     </span>
    </p>
   </div>
   <div class='ocr_carea' id='block_1_38' title="bbox 388 2597 1979 2671">
    <p class='ocr_par' dir='ltr' id='par_1_38' title="bbox 388 2597 1979 2671">
     <span class='ocr_line' id='line_1_38' title="bbox 388 2597 1979 2671; baseline 0.001 -20"><span class='ocrx_word' id='word_1_274' title='bbox 388 2597 564 2662; x_wconf 75' lang='grc' dir='ltr'>ἄλλως</span> <span class='ocrx_word' id='word_1_275' title='bbox 585 2615 645 2652; x_wconf 89' lang='grc' dir='ltr'><strong>τε</strong></span> <span class='ocrx_word' id='word_1_276' title='bbox 680 2597 736 2652; x_wconf 73' lang='grc' dir='ltr'>δὲ</span> <span class='ocrx_word' id='word_1_277' title='bbox 771 2599 869 2652; x_wconf 77' lang='grc' dir='ltr'>καὶ</span> <span class='ocrx_word' id='word_1_278' title='bbox 902 2601 968 2670; x_wconf 78' lang='grc' dir='ltr'>τῇ</span> <span class='ocrx_word' id='word_1_279' title='bbox 1011 2600 1259 2670; x_wconf 69' lang='grc' dir='ltr'>προτέρᾳ</span> <span class='ocrx_word' id='word_1_280' title='bbox 1291 2602 1390 2671; x_wconf 81' lang='grc' dir='ltr'>τῆς</span> <span class='ocrx_word' id='word_1_281' title='bbox 1432 2601 1702 2663; x_wconf 81' lang='grc' dir='ltr'>ὀπτασίας</span> <span class='ocrx_word' id='word_1_282' title='bbox 1732 2601 1852 2670; x_wconf 69' lang='grc' dir='ltr'>ὄψει</span> <span class='ocrx_word' id='word_1_283' title='bbox 1884 2599 1979 2654; x_wconf 74' lang='grc' dir='ltr'>καὶ</span> 
     </span>
    </p>
   </div>
   <div class='ocr_carea' id='block_1_39' title="bbox 387 2689 1979 2763">
    <p class='ocr_par' dir='ltr' id='par_1_39' title="bbox 387 2689 1979 2763">
     <span class='ocr_line' id='line_1_39' title="bbox 387 2689 1979 2763; baseline 0.001 -21"><span class='ocrx_word' id='word_1_284' title='bbox 387 2690 420 2757; x_wconf 81' lang='grc' dir='ltr'>ἡ</span> <span class='ocrx_word' id='word_1_285' title='bbox 453 2689 682 2760; x_wconf 87' lang='grc' dir='ltr'>δευτέρα</span> <span class='ocrx_word' id='word_1_286' title='bbox 718 2689 1024 2756; x_wconf 84' lang='grc' dir='ltr'>συνέϐαινε,</span> <span class='ocrx_word' id='word_1_287' title='bbox 1057 2692 1150 2744; x_wconf 74' lang='grc' dir='ltr'><strong>καὶ</strong></span> <span class='ocrx_word' id='word_1_288' title='bbox 1199 2692 1335 2763; x_wconf 60' lang='grc' dir='ltr'>προς</span> <span class='ocrx_word' id='word_1_289' title='bbox 1366 2691 1590 2756; x_wconf 70' lang='grc' dir='ltr'>ζτούτοις</span> <span class='ocrx_word' id='word_1_290' title='bbox 1645 2695 1737 2746; x_wconf 81' lang='grc' dir='ltr'>καὶ</span> <span class='ocrx_word' id='word_1_291' title='bbox 1779 2692 1841 2745; x_wconf 87' lang='grc' dir='ltr'><strong>τδ</strong></span> <span class='ocrx_word' id='word_1_292' title='bbox 1883 2689 1979 2744; x_wconf 85' lang='grc' dir='ltr'><strong>τοῦ</strong></span> 
     </span>
    </p>
   </div>
   <div class='ocr_carea' id='block_1_40' title="bbox 392 2781 1982 2857">
    <p class='ocr_par' dir='ltr' id='par_1_40' title="bbox 392 2781 1982 2857">
     <span class='ocr_line' id='line_1_40' title="bbox 392 2781 1982 2857; baseline 0.002 -23"><span class='ocrx_word' id='word_1_293' title='bbox 392 2781 624 2852; x_wconf 84' lang='grc' dir='ltr'>Συμεὼν</span> <span class='ocrx_word' id='word_1_294' title='bbox 662 2783 867 2855; x_wconf 74' lang='grc' dir='ltr'>ἔνδυμα</span> <span class='ocrx_word' id='word_1_295' title='bbox 902 2785 1000 2855; x_wconf 84' lang='grc' dir='ltr'>τῆς</span> <span class='ocrx_word' id='word_1_296' title='bbox 1032 2785 1290 2854; x_wconf 75' lang='grc' dir='ltr'>τοιαύτης</span> <span class='ocrx_word' id='word_1_297' title='bbox 1326 2786 1607 2848; x_wconf 84' lang='grc' dir='ltr'>πολιτείας</span> <span class='ocrx_word' id='word_1_298' title='bbox 1641 2787 1668 2838; x_wconf 85' lang='grc' dir='ltr'>ὁ</span> <span class='ocrx_word' id='word_1_299' title='bbox 1720 2783 1982 2857; x_wconf 78' lang='grc' dir='ltr'>ἀρραϐὼν</span> 
     </span>
    </p>
   </div>
   <div class='ocr_carea' id='block_1_41' title="bbox 395 2869 1982 2948">
    <p class='ocr_par' dir='ltr' id='par_1_41' title="bbox 395 2869 1982 2948">
     <span class='ocr_line' id='line_1_41' title="bbox 395 2869 1982 2948; baseline -0.003 -16"><span class='ocrx_word' id='word_1_300' title='bbox 395 2869 487 2946; x_wconf 73' lang='grc' dir='ltr'>ἦν,</span> <span class='ocrx_word' id='word_1_301' title='bbox 524 2875 808 2948; x_wconf 84' lang='grc' dir='ltr'>πέμπεται</span> <span class='ocrx_word' id='word_1_302' title='bbox 852 2877 1080 2948; x_wconf 83' lang='grc' dir='ltr'>Σέργιος</span> <span class='ocrx_word' id='word_1_303' title='bbox 1095 2878 1225 2944; x_wconf 89' lang='grc' dir='ltr'>τούς</span> <span class='ocrx_word' id='word_1_304' title='bbox 1251 2896 1310 2931; x_wconf 91' lang='grc' dir='ltr'><strong>τε</strong></span> <span class='ocrx_word' id='word_1_305' title='bbox 1342 2879 1539 2947; x_wconf 79' lang='grc' dir='ltr'>λόφους</span> <span class='ocrx_word' id='word_1_306' title='bbox 1567 2877 1660 2932; x_wconf 79' lang='grc' dir='ltr'>καὶ</span> <span class='ocrx_word' id='word_1_307' title='bbox 1689 2879 1815 2941; x_wconf 75' lang='grc' dir='ltr'>τοὺς</span> <span class='ocrx_word' id='word_1_308' title='bbox 1843 2875 1982 2947; x_wconf 80' lang='grc' dir='ltr'>μᾶλ-</span> 
     </span>
    </p>
   </div>
   <div class='ocr_carea' id='block_1_42' title="bbox 391 2963 1979 3040">
    <p class='ocr_par' dir='ltr' id='par_1_42' title="bbox 391 2963 1979 3040">
     <span class='ocr_line' id='line_1_42' title="bbox 391 2963 1979 3040; baseline 0.001 -21"><span class='ocrx_word' id='word_1_309' title='bbox 391 2965 483 3020; x_wconf 88' lang='grc' dir='ltr'><strong>λον</strong></span> <span class='ocrx_word' id='word_1_310' title='bbox 509 2968 812 3038; x_wconf 72' lang='grc' dir='ltr'>ἐρημικοὺς</span> <span class='ocrx_word' id='word_1_311' title='bbox 861 2971 1064 3032; x_wconf 79' lang='grc' dir='ltr'>τόπους</span> <span class='ocrx_word' id='word_1_312' title='bbox 1111 2971 1226 3024; x_wconf 83' lang='grc' dir='ltr'>ὅσοι</span> <span class='ocrx_word' id='word_1_313' title='bbox 1284 2972 1462 3023; x_wconf 76' lang='grc' dir='ltr'>ἐκεῖσε</span> <span class='ocrx_word' id='word_1_314' title='bbox 1523 2971 1864 3040; x_wconf 85' lang='grc' dir='ltr'>καταμαθεῖν</span> <span class='ocrx_word' id='word_1_315' title='bbox 1917 2963 1979 3022; x_wconf 75' lang='grc' dir='ltr'><strong>οὗ</strong></span> 
     </span>
    </p>
   </div>
   <div class='ocr_carea' id='block_1_43' title="bbox 2075 1747 3661 1841">
    <p class='ocr_par' dir='ltr' id='par_1_43' title="bbox 2075 1747 3661 1841">
     <span class='ocr_line' id='line_1_43' title="bbox 2075 1747 3661 1841; baseline -0.011 -11"><span class='ocrx_word' id='word_1_316' title='bbox 2075 1776 2330 1841; x_wconf 87' lang='lat' dir='ltr'><strong>miorem,</strong></span> <span class='ocrx_word' id='word_1_317' title='bbox 2381 1790 2476 1828; x_wconf 90' lang='lat' dir='ltr'><strong>vas</strong></span> <span class='ocrx_word' id='word_1_318' title='bbox 2519 1787 2648 1827; x_wconf 91' lang='lat' dir='ltr'><strong>eum</strong></span> <span class='ocrx_word' id='word_1_319' title='bbox 2675 1769 3004 1832; x_wconf 68' lang='lat' dir='ltr'><strong>&#39;electionis,</strong></span> <span class='ocrx_word' id='word_1_320' title='bbox 3039 1765 3319 1836; x_wconf 86' lang='lat' dir='ltr'><strong>quomodo</strong></span> <span class='ocrx_word' id='word_1_321' title='bbox 3355 1747 3586 1818; x_wconf 72' lang='lat' dir='ltr'><strong>Paulum</strong></span> <span class='ocrx_word' id='word_1_322' title='bbox 3615 1761 3661 1828; x_wconf 79' lang='grc'><strong>’⁷,</strong></span> 
     </span>
    </p>
   </div>
   <div class='ocr_carea' id='block_1_44' title="bbox 2074 1853 3668 1938">
    <p class='ocr_par' dir='ltr' id='par_1_44' title="bbox 2074 1853 3668 1938">
     <span class='ocr_line' id='line_1_44' title="bbox 2074 1853 3668 1938; baseline -0.011 -16"><span class='ocrx_word' id='word_1_323' title='bbox 2074 1869 2373 1938; x_wconf 75' lang='lat' dir='ltr'><strong>przesciens</strong></span> <span class='ocrx_word' id='word_1_324' title='bbox 2421 1864 2694 1920; x_wconf 81' lang='lat' dir='ltr'><strong>futurum.</strong></span> <span class='ocrx_word' id='word_1_325' title='bbox 2749 1860 3019 1931; x_wconf 85' lang='lat' dir='ltr'><strong>Apparuit</strong></span> <span class='ocrx_word' id='word_1_326' title='bbox 3052 1873 3185 1912; x_wconf 88' lang='lat' dir='ltr'><strong>vero</strong></span> <span class='ocrx_word' id='word_1_327' title='bbox 3222 1857 3362 1910; x_wconf 80' lang='lat' dir='ltr'><strong>visio</strong></span> <span class='ocrx_word' id='word_1_328' title='bbox 3411 1869 3520 1908; x_wconf 93' lang='lat' dir='ltr'><strong>non</strong></span> <span class='ocrx_word' id='word_1_329' title='bbox 3564 1853 3668 1906; x_wconf 88' lang='lat' dir='ltr'><strong>Da-</strong></span> 
     </span>
    </p>
   </div>
   <div class='ocr_carea' id='block_1_45' title="bbox 2075 1942 3665 2026">
    <p class='ocr_par' dir='ltr' id='par_1_45' title="bbox 2075 1942 3665 2026">
     <span class='ocr_line' id='line_1_45' title="bbox 2075 1942 3665 2026; baseline -0.01 -14"><span class='ocrx_word' id='word_1_330' title='bbox 2075 1959 2232 2022; x_wconf 87' lang='lat' dir='ltr'><strong>nieli,</strong></span> <span class='ocrx_word' id='word_1_331' title='bbox 2279 1957 2375 2012; x_wconf 91' lang='lat' dir='ltr'><strong>sed</strong></span> <span class='ocrx_word' id='word_1_332' title='bbox 2417 1956 2602 2026; x_wconf 81' lang='lat' dir='ltr'><strong>potius</strong></span> <span class='ocrx_word' id='word_1_333' title='bbox 2637 1953 2854 2024; x_wconf 80' lang='lat' dir='ltr'><strong>Sergio.</strong></span> <span class='ocrx_word' id='word_1_334' title='bbox 2898 1951 3238 2006; x_wconf 80' lang='lat' dir='ltr'><strong>Videbantur</strong></span> <span class='ocrx_word' id='word_1_335' title='bbox 3269 1946 3419 2002; x_wconf 86' lang='lat' dir='ltr'><strong>enim</strong></span> <span class='ocrx_word' id='word_1_336' title='bbox 3453 1955 3568 1999; x_wconf 85' lang='lat' dir='ltr'><strong>tres</strong></span> <span class='ocrx_word' id='word_1_337' title='bbox 3597 1942 3665 1996; x_wconf 90' lang='lat' dir='ltr'><strong>ad</strong></span> 
     </span>
    </p>
   </div>
   <div class='ocr_carea' id='block_1_46' title="bbox 2074 2036 3664 2112">
    <p class='ocr_par' dir='ltr' id='par_1_46' title="bbox 2074 2036 3664 2112">
     <span class='ocr_line' id='line_1_46' title="bbox 2074 2036 3664 2112; baseline -0.012 -5"><span class='ocrx_word' id='word_1_338' title='bbox 2074 2067 2200 2107; x_wconf 89' lang='lat' dir='ltr'><strong>eum</strong></span> <span class='ocrx_word' id='word_1_339' title='bbox 2217 2051 2434 2106; x_wconf 88' lang='lat' dir='ltr'><strong>venisse</strong></span> <span class='ocrx_word' id='word_1_340' title='bbox 2455 2048 2854 2112; x_wconf 87' lang='lat' dir='ltr'><strong>adolescentes,</strong></span> <span class='ocrx_word' id='word_1_341' title='bbox 2883 2054 2939 2101; x_wconf 91' lang='lat' dir='ltr'><strong>ct</strong></span> <span class='ocrx_word' id='word_1_342' title='bbox 2965 2045 3210 2098; x_wconf 80' lang='lat' dir='ltr'><strong>dixisse:</strong></span> <span class='ocrx_word' id='word_1_343' title='bbox 3247 2042 3445 2110; x_wconf 81' lang='lat' dir='ltr'><strong>Surge,</strong></span> <span class='ocrx_word' id='word_1_344' title='bbox 3486 2036 3664 2105; x_wconf 74' lang='lat' dir='ltr'><strong>Sergi,</strong></span> 
     </span>
    </p>
   </div>
   <div class='ocr_carea' id='block_1_47' title="bbox 2076 2122 3668 2205">
    <p class='ocr_par' dir='ltr' id='par_1_47' title="bbox 2076 2122 3668 2205">
     <span class='ocr_line' id='line_1_47' title="bbox 2076 2122 3668 2205; baseline -0.012 -10"><span class='ocrx_word' id='word_1_345' title='bbox 2076 2141 2165 2196; x_wconf 92' lang='lat' dir='ltr'><strong>dic</strong></span> <span class='ocrx_word' id='word_1_346' title='bbox 2217 2139 2400 2195; x_wconf 86' lang='lat' dir='ltr'><strong>abbati</strong></span> <span class='ocrx_word' id='word_1_347' title='bbox 2448 2139 2657 2192; x_wconf 88' lang='lat' dir='ltr'><strong>Danieli</strong></span> <span class='ocrx_word' id='word_1_348' title='bbox 2693 2155 2706 2190; x_wconf 90' lang='lat'><strong>:</strong></span> <span class='ocrx_word' id='word_1_349' title='bbox 2759 2136 3048 2205; x_wconf 83' lang='lat' dir='ltr'><strong>Expletum</strong></span> <span class='ocrx_word' id='word_1_350' title='bbox 3094 2139 3179 2187; x_wconf 91' lang='lat' dir='ltr'><strong>cst</strong></span> <span class='ocrx_word' id='word_1_351' title='bbox 3217 2122 3436 2199; x_wconf 70' lang='lat' dir='ltr'><strong>tempus</strong></span> <span class='ocrx_word' id='word_1_352' title='bbox 3467 2137 3575 2180; x_wconf 73' lang='lat' dir='ltr'><strong>tuae</strong></span> <span class='ocrx_word' id='word_1_353' title='bbox 3610 2125 3668 2178; x_wconf 93' lang='lat' dir='ltr'><strong>in</strong></span> 
     </span>
    </p>
   </div>
   <div class='ocr_carea' id='block_1_48' title="bbox 2081 2221 3668 2303">
    <p class='ocr_par' dir='ltr' id='par_1_48' title="bbox 2081 2221 3668 2303">
     <span class='ocr_line' id='line_1_48' title="bbox 2081 2221 3668 2303; baseline -0.011 -16"><span class='ocrx_word' id='word_1_354' title='bbox 2081 2233 2289 2303; x_wconf 90' lang='lat' dir='ltr'><strong>templo</strong></span> <span class='ocrx_word' id='word_1_355' title='bbox 2313 2231 2701 2286; x_wconf 86' lang='lat' dir='ltr'><strong>habitationis.</strong></span> <span class='ocrx_word' id='word_1_356' title='bbox 2729 2227 2936 2283; x_wconf 84' lang='lat' dir='ltr'><strong>Adesto</strong></span> <span class='ocrx_word' id='word_1_357' title='bbox 2970 2226 3250 2293; x_wconf 82' lang='lat' dir='ltr'><strong>deinceps,</strong></span> <span class='ocrx_word' id='word_1_358' title='bbox 3283 2230 3338 2276; x_wconf 90' lang='lat' dir='ltr'><strong>et</strong></span> <span class='ocrx_word' id='word_1_359' title='bbox 3361 2221 3427 2274; x_wconf 87' lang='lat' dir='ltr'><strong>ad</strong></span> <span class='ocrx_word' id='word_1_360' title='bbox 3461 2221 3668 2288; x_wconf 86' lang='lat' dir='ltr'><strong>majora</strong></span> 
     </span>
    </p>
   </div>
   <div class='ocr_carea' id='block_1_49' title="bbox 2078 2310 3669 2397">
    <p class='ocr_par' dir='ltr' id='par_1_49' title="bbox 2078 2310 3669 2397">
     <span class='ocr_line' id='line_1_49' title="bbox 2078 2310 3669 2397; baseline -0.012 -18"><span class='ocrx_word' id='word_1_361' title='bbox 2078 2339 2275 2397; x_wconf 86' lang='lat' dir='ltr'><strong>parare</strong></span> <span class='ocrx_word' id='word_1_362' title='bbox 2317 2321 2642 2378; x_wconf 83' lang='lat' dir='ltr'><strong>certamina.</strong></span> <span class='ocrx_word' id='word_1_363' title='bbox 2695 2320 2833 2373; x_wconf 77' lang='lat' dir='ltr'><strong>Cum</strong></span> <span class='ocrx_word' id='word_1_364' title='bbox 2881 2333 3010 2386; x_wconf 78' lang='lat' dir='ltr'><strong>ergo</strong></span> <span class='ocrx_word' id='word_1_365' title='bbox 3057 2317 3106 2371; x_wconf 90' lang='lat' dir='ltr'><strong>ei</strong></span> <span class='ocrx_word' id='word_1_366' title='bbox 3155 2315 3381 2383; x_wconf 81' lang='lat' dir='ltr'><strong>Sergius</strong></span> <span class='ocrx_word' id='word_1_367' title='bbox 3427 2310 3669 2364; x_wconf 85' lang='lat' dir='ltr'><strong>divinam</strong></span> 
     </span>
    </p>
   </div>
   <div class='ocr_carea' id='block_1_50' title="bbox 2079 2407 3671 2488">
    <p class='ocr_par' dir='ltr' id='par_1_50' title="bbox 2079 2407 3671 2488">
     <span class='ocr_line' id='line_1_50' title="bbox 2079 2407 3671 2488; baseline -0.011 -16"><span class='ocrx_word' id='word_1_368' title='bbox 2079 2418 2392 2488; x_wconf 87' lang='lat' dir='ltr'><strong>aperuisset</strong></span> <span class='ocrx_word' id='word_1_369' title='bbox 2455 2412 2768 2476; x_wconf 87' lang='lat' dir='ltr'><strong>visionem,</strong></span> <span class='ocrx_word' id='word_1_370' title='bbox 2828 2408 3090 2478; x_wconf 85' lang='lat' dir='ltr'><strong>quoniam</strong></span> <span class='ocrx_word' id='word_1_371' title='bbox 3145 2407 3192 2461; x_wconf 91' lang='lat' dir='ltr'><strong>is</strong></span> <span class='ocrx_word' id='word_1_372' title='bbox 3243 2412 3511 2459; x_wconf 88' lang='lat' dir='ltr'><strong>statuerat</strong></span> <span class='ocrx_word' id='word_1_373' title='bbox 3562 2417 3671 2455; x_wconf 90' lang='lat' dir='ltr'><strong>non</strong></span> 
     </span>
    </p>
   </div>
   <div class='ocr_carea' id='block_1_51' title="bbox 2080 2493 3669 2580">
    <p class='ocr_par' dir='ltr' id='par_1_51' title="bbox 2080 2493 3669 2580">
     <span class='ocr_line' id='line_1_51' title="bbox 2080 2493 3669 2580; baseline -0.011 -16"><span class='ocrx_word' id='word_1_374' title='bbox 2080 2524 2391 2580; x_wconf 75' lang='lat' dir='ltr'><strong>repugnare</strong></span> <span class='ocrx_word' id='word_1_375' title='bbox 2413 2506 2672 2561; x_wconf 86' lang='lat' dir='ltr'><strong>omnibus</strong></span> <span class='ocrx_word' id='word_1_376' title='bbox 2694 2503 2924 2557; x_wconf 85' lang='lat' dir='ltr'><strong>nutibus</strong></span> <span class='ocrx_word' id='word_1_377' title='bbox 2949 2499 3377 2571; x_wconf 86' lang='lat' dir='ltr'><strong>Omnipotentis,</strong></span> <span class='ocrx_word' id='word_1_378' title='bbox 3395 2505 3449 2551; x_wconf 89' lang='lat' dir='ltr'><strong>et</strong></span> <span class='ocrx_word' id='word_1_379' title='bbox 3467 2493 3669 2562; x_wconf 83' lang='lat' dir='ltr'><strong>alioqui</strong></span> 
     </span>
    </p>
   </div>
   <div class='ocr_carea' id='block_1_52' title="bbox 2084 2587 3676 2672">
    <p class='ocr_par' dir='ltr' id='par_1_52' title="bbox 2084 2587 3676 2672">
     <span class='ocr_line' id='line_1_52' title="bbox 2084 2587 3676 2672; baseline -0.01 -19"><span class='ocrx_word' id='word_1_380' title='bbox 2084 2599 2258 2672; x_wconf 88' lang='lat' dir='ltr'><strong>priori</strong></span> <span class='ocrx_word' id='word_1_381' title='bbox 2307 2612 2530 2667; x_wconf 82' lang='lat' dir='ltr'><strong>quoque</strong></span> <span class='ocrx_word' id='word_1_382' title='bbox 2581 2594 2787 2649; x_wconf 89' lang='lat' dir='ltr'><strong>visioni</strong></span> <span class='ocrx_word' id='word_1_383' title='bbox 2835 2592 3080 2647; x_wconf 83' lang='lat' dir='ltr'><strong>secunda</strong></span> <span class='ocrx_word' id='word_1_384' title='bbox 3134 2587 3562 2649; x_wconf 88' lang='lat' dir='ltr'><strong>consentiebat;</strong></span> <span class='ocrx_word' id='word_1_385' title='bbox 3618 2593 3676 2638; x_wconf 90' lang='lat' dir='ltr'><strong>et</strong></span> 
     </span>
    </p>
   </div>
   <div class='ocr_carea' id='block_1_53' title="bbox 2082 2677 3676 2763">
    <p class='ocr_par' dir='ltr' id='par_1_53' title="bbox 2082 2677 3676 2763">
     <span class='ocr_line' id='line_1_53' title="bbox 2082 2677 3676 2763; baseline -0.011 -17"><span class='ocrx_word' id='word_1_386' title='bbox 2082 2698 2349 2763; x_wconf 73' lang='lat' dir='ltr'><strong>praeterea</strong></span> <span class='ocrx_word' id='word_1_387' title='bbox 2387 2689 2667 2744; x_wconf 89' lang='lat' dir='ltr'><strong>Simconis</strong></span> <span class='ocrx_word' id='word_1_388' title='bbox 2714 2687 2883 2741; x_wconf 88' lang='lat' dir='ltr'><strong>etiam</strong></span> <span class='ocrx_word' id='word_1_389' title='bbox 2933 2685 3321 2738; x_wconf 88' lang='lat' dir='ltr'><strong>indumentum</strong></span> <span class='ocrx_word' id='word_1_390' title='bbox 3356 2687 3476 2735; x_wconf 88' lang='lat' dir='ltr'><strong>erat</strong></span> <span class='ocrx_word' id='word_1_391' title='bbox 3508 2677 3676 2731; x_wconf 87' lang='lat' dir='ltr'><strong>arrha</strong></span> 
     </span>
    </p>
   </div>
   <div class='ocr_carea' id='block_1_54' title="bbox 2085 2771 3678 2851">
    <p class='ocr_par' dir='ltr' id='par_1_54' title="bbox 2085 2771 3678 2851">
     <span class='ocr_line' id='line_1_54' title="bbox 2085 2771 3678 2851; baseline -0.01 -13"><span class='ocrx_word' id='word_1_392' title='bbox 2085 2785 2213 2838; x_wconf 86' lang='lat' dir='ltr'><strong>talis</strong></span> <span class='ocrx_word' id='word_1_393' title='bbox 2260 2782 2388 2836; x_wconf 82' lang='lat' dir='ltr'><strong>vitae</strong></span> <span class='ocrx_word' id='word_1_394' title='bbox 2436 2780 2720 2851; x_wconf 69' lang='lat' dir='ltr'><strong>degendae,</strong></span> <span class='ocrx_word' id='word_1_395' title='bbox 2763 2778 3006 2831; x_wconf 87' lang='lat' dir='ltr'><strong>mittitur</strong></span> <span class='ocrx_word' id='word_1_396' title='bbox 3039 2776 3285 2845; x_wconf 79' lang='lat' dir='ltr'><strong>Sergius,</strong></span> <span class='ocrx_word' id='word_1_397' title='bbox 3338 2782 3398 2826; x_wconf 94' lang='lat' dir='ltr'><strong>ut</strong></span> <span class='ocrx_word' id='word_1_398' title='bbox 3438 2771 3678 2824; x_wconf 85' lang='lat' dir='ltr'><strong>disceret</strong></span> 
     </span>
    </p>
   </div>
   <div class='ocr_carea' id='block_1_55' title="bbox 2083 2866 3679 2942">
    <p class='ocr_par' dir='ltr' id='par_1_55' title="bbox 2083 2866 3679 2942">
     <span class='ocr_line' id='line_1_55' title="bbox 2083 2866 3679 2942; baseline -0.008 -16"><span class='ocrx_word' id='word_1_399' title='bbox 2083 2872 2204 2927; x_wconf 87' lang='lat' dir='ltr'><strong>loca</strong></span> <span class='ocrx_word' id='word_1_400' title='bbox 2259 2871 2436 2942; x_wconf 83' lang='lat' dir='ltr'><strong>magis</strong></span> <span class='ocrx_word' id='word_1_401' title='bbox 2485 2869 2757 2936; x_wconf 84' lang='lat' dir='ltr'><strong>solitaria,</strong></span> <span class='ocrx_word' id='word_1_402' title='bbox 2805 2884 2927 2938; x_wconf 73' lang='lat' dir='ltr'><strong>qua:</strong></span> <span class='ocrx_word' id='word_1_403' title='bbox 2977 2866 3089 2920; x_wconf 90' lang='lat' dir='ltr'><strong>illic</strong></span> <span class='ocrx_word' id='word_1_404' title='bbox 3133 2873 3283 2927; x_wconf 90' lang='lat' dir='ltr'><strong>sunt,</strong></span> <span class='ocrx_word' id='word_1_405' title='bbox 3325 2872 3386 2917; x_wconf 91' lang='lat' dir='ltr'><strong>ut</strong></span> <span class='ocrx_word' id='word_1_406' title='bbox 3425 2867 3679 2930; x_wconf 76' lang='lat' dir='ltr'><strong>oporteat</strong></span> 
     </span>
    </p>
   </div>
   <div class='ocr_carea' id='block_1_56' title="bbox 2085 2951 3679 3035">
    <p class='ocr_par' dir='ltr' id='par_1_56' title="bbox 2085 2951 3679 3035">
     <span class='ocr_line' id='line_1_56' title="bbox 2085 2951 3679 3035; baseline -0.011 -15"><span class='ocrx_word' id='word_1_407' title='bbox 2085 2981 2291 3035; x_wconf 89' lang='lat' dir='ltr'><strong>ponere</strong></span> <span class='ocrx_word' id='word_1_408' title='bbox 2333 2966 2669 3027; x_wconf 88' lang='lat' dir='ltr'><strong>columnam,</strong></span> <span class='ocrx_word' id='word_1_409' title='bbox 2702 2970 2757 3016; x_wconf 93' lang='lat' dir='ltr'><strong>et</strong></span> <span class='ocrx_word' id='word_1_410' title='bbox 2786 2969 2973 3029; x_wconf 90' lang='lat' dir='ltr'><strong>aptum</strong></span> <span class='ocrx_word' id='word_1_411' title='bbox 3017 2957 3084 3011; x_wconf 92' lang='lat' dir='ltr'><strong>ad</strong></span> <span class='ocrx_word' id='word_1_412' title='bbox 3118 2954 3388 3026; x_wconf 81' lang='lat' dir='ltr'><strong>agendam</strong></span> <span class='ocrx_word' id='word_1_413' title='bbox 3418 2952 3585 3006; x_wconf 90' lang='lat' dir='ltr'><strong>vitam</strong></span> <span class='ocrx_word' id='word_1_414' title='bbox 3617 2951 3679 3004; x_wconf 90' lang='lat' dir='ltr'><strong>in</strong></span> 
     </span>
    </p>
   </div>
   <div class='ocr_carea' id='block_1_57' title="bbox 394 3041 1988 3134">
    <p class='ocr_par' dir='ltr' id='par_1_57' title="bbox 394 3059 1982 3134">
     <span class='ocr_line' id='line_1_57' title="bbox 394 3059 1982 3134; baseline -0.001 -20"><span class='ocrx_word' id='word_1_415' title='bbox 394 3059 550 3116; x_wconf 82' lang='grc' dir='ltr'>κίονα</span> <span class='ocrx_word' id='word_1_416' title='bbox 583 3065 864 3134; x_wconf 78' lang='grc' dir='ltr'>προσῆκον</span> <span class='ocrx_word' id='word_1_417' title='bbox 895 3063 1110 3134; x_wconf 74' lang='grc' dir='ltr'>ἱδρῦσαι</span> <span class='ocrx_word' id='word_1_418' title='bbox 1138 3065 1233 3118; x_wconf 78' lang='grc' dir='ltr'><strong>καὶ</strong></span> <span class='ocrx_word' id='word_1_419' title='bbox 1265 3063 1382 3132; x_wconf 79' lang='grc' dir='ltr'>βίον</span> <span class='ocrx_word' id='word_1_420' title='bbox 1430 3061 1598 3134; x_wconf 80' lang='grc' dir='ltr'>ζῆσαι</span> <span class='ocrx_word' id='word_1_421' title='bbox 1624 3062 1716 3114; x_wconf 81' lang='grc' dir='ltr'>τὸν</span> <span class='ocrx_word' id='word_1_422' title='bbox 1753 3060 1982 3130; x_wconf 84' lang='grc' dir='ltr'>φιλὴσυ-</span> 
     </span>
    </p>
   </div>
   <div class='ocr_carea' id='block_1_58' title="bbox 2090 3041 3678 3134">
    <p class='ocr_par' dir='ltr' id='par_1_58' title="bbox 2090 3041 3678 3126">
     <span class='ocr_line' id='line_1_58' title="bbox 2090 3041 3678 3126; baseline -0.011 -15"><span class='ocrx_word' id='word_1_423' title='bbox 2090 3057 2277 3126; x_wconf 88' lang='lat' dir='ltr'><strong>quiete</strong></span> <span class='ocrx_word' id='word_1_424' title='bbox 2311 3063 2365 3110; x_wconf 87' lang='lat' dir='ltr'><strong>et</strong></span> <span class='ocrx_word' id='word_1_425' title='bbox 2395 3054 2639 3109; x_wconf 90' lang='lat' dir='ltr'><strong>silentio.</strong></span> <span class='ocrx_word' id='word_1_426' title='bbox 2668 3052 2774 3120; x_wconf 88' lang='lat' dir='ltr'><strong>Qui</strong></span> <span class='ocrx_word' id='word_1_427' title='bbox 2804 3067 2928 3106; x_wconf 89' lang='lat' dir='ltr'><strong>cum</strong></span> <span class='ocrx_word' id='word_1_428' title='bbox 2959 3057 3143 3120; x_wconf 87' lang='lat' dir='ltr'><strong>partes</strong></span> <span class='ocrx_word' id='word_1_429' title='bbox 3175 3045 3441 3116; x_wconf 88' lang='lat' dir='ltr'><strong>quasdam</strong></span> <span class='ocrx_word' id='word_1_430' title='bbox 3473 3041 3678 3112; x_wconf 75' lang='lat' dir='ltr'><strong>fastigii</strong></span> 
     </span>
    </p>
   </div>
   <div class='ocr_carea' id='block_1_59' title="bbox 394 3153 1987 3226">
    <p class='ocr_par' dir='ltr' id='par_1_59' title="bbox 394 3153 1987 3226">
     <span class='ocr_line' id='line_1_59' title="bbox 394 3153 1987 3226; baseline 0.001 -21"><span class='ocrx_word' id='word_1_431' title='bbox 394 3169 490 3224; x_wconf 86' lang='grc' dir='ltr'>χον</span> <span class='ocrx_word' id='word_1_432' title='bbox 529 3153 876 3223; x_wconf 73' lang='grc' dir='ltr'>ἐπιτήδειονο</span> <span class='ocrx_word' id='word_1_433' title='bbox 922 3154 981 3220; x_wconf 84' lang='grc' dir='ltr'>ὃς</span> <span class='ocrx_word' id='word_1_434' title='bbox 1023 3155 1120 3210; x_wconf 65' lang='grc' dir='ltr'><strong>καὶ⁵</strong></span> <span class='ocrx_word' id='word_1_435' title='bbox 1158 3156 1303 3226; x_wconf 86' lang='grc' dir='ltr'>μέρη</span> <span class='ocrx_word' id='word_1_436' title='bbox 1329 3155 1451 3210; x_wconf 76' lang='grc' dir='ltr'>τινὰ</span> <span class='ocrx_word' id='word_1_437' title='bbox 1488 3154 1583 3208; x_wconf 88' lang='grc' dir='ltr'><strong>τοῦ</strong></span> <span class='ocrx_word' id='word_1_438' title='bbox 1611 3154 1776 3224; x_wconf 78' lang='grc' dir='ltr'>λόφου</span> <span class='ocrx_word' id='word_1_439' title='bbox 1805 3153 1987 3217; x_wconf 83' lang='grc' dir='ltr'>καλῶς</span> 
     </span>
    </p>
   </div>
   <div class='ocr_carea' id='block_1_60' title="bbox 395 3242 1985 3318">
    <p class='ocr_par' dir='ltr' id='par_1_60' title="bbox 395 3242 1985 3318">
     <span class='ocr_line' id='line_1_60' title="bbox 395 3242 1985 3318; baseline 0 -22"><span class='ocrx_word' id='word_1_440' title='bbox 395 3242 914 3315; x_wconf 79' lang='grc' dir='ltr'>διερευνησάμενος,</span> <span class='ocrx_word' id='word_1_441' title='bbox 945 3246 1139 3318; x_wconf 77' lang='grc' dir='ltr'>ἐπειδὴ</span> <span class='ocrx_word' id='word_1_442' title='bbox 1164 3245 1289 3300; x_wconf 72' lang='grc' dir='ltr'>κατ’</span> <span class='ocrx_word' id='word_1_443' title='bbox 1311 3249 1486 3300; x_wconf 72' lang='grc' dir='ltr'>έκεῖνο</span> <span class='ocrx_word' id='word_1_444' title='bbox 1514 3247 1684 3300; x_wconf 87' lang='grc' dir='ltr'><strong>τόπού</strong></span> <span class='ocrx_word' id='word_1_445' title='bbox 1714 3245 1845 3299; x_wconf 75' lang='grc' dir='ltr'>ἔνθα</span> <span class='ocrx_word' id='word_1_446' title='bbox 1875 3243 1985 3297; x_wconf 77' lang='grc' dir='ltr'>ἔδει</span> 
     </span>
    </p>
   </div>
   <div class='ocr_carea' id='block_1_61' title="bbox 399 3335 1986 3410">
    <p class='ocr_par' dir='ltr' id='par_1_61' title="bbox 399 3335 1986 3410">
     <span class='ocr_line' id='line_1_61' title="bbox 399 3335 1986 3410; baseline 0.001 -22"><span class='ocrx_word' id='word_1_447' title='bbox 399 3335 592 3403; x_wconf 81' lang='grc' dir='ltr'>στῆναι</span> <span class='ocrx_word' id='word_1_448' title='bbox 621 3337 711 3390; x_wconf 84' lang='grc' dir='ltr'><strong>τδν</strong></span> <span class='ocrx_word' id='word_1_449' title='bbox 738 3339 893 3392; x_wconf 89' lang='grc' dir='ltr'>κίονα</span> <span class='ocrx_word' id='word_1_450' title='bbox 925 3339 1316 3410; x_wconf 81' lang='grc' dir='ltr'>παραγένοιτο,</span> <span class='ocrx_word' id='word_1_451' title='bbox 1347 3339 1433 3402; x_wconf 81' lang='grc' dir='ltr'>σὺ,</span> <span class='ocrx_word' id='word_1_452' title='bbox 1465 3339 1565 3392; x_wconf 79' lang='grc' dir='ltr'><strong>Θεὲ</strong></span> <span class='ocrx_word' id='word_1_453' title='bbox 1611 3339 1852 3403; x_wconf 86' lang='grc' dir='ltr'>πάντων,</span> <span class='ocrx_word' id='word_1_454' title='bbox 1889 3338 1986 3390; x_wconf 75' lang='grc' dir='ltr'>καὶ</span> 
     </span>
    </p>
   </div>
   <div class='ocr_carea' id='block_1_62' title="bbox 399 3430 1987 3503">
    <p class='ocr_par' dir='ltr' id='par_1_62' title="bbox 399 3430 1987 3503">
     <span class='ocr_line' id='line_1_62' title="bbox 399 3430 1987 3503; baseline -0.001 -19"><span class='ocrx_word' id='word_1_455' title='bbox 399 3430 560 3485; x_wconf 86' lang='grc' dir='ltr'>τοῦτο</span> <span class='ocrx_word' id='word_1_456' title='bbox 588 3430 875 3497; x_wconf 87' lang='grc' dir='ltr'>δεικνύεις.</span> <span class='ocrx_word' id='word_1_457' title='bbox 924 3432 1057 3503; x_wconf 75' lang='grc' dir='ltr'><strong>Ὀρᾷ</strong></span> <span class='ocrx_word' id='word_1_458' title='bbox 1092 3432 1224 3503; x_wconf 88' lang='grc' dir='ltr'>γοῦν</span> <span class='ocrx_word' id='word_1_459' title='bbox 1264 3432 1294 3484; x_wconf 90' lang='grc' dir='ltr'><strong>ό</strong></span> <span class='ocrx_word' id='word_1_460' title='bbox 1345 3432 1530 3502; x_wconf 79' lang='grc' dir='ltr'>ῥηθεὶς</span> <span class='ocrx_word' id='word_1_461' title='bbox 1561 3433 1786 3502; x_wconf 85' lang='grc' dir='ltr'>Σέργιος</span> <span class='ocrx_word' id='word_1_462' title='bbox 1833 3447 1987 3500; x_wconf 80' lang='grc' dir='ltr'>περι-</span> 
     </span>
    </p>
   </div>
   <div class='ocr_carea' id='block_1_63' title="bbox 402 3522 1988 3596">
    <p class='ocr_par' dir='ltr' id='par_1_63' title="bbox 402 3522 1988 3596">
     <span class='ocr_line' id='line_1_63' title="bbox 402 3522 1988 3596; baseline 0 -21"><span class='ocrx_word' id='word_1_463' title='bbox 402 3522 602 3591; x_wconf 78' lang='grc' dir='ltr'>στερὰν</span> <span class='ocrx_word' id='word_1_464' title='bbox 637 3523 834 3578; x_wconf 73' lang='grc' dir='ltr'>αὐτίκα</span> <span class='ocrx_word' id='word_1_465' title='bbox 887 3523 1122 3596; x_wconf 82' lang='grc' dir='ltr'>λευκήν·</span> <span class='ocrx_word' id='word_1_466' title='bbox 1179 3529 1276 3578; x_wconf 60' lang='grc' dir='ltr'><strong>καὶ⁵</strong></span> <span class='ocrx_word' id='word_1_467' title='bbox 1337 3522 1477 3592; x_wconf 89' lang='grc' dir='ltr'>α’ύτη</span> <span class='ocrx_word' id='word_1_468' title='bbox 1531 3522 1988 3594; x_wconf 85' lang='grc' dir='ltr'>πτερυσσσομένη</span> 
     </span>
    </p>
   </div>
   <div class='ocr_carea' id='block_1_64' title="bbox 403 3610 1990 3686">
    <p class='ocr_par' dir='ltr' id='par_1_64' title="bbox 403 3610 1990 3686">
     <span class='ocr_line' id='line_1_64' title="bbox 403 3610 1990 3686; baseline 0.001 -21"><span class='ocrx_word' id='word_1_469' title='bbox 403 3615 590 3667; x_wconf 81' lang='grc' dir='ltr'>πυκνὰ</span> <span class='ocrx_word' id='word_1_470' title='bbox 609 3615 702 3667; x_wconf 61' lang='grc' dir='ltr'><strong>καί⁵</strong></span> <span class='ocrx_word' id='word_1_471' title='bbox 720 3615 914 3685; x_wconf 77' lang='grc' dir='ltr'>μικρὸν</span> <span class='ocrx_word' id='word_1_472' title='bbox 939 3610 1093 3686; x_wconf 80' lang='grc' dir='ltr'>αὖθις</span> <span class='ocrx_word' id='word_1_473' title='bbox 1113 3613 1459 3686; x_wconf 84' lang='grc' dir='ltr'>ἅνιπταμένη</span> <span class='ocrx_word' id='word_1_474' title='bbox 1482 3613 1644 3668; x_wconf 86' lang='grc' dir='ltr'>πάλιν</span> <span class='ocrx_word' id='word_1_475' title='bbox 1666 3613 1990 3666; x_wconf 85' lang='grc' dir='ltr'>κατέπιπτε.</span> 
     </span>
    </p>
   </div>
   <div class='ocr_carea' id='block_1_65' title="bbox 403 3702 1994 3779">
    <p class='ocr_par' dir='ltr' id='par_1_65' title="bbox 403 3702 1994 3779">
     <span class='ocr_line' id='line_1_65' title="bbox 403 3702 1994 3779; baseline -0.003 -18"><span class='ocrx_word' id='word_1_476' title='bbox 403 3708 571 3772; x_wconf 79' lang='grc' dir='ltr'>Δόξας</span> <span class='ocrx_word' id='word_1_477' title='bbox 595 3706 688 3761; x_wconf 85' lang='grc' dir='ltr'><strong>οῦν</strong></span> <span class='ocrx_word' id='word_1_478' title='bbox 713 3707 942 3779; x_wconf 85' lang='grc' dir='ltr'>θήραμα</span> <span class='ocrx_word' id='word_1_479' title='bbox 970 3706 1176 3778; x_wconf 87' lang='grc' dir='ltr'>ταύτην</span> <span class='ocrx_word' id='word_1_480' title='bbox 1193 3702 1336 3760; x_wconf 73' lang='grc' dir='ltr'>εἶναι</span> <span class='ocrx_word' id='word_1_481' title='bbox 1366 3709 1462 3762; x_wconf 67' lang='grc' dir='ltr'>καὶ</span> <span class='ocrx_word' id='word_1_482' title='bbox 1491 3705 1708 3777; x_wconf 82' lang='grc' dir='ltr'>βρόχοις</span> <span class='ocrx_word' id='word_1_483' title='bbox 1737 3705 1994 3774; x_wconf 80' lang='grc' dir='ltr'>ἡμμένην</span> 
     </span>
    </p>
   </div>
   <div class='ocr_carea' id='block_1_66' title="bbox 409 3796 1994 3869">
    <p class='ocr_par' dir='ltr' id='par_1_66' title="bbox 409 3796 1994 3869">
     <span class='ocr_line' id='line_1_66' title="bbox 409 3796 1994 3869; baseline -0.004 -16"><span class='ocrx_word' id='word_1_484' title='bbox 409 3799 630 3853; x_wconf 81' lang='grc' dir='ltr'>σπεύδει</span> <span class='ocrx_word' id='word_1_485' title='bbox 663 3817 722 3853; x_wconf 88' lang='grc' dir='ltr'><strong>τε</strong></span> <span class='ocrx_word' id='word_1_486' title='bbox 753 3800 838 3853; x_wconf 73' lang='grc' dir='ltr'><strong>ἐπ’</strong></span> <span class='ocrx_word' id='word_1_487' title='bbox 874 3799 1065 3869; x_wconf 77' lang='grc' dir='ltr'>αὐτὴν,</span> <span class='ocrx_word' id='word_1_488' title='bbox 1106 3799 1202 3852; x_wconf 80' lang='grc' dir='ltr'>καὶ</span> <span class='ocrx_word' id='word_1_489' title='bbox 1233 3799 1338 3852; x_wconf 81' lang='grc' dir='ltr'><strong>ὑπὸ</strong></span> <span class='ocrx_word' id='word_1_490' title='bbox 1370 3800 1528 3868; x_wconf 85' lang='grc' dir='ltr'>χεῖρα</span> <span class='ocrx_word' id='word_1_491' title='bbox 1557 3798 1748 3850; x_wconf 82' lang='grc' dir='ltr'>λαϐεῖν</span> <span class='ocrx_word' id='word_1_492' title='bbox 1778 3796 1994 3865; x_wconf 77' lang='grc' dir='ltr'>ἐπείγε-</span> 
     </span>
    </p>
   </div>
   <div class='ocr_carea' id='block_1_67' title="bbox 407 3888 1993 3961">
    <p class='ocr_par' dir='ltr' id='par_1_67' title="bbox 407 3888 1993 3961">
     <span class='ocr_line' id='line_1_67' title="bbox 407 3888 1993 3961; baseline -0.001 -17"><span class='ocrx_word' id='word_1_493' title='bbox 407 3908 522 3946; x_wconf 87' lang='grc' dir='ltr'>ται.</span> <span class='ocrx_word' id='word_1_494' title='bbox 571 3893 636 3945; x_wconf 85' lang='grc' dir='ltr'><strong>Ἠ</strong></span> <span class='ocrx_word' id='word_1_495' title='bbox 671 3892 728 3946; x_wconf 78' lang='grc' dir='ltr'>δὲ</span> <span class='ocrx_word' id='word_1_496' title='bbox 764 3893 926 3956; x_wconf 76' lang='grc' dir='ltr'>εὐθὺς</span> <span class='ocrx_word' id='word_1_497' title='bbox 962 3893 1257 3947; x_wconf 80' lang='grc' dir='ltr'>ἀποπτᾶσα</span> <span class='ocrx_word' id='word_1_498' title='bbox 1293 3892 1386 3943; x_wconf 73' lang='grc' dir='ltr'>καὶ</span> <span class='ocrx_word' id='word_1_499' title='bbox 1421 3889 1722 3960; x_wconf 73' lang='grc' dir='ltr'>ὀφθαλμοῖς</span> <span class='ocrx_word' id='word_1_500' title='bbox 1754 3888 1993 3961; x_wconf 75' lang='grc' dir='ltr'>ἄληπτος</span> 
     </span>
    </p>
   </div>
   <div class='ocr_carea' id='block_1_68' title="bbox 407 3977 1991 4054">
    <p class='ocr_par' dir='ltr' id='par_1_68' title="bbox 407 3977 1991 4054">
     <span class='ocr_line' id='line_1_68' title="bbox 407 3977 1991 4054; baseline 0.005 -20"><span class='ocrx_word' id='word_1_501' title='bbox 407 3977 498 4054; x_wconf 77' lang='grc' dir='ltr'>ἦν.</span> <span class='ocrx_word' id='word_1_502' title='bbox 529 3982 686 4036; x_wconf 81' lang='grc' dir='ltr'>Οῦτω</span> <span class='ocrx_word' id='word_1_503' title='bbox 709 3983 870 4053; x_wconf 86' lang='grc' dir='ltr'>δῆλον</span> <span class='ocrx_word' id='word_1_504' title='bbox 894 3984 954 4037; x_wconf 80' lang='grc' dir='ltr'>τὸ</span> <span class='ocrx_word' id='word_1_505' title='bbox 980 3983 1250 4054; x_wconf 86' lang='grc' dir='ltr'>σύμϐολον</span> <span class='ocrx_word' id='word_1_506' title='bbox 1275 3983 1570 4051; x_wconf 82' lang='grc' dir='ltr'>δεξάμενος</span> <span class='ocrx_word' id='word_1_507' title='bbox 1587 3983 1685 4051; x_wconf 82' lang='grc' dir='ltr'>τῆς</span> <span class='ocrx_word' id='word_1_508' title='bbox 1705 3980 1991 4050; x_wconf 68' lang='grc' dir='ltr'>ἱδρύσεως.</span> 
     </span>
    </p>
   </div>
   <div class='ocr_carea' id='block_1_69' title="bbox 413 4067 1996 4144">
    <p class='ocr_par' dir='ltr' id='par_1_69' title="bbox 413 4067 1996 4144">
     <span class='ocr_line' id='line_1_69' title="bbox 413 4067 1996 4144; baseline -0.002 -18"><span class='ocrx_word' id='word_1_509' title='bbox 413 4074 752 4144; x_wconf 82' lang='grc' dir='ltr'>καταμαθὼν</span> <span class='ocrx_word' id='word_1_510' title='bbox 788 4073 846 4128; x_wconf 77' lang='grc' dir='ltr'>δὲ</span> <span class='ocrx_word' id='word_1_511' title='bbox 882 4074 977 4128; x_wconf 78' lang='grc' dir='ltr'>καὶ</span> <span class='ocrx_word' id='word_1_512' title='bbox 1025 4073 1187 4134; x_wconf 73' lang='grc' dir='ltr'>αὐτὸς</span> <span class='ocrx_word' id='word_1_513' title='bbox 1218 4075 1369 4137; x_wconf 81' lang='grc' dir='ltr'>ὅπως</span> <span class='ocrx_word' id='word_1_514' title='bbox 1418 4067 1564 4142; x_wconf 72' lang='grc' dir='ltr'>εἶχεν</span> <span class='ocrx_word' id='word_1_515' title='bbox 1597 4073 1626 4125; x_wconf 88' lang='grc' dir='ltr'><strong>ό</strong></span> <span class='ocrx_word' id='word_1_516' title='bbox 1660 4073 1826 4133; x_wconf 81' lang='grc' dir='ltr'>τόπος</span> <span class='ocrx_word' id='word_1_517' title='bbox 1871 4072 1996 4124; x_wconf 84' lang='grc' dir='ltr'>ὲπι-</span> 
     </span>
    </p>
   </div>
   <div class='ocr_carea' id='block_1_70' title="bbox 411 4161 1996 4236">
    <p class='ocr_par' dir='ltr' id='par_1_70' title="bbox 411 4161 1996 4236">
     <span class='ocr_line' id='line_1_70' title="bbox 411 4161 1996 4236; baseline -0.001 -19"><span class='ocrx_word' id='word_1_518' title='bbox 411 4164 663 4235; x_wconf 87' lang='grc' dir='ltr'>τηδείως,</span> <span class='ocrx_word' id='word_1_519' title='bbox 700 4165 918 4219; x_wconf 80' lang='grc' dir='ltr'>κάτεισι</span> <span class='ocrx_word' id='word_1_520' title='bbox 950 4165 1085 4236; x_wconf 80' lang='grc' dir='ltr'>πρὸς</span> <span class='ocrx_word' id='word_1_521' title='bbox 1114 4169 1208 4219; x_wconf 82' lang='grc' dir='ltr'>τὸν</span> <span class='ocrx_word' id='word_1_522' title='bbox 1265 4165 1446 4233; x_wconf 76' lang='grc' dir='ltr'>ἅγιον,</span> <span class='ocrx_word' id='word_1_523' title='bbox 1494 4164 1587 4217; x_wconf 72' lang='grc' dir='ltr'>καὶ</span> <span class='ocrx_word' id='word_1_524' title='bbox 1624 4164 1804 4217; x_wconf 83' lang='grc' dir='ltr'>πάντα</span> <span class='ocrx_word' id='word_1_525' title='bbox 1853 4161 1996 4216; x_wconf 84' lang='grc' dir='ltr'>κατὰ</span> 
     </span>
    </p>
   </div>
   <div class='ocr_carea' id='block_1_71' title="bbox 419 4251 1995 4329">
    <p class='ocr_par' dir='ltr' id='par_1_71' title="bbox 419 4251 1995 4329">
     <span class='ocr_line' id='line_1_71' title="bbox 419 4251 1995 4329; baseline -0.001 -19"><span class='ocrx_word' id='word_1_526' title='bbox 419 4258 582 4329; x_wconf 81' lang='grc' dir='ltr'>μέρος</span> <span class='ocrx_word' id='word_1_527' title='bbox 610 4256 732 4326; x_wconf 87' lang='grc' dir='ltr'>μεθ’</span> <span class='ocrx_word' id='word_1_528' title='bbox 758 4251 827 4328; x_wconf 79' lang='grc' dir='ltr'>ἧς</span> <span class='ocrx_word' id='word_1_529' title='bbox 854 4253 996 4310; x_wconf 73' lang='grc' dir='ltr'>εἶδεν</span> <span class='ocrx_word' id='word_1_530' title='bbox 1019 4257 1264 4325; x_wconf 81' lang='grc' dir='ltr'>ὁράσεως</span> <span class='ocrx_word' id='word_1_531' title='bbox 1289 4255 1644 4324; x_wconf 75' lang='grc' dir='ltr'>ἀπαγγέλλει.</span> <span class='ocrx_word' id='word_1_532' title='bbox 1691 4256 1748 4309; x_wconf 89' lang='lat'><strong>&#39;0</strong></span> <span class='ocrx_word' id='word_1_533' title='bbox 1773 4255 1830 4308; x_wconf 80' lang='grc' dir='ltr'>δὲ</span> <span class='ocrx_word' id='word_1_534' title='bbox 1854 4254 1995 4326; x_wconf 73' lang='grc' dir='ltr'>ἥσθη</span> 
     </span>
    </p>
   </div>
   <div class='ocr_carea' id='block_1_72' title="bbox 2090 3147 3681 3217">
    <p class='ocr_par' dir='ltr' id='par_1_72' title="bbox 2090 3147 3681 3217">
     <span class='ocr_line' id='line_1_72' title="bbox 2090 3147 3681 3217; baseline -0.01 -14"><span class='ocrx_word' id='word_1_535' title='bbox 2090 3149 2295 3203; x_wconf 88' lang='lat' dir='ltr'><strong>montis</strong></span> <span class='ocrx_word' id='word_1_536' title='bbox 2342 3147 2577 3217; x_wconf 85' lang='lat' dir='ltr'><strong>pulchre</strong></span> <span class='ocrx_word' id='word_1_537' title='bbox 2625 3154 2772 3200; x_wconf 82' lang='lat' dir='ltr'><strong>esset</strong></span> <span class='ocrx_word' id='word_1_538' title='bbox 2823 3149 3224 3214; x_wconf 88' lang='lat' dir='ltr'><strong>perscrutatus,</strong></span> <span class='ocrx_word' id='word_1_539' title='bbox 3267 3147 3556 3208; x_wconf 84' lang='lat' dir='ltr'><strong>postquam</strong></span> <span class='ocrx_word' id='word_1_540' title='bbox 3587 3149 3681 3188; x_wconf 90' lang='lat' dir='ltr'><strong>ve-</strong></span> 
     </span>
    </p>
   </div>
   <div class='ocr_carea' id='block_1_73' title="bbox 2090 3230 3679 3304">
    <p class='ocr_par' dir='ltr' id='par_1_73' title="bbox 2090 3230 3679 3304">
     <span class='ocr_line' id='line_1_73' title="bbox 2090 3230 3679 3304; baseline -0.009 -8"><span class='ocrx_word' id='word_1_541' title='bbox 2090 3242 2265 3296; x_wconf 88' lang='lat' dir='ltr'><strong>nisset</strong></span> <span class='ocrx_word' id='word_1_542' title='bbox 2314 3241 2369 3294; x_wconf 89' lang='lat' dir='ltr'><strong>in</strong></span> <span class='ocrx_word' id='word_1_543' title='bbox 2427 3239 2581 3293; x_wconf 92' lang='lat' dir='ltr'><strong>illum</strong></span> <span class='ocrx_word' id='word_1_544' title='bbox 2632 3238 2852 3302; x_wconf 90' lang='lat' dir='ltr'><strong>locum,</strong></span> <span class='ocrx_word' id='word_1_545' title='bbox 2909 3235 2963 3289; x_wconf 92' lang='lat' dir='ltr'><strong>in</strong></span> <span class='ocrx_word' id='word_1_546' title='bbox 3019 3249 3131 3304; x_wconf 92' lang='lat' dir='ltr'><strong>quo</strong></span> <span class='ocrx_word' id='word_1_547' title='bbox 3189 3230 3479 3301; x_wconf 79' lang='lat' dir='ltr'><strong>oportebat</strong></span> <span class='ocrx_word' id='word_1_548' title='bbox 3531 3239 3679 3284; x_wconf 90' lang='lat' dir='ltr'><strong>stare</strong></span> 
     </span>
    </p>
   </div>
   <div class='ocr_carea' id='block_1_74' title="bbox 2092 3321 3679 3394">
    <p class='ocr_par' dir='ltr' id='par_1_74' title="bbox 2092 3321 3679 3394">
     <span class='ocr_line' id='line_1_74' title="bbox 2092 3321 3679 3394; baseline -0.008 -7"><span class='ocrx_word' id='word_1_549' title='bbox 2092 3333 2427 3394; x_wconf 85' lang='lat' dir='ltr'><strong>columnam,</strong></span> <span class='ocrx_word' id='word_1_550' title='bbox 2460 3337 2539 3393; x_wconf 90' lang='lat' dir='ltr'><strong>tu,</strong></span> <span class='ocrx_word' id='word_1_551' title='bbox 2572 3329 2716 3383; x_wconf 87' lang='lat' dir='ltr'><strong>Deus</strong></span> <span class='ocrx_word' id='word_1_552' title='bbox 2735 3327 3010 3388; x_wconf 87' lang='lat' dir='ltr'><strong>omnium,</strong></span> <span class='ocrx_word' id='word_1_553' title='bbox 3039 3325 3145 3379; x_wconf 87' lang='lat' dir='ltr'><strong>hoc</strong></span> <span class='ocrx_word' id='word_1_554' title='bbox 3176 3337 3397 3393; x_wconf 88' lang='lat' dir='ltr'><strong>quoque</strong></span> <span class='ocrx_word' id='word_1_555' title='bbox 3411 3321 3679 3376; x_wconf 89' lang='lat' dir='ltr'><strong>ostendis.</strong></span> 
     </span>
    </p>
   </div>
   <div class='ocr_carea' id='block_1_75' title="bbox 2091 3411 3686 3492">
    <p class='ocr_par' dir='ltr' id='par_1_75' title="bbox 2091 3411 3686 3492">
     <span class='ocr_line' id='line_1_75' title="bbox 2091 3411 3686 3492; baseline -0.011 -13"><span class='ocrx_word' id='word_1_556' title='bbox 2091 3424 2258 3482; x_wconf 82' lang='lat' dir='ltr'><strong>Videt</strong></span> <span class='ocrx_word' id='word_1_557' title='bbox 2301 3437 2434 3492; x_wconf 81' lang='lat' dir='ltr'><strong>ergo</strong></span> <span class='ocrx_word' id='word_1_558' title='bbox 2481 3420 2737 3490; x_wconf 88' lang='lat' dir='ltr'><strong>protinus</strong></span> <span class='ocrx_word' id='word_1_559' title='bbox 2779 3419 2961 3472; x_wconf 88' lang='lat' dir='ltr'><strong>dictus</strong></span> <span class='ocrx_word' id='word_1_560' title='bbox 3001 3414 3230 3484; x_wconf 75' lang='lat' dir='ltr'><strong>Sergius</strong></span> <span class='ocrx_word' id='word_1_561' title='bbox 3261 3413 3441 3466; x_wconf 86' lang='lat' dir='ltr'><strong>albam</strong></span> <span class='ocrx_word' id='word_1_562' title='bbox 3473 3411 3686 3464; x_wconf 89' lang='lat' dir='ltr'><strong>colum-</strong></span> 
     </span>
    </p>
   </div>
   <div class='ocr_carea' id='block_1_76' title="bbox 2095 3504 3682 3585">
    <p class='ocr_par' dir='ltr' id='par_1_76' title="bbox 2095 3504 3682 3585">
     <span class='ocr_line' id='line_1_76' title="bbox 2095 3504 3682 3585; baseline -0.01 -14"><span class='ocrx_word' id='word_1_563' title='bbox 2095 3516 2244 3584; x_wconf 90' lang='lat' dir='ltr'><strong>bam,</strong></span> <span class='ocrx_word' id='word_1_564' title='bbox 2308 3529 2430 3585; x_wconf 67' lang='lat' dir='ltr'><strong>qute</strong></span> <span class='ocrx_word' id='word_1_565' title='bbox 2485 3514 2598 3567; x_wconf 90' lang='lat' dir='ltr'><strong>alas</strong></span> <span class='ocrx_word' id='word_1_566' title='bbox 2645 3511 2966 3580; x_wconf 84' lang='lat' dir='ltr'><strong>frequenter</strong></span> <span class='ocrx_word' id='word_1_567' title='bbox 3015 3504 3354 3576; x_wconf 78' lang='lat' dir='ltr'><strong>expandens,</strong></span> <span class='ocrx_word' id='word_1_568' title='bbox 3396 3511 3451 3557; x_wconf 87' lang='lat' dir='ltr'><strong>et</strong></span> <span class='ocrx_word' id='word_1_569' title='bbox 3488 3517 3682 3572; x_wconf 87' lang='lat' dir='ltr'><strong>parum</strong></span> 
     </span>
    </p>
   </div>
   <div class='ocr_carea' id='block_1_77' title="bbox 2096 3595 3686 3670">
    <p class='ocr_par' dir='ltr' id='par_1_77' title="bbox 2096 3595 3686 3670">
     <span class='ocr_line' id='line_1_77' title="bbox 2096 3595 3686 3670; baseline -0.008 -7"><span class='ocrx_word' id='word_1_570' title='bbox 2096 3623 2296 3663; x_wconf 85' lang='lat' dir='ltr'><strong>rursus</strong></span> <span class='ocrx_word' id='word_1_571' title='bbox 2350 3606 2690 3670; x_wconf 91' lang='lat' dir='ltr'><strong>subvolans,</strong></span> <span class='ocrx_word' id='word_1_572' title='bbox 2741 3603 2945 3658; x_wconf 90' lang='lat' dir='ltr'><strong>iterum</strong></span> <span class='ocrx_word' id='word_1_573' title='bbox 2998 3599 3315 3656; x_wconf 86' lang='lat' dir='ltr'><strong>decidebat.</strong></span> <span class='ocrx_word' id='word_1_574' title='bbox 3371 3595 3686 3652; x_wconf 83' lang='lat' dir='ltr'><strong>Arbitratus</strong></span> 
     </span>
    </p>
   </div>
   <div class='ocr_carea' id='block_1_78' title="bbox 2096 3687 3687 3767">
    <p class='ocr_par' dir='ltr' id='par_1_78' title="bbox 2096 3687 3687 3767">
     <span class='ocr_line' id='line_1_78' title="bbox 2096 3687 3687 3767; baseline -0.006 -16"><span class='ocrx_word' id='word_1_575' title='bbox 2096 3711 2227 3767; x_wconf 80' lang='lat' dir='ltr'><strong>ergo</strong></span> <span class='ocrx_word' id='word_1_576' title='bbox 2257 3710 2379 3750; x_wconf 90' lang='lat' dir='ltr'><strong>eam</strong></span> <span class='ocrx_word' id='word_1_577' title='bbox 2411 3709 2533 3749; x_wconf 90' lang='lat' dir='ltr'><strong>esse</strong></span> <span class='ocrx_word' id='word_1_578' title='bbox 2573 3703 2788 3762; x_wconf 88' lang='lat' dir='ltr'><strong>captam</strong></span> <span class='ocrx_word' id='word_1_579' title='bbox 2817 3703 2872 3747; x_wconf 92' lang='lat' dir='ltr'><strong>et</strong></span> <span class='ocrx_word' id='word_1_580' title='bbox 2902 3692 3139 3746; x_wconf 84' lang='lat' dir='ltr'><strong>vinctam</strong></span> <span class='ocrx_word' id='word_1_581' title='bbox 3185 3689 3420 3759; x_wconf 83' lang='lat' dir='ltr'><strong>laqueis,</strong></span> <span class='ocrx_word' id='word_1_582' title='bbox 3459 3687 3525 3741; x_wconf 92' lang='lat' dir='ltr'><strong>ad</strong></span> <span class='ocrx_word' id='word_1_583' title='bbox 3563 3702 3687 3742; x_wconf 88' lang='lat' dir='ltr'><strong>eam</strong></span> 
     </span>
    </p>
   </div>
   <div class='ocr_carea' id='block_1_79' title="bbox 2097 3780 3689 3852">
    <p class='ocr_par' dir='ltr' id='par_1_79' title="bbox 2097 3780 3689 3852">
     <span class='ocr_line' id='line_1_79' title="bbox 2097 3780 3689 3852; baseline -0.006 -10"><span class='ocrx_word' id='word_1_584' title='bbox 2097 3787 2366 3852; x_wconf 79' lang='lat' dir='ltr'><strong>festinat,</strong></span> <span class='ocrx_word' id='word_1_585' title='bbox 2420 3794 2478 3839; x_wconf 91' lang='lat' dir='ltr'><strong>et</strong></span> <span class='ocrx_word' id='word_1_586' title='bbox 2523 3784 2811 3839; x_wconf 87' lang='lat' dir='ltr'><strong>contendit</strong></span> <span class='ocrx_word' id='word_1_587' title='bbox 2856 3799 2976 3838; x_wconf 89' lang='lat' dir='ltr'><strong>eam</strong></span> <span class='ocrx_word' id='word_1_588' title='bbox 3027 3797 3225 3852; x_wconf 89' lang='lat' dir='ltr'><strong>capere</strong></span> <span class='ocrx_word' id='word_1_589' title='bbox 3265 3781 3542 3835; x_wconf 87' lang='lat' dir='ltr'><strong>manibus.</strong></span> <span class='ocrx_word' id='word_1_590' title='bbox 3590 3780 3689 3834; x_wconf 86' lang='lat' dir='ltr'><strong>Illa</strong></span> 
     </span>
    </p>
   </div>
   <div class='ocr_carea' id='block_1_80' title="bbox 2093 3873 3694 3942">
    <p class='ocr_par' dir='ltr' id='par_1_80' title="bbox 2093 3873 3694 3942">
     <span class='ocr_line' id='line_1_80' title="bbox 2093 3873 3694 3942; baseline -0.007 -6"><span class='ocrx_word' id='word_1_591' title='bbox 2093 3893 2232 3936; x_wconf 80' lang='lat' dir='ltr'><strong>vero</strong></span> <span class='ocrx_word' id='word_1_592' title='bbox 2272 3893 2398 3934; x_wconf 91' lang='lat' dir='ltr'><strong>cum</strong></span> <span class='ocrx_word' id='word_1_593' title='bbox 2440 3878 2625 3932; x_wconf 88' lang='lat' dir='ltr'><strong>statim</strong></span> <span class='ocrx_word' id='word_1_594' title='bbox 2654 3877 2947 3940; x_wconf 65' lang='lat' dir='ltr'><strong>evolassm,</strong></span> <span class='ocrx_word' id='word_1_595' title='bbox 2978 3890 3048 3930; x_wconf 89' lang='lat' dir='ltr'><strong>ne</strong></span> <span class='ocrx_word' id='word_1_596' title='bbox 3079 3875 3257 3929; x_wconf 86' lang='lat' dir='ltr'><strong>oculis</strong></span> <span class='ocrx_word' id='word_1_597' title='bbox 3287 3873 3510 3942; x_wconf 89' lang='lat' dir='ltr'><strong>quidem</strong></span> <span class='ocrx_word' id='word_1_598' title='bbox 3540 3883 3694 3940; x_wconf 87' lang='lat' dir='ltr'><strong>pote-</strong></span> 
     </span>
    </p>
   </div>
   <div class='ocr_carea' id='block_1_81' title="bbox 2097 3963 3694 4039">
    <p class='ocr_par' dir='ltr' id='par_1_81' title="bbox 2097 3963 3694 4039">
     <span class='ocr_line' id='line_1_81' title="bbox 2097 3963 3694 4039; baseline -0.006 -15"><span class='ocrx_word' id='word_1_599' title='bbox 2097 3981 2186 4024; x_wconf 91' lang='lat' dir='ltr'><strong>rat</strong></span> <span class='ocrx_word' id='word_1_600' title='bbox 2241 3968 2606 4039; x_wconf 89' lang='lat' dir='ltr'><strong>apprehendi.</strong></span> <span class='ocrx_word' id='word_1_601' title='bbox 2669 3968 2804 4022; x_wconf 91' lang='lat' dir='ltr'><strong>Cum</strong></span> <span class='ocrx_word' id='word_1_602' title='bbox 2869 3979 3053 4018; x_wconf 88' lang='lat' dir='ltr'><strong>tamen</strong></span> <span class='ocrx_word' id='word_1_603' title='bbox 3103 3965 3333 4018; x_wconf 89' lang='lat' dir='ltr'><strong>evidens</strong></span> <span class='ocrx_word' id='word_1_604' title='bbox 3389 3963 3694 4030; x_wconf 86' lang='lat' dir='ltr'><strong>accepisset</strong></span> 
     </span>
    </p>
   </div>
   <div class='ocr_carea' id='block_1_82' title="bbox 2100 4053 3697 4132">
    <p class='ocr_par' dir='ltr' id='par_1_82' title="bbox 2100 4053 3697 4132">
     <span class='ocr_line' id='line_1_82' title="bbox 2100 4053 3697 4132; baseline -0.006 -16"><span class='ocrx_word' id='word_1_605' title='bbox 2100 4063 2318 4132; x_wconf 73' lang='lat' dir='ltr'><strong>signum</strong></span> <span class='ocrx_word' id='word_1_606' title='bbox 2368 4059 2676 4114; x_wconf 75' lang='lat' dir='ltr'><strong>statuenda:</strong></span> <span class='ocrx_word' id='word_1_607' title='bbox 2725 4057 3018 4121; x_wconf 64' lang='lat' dir='ltr'><strong>columnae,</strong></span> <span class='ocrx_word' id='word_1_608' title='bbox 3056 4065 3111 4110; x_wconf 88' lang='lat' dir='ltr'><strong>et</strong></span> <span class='ocrx_word' id='word_1_609' title='bbox 3149 4056 3268 4125; x_wconf 92' lang='lat' dir='ltr'><strong>ipse</strong></span> <span class='ocrx_word' id='word_1_610' title='bbox 3307 4068 3527 4124; x_wconf 86' lang='lat' dir='ltr'><strong>quoque</strong></span> <span class='ocrx_word' id='word_1_611' title='bbox 3560 4053 3697 4107; x_wconf 86' lang='lat' dir='ltr'><strong>satis</strong></span> 
     </span>
    </p>
   </div>
   <div class='ocr_carea' id='block_1_83' title="bbox 2101 4143 3698 4221">
    <p class='ocr_par' dir='ltr' id='par_1_83' title="bbox 2101 4143 3698 4221">
     <span class='ocr_line' id='line_1_83' title="bbox 2101 4143 3698 4221; baseline -0.008 -12"><span class='ocrx_word' id='word_1_612' title='bbox 2101 4152 2487 4217; x_wconf 77' lang='lat' dir='ltr'><strong>intellexisset,</strong></span> <span class='ocrx_word' id='word_1_613' title='bbox 2525 4157 2688 4221; x_wconf 90' lang='lat' dir='ltr'><strong>quam</strong></span> <span class='ocrx_word' id='word_1_614' title='bbox 2724 4156 2871 4202; x_wconf 78' lang='lat' dir='ltr'><strong>esset</strong></span> <span class='ocrx_word' id='word_1_615' title='bbox 2911 4157 3070 4217; x_wconf 86' lang='lat' dir='ltr'><strong>aptus</strong></span> <span class='ocrx_word' id='word_1_616' title='bbox 3101 4148 3277 4210; x_wconf 91' lang='lat' dir='ltr'><strong>locus,</strong></span> <span class='ocrx_word' id='word_1_617' title='bbox 3310 4144 3596 4200; x_wconf 88' lang='lat' dir='ltr'><strong>descendit</strong></span> <span class='ocrx_word' id='word_1_618' title='bbox 3627 4143 3698 4198; x_wconf 89' lang='lat' dir='ltr'><strong>ad</strong></span> 
     </span>
    </p>
   </div>
   <div class='ocr_carea' id='block_1_84' title="bbox 2103 4238 3696 4311">
    <p class='ocr_par' dir='ltr' id='par_1_84' title="bbox 2103 4238 3696 4311">
     <span class='ocr_line' id='line_1_84' title="bbox 2103 4238 3696 4311; baseline -0.009 -9"><span class='ocrx_word' id='word_1_619' title='bbox 2103 4254 2378 4311; x_wconf 84' lang='lat' dir='ltr'><strong>sanctum,</strong></span> <span class='ocrx_word' id='word_1_620' title='bbox 2433 4252 2490 4298; x_wconf 89' lang='lat' dir='ltr'><strong>et</strong></span> <span class='ocrx_word' id='word_1_621' title='bbox 2535 4241 2721 4297; x_wconf 87' lang='lat' dir='ltr'><strong>omnia</strong></span> <span class='ocrx_word' id='word_1_622' title='bbox 2758 4239 3038 4311; x_wconf 79' lang='lat' dir='ltr'><strong>sigillatim</strong></span> <span class='ocrx_word' id='word_1_623' title='bbox 3093 4238 3377 4292; x_wconf 85' lang='lat' dir='ltr'><strong>renuntiat</strong></span> <span class='ocrx_word' id='word_1_624' title='bbox 3427 4251 3554 4290; x_wconf 92' lang='lat' dir='ltr'><strong>cum</strong></span> <span class='ocrx_word' id='word_1_625' title='bbox 3606 4250 3696 4300; x_wconf 83' lang='lat' dir='ltr'><strong>ea,</strong></span> 
     </span>
    </p>
   </div>
   <div class='ocr_carea' id='block_1_85' title="bbox 416 4331 1988 4435">
    <p class='ocr_par' dir='ltr' id='par_1_85' title="bbox 416 4346 1988 4414">
     <span class='ocr_line' id='line_1_85' title="bbox 416 4346 1988 4414; baseline -0.003 -10"><span class='ocrx_word' id='word_1_626' title='bbox 416 4367 476 4404; x_wconf 83' lang='grc' dir='ltr'><strong>τε</strong></span> <span class='ocrx_word' id='word_1_627' title='bbox 524 4349 792 4414; x_wconf 76' lang='grc' dir='ltr'>ἀκούσας,</span> <span class='ocrx_word' id='word_1_628' title='bbox 834 4349 929 4402; x_wconf 76' lang='grc' dir='ltr'>καὶ</span> <span class='ocrx_word' id='word_1_629' title='bbox 977 4349 1070 4402; x_wconf 82' lang='grc' dir='ltr'>τὸν</span> <span class='ocrx_word' id='word_1_630' title='bbox 1127 4347 1296 4401; x_wconf 89' lang='grc' dir='ltr'>τόπον</span> <span class='ocrx_word' id='word_1_631' title='bbox 1351 4348 1684 4401; x_wconf 82' lang='grc' dir='ltr'>καταλαϐεῖν</span> <span class='ocrx_word' id='word_1_632' title='bbox 1744 4346 1988 4400; x_wconf 75' lang='grc' dir='ltr'>ἔσπευδε.</span> 
     </span>
    </p>
   </div>
   <div class='ocr_carea' id='block_1_86' title="bbox 2090 4331 3697 4435">
    <p class='ocr_par' dir='ltr' id='par_1_86' title="bbox 2105 4331 3697 4412">
     <span class='ocr_line' id='line_1_86' title="bbox 2105 4331 3697 4412; baseline -0.009 -16"><span class='ocrx_word' id='word_1_633' title='bbox 2105 4355 2270 4412; x_wconf 87' lang='lat' dir='ltr'><strong>quam</strong></span> <span class='ocrx_word' id='word_1_634' title='bbox 2308 4338 2549 4402; x_wconf 86' lang='lat' dir='ltr'><strong>viderat,</strong></span> <span class='ocrx_word' id='word_1_635' title='bbox 2604 4333 2840 4389; x_wconf 89' lang='lat' dir='ltr'><strong>visione.</strong></span> <span class='ocrx_word' id='word_1_636' title='bbox 2892 4333 2987 4387; x_wconf 88' lang='lat' dir='ltr'><strong>Ille</strong></span> <span class='ocrx_word' id='word_1_637' title='bbox 3031 4340 3215 4386; x_wconf 79' lang='lat' dir='ltr'><strong>autem</strong></span> <span class='ocrx_word' id='word_1_638' title='bbox 3257 4338 3314 4385; x_wconf 90' lang='lat' dir='ltr'><strong>et</strong></span> <span class='ocrx_word' id='word_1_639' title='bbox 3344 4331 3558 4384; x_wconf 62' lang='lat' dir='ltr'><strong>laetatus</strong></span> <span class='ocrx_word' id='word_1_640' title='bbox 3590 4334 3697 4394; x_wconf 86' lang='lat' dir='ltr'><strong>est,</strong></span> 
     </span>
    </p>
   </div>
   <div class='ocr_carea' id='block_1_87' title="bbox 416 4442 1999 4517">
    <p class='ocr_par' dir='ltr' id='par_1_87' title="bbox 416 4442 1999 4517">
     <span class='ocr_line' id='line_1_87' title="bbox 416 4442 1999 4517; baseline -0.004 -19"><span class='ocrx_word' id='word_1_641' title='bbox 416 4446 683 4516; x_wconf 82' lang='grc' dir='ltr'>Δωρεῖται</span> <span class='ocrx_word' id='word_1_642' title='bbox 703 4445 768 4517; x_wconf 78' lang='grc' dir='ltr'>δὴ</span> <span class='ocrx_word' id='word_1_643' title='bbox 799 4444 1028 4516; x_wconf 79' lang='grc' dir='ltr'>Μάρκος</span> <span class='ocrx_word' id='word_1_644' title='bbox 1063 4445 1163 4514; x_wconf 72' lang='grc' dir='ltr'>μὲν</span> <span class='ocrx_word' id='word_1_645' title='bbox 1194 4443 1348 4512; x_wconf 81' lang='grc' dir='ltr'>φίλος</span> <span class='ocrx_word' id='word_1_646' title='bbox 1377 4442 1529 4512; x_wconf 83' lang='grc' dir='ltr'><strong>αύτῷ</strong></span> <span class='ocrx_word' id='word_1_647' title='bbox 1557 4443 1653 4496; x_wconf 79' lang='grc' dir='ltr'>καὶ</span> <span class='ocrx_word' id='word_1_648' title='bbox 1675 4442 1843 4498; x_wconf 72' lang='grc' dir='ltr'>τᾶλλα</span> <span class='ocrx_word' id='word_1_649' title='bbox 1873 4458 1999 4494; x_wconf 87' lang='grc' dir='ltr'>συν-</span> 
     </span>
    </p>
   </div>
   <div class='ocr_carea' id='block_1_88' title="bbox 421 4532 2003 4609">
    <p class='ocr_par' dir='ltr' id='par_1_88' title="bbox 421 4532 2003 4609">
     <span class='ocr_line' id='line_1_88' title="bbox 421 4532 2003 4609; baseline -0.002 -18"><span class='ocrx_word' id='word_1_650' title='bbox 421 4539 564 4609; x_wconf 84' lang='grc' dir='ltr'>ήθης</span> <span class='ocrx_word' id='word_1_651' title='bbox 615 4536 707 4590; x_wconf 84' lang='grc' dir='ltr'><strong>τδν</strong></span> <span class='ocrx_word' id='word_1_652' title='bbox 758 4538 948 4592; x_wconf 74' lang='grc' dir='ltr'>κίοναο</span> <span class='ocrx_word' id='word_1_653' title='bbox 1009 4536 1308 4604; x_wconf 86' lang='grc' dir='ltr'>γενομένου</span> <span class='ocrx_word' id='word_1_654' title='bbox 1359 4535 1418 4588; x_wconf 76' lang='grc' dir='ltr'>δὲ</span> <span class='ocrx_word' id='word_1_655' title='bbox 1466 4536 1561 4588; x_wconf 74' lang='grc' dir='ltr'>καὶ</span> <span class='ocrx_word' id='word_1_656' title='bbox 1607 4534 1701 4587; x_wconf 89' lang='grc' dir='ltr'><strong>τοῦ</strong></span> <span class='ocrx_word' id='word_1_657' title='bbox 1755 4532 2003 4606; x_wconf 76' lang='grc' dir='ltr'>συνήθως</span> 
     </span>
    </p>
   </div>
   <div class='ocr_carea' id='block_1_89' title="bbox 422 4623 2005 4699">
    <p class='ocr_par' dir='ltr' id='par_1_89' title="bbox 422 4623 2005 4699">
     <span class='ocr_line' id='line_1_89' title="bbox 422 4623 2005 4699; baseline -0.004 -15"><span class='ocrx_word' id='word_1_658' title='bbox 422 4629 759 4699; x_wconf 76' lang='grc' dir='ltr'>καλουμένου</span> <span class='ocrx_word' id='word_1_659' title='bbox 795 4628 980 4698; x_wconf 83' lang='grc' dir='ltr'>μοδίου</span> <span class='ocrx_word' id='word_1_660' title='bbox 1015 4627 1112 4681; x_wconf 77' lang='grc' dir='ltr'>καὶ</span> <span class='ocrx_word' id='word_1_661' title='bbox 1143 4628 1210 4696; x_wconf 81' lang='grc' dir='ltr'><strong>τῇ</strong></span> <span class='ocrx_word' id='word_1_662' title='bbox 1242 4625 1452 4696; x_wconf 75' lang='grc' dir='ltr'>κεφαλῇ</span> <span class='ocrx_word' id='word_1_663' title='bbox 1483 4623 1576 4678; x_wconf 89' lang='grc' dir='ltr'><strong>τοῦ</strong></span> <span class='ocrx_word' id='word_1_664' title='bbox 1603 4625 1800 4678; x_wconf 87' lang='grc' dir='ltr'>στύλου</span> <span class='ocrx_word' id='word_1_665' title='bbox 1831 4641 2005 4697; x_wconf 78' lang='grc' dir='ltr'>προσο</span> 
     </span>
    </p>
   </div>
   <div class='ocr_carea' id='block_1_90' title="bbox 422 4717 2080 4792">
    <p class='ocr_par' dir='ltr' id='par_1_90' title="bbox 422 4717 2080 4792">
     <span class='ocr_line' id='line_1_90' title="bbox 422 4717 2080 4792; baseline -0.002 -16"><span class='ocrx_word' id='word_1_666' title='bbox 422 4721 815 4792; x_wconf 81' lang='grc' dir='ltr'>αρμοσθέντος.</span> <span class='ocrx_word' id='word_1_667' title='bbox 864 4719 1080 4776; x_wconf 82' lang='grc' dir='ltr'>κελεύει</span> <span class='ocrx_word' id='word_1_668' title='bbox 1112 4721 1242 4792; x_wconf 83' lang='grc' dir='ltr'>περὶ</span> <span class='ocrx_word' id='word_1_669' title='bbox 1275 4717 1449 4790; x_wconf 75' lang='grc' dir='ltr'>μέσας</span> <span class='ocrx_word' id='word_1_670' title='bbox 1487 4718 1636 4790; x_wconf 83' lang='grc' dir='ltr'>αὐτῷ</span> <span class='ocrx_word' id='word_1_671' title='bbox 1664 4718 1869 4782; x_wconf 88' lang='grc' dir='ltr'>νύκτας</span> <span class='ocrx_word' id='word_1_672' title='bbox 1913 4718 2005 4772; x_wconf 80' lang='grc' dir='ltr'>τὸν</span> <span class='ocrx_word' id='word_1_673' title='bbox 2077 4769 2080 4773; x_wconf 85' lang='grc'><strong>.</strong></span> 
     </span>
    </p>
   </div>
   <div class='ocr_carea' id='block_1_91' title="bbox 422 4807 2006 4882">
    <p class='ocr_par' dir='ltr' id='par_1_91' title="bbox 422 4807 2006 4882">
     <span class='ocr_line' id='line_1_91' title="bbox 422 4807 2006 4882; baseline -0.001 -18"><span class='ocrx_word' id='word_1_674' title='bbox 422 4811 518 4864; x_wconf 85' lang='grc' dir='ltr'><strong>τοῦ</strong></span> <span class='ocrx_word' id='word_1_675' title='bbox 573 4810 703 4866; x_wconf 82' lang='grc' dir='ltr'>ναοῦ</span> <span class='ocrx_word' id='word_1_676' title='bbox 763 4813 945 4882; x_wconf 79' lang='grc' dir='ltr'>τοῖχον</span> <span class='ocrx_word' id='word_1_677' title='bbox 995 4810 1398 4882; x_wconf 82' lang='grc' dir='ltr'>διατρηθῆναι,</span> <span class='ocrx_word' id='word_1_678' title='bbox 1447 4810 1545 4864; x_wconf 65' lang='grc' dir='ltr'><strong>καὶ⁵</strong></span> <span class='ocrx_word' id='word_1_679' title='bbox 1591 4807 1736 4862; x_wconf 77' lang='grc' dir='ltr'>οὕτω</span> <span class='ocrx_word' id='word_1_680' title='bbox 1793 4809 2006 4874; x_wconf 79' lang='grc' dir='ltr'>πάντας</span> 
     </span>
    </p>
   </div>
   <div class='ocr_carea' id='block_1_92' title="bbox 424 4898 2002 4974">
    <p class='ocr_par' dir='ltr' id='par_1_92' title="bbox 424 4898 2002 4974">
     <span class='ocr_line' id='line_1_92' title="bbox 424 4898 2002 4974; baseline 0.001 -20"><span class='ocrx_word' id='word_1_681' title='bbox 424 4900 607 4956; x_wconf 82' lang='grc' dir='ltr'>λαθὼν</span> <span class='ocrx_word' id='word_1_682' title='bbox 634 4901 815 4972; x_wconf 75' lang='grc' dir='ltr'>ἀνῄει.</span> <span class='ocrx_word' id='word_1_683' title='bbox 851 4898 989 4956; x_wconf 72' lang='grc' dir='ltr'>Εἶτα</span> <span class='ocrx_word' id='word_1_684' title='bbox 1022 4904 1117 4957; x_wconf 77' lang='grc' dir='ltr'>καὶ</span> <span class='ocrx_word' id='word_1_685' title='bbox 1143 4902 1459 4974; x_wconf 77' lang='grc' dir='ltr'>προσευχὴν</span> <span class='ocrx_word' id='word_1_686' title='bbox 1503 4901 1746 4970; x_wconf 71' lang='grc' dir='ltr'>ιπιλέγει</span> <span class='ocrx_word' id='word_1_687' title='bbox 1786 4903 1904 4972; x_wconf 83' lang='grc' dir='ltr'>μεθ’</span> <span class='ocrx_word' id='word_1_688' title='bbox 1935 4904 2002 4972; x_wconf 63' lang='lat'><strong>1]-</strong></span> 
     </span>
    </p>
   </div>
   <div class='ocr_carea' id='block_1_93' title="bbox 424 4992 2007 5064">
    <p class='ocr_par' dir='ltr' id='par_1_93' title="bbox 424 4992 2007 5064">
     <span class='ocr_line' id='line_1_93' title="bbox 424 4992 2007 5064; baseline 0 -19"><span class='ocrx_word' id='word_1_689' title='bbox 424 4992 582 5062; x_wconf 83' lang='grc' dir='ltr'>δονῆς</span> <span class='ocrx_word' id='word_1_690' title='bbox 603 4992 778 5057; x_wconf 77' lang='grc' dir='ltr'>οὕτως</span> <span class='ocrx_word' id='word_1_691' title='bbox 809 4994 1042 5064; x_wconf 73' lang='grc' dir='ltr'>ἔχουσαν</span> <span class='ocrx_word' id='word_1_692' title='bbox 1064 5009 1077 5024; x_wconf 85' lang='grc'>⁶</span> <span class='ocrx_word' id='word_1_693' title='bbox 1115 4993 1252 5058; x_wconf 81' lang='grc' dir='ltr'>Δόξα</span> <span class='ocrx_word' id='word_1_694' title='bbox 1300 5011 1407 5061; x_wconf 86' lang='grc' dir='ltr'>σοι,</span> <span class='ocrx_word' id='word_1_695' title='bbox 1445 4993 1652 5064; x_wconf 80' lang='grc' dir='ltr'>Χριστὲ</span> <span class='ocrx_word' id='word_1_696' title='bbox 1682 4996 1710 5047; x_wconf 83' lang='grc' dir='ltr'>ὁ</span> <span class='ocrx_word' id='word_1_697' title='bbox 1737 4993 1892 5060; x_wconf 83' lang='grc' dir='ltr'>Θεὸς,</span> <span class='ocrx_word' id='word_1_698' title='bbox 1924 4995 2007 5047; x_wconf 86' lang='grc' dir='ltr'>ὅτι</span> 
     </span>
    </p>
   </div>
   <div class='ocr_carea' id='block_1_94' title="bbox 386 5083 2012 5156">
    <p class='ocr_par' dir='ltr' id='par_1_94' title="bbox 386 5083 2012 5156">
     <span class='ocr_line' id='line_1_94' title="bbox 386 5083 2012 5156; baseline 0.001 -18"><span class='ocrx_word' id='word_1_699' title='bbox 386 5141 390 5144; x_wconf 69' lang='grc'><strong>,</strong></span> <span class='ocrx_word' id='word_1_700' title='bbox 425 5083 693 5138; x_wconf 83' lang='grc' dir='ltr'>τοιούτων</span> <span class='ocrx_word' id='word_1_701' title='bbox 724 5085 869 5155; x_wconf 75' lang='grc' dir='ltr'><strong>κάμὲ</strong></span> <span class='ocrx_word' id='word_1_702' title='bbox 894 5086 1116 5154; x_wconf 81' lang='grc' dir='ltr'>ἀγαθῶν</span> <span class='ocrx_word' id='word_1_703' title='bbox 1143 5088 1237 5141; x_wconf 79' lang='grc' dir='ltr'>καὶ</span> <span class='ocrx_word' id='word_1_704' title='bbox 1265 5088 1540 5150; x_wconf 82' lang='grc' dir='ltr'>πολιτείας</span> <span class='ocrx_word' id='word_1_705' title='bbox 1565 5087 1824 5156; x_wconf 86' lang='grc' dir='ltr'>τοιαύτης</span> <span class='ocrx_word' id='word_1_706' title='bbox 1845 5087 2012 5156; x_wconf 77' lang='grc' dir='ltr'>ἠξίω-</span> 
     </span>
    </p>
   </div>
   <div class='ocr_carea' id='block_1_95' title="bbox 430 5174 2009 5249">
    <p class='ocr_par' dir='ltr' id='par_1_95' title="bbox 430 5174 2009 5249">
     <span class='ocr_line' id='line_1_95' title="bbox 430 5174 2009 5249; baseline 0.003 -21"><span class='ocrx_word' id='word_1_707' title='bbox 430 5193 555 5239; x_wconf 86' lang='grc' dir='ltr'>σας.</span> <span class='ocrx_word' id='word_1_708' title='bbox 596 5175 737 5230; x_wconf 80' lang='grc' dir='ltr'>⁹Δλλ’</span> <span class='ocrx_word' id='word_1_709' title='bbox 761 5177 922 5241; x_wconf 83' lang='grc' dir='ltr'>αὐτὸς</span> <span class='ocrx_word' id='word_1_710' title='bbox 958 5174 1128 5242; x_wconf 70' lang='grc' dir='ltr'>οἶδας,</span> <span class='ocrx_word' id='word_1_711' title='bbox 1173 5179 1441 5245; x_wconf 86' lang='grc' dir='ltr'>Δέσποτα,</span> <span class='ocrx_word' id='word_1_712' title='bbox 1473 5180 1557 5234; x_wconf 86' lang='grc' dir='ltr'>ὅτι</span> <span class='ocrx_word' id='word_1_713' title='bbox 1587 5191 1670 5233; x_wconf 84' lang='grc' dir='ltr'><strong>σοι</strong></span> <span class='ocrx_word' id='word_1_714' title='bbox 1704 5180 1850 5249; x_wconf 83' lang='grc' dir='ltr'>μόνῳ</span> <span class='ocrx_word' id='word_1_715' title='bbox 1873 5178 2009 5248; x_wconf 76' lang='grc' dir='ltr'><strong>θαρ-</strong></span> 
     </span>
    </p>
   </div>
   <div class='ocr_carea' id='block_1_96' title="bbox 431 5266 2011 5340">
    <p class='ocr_par' dir='ltr' id='par_1_96' title="bbox 431 5266 2011 5340">
     <span class='ocr_line' id='line_1_96' title="bbox 431 5266 2011 5340; baseline 0.003 -20"><span class='ocrx_word' id='word_1_716' title='bbox 431 5266 544 5336; x_wconf 77' lang='grc' dir='ltr'>ῥῶν</span> <span class='ocrx_word' id='word_1_717' title='bbox 602 5267 696 5322; x_wconf 76' lang='grc' dir='ltr'><strong>τὸν</strong></span> <span class='ocrx_word' id='word_1_718' title='bbox 743 5268 902 5323; x_wconf 85' lang='grc' dir='ltr'>κίονα</span> <span class='ocrx_word' id='word_1_719' title='bbox 947 5269 1227 5324; x_wconf 77' lang='grc' dir='ltr'>ἀναϐαίνω</span> <span class='ocrx_word' id='word_1_720' title='bbox 1280 5272 1377 5325; x_wconf 77' lang='grc' dir='ltr'>καὶ</span> <span class='ocrx_word' id='word_1_721' title='bbox 1428 5271 1523 5325; x_wconf 83' lang='grc' dir='ltr'>τὸν</span> <span class='ocrx_word' id='word_1_722' title='bbox 1577 5271 1773 5340; x_wconf 77' lang='grc' dir='ltr'>ἀγῶνα</span> <span class='ocrx_word' id='word_1_723' title='bbox 1817 5268 2011 5324; x_wconf 89' lang='grc' dir='ltr'>τοῦτον</span> 
     </span>
    </p>
   </div>
   <div class='ocr_carea' id='block_1_97' title="bbox 433 5356 2011 5433">
    <p class='ocr_par' dir='ltr' id='par_1_97' title="bbox 433 5356 2011 5433">
     <span class='ocr_line' id='line_1_97' title="bbox 433 5356 2011 5433; baseline 0.004 -24"><span class='ocrx_word' id='word_1_724' title='bbox 433 5356 765 5428; x_wconf 83' lang='grc' dir='ltr'>ύπέρχομαι.</span> <span class='ocrx_word' id='word_1_725' title='bbox 785 5359 950 5427; x_wconf 77' lang='grc' dir='ltr'>Δέξαι</span> <span class='ocrx_word' id='word_1_726' title='bbox 988 5377 1091 5430; x_wconf 84' lang='grc' dir='ltr'><strong>μου</strong></span> <span class='ocrx_word' id='word_1_727' title='bbox 1123 5359 1224 5432; x_wconf 81' lang='grc' dir='ltr'>τὴν</span> <span class='ocrx_word' id='word_1_728' title='bbox 1251 5361 1532 5427; x_wconf 79' lang='grc' dir='ltr'>πρόθεσιν,</span> <span class='ocrx_word' id='word_1_729' title='bbox 1563 5361 1847 5433; x_wconf 68' lang='grc' dir='ltr'>ινίσχυσον</span> <span class='ocrx_word' id='word_1_730' title='bbox 1872 5363 2011 5430; x_wconf 81' lang='grc' dir='ltr'>πρὸς</span> 
     </span>
    </p>
   </div>
   <div class='ocr_carea' id='block_1_98' title="bbox 429 5449 2013 5527">
    <p class='ocr_par' dir='ltr' id='par_1_98' title="bbox 429 5449 2013 5527">
     <span class='ocr_line' id='line_1_98' title="bbox 429 5449 2013 5527; baseline 0.005 -25"><span class='ocrx_word' id='word_1_731' title='bbox 429 5449 523 5502; x_wconf 82' lang='grc' dir='ltr'>τὸν</span> <span class='ocrx_word' id='word_1_732' title='bbox 555 5451 776 5522; x_wconf 87' lang='grc' dir='ltr'>δρόμον,</span> <span class='ocrx_word' id='word_1_733' title='bbox 815 5452 1107 5507; x_wconf 85' lang='grc' dir='ltr'>τελείωσον</span> <span class='ocrx_word' id='word_1_734' title='bbox 1149 5454 1212 5508; x_wconf 80' lang='grc' dir='ltr'>τὸ</span> <span class='ocrx_word' id='word_1_735' title='bbox 1249 5454 1582 5527; x_wconf 79' lang='grc' dir='ltr'>ἐγχείρημα.</span> <span class='ocrx_word' id='word_1_736' title='bbox 1623 5455 1808 5520; x_wconf 67' lang='grc' dir='ltr'>Οὕτως</span> <span class='ocrx_word' id='word_1_737' title='bbox 1837 5456 1865 5508; x_wconf 90' lang='grc' dir='ltr'><strong>ό</strong></span> <span class='ocrx_word' id='word_1_738' title='bbox 1905 5471 2013 5525; x_wconf 78' lang='grc' dir='ltr'>μα·-</span> 
     </span>
    </p>
   </div>
   <div class='ocr_carea' id='block_1_99' title="bbox 431 5541 2015 5618">
    <p class='ocr_par' dir='ltr' id='par_1_99' title="bbox 431 5541 2015 5618">
     <span class='ocr_line' id='line_1_99' title="bbox 431 5541 2015 5618; baseline 0.003 -23"><span class='ocrx_word' id='word_1_739' title='bbox 431 5541 628 5612; x_wconf 79' lang='grc' dir='ltr'>κάριος</span> <span class='ocrx_word' id='word_1_740' title='bbox 665 5543 728 5597; x_wconf 85' lang='grc' dir='ltr'>οὑ</span> <span class='ocrx_word' id='word_1_741' title='bbox 753 5545 896 5598; x_wconf 86' lang='grc' dir='ltr'>κατὰ</span> <span class='ocrx_word' id='word_1_742' title='bbox 926 5545 1150 5615; x_wconf 84' lang='grc' dir='ltr'>πνεῦμα</span> <span class='ocrx_word' id='word_1_743' title='bbox 1178 5545 1339 5616; x_wconf 87' lang='grc' dir='ltr'>μόνον</span> <span class='ocrx_word' id='word_1_744' title='bbox 1366 5545 1544 5600; x_wconf 80' lang='grc' dir='ltr'>τελεῖν</span> <span class='ocrx_word' id='word_1_745' title='bbox 1577 5547 1848 5618; x_wconf 80' lang='grc' dir='ltr'>οὐράνιος,</span> <span class='ocrx_word' id='word_1_746' title='bbox 1875 5546 2015 5600; x_wconf 76' lang='grc' dir='ltr'>ἀλλὰ</span> 
     </span>
    </p>
   </div>
   <div class='ocr_carea' id='block_1_100' title="bbox 436 5631 2012 5710">
    <p class='ocr_par' dir='ltr' id='par_1_100' title="bbox 436 5631 2012 5710">
     <span class='ocr_line' id='line_1_100' title="bbox 436 5631 2012 5710; baseline 0.003 -23"><span class='ocrx_word' id='word_1_747' title='bbox 436 5635 531 5688; x_wconf 77' lang='grc' dir='ltr'>καὶ</span> <span class='ocrx_word' id='word_1_748' title='bbox 557 5635 631 5700; x_wconf 83' lang='grc' dir='ltr'><strong>ὡς</strong></span> <span class='ocrx_word' id='word_1_749' title='bbox 656 5631 771 5691; x_wconf 76' lang='grc' dir='ltr'>οἷόν</span> <span class='ocrx_word' id='word_1_750' title='bbox 788 5655 848 5691; x_wconf 87' lang='grc' dir='ltr'><strong>τε</strong></span> <span class='ocrx_word' id='word_1_751' title='bbox 867 5638 1009 5693; x_wconf 66' lang='grc' dir='ltr'>κατὰ</span> <span class='ocrx_word' id='word_1_752' title='bbox 1037 5637 1199 5710; x_wconf 81' lang='grc' dir='ltr'>σῶμα</span> <span class='ocrx_word' id='word_1_753' title='bbox 1227 5637 1563 5709; x_wconf 76' lang='grc' dir='ltr'>ἐξεϐιάζετο,</span> <span class='ocrx_word' id='word_1_754' title='bbox 1593 5641 1686 5696; x_wconf 72' lang='grc' dir='ltr'>καὶ</span> <span class='ocrx_word' id='word_1_755' title='bbox 1707 5639 1802 5696; x_wconf 89' lang='grc' dir='ltr'><strong>τοῦ</strong></span> <span class='ocrx_word' id='word_1_756' title='bbox 1823 5638 2012 5694; x_wconf 89' lang='grc' dir='ltr'>λοιποῦ</span> 
     </span>
    </p>
   </div>
   <div class='ocr_carea' id='block_1_101' title="bbox 516 5815 936 5885">
    <p class='ocr_par' dir='ltr' id='par_1_101' title="bbox 516 5815 936 5885">
     <span class='ocr_line' id='line_1_101' title="bbox 516 5815 936 5885; baseline 0.014 -13"><span class='ocrx_word' id='word_1_757' title='bbox 516 5816 535 5846; x_wconf 87' lang='grc'><strong>⁷</strong></span> <span class='ocrx_word' id='word_1_758' title='bbox 569 5815 692 5875; x_wconf 81' lang='lat' dir='ltr'><strong>Act.</strong></span> <span class='ocrx_word' id='word_1_759' title='bbox 736 5835 809 5885; x_wconf 79' lang='lat' dir='ltr'><strong>tv.</strong></span> <span class='ocrx_word' id='word_1_760' title='bbox 850 5823 936 5878; x_wconf 72' lang='lat' dir='ltr'><strong>lii.</strong></span> 
     </span>
    </p>
   </div>
   <div class='ocr_carea' id='block_1_102' title="bbox 2105 4421 3701 4493">
    <p class='ocr_par' dir='ltr' id='par_1_102' title="bbox 2105 4421 3701 4493">
     <span class='ocr_line' id='line_1_102' title="bbox 2105 4421 3701 4493; baseline -0.011 -4"><span class='ocrx_word' id='word_1_761' title='bbox 2105 4449 2232 4490; x_wconf 90' lang='lat' dir='ltr'><strong>cum</strong></span> <span class='ocrx_word' id='word_1_762' title='bbox 2271 4430 2600 4493; x_wconf 88' lang='lat' dir='ltr'><strong>audivisset,</strong></span> <span class='ocrx_word' id='word_1_763' title='bbox 2646 4435 2704 4481; x_wconf 88' lang='lat' dir='ltr'><strong>et</strong></span> <span class='ocrx_word' id='word_1_764' title='bbox 2742 4425 2810 4480; x_wconf 89' lang='lat' dir='ltr'><strong>ad</strong></span> <span class='ocrx_word' id='word_1_765' title='bbox 2843 4425 3024 4482; x_wconf 84' lang='lat' dir='ltr'><strong>locum</strong></span> <span class='ocrx_word' id='word_1_766' title='bbox 3055 4423 3247 4478; x_wconf 89' lang='lat' dir='ltr'><strong>venire</strong></span> <span class='ocrx_word' id='word_1_767' title='bbox 3278 4421 3559 4492; x_wconf 88' lang='lat' dir='ltr'><strong>cupiebat.</strong></span> <span class='ocrx_word' id='word_1_768' title='bbox 3596 4423 3701 4476; x_wconf 84' lang='lat' dir='ltr'><strong>Dat</strong></span> 
     </span>
    </p>
   </div>
   <div class='ocr_carea' id='block_1_103' title="bbox 2103 4514 3702 4592">
    <p class='ocr_par' dir='ltr' id='par_1_103' title="bbox 2103 4514 3702 4592">
     <span class='ocr_line' id='line_1_103' title="bbox 2103 4514 3702 4592; baseline -0.007 -11"><span class='ocrx_word' id='word_1_769' title='bbox 2103 4541 2238 4583; x_wconf 86' lang='lat' dir='ltr'><strong>vero</strong></span> <span class='ocrx_word' id='word_1_770' title='bbox 2273 4523 2496 4579; x_wconf 83' lang='lat' dir='ltr'><strong>Marcus</strong></span> <span class='ocrx_word' id='word_1_771' title='bbox 2531 4519 2756 4592; x_wconf 86' lang='lat' dir='ltr'><strong>quidem</strong></span> <span class='ocrx_word' id='word_1_772' title='bbox 2805 4517 2857 4573; x_wconf 87' lang='lat' dir='ltr'><strong>ei</strong></span> <span class='ocrx_word' id='word_1_773' title='bbox 2910 4517 3123 4572; x_wconf 91' lang='lat' dir='ltr'><strong>amicus</strong></span> <span class='ocrx_word' id='word_1_774' title='bbox 3176 4524 3232 4570; x_wconf 90' lang='lat' dir='ltr'><strong>et</strong></span> <span class='ocrx_word' id='word_1_775' title='bbox 3266 4515 3373 4570; x_wconf 87' lang='lat' dir='ltr'><strong>alio</strong></span> <span class='ocrx_word' id='word_1_776' title='bbox 3407 4516 3502 4584; x_wconf 92' lang='lat' dir='ltr'><strong>qui</strong></span> <span class='ocrx_word' id='word_1_777' title='bbox 3540 4514 3702 4570; x_wconf 81' lang='lat' dir='ltr'><strong>fami-</strong></span> 
     </span>
    </p>
   </div>
   <div class='ocr_carea' id='block_1_104' title="bbox 2103 4608 3702 4675">
    <p class='ocr_par' dir='ltr' id='par_1_104' title="bbox 2103 4608 3702 4675">
     <span class='ocr_line' id='line_1_104' title="bbox 2103 4608 3702 4675; baseline -0.009 -2"><span class='ocrx_word' id='word_1_778' title='bbox 2103 4619 2262 4673; x_wconf 82' lang='lat' dir='ltr'><strong>liaris</strong></span> <span class='ocrx_word' id='word_1_779' title='bbox 2304 4617 2642 4673; x_wconf 88' lang='lat' dir='ltr'><strong>columnam.</strong></span> <span class='ocrx_word' id='word_1_780' title='bbox 2685 4611 2823 4667; x_wconf 82' lang='lat' dir='ltr'><strong>Cum</strong></span> <span class='ocrx_word' id='word_1_781' title='bbox 2854 4619 3041 4664; x_wconf 89' lang='lat' dir='ltr'><strong>autem</strong></span> <span class='ocrx_word' id='word_1_782' title='bbox 3069 4608 3247 4664; x_wconf 79' lang='lat' dir='ltr'><strong>factus</strong></span> <span class='ocrx_word' id='word_1_783' title='bbox 3281 4617 3430 4664; x_wconf 88' lang='lat' dir='ltr'><strong>esset</strong></span> <span class='ocrx_word' id='word_1_784' title='bbox 3477 4608 3523 4660; x_wconf 92' lang='lat' dir='ltr'><strong>is</strong></span> <span class='ocrx_word' id='word_1_785' title='bbox 3566 4621 3702 4675; x_wconf 86' lang='lat' dir='ltr'><strong>quo-</strong></span> 
     </span>
    </p>
   </div>
   <div class='ocr_carea' id='block_1_105' title="bbox 2105 4698 3704 4780">
    <p class='ocr_par' dir='ltr' id='par_1_105' title="bbox 2105 4698 3704 4780">
     <span class='ocr_line' id='line_1_105' title="bbox 2105 4698 3704 4780; baseline -0.009 -14"><span class='ocrx_word' id='word_1_786' title='bbox 2105 4725 2235 4780; x_wconf 90' lang='lat' dir='ltr'><strong>que,</strong></span> <span class='ocrx_word' id='word_1_787' title='bbox 2281 4710 2376 4779; x_wconf 92' lang='lat' dir='ltr'><strong>qui</strong></span> <span class='ocrx_word' id='word_1_788' title='bbox 2425 4707 2565 4762; x_wconf 87' lang='lat' dir='ltr'><strong>solet</strong></span> <span class='ocrx_word' id='word_1_789' title='bbox 2619 4703 2804 4759; x_wconf 81' lang='lat' dir='ltr'><strong>vocari</strong></span> <span class='ocrx_word' id='word_1_790' title='bbox 2841 4701 3082 4767; x_wconf 90' lang='lat' dir='ltr'><strong>modius,</strong></span> <span class='ocrx_word' id='word_1_791' title='bbox 3135 4709 3191 4754; x_wconf 89' lang='lat' dir='ltr'><strong>et</strong></span> <span class='ocrx_word' id='word_1_792' title='bbox 3235 4700 3399 4768; x_wconf 85' lang='lat' dir='ltr'><strong>capiti</strong></span> <span class='ocrx_word' id='word_1_793' title='bbox 3428 4698 3704 4751; x_wconf 64' lang='lat' dir='ltr'><strong>columnae</strong></span> 
     </span>
    </p>
   </div>
   <div class='ocr_carea' id='block_1_106' title="bbox 2105 4781 3701 4872">
    <p class='ocr_par' dir='ltr' id='par_1_106' title="bbox 2105 4781 3701 4872">
     <span class='ocr_line' id='line_1_106' title="bbox 2105 4781 3701 4872; baseline -0.011 -9"><span class='ocrx_word' id='word_1_794' title='bbox 2105 4805 2306 4863; x_wconf 76' lang='lat' dir='ltr'><strong>fuisset</strong></span> <span class='ocrx_word' id='word_1_795' title='bbox 2368 4803 2700 4872; x_wconf 87' lang='lat' dir='ltr'><strong>adaptatus,</strong></span> <span class='ocrx_word' id='word_1_796' title='bbox 2753 4797 2918 4868; x_wconf 87' lang='lat' dir='ltr'><strong>jubet</strong></span> <span class='ocrx_word' id='word_1_797' title='bbox 2969 4781 3118 4850; x_wconf 82' lang='lat' dir='ltr'><strong>circa</strong></span> <span class='ocrx_word' id='word_1_798' title='bbox 3189 4793 3427 4848; x_wconf 84' lang='lat' dir='ltr'><strong>mediam</strong></span> <span class='ocrx_word' id='word_1_799' title='bbox 3480 4801 3701 4846; x_wconf 88' lang='lat' dir='ltr'><strong>noctem</strong></span> 
     </span>
    </p>
   </div>
   <div class='ocr_carea' id='block_1_107' title="bbox 2108 4884 3705 4969">
    <p class='ocr_par' dir='ltr' id='par_1_107' title="bbox 2108 4884 3705 4969">
     <span class='ocr_line' id='line_1_107' title="bbox 2108 4884 3705 4969; baseline -0.009 -17"><span class='ocrx_word' id='word_1_800' title='bbox 2108 4895 2382 4969; x_wconf 76' lang='lat' dir='ltr'><strong>perforari</strong></span> <span class='ocrx_word' id='word_1_801' title='bbox 2415 4893 2524 4949; x_wconf 89' lang='lat' dir='ltr'><strong>sibi</strong></span> <span class='ocrx_word' id='word_1_802' title='bbox 2556 4891 2748 4960; x_wconf 90' lang='lat' dir='ltr'><strong>templi</strong></span> <span class='ocrx_word' id='word_1_803' title='bbox 2782 4890 3090 4960; x_wconf 84' lang='lat' dir='ltr'><strong>parietem;</strong></span> <span class='ocrx_word' id='word_1_804' title='bbox 3142 4894 3199 4941; x_wconf 89' lang='lat' dir='ltr'><strong>et</strong></span> <span class='ocrx_word' id='word_1_805' title='bbox 3253 4884 3352 4950; x_wconf 91' lang='lat' dir='ltr'><strong>ita,</strong></span> <span class='ocrx_word' id='word_1_806' title='bbox 3399 4899 3592 4938; x_wconf 90' lang='lat' dir='ltr'><strong>omnes</strong></span> <span class='ocrx_word' id='word_1_807' title='bbox 3625 4884 3705 4938; x_wconf 87' lang='lat' dir='ltr'><strong>la-</strong></span> 
     </span>
    </p>
   </div>
   <div class='ocr_carea' id='block_1_108' title="bbox 2111 4976 3704 5054">
    <p class='ocr_par' dir='ltr' id='par_1_108' title="bbox 2111 4976 3704 5054">
     <span class='ocr_line' id='line_1_108' title="bbox 2111 4976 3704 5054; baseline -0.008 -10"><span class='ocrx_word' id='word_1_808' title='bbox 2111 4997 2256 5054; x_wconf 88' lang='lat' dir='ltr'><strong>tens,</strong></span> <span class='ocrx_word' id='word_1_809' title='bbox 2289 4985 2565 5042; x_wconf 89' lang='lat' dir='ltr'><strong>ascendit.</strong></span> <span class='ocrx_word' id='word_1_810' title='bbox 2602 4982 2813 5039; x_wconf 87' lang='lat' dir='ltr'><strong>Deinde</strong></span> <span class='ocrx_word' id='word_1_811' title='bbox 2849 4981 3016 5036; x_wconf 90' lang='lat' dir='ltr'><strong>etiam</strong></span> <span class='ocrx_word' id='word_1_812' title='bbox 3057 4995 3182 5035; x_wconf 89' lang='lat' dir='ltr'><strong>cum</strong></span> <span class='ocrx_word' id='word_1_813' title='bbox 3222 4978 3425 5049; x_wconf 85' lang='lat' dir='ltr'><strong>gaudio</strong></span> <span class='ocrx_word' id='word_1_814' title='bbox 3460 4976 3704 5045; x_wconf 89' lang='lat' dir='ltr'><strong>concipit</strong></span> 
     </span>
    </p>
   </div>
   <div class='ocr_carea' id='block_1_109' title="bbox 2082 5068 3702 5154">
    <p class='ocr_par' dir='ltr' id='par_1_109' title="bbox 2082 5068 3702 5154">
     <span class='ocr_line' id='line_1_109' title="bbox 2082 5068 3702 5154; baseline -0.007 -20"><span class='ocrx_word' id='word_1_815' title='bbox 2082 5095 2342 5154; x_wconf 77' lang='lat' dir='ltr'><strong>preces,</strong></span> <span class='ocrx_word' id='word_1_816' title='bbox 2391 5093 2513 5148; x_wconf 66' lang='lat' dir='ltr'><strong>quae</strong></span> <span class='ocrx_word' id='word_1_817' title='bbox 2567 5077 2642 5132; x_wconf 88' lang='lat' dir='ltr'><strong>ita</strong></span> <span class='ocrx_word' id='word_1_818' title='bbox 2690 5075 2971 5130; x_wconf 85' lang='lat' dir='ltr'><strong>habebant</strong></span> <span class='ocrx_word' id='word_1_819' title='bbox 3014 5088 3028 5126; x_wconf 91' lang='lat'><strong>:</strong></span> <span class='ocrx_word' id='word_1_820' title='bbox 3081 5071 3264 5127; x_wconf 88' lang='lat' dir='ltr'><strong>Gloria</strong></span> <span class='ocrx_word' id='word_1_821' title='bbox 3315 5070 3436 5136; x_wconf 91' lang='lat' dir='ltr'><strong>tibi,</strong></span> <span class='ocrx_word' id='word_1_822' title='bbox 3485 5068 3702 5124; x_wconf 87' lang='lat' dir='ltr'><strong>Christe</strong></span> 
     </span>
    </p>
   </div>
   <div class='ocr_carea' id='block_1_110' title="bbox 2112 5160 3702 5241">
    <p class='ocr_par' dir='ltr' id='par_1_110' title="bbox 2112 5160 3702 5241">
     <span class='ocr_line' id='line_1_110' title="bbox 2112 5160 3702 5241; baseline -0.009 -12"><span class='ocrx_word' id='word_1_823' title='bbox 2112 5174 2281 5238; x_wconf 85' lang='lat' dir='ltr'><strong>Deus,</strong></span> <span class='ocrx_word' id='word_1_824' title='bbox 2327 5169 2474 5241; x_wconf 91' lang='lat' dir='ltr'><strong>quod</strong></span> <span class='ocrx_word' id='word_1_825' title='bbox 2531 5184 2617 5223; x_wconf 90' lang='lat' dir='ltr'><strong>me</strong></span> <span class='ocrx_word' id='word_1_826' title='bbox 2665 5167 2868 5222; x_wconf 89' lang='lat' dir='ltr'><strong>talibus</strong></span> <span class='ocrx_word' id='word_1_827' title='bbox 2901 5165 3058 5220; x_wconf 90' lang='lat' dir='ltr'><strong>bonis</strong></span> <span class='ocrx_word' id='word_1_828' title='bbox 3087 5173 3143 5220; x_wconf 87' lang='lat' dir='ltr'><strong>et</strong></span> <span class='ocrx_word' id='word_1_829' title='bbox 3175 5165 3267 5219; x_wconf 87' lang='lat' dir='ltr'><strong>tali</strong></span> <span class='ocrx_word' id='word_1_830' title='bbox 3294 5163 3418 5218; x_wconf 69' lang='lat' dir='ltr'><strong>vita:</strong></span> <span class='ocrx_word' id='word_1_831' title='bbox 3448 5160 3702 5215; x_wconf 92' lang='lat' dir='ltr'><strong>instituto</strong></span> 
     </span>
    </p>
   </div>
   <div class='ocr_carea' id='block_1_111' title="bbox 2111 5254 3700 5335">
    <p class='ocr_par' dir='ltr' id='par_1_111' title="bbox 2111 5254 3700 5335">
     <span class='ocr_line' id='line_1_111' title="bbox 2111 5254 3700 5335; baseline -0.008 -14"><span class='ocrx_word' id='word_1_832' title='bbox 2111 5280 2173 5321; x_wconf 87' lang='lat' dir='ltr'><strong>es</strong></span> <span class='ocrx_word' id='word_1_833' title='bbox 2198 5263 2483 5335; x_wconf 72' lang='lat' dir='ltr'><strong>dignatus.</strong></span> <span class='ocrx_word' id='word_1_834' title='bbox 2534 5259 2642 5316; x_wconf 88' lang='lat' dir='ltr'><strong>Sed</strong></span> <span class='ocrx_word' id='word_1_835' title='bbox 2695 5269 2752 5314; x_wconf 91' lang='lat' dir='ltr'><strong>tu</strong></span> <span class='ocrx_word' id='word_1_836' title='bbox 2786 5259 2914 5325; x_wconf 86' lang='lat' dir='ltr'><strong>scis,</strong></span> <span class='ocrx_word' id='word_1_837' title='bbox 2952 5273 2985 5313; x_wconf 92' lang='grc' dir='ltr'><strong>ο</strong></span> <span class='ocrx_word' id='word_1_838' title='bbox 3020 5258 3275 5322; x_wconf 89' lang='lat' dir='ltr'><strong>Domine,</strong></span> <span class='ocrx_word' id='word_1_839' title='bbox 3312 5256 3460 5326; x_wconf 91' lang='lat' dir='ltr'><strong>quod</strong></span> <span class='ocrx_word' id='word_1_840' title='bbox 3497 5267 3550 5312; x_wconf 90' lang='lat' dir='ltr'><strong>te</strong></span> <span class='ocrx_word' id='word_1_841' title='bbox 3581 5254 3700 5310; x_wconf 89' lang='lat' dir='ltr'><strong>solo</strong></span> 
     </span>
    </p>
   </div>
   <div class='ocr_carea' id='block_1_112' title="bbox 2113 5349 3703 5416">
    <p class='ocr_par' dir='ltr' id='par_1_112' title="bbox 2113 5349 3703 5416">
     <span class='ocr_line' id='line_1_112' title="bbox 2113 5349 3703 5416; baseline -0.008 -2"><span class='ocrx_word' id='word_1_842' title='bbox 2113 5359 2291 5414; x_wconf 81' lang='lat' dir='ltr'><strong>fretus</strong></span> <span class='ocrx_word' id='word_1_843' title='bbox 2330 5356 2475 5411; x_wconf 88' lang='lat' dir='ltr'><strong>hanc</strong></span> <span class='ocrx_word' id='word_1_844' title='bbox 2507 5352 2750 5409; x_wconf 85' lang='lat' dir='ltr'><strong>ascendo</strong></span> <span class='ocrx_word' id='word_1_845' title='bbox 2790 5353 3125 5416; x_wconf 80' lang='lat' dir='ltr'><strong>columnam,</strong></span> <span class='ocrx_word' id='word_1_846' title='bbox 3172 5357 3229 5403; x_wconf 91' lang='lat' dir='ltr'><strong>et</strong></span> <span class='ocrx_word' id='word_1_847' title='bbox 3279 5349 3381 5404; x_wconf 89' lang='lat' dir='ltr'><strong>hoc</strong></span> <span class='ocrx_word' id='word_1_848' title='bbox 3418 5356 3703 5404; x_wconf 83' lang='lat' dir='ltr'><strong>certamen</strong></span> 
     </span>
    </p>
   </div>
   <div class='ocr_carea' id='block_1_113' title="bbox 2117 5439 3701 5516">
    <p class='ocr_par' dir='ltr' id='par_1_113' title="bbox 2117 5439 3701 5516">
     <span class='ocr_line' id='line_1_113' title="bbox 2117 5439 3701 5516; baseline -0.009 -10"><span class='ocrx_word' id='word_1_849' title='bbox 2117 5451 2313 5507; x_wconf 85' lang='lat' dir='ltr'><strong>subeo.</strong></span> <span class='ocrx_word' id='word_1_850' title='bbox 2367 5445 2594 5516; x_wconf 88' lang='lat' dir='ltr'><strong>Suscipe</strong></span> <span class='ocrx_word' id='word_1_851' title='bbox 2646 5458 2832 5498; x_wconf 87' lang='lat' dir='ltr'><strong>meum</strong></span> <span class='ocrx_word' id='word_1_852' title='bbox 2898 5441 3278 5512; x_wconf 81' lang='lat' dir='ltr'><strong>prepositum;</strong></span> <span class='ocrx_word' id='word_1_853' title='bbox 3317 5439 3582 5496; x_wconf 83' lang='lat' dir='ltr'><strong>conﬁrma</strong></span> <span class='ocrx_word' id='word_1_854' title='bbox 3613 5454 3701 5492; x_wconf 88' lang='lat' dir='ltr'><strong>me</strong></span> 
     </span>
    </p>
   </div>
   <div class='ocr_carea' id='block_1_114' title="bbox 2119 5531 3700 5607">
    <p class='ocr_par' dir='ltr' id='par_1_114' title="bbox 2119 5531 3700 5607">
     <span class='ocr_line' id='line_1_114' title="bbox 2119 5531 3700 5607; baseline -0.008 -10"><span class='ocrx_word' id='word_1_855' title='bbox 2119 5541 2188 5597; x_wconf 89' lang='lat' dir='ltr'><strong>ad</strong></span> <span class='ocrx_word' id='word_1_856' title='bbox 2215 5555 2479 5607; x_wconf 89' lang='lat' dir='ltr'><strong>cursum;</strong></span> <span class='ocrx_word' id='word_1_857' title='bbox 2513 5543 2760 5606; x_wconf 67' lang='lat' dir='ltr'><strong>coeptum</strong></span> <span class='ocrx_word' id='word_1_858' title='bbox 2791 5549 2974 5590; x_wconf 90' lang='lat' dir='ltr'><strong>meum</strong></span> <span class='ocrx_word' id='word_1_859' title='bbox 3007 5533 3252 5589; x_wconf 89' lang='lat' dir='ltr'><strong>absolve.</strong></span> <span class='ocrx_word' id='word_1_860' title='bbox 3283 5531 3371 5589; x_wconf 89' lang='lat' dir='ltr'><strong>Sic</strong></span> <span class='ocrx_word' id='word_1_861' title='bbox 3394 5533 3586 5588; x_wconf 89' lang='lat' dir='ltr'><strong>beatus</strong></span> <span class='ocrx_word' id='word_1_862' title='bbox 3609 5531 3700 5585; x_wconf 88' lang='lat' dir='ltr'><strong>ille</strong></span> 
     </span>
    </p>
   </div>
   <div class='ocr_carea' id='block_1_115' title="bbox 2119 5624 3698 5706">
    <p class='ocr_par' dir='ltr' id='par_1_115' title="bbox 2119 5624 3698 5706">
     <span class='ocr_line' id='line_1_115' title="bbox 2119 5624 3698 5706; baseline -0.009 -14"><span class='ocrx_word' id='word_1_863' title='bbox 2119 5650 2231 5692; x_wconf 90' lang='lat' dir='ltr'><strong>non</strong></span> <span class='ocrx_word' id='word_1_864' title='bbox 2267 5634 2468 5706; x_wconf 86' lang='lat' dir='ltr'><strong>spiritu</strong></span> <span class='ocrx_word' id='word_1_865' title='bbox 2498 5632 2676 5691; x_wconf 89' lang='lat' dir='ltr'><strong>solum</strong></span> <span class='ocrx_word' id='word_1_866' title='bbox 2710 5645 2832 5688; x_wconf 84' lang='lat' dir='ltr'><strong>esse</strong></span> <span class='ocrx_word' id='word_1_867' title='bbox 2865 5628 3129 5696; x_wconf 81' lang='lat' dir='ltr'><strong>caelestis,</strong></span> <span class='ocrx_word' id='word_1_868' title='bbox 3164 5627 3261 5683; x_wconf 89' lang='lat' dir='ltr'><strong>scd</strong></span> <span class='ocrx_word' id='word_1_869' title='bbox 3291 5627 3478 5693; x_wconf 87' lang='lat' dir='ltr'><strong>etiam,</strong></span> <span class='ocrx_word' id='word_1_870' title='bbox 3515 5624 3698 5694; x_wconf 84' lang='lat' dir='ltr'><strong>quoad</strong></span> 
     </span>
    </p>
   </div>
  </div>
