  <div class='ocr_page' id='page_1' title='image "/cluster/home/n/w/nwhite01/storage/ocr_20150623/116/hvd.32044073502221/501.png"; bbox 0 0 4126 6382; ppageno 0'>
   <div class='ocr_carea' id='block_1_1' title="bbox 516 341 620 402">
    <p class='ocr_par' dir='ltr' id='par_1_1' title="bbox 516 341 620 402">
     <span class='ocr_line' id='line_1_1' title="bbox 516 341 620 402; baseline -0.01 0"><span class='ocrx_word' id='word_1_1' title='bbox 516 341 620 402; x_wconf 73' lang='grc' dir='ltr'><strong>ςθι</strong></span> 
     </span>
    </p>
   </div>
   <div class='ocr_carea' id='block_1_2' title="bbox 1695 341 2638 403">
    <p class='ocr_par' dir='ltr' id='par_1_2' title="bbox 1695 341 2638 403">
     <span class='ocr_line' id='line_1_2' title="bbox 1695 341 2638 403; baseline 0.002 -3"><span class='ocrx_word' id='word_1_2' title='bbox 1695 341 2168 402; x_wconf 75' lang='lat' dir='ltr'><strong>ADDENDA.-—</strong></span> <span class='ocrx_word' id='word_1_3' title='bbox 2203 342 2638 403; x_wconf 79' lang='lat' dir='ltr'><strong>DECEMBER.</strong></span> 
     </span>
    </p>
   </div>
   <div class='ocr_carea' id='block_1_3' title="bbox 3708 345 3823 408">
    <p class='ocr_par' dir='ltr' id='par_1_3' title="bbox 3708 345 3823 408">
     <span class='ocr_line' id='line_1_3' title="bbox 3708 345 3823 408; baseline -0.017 0"><span class='ocrx_word' id='word_1_4' title='bbox 3708 345 3823 408; x_wconf 78' lang='lat'><strong>992</strong></span> 
     </span>
    </p>
   </div>
   <div class='ocr_carea' id='block_1_4' title="bbox 517 455 2105 539">
    <p class='ocr_par' dir='ltr' id='par_1_4' title="bbox 517 455 2105 526">
     <span class='ocr_line' id='line_1_4' title="bbox 517 455 2105 526; baseline 0 -14"><span class='ocrx_word' id='word_1_5' title='bbox 517 459 640 526; x_wconf 84' lang='lat' dir='ltr'><strong>ejus</strong></span> <span class='ocrx_word' id='word_1_6' title='bbox 698 455 814 510; x_wconf 76' lang='lat' dir='ltr'><strong>ﬁeri</strong></span> <span class='ocrx_word' id='word_1_7' title='bbox 871 462 1106 524; x_wconf 88' lang='lat' dir='ltr'><strong>poterat,</strong></span> <span class='ocrx_word' id='word_1_8' title='bbox 1143 471 1377 525; x_wconf 90' lang='lat' dir='ltr'><strong>corpore</strong></span> <span class='ocrx_word' id='word_1_9' title='bbox 1431 471 1552 510; x_wconf 85' lang='lat' dir='ltr'><strong>esse</strong></span> <span class='ocrx_word' id='word_1_10' title='bbox 1593 457 1999 518; x_wconf 83' lang='lat' dir='ltr'><strong>contendebat;</strong></span> <span class='ocrx_word' id='word_1_11' title='bbox 2051 465 2105 512; x_wconf 85' lang='lat' dir='ltr'><strong>et</strong></span> 
     </span>
    </p>
   </div>
   <div class='ocr_carea' id='block_1_5' title="bbox 2209 455 3826 539">
    <p class='ocr_par' dir='ltr' id='par_1_5' title="bbox 2221 456 3826 539">
     <span class='ocr_line' id='line_1_5' title="bbox 2221 456 3826 539; baseline 0.002 -26"><span class='ocrx_word' id='word_1_12' title='bbox 2221 461 2384 531; x_wconf 88' lang='grc' dir='ltr'>μόνος</span> <span class='ocrx_word' id='word_1_13' title='bbox 2409 456 2478 532; x_wconf 82' lang='grc' dir='ltr'>ἦν</span> <span class='ocrx_word' id='word_1_14' title='bbox 2499 463 2557 514; x_wconf 82' lang='grc' dir='ltr'><strong>ἐν</strong></span> <span class='ocrx_word' id='word_1_15' title='bbox 2585 460 2662 531; x_wconf 81' lang='grc' dir='ltr'>τῷ</span> <span class='ocrx_word' id='word_1_16' title='bbox 2691 459 2852 524; x_wconf 83' lang='grc' dir='ltr'>κίονι,</span> <span class='ocrx_word' id='word_1_17' title='bbox 2889 460 3146 530; x_wconf 81' lang='grc' dir='ltr'><strong>μεθόριον</strong></span> <span class='ocrx_word' id='word_1_18' title='bbox 3175 461 3368 518; x_wconf 72' lang='grc' dir='ltr'>ἑαυτὸν</span> <span class='ocrx_word' id='word_1_19' title='bbox 3394 465 3618 538; x_wconf 77' lang='grc' dir='ltr'><strong>θέμενος</strong></span> <span class='ocrx_word' id='word_1_20' title='bbox 3639 469 3826 539; x_wconf 72' lang='grc' dir='ltr'>οὐρα.</span> 
     </span>
    </p>
   </div>
   <div class='ocr_carea' id='block_1_6' title="bbox 518 547 2104 619">
    <p class='ocr_par' dir='ltr' id='par_1_6' title="bbox 518 547 2104 619">
     <span class='ocr_line' id='line_1_6' title="bbox 518 547 2104 619; baseline 0.001 -18"><span class='ocrx_word' id='word_1_21' title='bbox 518 548 588 602; x_wconf 83' lang='lat' dir='ltr'><strong>de</strong></span> <span class='ocrx_word' id='word_1_22' title='bbox 627 559 827 603; x_wconf 64' lang='lat' dir='ltr'><strong>cancro</strong></span> <span class='ocrx_word' id='word_1_23' title='bbox 862 547 1014 601; x_wconf 90' lang='lat' dir='ltr'><strong>solus</strong></span> <span class='ocrx_word' id='word_1_24' title='bbox 1067 555 1186 600; x_wconf 90' lang='lat' dir='ltr'><strong>erat</strong></span> <span class='ocrx_word' id='word_1_25' title='bbox 1228 547 1283 600; x_wconf 89' lang='lat' dir='ltr'><strong>in</strong></span> <span class='ocrx_word' id='word_1_26' title='bbox 1326 549 1607 612; x_wconf 79' lang='lat' dir='ltr'><strong>columna,</strong></span> <span class='ocrx_word' id='word_1_27' title='bbox 1651 547 1894 619; x_wconf 89' lang='lat' dir='ltr'><strong>seipsum</strong></span> <span class='ocrx_word' id='word_1_28' title='bbox 1931 549 2104 603; x_wconf 83' lang='lat' dir='ltr'><strong>collo-</strong></span> 
     </span>
    </p>
   </div>
   <div class='ocr_carea' id='block_1_7' title="bbox 518 638 2113 710">
    <p class='ocr_par' dir='ltr' id='par_1_7' title="bbox 518 638 2113 710">
     <span class='ocr_line' id='line_1_7' title="bbox 518 638 2113 710; baseline 0.001 -16"><span class='ocrx_word' id='word_1_29' title='bbox 518 654 653 694; x_wconf 86' lang='lat' dir='ltr'><strong>cans</strong></span> <span class='ocrx_word' id='word_1_30' title='bbox 703 639 758 693; x_wconf 93' lang='lat' dir='ltr'><strong>in</strong></span> <span class='ocrx_word' id='word_1_31' title='bbox 817 638 942 694; x_wconf 68' lang='lat' dir='ltr'><strong>caeli</strong></span> <span class='ocrx_word' id='word_1_32' title='bbox 996 648 1054 692; x_wconf 91' lang='lat' dir='ltr'><strong>et</strong></span> <span class='ocrx_word' id='word_1_33' title='bbox 1107 647 1267 694; x_wconf 60' lang='lat' dir='ltr'><strong>terra:</strong></span> <span class='ocrx_word' id='word_1_34' title='bbox 1304 638 1574 706; x_wconf 82' lang='lat' dir='ltr'><strong>conﬁnio;</strong></span> <span class='ocrx_word' id='word_1_35' title='bbox 1620 640 1690 695; x_wconf 85' lang='lat' dir='ltr'><strong>ab</strong></span> <span class='ocrx_word' id='word_1_36' title='bbox 1743 641 1845 695; x_wconf 86' lang='lat' dir='ltr'><strong>hac</strong></span> <span class='ocrx_word' id='word_1_37' title='bbox 1889 640 2113 710; x_wconf 85' lang='lat' dir='ltr'><strong>quidem</strong></span> 
     </span>
    </p>
   </div>
   <div class='ocr_carea' id='block_1_8' title="bbox 519 732 2114 802">
    <p class='ocr_par' dir='ltr' id='par_1_8' title="bbox 519 732 2114 802">
     <span class='ocr_line' id='line_1_8' title="bbox 519 732 2114 802; baseline 0.002 -15"><span class='ocrx_word' id='word_1_38' title='bbox 519 733 790 788; x_wconf 85' lang='lat' dir='ltr'><strong>recedens</strong></span> <span class='ocrx_word' id='word_1_39' title='bbox 851 746 1018 788; x_wconf 82' lang='lat' dir='ltr'><strong>carne</strong></span> <span class='ocrx_word' id='word_1_40' title='bbox 1063 741 1120 788; x_wconf 86' lang='lat' dir='ltr'><strong>et</strong></span> <span class='ocrx_word' id='word_1_41' title='bbox 1149 732 1370 802; x_wconf 89' lang='lat' dir='ltr'><strong>spiritu,</strong></span> <span class='ocrx_word' id='word_1_42' title='bbox 1403 732 1470 787; x_wconf 92' lang='lat' dir='ltr'><strong>ad</strong></span> <span class='ocrx_word' id='word_1_43' title='bbox 1504 732 1640 788; x_wconf 77' lang='lat' dir='ltr'><strong>illud</strong></span> <span class='ocrx_word' id='word_1_44' title='bbox 1668 741 1856 790; x_wconf 90' lang='lat' dir='ltr'><strong>autem</strong></span> <span class='ocrx_word' id='word_1_45' title='bbox 1887 741 2114 790; x_wconf 86' lang='lat' dir='ltr'><strong>conten-</strong></span> 
     </span>
    </p>
   </div>
   <div class='ocr_carea' id='block_1_9' title="bbox 520 825 682 881">
    <p class='ocr_par' dir='ltr' id='par_1_9' title="bbox 520 825 682 881">
     <span class='ocr_line' id='line_1_9' title="bbox 520 825 682 881; baseline -0.012 -1"><span class='ocrx_word' id='word_1_46' title='bbox 520 825 682 881; x_wconf 89' lang='lat' dir='ltr'><strong>dens.</strong></span> 
     </span>
    </p>
   </div>
   <div class='ocr_carea' id='block_1_10' title="bbox 585 963 2117 1041">
    <p class='ocr_par' dir='ltr' id='par_1_10' title="bbox 585 963 2117 1041">
     <span class='ocr_line' id='line_1_10' title="bbox 585 963 2117 1041; baseline 0.006 -22"><span class='ocrx_word' id='word_1_47' title='bbox 585 964 724 1020; x_wconf 79' lang='lat' dir='ltr'><strong>XVI.</strong></span> <span class='ocrx_word' id='word_1_48' title='bbox 745 963 872 1020; x_wconf 61' lang='lat' dir='ltr'><strong>Hac</strong></span> <span class='ocrx_word' id='word_1_49' title='bbox 901 973 1087 1041; x_wconf 63' lang='lat' dir='ltr'><strong>autem</strong></span> <span class='ocrx_word' id='word_1_50' title='bbox 1138 980 1248 1021; x_wconf 92' lang='lat' dir='ltr'><strong>non</strong></span> <span class='ocrx_word' id='word_1_51' title='bbox 1306 973 1522 1037; x_wconf 85' lang='lat' dir='ltr'><strong>poterat</strong></span> <span class='ocrx_word' id='word_1_52' title='bbox 1551 968 1773 1026; x_wconf 86' lang='lat' dir='ltr'><strong>invidus</strong></span> <span class='ocrx_word' id='word_1_53' title='bbox 1803 969 1946 1028; x_wconf 82' lang='lat' dir='ltr'><strong>ferre</strong></span> <span class='ocrx_word' id='word_1_54' title='bbox 1980 987 2117 1030; x_wconf 85' lang='lat' dir='ltr'><strong>ocu-</strong></span> 
     </span>
    </p>
   </div>
   <div class='ocr_carea' id='block_1_11' title="bbox 517 1057 2104 1128">
    <p class='ocr_par' dir='ltr' id='par_1_11' title="bbox 517 1057 2104 1128">
     <span class='ocr_line' id='line_1_11' title="bbox 517 1057 2104 1128; baseline 0.004 -14"><span class='ocrx_word' id='word_1_55' title='bbox 517 1059 629 1121; x_wconf 88' lang='lat' dir='ltr'><strong>lus.</strong></span> <span class='ocrx_word' id='word_1_56' title='bbox 677 1072 854 1127; x_wconf 90' lang='lat' dir='ltr'><strong>neque</strong></span> <span class='ocrx_word' id='word_1_57' title='bbox 885 1057 1027 1128; x_wconf 87' lang='lat' dir='ltr'><strong>patri</strong></span> <span class='ocrx_word' id='word_1_58' title='bbox 1064 1058 1283 1114; x_wconf 70' lang='lat' dir='ltr'><strong>invidia:</strong></span> <span class='ocrx_word' id='word_1_59' title='bbox 1303 1070 1463 1115; x_wconf 88' lang='lat' dir='ltr'><strong>erant</strong></span> <span class='ocrx_word' id='word_1_60' title='bbox 1499 1059 1588 1118; x_wconf 91' lang='lat' dir='ltr'><strong>illa</strong></span> <span class='ocrx_word' id='word_1_61' title='bbox 1623 1063 1954 1120; x_wconf 74' lang='lat' dir='ltr'><strong>tolerabilia.</strong></span> <span class='ocrx_word' id='word_1_62' title='bbox 1994 1065 2104 1120; x_wconf 88' lang='lat' dir='ltr'><strong>Sed</strong></span> 
     </span>
    </p>
   </div>
   <div class='ocr_carea' id='block_1_12' title="bbox 519 1148 2110 1227">
    <p class='ocr_par' dir='ltr' id='par_1_12' title="bbox 519 1148 2110 1227">
     <span class='ocr_line' id='line_1_12' title="bbox 519 1148 2110 1227; baseline 0.006 -24"><span class='ocrx_word' id='word_1_63' title='bbox 519 1165 644 1204; x_wconf 87' lang='lat' dir='ltr'><strong>cum</strong></span> <span class='ocrx_word' id='word_1_64' title='bbox 675 1148 782 1204; x_wconf 91' lang='lat' dir='ltr'><strong>loci</strong></span> <span class='ocrx_word' id='word_1_65' title='bbox 819 1149 1074 1205; x_wconf 88' lang='lat' dir='ltr'><strong>dominus</strong></span> <span class='ocrx_word' id='word_1_66' title='bbox 1102 1150 1167 1205; x_wconf 92' lang='lat' dir='ltr'><strong>ad</strong></span> <span class='ocrx_word' id='word_1_67' title='bbox 1201 1151 1397 1208; x_wconf 83' lang='lat' dir='ltr'><strong>borum</strong></span> <span class='ocrx_word' id='word_1_68' title='bbox 1448 1155 1688 1211; x_wconf 84' lang='lat' dir='ltr'><strong>venisset</strong></span> <span class='ocrx_word' id='word_1_69' title='bbox 1743 1157 2110 1227; x_wconf 76' lang='lat' dir='ltr'><strong>cognitionem</strong></span> 
     </span>
    </p>
   </div>
   <div class='ocr_carea' id='block_1_13' title="bbox 517 1240 2112 1316">
    <p class='ocr_par' dir='ltr' id='par_1_13' title="bbox 517 1240 2112 1316">
     <span class='ocr_line' id='line_1_13' title="bbox 517 1240 2112 1316; baseline 0.005 -20"><span class='ocrx_word' id='word_1_70' title='bbox 517 1242 660 1312; x_wconf 88' lang='lat' dir='ltr'><strong>(erat</strong></span> <span class='ocrx_word' id='word_1_71' title='bbox 685 1249 869 1296; x_wconf 86' lang='lat' dir='ltr'><strong>autem</strong></span> <span class='ocrx_word' id='word_1_72' title='bbox 925 1240 1004 1296; x_wconf 83' lang='lat' dir='ltr'><strong>illi</strong></span> <span class='ocrx_word' id='word_1_73' title='bbox 1045 1258 1248 1297; x_wconf 89' lang='lat' dir='ltr'><strong>nomen</strong></span> <span class='ocrx_word' id='word_1_74' title='bbox 1279 1242 1574 1316; x_wconf 84' lang='lat' dir='ltr'><strong>Gelasius),</strong></span> <span class='ocrx_word' id='word_1_75' title='bbox 1600 1245 2005 1304; x_wconf 77' lang='lat' dir='ltr'><strong>inconsiderate</strong></span> <span class='ocrx_word' id='word_1_76' title='bbox 2031 1248 2112 1304; x_wconf 88' lang='lat' dir='ltr'><strong>ira</strong></span> 
     </span>
    </p>
   </div>
   <div class='ocr_carea' id='block_1_14' title="bbox 517 1332 2110 1411">
    <p class='ocr_par' dir='ltr' id='par_1_14' title="bbox 517 1332 2110 1411">
     <span class='ocr_line' id='line_1_14' title="bbox 517 1332 2110 1411; baseline 0.004 -22"><span class='ocrx_word' id='word_1_77' title='bbox 517 1332 707 1390; x_wconf 85' lang='lat' dir='ltr'><strong>animo</strong></span> <span class='ocrx_word' id='word_1_78' title='bbox 738 1333 1120 1404; x_wconf 88' lang='lat' dir='ltr'><strong>perturbatus,</strong></span> <span class='ocrx_word' id='word_1_79' title='bbox 1153 1343 1249 1391; x_wconf 90' lang='lat' dir='ltr'><strong>aut</strong></span> <span class='ocrx_word' id='word_1_80' title='bbox 1278 1337 1462 1406; x_wconf 82' lang='lat' dir='ltr'><strong>potius</strong></span> <span class='ocrx_word' id='word_1_81' title='bbox 1495 1338 1755 1394; x_wconf 65' lang='lat' dir='ltr'><strong>daemonis</strong></span> <span class='ocrx_word' id='word_1_82' title='bbox 1779 1339 2110 1411; x_wconf 84' lang='lat' dir='ltr'><strong>importuni-</strong></span> 
     </span>
    </p>
   </div>
   <div class='ocr_carea' id='block_1_15' title="bbox 451 1427 2112 1493">
    <p class='ocr_par' dir='ltr' id='par_1_15' title="bbox 451 1427 2112 1493">
     <span class='ocr_line' id='line_1_15' title="bbox 451 1427 2112 1493; baseline 0.007 -15"><span class='ocrx_word' id='word_1_83' title='bbox 451 1427 460 1470; x_wconf 65' lang='grc' dir='ltr'><em>ν</em></span> <span class='ocrx_word' id='word_1_84' title='bbox 519 1435 628 1482; x_wconf 85' lang='lat' dir='ltr'><strong>tate</strong></span> <span class='ocrx_word' id='word_1_85' title='bbox 679 1435 1012 1493; x_wconf 91' lang='lat' dir='ltr'><strong>commotus,</strong></span> <span class='ocrx_word' id='word_1_86' title='bbox 1050 1439 1105 1483; x_wconf 91' lang='lat' dir='ltr'><strong>et</strong></span> <span class='ocrx_word' id='word_1_87' title='bbox 1131 1427 1398 1485; x_wconf 87' lang='lat' dir='ltr'><strong>adversus</strong></span> <span class='ocrx_word' id='word_1_88' title='bbox 1425 1441 1677 1486; x_wconf 88' lang='lat' dir='ltr'><strong>sanctum</strong></span> <span class='ocrx_word' id='word_1_89' title='bbox 1706 1432 1887 1488; x_wconf 91' lang='lat' dir='ltr'><strong>virum</strong></span> <span class='ocrx_word' id='word_1_90' title='bbox 1923 1433 2112 1490; x_wconf 81' lang='lat' dir='ltr'><strong>furore</strong></span> 
     </span>
    </p>
   </div>
   <div class='ocr_carea' id='block_1_16' title="bbox 516 1519 2109 1596">
    <p class='ocr_par' dir='ltr' id='par_1_16' title="bbox 516 1519 2109 1596">
     <span class='ocr_line' id='line_1_16' title="bbox 516 1519 2109 1596; baseline 0.006 -22"><span class='ocrx_word' id='word_1_91' title='bbox 516 1519 758 1587; x_wconf 87' lang='lat' dir='ltr'><strong>percitus</strong></span> <span class='ocrx_word' id='word_1_92' title='bbox 782 1521 967 1589; x_wconf 86' lang='lat' dir='ltr'><strong>(causa</strong></span> <span class='ocrx_word' id='word_1_93' title='bbox 1009 1532 1195 1574; x_wconf 89' lang='lat' dir='ltr'><strong>autem</strong></span> <span class='ocrx_word' id='word_1_94' title='bbox 1235 1523 1658 1592; x_wconf 63' lang='lat' dir='ltr'><strong>praetexebatur,</strong></span> <span class='ocrx_word' id='word_1_95' title='bbox 1678 1525 1827 1596; x_wconf 88' lang='lat' dir='ltr'><strong>quod</strong></span> <span class='ocrx_word' id='word_1_96' title='bbox 1855 1541 1964 1582; x_wconf 89' lang='lat' dir='ltr'><strong>non</strong></span> <span class='ocrx_word' id='word_1_97' title='bbox 1988 1543 2109 1582; x_wconf 89' lang='lat' dir='ltr'><strong>eam</strong></span> 
     </span>
    </p>
   </div>
   <div class='ocr_carea' id='block_1_17' title="bbox 514 1611 2112 1686">
    <p class='ocr_par' dir='ltr' id='par_1_17' title="bbox 514 1611 2112 1686">
     <span class='ocr_line' id='line_1_17' title="bbox 514 1611 2112 1686; baseline 0.006 -21"><span class='ocrx_word' id='word_1_98' title='bbox 514 1611 794 1682; x_wconf 86' lang='lat' dir='ltr'><strong>posuisset</strong></span> <span class='ocrx_word' id='word_1_99' title='bbox 815 1613 1096 1667; x_wconf 86' lang='lat' dir='ltr'><strong>voluntate</strong></span> <span class='ocrx_word' id='word_1_100' title='bbox 1115 1611 1284 1683; x_wconf 90' lang='lat' dir='ltr'><strong>illius)</strong></span> <span class='ocrx_word' id='word_1_101' title='bbox 1306 1614 1623 1684; x_wconf 88' lang='lat' dir='ltr'><strong>imperatori</strong></span> <span class='ocrx_word' id='word_1_102' title='bbox 1651 1616 1876 1686; x_wconf 86' lang='lat' dir='ltr'><strong>quidem</strong></span> <span class='ocrx_word' id='word_1_103' title='bbox 1905 1633 2112 1674; x_wconf 89' lang='lat' dir='ltr'><strong>renun-</strong></span> 
     </span>
    </p>
   </div>
   <div class='ocr_carea' id='block_1_18' title="bbox 515 1703 2108 1774">
    <p class='ocr_par' dir='ltr' id='par_1_18' title="bbox 515 1703 2108 1774">
     <span class='ocr_line' id='line_1_18' title="bbox 515 1703 2108 1774; baseline 0.004 -15"><span class='ocrx_word' id='word_1_104' title='bbox 515 1707 616 1759; x_wconf 87' lang='lat' dir='ltr'><strong>tiat</strong></span> <span class='ocrx_word' id='word_1_105' title='bbox 641 1703 696 1758; x_wconf 91' lang='lat' dir='ltr'><strong>id</strong></span> <span class='ocrx_word' id='word_1_106' title='bbox 720 1704 871 1774; x_wconf 93' lang='lat' dir='ltr'><strong>quod</strong></span> <span class='ocrx_word' id='word_1_107' title='bbox 903 1704 1106 1760; x_wconf 81' lang='lat' dir='ltr'><strong>factum</strong></span> <span class='ocrx_word' id='word_1_108' title='bbox 1138 1705 1339 1762; x_wconf 82' lang='lat' dir='ltr'><strong>fuerat.</strong></span> <span class='ocrx_word' id='word_1_109' title='bbox 1383 1707 1688 1764; x_wconf 77' lang='lat' dir='ltr'><strong>Renuntiat</strong></span> <span class='ocrx_word' id='word_1_110' title='bbox 1725 1717 1910 1766; x_wconf 90' lang='lat' dir='ltr'><strong>autem</strong></span> <span class='ocrx_word' id='word_1_111' title='bbox 1943 1713 2108 1767; x_wconf 86' lang='lat' dir='ltr'><strong>etiam</strong></span> 
     </span>
    </p>
   </div>
   <div class='ocr_carea' id='block_1_19' title="bbox 515 1795 2112 1873">
    <p class='ocr_par' dir='ltr' id='par_1_19' title="bbox 515 1795 2112 1873">
     <span class='ocr_line' id='line_1_19' title="bbox 515 1795 2112 1873; baseline 0.004 -22"><span class='ocrx_word' id='word_1_112' title='bbox 515 1795 802 1852; x_wconf 86' lang='lat' dir='ltr'><strong>Gennadio</strong></span> <span class='ocrx_word' id='word_1_113' title='bbox 879 1796 949 1867; x_wconf 89' lang='lat' dir='ltr'><strong>(is</strong></span> <span class='ocrx_word' id='word_1_114' title='bbox 982 1797 1127 1853; x_wconf 93' lang='lat' dir='ltr'><strong>enim</strong></span> <span class='ocrx_word' id='word_1_115' title='bbox 1183 1800 1521 1856; x_wconf 91' lang='lat' dir='ltr'><strong>constitutus</strong></span> <span class='ocrx_word' id='word_1_116' title='bbox 1577 1801 1754 1856; x_wconf 80' lang='lat' dir='ltr'><strong>fuerat</strong></span> <span class='ocrx_word' id='word_1_117' title='bbox 1817 1802 2112 1873; x_wconf 90' lang='lat' dir='ltr'><strong>episcopus</strong></span> 
     </span>
    </p>
   </div>
   <div class='ocr_carea' id='block_1_20' title="bbox 2211 553 3822 629">
    <p class='ocr_par' dir='ltr' id='par_1_20' title="bbox 2211 553 3822 629">
     <span class='ocr_line' id='line_1_20' title="bbox 2211 553 3822 629; baseline 0.006 -21"><span class='ocrx_word' id='word_1_118' title='bbox 2211 555 2302 609; x_wconf 77' lang='grc' dir='ltr'><strong>νοῦ</strong></span> <span class='ocrx_word' id='word_1_119' title='bbox 2350 572 2410 608; x_wconf 86' lang='grc' dir='ltr'><strong>τε</strong></span> <span class='ocrx_word' id='word_1_120' title='bbox 2469 555 2562 608; x_wconf 70' lang='grc' dir='ltr'>καὶ</span> <span class='ocrx_word' id='word_1_121' title='bbox 2605 553 2708 623; x_wconf 77' lang='grc' dir='ltr'><strong>τῆς</strong></span> <span class='ocrx_word' id='word_1_122' title='bbox 2762 554 2886 624; x_wconf 77' lang='grc' dir='ltr'>γῆς,</span> <span class='ocrx_word' id='word_1_123' title='bbox 2941 556 3106 626; x_wconf 84' lang='grc' dir='ltr'>σαρκὶ</span> <span class='ocrx_word' id='word_1_124' title='bbox 3179 557 3280 627; x_wconf 81' lang='grc' dir='ltr'>μὲν</span> <span class='ocrx_word' id='word_1_125' title='bbox 3350 561 3445 612; x_wconf 71' lang='grc' dir='ltr'>καὶ</span> <span class='ocrx_word' id='word_1_126' title='bbox 3525 561 3822 629; x_wconf 80' lang='grc' dir='ltr'>πνεύματι</span> 
     </span>
    </p>
   </div>
   <div class='ocr_carea' id='block_1_21' title="bbox 2221 648 3468 722">
    <p class='ocr_par' dir='ltr' id='par_1_21' title="bbox 2221 648 3468 722">
     <span class='ocr_line' id='line_1_21' title="bbox 2221 648 3468 722; baseline 0.001 -16"><span class='ocrx_word' id='word_1_127' title='bbox 2221 649 2616 720; x_wconf 81' lang='grc' dir='ltr'><strong>ἀφιστάμενος,</strong></span> <span class='ocrx_word' id='word_1_128' title='bbox 2651 649 2790 720; x_wconf 73' lang='grc' dir='ltr'>πρὸς</span> <span class='ocrx_word' id='word_1_129' title='bbox 2839 648 2898 702; x_wconf 87' lang='grc' dir='ltr'>δὲ</span> <span class='ocrx_word' id='word_1_130' title='bbox 2947 649 3038 704; x_wconf 73' lang='grc' dir='ltr'>τὸν</span> <span class='ocrx_word' id='word_1_131' title='bbox 3089 651 3468 722; x_wconf 81' lang='grc' dir='ltr'>ἐπειγόμενος.</span> 
     </span>
    </p>
   </div>
   <div class='ocr_carea' id='block_1_22' title="bbox 2287 958 3822 1040">
    <p class='ocr_par' dir='ltr' id='par_1_22' title="bbox 2287 958 3822 1040">
     <span class='ocr_line' id='line_1_22' title="bbox 2287 958 3822 1040; baseline 0.007 -27"><span class='ocrx_word' id='word_1_132' title='bbox 2287 959 2404 1027; x_wconf 74' lang='lat' dir='ltr'><strong>tq&#39;.</strong></span> <span class='ocrx_word' id='word_1_133' title='bbox 2440 958 2628 1016; x_wconf 84' lang='grc' dir='ltr'>Ταῦτα</span> <span class='ocrx_word' id='word_1_134' title='bbox 2642 959 2697 1016; x_wconf 71' lang='grc' dir='ltr'>δὲ</span> <span class='ocrx_word' id='word_1_135' title='bbox 2726 964 2816 1016; x_wconf 84' lang='grc' dir='ltr'>τὸν</span> <span class='ocrx_word' id='word_1_136' title='bbox 2839 959 3112 1034; x_wconf 85' lang='grc' dir='ltr'>βάσκανον</span> <span class='ocrx_word' id='word_1_137' title='bbox 3134 964 3415 1037; x_wconf 76' lang='grc' dir='ltr'>ὀφθαλμὸν</span> <span class='ocrx_word' id='word_1_138' title='bbox 3433 967 3533 1022; x_wconf 75' lang='grc' dir='ltr'><strong>οὐκ</strong></span> <span class='ocrx_word' id='word_1_139' title='bbox 3553 961 3625 1040; x_wconf 78' lang='grc' dir='ltr'>ἦν</span> <span class='ocrx_word' id='word_1_140' title='bbox 3642 969 3822 1035; x_wconf 80' lang='grc' dir='ltr'>ἐνεγ-</span> 
     </span>
    </p>
   </div>
   <div class='ocr_carea' id='block_1_23' title="bbox 2214 1054 3820 1134">
    <p class='ocr_par' dir='ltr' id='par_1_23' title="bbox 2214 1054 3820 1134">
     <span class='ocr_line' id='line_1_23' title="bbox 2214 1054 3820 1134; baseline 0.007 -28"><span class='ocrx_word' id='word_1_141' title='bbox 2214 1055 2354 1118; x_wconf 91' lang='grc' dir='ltr'>κεῖν,</span> <span class='ocrx_word' id='word_1_142' title='bbox 2379 1054 2657 1125; x_wconf 82' lang='grc' dir='ltr'>ούδ⁹αὑτῷ</span> <span class='ocrx_word' id='word_1_143' title='bbox 2691 1055 2886 1127; x_wconf 84' lang='grc' dir='ltr'>ἐκείνῳ</span> <span class='ocrx_word' id='word_1_144' title='bbox 2920 1054 2999 1128; x_wconf 84' lang='grc' dir='ltr'><strong>τῷ</strong></span> <span class='ocrx_word' id='word_1_145' title='bbox 3025 1055 3120 1112; x_wconf 88' lang='grc' dir='ltr'><strong>τοῦ</strong></span> <span class='ocrx_word' id='word_1_146' title='bbox 3138 1058 3333 1129; x_wconf 82' lang='grc' dir='ltr'><strong>φθόνου</strong></span> <span class='ocrx_word' id='word_1_147' title='bbox 3357 1059 3527 1132; x_wconf 78' lang='grc' dir='ltr'>πατρὶ</span> <span class='ocrx_word' id='word_1_148' title='bbox 3556 1060 3820 1134; x_wconf 79' lang='grc' dir='ltr'>φορητά.</span> 
     </span>
    </p>
   </div>
   <div class='ocr_carea' id='block_1_24' title="bbox 2227 1147 3822 1220">
    <p class='ocr_par' dir='ltr' id='par_1_24' title="bbox 2227 1147 3822 1220">
     <span class='ocr_line' id='line_1_24' title="bbox 2227 1147 3822 1220; baseline 0.004 -19"><span class='ocrx_word' id='word_1_149' title='bbox 2227 1147 2367 1201; x_wconf 84' lang='grc' dir='ltr'>Ἀλλ’</span> <span class='ocrx_word' id='word_1_150' title='bbox 2385 1149 2413 1201; x_wconf 99' lang='lat'><strong>6</strong></span> <span class='ocrx_word' id='word_1_151' title='bbox 2427 1147 2521 1202; x_wconf 84' lang='grc' dir='ltr'><strong>τοῦ</strong></span> <span class='ocrx_word' id='word_1_152' title='bbox 2544 1151 2714 1203; x_wconf 86' lang='grc' dir='ltr'>τόπου</span> <span class='ocrx_word' id='word_1_153' title='bbox 2731 1150 2936 1219; x_wconf 87' lang='grc' dir='ltr'>Κύριος</span> <span class='ocrx_word' id='word_1_154' title='bbox 2954 1151 3034 1214; x_wconf 88' lang='grc' dir='ltr'><strong>είς</strong></span> <span class='ocrx_word' id='word_1_155' title='bbox 3056 1151 3258 1220; x_wconf 84' lang='grc' dir='ltr'>γνῶσιν</span> <span class='ocrx_word' id='word_1_156' title='bbox 3273 1153 3476 1208; x_wconf 88' lang='grc' dir='ltr'>τούτων</span> <span class='ocrx_word' id='word_1_157' title='bbox 3487 1154 3684 1217; x_wconf 84' lang='grc' dir='ltr'>ἐλθὼν,</span> <span class='ocrx_word' id='word_1_158' title='bbox 3708 1153 3822 1208; x_wconf 86' lang='grc' dir='ltr'><strong>Γε-</strong></span> 
     </span>
    </p>
   </div>
   <div class='ocr_carea' id='block_1_25' title="bbox 2214 1238 3817 1318">
    <p class='ocr_par' dir='ltr' id='par_1_25' title="bbox 2214 1238 3817 1318">
     <span class='ocr_line' id='line_1_25' title="bbox 2214 1238 3817 1318; baseline 0.006 -27"><span class='ocrx_word' id='word_1_159' title='bbox 2214 1238 2398 1303; x_wconf 85' lang='grc' dir='ltr'>λάσιος</span> <span class='ocrx_word' id='word_1_160' title='bbox 2416 1239 2606 1312; x_wconf 86' lang='grc' dir='ltr'>ἐκείνῳ</span> <span class='ocrx_word' id='word_1_161' title='bbox 2624 1239 2883 1314; x_wconf 77' lang='grc' dir='ltr'>τοῦνομα,</span> <span class='ocrx_word' id='word_1_162' title='bbox 2905 1242 3175 1316; x_wconf 74' lang='grc' dir='ltr'><strong>ἀλογίστῳ</strong></span> <span class='ocrx_word' id='word_1_163' title='bbox 3189 1243 3347 1317; x_wconf 80' lang='grc' dir='ltr'>θυμῷ</span> <span class='ocrx_word' id='word_1_164' title='bbox 3367 1245 3467 1318; x_wconf 76' lang='grc' dir='ltr'>τὴν</span> <span class='ocrx_word' id='word_1_165' title='bbox 3485 1247 3663 1318; x_wconf 81' lang='grc' dir='ltr'>ψυχὴν</span> <span class='ocrx_word' id='word_1_166' title='bbox 3681 1247 3817 1301; x_wconf 84' lang='grc' dir='ltr'>δια-</span> 
     </span>
    </p>
   </div>
   <div class='ocr_carea' id='block_1_26' title="bbox 2215 1331 3816 1408">
    <p class='ocr_par' dir='ltr' id='par_1_26' title="bbox 2215 1331 3816 1408">
     <span class='ocr_line' id='line_1_26' title="bbox 2215 1331 3816 1408; baseline 0.005 -23"><span class='ocrx_word' id='word_1_167' title='bbox 2215 1348 2280 1385; x_wconf 88' lang='grc' dir='ltr'><strong>τα</strong></span> <span class='ocrx_word' id='word_1_168' title='bbox 2289 1331 2579 1403; x_wconf 77' lang='grc' dir='ltr'>ραχθεὶς,ἢ</span> <span class='ocrx_word' id='word_1_169' title='bbox 2598 1332 2800 1404; x_wconf 81' lang='grc' dir='ltr'>μᾶλλον</span> <span class='ocrx_word' id='word_1_170' title='bbox 2813 1332 3104 1406; x_wconf 75' lang='grc' dir='ltr'>δαιμονίως</span> <span class='ocrx_word' id='word_1_171' title='bbox 3120 1337 3402 1408; x_wconf 71' lang='grc' dir='ltr'><strong>σκαιότητι</strong></span> <span class='ocrx_word' id='word_1_172' title='bbox 3415 1338 3686 1408; x_wconf 78' lang='grc' dir='ltr'>κινηθεὶς,</span> <span class='ocrx_word' id='word_1_173' title='bbox 3705 1339 3816 1393; x_wconf 81' lang='grc' dir='ltr'>καὶ</span> 
     </span>
    </p>
   </div>
   <div class='ocr_carea' id='block_1_27' title="bbox 2215 1424 3814 1500">
    <p class='ocr_par' dir='ltr' id='par_1_27' title="bbox 2215 1424 3814 1500">
     <span class='ocr_line' id='line_1_27' title="bbox 2215 1424 3814 1500; baseline 0.001 -20"><span class='ocrx_word' id='word_1_174' title='bbox 2215 1424 2358 1480; x_wconf 87' lang='grc' dir='ltr'><strong>κατά</strong></span> <span class='ocrx_word' id='word_1_175' title='bbox 2367 1425 2462 1480; x_wconf 87' lang='grc' dir='ltr'><strong>τοῦ</strong></span> <span class='ocrx_word' id='word_1_176' title='bbox 2481 1426 2627 1480; x_wconf 80' lang='grc' dir='ltr'><strong>ὁσίου</strong></span> <span class='ocrx_word' id='word_1_177' title='bbox 2653 1427 2850 1497; x_wconf 76' lang='grc' dir='ltr'>ἀνδρὸς</span> <span class='ocrx_word' id='word_1_178' title='bbox 2867 1429 3150 1498; x_wconf 76' lang='grc' dir='ltr'>ἐκμανεὶς,</span> <span class='ocrx_word' id='word_1_179' title='bbox 3171 1429 3267 1484; x_wconf 85' lang='grc' dir='ltr'>καὶ</span> <span class='ocrx_word' id='word_1_180' title='bbox 3283 1431 3317 1500; x_wconf 74' lang='grc' dir='ltr'><strong>ἠ</strong></span> <span class='ocrx_word' id='word_1_181' title='bbox 3334 1429 3481 1483; x_wconf 79' lang='grc' dir='ltr'>αἰτία</span> <span class='ocrx_word' id='word_1_182' title='bbox 3494 1431 3554 1483; x_wconf 78' lang='grc' dir='ltr'>τὸ</span> <span class='ocrx_word' id='word_1_183' title='bbox 3567 1429 3642 1500; x_wconf 76' lang='grc' dir='ltr'>μὴ</span> <span class='ocrx_word' id='word_1_184' title='bbox 3652 1428 3814 1499; x_wconf 82' lang='grc' dir='ltr'><strong>γνὼ-</strong></span> 
     </span>
    </p>
   </div>
   <div class='ocr_carea' id='block_1_28' title="bbox 2215 1517 3815 1594">
    <p class='ocr_par' dir='ltr' id='par_1_28' title="bbox 2215 1517 3815 1594">
     <span class='ocr_line' id='line_1_28' title="bbox 2215 1517 3815 1594; baseline 0.003 -24"><span class='ocrx_word' id='word_1_185' title='bbox 2215 1534 2294 1590; x_wconf 84' lang='grc' dir='ltr'>μῃ</span> <span class='ocrx_word' id='word_1_186' title='bbox 2321 1517 2530 1572; x_wconf 85' lang='grc' dir='ltr'>ἐκείνου</span> <span class='ocrx_word' id='word_1_187' title='bbox 2556 1519 2650 1574; x_wconf 81' lang='grc' dir='ltr'>τὸν</span> <span class='ocrx_word' id='word_1_188' title='bbox 2673 1517 2944 1594; x_wconf 83' lang='grc' dir='ltr'>στῦλονέν</span> <span class='ocrx_word' id='word_1_189' title='bbox 2963 1523 3074 1584; x_wconf 83' lang='grc' dir='ltr'>τοῖς</span> <span class='ocrx_word' id='word_1_190' title='bbox 3095 1521 3306 1576; x_wconf 84' lang='grc' dir='ltr'>ἐκείνου</span> <span class='ocrx_word' id='word_1_191' title='bbox 3327 1521 3666 1592; x_wconf 76' lang='grc' dir='ltr'>ἱδρύσασθαι,</span> <span class='ocrx_word' id='word_1_192' title='bbox 3698 1522 3815 1590; x_wconf 83' lang='grc' dir='ltr'>ἀγ·-</span> 
     </span>
    </p>
   </div>
   <div class='ocr_carea' id='block_1_29' title="bbox 2211 1609 3810 1688">
    <p class='ocr_par' dir='ltr' id='par_1_29' title="bbox 2211 1609 3810 1688">
     <span class='ocr_line' id='line_1_29' title="bbox 2211 1609 3810 1688; baseline 0.003 -25"><span class='ocrx_word' id='word_1_193' title='bbox 2211 1609 2390 1674; x_wconf 85' lang='grc' dir='ltr'>γέλλει</span> <span class='ocrx_word' id='word_1_194' title='bbox 2428 1611 2527 1681; x_wconf 77' lang='grc' dir='ltr'>μὲν</span> <span class='ocrx_word' id='word_1_195' title='bbox 2559 1611 2771 1682; x_wconf 88' lang='grc' dir='ltr'>βασιλεῖ</span> <span class='ocrx_word' id='word_1_196' title='bbox 2803 1613 2866 1667; x_wconf 73' lang='grc' dir='ltr'><strong>τὸ</strong></span> <span class='ocrx_word' id='word_1_197' title='bbox 2908 1613 3175 1686; x_wconf 81' lang='grc' dir='ltr'>πραχθὲν,</span> <span class='ocrx_word' id='word_1_198' title='bbox 3213 1613 3465 1688; x_wconf 83' lang='grc' dir='ltr'>ἀγγέλλει</span> <span class='ocrx_word' id='word_1_199' title='bbox 3526 1614 3582 1667; x_wconf 76' lang='grc' dir='ltr'><strong>δέ</strong></span> <span class='ocrx_word' id='word_1_200' title='bbox 3631 1613 3810 1667; x_wconf 75' lang='grc' dir='ltr'>τοῦτο</span> 
     </span>
    </p>
   </div>
   <div class='ocr_carea' id='block_1_30' title="bbox 2213 1697 3811 1776">
    <p class='ocr_par' dir='ltr' id='par_1_30' title="bbox 2213 1697 3811 1776">
     <span class='ocr_line' id='line_1_30' title="bbox 2213 1697 3811 1776; baseline 0.001 -20"><span class='ocrx_word' id='word_1_201' title='bbox 2213 1703 2308 1756; x_wconf 74' lang='grc' dir='ltr'>καὶ</span> <span class='ocrx_word' id='word_1_202' title='bbox 2334 1698 2621 1774; x_wconf 83' lang='grc' dir='ltr'>Γενναδίῳ,</span> <span class='ocrx_word' id='word_1_203' title='bbox 2639 1697 2794 1766; x_wconf 76' lang='grc' dir='ltr'>οὗτος</span> <span class='ocrx_word' id='word_1_204' title='bbox 2818 1704 2927 1776; x_wconf 81' lang='grc' dir='ltr'>γὰρ</span> <span class='ocrx_word' id='word_1_205' title='bbox 2951 1705 3249 1768; x_wconf 77' lang='grc' dir='ltr'>ἐπίσκοπος</span> <span class='ocrx_word' id='word_1_206' title='bbox 3279 1705 3811 1759; x_wconf 80' lang='grc' dir='ltr'>Κωνσταντινουπό-</span> 
     </span>
    </p>
   </div>
   <div class='ocr_carea' id='block_1_31' title="bbox 2211 1793 3809 1867">
    <p class='ocr_par' dir='ltr' id='par_1_31' title="bbox 2211 1793 3809 1867">
     <span class='ocr_line' id='line_1_31' title="bbox 2211 1793 3809 1867; baseline 0.002 -20"><span class='ocrx_word' id='word_1_207' title='bbox 2211 1793 2347 1857; x_wconf 89' lang='grc' dir='ltr'>λεως</span> <span class='ocrx_word' id='word_1_208' title='bbox 2373 1794 2511 1865; x_wconf 84' lang='grc' dir='ltr'>μετὰ</span> <span class='ocrx_word' id='word_1_209' title='bbox 2540 1795 2640 1867; x_wconf 79' lang='grc' dir='ltr'>τὴν</span> <span class='ocrx_word' id='word_1_210' title='bbox 2671 1796 2980 1850; x_wconf 84' lang='grc' dir='ltr'>Ἀνατολίου</span> <span class='ocrx_word' id='word_1_211' title='bbox 3003 1797 3303 1851; x_wconf 86' lang='grc' dir='ltr'>καθίστατο</span> <span class='ocrx_word' id='word_1_212' title='bbox 3330 1796 3604 1864; x_wconf 79' lang='grc' dir='ltr'>τελευτήν.</span> <span class='ocrx_word' id='word_1_213' title='bbox 3628 1797 3809 1850; x_wconf 81' lang='grc' dir='ltr'>Βασι-</span> 
     </span>
    </p>
   </div>
   <div class='ocr_carea' id='block_1_32' title="bbox 511 1883 2105 1964">
    <p class='ocr_par' dir='ltr' id='par_1_32' title="bbox 511 1887 2105 1964">
     <span class='ocr_line' id='line_1_32' title="bbox 511 1887 2105 1964; baseline 0.003 -21"><span class='ocrx_word' id='word_1_214' title='bbox 511 1887 1158 1959; x_wconf 86' lang='lat' dir='ltr'><strong>Constantinopolitanus</strong></span> <span class='ocrx_word' id='word_1_215' title='bbox 1205 1899 1330 1960; x_wconf 90' lang='lat' dir='ltr'><strong>post</strong></span> <span class='ocrx_word' id='word_1_216' title='bbox 1368 1889 1656 1947; x_wconf 88' lang='lat' dir='ltr'><strong>decessum</strong></span> <span class='ocrx_word' id='word_1_217' title='bbox 1693 1892 1976 1964; x_wconf 82' lang='lat' dir='ltr'><strong>Anatolii).</strong></span> <span class='ocrx_word' id='word_1_218' title='bbox 2009 1892 2105 1948; x_wconf 81' lang='lat' dir='ltr'><strong>At-</strong></span> 
     </span>
    </p>
   </div>
   <div class='ocr_carea' id='block_1_33' title="bbox 2209 1883 3808 1964">
    <p class='ocr_par' dir='ltr' id='par_1_33' title="bbox 2209 1883 3808 1960">
     <span class='ocr_line' id='line_1_33' title="bbox 2209 1883 3808 1960; baseline 0.004 -21"><span class='ocrx_word' id='word_1_219' title='bbox 2209 1885 2296 1939; x_wconf 89' lang='grc' dir='ltr'><strong>λεῖ</strong></span> <span class='ocrx_word' id='word_1_220' title='bbox 2321 1887 2419 1956; x_wconf 83' lang='grc' dir='ltr'>μὲν</span> <span class='ocrx_word' id='word_1_221' title='bbox 2447 1883 2544 1940; x_wconf 78' lang='grc' dir='ltr'>οὖν</span> <span class='ocrx_word' id='word_1_222' title='bbox 2599 1887 2773 1956; x_wconf 85' lang='grc' dir='ltr'>λέγων</span> <span class='ocrx_word' id='word_1_223' title='bbox 2824 1889 3056 1958; x_wconf 78' lang='grc' dir='ltr'>ἀνήκοος</span> <span class='ocrx_word' id='word_1_224' title='bbox 3085 1884 3153 1960; x_wconf 80' lang='grc' dir='ltr'>ἦν</span> <span class='ocrx_word' id='word_1_225' title='bbox 3173 1905 3187 1920; x_wconf 91' lang='grc'><strong>·</strong></span> <span class='ocrx_word' id='word_1_226' title='bbox 3220 1889 3249 1943; x_wconf 87' lang='lat'><strong>6</strong></span> <span class='ocrx_word' id='word_1_227' title='bbox 3269 1888 3325 1943; x_wconf 81' lang='grc' dir='ltr'>δὲ</span> <span class='ocrx_word' id='word_1_228' title='bbox 3357 1889 3652 1950; x_wconf 74' lang='grc' dir='ltr'><strong>ἐπίσκοπος</strong></span> <span class='ocrx_word' id='word_1_229' title='bbox 3682 1889 3808 1945; x_wconf 76' lang='grc' dir='ltr'>εττι</span> 
     </span>
    </p>
   </div>
   <div class='ocr_carea' id='block_1_34' title="bbox 511 1979 2108 2053">
    <p class='ocr_par' dir='ltr' id='par_1_34' title="bbox 511 1979 2108 2053">
     <span class='ocr_line' id='line_1_34' title="bbox 511 1979 2108 2053; baseline 0.004 -19"><span class='ocrx_word' id='word_1_230' title='bbox 511 1993 619 2051; x_wconf 89' lang='lat' dir='ltr'><strong>que</strong></span> <span class='ocrx_word' id='word_1_231' title='bbox 648 1981 716 2037; x_wconf 90' lang='lat' dir='ltr'><strong>ab</strong></span> <span class='ocrx_word' id='word_1_232' title='bbox 749 1979 1081 2052; x_wconf 83' lang='lat' dir='ltr'><strong>imperatore</strong></span> <span class='ocrx_word' id='word_1_233' title='bbox 1101 1981 1324 2053; x_wconf 83' lang='lat' dir='ltr'><strong>quidem</strong></span> <span class='ocrx_word' id='word_1_234' title='bbox 1359 1983 1550 2040; x_wconf 88' lang='lat' dir='ltr'><strong>dicens</strong></span> <span class='ocrx_word' id='word_1_235' title='bbox 1583 2001 1694 2040; x_wconf 91' lang='lat' dir='ltr'><strong>non</strong></span> <span class='ocrx_word' id='word_1_236' title='bbox 1731 1985 1835 2040; x_wconf 81' lang='lat' dir='ltr'><strong>fuit</strong></span> <span class='ocrx_word' id='word_1_237' title='bbox 1879 1985 2108 2041; x_wconf 82' lang='lat' dir='ltr'><strong>exaudi-</strong></span> 
     </span>
    </p>
   </div>
   <div class='ocr_carea' id='block_1_35' title="bbox 515 2072 2108 2155">
    <p class='ocr_par' dir='ltr' id='par_1_35' title="bbox 515 2072 2108 2155">
     <span class='ocr_line' id='line_1_35' title="bbox 515 2072 2108 2155; baseline 0.003 -25"><span class='ocrx_word' id='word_1_238' title='bbox 515 2083 626 2139; x_wconf 86' lang='lat' dir='ltr'><strong>tus;</strong></span> <span class='ocrx_word' id='word_1_239' title='bbox 661 2072 968 2146; x_wconf 90' lang='lat' dir='ltr'><strong>episcopus</strong></span> <span class='ocrx_word' id='word_1_240' title='bbox 994 2090 1129 2130; x_wconf 83' lang='lat' dir='ltr'><strong>vero</strong></span> <span class='ocrx_word' id='word_1_241' title='bbox 1161 2075 1366 2132; x_wconf 86' lang='lat' dir='ltr'><strong>invidia</strong></span> <span class='ocrx_word' id='word_1_242' title='bbox 1391 2087 1596 2155; x_wconf 63' lang='lat' dir='ltr'><strong>motus,</strong></span> <span class='ocrx_word' id='word_1_243' title='bbox 1624 2093 1720 2134; x_wconf 91' lang='lat' dir='ltr'><strong>seu</strong></span> <span class='ocrx_word' id='word_1_244' title='bbox 1747 2078 1797 2134; x_wconf 92' lang='lat' dir='ltr'><strong>ei</strong></span> <span class='ocrx_word' id='word_1_245' title='bbox 1829 2078 1925 2149; x_wconf 86' lang='lat' dir='ltr'><strong>qui</strong></span> <span class='ocrx_word' id='word_1_246' title='bbox 1951 2094 2108 2150; x_wconf 84' lang='lat' dir='ltr'><strong>roga-</strong></span> 
     </span>
    </p>
   </div>
   <div class='ocr_carea' id='block_1_36' title="bbox 511 2166 2109 2232">
    <p class='ocr_par' dir='ltr' id='par_1_36' title="bbox 511 2166 2109 2232">
     <span class='ocr_line' id='line_1_36' title="bbox 511 2166 2109 2232; baseline 0.004 -11"><span class='ocrx_word' id='word_1_247' title='bbox 511 2175 598 2221; x_wconf 83' lang='lat' dir='ltr'><strong>rat</strong></span> <span class='ocrx_word' id='word_1_248' title='bbox 628 2166 961 2232; x_wconf 91' lang='lat' dir='ltr'><strong>concedens,</strong></span> <span class='ocrx_word' id='word_1_249' title='bbox 991 2183 1099 2222; x_wconf 91' lang='lat' dir='ltr'><strong>non</strong></span> <span class='ocrx_word' id='word_1_250' title='bbox 1143 2169 1318 2223; x_wconf 90' lang='lat' dir='ltr'><strong>solum</strong></span> <span class='ocrx_word' id='word_1_251' title='bbox 1352 2170 1615 2226; x_wconf 82' lang='lat' dir='ltr'><strong>censebat</strong></span> <span class='ocrx_word' id='word_1_252' title='bbox 1656 2180 1907 2226; x_wconf 88' lang='lat' dir='ltr'><strong>sanctum</strong></span> <span class='ocrx_word' id='word_1_253' title='bbox 1945 2187 1975 2226; x_wconf 90' lang='lat' dir='ltr'><strong>e</strong></span> <span class='ocrx_word' id='word_1_254' title='bbox 2012 2186 2109 2227; x_wconf 92' lang='lat' dir='ltr'><strong>co-</strong></span> 
     </span>
    </p>
   </div>
   <div class='ocr_carea' id='block_1_37' title="bbox 511 2242 2104 2332">
    <p class='ocr_par' dir='ltr' id='par_1_37' title="bbox 511 2242 2104 2332">
     <span class='ocr_line' id='line_1_37' title="bbox 511 2242 2104 2332; baseline 0.003 -18"><span class='ocrx_word' id='word_1_255' title='bbox 511 2261 696 2315; x_wconf 88' lang='lat' dir='ltr'><strong>lumna</strong></span> <span class='ocrx_word' id='word_1_256' title='bbox 728 2242 1126 2331; x_wconf 63' lang='lat' dir='ltr'><strong>dejicienzlum,</strong></span> <span class='ocrx_word' id='word_1_257' title='bbox 1160 2259 1258 2315; x_wconf 90' lang='lat' dir='ltr'><strong>sed</strong></span> <span class='ocrx_word' id='word_1_258' title='bbox 1289 2260 1455 2314; x_wconf 92' lang='lat' dir='ltr'><strong>etiam</strong></span> <span class='ocrx_word' id='word_1_259' title='bbox 1477 2276 1652 2329; x_wconf 86' lang='lat' dir='ltr'><strong>poenae</strong></span> <span class='ocrx_word' id='word_1_260' title='bbox 1676 2261 2104 2332; x_wconf 86' lang='lat' dir='ltr'><strong>subjiciendum.</strong></span> 
     </span>
    </p>
   </div>
   <div class='ocr_carea' id='block_1_38' title="bbox 511 2352 2107 2432">
    <p class='ocr_par' dir='ltr' id='par_1_38' title="bbox 511 2352 2107 2432">
     <span class='ocr_line' id='line_1_38' title="bbox 511 2352 2107 2432; baseline 0.001 -22"><span class='ocrx_word' id='word_1_261' title='bbox 511 2352 676 2410; x_wconf 76' lang='lat' dir='ltr'><strong>Redit</strong></span> <span class='ocrx_word' id='word_1_262' title='bbox 705 2367 838 2422; x_wconf 84' lang='lat' dir='ltr'><strong>ergo</strong></span> <span class='ocrx_word' id='word_1_263' title='bbox 861 2352 1111 2432; x_wconf 77' lang='lat' dir='ltr'><strong>Gelasius</strong></span> <span class='ocrx_word' id='word_1_264' title='bbox 1136 2362 1286 2408; x_wconf 83' lang='lat' dir='ltr'><strong>totus</strong></span> <span class='ocrx_word' id='word_1_265' title='bbox 1320 2353 1399 2408; x_wconf 91' lang='lat' dir='ltr'><strong>ira</strong></span> <span class='ocrx_word' id='word_1_266' title='bbox 1425 2353 1688 2423; x_wconf 86' lang='lat' dir='ltr'><strong>percitus,</strong></span> <span class='ocrx_word' id='word_1_267' title='bbox 1718 2354 1856 2410; x_wconf 90' lang='lat' dir='ltr'><strong>alios</strong></span> <span class='ocrx_word' id='word_1_268' title='bbox 1881 2370 2107 2425; x_wconf 86' lang='lat' dir='ltr'><strong>quoque</strong></span> 
     </span>
    </p>
   </div>
   <div class='ocr_carea' id='block_1_39' title="bbox 513 2445 2104 2510">
    <p class='ocr_par' dir='ltr' id='par_1_39' title="bbox 513 2445 2104 2510">
     <span class='ocr_line' id='line_1_39' title="bbox 513 2445 2104 2510; baseline 0.001 -12"><span class='ocrx_word' id='word_1_269' title='bbox 513 2446 720 2499; x_wconf 88' lang='lat' dir='ltr'><strong>multos</strong></span> <span class='ocrx_word' id='word_1_270' title='bbox 774 2460 958 2500; x_wconf 89' lang='lat' dir='ltr'><strong>secum</strong></span> <span class='ocrx_word' id='word_1_271' title='bbox 1009 2460 1316 2510; x_wconf 89' lang='lat' dir='ltr'><strong>assumens,</strong></span> <span class='ocrx_word' id='word_1_272' title='bbox 1355 2455 1411 2500; x_wconf 93' lang='lat' dir='ltr'><strong>et</strong></span> <span class='ocrx_word' id='word_1_273' title='bbox 1444 2462 1474 2500; x_wconf 88' lang='lat' dir='ltr'><strong>e</strong></span> <span class='ocrx_word' id='word_1_274' title='bbox 1534 2445 1791 2500; x_wconf 89' lang='lat' dir='ltr'><strong>columna</strong></span> <span class='ocrx_word' id='word_1_275' title='bbox 1847 2455 2104 2500; x_wconf 87' lang='lat' dir='ltr'><strong>sanctum</strong></span> 
     </span>
    </p>
   </div>
   <div class='ocr_carea' id='block_1_40' title="bbox 512 2536 2108 2608">
    <p class='ocr_par' dir='ltr' id='par_1_40' title="bbox 512 2536 2108 2608">
     <span class='ocr_line' id='line_1_40' title="bbox 512 2536 2108 2608; baseline 0 -16"><span class='ocrx_word' id='word_1_276' title='bbox 512 2538 706 2592; x_wconf 85' lang='lat' dir='ltr'><strong>volens</strong></span> <span class='ocrx_word' id='word_1_277' title='bbox 744 2536 1060 2592; x_wconf 84' lang='lat' dir='ltr'><strong>detrahere.</strong></span> <span class='ocrx_word' id='word_1_278' title='bbox 1107 2537 1216 2592; x_wconf 87' lang='lat' dir='ltr'><strong>Sed</strong></span> <span class='ocrx_word' id='word_1_279' title='bbox 1273 2536 1366 2608; x_wconf 89' lang='lat' dir='ltr'><strong>qui</strong></span> <span class='ocrx_word' id='word_1_280' title='bbox 1403 2552 1623 2606; x_wconf 89' lang='lat' dir='ltr'><strong>semper</strong></span> <span class='ocrx_word' id='word_1_281' title='bbox 1670 2537 1722 2591; x_wconf 92' lang='lat' dir='ltr'><strong>in</strong></span> <span class='ocrx_word' id='word_1_282' title='bbox 1757 2537 1962 2592; x_wconf 88' lang='lat' dir='ltr'><strong>sanctis</strong></span> <span class='ocrx_word' id='word_1_283' title='bbox 1991 2536 2108 2592; x_wconf 83' lang='lat' dir='ltr'><strong>suis</strong></span> 
     </span>
    </p>
   </div>
   <div class='ocr_carea' id='block_1_41' title="bbox 509 2629 2105 2700">
    <p class='ocr_par' dir='ltr' id='par_1_41' title="bbox 509 2629 2105 2700">
     <span class='ocr_line' id='line_1_41' title="bbox 509 2629 2105 2700; baseline -0.003 -14"><span class='ocrx_word' id='word_1_284' title='bbox 509 2642 597 2686; x_wconf 90' lang='lat' dir='ltr'><strong>est</strong></span> <span class='ocrx_word' id='word_1_285' title='bbox 625 2630 966 2684; x_wconf 87' lang='lat' dir='ltr'><strong>admirabilis</strong></span> <span class='ocrx_word' id='word_1_286' title='bbox 998 2631 1280 2694; x_wconf 89' lang='lat' dir='ltr'><strong>Dominus,</strong></span> <span class='ocrx_word' id='word_1_287' title='bbox 1315 2630 1497 2697; x_wconf 88' lang='lat' dir='ltr'><strong>qualia</strong></span> <span class='ocrx_word' id='word_1_288' title='bbox 1522 2645 1673 2684; x_wconf 92' lang='lat' dir='ltr'><strong>nunc</strong></span> <span class='ocrx_word' id='word_1_289' title='bbox 1696 2645 1918 2700; x_wconf 92' lang='lat' dir='ltr'><strong>quoque</strong></span> <span class='ocrx_word' id='word_1_290' title='bbox 1951 2629 2105 2698; x_wconf 80' lang='lat' dir='ltr'><strong>fecit,</strong></span> 
     </span>
    </p>
   </div>
   <div class='ocr_carea' id='block_1_42' title="bbox 511 2721 2106 2794">
    <p class='ocr_par' dir='ltr' id='par_1_42' title="bbox 511 2721 2106 2794">
     <span class='ocr_line' id='line_1_42' title="bbox 511 2721 2106 2794; baseline -0.003 -16"><span class='ocrx_word' id='word_1_291' title='bbox 511 2725 666 2778; x_wconf 87' lang='lat' dir='ltr'><strong>illum</strong></span> <span class='ocrx_word' id='word_1_292' title='bbox 702 2723 969 2777; x_wconf 84' lang='lat' dir='ltr'><strong>audacter</strong></span> <span class='ocrx_word' id='word_1_293' title='bbox 998 2722 1354 2777; x_wconf 86' lang='lat' dir='ltr'><strong>insultantem</strong></span> <span class='ocrx_word' id='word_1_294' title='bbox 1386 2721 1716 2791; x_wconf 88' lang='lat' dir='ltr'><strong>reprimens,</strong></span> <span class='ocrx_word' id='word_1_295' title='bbox 1747 2733 1804 2778; x_wconf 89' lang='lat' dir='ltr'><strong>et</strong></span> <span class='ocrx_word' id='word_1_296' title='bbox 1832 2723 1953 2794; x_wconf 88' lang='lat' dir='ltr'><strong>ejus</strong></span> <span class='ocrx_word' id='word_1_297' title='bbox 1985 2738 2106 2778; x_wconf 89' lang='lat' dir='ltr'><strong>ser-</strong></span> 
     </span>
    </p>
   </div>
   <div class='ocr_carea' id='block_1_43' title="bbox 511 2812 2105 2886">
    <p class='ocr_par' dir='ltr' id='par_1_43' title="bbox 511 2812 2105 2886">
     <span class='ocr_line' id='line_1_43' title="bbox 511 2812 2105 2886; baseline -0.001 -16"><span class='ocrx_word' id='word_1_298' title='bbox 511 2831 664 2884; x_wconf 81' lang='lat' dir='ltr'><strong>vum,</strong></span> <span class='ocrx_word' id='word_1_299' title='bbox 686 2816 779 2886; x_wconf 91' lang='lat' dir='ltr'><strong>qui</strong></span> <span class='ocrx_word' id='word_1_300' title='bbox 801 2824 920 2871; x_wconf 85' lang='lat' dir='ltr'><strong>erat</strong></span> <span class='ocrx_word' id='word_1_301' title='bbox 941 2815 1211 2872; x_wconf 88' lang='lat' dir='ltr'><strong>occultus.</strong></span> <span class='ocrx_word' id='word_1_302' title='bbox 1230 2814 1532 2884; x_wconf 87' lang='lat' dir='ltr'><strong>gloriosum</strong></span> <span class='ocrx_word' id='word_1_303' title='bbox 1545 2812 1957 2869; x_wconf 70' lang='lat' dir='ltr'><strong>elliciens..\’am</strong></span> <span class='ocrx_word' id='word_1_304' title='bbox 1978 2831 2105 2870; x_wconf 87' lang='lat' dir='ltr'><strong>cum</strong></span> 
     </span>
    </p>
   </div>
   <div class='ocr_carea' id='block_1_44' title="bbox 509 2907 2108 2977">
    <p class='ocr_par' dir='ltr' id='par_1_44' title="bbox 509 2907 2108 2977">
     <span class='ocr_line' id='line_1_44' title="bbox 509 2907 2108 2977; baseline -0.001 -13"><span class='ocrx_word' id='word_1_305' title='bbox 509 2918 656 2966; x_wconf 87' lang='lat' dir='ltr'><strong>esset</strong></span> <span class='ocrx_word' id='word_1_306' title='bbox 690 2907 926 2964; x_wconf 78' lang='lat' dir='ltr'><strong>maxima</strong></span> <span class='ocrx_word' id='word_1_307' title='bbox 960 2907 1228 2963; x_wconf 78' lang='lat' dir='ltr'><strong>serenitas</strong></span> <span class='ocrx_word' id='word_1_308' title='bbox 1264 2915 1521 2977; x_wconf 85' lang='lat' dir='ltr'><strong>essetque</strong></span> <span class='ocrx_word' id='word_1_309' title='bbox 1551 2922 1648 2963; x_wconf 91' lang='lat' dir='ltr'><strong>aer</strong></span> <span class='ocrx_word' id='word_1_310' title='bbox 1691 2923 1866 2977; x_wconf 89' lang='lat' dir='ltr'><strong>purus</strong></span> <span class='ocrx_word' id='word_1_311' title='bbox 1898 2916 1954 2962; x_wconf 90' lang='lat' dir='ltr'><strong>et</strong></span> <span class='ocrx_word' id='word_1_312' title='bbox 1985 2908 2108 2962; x_wconf 90' lang='lat' dir='ltr'><strong>lim-</strong></span> 
     </span>
    </p>
   </div>
   <div class='ocr_carea' id='block_1_45' title="bbox 509 3001 2110 3072">
    <p class='ocr_par' dir='ltr' id='par_1_45' title="bbox 509 3001 2110 3072">
     <span class='ocr_line' id='line_1_45' title="bbox 509 3001 2110 3072; baseline -0.001 -16"><span class='ocrx_word' id='word_1_313' title='bbox 509 3001 694 3072; x_wconf 89' lang='lat' dir='ltr'><strong>pidus,</strong></span> <span class='ocrx_word' id='word_1_314' title='bbox 723 3001 901 3057; x_wconf 89' lang='lat' dir='ltr'><strong>nubes</strong></span> <span class='ocrx_word' id='word_1_315' title='bbox 930 3009 1154 3071; x_wconf 88' lang='lat' dir='ltr'><strong>repente</strong></span> <span class='ocrx_word' id='word_1_316' title='bbox 1177 3012 1606 3061; x_wconf 86' lang='lat' dir='ltr'><strong>concurrerunt.</strong></span> <span class='ocrx_word' id='word_1_317' title='bbox 1631 3010 1686 3054; x_wconf 91' lang='lat' dir='ltr'><strong>et</strong></span> <span class='ocrx_word' id='word_1_318' title='bbox 1715 3009 1836 3055; x_wconf 91' lang='lat' dir='ltr'><strong>orta</strong></span> <span class='ocrx_word' id='word_1_319' title='bbox 1866 3009 1952 3055; x_wconf 85' lang='lat' dir='ltr'><strong>est</strong></span> <span class='ocrx_word' id='word_1_320' title='bbox 1973 3002 2110 3056; x_wconf 82' lang='lat' dir='ltr'><strong>cali-</strong></span> 
     </span>
    </p>
   </div>
   <div class='ocr_carea' id='block_1_46' title="bbox 511 3083 2107 3164">
    <p class='ocr_par' dir='ltr' id='par_1_46' title="bbox 511 3083 2107 3164">
     <span class='ocr_line' id='line_1_46' title="bbox 511 3083 2107 3164; baseline 0.001 -18"><span class='ocrx_word' id='word_1_321' title='bbox 511 3109 602 3164; x_wconf 79' lang='lat' dir='ltr'><strong>go,</strong></span> <span class='ocrx_word' id='word_1_322' title='bbox 635 3101 685 3148; x_wconf 82' lang='lat' dir='ltr'><strong>et</strong></span> <span class='ocrx_word' id='word_1_323' title='bbox 719 3093 1018 3148; x_wconf 86' lang='lat' dir='ltr'><strong>vehemens</strong></span> <span class='ocrx_word' id='word_1_324' title='bbox 1068 3090 1250 3161; x_wconf 89' lang='lat' dir='ltr'><strong>pluvia</strong></span> <span class='ocrx_word' id='word_1_325' title='bbox 1279 3099 1334 3146; x_wconf 90' lang='lat' dir='ltr'><strong>et</strong></span> <span class='ocrx_word' id='word_1_326' title='bbox 1364 3092 1574 3162; x_wconf 82' lang='lat' dir='ltr'><strong>grando</strong></span> <span class='ocrx_word' id='word_1_327' title='bbox 1601 3083 1864 3147; x_wconf 81' lang='lat' dir='ltr'><strong>deorsum</strong></span> <span class='ocrx_word' id='word_1_328' title='bbox 1891 3091 2107 3147; x_wconf 84' lang='lat' dir='ltr'><strong>fereba-</strong></span> 
     </span>
    </p>
   </div>
   <div class='ocr_carea' id='block_1_47' title="bbox 515 3181 2107 3252">
    <p class='ocr_par' dir='ltr' id='par_1_47' title="bbox 515 3181 2107 3252">
     <span class='ocr_line' id='line_1_47' title="bbox 515 3181 2107 3252; baseline -0.001 -14"><span class='ocrx_word' id='word_1_329' title='bbox 515 3193 626 3238; x_wconf 90' lang='lat' dir='ltr'><strong>tur.</strong></span> <span class='ocrx_word' id='word_1_330' title='bbox 659 3181 982 3250; x_wconf 85' lang='lat' dir='ltr'><strong>Tantusque</strong></span> <span class='ocrx_word' id='word_1_331' title='bbox 1024 3189 1146 3234; x_wconf 88' lang='lat' dir='ltr'><strong>erat</strong></span> <span class='ocrx_word' id='word_1_332' title='bbox 1175 3183 1295 3251; x_wconf 84' lang='lat' dir='ltr'><strong>ejus</strong></span> <span class='ocrx_word' id='word_1_333' title='bbox 1326 3181 1586 3252; x_wconf 84' lang='lat' dir='ltr'><strong>impetus,</strong></span> <span class='ocrx_word' id='word_1_334' title='bbox 1619 3193 1676 3236; x_wconf 90' lang='lat' dir='ltr'><strong>et</strong></span> <span class='ocrx_word' id='word_1_335' title='bbox 1709 3190 1820 3237; x_wconf 84' lang='lat' dir='ltr'><strong>tam</strong></span> <span class='ocrx_word' id='word_1_336' title='bbox 1856 3181 2107 3252; x_wconf 73' lang='lat' dir='ltr'><strong>ingentes</strong></span> 
     </span>
    </p>
   </div>
   <div class='ocr_carea' id='block_1_48' title="bbox 512 3273 2106 3344">
    <p class='ocr_par' dir='ltr' id='par_1_48' title="bbox 512 3273 2106 3344">
     <span class='ocr_line' id='line_1_48' title="bbox 512 3273 2106 3344; baseline 0 -14"><span class='ocrx_word' id='word_1_337' title='bbox 512 3276 674 3331; x_wconf 76' lang='lat' dir='ltr'><strong>mina:</strong></span> <span class='ocrx_word' id='word_1_338' title='bbox 722 3273 820 3329; x_wconf 70' lang='lat' dir='ltr'><strong>ira:</strong></span> <span class='ocrx_word' id='word_1_339' title='bbox 850 3289 1129 3344; x_wconf 70' lang='lat' dir='ltr'><strong>superum,</strong></span> <span class='ocrx_word' id='word_1_340' title='bbox 1169 3281 1226 3328; x_wconf 92' lang='lat' dir='ltr'><strong>ut</strong></span> <span class='ocrx_word' id='word_1_341' title='bbox 1269 3273 1437 3328; x_wconf 89' lang='lat' dir='ltr'><strong>etiam</strong></span> <span class='ocrx_word' id='word_1_342' title='bbox 1469 3274 1662 3330; x_wconf 87' lang='lat' dir='ltr'><strong>vitium</strong></span> <span class='ocrx_word' id='word_1_343' title='bbox 1688 3275 1952 3330; x_wconf 87' lang='lat' dir='ltr'><strong>caderent</strong></span> <span class='ocrx_word' id='word_1_344' title='bbox 1978 3274 2106 3330; x_wconf 82' lang='lat' dir='ltr'><strong>folia</strong></span> 
     </span>
    </p>
   </div>
   <div class='ocr_carea' id='block_1_49' title="bbox 513 3365 2107 3438">
    <p class='ocr_par' dir='ltr' id='par_1_49' title="bbox 513 3365 2107 3438">
     <span class='ocr_line' id='line_1_49' title="bbox 513 3365 2107 3438; baseline -0.001 -13"><span class='ocrx_word' id='word_1_345' title='bbox 513 3381 569 3426; x_wconf 85' lang='lat' dir='ltr'><strong>et</strong></span> <span class='ocrx_word' id='word_1_346' title='bbox 601 3367 868 3438; x_wconf 89' lang='lat' dir='ltr'><strong>pampini,</strong></span> <span class='ocrx_word' id='word_1_347' title='bbox 908 3381 1018 3422; x_wconf 88' lang='lat' dir='ltr'><strong>non</strong></span> <span class='ocrx_word' id='word_1_348' title='bbox 1073 3367 1250 3421; x_wconf 90' lang='lat' dir='ltr'><strong>solum</strong></span> <span class='ocrx_word' id='word_1_349' title='bbox 1303 3365 1517 3422; x_wconf 81' lang='lat' dir='ltr'><strong>fructus</strong></span> <span class='ocrx_word' id='word_1_350' title='bbox 1552 3385 1567 3422; x_wconf 91' lang='lat'><strong>:</strong></span> <span class='ocrx_word' id='word_1_351' title='bbox 1599 3375 1722 3422; x_wconf 92' lang='lat' dir='ltr'><strong>erat</strong></span> <span class='ocrx_word' id='word_1_352' title='bbox 1773 3367 1922 3422; x_wconf 88' lang='lat' dir='ltr'><strong>enim</strong></span> <span class='ocrx_word' id='word_1_353' title='bbox 1976 3377 2107 3425; x_wconf 88' lang='lat' dir='ltr'><strong>tunc</strong></span> 
     </span>
    </p>
   </div>
   <div class='ocr_carea' id='block_1_50' title="bbox 515 3457 2102 3531">
    <p class='ocr_par' dir='ltr' id='par_1_50' title="bbox 515 3457 2102 3531">
     <span class='ocr_line' id='line_1_50' title="bbox 515 3457 2102 3531; baseline 0.001 -17"><span class='ocrx_word' id='word_1_354' title='bbox 515 3469 731 3531; x_wconf 89' lang='lat' dir='ltr'><strong>tempus</strong></span> <span class='ocrx_word' id='word_1_355' title='bbox 761 3459 1077 3528; x_wconf 80' lang='lat' dir='ltr'><strong>vindemjae.</strong></span> <span class='ocrx_word' id='word_1_356' title='bbox 1106 3457 1212 3513; x_wconf 85' lang='lat' dir='ltr'><strong>Sed</strong></span> <span class='ocrx_word' id='word_1_357' title='bbox 1273 3473 1374 3514; x_wconf 90' lang='lat' dir='ltr'><strong>nec</strong></span> <span class='ocrx_word' id='word_1_358' title='bbox 1406 3459 1525 3514; x_wconf 66' lang='lat' dir='ltr'><strong>haec</strong></span> <span class='ocrx_word' id='word_1_359' title='bbox 1580 3458 1805 3529; x_wconf 85' lang='lat' dir='ltr'><strong>quidem</strong></span> <span class='ocrx_word' id='word_1_360' title='bbox 1836 3459 2102 3529; x_wconf 89' lang='lat' dir='ltr'><strong>reprime-</strong></span> 
     </span>
    </p>
   </div>
   <div class='ocr_carea' id='block_1_51' title="bbox 514 3550 2107 3608">
    <p class='ocr_par' dir='ltr' id='par_1_51' title="bbox 514 3550 2107 3608">
     <span class='ocr_line' id='line_1_51' title="bbox 514 3550 2107 3608; baseline -0.001 0"><span class='ocrx_word' id='word_1_361' title='bbox 514 3553 650 3608; x_wconf 82' lang='lat' dir='ltr'><strong>bant</strong></span> <span class='ocrx_word' id='word_1_362' title='bbox 678 3552 913 3607; x_wconf 86' lang='lat' dir='ltr'><strong>amentis</strong></span> <span class='ocrx_word' id='word_1_363' title='bbox 944 3551 1258 3606; x_wconf 87' lang='lat' dir='ltr'><strong>stultitiam.</strong></span> <span class='ocrx_word' id='word_1_364' title='bbox 1303 3550 1408 3606; x_wconf 89' lang='lat' dir='ltr'><strong>Sed</strong></span> <span class='ocrx_word' id='word_1_365' title='bbox 1441 3566 1570 3606; x_wconf 92' lang='lat' dir='ltr'><strong>cum</strong></span> <span class='ocrx_word' id='word_1_366' title='bbox 1603 3566 1709 3605; x_wconf 89' lang='lat' dir='ltr'><strong>non</strong></span> <span class='ocrx_word' id='word_1_367' title='bbox 1744 3551 1980 3606; x_wconf 90' lang='lat' dir='ltr'><strong>multum</strong></span> <span class='ocrx_word' id='word_1_368' title='bbox 2011 3550 2107 3606; x_wconf 82' lang='lat' dir='ltr'><strong>ab-</strong></span> 
     </span>
    </p>
   </div>
   <div class='ocr_carea' id='block_1_52' title="bbox 512 3642 2106 3716">
    <p class='ocr_par' dir='ltr' id='par_1_52' title="bbox 512 3642 2106 3716">
     <span class='ocr_line' id='line_1_52' title="bbox 512 3642 2106 3716; baseline 0 -16"><span class='ocrx_word' id='word_1_369' title='bbox 512 3644 730 3712; x_wconf 79' lang='lat' dir='ltr'><strong>fuisset,</strong></span> <span class='ocrx_word' id='word_1_370' title='bbox 779 3645 912 3716; x_wconf 91' lang='lat' dir='ltr'><strong>quin</strong></span> <span class='ocrx_word' id='word_1_371' title='bbox 960 3643 1051 3699; x_wconf 91' lang='lat' dir='ltr'><strong>ille</strong></span> <span class='ocrx_word' id='word_1_372' title='bbox 1096 3643 1320 3714; x_wconf 89' lang='lat' dir='ltr'><strong>periret,</strong></span> <span class='ocrx_word' id='word_1_373' title='bbox 1354 3659 1426 3699; x_wconf 92' lang='lat' dir='ltr'><strong>ne</strong></span> <span class='ocrx_word' id='word_1_374' title='bbox 1478 3643 1558 3698; x_wconf 85' lang='lat' dir='ltr'><strong>sic</strong></span> <span class='ocrx_word' id='word_1_375' title='bbox 1588 3642 1810 3713; x_wconf 88' lang='lat' dir='ltr'><strong>quidem</strong></span> <span class='ocrx_word' id='word_1_376' title='bbox 1857 3643 2106 3700; x_wconf 87' lang='lat' dir='ltr'><strong>discebat</strong></span> 
     </span>
    </p>
   </div>
   <div class='ocr_carea' id='block_1_53' title="bbox 508 3735 2100 3810">
    <p class='ocr_par' dir='ltr' id='par_1_53' title="bbox 508 3735 2100 3810">
     <span class='ocr_line' id='line_1_53' title="bbox 508 3735 2100 3810; baseline -0.001 -16"><span class='ocrx_word' id='word_1_377' title='bbox 508 3754 725 3810; x_wconf 89' lang='lat' dir='ltr'><strong>sapere,</strong></span> <span class='ocrx_word' id='word_1_378' title='bbox 743 3745 799 3793; x_wconf 93' lang='lat' dir='ltr'><strong>et</strong></span> <span class='ocrx_word' id='word_1_379' title='bbox 832 3752 890 3792; x_wconf 90' lang='lat' dir='ltr'><strong>se</strong></span> <span class='ocrx_word' id='word_1_380' title='bbox 919 3737 1203 3792; x_wconf 89' lang='lat' dir='ltr'><strong>moderate</strong></span> <span class='ocrx_word' id='word_1_381' title='bbox 1233 3752 1460 3808; x_wconf 82' lang='lat' dir='ltr'><strong>gerere:</strong></span> <span class='ocrx_word' id='word_1_382' title='bbox 1487 3752 1667 3807; x_wconf 86' lang='lat' dir='ltr'><strong>neque</strong></span> <span class='ocrx_word' id='word_1_383' title='bbox 1693 3735 1914 3792; x_wconf 89' lang='lat' dir='ltr'><strong>volebat</strong></span> <span class='ocrx_word' id='word_1_384' title='bbox 1937 3737 2100 3801; x_wconf 82' lang='lat' dir='ltr'><strong>scire,</strong></span> 
     </span>
    </p>
   </div>
   <div class='ocr_carea' id='block_1_54' title="bbox 509 3829 2092 3900">
    <p class='ocr_par' dir='ltr' id='par_1_54' title="bbox 509 3829 2092 3900">
     <span class='ocr_line' id='line_1_54' title="bbox 509 3829 2092 3900; baseline 0.001 -17"><span class='ocrx_word' id='word_1_385' title='bbox 509 3841 715 3899; x_wconf 86' lang='lat' dir='ltr'><strong>quanta</strong></span> <span class='ocrx_word' id='word_1_386' title='bbox 761 3845 1000 3900; x_wconf 88' lang='lat' dir='ltr'><strong>superna</strong></span> <span class='ocrx_word' id='word_1_387' title='bbox 1055 3829 1232 3899; x_wconf 76' lang='lat' dir='ltr'><strong>gratia</strong></span> <span class='ocrx_word' id='word_1_388' title='bbox 1279 3829 1646 3899; x_wconf 89' lang='lat' dir='ltr'><strong>locupletatus</strong></span> <span class='ocrx_word' id='word_1_389' title='bbox 1694 3839 1842 3884; x_wconf 92' lang='lat' dir='ltr'><strong>esset</strong></span> <span class='ocrx_word' id='word_1_390' title='bbox 1881 3829 2092 3886; x_wconf 82' lang='lat' dir='ltr'><strong>Daniel.</strong></span> 
     </span>
    </p>
   </div>
   <div class='ocr_carea' id='block_1_55' title="bbox 2210 1977 3803 2052">
    <p class='ocr_par' dir='ltr' id='par_1_55' title="bbox 2210 1977 3803 2052">
     <span class='ocr_line' id='line_1_55' title="bbox 2210 1977 3803 2052; baseline 0.003 -23"><span class='ocrx_word' id='word_1_391' title='bbox 2210 1977 2392 2048; x_wconf 82' lang='grc' dir='ltr'>φθόνῳ</span> <span class='ocrx_word' id='word_1_392' title='bbox 2416 1979 2582 2032; x_wconf 77' lang='grc' dir='ltr'>εἴκων</span> <span class='ocrx_word' id='word_1_393' title='bbox 2613 1980 2646 2051; x_wconf 74' lang='grc' dir='ltr'>ἢ</span> <span class='ocrx_word' id='word_1_394' title='bbox 2691 1978 2786 2032; x_wconf 75' lang='grc' dir='ltr'><strong>καὶ</strong></span> <span class='ocrx_word' id='word_1_395' title='bbox 2816 1980 2894 2052; x_wconf 84' lang='grc' dir='ltr'><strong>τῷ</strong></span> <span class='ocrx_word' id='word_1_396' title='bbox 2913 1979 3162 2050; x_wconf 81' lang='grc' dir='ltr'><strong>δεηθέντι</strong></span> <span class='ocrx_word' id='word_1_397' title='bbox 3189 1979 3573 2051; x_wconf 79' lang='grc' dir='ltr'>χαριζόμενος,</span> <span class='ocrx_word' id='word_1_398' title='bbox 3605 1978 3666 2034; x_wconf 80' lang='grc' dir='ltr'>οὗ</span> <span class='ocrx_word' id='word_1_399' title='bbox 3699 1979 3803 2034; x_wconf 84' lang='grc' dir='ltr'><strong>τοῦ</strong></span> 
     </span>
    </p>
   </div>
   <div class='ocr_carea' id='block_1_56' title="bbox 2212 2071 3804 2145">
    <p class='ocr_par' dir='ltr' id='par_1_56' title="bbox 2212 2071 3804 2145">
     <span class='ocr_line' id='line_1_56' title="bbox 2212 2071 3804 2145; baseline 0.001 -22"><span class='ocrx_word' id='word_1_400' title='bbox 2212 2071 2408 2126; x_wconf 89' lang='grc' dir='ltr'>στύλου</span> <span class='ocrx_word' id='word_1_401' title='bbox 2438 2073 2835 2144; x_wconf 81' lang='grc' dir='ltr'>κατενεχθῆναι</span> <span class='ocrx_word' id='word_1_402' title='bbox 2877 2073 3060 2145; x_wconf 88' lang='grc' dir='ltr'>μόνον,</span> <span class='ocrx_word' id='word_1_403' title='bbox 3090 2072 3226 2127; x_wconf 89' lang='grc' dir='ltr'><strong>ἀλλά</strong></span> <span class='ocrx_word' id='word_1_404' title='bbox 3255 2075 3349 2126; x_wconf 75' lang='grc' dir='ltr'>καὶ</span> <span class='ocrx_word' id='word_1_405' title='bbox 3373 2072 3636 2144; x_wconf 75' lang='grc' dir='ltr'>ἐπιτιμίῳ</span> <span class='ocrx_word' id='word_1_406' title='bbox 3663 2073 3804 2126; x_wconf 85' lang='grc' dir='ltr'>ὑπο-</span> 
     </span>
    </p>
   </div>
   <div class='ocr_carea' id='block_1_57' title="bbox 2210 2161 3801 2234">
    <p class='ocr_par' dir='ltr' id='par_1_57' title="bbox 2210 2161 3801 2234">
     <span class='ocr_line' id='line_1_57' title="bbox 2210 2161 3801 2234; baseline 0.003 -20"><span class='ocrx_word' id='word_1_407' title='bbox 2210 2163 2474 2234; x_wconf 78' lang='grc' dir='ltr'>ϐληθῆναι</span> <span class='ocrx_word' id='word_1_408' title='bbox 2493 2165 2584 2218; x_wconf 80' lang='grc' dir='ltr'>τὸν</span> <span class='ocrx_word' id='word_1_409' title='bbox 2609 2165 2764 2234; x_wconf 77' lang='grc' dir='ltr'>ἅγιον</span> <span class='ocrx_word' id='word_1_410' title='bbox 2795 2166 3056 2221; x_wconf 77' lang='grc' dir='ltr'>ἐδικαίου.</span> <span class='ocrx_word' id='word_1_411' title='bbox 3090 2166 3333 2220; x_wconf 83' lang='grc' dir='ltr'>Ἀνεισιν</span> <span class='ocrx_word' id='word_1_412' title='bbox 3353 2161 3450 2220; x_wconf 80' lang='grc' dir='ltr'>οὖν</span> <span class='ocrx_word' id='word_1_413' title='bbox 3478 2165 3508 2219; x_wconf 88' lang='grc' dir='ltr'><strong><em>ὁ</em></strong></span> <span class='ocrx_word' id='word_1_414' title='bbox 3535 2165 3801 2230; x_wconf 81' lang='grc' dir='ltr'>Γελάσιος</span> 
     </span>
    </p>
   </div>
   <div class='ocr_carea' id='block_1_58' title="bbox 2207 2255 3802 2329">
    <p class='ocr_par' dir='ltr' id='par_1_58' title="bbox 2207 2255 3802 2329">
     <span class='ocr_line' id='line_1_58' title="bbox 2207 2255 3802 2329; baseline 0.001 -20"><span class='ocrx_word' id='word_1_415' title='bbox 2207 2256 2329 2318; x_wconf 82' lang='grc' dir='ltr'>ὅλος</span> <span class='ocrx_word' id='word_1_416' title='bbox 2351 2255 2524 2326; x_wconf 77' lang='grc' dir='ltr'>ὀργῆς</span> <span class='ocrx_word' id='word_1_417' title='bbox 2562 2255 2638 2310; x_wconf 80' lang='grc' dir='ltr'>ὢν</span> <span class='ocrx_word' id='word_1_418' title='bbox 2662 2258 2891 2328; x_wconf 76' lang='grc' dir='ltr'>συχνοὺς</span> <span class='ocrx_word' id='word_1_419' title='bbox 2925 2259 3022 2311; x_wconf 74' lang='grc' dir='ltr'>καὶ</span> <span class='ocrx_word' id='word_1_420' title='bbox 3050 2257 3244 2322; x_wconf 85' lang='grc' dir='ltr'>ἀλλους</span> <span class='ocrx_word' id='word_1_421' title='bbox 3274 2258 3398 2329; x_wconf 81' lang='grc' dir='ltr'>μεθ’</span> <span class='ocrx_word' id='word_1_422' title='bbox 3426 2257 3624 2311; x_wconf 78' lang='grc' dir='ltr'>ἑαυτοῦ</span> <span class='ocrx_word' id='word_1_423' title='bbox 3657 2275 3802 2329; x_wconf 88' lang='grc' dir='ltr'>συμ-</span> 
     </span>
    </p>
   </div>
   <div class='ocr_carea' id='block_1_59' title="bbox 2209 2349 3802 2420">
    <p class='ocr_par' dir='ltr' id='par_1_59' title="bbox 2209 2349 3802 2420">
     <span class='ocr_line' id='line_1_59' title="bbox 2209 2349 3802 2420; baseline 0.001 -18"><span class='ocrx_word' id='word_1_424' title='bbox 2209 2349 2566 2420; x_wconf 78' lang='grc' dir='ltr'>παραλαϐὼν,</span> <span class='ocrx_word' id='word_1_425' title='bbox 2609 2352 2705 2405; x_wconf 84' lang='grc' dir='ltr'>καὶ</span> <span class='ocrx_word' id='word_1_426' title='bbox 2738 2350 2833 2403; x_wconf 87' lang='grc' dir='ltr'><strong>τοῦ</strong></span> <span class='ocrx_word' id='word_1_427' title='bbox 2874 2349 3068 2404; x_wconf 90' lang='grc' dir='ltr'>στύλου</span> <span class='ocrx_word' id='word_1_428' title='bbox 3097 2351 3189 2403; x_wconf 82' lang='grc' dir='ltr'><strong>τὸν</strong></span> <span class='ocrx_word' id='word_1_429' title='bbox 3224 2351 3381 2419; x_wconf 74' lang='grc' dir='ltr'>ἅγιον</span> <span class='ocrx_word' id='word_1_430' title='bbox 3419 2351 3621 2404; x_wconf 78' lang='grc' dir='ltr'><strong>ἐθέλων</strong></span> <span class='ocrx_word' id='word_1_431' title='bbox 3663 2367 3802 2403; x_wconf 85' lang='grc' dir='ltr'>κατ-</span> 
     </span>
    </p>
   </div>
   <div class='ocr_carea' id='block_1_60' title="bbox 2208 2441 3797 2514">
    <p class='ocr_par' dir='ltr' id='par_1_60' title="bbox 2208 2441 3797 2514">
     <span class='ocr_line' id='line_1_60' title="bbox 2208 2441 3797 2514; baseline 0.003 -22"><span class='ocrx_word' id='word_1_432' title='bbox 2208 2444 2471 2509; x_wconf 78' lang='grc' dir='ltr'>ενεγκεῖν.</span> <span class='ocrx_word' id='word_1_433' title='bbox 2526 2443 2668 2496; x_wconf 84' lang='grc' dir='ltr'>Ἀλλ’</span> <span class='ocrx_word' id='word_1_434' title='bbox 2697 2445 2727 2495; x_wconf 94' lang='lat'><strong>6</strong></span> <span class='ocrx_word' id='word_1_435' title='bbox 2749 2443 2838 2496; x_wconf 74' lang='grc' dir='ltr'>ἀεὶ</span> <span class='ocrx_word' id='word_1_436' title='bbox 2866 2443 3180 2514; x_wconf 82' lang='grc' dir='ltr'>Θαυμαστὸς</span> <span class='ocrx_word' id='word_1_437' title='bbox 3207 2443 3263 2498; x_wconf 86' lang='grc' dir='ltr'><strong>ἐν</strong></span> <span class='ocrx_word' id='word_1_438' title='bbox 3283 2445 3396 2507; x_wconf 89' lang='grc' dir='ltr'>τοῖς</span> <span class='ocrx_word' id='word_1_439' title='bbox 3416 2444 3595 2514; x_wconf 82' lang='grc' dir='ltr'>ἁγίοις</span> <span class='ocrx_word' id='word_1_440' title='bbox 3625 2441 3797 2497; x_wconf 75' lang='grc' dir='ltr'>αὐτοῦ</span> 
     </span>
    </p>
   </div>
   <div class='ocr_carea' id='block_1_61' title="bbox 2209 2523 3798 2608">
    <p class='ocr_par' dir='ltr' id='par_1_61' title="bbox 2209 2523 3798 2608">
     <span class='ocr_line' id='line_1_61' title="bbox 2209 2523 3798 2608; baseline 0.001 -20"><span class='ocrx_word' id='word_1_441' title='bbox 2209 2523 2413 2605; x_wconf 79' lang='grc' dir='ltr'>Κύριος</span> <span class='ocrx_word' id='word_1_442' title='bbox 2451 2531 2541 2588; x_wconf 74' lang='grc' dir='ltr'><strong>οἷα</strong></span> <span class='ocrx_word' id='word_1_443' title='bbox 2569 2539 2662 2590; x_wconf 60' lang='grc' dir='ltr'><strong>καὶ⁵</strong></span> <span class='ocrx_word' id='word_1_444' title='bbox 2696 2536 2792 2591; x_wconf 92' lang='grc' dir='ltr'><strong>νῦν</strong></span> <span class='ocrx_word' id='word_1_445' title='bbox 2823 2535 3017 2603; x_wconf 84' lang='grc' dir='ltr'>ἐποίει,</span> <span class='ocrx_word' id='word_1_446' title='bbox 3057 2537 3266 2591; x_wconf 82' lang='grc' dir='ltr'>ἐκεῖνόν</span> <span class='ocrx_word' id='word_1_447' title='bbox 3295 2553 3356 2589; x_wconf 87' lang='grc' dir='ltr'><strong>τε</strong></span> <span class='ocrx_word' id='word_1_448' title='bbox 3391 2536 3798 2608; x_wconf 84' lang='grc' dir='ltr'>θρασυνόμενον</span> 
     </span>
    </p>
   </div>
   <div class='ocr_carea' id='block_1_62' title="bbox 2209 2628 3795 2701">
    <p class='ocr_par' dir='ltr' id='par_1_62' title="bbox 2209 2628 3795 2701">
     <span class='ocr_line' id='line_1_62' title="bbox 2209 2628 3795 2701; baseline 0.003 -20"><span class='ocrx_word' id='word_1_449' title='bbox 2209 2628 2588 2694; x_wconf 68' lang='grc' dir='ltr'>ἀναστέλλων,</span> <span class='ocrx_word' id='word_1_450' title='bbox 2654 2631 2748 2683; x_wconf 74' lang='grc' dir='ltr'>καὶ</span> <span class='ocrx_word' id='word_1_451' title='bbox 2812 2631 2903 2684; x_wconf 77' lang='grc' dir='ltr'>τὸν</span> <span class='ocrx_word' id='word_1_452' title='bbox 2967 2629 3136 2685; x_wconf 82' lang='grc' dir='ltr'>αὐτοῦ</span> <span class='ocrx_word' id='word_1_453' title='bbox 3189 2630 3494 2701; x_wconf 79' lang='grc' dir='ltr'>θεράποντα</span> <span class='ocrx_word' id='word_1_454' title='bbox 3551 2630 3795 2697; x_wconf 70' lang='grc' dir='ltr'>δοξάζων</span> 
     </span>
    </p>
   </div>
   <div class='ocr_carea' id='block_1_63' title="bbox 2209 2721 3795 2794">
    <p class='ocr_par' dir='ltr' id='par_1_63' title="bbox 2209 2721 3795 2794">
     <span class='ocr_line' id='line_1_63' title="bbox 2209 2721 3795 2794; baseline 0.003 -20"><span class='ocrx_word' id='word_1_455' title='bbox 2209 2721 2615 2792; x_wconf 74' lang='grc' dir='ltr'>κρυπτόμενονο</span> <span class='ocrx_word' id='word_1_456' title='bbox 2675 2722 2857 2786; x_wconf 78' lang='grc' dir='ltr'>εὐδίας</span> <span class='ocrx_word' id='word_1_457' title='bbox 2907 2723 3016 2791; x_wconf 84' lang='grc' dir='ltr'><strong>γὰρ</strong></span> <span class='ocrx_word' id='word_1_458' title='bbox 3051 2723 3313 2792; x_wconf 76' lang='grc' dir='ltr'>ἀκριϐοῦς</span> <span class='ocrx_word' id='word_1_459' title='bbox 3355 2723 3525 2794; x_wconf 73' lang='grc' dir='ltr'>οὔσης</span> <span class='ocrx_word' id='word_1_460' title='bbox 3570 2727 3663 2779; x_wconf 69' lang='grc' dir='ltr'><strong>καὶ</strong></span> <span class='ocrx_word' id='word_1_461' title='bbox 3697 2721 3795 2778; x_wconf 81' lang='grc' dir='ltr'><strong>τοῦ</strong></span> 
     </span>
    </p>
   </div>
   <div class='ocr_carea' id='block_1_64' title="bbox 2207 2812 3794 2886">
    <p class='ocr_par' dir='ltr' id='par_1_64' title="bbox 2207 2812 3794 2886">
     <span class='ocr_line' id='line_1_64' title="bbox 2207 2812 3794 2886; baseline 0.001 -19"><span class='ocrx_word' id='word_1_462' title='bbox 2207 2815 2368 2886; x_wconf 80' lang='grc' dir='ltr'>ἀέρος</span> <span class='ocrx_word' id='word_1_463' title='bbox 2415 2812 2664 2884; x_wconf 76' lang='grc' dir='ltr'>ἀλαμπὲς</span> <span class='ocrx_word' id='word_1_464' title='bbox 2719 2813 2874 2867; x_wconf 78' lang='grc' dir='ltr'>οὐδὲν</span> <span class='ocrx_word' id='word_1_465' title='bbox 2923 2813 3142 2884; x_wconf 71' lang='grc' dir='ltr'>ἔχοντος</span> <span class='ocrx_word' id='word_1_466' title='bbox 3183 2815 3320 2886; x_wconf 82' lang='grc' dir='ltr'>νέφη</span> <span class='ocrx_word' id='word_1_467' title='bbox 3374 2833 3432 2869; x_wconf 90' lang='grc' dir='ltr'><strong>τε</strong></span> <span class='ocrx_word' id='word_1_468' title='bbox 3486 2816 3794 2886; x_wconf 75' lang='grc' dir='ltr'>συνέδραμε</span> 
     </span>
    </p>
   </div>
   <div class='ocr_carea' id='block_1_65' title="bbox 2208 2906 3797 2980">
    <p class='ocr_par' dir='ltr' id='par_1_65' title="bbox 2208 2906 3797 2980">
     <span class='ocr_line' id='line_1_65' title="bbox 2208 2906 3797 2980; baseline 0.001 -20"><span class='ocrx_word' id='word_1_469' title='bbox 2208 2907 2525 2976; x_wconf 83' lang='grc' dir='ltr'>παραυτίκα</span> <span class='ocrx_word' id='word_1_470' title='bbox 2559 2907 2652 2960; x_wconf 76' lang='grc' dir='ltr'>καὶ</span> <span class='ocrx_word' id='word_1_471' title='bbox 2680 2906 2879 2977; x_wconf 83' lang='grc' dir='ltr'>ὀμίχλη</span> <span class='ocrx_word' id='word_1_472' title='bbox 2917 2908 3281 2977; x_wconf 80' lang='grc' dir='ltr'>προσέπιπτε,</span> <span class='ocrx_word' id='word_1_473' title='bbox 3316 2908 3412 2962; x_wconf 73' lang='grc' dir='ltr'>καὶ</span> <span class='ocrx_word' id='word_1_474' title='bbox 3455 2909 3611 2972; x_wconf 77' lang='grc' dir='ltr'>ὑετὸς</span> <span class='ocrx_word' id='word_1_475' title='bbox 3655 2911 3797 2980; x_wconf 78' lang='grc' dir='ltr'>ῥαγο</span> 
     </span>
    </p>
   </div>
   <div class='ocr_carea' id='block_1_66' title="bbox 2206 2997 3793 3068">
    <p class='ocr_par' dir='ltr' id='par_1_66' title="bbox 2206 2997 3793 3068">
     <span class='ocr_line' id='line_1_66' title="bbox 2206 2997 3793 3068; baseline 0.002 -18"><span class='ocrx_word' id='word_1_476' title='bbox 2206 2997 2354 3060; x_wconf 84' lang='grc' dir='ltr'>δαῖος</span> <span class='ocrx_word' id='word_1_477' title='bbox 2409 2998 2504 3052; x_wconf 73' lang='grc' dir='ltr'>καὶ</span> <span class='ocrx_word' id='word_1_478' title='bbox 2555 2997 2767 3067; x_wconf 75' lang='grc' dir='ltr'>χάλαζα</span> <span class='ocrx_word' id='word_1_479' title='bbox 2817 2998 3315 3068; x_wconf 84' lang='grc' dir='ltr'>συγκατεφέροντο.</span> <span class='ocrx_word' id='word_1_480' title='bbox 3375 2999 3485 3054; x_wconf 75' lang='grc' dir='ltr'><strong>Καὶ</strong></span> <span class='ocrx_word' id='word_1_481' title='bbox 3533 2997 3793 3053; x_wconf 81' lang='grc' dir='ltr'>τοσοῦτον</span> 
     </span>
    </p>
   </div>
   <div class='ocr_carea' id='block_1_67' title="bbox 2208 3088 3798 3162">
    <p class='ocr_par' dir='ltr' id='par_1_67' title="bbox 2208 3088 3798 3162">
     <span class='ocr_line' id='line_1_67' title="bbox 2208 3088 3798 3162; baseline 0.003 -20"><span class='ocrx_word' id='word_1_482' title='bbox 2208 3088 2412 3159; x_wconf 82' lang='grc' dir='ltr'>ταύτης</span> <span class='ocrx_word' id='word_1_483' title='bbox 2444 3091 2477 3160; x_wconf 80' lang='grc' dir='ltr'>ἡ</span> <span class='ocrx_word' id='word_1_484' title='bbox 2503 3090 2709 3160; x_wconf 75' lang='grc' dir='ltr'>ἐμϐολὴ</span> <span class='ocrx_word' id='word_1_485' title='bbox 2737 3091 2834 3143; x_wconf 79' lang='grc' dir='ltr'>καὶ</span> <span class='ocrx_word' id='word_1_486' title='bbox 2859 3091 2894 3161; x_wconf 79' lang='grc' dir='ltr'>ἡ</span> <span class='ocrx_word' id='word_1_487' title='bbox 2923 3089 3026 3160; x_wconf 82' lang='grc' dir='ltr'>τῆς</span> <span class='ocrx_word' id='word_1_488' title='bbox 3049 3090 3256 3144; x_wconf 80' lang='grc' dir='ltr'>ἀνωθεν</span> <span class='ocrx_word' id='word_1_489' title='bbox 3281 3091 3455 3162; x_wconf 78' lang='grc' dir='ltr'>ὀργῆς</span> <span class='ocrx_word' id='word_1_490' title='bbox 3490 3092 3689 3161; x_wconf 78' lang='grc' dir='ltr'>ἀπειλὴ</span> <span class='ocrx_word' id='word_1_491' title='bbox 3719 3093 3798 3158; x_wconf 81' lang='grc' dir='ltr'>ὡς</span> 
     </span>
    </p>
   </div>
   <div class='ocr_carea' id='block_1_68' title="bbox 2209 3181 3797 3255">
    <p class='ocr_par' dir='ltr' id='par_1_68' title="bbox 2209 3181 3797 3255">
     <span class='ocr_line' id='line_1_68' title="bbox 2209 3181 3797 3255; baseline 0.004 -20"><span class='ocrx_word' id='word_1_492' title='bbox 2209 3182 2306 3236; x_wconf 75' lang='grc' dir='ltr'>καὶ</span> <span class='ocrx_word' id='word_1_493' title='bbox 2344 3182 2412 3235; x_wconf 82' lang='grc' dir='ltr'>τὰ</span> <span class='ocrx_word' id='word_1_494' title='bbox 2443 3181 2550 3236; x_wconf 85' lang='grc' dir='ltr'><strong>τῶν</strong></span> <span class='ocrx_word' id='word_1_495' title='bbox 2597 3183 2860 3253; x_wconf 85' lang='grc' dir='ltr'>ἀμπέλων</span> <span class='ocrx_word' id='word_1_496' title='bbox 2893 3183 3240 3255; x_wconf 80' lang='grc' dir='ltr'>ἀποῤῥεῦσαι</span> <span class='ocrx_word' id='word_1_497' title='bbox 3289 3184 3486 3252; x_wconf 89' lang='grc' dir='ltr'>φύλλα,</span> <span class='ocrx_word' id='word_1_498' title='bbox 3523 3185 3595 3255; x_wconf 86' lang='grc' dir='ltr'>μὴ</span> <span class='ocrx_word' id='word_1_499' title='bbox 3621 3185 3702 3240; x_wconf 77' lang='grc' dir='ltr'>ὅτι</span> <span class='ocrx_word' id='word_1_500' title='bbox 3731 3202 3797 3255; x_wconf 81' lang='grc' dir='ltr'><strong>γε</strong></span> 
     </span>
    </p>
   </div>
   <div class='ocr_carea' id='block_1_69' title="bbox 2212 3270 3795 3347">
    <p class='ocr_par' dir='ltr' id='par_1_69' title="bbox 2212 3270 3795 3347">
     <span class='ocr_line' id='line_1_69' title="bbox 2212 3270 3795 3347; baseline 0.003 -21"><span class='ocrx_word' id='word_1_501' title='bbox 2212 3273 2303 3327; x_wconf 76' lang='grc' dir='ltr'><strong>τὸν</strong></span> <span class='ocrx_word' id='word_1_502' title='bbox 2335 3275 2570 3344; x_wconf 71' lang='grc' dir='ltr'>καρπὸν,</span> <span class='ocrx_word' id='word_1_503' title='bbox 2622 3273 2896 3344; x_wconf 80' lang='grc' dir='ltr'>τρυγητδς</span> <span class='ocrx_word' id='word_1_504' title='bbox 2936 3273 3047 3346; x_wconf 77' lang='grc' dir='ltr'><strong>γὰρ</strong></span> <span class='ocrx_word' id='word_1_505' title='bbox 3094 3270 3184 3347; x_wconf 78' lang='grc' dir='ltr'>ἦν.</span> <span class='ocrx_word' id='word_1_506' title='bbox 3215 3275 3352 3331; x_wconf 81' lang='grc' dir='ltr'><strong>Οὐδὲ</strong></span> <span class='ocrx_word' id='word_1_507' title='bbox 3395 3274 3571 3330; x_wconf 87' lang='grc' dir='ltr'>ταῦτα</span> <span class='ocrx_word' id='word_1_508' title='bbox 3606 3275 3795 3345; x_wconf 84' lang='grc' dir='ltr'>ἐπεῖχε</span> 
     </span>
    </p>
   </div>
   <div class='ocr_carea' id='block_1_70' title="bbox 2211 3365 3798 3437">
    <p class='ocr_par' dir='ltr' id='par_1_70' title="bbox 2211 3365 3798 3437">
     <span class='ocr_line' id='line_1_70' title="bbox 2211 3365 3798 3437; baseline 0.001 -17"><span class='ocrx_word' id='word_1_509' title='bbox 2211 3366 2311 3436; x_wconf 84' lang='grc' dir='ltr'>τὴν</span> <span class='ocrx_word' id='word_1_510' title='bbox 2339 3366 2435 3420; x_wconf 84' lang='grc' dir='ltr'><strong>τοῦ</strong></span> <span class='ocrx_word' id='word_1_511' title='bbox 2463 3365 2943 3437; x_wconf 81' lang='grc' dir='ltr'>παραφρονοῦντος</span> <span class='ocrx_word' id='word_1_512' title='bbox 2967 3366 3284 3422; x_wconf 84' lang='grc' dir='ltr'>ἀσυνεσίαν·</span> <span class='ocrx_word' id='word_1_513' title='bbox 3315 3366 3456 3422; x_wconf 88' lang='grc' dir='ltr'><strong>ἀλλά</strong></span> <span class='ocrx_word' id='word_1_514' title='bbox 3495 3368 3586 3422; x_wconf 73' lang='grc' dir='ltr'>καὶ</span> <span class='ocrx_word' id='word_1_515' title='bbox 3625 3369 3798 3437; x_wconf 81' lang='grc' dir='ltr'>ἐγγὺς</span> 
     </span>
    </p>
   </div>
   <div class='ocr_carea' id='block_1_71' title="bbox 2212 3457 3798 3529">
    <p class='ocr_par' dir='ltr' id='par_1_71' title="bbox 2212 3457 3798 3529">
     <span class='ocr_line' id='line_1_71' title="bbox 2212 3457 3798 3529; baseline 0 -15"><span class='ocrx_word' id='word_1_516' title='bbox 2212 3460 2419 3521; x_wconf 75' lang='grc' dir='ltr'>ἐκεῖνος</span> <span class='ocrx_word' id='word_1_517' title='bbox 2444 3457 2537 3512; x_wconf 88' lang='grc' dir='ltr'><strong>τοῦ</strong></span> <span class='ocrx_word' id='word_1_518' title='bbox 2567 3457 2865 3512; x_wconf 84' lang='grc' dir='ltr'>ἀπολέσθαι</span> <span class='ocrx_word' id='word_1_519' title='bbox 2906 3457 3222 3529; x_wconf 86' lang='grc' dir='ltr'>γενόμενος,</span> <span class='ocrx_word' id='word_1_520' title='bbox 3269 3459 3392 3514; x_wconf 80' lang='grc' dir='ltr'>οὐδὲ</span> <span class='ocrx_word' id='word_1_521' title='bbox 3423 3459 3596 3523; x_wconf 79' lang='grc' dir='ltr'>οὕτως</span> <span class='ocrx_word' id='word_1_522' title='bbox 3625 3459 3798 3529; x_wconf 81' lang='grc' dir='ltr'>ἐμάν-</span> 
     </span>
    </p>
   </div>
   <div class='ocr_carea' id='block_1_72' title="bbox 2214 3550 3798 3624">
    <p class='ocr_par' dir='ltr' id='par_1_72' title="bbox 2214 3550 3798 3624">
     <span class='ocr_line' id='line_1_72' title="bbox 2214 3550 3798 3624; baseline 0 -18"><span class='ocrx_word' id='word_1_523' title='bbox 2214 3552 2346 3608; x_wconf 87' lang='grc' dir='ltr'>θανε</span> <span class='ocrx_word' id='word_1_524' title='bbox 2395 3554 2718 3622; x_wconf 85' lang='grc' dir='ltr'>σωφρονεῖν,</span> <span class='ocrx_word' id='word_1_525' title='bbox 2765 3551 2876 3605; x_wconf 78' lang='grc' dir='ltr'>οὐδ’</span> <span class='ocrx_word' id='word_1_526' title='bbox 2933 3551 3058 3606; x_wconf 81' lang='grc' dir='ltr'>ὅσον</span> <span class='ocrx_word' id='word_1_527' title='bbox 3127 3550 3379 3606; x_wconf 73' lang='grc' dir='ltr'>ἐπλούτει</span> <span class='ocrx_word' id='word_1_528' title='bbox 3435 3552 3637 3624; x_wconf 79' lang='grc' dir='ltr'>Δανιὴλ</span> <span class='ocrx_word' id='word_1_529' title='bbox 3694 3555 3798 3623; x_wconf 82' lang='grc' dir='ltr'>τὴν</span> 
     </span>
    </p>
   </div>
   <div class='ocr_carea' id='block_1_73' title="bbox 2214 3643 3798 3717">
    <p class='ocr_par' dir='ltr' id='par_1_73' title="bbox 2214 3643 3798 3717">
     <span class='ocr_line' id='line_1_73' title="bbox 2214 3643 3798 3717; baseline -0.001 -17"><span class='ocrx_word' id='word_1_530' title='bbox 2214 3646 2422 3701; x_wconf 79' lang='grc' dir='ltr'>ἀνωθεν</span> <span class='ocrx_word' id='word_1_531' title='bbox 2473 3645 2636 3717; x_wconf 87' lang='grc' dir='ltr'>χάριν</span> <span class='ocrx_word' id='word_1_532' title='bbox 2673 3643 2830 3715; x_wconf 72' lang='grc' dir='ltr'>ἠξίου</span> <span class='ocrx_word' id='word_1_533' title='bbox 2882 3645 3111 3716; x_wconf 75' lang='grc' dir='ltr'>μαθεῖν’</span> <span class='ocrx_word' id='word_1_534' title='bbox 3165 3645 3302 3699; x_wconf 87' lang='grc' dir='ltr'><strong>ἀλλά</strong></span> <span class='ocrx_word' id='word_1_535' title='bbox 3354 3647 3660 3701; x_wconf 72' lang='grc' dir='ltr'>πνευπιῶν</span> <span class='ocrx_word' id='word_1_536' title='bbox 3703 3646 3798 3700; x_wconf 82' lang='grc' dir='ltr'>καὶ</span> 
     </span>
    </p>
   </div>
   <div class='ocr_carea' id='block_1_74' title="bbox 2213 3737 3794 3811">
    <p class='ocr_par' dir='ltr' id='par_1_74' title="bbox 2213 3737 3794 3811">
     <span class='ocr_line' id='line_1_74' title="bbox 2213 3737 3794 3811; baseline 0.001 -20"><span class='ocrx_word' id='word_1_537' title='bbox 2213 3737 2501 3808; x_wconf 80' lang='grc' dir='ltr'>διάϐροχος</span> <span class='ocrx_word' id='word_1_538' title='bbox 2534 3738 2632 3791; x_wconf 80' lang='grc' dir='ltr'>σὺν</span> <span class='ocrx_word' id='word_1_539' title='bbox 2654 3739 2766 3801; x_wconf 83' lang='grc' dir='ltr'>τοῖς</span> <span class='ocrx_word' id='word_1_540' title='bbox 2795 3738 2933 3806; x_wconf 83' lang='grc' dir='ltr'>ἀμφ’</span> <span class='ocrx_word' id='word_1_541' title='bbox 2969 3737 3132 3791; x_wconf 81' lang='grc' dir='ltr'>αὐτὸν</span> <span class='ocrx_word' id='word_1_542' title='bbox 3176 3739 3422 3793; x_wconf 86' lang='grc' dir='ltr'>ἐπελθὼν</span> <span class='ocrx_word' id='word_1_543' title='bbox 3467 3742 3794 3811; x_wconf 74' lang='grc' dir='ltr'>ἠγανάκτει,</span> 
     </span>
    </p>
   </div>
   <div class='ocr_carea' id='block_1_75' title="bbox 2217 3827 3686 3902">
    <p class='ocr_par' dir='ltr' id='par_1_75' title="bbox 2217 3827 3686 3902">
     <span class='ocr_line' id='line_1_75' title="bbox 2217 3827 3686 3902; baseline 0.002 -19"><span class='ocrx_word' id='word_1_544' title='bbox 2217 3828 2505 3898; x_wconf 81' lang='grc' dir='ltr'>διηπείλει,</span> <span class='ocrx_word' id='word_1_545' title='bbox 2531 3827 2682 3894; x_wconf 81' lang='grc' dir='ltr'>ἐϐόα,</span> <span class='ocrx_word' id='word_1_546' title='bbox 2717 3830 3070 3898; x_wconf 81' lang='grc' dir='ltr'>κατενεγκεῖν</span> <span class='ocrx_word' id='word_1_547' title='bbox 3098 3830 3188 3883; x_wconf 76' lang='grc' dir='ltr'>τὸν</span> <span class='ocrx_word' id='word_1_548' title='bbox 3221 3832 3365 3885; x_wconf 87' lang='grc' dir='ltr'>ὅσιον</span> <span class='ocrx_word' id='word_1_549' title='bbox 3392 3833 3686 3902; x_wconf 73' lang='grc' dir='ltr'>ἐπεχείρει.</span> 
     </span>
    </p>
   </div>
   <div class='ocr_carea' id='block_1_76' title="bbox 510 3924 3792 3999">
    <p class='ocr_par' dir='ltr' id='par_1_76' title="bbox 510 3924 3792 3999">
     <span class='ocr_line' id='line_1_76' title="bbox 510 3924 3792 3999; baseline 0.001 -19"><span class='ocrx_word' id='word_1_550' title='bbox 510 3925 619 3980; x_wconf 86' lang='lat' dir='ltr'><strong>Sed</strong></span> <span class='ocrx_word' id='word_1_551' title='bbox 669 3924 960 3988; x_wconf 86' lang='lat' dir='ltr'><strong>anhelans,</strong></span> <span class='ocrx_word' id='word_1_552' title='bbox 1008 3935 1064 3980; x_wconf 89' lang='lat' dir='ltr'><strong>et</strong></span> <span class='ocrx_word' id='word_1_553' title='bbox 1110 3925 1472 3986; x_wconf 79' lang='lat' dir='ltr'><strong>madefactus,</strong></span> <span class='ocrx_word' id='word_1_554' title='bbox 1529 3940 1654 3980; x_wconf 90' lang='lat' dir='ltr'><strong>cum</strong></span> <span class='ocrx_word' id='word_1_555' title='bbox 1714 3926 1783 3980; x_wconf 90' lang='lat' dir='ltr'><strong>iis</strong></span> <span class='ocrx_word' id='word_1_556' title='bbox 1827 3926 1924 3996; x_wconf 91' lang='lat' dir='ltr'><strong>qui</strong></span> <span class='ocrx_word' id='word_1_557' title='bbox 1970 3926 2118 3982; x_wconf 88' lang='lat' dir='ltr'><strong>circa</strong></span> <span class='ocrx_word' id='word_1_558' title='bbox 2157 3943 2280 3982; x_wconf 85' lang='lat' dir='ltr'><strong>eum</strong></span> <span class='ocrx_word' id='word_1_559' title='bbox 2328 3937 2510 3995; x_wconf 85' lang='lat' dir='ltr'><strong>erant,</strong></span> <span class='ocrx_word' id='word_1_560' title='bbox 2563 3941 2872 3999; x_wconf 77' lang='lat' dir='ltr'><strong>aggressus,</strong></span> <span class='ocrx_word' id='word_1_561' title='bbox 2960 3926 3374 3999; x_wconf 74' lang='lat' dir='ltr'><strong>indignabatur,</strong></span> <span class='ocrx_word' id='word_1_562' title='bbox 3456 3929 3792 3996; x_wconf 86' lang='lat' dir='ltr'><strong>minabatur,</strong></span> 
     </span>
    </p>
   </div>
   <div class='ocr_carea' id='block_1_77' title="bbox 507 4017 1904 4090">
    <p class='ocr_par' dir='ltr' id='par_1_77' title="bbox 507 4017 1904 4090">
     <span class='ocr_line' id='line_1_77' title="bbox 507 4017 1904 4090; baseline 0 -17"><span class='ocrx_word' id='word_1_563' title='bbox 507 4017 800 4084; x_wconf 83' lang='lat' dir='ltr'><strong>clamabat,</strong></span> <span class='ocrx_word' id='word_1_564' title='bbox 821 4025 879 4074; x_wconf 92' lang='lat' dir='ltr'><strong>et</strong></span> <span class='ocrx_word' id='word_1_565' title='bbox 905 4017 1142 4089; x_wconf 87' lang='lat' dir='ltr'><strong>dejicere</strong></span> <span class='ocrx_word' id='word_1_566' title='bbox 1169 4027 1424 4074; x_wconf 90' lang='lat' dir='ltr'><strong>sanctum</strong></span> <span class='ocrx_word' id='word_1_567' title='bbox 1463 4018 1904 4090; x_wconf 80' lang='lat' dir='ltr'><strong>aggrediebatur.</strong></span> 
     </span>
    </p>
   </div>
   <div class='ocr_carea' id='block_1_78' title="bbox 579 4162 2106 4236">
    <p class='ocr_par' dir='ltr' id='par_1_78' title="bbox 579 4162 2106 4236">
     <span class='ocr_line' id='line_1_78' title="bbox 579 4162 2106 4236; baseline 0.002 -18"><span class='ocrx_word' id='word_1_568' title='bbox 579 4164 767 4219; x_wconf 79' lang='lat' dir='ltr'><strong>XVIII.</strong></span> <span class='ocrx_word' id='word_1_569' title='bbox 845 4162 954 4218; x_wconf 90' lang='lat' dir='ltr'><strong>Sed</strong></span> <span class='ocrx_word' id='word_1_570' title='bbox 987 4173 1279 4233; x_wconf 85' lang='lat' dir='ltr'><strong>postquam</strong></span> <span class='ocrx_word' id='word_1_571' title='bbox 1306 4164 1402 4234; x_wconf 92' lang='lat' dir='ltr'><strong>qui</strong></span> <span class='ocrx_word' id='word_1_572' title='bbox 1437 4179 1561 4218; x_wconf 92' lang='lat' dir='ltr'><strong>cum</strong></span> <span class='ocrx_word' id='word_1_573' title='bbox 1590 4179 1656 4220; x_wconf 93' lang='lat' dir='ltr'><strong>eo</strong></span> <span class='ocrx_word' id='word_1_574' title='bbox 1682 4173 1865 4230; x_wconf 89' lang='lat' dir='ltr'><strong>erant,</strong></span> <span class='ocrx_word' id='word_1_575' title='bbox 1907 4163 1958 4220; x_wconf 91' lang='lat' dir='ltr'><strong>ei</strong></span> <span class='ocrx_word' id='word_1_576' title='bbox 1984 4181 2106 4236; x_wconf 67' lang='lat' dir='ltr'><strong>quae</strong></span> 
     </span>
    </p>
   </div>
   <div class='ocr_carea' id='block_1_79' title="bbox 505 4256 2104 4327">
    <p class='ocr_par' dir='ltr' id='par_1_79' title="bbox 505 4256 2104 4327">
     <span class='ocr_line' id='line_1_79' title="bbox 505 4256 2104 4327; baseline 0.001 -16"><span class='ocrx_word' id='word_1_577' title='bbox 505 4265 664 4312; x_wconf 87' lang='lat' dir='ltr'><strong>erant</strong></span> <span class='ocrx_word' id='word_1_578' title='bbox 694 4257 919 4326; x_wconf 88' lang='lat' dir='ltr'><strong>optima,</strong></span> <span class='ocrx_word' id='word_1_579' title='bbox 951 4264 1362 4327; x_wconf 84' lang='lat' dir='ltr'><strong>suggesserunt,</strong></span> <span class='ocrx_word' id='word_1_580' title='bbox 1395 4256 1642 4312; x_wconf 87' lang='lat' dir='ltr'><strong>dicentes</strong></span> <span class='ocrx_word' id='word_1_581' title='bbox 1691 4272 1794 4312; x_wconf 90' lang='lat' dir='ltr'><strong>nec</strong></span> <span class='ocrx_word' id='word_1_582' title='bbox 1831 4273 1952 4313; x_wconf 91' lang='lat' dir='ltr'><strong>esse</strong></span> <span class='ocrx_word' id='word_1_583' title='bbox 2009 4273 2104 4313; x_wconf 87' lang='lat' dir='ltr'><strong>co-</strong></span> 
     </span>
    </p>
   </div>
   <div class='ocr_carea' id='block_1_80' title="bbox 508 4349 2104 4420">
    <p class='ocr_par' dir='ltr' id='par_1_80' title="bbox 508 4349 2104 4420">
     <span class='ocr_line' id='line_1_80' title="bbox 508 4349 2104 4420; baseline 0.002 -18"><span class='ocrx_word' id='word_1_584' title='bbox 508 4349 750 4402; x_wconf 90' lang='lat' dir='ltr'><strong>lumnam</strong></span> <span class='ocrx_word' id='word_1_585' title='bbox 786 4363 919 4418; x_wconf 82' lang='lat' dir='ltr'><strong>agro</strong></span> <span class='ocrx_word' id='word_1_586' title='bbox 964 4349 1352 4420; x_wconf 86' lang='lat' dir='ltr'><strong>propinquam,</strong></span> <span class='ocrx_word' id='word_1_587' title='bbox 1385 4359 1438 4404; x_wconf 87' lang='lat' dir='ltr'><strong>et</strong></span> <span class='ocrx_word' id='word_1_588' title='bbox 1475 4349 1607 4404; x_wconf 85' lang='lat' dir='ltr'><strong>hinc</strong></span> <span class='ocrx_word' id='word_1_589' title='bbox 1634 4350 1683 4406; x_wconf 90' lang='lat' dir='ltr'><strong>ei</strong></span> <span class='ocrx_word' id='word_1_590' title='bbox 1717 4349 1922 4405; x_wconf 86' lang='lat' dir='ltr'><strong>nullam</strong></span> <span class='ocrx_word' id='word_1_591' title='bbox 1954 4351 2104 4406; x_wconf 84' lang='lat' dir='ltr'><strong>futu-</strong></span> 
     </span>
    </p>
   </div>
   <div class='ocr_carea' id='block_1_81' title="bbox 2284 4161 3795 4233">
    <p class='ocr_par' dir='ltr' id='par_1_81' title="bbox 2284 4161 3795 4233">
     <span class='ocr_line' id='line_1_81' title="bbox 2284 4161 3795 4233; baseline -0.001 -13"><span class='ocrx_word' id='word_1_592' title='bbox 2284 4166 2384 4221; x_wconf 87' lang='lat' dir='ltr'><strong>IZ&#39;.</strong></span> <span class='ocrx_word' id='word_1_593' title='bbox 2439 4163 2592 4218; x_wconf 71' lang='grc' dir='ltr'>Ἐπεὶ</span> <span class='ocrx_word' id='word_1_594' title='bbox 2621 4163 2679 4216; x_wconf 82' lang='grc' dir='ltr'>δὲ</span> <span class='ocrx_word' id='word_1_595' title='bbox 2699 4163 2748 4216; x_wconf 79' lang='lat' dir='ltr'><strong>oi</strong></span> <span class='ocrx_word' id='word_1_596' title='bbox 2784 4163 3038 4226; x_wconf 84' lang='grc' dir='ltr'>συνόντες</span> <span class='ocrx_word' id='word_1_597' title='bbox 3069 4161 3137 4215; x_wconf 79' lang='grc' dir='ltr'><strong>τὰ</strong></span> <span class='ocrx_word' id='word_1_598' title='bbox 3170 4162 3424 4232; x_wconf 85' lang='grc' dir='ltr'>βέλτιστα</span> <span class='ocrx_word' id='word_1_599' title='bbox 3451 4164 3795 4233; x_wconf 82' lang='grc' dir='ltr'>είσηγοῦντο,</span> 
     </span>
    </p>
   </div>
   <div class='ocr_carea' id='block_1_82' title="bbox 2211 4253 3794 4324">
    <p class='ocr_par' dir='ltr' id='par_1_82' title="bbox 2211 4253 3794 4324">
     <span class='ocr_line' id='line_1_82' title="bbox 2211 4253 3794 4324; baseline -0.001 -13"><span class='ocrx_word' id='word_1_600' title='bbox 2211 4257 2286 4321; x_wconf 85' lang='grc' dir='ltr'>ὡς</span> <span class='ocrx_word' id='word_1_601' title='bbox 2314 4256 2437 4311; x_wconf 78' lang='grc' dir='ltr'>οὔτε</span> <span class='ocrx_word' id='word_1_602' title='bbox 2468 4258 2496 4310; x_wconf 94' lang='lat'><strong>6</strong></span> <span class='ocrx_word' id='word_1_603' title='bbox 2518 4256 2651 4310; x_wconf 82' lang='grc' dir='ltr'>κίων</span> <span class='ocrx_word' id='word_1_604' title='bbox 2684 4256 2914 4324; x_wconf 76' lang='grc' dir='ltr'>ἔγγιστα</span> <span class='ocrx_word' id='word_1_605' title='bbox 2943 4253 3038 4308; x_wconf 91' lang='grc' dir='ltr'><strong>τοῦ</strong></span> <span class='ocrx_word' id='word_1_606' title='bbox 3080 4254 3271 4323; x_wconf 80' lang='grc' dir='ltr'>ἀγροῦ,</span> <span class='ocrx_word' id='word_1_607' title='bbox 3307 4255 3576 4324; x_wconf 86' lang='grc' dir='ltr'>λέγοντες,</span> <span class='ocrx_word' id='word_1_608' title='bbox 3613 4256 3794 4310; x_wconf 81' lang='grc' dir='ltr'>ἐντεῦ-</span> 
     </span>
    </p>
   </div>
   <div class='ocr_carea' id='block_1_83' title="bbox 2209 4345 3793 4419">
    <p class='ocr_par' dir='ltr' id='par_1_83' title="bbox 2209 4345 3793 4419">
     <span class='ocr_line' id='line_1_83' title="bbox 2209 4345 3793 4419; baseline 0 -17"><span class='ocrx_word' id='word_1_609' title='bbox 2209 4349 2302 4402; x_wconf 86' lang='grc' dir='ltr'><strong>θέν</strong></span> <span class='ocrx_word' id='word_1_610' title='bbox 2351 4365 2410 4402; x_wconf 88' lang='grc' dir='ltr'><strong>τε</strong></span> <span class='ocrx_word' id='word_1_611' title='bbox 2461 4346 2582 4400; x_wconf 76' lang='grc' dir='ltr'>οὐδὲ</span> <span class='ocrx_word' id='word_1_612' title='bbox 2638 4347 2766 4417; x_wconf 87' lang='grc' dir='ltr'>μίαν</span> <span class='ocrx_word' id='word_1_613' title='bbox 2811 4345 3033 4416; x_wconf 76' lang='grc' dir='ltr'>θχλησιν</span> <span class='ocrx_word' id='word_1_614' title='bbox 3065 4345 3196 4412; x_wconf 80' lang='grc' dir='ltr'>ἕξει,</span> <span class='ocrx_word' id='word_1_615' title='bbox 3225 4346 3309 4399; x_wconf 87' lang='grc' dir='ltr'>ὅτι</span> <span class='ocrx_word' id='word_1_616' title='bbox 3360 4346 3435 4419; x_wconf 76' lang='grc' dir='ltr'>μὴ</span> <span class='ocrx_word' id='word_1_617' title='bbox 3480 4349 3568 4400; x_wconf 67' lang='grc' dir='ltr'>καὶ</span> <span class='ocrx_word' id='word_1_618' title='bbox 3617 4348 3793 4418; x_wconf 80' lang='grc' dir='ltr'>εὐχῶν</span> 
     </span>
    </p>
   </div>
   <div class='ocr_carea' id='block_1_84' title="bbox 507 4437 2105 4541">
    <p class='ocr_par' dir='ltr' id='par_1_84' title="bbox 507 4440 2103 4512">
     <span class='ocr_line' id='line_1_84' title="bbox 507 4440 2103 4512; baseline 0.004 -20"><span class='ocrx_word' id='word_1_619' title='bbox 507 4456 622 4493; x_wconf 91' lang='lat' dir='ltr'><strong>ram</strong></span> <span class='ocrx_word' id='word_1_620' title='bbox 670 4440 1004 4506; x_wconf 89' lang='lat' dir='ltr'><strong>molestiam;</strong></span> <span class='ocrx_word' id='word_1_621' title='bbox 1049 4441 1160 4494; x_wconf 89' lang='lat' dir='ltr'><strong>imo</strong></span> <span class='ocrx_word' id='word_1_622' title='bbox 1197 4455 1329 4496; x_wconf 88' lang='lat' dir='ltr'><strong>vero</strong></span> <span class='ocrx_word' id='word_1_623' title='bbox 1363 4456 1491 4496; x_wconf 91' lang='lat' dir='ltr'><strong>eum</strong></span> <span class='ocrx_word' id='word_1_624' title='bbox 1524 4451 1915 4512; x_wconf 90' lang='lat' dir='ltr'><strong>pereepturum</strong></span> <span class='ocrx_word' id='word_1_625' title='bbox 1954 4441 2103 4498; x_wconf 88' lang='lat' dir='ltr'><strong>lruc-</strong></span> 
     </span>
    </p>
   </div>
   <div class='ocr_carea' id='block_1_85' title="bbox 2209 4437 3794 4541">
    <p class='ocr_par' dir='ltr' id='par_1_85' title="bbox 2211 4437 3794 4512">
     <span class='ocr_line' id='line_1_85' title="bbox 2211 4437 3794 4512; baseline -0.001 -18"><span class='ocrx_word' id='word_1_626' title='bbox 2211 4441 2412 4512; x_wconf 80' lang='grc' dir='ltr'>μᾶλλον</span> <span class='ocrx_word' id='word_1_627' title='bbox 2435 4439 2737 4494; x_wconf 83' lang='grc' dir='ltr'>ἀπολαύσει</span> <span class='ocrx_word' id='word_1_628' title='bbox 2772 4437 3006 4504; x_wconf 85' lang='grc' dir='ltr'>πολλῶν,</span> <span class='ocrx_word' id='word_1_629' title='bbox 3042 4438 3139 4491; x_wconf 72' lang='grc' dir='ltr'>καὶ</span> <span class='ocrx_word' id='word_1_630' title='bbox 3170 4437 3511 4508; x_wconf 84' lang='grc' dir='ltr'>λυσιτελήσει</span> <span class='ocrx_word' id='word_1_631' title='bbox 3545 4438 3694 4509; x_wconf 84' lang='grc' dir='ltr'>αύτῷ</span> <span class='ocrx_word' id='word_1_632' title='bbox 3726 4441 3794 4494; x_wconf 74' lang='grc' dir='ltr'>τὰ</span> 
     </span>
    </p>
   </div>
   <div class='ocr_carea' id='block_1_86' title="bbox 509 4532 2105 4600">
    <p class='ocr_par' dir='ltr' id='par_1_86' title="bbox 509 4532 2105 4600">
     <span class='ocr_line' id='line_1_86' title="bbox 509 4532 2105 4600; baseline 0.002 -13"><span class='ocrx_word' id='word_1_633' title='bbox 509 4542 626 4587; x_wconf 90' lang='lat' dir='ltr'><strong>tum</strong></span> <span class='ocrx_word' id='word_1_634' title='bbox 666 4532 967 4586; x_wconf 89' lang='lat' dir='ltr'><strong>multarum</strong></span> <span class='ocrx_word' id='word_1_635' title='bbox 999 4533 1334 4600; x_wconf 88' lang='lat' dir='ltr'><strong>orationum,</strong></span> <span class='ocrx_word' id='word_1_636' title='bbox 1360 4545 1417 4591; x_wconf 90' lang='lat' dir='ltr'><strong>et</strong></span> <span class='ocrx_word' id='word_1_637' title='bbox 1439 4536 1492 4591; x_wconf 91' lang='lat' dir='ltr'><strong>ei</strong></span> <span class='ocrx_word' id='word_1_638' title='bbox 1520 4534 1767 4591; x_wconf 81' lang='lat' dir='ltr'><strong>futurum</strong></span> <span class='ocrx_word' id='word_1_639' title='bbox 1799 4534 1960 4590; x_wconf 89' lang='lat' dir='ltr'><strong>valde</strong></span> <span class='ocrx_word' id='word_1_640' title='bbox 1997 4533 2105 4590; x_wconf 90' lang='lat' dir='ltr'><strong>uti-</strong></span> 
     </span>
    </p>
   </div>
   <div class='ocr_carea' id='block_1_87' title="bbox 505 4626 2106 4698">
    <p class='ocr_par' dir='ltr' id='par_1_87' title="bbox 505 4626 2106 4698">
     <span class='ocr_line' id='line_1_87' title="bbox 505 4626 2106 4698; baseline 0.001 -16"><span class='ocrx_word' id='word_1_641' title='bbox 505 4627 637 4693; x_wconf 91' lang='lat' dir='ltr'><strong>lem,</strong></span> <span class='ocrx_word' id='word_1_642' title='bbox 667 4641 792 4681; x_wconf 91' lang='lat' dir='ltr'><strong>cum</strong></span> <span class='ocrx_word' id='word_1_643' title='bbox 827 4628 898 4681; x_wconf 92' lang='lat' dir='ltr'><strong>sit</strong></span> <span class='ocrx_word' id='word_1_644' title='bbox 947 4626 1131 4682; x_wconf 91' lang='lat' dir='ltr'><strong>bonus</strong></span> <span class='ocrx_word' id='word_1_645' title='bbox 1175 4629 1412 4694; x_wconf 85' lang='lat' dir='ltr'><strong>vicinus;</strong></span> <span class='ocrx_word' id='word_1_646' title='bbox 1451 4637 1742 4698; x_wconf 91' lang='lat' dir='ltr'><strong>postquam</strong></span> <span class='ocrx_word' id='word_1_647' title='bbox 1793 4629 1912 4683; x_wconf 65' lang='lat' dir='ltr'><strong>haec</strong></span> <span class='ocrx_word' id='word_1_648' title='bbox 1951 4627 2106 4683; x_wconf 43' lang='lat' dir='ltr'><strong>dixe‘</strong></span> 
     </span>
    </p>
   </div>
   <div class='ocr_carea' id='block_1_88' title="bbox 505 4719 2107 4792">
    <p class='ocr_par' dir='ltr' id='par_1_88' title="bbox 505 4719 2107 4792">
     <span class='ocr_line' id='line_1_88' title="bbox 505 4719 2107 4792; baseline 0 -18"><span class='ocrx_word' id='word_1_649' title='bbox 505 4728 656 4787; x_wconf 86' lang='lat' dir='ltr'><strong>runt,</strong></span> <span class='ocrx_word' id='word_1_650' title='bbox 690 4729 1106 4792; x_wconf 87' lang='lat' dir='ltr'><strong>persuaserunt.</strong></span> <span class='ocrx_word' id='word_1_651' title='bbox 1145 4719 1209 4776; x_wconf 89' lang='lat' dir='ltr'><strong>Et</strong></span> <span class='ocrx_word' id='word_1_652' title='bbox 1246 4729 1378 4777; x_wconf 91' lang='lat' dir='ltr'><strong>tunc</strong></span> <span class='ocrx_word' id='word_1_653' title='bbox 1399 4719 1623 4791; x_wconf 90' lang='lat' dir='ltr'><strong>quidem</strong></span> <span class='ocrx_word' id='word_1_654' title='bbox 1663 4720 1824 4792; x_wconf 89' lang='lat' dir='ltr'><strong>jussit</strong></span> <span class='ocrx_word' id='word_1_655' title='bbox 1876 4719 2107 4775; x_wconf 90' lang='lat' dir='ltr'><strong>descen-</strong></span> 
     </span>
    </p>
   </div>
   <div class='ocr_carea' id='block_1_89' title="bbox 505 4809 2103 4883">
    <p class='ocr_par' dir='ltr' id='par_1_89' title="bbox 505 4809 2103 4883">
     <span class='ocr_line' id='line_1_89' title="bbox 505 4809 2103 4883; baseline 0.001 -17"><span class='ocrx_word' id='word_1_656' title='bbox 505 4809 660 4875; x_wconf 90' lang='lat' dir='ltr'><strong>dere,</strong></span> <span class='ocrx_word' id='word_1_657' title='bbox 714 4811 946 4880; x_wconf 91' lang='lat' dir='ltr'><strong>pudore,</strong></span> <span class='ocrx_word' id='word_1_658' title='bbox 998 4821 1058 4866; x_wconf 90' lang='lat' dir='ltr'><strong>ut</strong></span> <span class='ocrx_word' id='word_1_659' title='bbox 1097 4812 1360 4878; x_wconf 89' lang='lat' dir='ltr'><strong>arbitror,</strong></span> <span class='ocrx_word' id='word_1_660' title='bbox 1400 4820 1586 4866; x_wconf 90' lang='lat' dir='ltr'><strong>motus</strong></span> <span class='ocrx_word' id='word_1_661' title='bbox 1624 4821 1846 4881; x_wconf 89' lang='lat' dir='ltr'><strong>propter</strong></span> <span class='ocrx_word' id='word_1_662' title='bbox 1880 4826 1977 4867; x_wconf 89' lang='lat' dir='ltr'><strong>eos</strong></span> <span class='ocrx_word' id='word_1_663' title='bbox 2008 4811 2103 4883; x_wconf 91' lang='lat' dir='ltr'><strong>qui</strong></span> 
     </span>
    </p>
   </div>
   <div class='ocr_carea' id='block_1_90' title="bbox 506 4902 2105 4974">
    <p class='ocr_par' dir='ltr' id='par_1_90' title="bbox 506 4902 2105 4974">
     <span class='ocr_line' id='line_1_90' title="bbox 506 4902 2105 4974; baseline 0.002 -18"><span class='ocrx_word' id='word_1_664' title='bbox 506 4902 762 4969; x_wconf 88' lang='lat' dir='ltr'><strong>aderant,</strong></span> <span class='ocrx_word' id='word_1_665' title='bbox 819 4919 887 4957; x_wconf 91' lang='lat' dir='ltr'><strong>ne</strong></span> <span class='ocrx_word' id='word_1_666' title='bbox 915 4903 1203 4959; x_wconf 84' lang='lat' dir='ltr'><strong>videretur</strong></span> <span class='ocrx_word' id='word_1_667' title='bbox 1251 4903 1461 4959; x_wconf 85' lang='lat' dir='ltr'><strong>lrustra</strong></span> <span class='ocrx_word' id='word_1_668' title='bbox 1505 4902 1747 4972; x_wconf 89' lang='lat' dir='ltr'><strong>venisse;</strong></span> <span class='ocrx_word' id='word_1_669' title='bbox 1782 4914 1978 4974; x_wconf 82' lang='lat' dir='ltr'><strong>postea</strong></span> <span class='ocrx_word' id='word_1_670' title='bbox 2005 4919 2105 4959; x_wconf 87' lang='lat' dir='ltr'><strong>au-</strong></span> 
     </span>
    </p>
   </div>
   <div class='ocr_carea' id='block_1_91' title="bbox 510 4995 2106 5064">
    <p class='ocr_par' dir='ltr' id='par_1_91' title="bbox 510 4995 2106 5064">
     <span class='ocr_line' id='line_1_91' title="bbox 510 4995 2106 5064; baseline 0.001 -16"><span class='ocrx_word' id='word_1_671' title='bbox 510 5003 620 5049; x_wconf 88' lang='lat' dir='ltr'><strong>tem</strong></span> <span class='ocrx_word' id='word_1_672' title='bbox 651 4995 702 5049; x_wconf 92' lang='lat' dir='ltr'><strong>ei</strong></span> <span class='ocrx_word' id='word_1_673' title='bbox 741 5009 936 5049; x_wconf 85' lang='lat' dir='ltr'><strong>rursus</strong></span> <span class='ocrx_word' id='word_1_674' title='bbox 974 4995 1340 5064; x_wconf 90' lang='lat' dir='ltr'><strong>pollicebatur</strong></span> <span class='ocrx_word' id='word_1_675' title='bbox 1383 5009 1696 5063; x_wconf 83' lang='lat' dir='ltr'><strong>ascensum,</strong></span> <span class='ocrx_word' id='word_1_676' title='bbox 1725 5004 1781 5050; x_wconf 89' lang='lat' dir='ltr'><strong>et</strong></span> <span class='ocrx_word' id='word_1_677' title='bbox 1827 5011 1953 5052; x_wconf 85' lang='lat' dir='ltr'><strong>cum</strong></span> <span class='ocrx_word' id='word_1_678' title='bbox 1981 5012 2106 5052; x_wconf 85' lang='lat' dir='ltr'><strong>rur-</strong></span> 
     </span>
    </p>
   </div>
   <div class='ocr_carea' id='block_1_92' title="bbox 501 5085 2100 5155">
    <p class='ocr_par' dir='ltr' id='par_1_92' title="bbox 501 5085 2100 5155">
     <span class='ocr_line' id='line_1_92' title="bbox 501 5085 2100 5155; baseline 0.002 -15"><span class='ocrx_word' id='word_1_679' title='bbox 501 5100 597 5140; x_wconf 90' lang='lat' dir='ltr'><strong>sus</strong></span> <span class='ocrx_word' id='word_1_680' title='bbox 658 5085 1023 5149; x_wconf 89' lang='lat' dir='ltr'><strong>ascendisset,</strong></span> <span class='ocrx_word' id='word_1_681' title='bbox 1083 5093 1350 5155; x_wconf 87' lang='lat' dir='ltr'><strong>quantum</strong></span> <span class='ocrx_word' id='word_1_682' title='bbox 1406 5086 1697 5151; x_wconf 83' lang='lat' dir='ltr'><strong>voluisset,</strong></span> <span class='ocrx_word' id='word_1_683' title='bbox 1753 5103 2100 5143; x_wconf 91' lang='lat' dir='ltr'><strong>mansurum.</strong></span> 
     </span>
    </p>
   </div>
   <div class='ocr_carea' id='block_1_93' title="bbox 497 5177 2102 5245">
    <p class='ocr_par' dir='ltr' id='par_1_93' title="bbox 497 5177 2102 5245">
     <span class='ocr_line' id='line_1_93' title="bbox 497 5177 2102 5245; baseline 0.005 -13"><span class='ocrx_word' id='word_1_684' title='bbox 497 5177 638 5232; x_wconf 87' lang='lat' dir='ltr'><strong>Cum</strong></span> <span class='ocrx_word' id='word_1_685' title='bbox 695 5191 902 5243; x_wconf 86' lang='lat' dir='ltr'><strong>autem,</strong></span> <span class='ocrx_word' id='word_1_686' title='bbox 930 5180 1203 5234; x_wconf 74' lang='lat' dir='ltr'><strong>columnae</strong></span> <span class='ocrx_word' id='word_1_687' title='bbox 1243 5180 1484 5236; x_wconf 87' lang='lat' dir='ltr'><strong>admotis</strong></span> <span class='ocrx_word' id='word_1_688' title='bbox 1531 5180 1716 5245; x_wconf 90' lang='lat' dir='ltr'><strong>scalis,</strong></span> <span class='ocrx_word' id='word_1_689' title='bbox 1747 5192 1970 5239; x_wconf 86' lang='lat' dir='ltr'><strong>sanctus</strong></span> <span class='ocrx_word' id='word_1_690' title='bbox 2004 5185 2102 5240; x_wconf 89' lang='lat' dir='ltr'><strong>dc-</strong></span> 
     </span>
    </p>
   </div>
   <div class='ocr_carea' id='block_1_94' title="bbox 498 5271 2100 5347">
    <p class='ocr_par' dir='ltr' id='par_1_94' title="bbox 498 5271 2100 5347">
     <span class='ocr_line' id='line_1_94' title="bbox 498 5271 2100 5347; baseline 0.004 -22"><span class='ocrx_word' id='word_1_691' title='bbox 498 5272 810 5336; x_wconf 89' lang='lat' dir='ltr'><strong>scenderet,</strong></span> <span class='ocrx_word' id='word_1_692' title='bbox 855 5278 911 5326; x_wconf 89' lang='lat' dir='ltr'><strong>et</strong></span> <span class='ocrx_word' id='word_1_693' title='bbox 947 5271 1058 5342; x_wconf 88' lang='lat' dir='ltr'><strong>jam</strong></span> <span class='ocrx_word' id='word_1_694' title='bbox 1109 5271 1165 5324; x_wconf 86' lang='lat' dir='ltr'><strong>in</strong></span> <span class='ocrx_word' id='word_1_695' title='bbox 1218 5280 1373 5327; x_wconf 78' lang='lat' dir='ltr'><strong>sexto</strong></span> <span class='ocrx_word' id='word_1_696' title='bbox 1419 5273 1590 5344; x_wconf 88' lang='lat' dir='ltr'><strong>gradu</strong></span> <span class='ocrx_word' id='word_1_697' title='bbox 1638 5275 1833 5344; x_wconf 90' lang='lat' dir='ltr'><strong>pedem</strong></span> <span class='ocrx_word' id='word_1_698' title='bbox 1888 5277 2100 5347; x_wconf 79' lang='lat' dir='ltr'><strong>ﬁgeret,</strong></span> 
     </span>
    </p>
   </div>
   <div class='ocr_carea' id='block_1_95' title="bbox 498 5360 2101 5435">
    <p class='ocr_par' dir='ltr' id='par_1_95' title="bbox 498 5360 2101 5435">
     <span class='ocr_line' id='line_1_95' title="bbox 498 5360 2101 5435; baseline 0.004 -20"><span class='ocrx_word' id='word_1_699' title='bbox 498 5376 628 5415; x_wconf 90' lang='lat' dir='ltr'><strong>eum</strong></span> <span class='ocrx_word' id='word_1_700' title='bbox 651 5360 745 5432; x_wconf 93' lang='lat' dir='ltr'><strong>qui</strong></span> <span class='ocrx_word' id='word_1_701' title='bbox 787 5368 906 5415; x_wconf 88' lang='lat' dir='ltr'><strong>erat</strong></span> <span class='ocrx_word' id='word_1_702' title='bbox 950 5360 1289 5428; x_wconf 80' lang='lat' dir='ltr'><strong>inﬂexibilis,</strong></span> <span class='ocrx_word' id='word_1_703' title='bbox 1344 5365 1493 5435; x_wconf 85' lang='lat' dir='ltr'><strong>cepit</strong></span> <span class='ocrx_word' id='word_1_704' title='bbox 1536 5364 1936 5433; x_wconf 88' lang='lat' dir='ltr'><strong>misericordia,</strong></span> <span class='ocrx_word' id='word_1_705' title='bbox 1967 5367 2101 5423; x_wconf 87' lang='lat' dir='ltr'><strong>dum</strong></span> 
     </span>
    </p>
   </div>
   <div class='ocr_carea' id='block_1_96' title="bbox 500 5450 2103 5528">
    <p class='ocr_par' dir='ltr' id='par_1_96' title="bbox 500 5450 2103 5528">
     <span class='ocr_line' id='line_1_96' title="bbox 500 5450 2103 5528; baseline 0.003 -21"><span class='ocrx_word' id='word_1_706' title='bbox 500 5451 626 5507; x_wconf 90' lang='lat' dir='ltr'><strong>illos</strong></span> <span class='ocrx_word' id='word_1_707' title='bbox 672 5451 892 5507; x_wconf 88' lang='lat' dir='ltr'><strong>videret</strong></span> <span class='ocrx_word' id='word_1_708' title='bbox 944 5450 1115 5520; x_wconf 90' lang='lat' dir='ltr'><strong>pedes</strong></span> <span class='ocrx_word' id='word_1_709' title='bbox 1146 5463 1404 5523; x_wconf 90' lang='lat' dir='ltr'><strong>tanquam</strong></span> <span class='ocrx_word' id='word_1_710' title='bbox 1455 5455 1593 5511; x_wconf 87' lang='lat' dir='ltr'><strong>alias</strong></span> <span class='ocrx_word' id='word_1_711' title='bbox 1627 5457 1932 5523; x_wconf 91' lang='lat' dir='ltr'><strong>columnas,</strong></span> <span class='ocrx_word' id='word_1_712' title='bbox 1962 5473 2103 5528; x_wconf 90' lang='lat' dir='ltr'><strong>quos</strong></span> 
     </span>
    </p>
   </div>
   <div class='ocr_carea' id='block_1_97' title="bbox 501 5543 2104 5612">
    <p class='ocr_par' dir='ltr' id='par_1_97' title="bbox 501 5543 2104 5612">
     <span class='ocr_line' id='line_1_97' title="bbox 501 5543 2104 5612; baseline 0.005 -16"><span class='ocrx_word' id='word_1_713' title='bbox 501 5557 602 5612; x_wconf 86' lang='lat' dir='ltr'><strong>per</strong></span> <span class='ocrx_word' id='word_1_714' title='bbox 635 5552 778 5600; x_wconf 90' lang='lat' dir='ltr'><strong>totas</strong></span> <span class='ocrx_word' id='word_1_715' title='bbox 829 5551 1023 5598; x_wconf 89' lang='lat' dir='ltr'><strong>noctes</strong></span> <span class='ocrx_word' id='word_1_716' title='bbox 1061 5551 1116 5598; x_wconf 92' lang='lat' dir='ltr'><strong>et</strong></span> <span class='ocrx_word' id='word_1_717' title='bbox 1159 5543 1279 5600; x_wconf 91' lang='lat' dir='ltr'><strong>dies</strong></span> <span class='ocrx_word' id='word_1_718' title='bbox 1301 5548 1569 5604; x_wconf 88' lang='lat' dir='ltr'><strong>stationes</strong></span> <span class='ocrx_word' id='word_1_719' title='bbox 1622 5547 1979 5604; x_wconf 89' lang='lat' dir='ltr'><strong>reddiderant</strong></span> <span class='ocrx_word' id='word_1_720' title='bbox 2019 5559 2104 5604; x_wconf 88' lang='lat' dir='ltr'><strong>tu-</strong></span> 
     </span>
    </p>
   </div>
   <div class='ocr_carea' id='block_1_98' title="bbox 503 5635 2102 5712">
    <p class='ocr_par' dir='ltr' id='par_1_98' title="bbox 503 5635 2102 5712">
     <span class='ocr_line' id='line_1_98' title="bbox 503 5635 2102 5712; baseline 0.004 -22"><span class='ocrx_word' id='word_1_721' title='bbox 503 5635 686 5692; x_wconf 87' lang='lat' dir='ltr'><strong>midos</strong></span> <span class='ocrx_word' id='word_1_722' title='bbox 708 5644 763 5691; x_wconf 89' lang='lat' dir='ltr'><strong>et</strong></span> <span class='ocrx_word' id='word_1_723' title='bbox 810 5636 1106 5703; x_wconf 88' lang='lat' dir='ltr'><strong>ulceratos,</strong></span> <span class='ocrx_word' id='word_1_724' title='bbox 1143 5646 1198 5692; x_wconf 91' lang='lat' dir='ltr'><strong>et</strong></span> <span class='ocrx_word' id='word_1_725' title='bbox 1236 5639 1561 5696; x_wconf 84' lang='lat' dir='ltr'><strong>vulneribus</strong></span> <span class='ocrx_word' id='word_1_726' title='bbox 1600 5641 1810 5712; x_wconf 88' lang='lat' dir='ltr'><strong>plenos.</strong></span> <span class='ocrx_word' id='word_1_727' title='bbox 1851 5643 1981 5708; x_wconf 83' lang='lat' dir='ltr'><strong>Quae</strong></span> <span class='ocrx_word' id='word_1_728' title='bbox 2011 5642 2102 5699; x_wconf 92' lang='lat' dir='ltr'><strong>ille</strong></span> 
     </span>
    </p>
   </div>
   <div class='ocr_carea' id='block_1_99' title="bbox 503 5730 2094 5803">
    <p class='ocr_par' dir='ltr' id='par_1_99' title="bbox 503 5730 2094 5803">
     <span class='ocr_line' id='line_1_99' title="bbox 503 5730 2094 5803; baseline 0.004 -24"><span class='ocrx_word' id='word_1_729' title='bbox 503 5739 630 5780; x_wconf 78' lang='lat' dir='ltr'><strong>cum</strong></span> <span class='ocrx_word' id='word_1_730' title='bbox 668 5735 895 5796; x_wconf 88' lang='lat' dir='ltr'><strong>stupore</strong></span> <span class='ocrx_word' id='word_1_731' title='bbox 944 5730 1378 5798; x_wconf 89' lang='lat' dir='ltr'><strong>contemplatus,</strong></span> <span class='ocrx_word' id='word_1_732' title='bbox 1419 5742 1475 5786; x_wconf 92' lang='lat' dir='ltr'><strong>et</strong></span> <span class='ocrx_word' id='word_1_733' title='bbox 1504 5745 1756 5787; x_wconf 90' lang='lat' dir='ltr'><strong>sanctum</strong></span> <span class='ocrx_word' id='word_1_734' title='bbox 1795 5733 2094 5803; x_wconf 84' lang='lat' dir='ltr'><strong>adjuravit,</strong></span> 
     </span>
    </p>
   </div>
   <div class='ocr_carea' id='block_1_100' title="bbox 509 5820 2090 5899">
    <p class='ocr_par' dir='ltr' id='par_1_100' title="bbox 509 5820 2090 5899">
     <span class='ocr_line' id='line_1_100' title="bbox 509 5820 2090 5899; baseline 0.006 -25"><span class='ocrx_word' id='word_1_735' title='bbox 509 5824 569 5874; x_wconf 83' lang='lat' dir='ltr'><strong>ut</strong></span> <span class='ocrx_word' id='word_1_736' title='bbox 588 5833 778 5876; x_wconf 89' lang='lat' dir='ltr'><strong>rursus</strong></span> <span class='ocrx_word' id='word_1_737' title='bbox 799 5820 1025 5891; x_wconf 87' lang='lat' dir='ltr'><strong>rediret,</strong></span> <span class='ocrx_word' id='word_1_738' title='bbox 1046 5832 1097 5879; x_wconf 88' lang='lat' dir='ltr'><strong>et</strong></span> <span class='ocrx_word' id='word_1_739' title='bbox 1120 5822 1347 5882; x_wconf 81' lang='lat' dir='ltr'><strong>audacis</strong></span> <span class='ocrx_word' id='word_1_740' title='bbox 1371 5826 1456 5882; x_wconf 92' lang='lat' dir='ltr'><strong>sui</strong></span> <span class='ocrx_word' id='word_1_741' title='bbox 1481 5825 1646 5899; x_wconf 84' lang='lat' dir='ltr'><strong>coepti</strong></span> <span class='ocrx_word' id='word_1_742' title='bbox 1671 5827 1830 5898; x_wconf 84' lang='lat' dir='ltr'><strong>petiit</strong></span> <span class='ocrx_word' id='word_1_743' title='bbox 1851 5828 2090 5884; x_wconf 79' lang='lat' dir='ltr'><strong>veniam.</strong></span> 
     </span>
    </p>
   </div>
   <div class='ocr_carea' id='block_1_101' title="bbox 2210 4528 3792 4604">
    <p class='ocr_par' dir='ltr' id='par_1_101' title="bbox 2210 4528 3792 4604">
     <span class='ocr_line' id='line_1_101' title="bbox 2210 4528 3792 4604; baseline -0.002 -18"><span class='ocrx_word' id='word_1_744' title='bbox 2210 4534 2444 4604; x_wconf 88' lang='grc' dir='ltr'>μέγιστα</span> <span class='ocrx_word' id='word_1_745' title='bbox 2508 4531 2707 4600; x_wconf 84' lang='grc' dir='ltr'>γείτων</span> <span class='ocrx_word' id='word_1_746' title='bbox 2751 4531 2957 4600; x_wconf 77' lang='grc' dir='ltr'>ἀγαθὸς</span> <span class='ocrx_word' id='word_1_747' title='bbox 3011 4528 3123 4584; x_wconf 77' lang='grc' dir='ltr'><strong>ὤν’</strong></span> <span class='ocrx_word' id='word_1_748' title='bbox 3185 4532 3309 4583; x_wconf 76' lang='grc' dir='ltr'>ἐπεὶ</span> <span class='ocrx_word' id='word_1_749' title='bbox 3361 4531 3535 4585; x_wconf 76' lang='grc' dir='ltr'>ταῦτα</span> <span class='ocrx_word' id='word_1_750' title='bbox 3585 4531 3792 4600; x_wconf 76' lang='grc' dir='ltr'>ελεγον,</span> 
     </span>
    </p>
   </div>
   <div class='ocr_carea' id='block_1_102' title="bbox 2206 4622 3793 4694">
    <p class='ocr_par' dir='ltr' id='par_1_102' title="bbox 2206 4622 3793 4694">
     <span class='ocr_line' id='line_1_102' title="bbox 2206 4622 3793 4694; baseline -0.003 -14"><span class='ocrx_word' id='word_1_751' title='bbox 2206 4627 2446 4682; x_wconf 74' lang='grc' dir='ltr'>ἔπειθον.</span> <span class='ocrx_word' id='word_1_752' title='bbox 2485 4627 2598 4680; x_wconf 80' lang='grc' dir='ltr'><strong>Καὶ</strong></span> <span class='ocrx_word' id='word_1_753' title='bbox 2626 4625 2748 4678; x_wconf 87' lang='grc' dir='ltr'>τότε</span> <span class='ocrx_word' id='word_1_754' title='bbox 2775 4625 2876 4694; x_wconf 81' lang='grc' dir='ltr'>μὲν</span> <span class='ocrx_word' id='word_1_755' title='bbox 2912 4623 3131 4678; x_wconf 81' lang='grc' dir='ltr'>ἐκέλευε</span> <span class='ocrx_word' id='word_1_756' title='bbox 3164 4623 3446 4686; x_wconf 84' lang='grc' dir='ltr'>κατελθεῖν</span> <span class='ocrx_word' id='word_1_757' title='bbox 3483 4623 3554 4675; x_wconf 83' lang='grc' dir='ltr'><strong>δι’</strong></span> <span class='ocrx_word' id='word_1_758' title='bbox 3584 4622 3793 4687; x_wconf 75' lang='grc' dir='ltr'>αἰδοῦς,</span> 
     </span>
    </p>
   </div>
   <div class='ocr_carea' id='block_1_103' title="bbox 2205 4713 3795 4790">
    <p class='ocr_par' dir='ltr' id='par_1_103' title="bbox 2205 4713 3795 4790">
     <span class='ocr_line' id='line_1_103' title="bbox 2205 4713 3795 4790; baseline -0.004 -16"><span class='ocrx_word' id='word_1_759' title='bbox 2205 4716 2382 4790; x_wconf 65' lang='grc' dir='ltr'>οἶμαι,</span> <span class='ocrx_word' id='word_1_760' title='bbox 2431 4718 2558 4782; x_wconf 69' lang='grc' dir='ltr'>τοὺς</span> <span class='ocrx_word' id='word_1_761' title='bbox 2609 4718 2886 4788; x_wconf 87' lang='grc' dir='ltr'>παρόντας</span> <span class='ocrx_word' id='word_1_762' title='bbox 2945 4714 3292 4782; x_wconf 87' lang='grc' dir='ltr'>ποιούμενος,</span> <span class='ocrx_word' id='word_1_763' title='bbox 3338 4713 3426 4768; x_wconf 83' lang='grc' dir='ltr'>ἵνα</span> <span class='ocrx_word' id='word_1_764' title='bbox 3478 4715 3554 4785; x_wconf 76' lang='grc' dir='ltr'>μὴ</span> <span class='ocrx_word' id='word_1_765' title='bbox 3613 4715 3795 4786; x_wconf 86' lang='grc' dir='ltr'>μάτην</span> 
     </span>
    </p>
   </div>
   <div class='ocr_carea' id='block_1_104' title="bbox 2205 4806 3795 4880">
    <p class='ocr_par' dir='ltr' id='par_1_104' title="bbox 2205 4806 3795 4880">
     <span class='ocr_line' id='line_1_104' title="bbox 2205 4806 3795 4880; baseline -0.004 -14"><span class='ocrx_word' id='word_1_766' title='bbox 2205 4810 2500 4878; x_wconf 80' lang='grc' dir='ltr'>ἀφικέσθαι</span> <span class='ocrx_word' id='word_1_767' title='bbox 2532 4809 2687 4880; x_wconf 75' lang='grc' dir='ltr'>δοκῇ,</span> <span class='ocrx_word' id='word_1_768' title='bbox 2724 4808 2954 4878; x_wconf 75' lang='grc' dir='ltr'>ὕστερον</span> <span class='ocrx_word' id='word_1_769' title='bbox 2997 4808 3058 4861; x_wconf 70' lang='grc' dir='ltr'>δὲ</span> <span class='ocrx_word' id='word_1_770' title='bbox 3101 4806 3254 4879; x_wconf 83' lang='grc' dir='ltr'>αύτῷ</span> <span class='ocrx_word' id='word_1_771' title='bbox 3307 4807 3432 4861; x_wconf 85' lang='grc' dir='ltr'>καὶ·</span> <span class='ocrx_word' id='word_1_772' title='bbox 3458 4806 3558 4873; x_wconf 80' lang='grc' dir='ltr'>τὴν</span> <span class='ocrx_word' id='word_1_773' title='bbox 3608 4806 3795 4861; x_wconf 84' lang='grc' dir='ltr'>ἀνοδον</span> 
     </span>
    </p>
   </div>
   <div class='ocr_carea' id='block_1_105' title="bbox 2206 4898 3791 4974">
    <p class='ocr_par' dir='ltr' id='par_1_105' title="bbox 2206 4898 3791 4974">
     <span class='ocr_line' id='line_1_105' title="bbox 2206 4898 3791 4974; baseline 0 -16"><span class='ocrx_word' id='word_1_774' title='bbox 2206 4903 2542 4974; x_wconf 78' lang='grc' dir='ltr'>ὑπισχνεῖτο,</span> <span class='ocrx_word' id='word_1_775' title='bbox 2575 4901 2667 4956; x_wconf 72' lang='grc' dir='ltr'>καὶ</span> <span class='ocrx_word' id='word_1_776' title='bbox 2697 4900 2991 4956; x_wconf 86' lang='grc' dir='ltr'>ἀνελθόντα</span> <span class='ocrx_word' id='word_1_777' title='bbox 3023 4898 3215 4970; x_wconf 83' lang='grc' dir='ltr'>μένειν</span> <span class='ocrx_word' id='word_1_778' title='bbox 3256 4899 3343 4969; x_wconf 83' lang='grc' dir='ltr'><strong>ἐφ’</strong></span> <span class='ocrx_word' id='word_1_779' title='bbox 3373 4901 3499 4955; x_wconf 83' lang='grc' dir='ltr'>ὅσον</span> <span class='ocrx_word' id='word_1_780' title='bbox 3525 4899 3791 4968; x_wconf 82' lang='grc' dir='ltr'>βούλοιτο.</span> 
     </span>
    </p>
   </div>
   <div class='ocr_carea' id='block_1_106' title="bbox 2218 4988 3793 5062">
    <p class='ocr_par' dir='ltr' id='par_1_106' title="bbox 2218 4988 3793 5062">
     <span class='ocr_line' id='line_1_106' title="bbox 2218 4988 3793 5062; baseline -0.002 -15"><span class='ocrx_word' id='word_1_781' title='bbox 2218 4994 2374 5047; x_wconf 80' lang='grc' dir='ltr'>Ἐπεὶ</span> <span class='ocrx_word' id='word_1_782' title='bbox 2430 4991 2565 5061; x_wconf 79' lang='grc' dir='ltr'>γοῦν</span> <span class='ocrx_word' id='word_1_783' title='bbox 2625 4990 2898 5062; x_wconf 88' lang='grc' dir='ltr'>κλίμακος</span> <span class='ocrx_word' id='word_1_784' title='bbox 2956 4988 3446 5061; x_wconf 84' lang='grc' dir='ltr'>προσερεισθείσης</span> <span class='ocrx_word' id='word_1_785' title='bbox 3502 4991 3580 5062; x_wconf 82' lang='grc' dir='ltr'><strong>τῷ</strong></span> <span class='ocrx_word' id='word_1_786' title='bbox 3652 4991 3793 5045; x_wconf 90' lang='grc' dir='ltr'>κίονι</span> 
     </span>
    </p>
   </div>
   <div class='ocr_carea' id='block_1_107' title="bbox 2205 5081 3798 5158">
    <p class='ocr_par' dir='ltr' id='par_1_107' title="bbox 2205 5081 3798 5158">
     <span class='ocr_line' id='line_1_107' title="bbox 2205 5081 3798 5158; baseline -0.001 -17"><span class='ocrx_word' id='word_1_787' title='bbox 2205 5085 2402 5158; x_wconf 78' lang='grc' dir='ltr'>κατῄει</span> <span class='ocrx_word' id='word_1_788' title='bbox 2434 5087 2464 5138; x_wconf 92' lang='lat'><strong>6</strong></span> <span class='ocrx_word' id='word_1_789' title='bbox 2506 5085 2675 5148; x_wconf 83' lang='grc' dir='ltr'>δσιος,</span> <span class='ocrx_word' id='word_1_790' title='bbox 2702 5084 2798 5138; x_wconf 80' lang='grc' dir='ltr'>καὶ</span> <span class='ocrx_word' id='word_1_791' title='bbox 2829 5081 2896 5150; x_wconf 75' lang='grc' dir='ltr'>δὴ</span> <span class='ocrx_word' id='word_1_792' title='bbox 2926 5083 3066 5152; x_wconf 75' lang='grc' dir='ltr'>πρὸς</span> <span class='ocrx_word' id='word_1_793' title='bbox 3100 5082 3202 5151; x_wconf 76' lang='grc' dir='ltr'>τὴν</span> <span class='ocrx_word' id='word_1_794' title='bbox 3228 5081 3396 5153; x_wconf 70' lang='grc' dir='ltr'>ἕκτην</span> <span class='ocrx_word' id='word_1_795' title='bbox 3431 5082 3513 5135; x_wconf 79' lang='grc' dir='ltr'>ἔτι</span> <span class='ocrx_word' id='word_1_796' title='bbox 3558 5081 3798 5153; x_wconf 82' lang='grc' dir='ltr'>βαθμίδα</span> 
     </span>
    </p>
   </div>
   <div class='ocr_carea' id='block_1_108' title="bbox 2203 5168 3793 5246">
    <p class='ocr_par' dir='ltr' id='par_1_108' title="bbox 2203 5168 3793 5246">
     <span class='ocr_line' id='line_1_108' title="bbox 2203 5168 3793 5246; baseline -0.003 -14"><span class='ocrx_word' id='word_1_797' title='bbox 2203 5179 2298 5232; x_wconf 79' lang='grc' dir='ltr'>τὸν</span> <span class='ocrx_word' id='word_1_798' title='bbox 2354 5177 2491 5231; x_wconf 84' lang='grc' dir='ltr'>πόδα</span> <span class='ocrx_word' id='word_1_799' title='bbox 2540 5175 2775 5246; x_wconf 72' lang='grc' dir='ltr'>ἤρειδεν,</span> <span class='ocrx_word' id='word_1_800' title='bbox 2844 5169 3028 5238; x_wconf 78' lang='grc' dir='ltr'>οἷκτος</span> <span class='ocrx_word' id='word_1_801' title='bbox 3086 5173 3247 5227; x_wconf 71' lang='grc' dir='ltr'>ἔλασε</span> <span class='ocrx_word' id='word_1_802' title='bbox 3305 5168 3397 5229; x_wconf 78' lang='grc' dir='ltr'><strong>τδν</strong></span> <span class='ocrx_word' id='word_1_803' title='bbox 3451 5176 3793 5245; x_wconf 82' lang='grc' dir='ltr'>ἀμείλικτον,</span> 
     </span>
    </p>
   </div>
   <div class='ocr_carea' id='block_1_109' title="bbox 2204 5259 3793 5339">
    <p class='ocr_par' dir='ltr' id='par_1_109' title="bbox 2204 5259 3793 5339">
     <span class='ocr_line' id='line_1_109' title="bbox 2204 5259 3793 5339; baseline -0.004 -14"><span class='ocrx_word' id='word_1_804' title='bbox 2204 5271 2419 5339; x_wconf 81' lang='grc' dir='ltr'>δρῶντα</span> <span class='ocrx_word' id='word_1_805' title='bbox 2449 5269 2620 5332; x_wconf 86' lang='grc' dir='ltr'>πόδας</span> <span class='ocrx_word' id='word_1_806' title='bbox 2674 5267 2921 5331; x_wconf 84' lang='grc' dir='ltr'>ἐκείνους</span> <span class='ocrx_word' id='word_1_807' title='bbox 2971 5267 3049 5331; x_wconf 86' lang='grc' dir='ltr'>ὡς</span> <span class='ocrx_word' id='word_1_808' title='bbox 3107 5267 3330 5338; x_wconf 81' lang='grc' dir='ltr'>ἐτέρους</span> <span class='ocrx_word' id='word_1_809' title='bbox 3378 5259 3568 5331; x_wconf 66' lang='grc' dir='ltr'>’κίονας</span> <span class='ocrx_word' id='word_1_810' title='bbox 3599 5266 3696 5331; x_wconf 73' lang='grc' dir='ltr'>οὓς</span> <span class='ocrx_word' id='word_1_811' title='bbox 3734 5267 3793 5320; x_wconf 86' lang='grc' dir='ltr'>αἱ</span> 
     </span>
    </p>
   </div>
   <div class='ocr_carea' id='block_1_110' title="bbox 2205 5356 3793 5433">
    <p class='ocr_par' dir='ltr' id='par_1_110' title="bbox 2205 5356 3793 5433">
     <span class='ocr_line' id='line_1_110' title="bbox 2205 5356 3793 5433; baseline -0.004 -16"><span class='ocrx_word' id='word_1_812' title='bbox 2205 5366 2471 5433; x_wconf 74' lang='grc' dir='ltr'>πάννυχοι</span> <span class='ocrx_word' id='word_1_813' title='bbox 2506 5361 2726 5423; x_wconf 83' lang='grc' dir='ltr'>στάσεις</span> <span class='ocrx_word' id='word_1_814' title='bbox 2755 5360 2849 5414; x_wconf 80' lang='grc' dir='ltr'>καὶ</span> <span class='ocrx_word' id='word_1_815' title='bbox 2878 5360 3215 5430; x_wconf 83' lang='grc' dir='ltr'>πανημέριοι</span> <span class='ocrx_word' id='word_1_816' title='bbox 3248 5356 3527 5424; x_wconf 81' lang='grc' dir='ltr'>οἰδοῦντας</span> <span class='ocrx_word' id='word_1_817' title='bbox 3557 5359 3653 5414; x_wconf 71' lang='grc' dir='ltr'>καὶ</span> <span class='ocrx_word' id='word_1_818' title='bbox 3691 5359 3793 5430; x_wconf 76' lang='grc' dir='ltr'><strong>ὴλ-</strong></span> 
     </span>
    </p>
   </div>
   <div class='ocr_carea' id='block_1_111' title="bbox 2205 5450 3795 5527">
    <p class='ocr_par' dir='ltr' id='par_1_111' title="bbox 2205 5450 3795 5527">
     <span class='ocr_line' id='line_1_111' title="bbox 2205 5450 3795 5527; baseline -0.004 -17"><span class='ocrx_word' id='word_1_819' title='bbox 2205 5455 2488 5527; x_wconf 87' lang='grc' dir='ltr'>κωμένους</span> <span class='ocrx_word' id='word_1_820' title='bbox 2526 5452 2620 5505; x_wconf 84' lang='grc' dir='ltr'>καὶ</span> <span class='ocrx_word' id='word_1_821' title='bbox 2645 5451 2980 5522; x_wconf 86' lang='grc' dir='ltr'>τραυμάτων</span> <span class='ocrx_word' id='word_1_822' title='bbox 3019 5450 3251 5520; x_wconf 89' lang='grc' dir='ltr'>πλήρεις</span> <span class='ocrx_word' id='word_1_823' title='bbox 3277 5451 3555 5506; x_wconf 83' lang='grc' dir='ltr'>ἐδείκνυον</span> <span class='ocrx_word' id='word_1_824' title='bbox 3582 5469 3597 5483; x_wconf 89' lang='grc'><strong>·</strong></span> <span class='ocrx_word' id='word_1_825' title='bbox 3623 5450 3661 5506; x_wconf 77' lang='grc' dir='ltr'><strong>ἀ</strong></span> <span class='ocrx_word' id='word_1_826' title='bbox 3698 5453 3795 5504; x_wconf 81' lang='grc' dir='ltr'>καὶ</span> 
     </span>
    </p>
   </div>
   <div class='ocr_carea' id='block_1_112' title="bbox 2205 5543 3795 5620">
    <p class='ocr_par' dir='ltr' id='par_1_112' title="bbox 2205 5543 3795 5620">
     <span class='ocr_line' id='line_1_112' title="bbox 2205 5543 3795 5620; baseline -0.003 -18"><span class='ocrx_word' id='word_1_827' title='bbox 2205 5549 2342 5620; x_wconf 79' lang='grc' dir='ltr'>πρὸς</span> <span class='ocrx_word' id='word_1_828' title='bbox 2396 5545 2663 5617; x_wconf 72' lang='grc' dir='ltr'>ἔκπληξιν</span> <span class='ocrx_word' id='word_1_829' title='bbox 2719 5544 3061 5614; x_wconf 83' lang='grc' dir='ltr'>θεασάμενος</span> <span class='ocrx_word' id='word_1_830' title='bbox 3113 5543 3346 5616; x_wconf 71' lang='grc' dir='ltr'>ὥρκωσε</span> <span class='ocrx_word' id='word_1_831' title='bbox 3395 5562 3455 5598; x_wconf 85' lang='grc' dir='ltr'><strong>τε</strong></span> <span class='ocrx_word' id='word_1_832' title='bbox 3494 5544 3662 5598; x_wconf 87' lang='grc' dir='ltr'>πάλιν</span> <span class='ocrx_word' id='word_1_833' title='bbox 3698 5543 3795 5598; x_wconf 79' lang='grc' dir='ltr'>τὸν</span> 
     </span>
    </p>
   </div>
   <div class='ocr_carea' id='block_1_113' title="bbox 2204 5635 3798 5709">
    <p class='ocr_par' dir='ltr' id='par_1_113' title="bbox 2204 5635 3798 5709">
     <span class='ocr_line' id='line_1_113' title="bbox 2204 5635 3798 5709; baseline -0.006 -12"><span class='ocrx_word' id='word_1_834' title='bbox 2204 5643 2352 5697; x_wconf 81' lang='grc' dir='ltr'>ὅσιον</span> <span class='ocrx_word' id='word_1_835' title='bbox 2379 5639 2643 5705; x_wconf 86' lang='grc' dir='ltr'>ἀνελθεῖν,</span> <span class='ocrx_word' id='word_1_836' title='bbox 2686 5637 2782 5692; x_wconf 75' lang='grc' dir='ltr'>καὶ</span> <span class='ocrx_word' id='word_1_837' title='bbox 2837 5638 3174 5708; x_wconf 81' lang='grc' dir='ltr'>συγγνώμην</span> <span class='ocrx_word' id='word_1_838' title='bbox 3221 5636 3344 5709; x_wconf 65' lang='grc' dir='ltr'><strong>⁴ᾔτει.</strong></span> <span class='ocrx_word' id='word_1_839' title='bbox 3405 5635 3500 5690; x_wconf 88' lang='grc' dir='ltr'><strong>τοῦ</strong></span> <span class='ocrx_word' id='word_1_840' title='bbox 3541 5637 3798 5707; x_wconf 64' lang='grc' dir='ltr'>ἐγχειρήτ</span> 
     </span>
    </p>
   </div>
   <div class='ocr_carea' id='block_1_114' title="bbox 2210 5729 3796 5807">
    <p class='ocr_par' dir='ltr' id='par_1_114' title="bbox 2210 5729 3796 5807">
     <span class='ocr_line' id='line_1_114' title="bbox 2210 5729 3796 5807; baseline -0.006 -19"><span class='ocrx_word' id='word_1_841' title='bbox 2210 5753 2401 5807; x_wconf 80' lang='grc' dir='ltr'>ματος.</span> <span class='ocrx_word' id='word_1_842' title='bbox 2427 5734 2698 5802; x_wconf 77' lang='grc' dir='ltr'>’Ὕστερον</span> <span class='ocrx_word' id='word_1_843' title='bbox 2727 5730 2784 5784; x_wconf 82' lang='grc' dir='ltr'>δὲ</span> <span class='ocrx_word' id='word_1_844' title='bbox 2816 5729 2966 5801; x_wconf 82' lang='grc' dir='ltr'>αύτῷ</span> <span class='ocrx_word' id='word_1_845' title='bbox 2996 5729 3090 5784; x_wconf 71' lang='grc' dir='ltr'>καὶ</span> <span class='ocrx_word' id='word_1_846' title='bbox 3109 5729 3202 5783; x_wconf 82' lang='grc' dir='ltr'>τὸν</span> <span class='ocrx_word' id='word_1_847' title='bbox 3228 5730 3384 5784; x_wconf 90' lang='grc' dir='ltr'>κίονα</span> <span class='ocrx_word' id='word_1_848' title='bbox 3417 5730 3629 5798; x_wconf 83' lang='grc' dir='ltr'>ἵστησιν</span> <span class='ocrx_word' id='word_1_849' title='bbox 3657 5729 3796 5798; x_wconf 71' lang='grc' dir='ltr'>ὑψη-</span> 
     </span>
    </p>
   </div>
   <div class='ocr_carea' id='block_1_115' title="bbox 2205 5821 3792 5895">
    <p class='ocr_par' dir='ltr' id='par_1_115' title="bbox 2205 5821 3792 5895">
     <span class='ocr_line' id='line_1_115' title="bbox 2205 5821 3792 5895; baseline -0.006 -13"><span class='ocrx_word' id='word_1_850' title='bbox 2205 5829 2446 5895; x_wconf 80' lang='grc' dir='ltr'>λότερον,</span> <span class='ocrx_word' id='word_1_851' title='bbox 2487 5825 2582 5881; x_wconf 73' lang='grc' dir='ltr'>καὶ</span> <span class='ocrx_word' id='word_1_852' title='bbox 2613 5824 2671 5879; x_wconf 75' lang='grc' dir='ltr'><strong>τὸ</strong></span> <span class='ocrx_word' id='word_1_853' title='bbox 2707 5822 2882 5894; x_wconf 84' lang='grc' dir='ltr'>πάχος</span> <span class='ocrx_word' id='word_1_854' title='bbox 2916 5823 3291 5894; x_wconf 74' lang='grc' dir='ltr'>στερῤὁττρον,</span> <span class='ocrx_word' id='word_1_855' title='bbox 3327 5823 3422 5878; x_wconf 74' lang='grc' dir='ltr'>καὶ</span> <span class='ocrx_word' id='word_1_856' title='bbox 3466 5821 3564 5891; x_wconf 76' lang='grc' dir='ltr'>τὴν</span> <span class='ocrx_word' id='word_1_857' title='bbox 3609 5821 3792 5891; x_wconf 75' lang='grc' dir='ltr'>βάσιν.</span> 
     </span>
    </p>
   </div>
  </div>
