4142 6384
357 327 470 397 993
1453 331 1638 395 VITA
1681 331 1745 392 S.
1783 329 2153 392 DANIELIS
2197 330 2570 392 STYLITAZ.
3520 328 3632 393 994

365 442 463 496 καὶ
491 437 658 495 τᾶλλα
687 437 1162 511 πολυτελέστερον,
1192 439 1446 511 γνώριμοι
1480 442 1577 493 καὶ
1613 440 1762 511 αὐτῷ
1789 440 1936 511 βασι-

2050 439 2248 495 Postea
2296 455 2426 494 vero
2489 440 2539 494 ei
2595 454 2816 510 quoque
2872 441 3183 496 columnam
3245 440 3428 512 posuit
3453 428 3636 496 excel-

365 531 452 584 λετ
497 531 565 585 τὰ
625 531 725 600 τῆς
775 531 1057 601 ὑπομονῆς
1111 531 1323 584 ἐκείνου
1371 530 1600 599 καὶτῆς
1650 529 1936 600 καρτερίας

2051 533 2272 596 siorem,
2303 541 2358 585 et
2391 533 2763 588 crassitudine
2796 534 3143 596 validiorem,
3193 533 3422 603 basique
3447 542 3503 588 et
3531 549 3635 587 ca:-

365 621 612 690 θέμενος.
652 623 852 690 Ἤρκει
889 623 987 692 μὲν
1035 618 1130 676 οὖν
1159 625 1253 676 καὶ
1286 623 1460 676 ταῦτα
1505 621 1737 674 πλεῖστά
1766 637 1822 674 τε
1851 622 1936 674 καὶ

2055 622 2192 676 teris
2239 621 2790 690 magniﬁcentiorem,
2842 634 2896 678 et
2941 625 3008 678 de
3054 625 3202 680 illius
3253 625 3519 693 patientia
3578 633 3635 679 et

366 712 584 782 μεγάλα
610 711 947 780 τυγχάνοντα
981 711 1151 775 δεῖξαι
1176 711 1267 764 τὸν
1301 711 1395 764 τοῦ
1425 710 1573 763 ὁσίου
1608 709 1720 777 βίον
1755 711 1852 762 καὶ
1875 702 1936 779 ἦς

2053 711 2340 765 tolerantia
2413 712 2794 782 imperatorem
2866 716 3106 770 reddidit
3159 718 3474 770 certiorem.
3535 717 3636 770 At-

365 803 528 865 αότδς
552 803 750 873 ἠξίωτο
779 805 932 874 παρά
955 803 1092 857 Θεοῦ
1116 805 1358 874 χάριτος.
1391 803 1450 856 '0
1473 804 1528 857 δὲ
1572 801 1728 869 λόγος
1770 799 1936 871 μικρὰ

2049 816 2157 870 que
2213 802 2328 857 hate
2380 803 2601 872 quidem
2643 806 3129 876 sumcerent,quz
3183 818 3312 863 sunt
3370 809 3628 877 plurima,

365 894 538 948 ταῦτα
567 897 659 947 καὶ
687 896 852 947 οἱονεὶ
886 898 1123 964 στοιχεῖα
1157 896 1249 950 καὶ
1289 895 1463 966 ἀρχὰς
1491 895 1840 964 λογιζόμενος
1873 893 1936 947 τά

2046 901 2104 948 et
2123 895 2452 956 maxima.ad
2475 897 2650 950 sancti
2663 897 2831 950 vitam
2847 899 3264 959 ostendendam,
3298 910 3348 954 et
3377 901 3630 970 gratiam,

369 985 546 1056 πολλῴ
571 985 794 1054 μείζονα
822 985 1028 1039 τούτων
1057 986 1252 1056 δηλοῦν
1277 987 1584 1054 ἐπείγεται.

2047 998 2212 1055 quam
2248 985 2366 1054 ipse
2395 1000 2425 1040 a
2461 987 2573 1040 Deo
2611 995 2729 1042 erat
2745 999 3047 1044 assecutus.
3087 990 3276 1045 Oratio
3302 1001 3482 1047 autem
3516 991 3633 1056 Ila‘c

381 1095 548 1150 parva
599 1093 721 1135 esse
760 1079 1137 1147 considerans,
1184 1095 1240 1136 et
1286 1087 1546 1149 tanquam
1584 1078 1853 1134 elementa
1928 1092 1992 1133 ac
2059 1078 2352 1149 principia,
2403 1093 2525 1149 qua:
2577 1087 2706 1134 sunt
2747 1081 2831 1136 his
2879 1081 3036 1153 longe
3098 1083 3324 1154 majora,
3377 1087 3634 1156 properat

370 1173 674 1236 declarare,

329 1271 342 1323 ί
438 1266 546 1324 Iﬂ'.
583 1262 727 1322 'Hxi
749 1284 832 1331 τις
856 1265 994 1338 μετά
1029 1267 1224 1336 μικρὸν
1251 1267 1385 1338 πρὸς
1412 1266 1502 1320 τὸν
1527 1267 1674 1321 ὅσιον
1698 1267 1758 1321 τὸ
1783 1267 1938 1337 γένος

363 1360 535 1432 Θρᾲξ,
563 1361 664 1431 τὴν
686 1359 903 1431 ἠλικίαν
926 1359 1272 1428 γεγηρακὼς,
1294 1360 1394 1420 τὰς
1413 1359 1508 1413 τοῦ
1539 1359 1653 1430 βίου
1685 1361 1938 1430 ἀφορμὰς

364 1451 504 1520 ἔχων
528 1449 636 1504 ἀπὸ
658 1447 752 1502 τοῦ
774 1447 842 1502 τὰ
869 1447 1174 1517 συμδόλαια
1199 1449 1434 1517 γράφειν
1453 1485 1470 1513 ,
1501 1449 1726 1518 νομικὸν
1747 1447 1938 1502 τοῦτον

363 1543 507 1594 είποι
547 1539 748 1610 Ἕλλην
799 1539 962 1609 ἀνήρ.
1008 1535 1177 1602 Οῦτος
1223 1540 1388 1593 παῖδα
1443 1540 1628 1610 φέρων
1677 1540 1938 1611 μονογενῆ

364 1631 638 1702 πνεύματι
697 1629 924 1700 πονηρῷ
979 1630 1230 1699 κάτοχον,
1285 1629 1400 1692 θεὶς
1460 1631 1624 1683 αὐτὸν
1682 1630 1790 1701 πρὸ
1844 1629 1937 1683 τοῦ

364 1725 545 1785 κίονος
577 1721 790 1792 δάκρυά
815 1738 875 1774 τε
907 1720 1059 1793 ἔρρει
1100 1722 1208 1774 τῶν
1234 1720 1552 1790 ὀφθαλμῶν,
1582 1721 1676 1773 καὶ
1716 1721 1939 1791 ῥήματα

362 1813 673 1882 προσετίθει
695 1813 803 1866 τῶν
827 1813 1078 1884 δακρύων
1096 1812 1605 1882 ὲλεεινότερα.”’ορα
1629 1812 1738 1880 γάρ
1765 1811 1936 1874 πόσας

2111 1265 2297 1322 XVIII.
2313 1265 2471 1321 Venit
2491 1267 2653 1336 paulo
2676 1275 2797 1338 post
2821 1267 3040 1336 quidam
3060 1267 3124 1321 ad
3150 1275 3420 1332 sanctum,
3450 1268 3630 1322 Thrax

2041 1358 2264 1428 quidem
2313 1373 2534 1428 genere,
2587 1367 2748 1413 aatatc
2805 1367 2989 1413 autem
3041 1374 3228 1416 senex.
3259 1359 3350 1428 qui
3400 1374 3465 1414 ex
3491 1358 3632 1413 scri-

2041 1447 2242 1502 bendis
2271 1449 2655 1504 contractibus
2689 1449 2794 1504 sibi
2836 1450 3042 1503 victum
3079 1451 3304 1518 parabat
3332 1467 3348 1508 :
3383 1451 3630 1519 νομικὸν,

2043 1535 2097 1591 id
2156 1546 2278 1603 est,
2336 1539 2473 1608 legis
2525 1539 2785 1608 peritum,
2839 1549 3040 1595 vocant
3099 1540 3292 1595 Graaci.
3350 1540 3400 1594 Is
3456 1541 3627 1594 tilium

2044 1627 2228 1682 ferens
2280 1630 2592 1698 unigenam,
2642 1629 2735 1699 qui
2769 1645 2799 1684 a
2841 1631 3078 1700 maligno
3125 1631 3474 1686 detinebatur
3521 1632 3634 1700 spi-

2044 1721 2176 1783 ritu,
2205 1734 2330 1773 cum
2356 1735 2480 1773 cum
2512 1722 2788 1787 posuisset
2813 1721 2880 1774 ad
2921 1723 3251 1786 columnam,
3285 1733 3340 1776 et
3365 1724 3414 1777 ei
3450 1724 3630 1792 lacryo

2046 1827 2148 1864 ma
2207 1810 2452 1866 ﬂuebant
2497 1828 2563 1867 ex
2620 1813 2816 1878 oculis,
2862 1822 2918 1866 et
2981 1814 3231 1882 adjunxit
3258 1815 3419 1868 verba
3454 1814 3630 1872 Iacrv-

361 1901 479 1976 εἶχε
512 1904 645 1976 πρὸς
675 1904 912 1974 ὀδυρμόν
941 1903 1220 1974 ἀφορμὰς,
1253 1903 1352 1974 τὴν
1385 1902 1566 1971 φύσιν,
1597 1903 1693 1974 τὴν
1723 1904 1934 1968 πολιάν,

2041 1903 2146 1957 mis
2200 1906 2372 1973 magis
2412 1905 2760 1959 miserabilia.
2820 1905 2955 1960 V'ide
2989 1907 3158 1970 enim,
3209 1922 3370 1975 quam
3426 1907 3629 1959 multas

361 1996 464 2067 τὴν
489 1993 582 2048 τοῦ
607 1995 794 2057 παιδὸς
817 1995 1072 2064 νεότητα,
1095 1997 1154 2048 τὸ
1177 1995 1270 2048 ἐπὶ
1295 1995 1440 2065 μόνῳ
1465 1995 1640 2065 τούτῳ
1667 1995 1936 2059 σαλεύειν,

362 2087 422 2140 τ’)
479 2088 699 2156 μακρὰν
761 2086 1018 2140 ἐστάλθαι
1101 2089 1197 2141 καὶ
1260 2086 1463 2152 πολλὴν
1511 2087 1938 2156 ’ταλαιπωρῆσαι

361 2179 608 2248 πορείαν,
649 2178 746 2232 καὶ
788 2178 960 2232 ταῦτα
987 2179 1313 2249 δαιμονῶντι
1351 2179 1447 2232 καὶ
1485 2177 1658 2241 οὕτως
1687 2181 1939 2242 ἀτάκτως

363 2269 458 2320 καὶ
489 2268 734 2336 μανικῶς
767 2266 964 2337 ἔχοντι.
997 2270 1104 2321 Καὶ
1135 2267 1284 2332 τέλος
1311 2268 1570 2339 προσθεὶς
1595 2268 1675 2320 ὃτι
1701 2267 1937 2336 Τριακο·

362 2360 462 2428 ari)
494 2359 634 2429 αὕτη
672 2360 856 2430 ἡμέρα
911 2360 1090 2424 ὲξότου
1139 2359 1202 2413 τὸ
1257 2361 1350 2414 σὺν
1384 2359 1555 2430 ὄνομα
1603 2359 1663 2412 τδ
1705 2359 1938 2428 πονηρὸν

361 2449 668 2521 ἀνακράζει
707 2451 944 2520 πνεῦμα,
977 2451 1075 2520 τὴν
1102 2451 1386 2520 εὐκίνητον
1415 2448 1595 2520 ψυχὴν
1626 2448 1762 2519 πρδς
1793 2448 1938 2502 ἔλεον

359 2542 523 2606 εὐθὺς
551 2539 696 2614 εἶχεν
723 2543 874 2613 αὐτῷ
923 2542 1342 2613 συμπαθοῦσαν.
1380 2543 1488 2596 Καὶ
1534 2542 1653 2606 πῶς
1697 2542 1806 2611 γάρ
1837 2543 1938 2595 οὐκ

363 2632 554 2705 ἔμελλε
582 2633 885 2703 συμπαθεῖν
943 2635 972 2687 ό
1017 2632 1109 2686 τοῦ
1154 2631 1388 2703 Χριστοῦ
1441 2634 1716 2705 μιμητήςς
1767 2633 1828 2686 EI
1873 2634 1936 2686 σύ

361 2723 476 2790 οὖν,
517 2725 644 2795 ἔφη,
681 2724 749 2778 δι’
783 2723 920 2793 δμοῦ
952 2723 1232 2788 πιστεύεις
1268 2724 1490 2794 ίαθῆναι
1515 2725 1606 2777 τὸν
1636 2724 1819 2787 παῖδα,
1848 2723 1937 2776 δο-

363 2818 587 2887 θήσεταί
639 2833 722 2870 σοι
768 2817 908 2870 κατά
954 2817 1054 2886 τὴν
1109 2816 1291 2869 πίστιν
1343 2833 1458 2869 σου.
1516 2816 1627 2869 Καὶ
1675 2816 1791 2885 αμα
1839 2815 1934 2868 τοῦ

361 2907 544 2963 ὶλαίου
569 2909 638 2962 αὐ
653 2909 732 2962 εδν
760 2907 980 2961 ἐκέλευε
1020 2906 1345 2976 ποτισθῆναι
1385 2906 1496 2959 τῶν
1528 2908 1708 2959 ἐκεῖσε
1743 2905 1933 2974 ἁγίων,

355 2991 423 3051 οῦ
447 2999 737 3068 γενομένου
765 2997 947 3068 βάλλει
979 2995 1077 3067 μὲν
1109 2997 1270 3050 αὐτὸν
1299 2996 1462 3059 εὐθὺς
1496 2997 1584 3049 ἐπ’
1623 2995 1854 3064 ἐδάφους
1877 2997 1938 3048 τὸ

359 3092 592 3162 χαλεπὸν
614 3092 908 3160 δαιμόνιον,
932 3090 1024 3144 καὶ
1051 3089 1263 3152 πολλοῖς
1287 3086 1490 3151 αἱκίζει
1510 3086 1934 3156 σπαράγμασιν,

361 3179 480 3238 εἶτα
533 3183 674 3254 μέγα
723 3183 923 3253 βοῆσαν
967 3181 1024 3236 ὲν
1073 3182 1326 3250 οἰμωγῇ,
1384 3179 1734 3249 Ἐξέρχομαι,
1794 3176 1931 3246 φεῦι

362 3277 676 3347 ἐξέρχομαι.
718 3277 938 3345 Ὀγδόης
985 3274 1084 3345 ήδη
1120 3271 1404 3343 παρούσης
1451 3271 1662 3342 ἡμέρας
1710 3271 1876 3340 μέλαν
1908 3271 1936 3322 δ

361 3368 632 3438 δαιμονῶν
679 3367 945 3436 ὲξεμέσας
989 3362 1131 3435 αἷμα
1164 3365 1258 3417 καὶ
1305 3363 1554 3432 πεπηγὸς
1597 3363 1785 3431 εὐχαῖς
1819 3363 1937 3416 ίᾶτο

361 3460 457 3514 τοῦ
507 3459 754 3528 ἀοιδίμου
799 3458 1031 3526 Πατρὸς,
1084 3456 1181 3510 καὶ
1229 3455 1394 3524 ὐγιῶς
1428 3454 1567 3524 ἔχων
1611 3453 1690 3524 τῷ
1743 3452 1935 3507 ἑαυτοῦ

361 3551 532 3621 πατρὶ⁸
557 3549 930 3622 παραδίδοται.
975 3548 1034 3602 '0
1065 3548 1123 3601 δὲ
1166 3546 1257 3602 τὸν
1290 3547 1453 3600 παῖδα
1500 3544 1682 3598 λαϐὼν
1729 3547 1795 3615 τῇ
1839 3544 1938 3610 μὲν

361 3643 575 3716 γλώττῃ
612 3641 749 3712 πρὸς
782 3640 1135 3710 εὐχαριστίαν
1183 3639 1405 3709 εχρῆτο,
1445 3640 1558 3702 τοῖς
1610 3637 1842 3708 δάκρυσι

360 3735 498 3802 πρὸς
523 3733 734 3804 ’χαράν.
768 3733 926 3785 Ἐστι
969 3733 1076 3801 γὰρ
1101 3733 1197 3784 καὶ
1226 3731 1421 3801 ἡδονῆς
1452 3730 1685 3802 δάκρυα,
1719 3731 1848 3782 ὅταν
1877 3727 1937 3792 ἑξ

360 3827 536 3896 ἄκρας
567 3824 803 3894 ἀθυμίας
842 3825 1018 3894 χαρᾶς
1047 3824 1353 3894 ἀκρότητες
1397 3823 1494 3892 τὴν
1523 3821 1702 3892 ψυχὴν
1737 3819 1938 3874 λαϐοῦ-

364 3933 454 3970 σαι
483 3916 544 3970 τὸ
575 3916 894 3986 πιεζόμενον
941 3916 1101 3982 νέφος
1144 3914 1304 3978 εὐθὺς
1330 3914 1558 3988 λύσωσι,
1597 3914 1691 3968 καὶ
1729 3914 1796 3984 τῇ
1827 3912 1936 3965 τῶν

359 4007 613 4078 δακρύων
639 4010 844 4077 φυσικῇ
868 4007 1046 4060 λισάδι
1078 4007 1176 4060 σῦν
1201 4007 1358 4077 ἡδονῇ
1389 4008 1722 4076 χρήσωνται.
1748 4004 1935 4068 Οὕτως

359 4102 391 4153 δ
420 4101 550 4163 παῖς
575 4098 678 4152 οὐκ
711 4099 857 4152 ίᾶται
889 4097 1048 4168 μόνον
1081 4095 1174 4151 τοῦ
1209 4095 1445 4165 πονηροῦ
1478 4095 1751 4165 δαίμονος,
1796 4092 1935 4148 ἀλλὰ

360 4192 456 4247 καὶ
485 4191 627 4244 κατά
671 4187 942 4259 δαιμόνων
972 4188 1135 4251 εὐθὺς
1181 4188 1470 4253 δπλίζεται
1503 4186 1582 4257 τῷ
1622 4186 1741 4256 Θεῷ
1771 4185 1934 4239 αὐτὸν

358 4281 454 4335 τοῦ
482 4283 693 4350 Πατρὸς
721 4281 860 4351 μετά
892 4281 989 4349 τὴν
1027 4279 1325 4350 θεραπείαν
1354 4276 1811 4349 καθιερώσαντος,
1835 4278 1933 4331 καὶ

357 4374 420 4425 τὸ
462 4372 576 4424 τῶν
613 4370 865 4441 μοναχῶν
891 4368 1102 4424 ἐνδῦναι
1141 4368 1327 4438 σχῆμα
1365 4367 1577 4421 καὶτὸν
1611 4367 1723 4436 βίον
1757 4383 1935 4438 παρα-

362 4464 754 4527 σκευάσαντος,
789 4462 866 4531 τῷ
897 4459 1065 4531 ιατρῷ
1095 4476 1153 4513 τε
1186 4460 1279 4513 τοῦ
1318 4461 1569 4529 σώματος
1598 4459 1930 4529 παραδόντος

2041 1992 2203 2047 ﬂetus
2261 1994 2500 2048 habebat
2557 1994 2922 2048 occasiones:
2977 2003 3269 2057 naturam,
3329 1996 3626 2060 canitiem,

2042 2080 2140 2135 ﬁlii
2183 2082 2636 2142 adolescentiam.
2671 2082 2818 2151 quod
2855 2093 3077 2152 propter
3098 2097 3224 2136 eum
3255 2082 3431 2136 solum
3467 2082 3624 2134 labo-

2041 2179 2210 2233 raret,
2241 2173 2386 2241 quo‘d
2410 2173 2568 2243 longe
2599 2184 2744 2228 esset
2771 2176 3072 2242 profectus,
3095 2184 3150 2228 et
3182 2176 3359 2244 magni
3409 2174 3626 2228 itineris

2038 2261 2256 2318 labores
2306 2271 2451 2318 esset
2509 2279 2827 2334 perpessus,
2900 2266 3066 2335 idque
3113 2282 3237 2320 cum
3298 2274 3443 2321 esset
3490 2281 3627 2334 puer

2039 2353 2430 2418 daemoniacus,
2464 2364 2520 2408 et
2581 2365 2728 2409 tanta
2763 2367 2910 2411 esset
2943 2358 3061 2426 e‘jus
3090 2357 3306 2411 vexatio
3354 2364 3410 2410 ct
3434 2355 3632 2410 immo-

2039 2446 2274 2501 deratio.
2339 2446 2406 2501 Et
2455 2462 2580 2501 cum
2623 2456 2907 2517 postremo
2963 2449 3282 2512 addidisset,
3339 2463 3460 2503 esse
3516 2449 3626 2519 jam

2039 2539 2374 2596 tricesimum
2424 2540 2592 2606 diem,
2639 2556 2706 2594 ex
2755 2556 2865 2610 quo
2920 2557 3120 2597 nomen
3178 2543 3325 2596 illius
3358 2543 3628 2612 malignus

2039 2633 2303 2687 clamaret
2343 2632 2592 2702 spiritus,
2653 2634 2773 2702 ejus
2819 2634 3055 2698 animus,
3091 2635 3183 2705 qui
3223 2635 3382 2692 facile
3437 2649 3628 2689 moveo

2037 2722 2202 2778 batur
2259 2723 2667 2788 misericordia,
2702 2724 2878 2793 ipsius
2955 2726 3136 2780 statim
3195 2735 3280 2780 est
3339 2727 3622 2782 misertus.

2037 2812 2238 2878 Quidni
2290 2815 2438 2869 enim
2491 2815 2875 2870 misericordia
2915 2817 3220 2870 movendus
3272 2827 3391 2870 erat
3419 2815 3624 2871 Christi

2037 2905 2383 2976 discipulus?
2416 2905 2472 2960 Si
2509 2913 2566 2961 tu
2594 2922 2750 2977 ergo,
2788 2907 2988 2978 inquit,
3021 2908 3202 2963 credis
3233 2909 3372 2974 fore,
3408 2916 3469 2962 ut
3494 2923 3626 2977 per-

2038 3006 2264 3052 sanctur
2311 3007 2442 3052 tuus
2468 2996 2637 3063 ﬁlius,
2695 2999 2918 3053 dabitur
2964 2999 3062 3053 tibi
3123 2999 3425 3063 secundum
3457 2997 3623 3052 ﬁdem

2041 3097 2210 3153 tuam;
2249 3097 2306 3144 et
2353 3089 2518 3144 simul
2565 3105 2691 3144 eum
2735 3090 2900 3159 jussit
2931 3091 3108 3161 potari
3155 3090 3276 3145 oleo
3327 3106 3356 3144 a
3395 3091 3622 3152 sanctis,

2039 3181 2134 3251 qui
2188 3182 2301 3236 illic
2351 3189 2532 3237 erant.
2587 3183 2744 3248 Quod
2786 3199 2914 3238 cum
2961 3184 3164 3239 factum
3211 3193 3385 3248 esset,
3436 3185 3619 3239 statim

2039 3274 2260 3344 quidem
2306 3290 2433 3329 cum
2485 3276 2639 3329 humi
2669 3276 2802 3346 jacit
2832 3291 3033 3331 saevum
3058 3277 3414 3340 daemonium,
3461 3292 3619 3332 eum-

2040 3380 2146 3434 que
2185 3364 2342 3420 valde
2407 3366 2579 3420 laniat
2607 3382 2674 3420 ac
2723 3367 2949 3422 lacerat.
2985 3368 3190 3423 Deinde
3245 3383 3436 3438 magna
3487 3383 3622 3424 voce

2041 3471 2166 3512 cum
2200 3457 2350 3512 luctu
2409 3459 2632 3524 clamat,
2677 3460 2944 3530 Egredior
2999 3461 3130 3526 heu,
3170 3460 3369 3530 inquit,
3407 3460 3624 3532 egredi-

2039 3561 2121 3600 or.
2160 3546 2297 3600 Cum
2341 3547 2462 3602 dies
2485 3549 2596 3619 jam
2633 3549 2855 3604 adesset
2907 3559 3155 3616 octavus,
3202 3551 3293 3605 ubi
3328 3551 3628 3606 daemonia-

2039 3654 2137 3694 cus
2187 3640 2404 3710 nigrum
2437 3651 2496 3696 et
2531 3650 2851 3695 concretum
2898 3641 3231 3698 evomuisset
3273 3642 3622 3710 sanguinem,

2038 3730 2263 3801 gloriosi
2320 3729 2500 3787 Patris
2549 3743 2775 3788 sanatus
2807 3740 2893 3787 est
2950 3732 3228 3802 precibus,
3275 3739 3333 3786 et
3371 3747 3539 3786 sanus
3565 3740 3624 3786 et

2038 3830 2187 3876 recte
2217 3836 2277 3877 se
2303 3823 2514 3878 habens
2537 3838 2638 3878 suo
2696 3823 2840 3893 patri
2870 3831 2956 3879 est
3013 3824 3262 3880 traditus.
3295 3823 3392 3878 Ille
3435 3832 3621 3876 autem

2039 3929 2162 3968 cum
2201 3915 2505 3984 accepisset
2538 3914 2732 3980 lilium,
2777 3914 2965 3984 lingua
2988 3914 3211 3983 quidem
3255 3914 3510 3968 utebatur
3551 3913 3620 3993 ad

2038 4006 2278 4078 agendas
2293 4006 2783 4080 gratiasJacrymis
2795 4021 2925 4061 vero
2939 4005 3004 4060 ad
3030 4006 3292 4061 laetitiam.
3319 4005 3458 4060 Sunt
3474 4005 3620 4060 enim

2010 4145 2014 4148 .
2035 4098 2199 4153 etiam
2221 4097 2423 4172 laetitia:
2445 4098 2720 4169 lacrymae,
2743 4098 2962 4167 quando
2984 4111 3250 4151 summam
3267 4096 3444 4150 animi
3467 4096 3626 4166 agri-

2036 4189 2286 4245 tudinem
2319 4205 2546 4245 summa:
2597 4190 2936 4258 excipientes
2989 4187 3209 4250 laetitiae,
3243 4187 3446 4242 nubem
3499 4202 3623 4257 quas

2035 4281 2344 4352 premebat,
2384 4281 2638 4352 protinus
2711 4280 3066 4350 depulerint,
3119 4288 3178 4335 et
3231 4279 3465 4334 naturali
3521 4279 3627 4332 Ilu-

2034 4369 2197 4424 xione
2228 4370 2593 4441 lacrymarum
2633 4383 2746 4423 usa:
2795 4368 3004 4424 fuerint
3035 4383 3160 4424 cum
3198 4369 3498 4438 voluptate.
3532 4367 3624 4424 Sic

2033 4477 2175 4532 puer
2231 4477 2342 4517 non
2407 4462 2584 4516 solum
2632 4471 2860 4517 curatur
2927 4476 2958 4516 a
3018 4461 3162 4516 malo
3209 4462 3478 4548 daemone,
3528 4460 3624 4516 sed

361 4556 460 4609 καὶ
491 4554 672 4624 ίατρδν
701 4553 956 4621 γενέσθαι
989 4553 1082 4604 καὶ
1112 4554 1212 4619 τῆς
1243 4552 1420 4622 ψυχῆς
1457 4549 1926 4614 καταξιώσαντος⁶

2038 4555 2209 4609 etiam
2263 4554 2528 4608 continuo
2561 4564 2810 4608 armatur
2843 4554 3108 4609 adversus
3141 4554 3422 4608 daemones
3445 4594 3460 4619 ,
3494 4569 3620 4611 cum

359 4645 420 4710 ὃς
450 4645 544 4698 καὶ
579 4644 833 4714 καθαρῶς
860 4643 938 4714 τῷ
972 4645 1195 4713 καθαρῷ
1227 4641 1500 4711 προσῆλθε
1535 4642 1635 4712 τὴν
1676 4640 1769 4693 τοῦ
1808 4641 1926 4709 βίου

362 4739 546 4789 πᾶσαν
575 4734 861 4787 ἀπολιπὼν
895 4736 1251 4805 ματαιότητα.
1297 4734 1391 4785 Ἓν
1431 4733 1527 4801 μὲν
1557 4733 1621 4802 δη
1659 4733 1814 4784 τοῦτο
1837 4733 1932 4786 καὶ

360 4823 531 4884 οὕτως
564 4823 686 4891 ἕχον
706 4836 721 4853 ·
761 4822 986 4893 ὕστερον
1019 4823 1075 4875 δὲ
1113 4823 1303 4876 τούτου
1336 4821 1587 4891 οὐδλιμῶς
1616 4820 1858 4876 ἔλαττον.

2037 4653 2194 4715 pater
2225 4654 2348 4715 post
2385 4649 2730 4702 curationem
2777 4661 2904 4700 eum
2956 4646 3068 4701 Deo
3111 4655 3508 4710 consecrasset,
3567 4652 3625 4700 et

2037 4743 2100 4789 ut
2128 4735 2492 4790 monasticum
2536 4738 2797 4790 amictum
2853 4746 2911 4790 et
2938 4736 3103 4791 vitam
3134 4736 3456 4806 susciperet.
3486 4734 3624 4788 επε-

2030 4827 2225 4890 cisset,
2259 4836 2315 4880 et
2360 4827 2575 4882 medico
2607 4827 2857 4896 corporis
2887 4842 3017 4881 eum
3051 4826 3387 4891 tradidisset,
3443 4834 3499 4879 et
3533 4839 3618 4878 ro-

362 4932 544 4997 gasset
605 4929 668 4975 ut
719 4926 868 4972 esset
917 4919 1082 4973 etiam
1139 4916 1388 4970 medicus
1435 4916 1654 4982 animae;
1693 4919 1789 4987 qui
1836 4919 2002 4974 etiam
2065 4935 2243 4988 purus
2289 4921 2358 4974 ad
2401 4936 2594 4991 purum
2647 4921 2898 4984 accessit,
2953 4919 3100 4972 omni
3161 4919 3453 4972 mundana:
3501 4915 3627 4971 vita

363 5017 550 5074 relicta
581 5013 840 5068 vanitate.
878 5012 994 5066 Hoc
1063 5010 1281 5079 quidem
1326 5007 1427 5062 fuit
1459 5024 1628 5065 unum
1660 5010 1951 5082 ejusmodi;
1977 5013 2208 5068 alterum
2242 5022 2422 5066 autem
2457 5028 2523 5068 eo
2550 5028 2662 5067 non
2701 5011 2948 5068 interius.

434 5113 536 5169 ΙΘ’.
572 5113 745 5182 ¹Κύρῳ
768 5113 876 5163 τινὶ
907 5109 1135 5178 ὑπάρχῳ
1155 5108 1252 5176 μὲν
1273 5109 1522 5176 γεγονότι
1545 5108 1606 5161 τὸ
1639 5109 1930 5177 πρότερον,

364 5206 590 5275 ὕστερον
619 5203 675 5256 δὲ
707 5203 802 5256 καὶ
832 5201 1023 5271 θρόνου
1059 5198 1368 5266 ἐπισκοπῆς
1392 5197 1666 5260 ἐπιϐάντι,
1696 5197 1758 5248 τὸ
1788 5198 1844 5249 ὲν
1869 5199 1936 5266 τῇ

2117 5108 2257 5165 XIX.
2306 5109 2536 5165 Cuidam
2570 5110 2732 5179 Cyro,
2763 5112 2857 5176 qui
2896 5108 3052 5178 prius
3104 5108 3324 5178 quidem
3355 5109 3460 5162 fuit
3489 5121 3630 5176 prae-

2041 5212 2150 5262 ses,
2179 5211 2364 5267 postea
2397 5209 2578 5254 autem
2612 5199 2861 5254 ascendit
2898 5198 3062 5254 etiam
3091 5199 3158 5252 ad
3193 5199 3381 5253 sedem
3408 5198 3626 5267 episco-

361 5299 575 5368 Φρυγίᾳ
612 5296 910 5349 Κοτυάειον
937 5293 1078 5358 αῦτη
1105 5286 1195 5360 ἢν,
1224 5291 1318 5342 καὶ
1343 5290 1549 5358 ταύτης
1578 5289 1832 5342 ἐκστάντι
1853 5288 1936 5342 διά

2041 5290 2218 5358 palem
2237 5289 2470 5344 civitatis
2495 5292 2547 5344 in
2567 5291 2828 5361 Phrygia,
2849 5290 2938 5344 cui
2958 5305 3160 5343 nomen
3179 5298 3299 5344 erat
3314 5288 3626 5359 Cotyaium,

361 5405 486 5442 τινα
517 5388 640 5441 κατ’
676 5384 843 5439 αὐτοῦ
881 5383 1198 5452 κινηθεῖσαν
1220 5381 1496 5450 διαϐολὴν,
1526 5380 1822 5451 θυγάτριον
1849 5376 1940 5450 ἦν,

2041 5390 2098 5435 et
2158 5382 2228 5435 ab
2282 5383 2376 5435 illo
2430 5391 2618 5448 postea
2659 5383 2990 5434 discesserat
3052 5390 3280 5449 propter
3329 5380 3624 5449 quamdam

375 5480 730 5550 Ἀλεξανδρέα
765 5477 935 5546 ταύτῃ
967 5475 1028 5527 τὸ
1060 5473 1255 5540 δνομα.
1291 5471 1440 5542 Αὕτη
1482 5471 1562 5543 τῷ
1594 5471 1844 5540 προτέρῳ
1873 5470 1936 5522 τά

2045 5479 2248 5523 motam
2287 5469 2552 5523 adversus
2583 5483 2709 5522 eum
2744 5467 3096 5533 calumniam,
3129 5479 3246 5524 erat
3272 5469 3382 5523 ﬁlia
3404 5470 3628 5526 nomine

361 5575 524 5638 δμοια
563 5570 874 5634 ἐπεπόνθει,
907 5568 1002 5622 καὶ
1032 5567 1137 5619 ὑπὸ
1183 5565 1438 5633 δαίμονος
1479 5563 1702 5632 ὠχλεῖτο
1732 5562 1942 5625 δεινῶς.

2037 5559 2386 5614 Alexandria.
2431 5561 2506 5615 Ea
2535 5560 2728 5615 eodem
2786 5559 2950 5615 modo
2980 5569 3100 5616 erat
3145 5562 3358 5626 all'ecta,
3400 5576 3509 5632 quo
3536 5562 3629 5616 ille

374 5661 438 5715 '0
468 5659 561 5714 οῦν
599 5661 798 5731 ταύτης
824 5661 1009 5729 πατὴρ
1039 5659 1129 5712 τὸν
1154 5661 1304 5712 ὅσιον
1341 5656 1433 5708 ἐπὶ
1461 5655 1585 5708 νοῦν
1614 5653 1794 5707 λαῆὼν
1820 5655 1936 5722 ἄγει

2041 5666 2204 5720 quem
2228 5651 2382 5720 prius
2416 5652 2674 5716 diximus,
2706 5662 2761 5707 et
2785 5653 3025 5723 graviter
3049 5655 3351 5708 vexabatur
3373 5669 3404 5708 a
3429 5653 3625 5708 daemo—

363 5751 503 5824 πρὸς
536 5751 699 5805 αὐτὸν
745 5750 844 5821 τὴν
889 5749 1056 5804 παῖδα
1094 5752 1160 5820 τῇ
1214 5747 1420 5818 φυσικῇ
1477 5746 1680 5814 στοργῇ
1734 5743 1936 5814 θέρμηι

2043 5758 2134 5800 ne.
2168 5743 2300 5815 Ejus
2351 5760 2482 5818 ergo
2517 5753 2692 5815 pater,
2750 5759 2878 5805 cum
2925 5755 3149 5804 sanctus
3196 5747 3247 5804 ei
3284 5747 3528 5804 venisset
3575 5745 3628 5800 in
