4126 6382
576 297 693 362 995

1744 293 2009 357 ADDEN
2018 295 2138 355 DA.
2173 313 2244 328 -·-
2277 293 2736 364 ΒΕΟΕΜΒΕΒ.,·

3769 299 3865 365 996

579 423 843 476 mentem,
872 410 940 466 ad
988 411 1168 481 ipsum
1223 409 1380 465 ducit
1429 408 1623 475 ﬁliam,
1658 409 1894 465 naturali
1941 409 2178 463 benevo-

2281 407 2451 476 ἇλλην
2474 411 2719 480 κεράσας
2749 409 2846 464 xui.
2866 409 2968 482 τὴν
2986 411 3052 465 ἐκ
3083 413 3346 478 πίστεως.
3387 415 3540 485 ’Δμα
3567 415 3667 472 οὖν
3689 420 3746 474 ui
3775 422 3866 475 τοῦ

579 505 763 562 lentia:
814 503 984 558 alium
1022 503 1392 559 commiscens
1439 502 1721 567 ardorem,
1774 514 1975 570 nempe
2025 497 2173 554 ﬁdei.

577 595 755 650 Simul
803 600 968 662 atque
1001 609 1133 663 ergo
1161 593 1336 647 sancti
1369 607 1563 646 manus
1599 593 1720 663 ejus
1757 591 1923 662 capiti
1953 591 2179 644 fuerunt

581 685 881 755 imposita,
919 685 1144 756 fugatus
1192 694 1279 740 est
1323 685 1576 755 spiritus,
1605 691 1663 739 et
1708 698 1830 754 qua:
1868 682 2176 738 laborabat.

582 777 773 831 statim
807 785 1106 846 conspecta
1135 785 1221 830 est
1257 791 1411 831 sana.
1460 775 1636 831 Porro
1665 783 1850 829 autem
1880 773 2011 828 huic
2037 788 2178 843 quo-

578 885 688 940 que
723 868 990 924 miraculo
1035 867 1142 921 fuit
1174 867 1410 922 altern
1449 869 1830 938 coniunctum.
1877 866 1997 921 Jam
2025 865 2178 920 enim

576 959 756 1030 Cyrus
789 969 982 1014 sancto
1010 958 1172 1014 valde
1199 957 1508 1024 conﬁdens,
1538 958 1660 1028 ejus
1689 956 1950 1011 utebatur
1978 955 2174 1025 gratia.

581 1051 736 1106 Unde
788 1051 954 1106 etiam
1015 1066 1246 1106 uxorem
1307 1052 1454 1122 ejus,
1505 1049 1597 1105 cui
1655 1064 1886 1104 suorum
1919 1063 2178 1118 agrorum

579 1144 762 1198 fuerat
786 1143 1043 1196 mandata
1076 1159 1230 1208 cura,
1263 1159 1385 1212 qua:
1434 1143 1548 1213 ipsa
1582 1155 1800 1211 quoque
1829 1151 1952 1195 erat
1977 1139 2181 1195 daemo-

578 1237 759 1299 niaca,
815 1236 975 1290 duxit
1020 1236 1089 1290 ad
1137 1237 1351 1305 ipsum.
1403 1236 1596 1307 Neque
1653 1251 1780 1290 eum
1830 1251 1930 1289 sua
1984 1233 2181 1288 fefellit

581 1327 806 1389 ﬁducia.
858 1327 955 1382 sed
989 1343 1053 1382 ea
1087 1343 1311 1398 quoque
1365 1343 1490 1384 cum
1542 1327 1651 1380 ﬁlia
1687 1325 1950 1380 mundata
1999 1323 2104 1378 fuit
2148 1339 2180 1378 a

579 1419 731 1473 rabie
783 1417 1069 1471 daemonis.
1102 1417 1210 1472 Pro
1255 1417 1460 1486 quibus
1510 1415 1578 1470 iis
1630 1414 1824 1483 utique
1871 1426 2096 1482 magnas
2128 1409 2180 1465 ei

579 1506 787 1563 habens
819 1516 876 1563 et
928 1523 1096 1578 agens
1135 1507 1338 1577 gratias
1383 1513 1537 1574 (erat
1565 1504 1711 1560 enim
1756 1504 1842 1558 vir
1870 1503 2088 1566 doctus,
2127 1509 2183 1558 et

579 1599 839 1655 humanis
881 1600 1083 1655 litteris
1113 1597 1425 1665 eruditus),
1471 1599 1528 1651 in
1564 1597 1744 1666 posita
1776 1595 1892 1650 illic
1924 1594 2181 1649 columna

574 1692 910 1760 epigramma
959 1702 1146 1760 postea
1174 1689 1485 1757 insculpsit,
1525 1687 1675 1758 quod
1713 1688 1796 1741 sic
1833 1685 2000 1741 habet
2033 1703 2050 1740 :
2081 1684 2182 1740 Hic

575 1790 685 1835 stat
712 1782 818 1843 vir,
869 1781 1113 1851 undique
1163 1779 1470 1849 impetitur,
1525 1789 1582 1836 et
1616 1788 1808 1835 ventos
1852 1793 1964 1832 non
1997 1778 2172 1832 timet.

577 1873 875 1929 Ambrosio
913 1883 1099 1929 autem
1135 1873 1310 1928 utitur
1355 1873 1644 1936 alimento,
1698 1879 1756 1924 et
1803 1870 1896 1925 siti
1948 1877 2175 1938 experte

573 1964 899 2028 sanguinis;
938 1965 1079 2018 actis
1110 1979 1243 2018 vero
1273 1963 1578 2027 radicibus,
1602 1961 1853 2016 fundavit
1876 1960 2171 2016 aediﬁcium

2206 1746 2256 1804 Β

2278 498 2438 566 ἁγίου
2470 501 2650 572 χεῖρες
2678 503 2746 571 τῇ
2770 501 2982 572 κεφαλῇ
3003 502 3174 574 αὐτῆς
3195 505 3531 576 ἐπετίθεντο,
3561 509 3626 562 τὸ
3645 509 3868 580 πνεῦμα

2279 588 2671 658 ἐφυγαδεύετο,
2707 591 2808 646 καὶ
2851 593 3012 664 ὑγιὴς
3042 594 3207 660 εὐθὺς
3239 598 3272 666 ἡ
3325 597 3614 668 πάσχουσα
3659 603 3864 656 καθεω-

2281 681 2438 752 ρᾶτο.
2479 681 2696 750 ’Δμὲλει
2725 683 2821 736 καὶ
2845 683 2924 753 τῷ
2955 684 3185 754 τοιούτῳ
3212 685 3451 757 θαύματι
3479 688 3667 761 θαῦμα
3700 695 3866 763 ausi;-

2279 788 2446 826 πτετο
2474 772 2687 844 ἕτερον.
2727 775 2871 846 Ἤδη
2896 775 3007 847 γὰρ
3036 779 3065 831 6
3091 777 3274 848 Κῦρος
3301 780 3374 833 τὰ
3406 782 3622 850 μεγάλα
3646 783 3868 857 θαῤῥῶν

2280 864 2418 930 πρὸς
2449 864 2543 917 τὸν
2575 863 2731 932 ἅγιον
2760 867 2828 936 τῇ
2879 865 3048 920 αὐτοῦ
3092 868 3279 938 χάριτι
3319 873 3750 942 καταχρώμενος
3777 873 3866 947 ἧν.

2282 952 2447 1005 Ὅθεν
2495 957 2590 1010 καὶ
2634 955 2734 1027 τὴν
2763 961 3002 1026 γυναῖκα
3033 959 3130 1013 τοῦ
3179 961 3289 1015 τῶν
3321 963 3510 1035 ἀγρῶν
3564 966 3734 1021 αὐτοῦ
3767 970 3866 1038 τὴν

2281 1046 2542 1132 φροντίδα
2567 1093 2570 1096 .
2595 1050 3036 1120 πεπιστευμένου
3089 1052 3443 1123 δαιμονῶσαν
3497 1058 3593 1111 καὶ
3657 1061 3864 1132 ταύτην

2279 1131 2447 1190 οὖσαν
2483 1139 2618 1207 πρὸς
2653 1139 2816 1193 αὑτὸν
2845 1141 3047 1211 ἧγαγε,
3088 1145 3185 1198 καὶ
3225 1147 3448 1217 θαῤῥῶν
3479 1149 3578 1219 οὐχ
3607 1131 3866 1222 suam.

2281 1245 2393 1292 νεν,
2429 1227 2566 1283 ἀλλὰ
2619 1234 2712 1285 καὶ
2740 1233 2948 1302 ταύτην
2992 1236 3134 1305 μετὰ
3164 1237 3262 1306 τῆς
3295 1237 3568 1312 θυγατρὸς
3600 1239 3718 1314 εἶχε
3745 1247 3866 1300 δαιο

2284 1319 2474 1389 μονίας
2511 1320 2715 1392 λύσσης
2748 1325 3174 1397 κεκαθαρμένην
3199 1345 3213 1357 ⁶
3249 1329 3394 1400 ὑπερ
3425 1324 3502 1386 ὧν
3529 1333 3595 1403 δὴ
3643 1340 3739 1390 καὶ
3771 1355 3866 1408 με-

2281 1411 2452 1478 γάλας
2479 1412 2763 1482 ὁμολογῶν
2790 1415 3023 1486 χάριτας
3053 1417 3174 1486 (καὶ
3202 1421 3315 1492 γὰρ
3356 1423 3490 1494 περὶ
3514 1425 3709 1494 λόγους
3753 1425 3868 1499 εἶχε

2282 1502 2379 1556 καὶ
2401 1503 2504 1574 τὴν
2545 1504 2870 1578 Ἑλληνικὴν
2903 1511 3098 1576 σοφίαν
3138 1512 3492 1583 πεπαίδευτο)
3532 1517 3868 1588 ἐπίγραμμα

2281 1592 2359 1662 τῷ
2395 1594 2622 1666 ὕστερον
2669 1598 2819 1669 αὐτῷ
2866 1599 3134 1668 ἱδρυθέντι
3185 1603 3326 1657 κίονι
3376 1605 3707 1678 ἑνεκόλαψτν
3744 1593 3890 1679 ἔχον.

2283 1685 2461 1749 οὕτως
2484 1702 2500 1717 ’
2535 1687 2780 1742 Ἰσταται
2815 1692 2956 1762 ἀνὴρ
3008 1693 3276 1750 πάντοθεν
3308 1697 3610 1768 ἀρνύμενος
3660 1704 3756 1756 καὶ
3801 1686 3899 1756 ούἱ

2283 1776 2528 1844 τρομέων
2560 1779 2797 1849 ἀνέμους
2817 1796 2834 1812 ο
2859 1785 3037 1853 τροφῇ
3078 1784 3124 1838 δ’
3156 1786 3437 1859 ἀμϐροσίῃ
3473 1793 3738 1861 τρέφεται
3769 1795 3865 1847 καὶ

2281 1867 2537 1938 ἅναίμονι
2564 1871 2718 1943 δίψῃ,
2747 1874 2946 1945 τεύχεα
2980 1875 3220 1946 ῥιζώσας
3263 1879 3404 1934 κίονι
3450 1883 3734 1955 διχθαδίῳ.
3760 1885 3866 1938 Συο

2283 1959 2432 2030 μεὼν
2461 1961 2519 2016 δὲ
2566 1963 2692 2034 ῥίζα
2722 1963 2842 2020 ulla
2885 1966 3174 2037 κηρύττων
3220 1973 3428 2044 μητρὸς
3457 1975 3864 2046 ἀπειρογάμοο.

572 2055 830 2110 columna
885 2056 1111 2125 duplici.
1149 2056 1244 2110 Est
1271 2065 1453 2111 autem
1489 2053 1646 2109 radix
1698 2052 1944 2120 Simeon,
1992 2053 2170 2108 ﬁlium
2207 2053 2518 2124 praedicans
2577 2057 2791 2123 matris,
2841 2075 2965 2131 qua:
3012 2079 3123 2120 non
3192 2077 3278 2122 est
3328 2076 3552 2138 experta
3620 2073 3863 2142 nuptias.

575 2148 685 2203 Sed
717 2149 831 2203 lucc
861 2150 1085 2218 quidem
1113 2151 1214 2207 sic.

646 2245 768 2299 XX.
806 2247 1080 2316 Deinceps
1131 2262 1263 2301 vero
1311 2255 1430 2302 erat
1458 2245 1684 2315 quidem
1733 2244 1875 2312 dies,
1931 2243 2178 2299 omnium

577 2337 794 2390 dierum
847 2339 1175 2408 przecipuus.
1216 2339 1310 2394 Vir
1348 2347 1531 2392 autem
1574 2337 1799 2407 quidam
1833 2352 1900 2390 cx
1945 2336 2037 2402 iis,
2084 2336 2180 2406 qui

576 2443 746 2497 prope
777 2430 1052 2483 Euxinum
1108 2440 1338 2499 pontum
1388 2428 1732 2490 habitabant,
1767 2428 1919 2481 venit
1945 2426 2183 2482 efferens

580 2521 781 2587 ﬁlium,
829 2522 923 2589 qui
982 2522 1100 2590 ipse
1157 2537 1380 2592 quoque
1426 2520 1820 2591 possidebalur
1865 2518 2091 2590 quidem
2151 2533 2181 2572 a

577 2615 844 2679 daemone,
891 2614 986 2670 sed
1033 2624 1153 2670 erat
1175 2615 1386 2684 alioqui
1449 2622 1507 2668 et
1543 2613 1748 2667 surdus
1785 2620 1843 2667 et
1882 2619 2091 2674 mutus,
2125 2619 2182 2666 et

577 2708 796 2776 qualem
829 2722 1053 2763 curasse
1085 2706 1368 2762 Christum
1426 2706 1630 2761 docent
1687 2705 2006 2774 Evangelia.
2040 2704 2182 2758 Cum

578 2807 766 2854 autem
825 2799 1097 2853 columnae
1151 2798 1263 2870 jam
1315 2798 1828 2869 appropinquarent
1873 2795 2020 2850 ﬁlius
2056 2809 2184 2849 cum

576 2900 753 2962 patre,
787 2891 1080 2946 excutiens
1117 2907 1358 2962 puerum
1403 2891 1640 2952 daemon,
1681 2898 1738 2944 et
1769 2887 2014 2943 avellens
2055 2901 2183 2942 eum

577 2985 648 3039 ab
683 2983 836 3054 ipsis,
871 2984 967 3053 qui
1004 2984 1184 3054 ipsum
1219 2982 1506 3049 tenebant,
1535 2981 1756 3052 impulit
1791 2995 1918 3036 eum
1953 2979 2020 3033 ad
2054 2993 2176 3033 sca-

2353 2241 2439 2298 K'.
2469 2241 2551 2295 Τὰ
2575 2243 2633 2296 δὲ
2667 2243 2796 2310 ἑξῆς
2847 2247 3035 2318 ἡμέρα
3066 2244 3134 2320 ἦν
3167 2249 3201 2320 ἡ
3241 2251 3410 2320 κυρία
3457 2251 3566 2306 τῶν
3616 2253 3864 2326 ἡμερῶν.

2291 2334 2465 2405 Ἀνὴρ
2490 2334 2547 2389 δέ
2571 2353 2658 2400 τις
2683 2336 2794 2390 τῶν
2826 2339 2983 2409 παρὰ
3013 2340 3107 2393 τὸν
3135 2339 3392 2406 Εὔξεινον
3421 2344 3615 2399 πόπον
3654 2348 3870 2400 οίκούν-

2279 2441 2392 2478 των
2439 2419 2547 2496 ἧκε
2603 2428 2772 2482 παῖδα
2825 2428 3070 2498 κομίζων
3131 2432 3349 2502 δαίμονι
3402 2435 3504 2504 μὲν
3553 2438 3649 2490 καὶ
3700 2440 3868 2494 αύτίν

2283 2517 2618 2587 κατάσχετον
2655 2518 2808 2584 ὄντα,
2841 2519 2983 2591 πλὴν
3012 2521 3182 2577 τᾶλλα
3229 2527 3415 2594 κωφόν
3448 2544 3509 2580 τε
3539 2529 3633 2581 καὶ
3666 2529 3867 2584 ἄλαλον

2283 2609 2379 2662 καὶ
2406 2611 2592 2664 ὁποίον
2619 2611 2685 2682 δὴ
2731 2613 2824 2666 τὸν
2865 2614 3103 2685 Χριστὸν
3137 2615 3476 2687 θεραπεῦσαι
3509 2622 3579 2676 τὰ
3612 2622 3865 2691 Εὐαγτέ-

2280 2698 2392 2754 λια.
2440 2699 2530 2764 Ὣς
2557 2700 2652 2754 οὖν
2679 2703 2781 2773 ήδη
2802 2703 2882 2772 τῷ
2915 2704 3095 2775 στύλῳ
3117 2709 3488 2779 προσήγγιζον
3510 2711 3538 2764 6
3567 2714 3701 2775 παῖς
3725 2716 3866 2783 μετὰ

2287 2789 2385 2844 τοῦ
2419 2793 2649 2863 πατρὸς,
2683 2796 2971 2861 ὲκτινάξας
2999 2801 3028 2852 6
3056 2799 3269 2870 δαίμων
3299 2802 3395 2856 τὸν
3428 2803 3595 2857 παῖδα
3622 2807 3723 2859 καὶ
3754 2804 3866 2859 τῶν

2283 2883 2634 2953 κρατούντων
2678 2887 2844 2940 αὐτὸν
2891 2889 3224 2955 ἀποσπάσας
3253 2892 3422 2963 ῆλασε
3452 2894 3589 2965 πρὸς
3625 2895 3728 2967 τὴν
3753 2897 3869 2950 κλί-

2288 2993 2439 3046 μακα
2479 2978 2604 3048 ἥτις
2651 2980 3023 3053 ὲρηρειομινη
3057 2984 3182 3038 τότε
3231 2986 3312 3056 τῷ
3357 2987 3536 3060 στύλῳ
3573 2989 3864 3060 ἂτύγχανε.

575 3061 681 3141 las,
705 3039 858 3146 lquzc
889 3039 1041 3130 tunc.
1077 3074 1300 3145 quidem
1338 3039 1560 3128 fuerant
1582 3039 1818 3127 admotae
1869 3071 2174 3134 columnas;

2285 3039 2398 3122 ὶίαὶ
2428 3086 2457 3126 ο
2635 3039 2800 3136 εύθξίς
2829 3039 2930 3144 τῆς
2976 3039 3246 3146 κλίμακος
3281 3039 3867 3152 ὶπιδαςῖἀνῇειίἢδ

573 3174 633 3221 ct
663 3166 755 3220 ille
789 3165 1020 3234 quidem
1060 3165 1318 3234 protinus
1353 3163 1686 3218 ascendebat
1717 3161 1913 3229 scalas;
1952 3168 2177 3215 sanctus

574 3268 711 3309 vero
742 3253 985 3323 desuper
1037 3253 1338 3322 aspiciens,
1379 3252 1554 3307 Deum
1591 3251 1843 3321 rogabat.
1890 3247 2177 3317 Quomodo

571 3343 724 3397 enim
752 3359 861 3398 non
893 3359 923 3398 a
952 3343 1201 3398 daemone
1230 3359 1261 3399 e
1297 3343 1462 3399 scalis
1486 3345 1785 3414 projectus,
1820 3342 2015 3398 fuisset
2046 3357 2180 3398 con-

574 3433 808 3502 fractus,
862 3435 968 3490 nisi
1004 3436 1050 3491 is
1103 3435 1426 3491 retinuisset
1461 3437 1766 3490 daemonem
1823 3433 2178 3503 precatione?

572 3526 695 3583 Non
743 3541 873 3597 ergo
919 3527 971 3581 ei
1006 3542 1202 3583 manus
1255 3527 1544 3598 imposuit,
1602 3540 1784 3596 neque
1823 3524 1978 3590 fecit,
2048 3539 2172 3596 quae

569 3619 701 3673 aliis
749 3617 934 3673 facere
986 3625 1371 3683 consueverat,
1405 3616 1503 3672 sed
1535 3616 1627 3672 ille
1660 3612 1883 3685 quidem
1917 3613 2179 3683 precaba-

569 3717 668 3764 tur
689 3711 967 3780 superius.
1007 3709 1152 3765 Puer
1189 3719 1375 3765 autem
1405 3724 1531 3765 cum
1561 3715 1714 3764 esset
1741 3705 1929 3761 adhuc
1987 3703 2180 3760 iuferi~

571 3817 662 3863 us,
691 3812 748 3858 et
781 3803 848 3857 ad
875 3802 1086 3857 medias
1127 3802 1302 3860 scalas
1331 3802 1580 3857 nondum
1606 3800 1978 3872 pervenisset,
2031 3797 2180 3853 sani-

577 3902 742 3956 tatem
797 3903 883 3950 cst
934 3903 1243 3950 assecutus.
1309 3894 1450 3950 Cum
1509 3895 1676 3950 unius
1722 3902 1937 3948 tantum
1992 3891 2180 3948 fecero

573 3987 937 4054 mentionem,
976 3989 1210 4042 aliorum
1268 4003 1371 4043 suo
1404 3997 1653 4058 tempore
1679 3985 2010 4041 meminero.

642 4077 786 4134 XXI.
809 4081 1032 4151 Magnus
1049 4079 1276 4149 Leo.qui
1299 4081 1605 4134 Romanum
1625 4078 1843 4148 quidem
1862 4076 2178 4147 imperium,

571 4181 827 4228 naturam
868 4185 1050 4229 autem
1089 4189 1280 4243 regere
1322 4188 1432 4227 non
1484 4179 1723 4242 poterat,
1775 4170 1872 4226 sed
1905 4169 2096 4239 proles
2125 4169 2180 4224 ei

573 4266 761 4321 deerat
793 4267 1057 4331 mascula,
1091 4266 1222 4335 quid
1255 4265 1422 4320 facit?
1475 4263 1736 4334 Confugit
1755 4262 1822 4317 ad
1855 4263 2026 4316 Deum
2058 4275 2179 4316 om-

2279 3161 2427 3225 ὅσιος
2461 3164 2670 3218 ἄνωθεν
2697 3164 2843 3235 ὁρῶν
2876 3165 3058 3220 ἐδέετο
3103 3167 3196 3222 τοῦ
3245 3169 3406 3223 Θεοῦ.
3443 3172 3552 3225 Καὶ
3600 3174 3863 3247 πῶςμγᾶρ

2278 3253 2378 3307 οὐκ
2415 3254 2483 3307 ἂν
2510 3254 2616 3307 ὑπὸ
2655 3255 2750 3309 τοῦ
2796 3255 3054 3326 δαίμονος
3083 3259 3264 3328 ριφεὶς
3295 3261 3396 3331 τῆς
3443 3261 3716 3332 κλίμακος
3763 3281 3866 3320 κα-

2278 3345 2475 3417 τεάγη,
2525 3349 2575 3399 εἰ
2628 3345 2706 3419 μὴ
2741 3349 3121 3420 προκατέσχετο
3168 3347 3325 3416 οὗτος
3372 3355 3465 3408 τὸν
3512 3355 3742 3426 δαίμονα
3794 3362 3864 3430 τῇ

2278 3438 2414 3508 εὐχῇ
2438 3454 2454 3503 ;
2485 3436 2696 3493 Οὔκουν
2725 3440 2876 3511 αύτῷ
2901 3441 3004 3505 τὰς
3030 3445 3217 3514 χεῖρας
3245 3444 3536 3516 ἐπέθηκεν,
3568 3449 3689 3502 οὐδὲ
3718 3449 3865 3520 ἅπερ

2279 3530 2373 3584 ἐπὶ
2395 3531 2508 3593 τοῖς
2541 3529 2854 3602 ἔμπροσθεν
2884 3533 3070 3588 εἰώθει
3109 3537 3286 3591 ποιεῖν
3318 3536 3571 3608 ἔδρασεν.
3604 3540 3723 3595 ἀλλ’
3748 3542 3864 3596 ἄνω

2284 3623 2383 3694 μὲν
2413 3623 2620 3686 ἐκεῖνος
2644 3623 2865 3694 ηὔχετο,
2893 3627 3043 3680 κάτω
3072 3626 3130 3679 δὲ
3157 3627 3234 3680 ὢν
3256 3628 3286 3681 6
3313 3631 3444 3693 παῖς
3467 3629 3550 3683 ἔτι
3577 3632 3671 3686 καὶ
3695 3632 3864 3702 μήπω

2281 3713 2351 3767 τὰ
2377 3713 2521 3782 μέσα
2548 3714 2648 3784 τῆς
2679 3714 2949 3785 κλίμακος
2983 3717 3242 3787 ἐφθακὼς
3269 3719 3371 3790 τῆς
3399 3719 3698 3791 θεραπείας
3726 3724 3864 3778 ἁπέ-

2281 3803 2466 3858 λαυεν.
2504 3803 2658 3868 Ἐνδς
2681 3804 2762 3859 ἔτι
2791 3806 2950 3877 μόνου
2982 3807 3247 3878 μνησθεὶς
3266 3809 3377 3864 τῶν
3393 3811 3573 3866 ἄλλων
3600 3812 3660 3864 ὲν
3683 3813 3863 3884 καιρῷ

2282 3897 2448 3952 πάλιν
2492 3898 2609 3968 ίδίῳ
2641 3898 3049 3970 μνησθήσομαι.

2353 4072 2486 4128 KA'.
2531 4075 2685 4129 Λέων
2732 4077 2761 4130 6
2803 4075 2977 4145 μέγας
3021 4076 3248 4147 ἐκράτει
3303 4077 3403 4148 μὶν
3437 4078 3536 4148 τῆς
3578 4077 3863 4150 Ῥωμαίων

2281 4166 2480 4238 ἀρχῆς,
2506 4167 2710 4238 ἥκιστα
2739 4169 2797 4221 δὲ
2828 4169 2924 4221 καὶ
2955 4168 3173 4236 φύσεως
3199 4165 3314 4239 εἶχε
3346 4172 3589 4240 κρατεῖν,
3621 4171 3738 4225 ἀλλ’
3763 4173 3862 4244 tip-

2285 4259 2442 4329 ρενος
2469 4258 2689 4329 ὴμοίρει
2712 4259 2901 4330 γονῆς.
2935 4260 3002 4316 Τί
3031 4256 3127 4315 οὗν
3155 4263 3334 4327 ποιεῖς
3376 4263 3501 4315 Ἐπὶ
3522 4262 3616 4318 τὸν
3647 4264 3862 4318 πάντων

573 4360 725 4412 nium
777 4359 1101 4422 Dominum,
1139 4358 1285 4428 apud
1331 4358 1513 4428 ipsum
1553 4356 1780 4411 Daniele
1820 4371 1956 4410 usus
2003 4355 2176 4410 inter-

2284 4351 2592 4422 κρατοῦντα
2621 4353 2958 4422 καταφεύγει
3002 4354 3159 4418 Θεὸν,
3189 4355 3386 4426 μεσίτῃ
3424 4356 3560 4426 πρὸς
3589 4355 3752 4412 αὐτὸν
3783 4357 3860 4427 τῷ

573 4463 815 4504 cessore.
857 4450 953 4506 Ille
1003 4465 1136 4504 vero
1177 4451 1382 4520 paruit,
1430 4458 1487 4504 et
1523 4463 1668 4504 anno
1710 4448 1965 4516 sequenti
2024 4446 2172 4516 pari-

2281 4443 2483 4514 Δανιὴλ
2509 4445 2880 4516 χρησάμενος.
2917 4447 3028 4501 Καὶ
3059 4446 3119 4510 ὃς
3165 4447 3434 4518 ὑπήκουε,
3475 4449 3572 4501 καὶ
3599 4450 3682 4503 ὅτι
3711 4449 3860 4514 τέξε-

575 4552 756 4598 turam
788 4557 909 4598 esse
938 4557 1167 4597 uxorem
1205 4543 1459 4608 protinus
1482 4540 1836 4611 signiﬁcavit.
1874 4541 1984 4594 Res
2012 4553 2168 4608 ergo,

2281 4547 2370 4586 ται
2395 4533 2429 4603 ἠ
2465 4534 2603 4605 γυνὴ
2627 4534 2689 4587 τὸ
2719 4534 2875 4590 ἐπιὸν
2901 4535 3024 4600 ἔτος
3060 4536 3223 4601 εὐθὺς
3247 4537 3473 4608 ἐμήνυε.
3504 4539 3734 4608 Γέγονεν
3761 4536 3859 4595 οὖν

572 4643 634 4690 ut
684 4633 921 4694 dixerat,
956 4631 1244 4696 successit,
1301 4640 1357 4686 et
1410 4639 1606 4684 natura
1651 4627 1818 4683 cessit
1875 4625 2170 4696 precibus:

2281 4623 2414 4677 αὐτὸ
2440 4627 2675 4696 πρᾶγμα
2706 4625 2768 4679 τὸ
2796 4627 2971 4699 ῥῆμα,
3014 4628 3109 4681 καὶ
3149 4629 3269 4692 ταῖς
3304 4628 3492 4700 εὐχαῖς
3521 4625 3664 4694 εἶξεν
3691 4632 3724 4702 ἡ
3755 4631 3858 4699 φύ-

571 4743 684 4783 non
735 4727 914 4782 solum
975 4726 1044 4778 ad
1081 4724 1208 4797 hoc,
1269 4730 1331 4776 ut
1365 4721 1525 4776 daret
1598 4719 1797 4785 ﬁlium,
1833 4717 1926 4772 sed
1963 4718 2030 4771 ad
2066 4719 2172 4772 hoc

2281 4732 2365 4779 σις
2391 4717 2452 4770 ού
2494 4717 2679 4772 δοῦναι
2713 4719 2874 4789 μόνον
2902 4721 3043 4784 υἱὸν,
3084 4721 3222 4775 ἀλλὰ
3245 4721 3342 4775 καὶ
3383 4722 3508 4776 κατ’
3541 4724 3750 4777 ἐκεῖνον
3779 4725 3857 4777 δεῖ

569 4823 761 4884 etiam,
786 4829 845 4873 ut
868 4821 1022 4874 daret
1053 4818 1146 4873 illo
1177 4826 1447 4885 tempore,
1477 4827 1587 4883 quo
1617 4810 1792 4867 sancti
1829 4825 1892 4866 os
1921 4810 2168 4866 divinum

2281 4811 2366 4862 τὸν
2415 4810 2610 4878 καιρὸν
2635 4810 2823 4864 δοῦναι
2872 4813 2995 4866 καθ’
3038 4813 3098 4867 δν
3144 4815 3206 4867 τὸ
3245 4809 3503 4885 θεοφόρον
3545 4817 3722 4884 στόμα
3765 4815 3857 4869 τοῦ

573 4913 924 4983 praedixerat.
957 4911 1048 4967 Sic
1074 4911 1164 4965 ille
1186 4924 1299 4964 non
1331 4909 1512 4964 solum
1547 4914 1670 4963 erat
1704 4903 1851 4959 ﬁlius
1881 4903 2164 4974 precatio-

2281 4904 2434 4972 ἁγίου
2463 4907 2774 4977 προέλεξεν.
2811 4907 2998 4973 Οὕτως
3028 4910 3236 4972 ἐκεῖνος
3266 4911 3326 4963 ού
3361 4909 3522 4979 μόνον
3547 4907 3716 4980 εὑκῆς
3743 4907 3856 4973 υίὸς

572 5005 680 5070 nis,
709 5003 805 5059 sed
845 5003 1014 5058 etiam
1067 5018 1168 5072 per
1200 5015 1396 5072 preces
1430 4998 1597 5054 dabat
1628 4997 1752 5052 aliis
1780 5006 1842 5050 ut
1892 4995 2165 5050 haberent

2281 4992 2358 5070 ἦν,
2379 4998 2516 5052 ἀλλὰ
2539 5000 2763 5063 καὶτοῖς
2791 4999 2974 5065 ἄλλοις
2997 5001 3168 5055 ὶδίδου
3188 5000 3334 5071 ἔχειν
3367 5001 3437 5053 δι’
3459 4998 3632 5070 εὐχῆς
3679 5000 3854 5063 υἱούς.

573 5095 739 5150 ﬁlios.
765 5094 980 5150 Idcirco
1037 5110 1166 5148 eum
1214 5107 1576 5148 remunerans
1631 5091 1949 5160 imperator,
1993 5087 2164 5144 tertia:

2281 5085 2458 5140 Ταῦτα
2501 5088 2594 5142 καὶ
2649 5087 2904 5158 βασιλεὺς
2947 5090 3098 5161 αὐτῷ
3141 5091 3526 5160 ἀμειϐόμενος,
3557 5090 3746 5161 τρίτου
3771 5090 3856 5145 Os—

574 5189 849 5244 columnac
869 5189 920 5244 ei
970 5187 1105 5260 jecit
1157 5186 1611 5241 fundamentum.

2281 5181 2464 5251 μέλιον
2493 5182 2668 5245 κίονος
2695 5183 2859 5236 αὐτὸν
2895 5185 3247 5240 κατεϐάλετο.

636 5277 805 5332 XX‘II.
830 5277 970 5334 Cum
1000 5279 1142 5332 fama
1161 5292 1292 5349 ergo
1309 5285 1563 5332 sanctum
1586 5276 1793 5346 ubique
1812 5274 2163 5347 praedicaret,

2349 5273 2480 5328 KB'.
2512 5274 2625 5343 Τῆς
2657 5274 2847 5345 φήμης
2878 5270 2972 5329 οὖν
3000 5275 3092 5330 τὸν
3130 5276 3285 5344 ἅγιον
3317 5274 3634 5345 ἅπανταχοῦ
3663 5275 3855 5344 διακηε

565 5373 634 5427 ad
685 5386 814 5427 eum
851 5372 1004 5427 venit
1049 5370 1366 5441 imperatrix
1430 5369 1778 5440 Eudocia(3)
1809 5383 1932 5439 quae
1987 5383 2167 5438 nuper

2284 5366 2583 5436 ρυττούσης
2615 5367 2929 5436 ἀφικνεῖται
2965 5369 3104 5440 πρὸς
3137 5369 3300 5424 αύτδν
3330 5369 3426 5424 καὶ
3449 5369 3484 5440 ἡ
3517 5366 3726 5437 βασιλὶς
3753 5365 3848 5419 Εὐ-

563 5471 781 5519 servata
839 5478 910 5518 ex
952 5463 1173 5529 Africa;
1225 5471 1283 5517 et
1350 5476 1603 5532 magnam
1651 5461 1874 5531 quidem
1923 5460 1973 5515 ei
2009 5474 2169 5515 reve-

2281 5457 2432 5512 δοκία
2465 5459 2530 5512 ἑκ
2575 5459 2672 5529 τῆς
2701 5461 2929 5530 ’Ἄφρων
2971 5462 3097 5530 ἄρτι
3131 5460 3317 5533 χώρας
3355 5459 3719 5521 ἀνωωθεῖσα,
3755 5455 3855 5510 καὶ

566 5557 825 5624 rentiam,
887 5562 1130 5611 multum
1194 5563 1376 5610 autem
1439 5555 1691 5610 tribuens
1751 5553 2045 5617 honorem,
2107 5559 2165 5605 et

2281 5548 2484 5621 πολλὴν
2519 5549 2619 5621 μὲν
2645 5551 2803 5620 αἱδὼ,
2837 5553 3040 5625 πολλὴν
3072 5552 3129 5607 δὲ
3161 5552 3330 5624 τιμὴν
3357 5551 3600 5622 νέμουσα
3627 5547 3852 5614 ἁξιοῦσά

564 5695 736 5837 el(30p
750 5695 997 5823 Esuddoclila
1029 5706 1249 5820 servalta
1291 5713 1360 5755 ex
1381 5696 1574 5775 [Africa
1601 5696 1828 5766 dicitur,
1856 5694 2004 5766 quod
2042 5710 2072 5750 a
2111 5693 2420 5750 Genscrico
2449 5695 2849 5758 Wandalorum
2895 5713 3022 5772 rege
3055 5698 3274 5772 captiva
3305 5697 3360 5752 in
3397 5696 3638 5755 Africam
3669 5689 3849 5749 dedu-

623 5783 675 5830 a,
741 5783 772 5820 ο
897 5782 934 5819 ιι
977 5783 1087 5823 issa
1122 5783 1183 5824 es
1215 5805 1230 5820 .

623 5783 675 5830 at,
704 5782 829 5830 pOSt
857 5782 1087 5823 dimissa
1122 5782 1230 5824 εει.
