4142 6384
341 317 454 384 (97

1418 319 1599 381 νΙΤΑ
1638 319 1699 383 S.
1745 318 2114 383 DANIELIS
2161 321 2525 385 STYLIT/E.

3511 329 3617 396 998

340 453 402 490 τε
436 431 602 488 αὐτὸν
623 430 720 486 τοῦ
746 429 846 502 μὶν
869 428 1049 495 κίονος
1074 428 1384 496 κατελθεῖν,
1411 431 1673 502 φοιτῆσαι
1698 431 1758 486 δέ
1786 433 1923 502 πρὸς

2029 445 2228 503 rogans
2256 433 2459 503 ipsum,
2499 440 2560 488 ut
2587 432 2657 489 de
2681 435 2941 492 columna
2969 438 3192 510 quidem
3225 440 3614 508 descenderet,

339 529 469 591 τοὺς
513 523 688 594 αὐτῆς
714 524 936 588 τόπους,
985 524 1083 578 καὶ
1107 523 1333 589 τούτους
1363 523 1607 596 οίκῆσαι.
1651 524 1847 579 Πολλοὶ
1868 525 1927 580 δέ

345 637 458 690 μοι,
490 617 702 686 Ξλεγεν,
729 608 898 682 οὗτοι,
930 616 1026 670 καὶ
1054 616 1171 687 ἅμα
1211 617 1310 687 μὲν
1349 617 1581 689 ἡσυχίας
1611 617 1781 687 φίλοι,
1809 618 1928 687 ἅμα

341 711 400 766 δέ
429 708 524 764 καὶ
571 706 934 779 παραμυθίαν
967 708 1138 778 ἀλλην
1172 709 1394 779 ὀρέγειν
1423 708 1733 779 δυνάμενοι.
1783 709 1842 761 '0
1868 707 1927 761 δέ

340 803 442 870 τῆς
476 800 691 870 ἀγαθῆς
720 799 894 870 αὐτὴν
920 800 1148 871 γνώμης
1177 801 1579 872 ἀποδεχόμενος
1609 801 1709 855 οὐκ
1742 801 1926 872 ἔκρινε

347 892 720 965 μεταϐαίνειν,
752 892 868 946 ἀλλ’
888 892 1124 948 ἐνταῦθα
1150 893 1216 964 δὴ
1239 893 1646 964 διακαρτερεῖν,
1675 892 1806 946 ἔνθα
1831 894 1927 946 καὶ

343 985 496 1056 παρά
529 983 771 1056 Χριστοῦ
813 984 1123 1053 πεφύτευτο
1148 988 1216 1056 τῇ
1264 987 1434 1058 ἀρετῇ
1485 984 1793 1056 ῥιζοῦσθαι,
1831 984 1926 1040 καὶ

339 1079 432 1132 τὸν
485 1076 702 1148 καρπὸν
754 1075 958 1130 διδόναι
988 1076 1130 1130 κατά
1160 1078 1355 1146 καιρὸν
1400 1076 1494 1130 τὸν
1547 1077 1921 1145 προσήκοντα.

340 1166 531 1222 Ταῦτα
566 1168 662 1222 καὶ
691 1166 900 1221 τοιαῦθ’
927 1166 1096 1236 ἔτερα
1126 1167 1287 1232 λέξας
1328 1168 1425 1220 καὶ
1453 1165 1709 1235 εὐλογίας
1752 1165 1926 1235 αὐτὴν

339 1259 580 1324 ἀξιώσας
608 1259 906 1330 ἐκπέμπει.
937 1260 1050 1313 Καὶ
1080 1259 1206 1313 τότε
1241 1259 1304 1331 δὴ
1339 1259 1477 1330 πρὸς
1497 1261 1590 1313 τδν
1628 1259 1722 1312 τοῦ
1750 1258 1923 1312 Γελα·

343 1355 460 1410 σίου
493 1354 650 1410 κίονα
679 1352 1022 1424 μεταϐαίνει,
1051 1353 1146 1408 καὶ
1175 1353 1293 1424 ἅμα
1320 1352 1398 1424 τῷ
1429 1352 1630 1422 στύλῳ,
1661 1351 1927 1421 ὑψηλότε-

341 1462 438 1518 ρος
469 1445 578 1516 γὰρ
609 1441 703 1516 ἦν.
731 1447 827 1500 καὶ
867 1445 1018 1515 αύτῷ
1044 1445 1115 1499 τά
1144 1445 1243 1514 τῆς
1275 1445 1480 1514 ἀρετῆς
1524 1443 1794 1506 ἐπεδίδου,
1827 1445 1926 1498 καὶ

339 1537 618 1603 πολιτείας
649 1537 992 1609 ὑψηλοτέρας
1027 1536 1461 1607 ἐπελαμϐάνετο.
1490 1536 1605 1590 Οὐκ
1636 1535 1832 1606 ἔμελλε
1867 1535 1926 1589 δέ

337 1631 449 1702 ἀρα
501 1631 627 1686 οὔτε
681 1633 761 1702 τῷ
815 1631 1048 1702 διαϐόλῳ
1105 1631 1232 1685 οὔτε
1299 1631 1414 1693 τοῖς
1457 1631 1666 1684 ἐκείνου
1726 1629 1927 1683 ἐνεκτά

337 1722 512 1777 ταῦτα
551 1720 715 1778 εἶναι.
785 1723 884 1777 Διά
929 1739 1013 1777 τοι
1041 1721 1217 1776 ταῦτα
1261 1722 1425 1786 αὐτὸς
1473 1722 1573 1792 μὲν
1619 1722 1924 1792 ύπῆρχενδ

2033 520 2104 575 ad
2160 537 2261 578 sua
2318 539 2449 580 vero
2491 525 2612 580 loca
2635 526 2871 594 veniret,
2900 537 2958 583 et
3001 544 3067 584 ea
3129 531 3429 590 habitaret.
3473 533 3612 590 Sunt

2032 621 2240 676 autem,
2283 613 2501 670 dicebat
2541 631 2630 682 ea,
2675 618 2810 672 mihi
2856 620 3050 685 multa,
3085 630 3142 677 et
3181 625 3346 679 simul
3391 627 3614 696 quidem

2032 704 2207 760 amica
2241 707 2482 772 silentio,
2516 717 2573 763 et
2602 725 2724 779 quae
2749 713 2965 781 possint
2995 714 3158 768 aliam
3205 716 3456 786 praebere
3483 733 3609 773 con-

2031 797 2379 856 solationem.
2407 799 2506 856 Ille
2529 817 2661 858 vero
2676 803 2876 859 bonam
2908 806 3032 877 ejus
3059 817 3296 864 mentem
3335 811 3616 882 accipiens

2031 897 2089 945 et
2107 889 2365 957 laudans,
2397 893 2591 951 statuit
2616 910 2724 950 non
2756 899 3176 968 transmigrare.
3205 901 3299 957 sed
3331 904 3382 957 in
3403 919 3472 957 eo
3492 905 3614 959 loco

2031 996 2411 1052 perseverare,
2443 984 2500 1039 in
2529 1001 2640 1056 quo
2673 988 2848 1044 fuerat
2891 1006 2921 1046 a
2954 991 3178 1047 Christo
3216 994 3518 1062 plantatus,
3557 1007 3615 1053 et

2035 1075 2260 1132 virtutis
2286 1075 2505 1134 radices
2525 1077 2580 1132 in
2611 1095 2678 1134 eo
2703 1096 2888 1153 agere,
2926 1093 2983 1138 et
3011 1083 3250 1140 fructum
3279 1087 3615 1142 convenien-

2035 1173 2146 1222 tem
2178 1165 2311 1222 dare
2356 1183 2460 1224 suo
2491 1179 2758 1240 tempore.
2794 1171 2934 1227 Cum
2963 1174 3078 1230 hac
3125 1185 3183 1231 et
3225 1177 3334 1234 alia
3388 1177 3616 1234 dixisset

2032 1260 2328 1329 ejusmodi,
2349 1271 2406 1316 et
2425 1261 2812 1319 benedictione
2835 1280 2958 1320 eam
2982 1267 3364 1337 impertiisset,
3389 1271 3615 1326 emittit.

2034 1347 2190 1403 Tune
2208 1356 2398 1404 autem
2433 1352 2630 1406 transit
2660 1352 2730 1407 ad
2755 1353 3067 1410 columnam
3098 1355 3325 1424 Gelasii,
3357 1368 3418 1412 et
3450 1359 3616 1414 simul

2033 1451 2160 1492 cum
2187 1439 2444 1494 columna
2470 1440 2611 1511 (erat
2637 1442 2787 1498 enim
2813 1445 3106 1516 excelsior)
3127 1447 3177 1502 ei
3203 1463 3424 1518 quoque
3454 1460 3616 1504 aucta

2031 1540 2118 1584 est
2144 1528 2350 1596 virtus;
2382 1538 2438 1584 et
2475 1531 2599 1585 vita:
2633 1532 2952 1590 institutum
2987 1551 3281 1608 aggressus
3317 1547 3403 1594 est
3432 1540 3618 1595 excel-

2033 1621 2170 1676 sius.
2193 1621 2314 1677 Non
2335 1632 2496 1678 erant
2517 1632 2700 1678 autem
2723 1625 2912 1682 futura
2939 1629 3056 1684 haec
3080 1631 3408 1694 tolerabilia,
3435 1648 3616 1702 neque

2033 1710 2274 1779 diabolo,
2315 1727 2498 1783 neque
2531 1714 2678 1770 illius
2711 1719 2959 1774 asseclis.
2995 1719 3294 1789 Propterea
3327 1721 3444 1790 ipse
3484 1721 3616 1792 qui-

342 1814 580 1884 κάμινον
601 1814 751 1886 αύτῷ
795 1815 961 1871 πάλιν
995 1815 1106 1869 τῶν
1138 1787 1926 1886 πειρασμῶν-ἀνάπτωνξὲκέ-

2032 1801 2156 1856 dem
2209 1803 2260 1860 ei
2316 1819 2513 1861 rursus
2565 1808 2823 1864 accendit
2868 1809 3152 1866 fornacem
3214 1813 3614 1880 tentationum;

345 1919 519 1974 χρητο
567 1905 624 1959 δὲ
653 1907 766 1968 τοῖς
809 1905 868 1958 ἐν
907 1905 1189 1974 Βυζαντίῳ
1228 1905 1336 1959 τῶν
1381 1904 1678 1977 αίρετικῶν
1735 1903 1928 1957 παισὶν

343 1995 668 2068 ὑπηρέταις.
698 1998 861 2051 Ουτοι
900 1996 1136 2067 γύναιόν,
1159 1997 1340 2052 τιτῶν
1369 1995 1795 2068 ἐταιριζομίνων
1823 2011 1930 2048 παο

344 2087 674 2159 ραλαϐόντες
709 2081 743 2162 ᾖ
777 2089 835 2142 τὸ
885 2089 985 2159 μέν
1011 2089 1168 2159 γένος
1209 2089 1384 2152 Ἀσία,
1415 2087 1704 2142 πλεύσασα
1753 2085 1811 2138 δέ
1844 2085 1926 2146 είς

341 2179 666 2245 Βυζάντιον,
720 2181 994 2252 πορισμὸν
1025 2183 1192 2250 ἑαυτῇ
1227 2179 1376 2249 φεῦί
1419 2179 1530 2235 ἀπὸ
1586 2180 1680 2233 τοῦ
1720 2178 1925 2230 οἰκείου

341 2271 596 2342 σώματος
625 2272 868 2341 πονηρὸν
898 2273 1158 2324 ἐποιεῖτο.
1192 2269 1413 2341 Ταύτην
1447 2269 1630 2338 λόγοις
1653 2268 1930 2340 ἐξαπατή-

341 2381 537 2428 σαντες
568 2364 660 2416 καὶ
685 2363 870 2432 ὅρκοις
893 2363 1193 2429 ,πείσαντες
1223 2364 1318 2417 καὶ
1352 2362 1656 2433 χρημάτων
1689 2364 1928 2430 ἐπαγγε-

337 2453 432 2525 λίᾳ
467 2453 598 2522 ὃλην
629 2454 760 2524 πρὸς
800 2453 937 2524 ὅπερ
967 2452 1260 2524 ἠϐούλοντο
1297 2453 1782 2524 παρορμήσαντες,
1819 2471 1926 2506 πα-

342 2545 745 2619 ρασκευάζουσι
775 2545 910 2616 πρὸς
932 2545 1024 2598 τὸν
1055 2544 1212 2612 ἅγιον
1233 2543 1516 2610 ἀπελθεῖν,
1542 2544 1637 2599 καὶ
1667 2544 1700 2614 ἢ
1735 2543 1928 2615 ἐκείνῳ

340 2638 376 2709 ἢ
416 2637 499 2691 ἑνί
532 2654 598 2706 γε
641 2638 752 2690 τῶν
784 2633 952 2689 αὐτοῦ
999 2635 1258 2706 μαθητῶν
1297 2636 1480 2706 ἔρωτα
1517 2637 1804 2706 ἐνσπεῖραι
1833 2635 1928 2688 καὶ

341 2731 481 2803 πρὸς
511 2730 813 2800 ἐπιθυμίαν
849 2730 1052 2785 ἀτοπον
1095 2728 1520 2786 ἐκκαλέσασθαι.
1549 2731 1767 2782 ’Λνεισι
1815 2745 1926 2782 τοι·

341 2823 552 2894 γαροῦν
583 2825 616 2894 ἡ
670 2822 970 2884 ἀκόλαστος
1009 2822 1151 2891 πρὸς
1177 2823 1266 2877 τὸν
1324 2821 1602 2892 σώφρονα,
1651 2820 1791 2891 πρὸς
1827 2820 1926 2894 τὴν

341 2914 588 2984 καθαρὰν
615 2913 795 2984 ψυχὴν
824 2914 858 2984 ἡ
885 2911 1200 2982 ἀκάθαρτος
1228 2913 1542 2967 ἀκολούθων
1565 2913 1767 2982 πλῆθος
1793 2913 1929 2967 ἐπα-

341 3003 574 3074 γομένη,
607 3003 958 3074 φαντάσμασί
981 3019 1042 3056 τε
1070 3003 1168 3056 καὶ
1201 3004 1447 3074 σχήμασι
1478 3003 1753 3074 βδελυροῖς
1783 3019 1928 3073 χρω-

345 3094 484 3166 μένη
518 3095 614 3149 καὶ
669 3093 913 3166 χρυσίων
961 3090 1252 3166 περιϐολῇ,
1307 3097 1406 3148 καὶ
1454 3095 1702 3165 κοσμίων
1747 3093 1925 3148 ἄλλων

341 3186 640 3258 ἐπιπλοκῇ,
689 3187 943 3242 κλέπτειν
989 3185 1242 3258 οίηθεῖσα
1286 3189 1384 3242 καὶ
1418 3187 1690 3252 δελεάζειν
1716 3185 1924 3256 ὀφθαλ-

343 3276 484 3349 μοῦς
533 3277 798 3344 ἐκείνους,
838 3279 992 3332 οὐδὲν
1019 3279 1342 3348 πρόσγειον,
1391 3277 1546 3333 οὐδὲν
1589 3277 1700 3331 τῶν
1725 3277 1928 3332 ὁλικῶν

341 3370 762 3442 ἀγαπήσαντας.
811 3370 1210 3441 Παραμείνασα
1255 3369 1311 3422 δέ
1357 3386 1464 3422 τινι
1492 3368 1602 3422 τῶν
1649 3368 1836 3440 ἀγρῶν
1872 3365 1932 3432 ὃς

340 3462 439 3515 τοῦ
473 3477 535 3515 τε
569 3461 748 3523 κίονος
791 3455 860 3532 ἦν
895 3459 1126 3530 ἀντικρὺ
1160 3459 1255 3513 καὶ⁸
1296 3458 1396 3530 τῆς
1421 3459 1664 3532 μάνδρας
1697 3458 1808 3514 τῶν
1839 3458 1930 3512 λο-

339 3552 516 3624 γικῶν
543 3550 878 3623 θρεμμάτων
902 3549 1012 3603 τῶν
1037 3549 1132 3603 τοῦ
1166 3547 1337 3604 καλοῦ
1363 3548 1520 3603 τοῦδε
1551 3550 1806 3620 ποιμένος
1827 3550 1932 3602 Δα-

339 3644 482 3716 νιὴλ,
541 3643 642 3699 καὶ
690 3644 1075 3712 προσεποιεῖτο
1108 3643 1307 3707 νοσεῖν,
1365 3639 1433 3694 ἶν’
1462 3641 1512 3693 εί
1571 3640 1798 3695 δυνατὸν
1827 3641 1925 3696 καὶ

339 3735 487 3806 αὐτῷ
520 3734 621 3805 μὲν
672 3731 753 3802 τῷ
802 3732 944 3804 ἀγὶῳ
976 3730 1218 3802 ψυχικῆς
1265 3729 1585 3803 ἀρρωστίας
1632 3729 1785 3784 αίτία
1825 3729 1923 3793 γό-

339 3841 508 3881 νοιτοο
537 3826 586 3879 εἰ
612 3823 656 3875 δ’
690 3818 805 3890 οὖν,
831 3826 944 3888 τοῖς
981 3839 1045 3892 γε
1082 3821 1353 3894 μαθηταῖς
1383 3819 1596 3874 ἐκείνου
1618 3819 1717 3891 τὴν
1743 3819 1924 3892 λύμην

339 3917 541 3974 ἐνθείη.

577 4006 669 4072 Ὠς
695 4006 752 4060 δὲ
783 4007 879 4060 ἐπὶ
907 4004 1074 4059 πολὺν
1097 4004 1292 4076 χρόνον
1324 4003 1742 4076 παραμεινάσης
1769 4000 1920 4056 ἀπαν

335 4100 472 4172 αὐτῇ
499 4100 562 4153 τὸ
595 4099 840 4170 σόφισμα
873 4098 1106 4169 μάταιον
1139 4093 1231 4168 ἦν,
1269 4098 1605 4168 κατέρχεται
1645 4097 1748 4166 μὲν
1785 4094 1924 4166 πρὸς

334 4195 461 4256 τοὺς
488 4192 942 4254 ἀποστείλαντας,
967 4190 1119 4258 λέγει
1139 4188 1246 4260 δὲή
1277 4189 1680 4256 κατάπτυστος,
1705 4189 1801 4241 καὶ
1827 4203 1927 4240 κα-

332 4281 661 4352 ταψεύδεται
681 4279 774 4334 τοῦ
791 4281 973 4349 ἀγίου,
1011 4279 1048 4334 δι
1075 4280 1176 4345 μὲν
1193 4281 1324 4350 μήτι
1353 4295 1416 4347 γε
1440 4277 1518 4346 τῷ
1541 4277 1765 4348 μεγάλῳ
1783 4278 1929 4331 ἐκεί-

334 4391 410 4444 νῳ
441 4374 533 4426 ἐπὶ
561 4371 686 4427 νοῦν
711 4369 842 4444 ἦλθε
872 4371 1056 4442 (τοῦτο
1073 4371 1182 4442 γὰρ
1219 4373 1248 4423 ὁ
1274 4371 1482 4441 σφόδρα
1504 4371 1613 4424 τῶν
1643 4368 1923 4439 λογισμῶν

335 4464 694 4538 ἐκκρουσθεὶς
728 4467 1098 4534 ἐπίστευσεν),
1127 4463 1241 4518 ἀλλ’
1271 4464 1396 4516 οὐδὲ
1427 4463 1535 4516 τῶν
1560 4462 1777 4517 ἐκείνου
1806 4480 1926 4531 φοι-

334 4557 514 4629 τητῶν
538 4557 737 4622 οὐδενὶ,
767 4556 966 4610 πολλοῦ
983 4574 1046 4622 γε
1066 4557 1165 4610 δεῖ.
1199 4557 1280 4608 Τὰ
1310 4555 1367 4608 δὲ
1401 4549 1468 4625 ἦν
1505 4555 1582 4618 ὡς
1621 4554 1798 4608 Ἑάλω
1824 4552 1924 4624 μὲν

333 4650 456 4706 κατ’
493 4650 670 4720 ἀκρας
707 4648 843 4720 ἐμοῦ
881 4649 1107 4720 Δανιὴλ,
1139 4647 1362 4712 ἐδέξατο
1387 4647 1444 4701 δὲ
1468 4649 1537 4717 τῇ
1571 4645 1721 4718 ψυχῇ
1743 4646 1803 4699 τὸ
1835 4645 1926 4716 βέ-

333 4742 447 4809 λος,
484 4742 578 4796 καὶ
615 4741 771 4805 τέλος
804 4741 879 4804 ὠς
930 4738 1199 4812 ἐπέτρεψε
1232 4741 1345 4804 τοῖς
1382 4740 1658 4811 μαθηταῖς
1695 4739 1925 4808 ἀγαγεῖν

337 4852 404 4906 με
436 4833 524 4890 διὰ
568 4835 669 4905 τῆς
705 4833 976 4903 κλίμακος
1006 4832 1143 4904 πρὸς
1188 4832 1351 4887 αὐτόν
1382 4849 1397 4864 ο
1440 4831 1577 4902 ἐμοῦ
1625 4832 1704 4899 δὲ,
1763 4833 1923 4902 φησὶ,

336 4925 417 4999 μὴ
447 4926 835 4998 ἀνασχομένης
873 4925 1267 4980 ἐϐουλεύσαντο
1308 4926 1521 4981 ἀνελεῖν
1547 4925 1642 4980 τοῦ
1675 4927 1775 4998 τὴν
1798 4927 1926 4981 ἀκο-

334 5018 561 5086 λασίαν,
594 5017 801 5087 ταύτην
851 5017 1077 5072 λαθεῖνο
1117 5020 1211 5073 καὶ
1253 5018 1364 5072 ίδοί)
1403 5018 1557 5089 μόλις
1587 5018 1689 5082 τὰς
1739 5020 1926 5090 χεῖρας

333 5109 518 5163 αὐτῶν
535 5109 874 5178 διαδράσασα
895 5112 963 5180 τῇ
989 5114 1138 5182 φυγῇ
1164 5110 1470 5180 σέσωσμαι.
1496 5109 1652 5164 Οὕτω
1671 5113 1769 5181 τῆς
1797 5128 1924 5179 μαι-

335 5202 496 5266 νάδος
526 5202 827 5271 εὐέλεγκτα
849 5201 1278 5274 διαψευδομένης
1301 5202 1553 5275 ἥρπαζον
1575 5204 1776 5256 ἐκεῖνοι
1799 5202 1925 5266 τοὺς

334 5294 528 5364 λόγους
561 5295 638 5359 ὡς
681 5294 1078 5366 ἀληθεστάτοις
1126 5295 1494 5367 προσέχοντες
1517 5312 1534 5327 ο
1564 5294 1601 5348 ἀ
1629 5293 1740 5366 γὰρ
1772 5294 1928 5348 ἐϐού-

333 5389 513 5456 λοντο,
541 5387 714 5443 ταῦτα
750 5389 847 5443 καὶ
873 5387 1054 5459 ἀληθῆ
1087 5383 1232 5442 εῖναι
1263 5387 1452 5460 ᾤοντο,
1483 5388 1716 5449 καὶτοῖς
1743 5387 1926 5451 ἄλλοις

337 5483 728 5553 παρέπεμπον.
773 5481 938 5536 Ἀλλά
970 5481 1080 5553 γὰρ
1115 5481 1144 5533 ό
1177 5481 1337 5545 αὐτὸς
1370 5481 1438 5550 ἦν
1478 5480 1758 5534 κάνταῦθα
1793 5478 1926 5543 Θεὸς

334 5576 435 5629 καὶ
461 5574 523 5627 τδ
549 5575 648 5644 τῆς
683 5573 838 5646 δίκης
871 5574 1118 5643 ἀφυκτον
1159 5574 1258 5626 καὶ
1303 5573 1600 5641 ἀλάθητον.
1629 5574 1696 5626 Τί
1727 5571 1821 5627 οὖν
1845 5572 1928 5642 γί-

333 5682 510 5731 νεται,
546 5669 642 5720 καὶ
681 5667 799 5732 πῶς
833 5666 1010 5721 ταῦτα
1060 5667 1460 5738 οίκονομεῖται;
1501 5665 1727 5734 Πνεῦμα
1763 5683 1928 5739 πονη-

334 5759 431 5833 ρδν
460 5759 556 5814 ιτα
581 5758 683 5831 τὴν
709 5758 925 5832 φαύλην
946 5758 1041 5816 καί
1063 5757 1390 5832 ψευδολόγον
1412 5757 1575 5824 εὐθὺς
1605 5757 1914 5830 πέμπεται,

2033 1911 2166 1952 usus
2187 1905 2274 1954 est
2295 1913 2430 1954 vero
2460 1899 2734 1957 ministris
2763 1901 3058 1967 lmreticis,
3085 1905 3179 1974 qui
3211 1915 3374 1960 erant
3400 1906 3614 1978 Byzan-

2033 1989 2115 2044 tii.
2165 1989 2258 2046 Isti
2298 2006 2423 2044 eum
2476 1993 2772 2062 quamdam
2815 1996 3184 2065 sumpsissent
3225 1998 3516 2054 mulierem
3548 2015 3616 2054 ex

2030 2082 2450 2148 meretricibus,
2491 2101 2615 2154 qua:
2638 2095 2761 2141 erat
2788 2089 3016 2157 quidem
3049 2105 3255 2160 genere
3293 2091 3520 2157 Asiana,
3562 2094 3614 2147 ei

2029 2183 2215 2230 autem
2241 2186 2365 2230 erat
2398 2192 2601 2234 nomen
2630 2179 2860 2234 Basiana
2891 2199 2904 2245 ;
2950 2197 3076 2237 cum
3130 2183 3445 2254 navigasset
3480 2201 3611 2240 vero

2011 2269 2378 2339 Byzantium,
2415 2271 2755 2341 improbum,
2804 2273 2944 2344 prob
2998 2274 3196 2329 dolori
3233 2287 3508 2346 quaestum
3535 2278 3617 2331 fa-

2031 2361 2214 2419 ciebat
2245 2378 2346 2419 suo
2371 2379 2624 2433 corpore.
2646 2366 2781 2420 Eam
2805 2383 2930 2422 cum
2953 2368 3140 2423 verbis
3166 2369 3534 2440 decepissent,
3558 2378 3615 2424 et

2029 2456 2303 2525 promissa
2327 2457 2582 2526 pecunia,
2609 2467 2781 2513 totam
2807 2459 2876 2514 ad
2907 2460 2958 2514 id
2989 2462 3137 2530 quod
3165 2463 3444 2526 volebant,
3475 2463 3616 2518 inci-

2032 2555 2261 2612 tassent,
2288 2549 2538 2606 etliciunt
2567 2559 2625 2605 ut
2652 2552 2816 2606 vadat
2843 2553 2912 2607 ad
2939 2563 3216 2617 sanctum,
3243 2563 3301 2610 et
3330 2555 3413 2610 vel
3438 2557 3616 2619 illum,

2027 2639 2117 2694 vel
2149 2655 2317 2694 unum
2341 2657 2408 2696 ex
2433 2642 2551 2696 suis
2580 2643 2891 2712 discipulis,
2933 2647 3000 2701 ad
3031 2663 3276 2704 amorem
3308 2648 3523 2710 illiciat.
3559 2657 3618 2703 et

2028 2731 2100 2787 ad
2143 2731 2344 2789 findant
2399 2744 2664 2803 provocet
2705 2737 3018 2793 libidinem.
3067 2740 3448 2796 Proﬁciscitur
3481 2755 3613 2811 ergo

2030 2819 2306 2890 impudica
2339 2821 2408 2876 ad
2439 2821 2728 2891 pudicum.
2760 2825 2976 2894 impura
3007 2829 3189 2882 anima
3221 2829 3290 2882 ad
3319 2828 3608 2896 mundam,

2027 2910 2295 2966 comitum
2344 2926 2533 2966 secum
2576 2911 2788 2968 ducens
2835 2916 3274 2983 multitudinem,
3321 2919 3612 2988 splendida

2027 3011 2257 3058 externa
2282 3017 2445 3058 utens
2469 3004 2677 3072 specie,
2701 3013 2758 3061 et
2777 3006 3090 3063 libidinosis
3115 3010 3386 3078 gestibus,
3412 3027 3616 3068 aureo-

2030 3111 2138 3167 que
2165 3097 2372 3152 amictu
2410 3105 2466 3152 et
2493 3098 2605 3152 alio
2656 3098 2956 3154 intertexto
2987 3110 3207 3168 ornatu,
3239 3102 3515 3161 arbitrata
3555 3120 3615 3160 se

2029 3187 2355 3242 allecturam
2404 3194 2459 3241 et
2497 3187 2869 3244 inescaturam
2921 3190 3044 3245 illos
3068 3193 3282 3258 oculos,
3331 3195 3428 3264 qui
3471 3195 3613 3250 nihil

2032 3287 2338 3345 terrenum,
2381 3278 2522 3334 nihil
2552 3295 2620 3336 ex
2656 3281 2887 3338 materia
2919 3292 3240 3339 concretum
3273 3285 3613 3342 dilexerunt.

2031 3369 2259 3426 Manens
2285 3380 2471 3426 autem
2495 3371 2550 3425 in
2576 3373 2814 3441 quodam
2841 3389 2996 3446 agro,
3021 3376 3256 3446 quierat
3281 3392 3352 3433 ex
3375 3377 3612 3434 adverso

2031 3462 2328 3527 columnas,
2365 3471 2422 3516 et
2454 3464 2697 3521 mandrae
2731 3467 2963 3523 rationis
2997 3478 3316 3540 compotum
3347 3486 3611 3540 pecorum

2033 3546 2198 3620 hujus
2223 3550 2426 3620 egregii
2455 3553 2693 3620 pastoris
2725 3553 2988 3622 Danielis,
3021 3557 3322 3616 simulabat
3355 3576 3416 3617 se
3439 3571 3612 3634 agro.

2032 3647 2188 3706 tare;
2237 3648 2316 3703 ut,
2349 3640 2394 3694 si
2445 3641 2564 3697 Iieri
2611 3655 2818 3713 posset,
2867 3647 2952 3702 vel
3005 3648 3109 3719 ipsi
3154 3651 3383 3721 quidem
3415 3663 3610 3708 sancto

2028 3730 2408 3800 aegrotationis
2444 3735 2618 3790 animi
2661 3751 2827 3794 causa
2859 3749 3041 3808 esset;
3080 3742 3168 3798 sln
3203 3745 3410 3805 minus.
3460 3745 3610 3803 illius

2029 3822 2224 3878 saltem
2249 3823 2534 3895 discipulis
2567 3827 2792 3884 σίτου-ει
2819 3833 3145 3900 perniciem.

2099 3999 2291 4056 XXIII.
2349 4001 2486 4058 Cum
2551 4011 2737 4059 autem
2795 4014 3086 4077 postquam
3146 4008 3311 4079 longo
3363 4016 3612 4080 tempore

2031 4092 2344 4158 mansisset,
2379 4095 2544 4150 inane
2576 4103 2632 4149 et
2661 4095 2879 4151 irritum
2909 4107 3030 4152 erat
3061 4099 3324 4152 callidum
3357 4100 3615 4168 ejus_ece-

2030 4186 2510 4256 ptum,descendit
2533 4187 2756 4257 quidem
2780 4189 2846 4244 ad
2877 4204 2995 4255 eos,
3023 4190 3118 4260 qui
3147 4190 3412 4247 miserant
3435 4193 3613 4262 ;Zdicit

2034 4294 2169 4334 vero
2201 4280 2558 4346 exsecranda,
2596 4288 2654 4336 et
2685 4295 2749 4335 ea
2800 4281 3062 4336 mentitur
3117 4281 3188 4337 de
3217 4294 3435 4351 sancto,
3487 4298 3612 4355 quas

2031 4385 2142 4425 non
2171 4369 2350 4425 solum
2375 4387 2574 4442 magno
2620 4371 2699 4426 illi
2724 4387 3003 4442 nunquam
3035 4373 3090 4428 in
3148 4388 3390 4432 mentem
3441 4392 3616 4432 vene-

2029 4468 2157 4514 runt.
2189 4461 2209 4532 (
2239 4460 2343 4516 hoc
2389 4461 2534 4516 enim
2601 4476 2671 4516 ne
2739 4463 2835 4531 qui
2898 4462 3053 4518 valde
3110 4464 3334 4534 quidem
3363 4480 3392 4520 a
3427 4474 3613 4520 mente

2027 4552 2305 4622 discessit,
2341 4552 2640 4608 crediderit
2672 4555 2716 4624 ),
2751 4553 2850 4610 sed
2875 4569 2978 4611 nec
3014 4557 3113 4612 ulli
3143 4573 3210 4612 ex
3247 4557 3396 4612 illius
3440 4557 3613 4614 disci-

2025 4642 2172 4712 pulis
2197 4682 2214 4710 ,
2244 4644 2478 4698 multum
2519 4643 2742 4714 quidem
2784 4648 2960 4704 abest.
2991 4647 3120 4703 liae
3177 4656 3362 4704 autem
3412 4659 3611 4704 erant:

2023 4735 2130 4793 Mei
2157 4752 2364 4802 amore,
2399 4737 2640 4805 dicebat,
2667 4740 2826 4796 valde
2852 4741 3076 4812 quidem
3099 4749 3294 4811 captus
3334 4751 3455 4797 erat
3501 4741 3610 4796 Da-

2024 4830 2174 4896 niel;
2202 4830 2390 4886 animo
2411 4846 2544 4887 vero
2576 4832 2745 4887 telum
2775 4842 3082 4903 acceperat,
3137 4833 3206 4889 et'
3230 4833 3451 4888 tandem
3479 4847 3607 4892 cum

2020 4921 2276 4995 iussisset
2309 4937 2441 4978 suos
2474 4922 2794 4992 discipulos,
2825 4933 2885 4978 ut
2909 4939 2996 4979 me
3033 4938 3254 4978 sursum
3312 4921 3382 4976 ad
3428 4922 3609 4992 ipsum

2025 5030 2125 5086 per
2158 5015 2335 5072 scalas
2364 5015 2728 5081 deducerent,
2781 5031 2884 5087 ego
2939 5024 3148 5081 autem,
3201 5015 3404 5086 inquit.
3446 5029 3609 5085 passa

2025 5122 2134 5163 non
2159 5123 2361 5172 essem,
2398 5123 2485 5163 me
2540 5109 2828 5164 occidendi
2862 5109 3158 5164 consilium
3187 5115 3480 5177 ceperunt,
3546 5118 3608 5162 ut

2028 5198 2146 5254 haec
2201 5199 2396 5255 lateret
2448 5199 2894 5268 intemperantia.
2941 5200 3014 5255 Et
3063 5214 3196 5255 ecce
3248 5199 3340 5253 vix
3405 5213 3606 5256 manus

2027 5306 2221 5347 eorum
2283 5293 2586 5363 ellugiens,
2624 5293 2759 5346 mihi
2817 5291 2943 5362 luga
2994 5291 3272 5346 consului.
3310 5290 3403 5348 Sic
3448 5307 3610 5348 men-

2028 5384 2200 5440 tiente
2256 5385 2523 5447 mmnade.
2583 5394 2641 5440 et
2706 5399 2771 5440 ea
2827 5383 3071 5449 dicente,
3131 5385 3250 5442 hmc
3302 5386 3475 5441 verba
3524 5384 3608 5440 illi

2026 5476 2384 5545 arripuerunt
2417 5475 2645 5545 perinde
2678 5490 2744 5531 ac
2774 5474 3063 5532 verissima
3113 5475 3134 5548 (
3161 5492 3286 5548 quae
3335 5478 3483 5534 enim
3512 5493 3612 5533 vo-

2026 5566 2232 5630 lebant,
2267 5581 2331 5620 ea
2355 5566 2521 5620 etiam
2554 5581 2681 5622 vera
2711 5568 3093 5639 putabantur),
3131 5577 3187 5624 et
3227 5584 3294 5624 ea
3344 5569 3416 5625 ad
3471 5570 3613 5625 alios

2029 5657 2497 5714 transmittebant.
2523 5659 2726 5715 Verum
2753 5659 3037 5718 enimvero
3077 5660 3168 5716 hic
3213 5674 3436 5733 quoque
3487 5667 3610 5715 crat

2029 5753 2179 5814 idem
2219 5755 2385 5824 Deus,
2421 5761 2477 5809 et
2507 5751 2744 5828 justitia,
2792 5768 2911 5827 quae
2965 5768 3146 5828 neque
3199 5761 3385 5827 potest
3444 5751 3609 5824 vitari
