4126 6382
552 311 658 374 939

1706 309 2094 372 ADDENDA.
2136 335 2203 347 -
2240 310 2669 374 DECEMBER.

3706 304 3836 369 1000

554 440 655 485 nec
684 422 949 480 oblivioni
980 421 1250 478 mandari.
1283 422 1426 489 Quid
1465 437 1598 494 ergo
1632 423 1873 490 accidit,
1911 432 1966 480 et
1996 438 2139 494 quo-

2267 424 2338 479 ιαὶ
2366 423 2501 478 ἄκον
2528 424 2772 479 ἄκουσαν
2820 421 3058 487 ἐξειπεῖν
3107 419 3408 488 ἀναγκάζει
3463 420 3564 491 τήν
3605 435 3672 472 τε
3700 419 3838 487 πρὸς

556 517 720 574 modo
778 518 894 572 haec
957 516 1393 586 dispensantur?
1454 516 1631 571 Malus
1676 517 1906 586 spiritus
1952 517 2141 572 statim

558 610 795 665 mittitur
825 608 892 663 ad
927 612 1125 663 malam
1149 617 1206 664 et
1241 608 1564 663 mendacem
1590 608 1874 673 feminam,
1911 618 1968 664 et
1993 609 2140 663 invi-

560 716 649 759 tus
681 704 908 759 invitam
939 704 1086 773 cogit
1146 702 1302 757 eﬂari
1360 702 1608 757 fraudem
1660 702 2049 757 haereticorum
2084 701 2141 756 in

559 797 730 863 illam,
761 804 818 851 et
850 812 1011 851 suum
1058 811 1252 850 rursus
1296 794 1644 850 mendacium
1674 803 1730 849 et
1781 794 2148 849 machinatio-

560 904 711 945 nem.
743 887 881 943 Cum
904 903 1027 942 eam
1054 903 1189 958 ergo
1218 887 1567 957 accepissent
1594 886 1765 950 cives,
1806 894 1860 941 et
1904 885 1972 939 ad
2016 900 2145 941 san-

559 992 709 1039 ctum
737 982 1046 1046 duxissent,
1081 980 1349 1051 rogabant
1381 989 1634 1034 sanctum
1680 988 1742 1034 ut
1772 986 2015 1033 curaret.
2046 978 2146 1033 Ille

560 1083 745 1130 autem
798 1089 962 1128 verus
999 1072 1202 1128 Christi
1226 1072 1531 1142 discipulus
1556 1112 1571 1136 ,
1602 1072 1698 1142 qui
1742 1072 1882 1128 dixit
1927 1082 2149 1143 septua-

560 1169 742 1238 gesies
764 1167 974 1237 septies
1015 1175 1273 1237 oportere
1308 1164 1575 1220 fratribus
1623 1166 1908 1222 remittere
1937 1165 2147 1228 debita.

562 1268 620 1314 et
667 1258 894 1328 diligere
951 1259 1225 1325 inimicos,
1279 1260 1442 1313 ambo
1485 1257 1651 1313 simul
1715 1265 1989 1328 praecepta
2039 1272 2149 1311 una

564 1362 860 1408 exsecutus
891 1363 977 1407 est
1010 1353 1250 1419 actione,
1308 1352 1442 1406 illud
1474 1351 1722 1421 quidem,
1782 1348 2149 1406 condonanda

566 1444 845 1515 injuriam,
894 1444 1000 1497 hoc
1051 1458 1203 1507 vero,
1262 1443 1577 1499 miserendo
1628 1443 1995 1509 calamitatis,
2039 1441 2151 1496 imo

565 1552 699 1591 vero
723 1551 843 1590 eam
867 1534 1153 1604 splendide
1194 1535 1483 1605 erigenda,
1535 1542 1594 1588 et
1648 1533 1873 1589 sanitati
1922 1533 2154 1588 restitu-

564 1628 730 1683 endo.
755 1628 890 1683 Nam
914 1643 1037 1682 cum
1076 1628 1326 1681 oratione
1353 1642 1510 1693 usus,
1536 1642 1658 1681 eam
1680 1627 1809 1681 oleo
1836 1637 2151 1682 sanctorum

570 1730 825 1790 tanquam
893 1720 1118 1774 salutari
1182 1719 1369 1790 aliquo
1436 1729 1677 1790 potasset
1726 1720 2148 1784 medicamento,

2248 517 2468 588 ὲκεὶνην
2495 516 2606 571 τῶν
2645 515 2942 587 αἱρετικῶν
2970 514 3211 586 ἀπάτην,
3252 514 3349 569 καὶ
3379 514 3477 585 τὴν
3521 511 3703 580 αὐτῆς
3735 509 3840 565 πάο

2249 609 2332 661 λιν
2358 608 2715 677 ψευδολογίαν
2746 608 2925 662 καὶτὸ
2953 608 3275 679 μηχάνημα.
3308 607 3585 670 Λαϐόντες
3621 600 3719 659 οῦν
3744 604 3839 658 αὐ-

2249 701 2348 771 τὴν
2380 703 2428 754 οἱ
2474 702 2576 772 τῆς
2628 702 2839 765 πόλεως
2874 703 2972 756 καὶ
3022 701 3162 771 πρὸς
3210 700 3304 754 τὸν
3335 701 3483 754 ὅσιον
3531 698 3839 766 ἀγαγόντες

2253 791 2581 863 θεραπεύειν
2625 794 2835 864 ἠξίουν.
2882 793 2942 847 '0
2967 793 3025 847 δὲ
3054 792 3264 864 ἀληθὴς
3312 790 3555 864 Χριστοῦ
3585 788 3838 859 μαθητὴς

2250 884 2347 937 τοῦ
2381 886 2652 954 φήσαντος
2703 883 3170 955 ἑϐδομηκοντάκις
3195 884 3337 937 ἑπτά
3384 884 3499 938 δεῖν
3526 883 3639 944 τοῖς
3680 880 3841 935 ἀδελο

2255 977 2376 1044 φοῖς
2403 976 2624 1045 ἀφιέναι
2657 975 2726 1030 τά
2756 975 3120 1047 ὀφειλήματα,
3154 975 3253 1029 καὶ
3289 973 3415 1037 τοὺς
3444 972 3677 1043 ἐχθροὺς
3704 970 3841 1038 ἀτα-

2256 1069 2386 1139 πᾷν,
2416 1067 2734 1139 ἀμφοτέρας
2763 1069 2879 1140 ἅμα
2904 1068 3005 1132 τάς
3041 1067 3265 1131 ἐντολὰς
3311 1065 3509 1137 πράξει
3534 1066 3641 1135 μιᾷ
3682 1081 3841 1118 συνε-

2256 1158 2485 1229 πέρανε,
2538 1158 2636 1230 τὴν
2703 1158 2806 1229 μὲν
2841 1159 2919 1231 τῷ
2949 1161 3012 1212 τὸ
3057 1160 3301 1230 ἀδίκημα
3338 1156 3723 1229 συγχωρῆσαι,
3773 1157 3839 1226 τῇ

2254 1251 2314 1305 δὲ
2351 1251 2431 1321 τῷ
2494 1254 2589 1305 καὶ
2636 1255 2702 1324 τῇ
2737 1254 2997 1325 συμφορᾷ
3041 1252 3404 1321 συναλγῆσαι,
3460 1250 3664 1321 μᾶλλον
3691 1250 3752 1303 δὲ
3785 1251 3845 1303 τὸ

2258 1342 2352 1396 καὶ
2374 1342 2558 1398 τέλεον
2584 1343 2754 1415 αὐτὴν
2787 1342 3205 1415 ἀνορθώσασθαι
3226 1345 3361 1414 εὐχῇ
3384 1359 3443 1395 τε
3469 1342 3843 1413 χρησάμενος,

2258 1434 2357 1489 καὶ
2385 1436 2566 1490 ἔλαιον
2611 1435 2782 1507 αὐτὴν
2816 1435 2926 1490 τῶν
2955 1436 3127 1506 ἀγίων
3151 1429 3264 1489 οἷόν
3294 1450 3346 1487 τι
3394 1436 3623 1496 ποτίσας
3664 1431 3855 1508 άλεξξει

2259 1549 2431 1586 κακον
2459 1532 2776 1604 φάρμακον,
2800 1533 2863 1586 rb
2897 1534 2997 1603 μὲν
3033 1534 3271 1606 πονηρὸν
3312 1534 3531 1605 πνεῦμα
3558 1533 3636 1597 ῶς
3658 1550 3711 1586 τι
3734 1532 3847 1585 τῶν

2265 1624 2486 1679 ἰοϐόλων
2530 1627 2694 1690 εὐθὺς
2737 1626 3060 1691 ἀπελαύνει,
3098 1628 3229 1695 ὑγιᾶ
3281 1627 3340 1679 δὲ
3382 1625 3481 1697 τὴν
3519 1626 3845 1695 πάσχουσαν

2264 1718 2602 1789 παραδίδωσι
2621 1722 2732 1783 τοῖς
2762 1719 3004 1782 οἰκείοις.
3019 1721 3091 1773 Ἢ
3110 1720 3206 1773 καὶ
3228 1719 3307 1789 τῷ
3331 1719 3537 1772 ἑκείνου
3574 1715 3846 1787 περιπλα-

569 1814 771 1866 malum
807 1812 1030 1882 quidem
1058 1812 1335 1882 spiritum,
1370 1820 1630 1878 tanquam
1678 1812 1887 1882 aliquid
1918 1827 2155 1867 venena-

2267 1812 2418 1865 κεῖσα
2449 1810 2590 1864 κίονι
2637 1810 2841 1874 πολλάς
2887 1811 2987 1880 μὲν
3011 1811 3110 1875 τὰς
3142 1810 3514 1883 εὐχαριστίας,
3552 1809 3755 1871 πολλάς
3787 1808 3846 1861 δὲ

571 1914 710 1971 tum,
736 1904 918 1959 statim
946 1906 1205 1974 expellit;
1256 1920 1376 1959 eam
1412 1916 1618 1970 autem,
1670 1920 1793 1974 quze
1845 1906 2152 1969 laborabat,

570 1997 687 2052 suis
724 2012 910 2053 sanam
947 1997 1144 2052 reddit.
1178 1996 1309 2064 Quae
1357 1997 1525 2052 etiam
1560 1997 1709 2052 illius
1752 1998 2031 2068 complexa
2066 2013 2157 2053 co-

572 2090 835 2152 lumnam,
870 2105 1095 2160 magnas
1123 2089 1345 2158 quidem
1370 2105 1539 2158 agens
1584 2090 1808 2159 gratias,
1845 2099 1901 2145 et
1952 2089 2156 2145 deinde

572 2181 744 2236 multa
779 2182 890 2237 Deo
921 2182 1269 2252 promittens,
1301 2190 1363 2235 ut
1414 2196 1536 2250 quae
1567 2180 1846 2251 duplicem
1901 2183 2156 2237 morbum

573 2271 875 2343 effugisset,
908 2287 1020 2326 non
1064 2272 1242 2325 solum
1278 2285 1403 2324 eum
1435 2271 1529 2340 qui
1578 2270 1881 2341 apparebat
1912 2278 1969 2326 et
1999 2271 2158 2326 dam-

574 2385 706 2423 num
735 2368 1001 2423 all‘erebat
1034 2365 1110 2419 rei
1143 2380 1266 2433 quae
1288 2364 1601 2427 videbatur,
1660 2362 1757 2418 sed
1791 2364 1963 2420 multo
2010 2363 2185 2434 magis
2244 2380 2372 2420 eum
2417 2368 2513 2438 qui
2579 2369 2828 2434 latebat,

2260 1904 2357 1958 καὶ
2409 1904 2509 1968 τὰς
2561 1904 2700 1974 πρὸς
2728 1904 2861 1957 Θεὸν
2887 1903 3224 1973 ἐπαγγελίας
3270 1904 3331 1957 τὸ
3360 1904 3549 1957 λοιπὸν
3580 1903 3846 1967 ἐποιεῖτο,

2262 1996 2359 2049 ἆτε
2392 1995 2588 2065 διπλῆν
2640 1997 2961 2067 ἐκφυγοῦσα
3015 1996 3192 2065 νόσον,
3246 1996 3310 2050 οὐ
3364 1996 3467 2067 τὴν
3508 1998 3850 2066 φαινομένην

2264 2089 2428 2160 μόνον
2460 2090 2554 2143 καὶ
2587 2089 2920 2159 φαινομένου
2969 2091 3297 2162 πράγματος
3332 2088 3538 2160 βλάϐην
3589 2088 3849 2158 ἔχουσαν,

2260 2179 2401 2235 ἀλλά
2452 2179 2635 2251 πολλῷ
2682 2180 2844 2235 πλέον
2896 2181 2996 2253 τὴν
3025 2181 3208 2251 ἀφανῆ
3240 2182 3335 2234 καὶ
3380 2180 3710 2250 αὐθαίρετον
3754 2180 3853 2233 καὶ

2259 2273 2441 2346 ψυχὴν
2472 2274 2745 2329 ἀθάνατον
2779 2273 3032 2339 κολάζειν
3071 2274 3313 2328 ἀθάνατα
3337 2272 3669 2343 δυναμένην.

2905 2376 3131 2439 eratque
3187 2367 3551 2434 voluntarius,
3623 2376 3685 2423 et
3755 2380 3857 2422 sua

576 2473 772 2533 sponte
803 2469 1116 2532 susceptus,
1140 2468 1197 2517 et
1247 2460 1487 2514 animam
1520 2459 1889 2515 immortalem
1955 2460 2157 2531 punire
2194 2471 2413 2532 poterat
2450 2464 2858 2522 immortaliter.

650 2554 838 2609 XXVI.
871 2554 989 2609 Non
1015 2552 1193 2608 solum
1220 2562 1407 2608 autem
1444 2551 1725 2619 morbum,
1754 2552 1850 2623 qui
1888 2551 2053 2608 modo
2078 2552 2164 2607 in-

577 2647 810 2713 eiderat,
864 2654 1080 2717 poterat
1134 2658 1330 2699 curare
1380 2652 1647 2708 sanctus,
1683 2643 1780 2698 sed
1830 2641 1996 2698 etiam
2050 2643 2162 2695 ritu

577 2739 849 2796 honorum
898 2736 1259 2801 medicorum,
1304 2745 1361 2792 et
1414 2735 1665 2790 futurum
1708 2749 1893 2799 nosse,
1923 2741 1982 2790 et
2012 2733 2161 2804 quod

577 2840 701 2888 erat
750 2837 1083 2887 eventurum
1109 2869 1125 2894 ,
1168 2828 1494 2899 prophetice
1527 2836 1585 2882 et
1632 2826 1824 2882 videre
1870 2835 1929 2882 et
1973 2826 2162 2882 dicere

579 2921 892 2979 certissima
951 2927 1170 2991 poterat
1235 2918 1575 2989 conjectura.
1640 2917 1890 2989 Magnam
1936 2917 2161 2988 quidem

579 3023 732 3071 certe
766 3015 959 3070 urbem
1007 3028 1233 3083 magnas
1258 3011 1556 3067 adorturas
1582 3024 1709 3066 esse
1740 3011 1940 3075 minas,
1971 3025 2097 3066 cum
2130 3025 2162 3065 a

578 3106 800 3177 superis
831 3107 1135 3177 accepisset
1170 3103 1567 3160 revelatiouem
1592 3142 1607 3167 ,
1637 3118 1760 3158 eam
1793 3104 2056 3173 episcopo
2086 3102 2165 3157 si-

581 3199 805 3268 gnificat
847 3198 1158 3261 Gennadio,
1208 3197 1411 3269 jubens
1452 3197 1799 3252 contentiore
1844 3195 1923 3251 uti
1974 3211 2165 3265 preca-

2339 2552 2467 2612 KA'.
2502 2547 2576 2610 Οὐ
2604 2557 2767 2627 μόνον
2796 2556 2853 2611 δὲ
2881 2555 2977 2629 τὴν
3006 2556 3131 2627 ἄρτι
3162 2554 3586 2627 προσπεσοῦσαν
3607 2554 3636 2608 6
3672 2556 3857 2626 μακά-

2269 2662 2386 2716 ριος
2415 2647 2572 2702 νόσον
2622 2648 2882 2704 ίάσασθαι
2914 2649 3157 2714 δυνατὸς,
3191 2648 3325 2702 ἀλλά
3356 2648 3500 2702 κατά
3540 2649 3673 2712 τοὺς
3700 2649 3856 2717 ἀγα-

2269 2740 2396 2805 θοὺς
2420 2740 2531 2794 τῶν
2580 2742 2785 2813 ἰατρῶν
2817 2743 2909 2797 καὶ
2943 2741 3041 2815 τὴν
3080 2742 3349 2812 ἐσομένην
3387 2740 3618 2811 γνῶναι,
3662 2742 3763 2794 καὶ
3793 2740 3857 2795 τὸ

2269 2832 2465 2902 μέλλον
2498 2833 2857 2904 προφητικῶς
2888 2835 2981 2888 καὶ
3009 2834 3139 2888 ἰδεῖν
3187 2834 3281 2887 καὶ
3309 2833 3488 2886 εἰπεῖν
3515 2834 3859 2904 εὐστοχώτα-

2269 2941 2382 2988 τος.
2408 2926 2724 2981 Μέλλουσαν
2749 2925 2883 2996 γοῦν
2904 2930 2970 2998 τῇ
3001 2927 3210 2999 μεγάλῃ
3238 2928 3391 2981 πόλει
3416 2926 3668 2996 μεγάλην
3694 2927 3859 2983 ἐπελο

2271 3016 2386 3071 θεῖν
2421 3020 2517 3072 καὶ
2566 3020 2666 3090 τὴν
2700 3018 2951 3090 ἀπειλὴν,
2992 3018 3200 3073 ἀνωθεν
3225 3019 3521 3091 δεξάμενος
3558 3013 3719 3083 οὗτος
3754 3019 3856 3091 τὴν

2269 3109 2616 3181 ἀποκάλυψιν
2644 3111 2721 3181 τῷ
2744 3129 2803 3165 τε
2831 3112 3117 3183 ὲπισκόπῳ
3140 3111 3410 3182 Γενναδίῳ
3439 3112 3636 3183 μηνύει
3666 3130 3859 3167 συντο-

2271 3203 2482 3275 νωτέρᾳ
2512 3202 2749 3274 χρῆσθαι
2775 3206 2841 3275 τῇ
2868 3203 3001 3275 εὐχῇ
3030 3203 3317 3268 κελεύσας.
3366 3205 3530 3259 Ἀλλά
3557 3205 3623 3277 δὴ
3650 3208 3746 3259 καὶ
3780 3207 3859 3278 τῷ

582 3291 910 3358 tione.Quin
932 3291 1100 3346 etiam
1132 3290 1448 3359 imperatori
1467 3290 1637 3344 Leoni
1662 3289 1913 3358 praedicit
1939 3288 2160 3354 similia,

2272 3294 2487 3366 βασιλεί
2514 3296 2707 3350 Λέοντι
2740 3297 2998 3367 προλέγει
3030 3301 3099 3351 τὰ
3130 3298 3311 3367 ὃμοια,
3336 3297 3432 3351 καὶ
3467 3296 3550 3362 δὶς
3578 3300 3680 3369 τῆς
3709 3300 3866 3354 ἑϐδο-

582 3393 640 3438 et
668 3383 754 3437 his
787 3384 842 3436 in
879 3381 1221 3437 bebdomada
1258 3380 1419 3450 jubet
1450 3394 1775 3436 communes
1807 3379 1925 3434 fieri
1953 3379 2167 3449 suppli-

582 3475 851 3531 cationes.
884 3475 977 3531 Sic
1007 3473 1158 3528 enim
1185 3476 1267 3528 eis
1302 3472 1597 3542 pollicetur
1620 3471 1760 3525 iram
1788 3471 1888 3526 Dei
1920 3472 2166 3525 futuram

585 3567 884 3622 mitiorem.
917 3568 1095 3635 Atque
1144 3564 1185 3620 ii
1233 3564 1454 3633 quidem
1492 3564 1668 3618 sancti
1712 3566 2005 3634 praeceptis
2035 3578 2168 3619 con-

584 3661 817 3732 temptui
839 3659 1065 3721 habitis.
1089 3667 1248 3714 erant
1274 3658 1392 3728 ipsa
1426 3656 1761 3712 intellecturi
1789 3656 2160 3727 experientia,

579 3768 644 3809 ea
661 3769 785 3823 quae
810 3751 1104 3807 multitudo
1129 3759 1480 3821 peccatorum
1503 3747 1711 3813 etl‘ecit,
1739 3756 1799 3802 ut
1819 3748 1885 3803 ad
1909 3746 2168 3804 eﬂ‘ectum

583 3845 1016 3902 deducerentur.
1059 3842 1373 3900 Procedens
1403 3849 1588 3896 autem
1615 3840 1669 3895 id
1699 3839 2007 3895 declarabit
2042 3855 2169 3896 ora-

585 3938 684 3994 tio.
711 3937 983 4005 Quoniam
1006 3946 1190 3991 autem
1222 3933 1396 3989 divini
1420 3948 1642 4005 quoque
1666 3933 1804 4003 Agni
1833 3932 2170 3989 sacrificato-

582 4044 699 4086 rem
732 4029 1022 4099 oportebat
1046 4040 1168 4083 esse
1193 4026 1500 4093 Danielem,
1524 4024 1619 4096 qui
1653 4026 1769 4097 jam
1798 4025 1850 4080 ei
1880 4026 2034 4096 prius
2084 4040 2173 4081 sa-

584 4122 932 4178 crificaverat
960 4130 1016 4176 et
1040 4134 1244 4189 corpus
1268 4130 1327 4175 et
1345 4118 1612 4185 animam,
1648 4133 1678 4172 e
1695 4118 1916 4189 superis
1938 4118 2163 4188 quidem

584 4227 771 4271 movet
801 4214 1189 4284 imperatorem
1220 4210 1483 4282 Spiritus,
1524 4219 1712 4266 movet
1739 4220 1922 4265 autem
1952 4210 2172 4266 Genna-

584 4306 737 4363 dium
763 4320 983 4375 quoque
1017 4304 1335 4374 imperator,
1368 4312 1425 4359 et
1454 4302 1522 4357 ad
1563 4317 1691 4359 eum
1729 4301 1945 4365 scribit,
1984 4309 2047 4357 ut
2076 4317 2172 4359 ac-

584 4399 761 4469 ceptis
796 4398 983 4453 multis
1017 4414 1085 4452 ex
1117 4396 1360 4452 Ecclesia
1386 4436 1401 4461 ,
1444 4396 1631 4452 veniat
1659 4394 1729 4449 ad
1775 4409 2035 4465 magnum
2067 4395 2173 4449 Da-

585 4490 808 4553 nielem,
828 4500 883 4545 et
903 4505 1031 4545 eum
1054 4498 1402 4545 consummet
1430 4488 1626 4544 ordine
1659 4487 2010 4544 sacerdotali.
2035 4484 2174 4542 Cum

2274 3387 2441 3457 μάδος
2470 3388 2657 3453 κοινάς
2684 3392 2974 3460 ἐπιτρέπει
2996 3391 3095 3453 τὰς
3118 3388 3391 3450 λιτανείας
3409 3377 3658 3457 γίνεσθαι
3676 3406 3690 3421 ·
3716 3388 3861 3445 οὕτω

2270 3478 2379 3547 γὰρ
2409 3479 2593 3544 αὐτοῖς
2640 3482 2905 3549 ἐγγυᾶται
2940 3481 3035 3534 καὶ
3071 3481 3170 3551 τὴν
3213 3479 3307 3534 τοῦ
3341 3479 3478 3534 Θεοῦ
3526 3483 3708 3552 ὁρμὴν
3740 3483 3863 3536 ἔσε-

2274 3569 2398 3622 σθαι
2427 3573 2759 3642 πραοτέραν.
2800 3565 2962 3626 Οὗτοι
3017 3573 3114 3644 μὲν
3142 3571 3237 3629 οῦν
3264 3572 3374 3627 τῶν
3422 3573 3519 3627 τοῦ
3556 3574 3716 3640 ἁγίου
3751 3591 3864 3627 πα-

2274 3661 2672 3733 ραγγελμάτων
2705 3663 3141 3735 ὀλιγωρήσαντες
3185 3661 3353 3736 πείρᾳ
3379 3664 3575 3735 μαθεῖν
3604 3665 3859 3736 ἔμελλον,

2253 3755 2415 3824 ’άπερ
2435 3755 2722 3825 ἁμαρτιῶν
2740 3755 2944 3827 πλῆθος
2968 3758 3047 3820 εἰς
3063 3756 3223 3827 ἔργον
3245 3758 3419 3811 ἐλθεῖν
3444 3757 3859 3828 παρεσκεύαζε.

2272 3848 2517 3919 Δηλώσει
2545 3849 2601 3904 δὲ
2628 3848 2839 3921 προϊὼν
2860 3852 2887 3904 6
2909 3850 3089 3919 λόγος.
3126 3849 3283 3905 Ἐπεὶ
3307 3851 3364 3905 δὲ
3391 3850 3485 3907 καὶ
3508 3851 3677 3923 θύτην
3705 3852 3862 3918 ἀξιον

2271 3942 2366 3995 τοῦ
2386 3941 2534 3996 θείου
2562 3942 2739 4013 ἀμνοῦ
2768 3942 2860 3997 τὸν
2887 3942 3094 4015 Δανιὴλ
3120 3942 3230 3997 ἔδει
3256 3944 3656 4016 γενέσθαι,ἦδη
3685 3945 3864 4017 τούτῳ

2273 4033 2654 4104 προτεθυκότα
2696 4034 2793 4087 καὶ
2841 4031 3001 4103 σῶμα
3050 4032 3144 4087 καὶ⁵
3179 4031 3280 4104 τὴν
3321 4032 3523 4103 ψυχὴν,
3562 4036 3711 4089 κινεῖ
3760 4036 3864 4104 μὲν

2273 4125 2481 4180 ἀνωθεν
2511 4126 2603 4180 τὸν
2633 4126 2938 4195 κρατοῦντα
2969 4126 3030 4178 τὸ
3072 4125 3314 4196 πνεῦμα,
3350 4128 3493 4179 κινεῖ
3519 4126 3576 4180 δὲ
3606 4129 3703 4181 καὶ
3732 4128 3867 4181 Γεν-

2274 4217 2453 4272 νάδιον
2484 4217 2512 4271 6
2539 4218 2781 4290 κρατῶν,
2808 4218 2904 4271 καὶ
2931 4217 3242 4272 ἐπιστέλλει
3269 4217 3497 4288 συχνοὺς
3521 4218 3621 4288 τῆς
3653 4219 3863 4291 ἔκκλη-

2275 4308 2399 4368 σίας
2431 4307 2669 4361 λαϐόντα
2711 4307 2849 4381 πρὸς
2878 4307 2972 4361 τὸν
3017 4308 3192 4378 μέγαν
3229 4307 3479 4363 ἀνελθεῖν
3526 4310 3621 4363 καὶ
3660 4311 3731 4381 τῇ
3759 4309 3861 4363 τοῦ

2276 4397 2469 4467 ἱερέως
2494 4399 2658 4454 αὐτὸν
2698 4397 2988 4453 τελειῶσαι
3019 4399 3348 4472 χειροτονίᾳ.
3390 4398 3498 4453 Τοῦ
3540 4398 3601 4454 δὲ
3639 4400 3718 4464 ὡς
3743 4396 3861 4473 εἶχε

2273 4491 2447 4544 ταῦτα
2480 4491 2833 4559 πεποικότος,
2904 4494 2933 4547 6
2980 4493 3151 4556 πολὺς
3193 4492 3264 4547 τά
3307 4492 3578 4564 μέλλοντα
3610 4497 3859 4565 προορᾷν

587 4582 636 4638 is
658 4596 789 4637 vero
821 4582 939 4636 haec
968 4581 1208 4645 fecisset,
1235 4581 1329 4650 qui
1365 4579 1705 4651 praevidendi
1730 4580 1955 4650 quidem
1982 4579 2160 4634 futura

2277 4582 2494 4655 πρῶτον
2551 4584 2651 4657 μὲν
2692 4585 2793 4648 τὴν
2829 4586 2967 4658 πρὸς
3015 4586 3179 4641 αὑτὸν
3234 4584 3421 4656 ἄφιξιν
3449 4585 3530 4658 τῷ
3579 4587 3859 4657 πνεύματι

586 4692 837 4748 magnam
866 4675 1102 4730 habebat
1128 4683 1474 4745 potestatem,
1509 4674 1747 4743 primum
1779 4671 2004 4743 quidem
2058 4672 2170 4742 spi-

586 4771 700 4825 ritu
731 4769 1131 4842 praecognoscit
1156 4768 1404 4823 futurum
1433 4767 1499 4822 ad
1528 4782 1586 4822 se
1612 4765 1943 4831 adventum;
1969 4763 2169 4820 deinde

587 4874 710 4914 cum
752 4861 843 4915 ille
872 4860 983 4930 jam
1008 4860 1250 4914 venisset
1279 4858 1345 4912 ad
1393 4858 1729 4921 columnam,
1761 4855 1900 4910 dixit
1942 4868 2001 4909 se
2023 4855 2165 4925 jam-

588 4952 801 5022 pridem
832 4952 1177 5008 desiderasse
1225 4951 1292 5005 ad
1341 4965 1468 5005 eum
1516 4946 1841 5013 ascendere,
1875 4944 1972 5001 sed
2006 4960 2167 5000 curas

588 5047 939 5117 prohibuisse
969 5045 1394 5108 ecclesiasticas,
1428 5057 1498 5097 ne
1533 5042 1696 5095 finem
1731 5041 2043 5110 imponeret
2067 5053 2171 5093 suo

588 5137 888 5203 desiderio,
914 5152 1063 5192 nunc
1089 5145 1274 5190 autem
1301 5135 1511 5198 venire,
1547 5141 1608 5186 ut
1637 5142 1693 5187 et
1727 5133 1909 5202 ipsum
1936 5130 2168 5195 videret,

588 5230 817 5300 ejusque
849 5230 1109 5300 precibus
1139 5228 1418 5281 frueretur
1441 5235 1497 5281 et
1519 5225 1889 5280 sermonibus.
1925 5223 2173 5293 Rogabat

587 5338 742 5385 vero,
778 5330 837 5375 ut
874 5323 1039 5377 scala:
1070 5335 1291 5390 quoque
1336 5318 1760 5372 adhiberentur.
1802 5314 2051 5379 Frustra,
2086 5314 2175 5368 in-

590 5416 711 5484 quit
743 5412 793 5469 ei
826 5412 1160 5482 praedicendi
1190 5426 1383 5481 magna
1406 5410 1460 5464 vi
1490 5407 1751 5479 praeditus
1780 5405 1992 5470 Daniel,
2020 5405 2171 5460 hunc

589 5507 836 5561 laborem
870 5516 930 5560 ut
958 5506 1288 5574 susciperes,
1337 5501 1675 5573 procuravit,
1702 5500 1794 5571 qui
1847 5509 1900 5555 te
1949 5497 2016 5554 ad
2068 5514 2170 5552 nos

590 5599 785 5653 movit.
813 5596 929 5652 Hoc
962 5596 1126 5651 simul
1159 5605 1214 5650 et
1244 5604 1524 5665 stuporem
1560 5601 1615 5647 et
1644 5600 1852 5647 metum
1881 5590 2043 5646 aﬂert
2076 5605 2170 5645 sa-

590 5689 837 5755 cerdoti;
876 5696 1158 5757 stuporem
1189 5685 1437 5757 quidem,
1468 5698 1709 5754 quonam
1740 5680 1906 5738 modo
1936 5682 2018 5737 sic
2044 5682 2165 5753 ejus

592 5781 846 5851 cognovit
886 5782 1202 5851 adventum,
1251 5779 1505 5837 timorem
1551 5788 1777 5851 autem,
1819 5779 1968 5852 quod
2004 5794 2163 5837 mens

2280 4674 2683 4748 προγινώσκειο
2728 4676 2921 4731 ἔπειτα
2954 4677 3031 4741 ὡς
3074 4677 3281 4741 ἐκεῖνος
3314 4678 3417 4748 ἤδη
3451 4677 3591 4731 κατά
3614 4677 3707 4730 τὸν
3735 4677 3861 4731 σετῦ⁴

2276 4767 2366 4820 λον
2389 4768 2681 4836 γενόμενος
2710 4768 2946 4822 ἔκπαλαι
2979 4768 3081 4839 μὲν
3102 4768 3246 4840 ηὲρᾷν
3274 4768 3378 4838 ἔφη
3406 4770 3507 4838 τῆς
3529 4771 3666 4838 πρὸς
3692 4768 3858 4822 αὐτὸν

2276 4858 2484 4924 ἀνόδου,
2518 4859 2999 4930 ἐκκλησιαστικαῖς
3029 4860 3085 4914 δὲ
3134 4859 3416 4931 φροντίσιν
3446 4858 3728 4931 εἴργεσθαι
3756 4861 3859 4915 πέ-

2280 4966 2380 5018 ρας
2418 4952 2728 5021 παρασχεῖν
2777 4953 2843 5023 τῇ
2880 4950 3171 5022 ἐπιθυμίᾳ,
3221 4950 3340 5003 νυνὶ
3374 4949 3431 5003 δὲ
3477 4950 3659 5021 ήκειν,
3693 4950 3859 5005 αὐτόν

2275 5059 2336 5094 τε
2373 5042 2501 5096 ἰδεῖν
2529 5043 2622 5096 καὶ
2647 5043 2824 5113 εὐχῶν
2859 5044 3027 5098 αὐτοῦ
3074 5044 3170 5097 καὶ
3204 5043 3383 5112 λόγων
3415 5043 3858 5110 καταπολαῦσαι,

2276 5135 2430 5205 ἠξίου
2477 5136 2533 5189 δὲ
2565 5137 2661 5190 καλ⁵
2709 5135 2812 5207 τὴν
2842 5136 3089 5206 κλίμακα
3130 5137 3346 5206 στῆναι,
3385 5135 3601 5206 Μάτην,
3634 5135 3802 5205 φησὶν
3830 5136 3859 5189 ό

2276 5227 2763 5297 προφητικὼτατος
2796 5227 2996 5297 Δανιὴλ
3046 5226 3181 5298 πρὸς
3221 5227 3403 5294 αὑτὸν,
3438 5228 3613 5280 κόπου
3640 5242 3724 5279 σοι
3752 5242 3860 5279 και-

2276 5317 2438 5389 τέστη
2498 5317 2758 5389 πρόξενος
2811 5321 2838 5373 ό
2889 5320 3119 5391 κινήσας
3182 5336 3241 5372 σε
3284 5321 3421 5389 πρὸς
3463 5320 3636 5390 ἡμᾶς.
3684 5316 3860 5372 Τοῦτο

2276 5408 2539 5478 ἔκπληξιν
2571 5409 2687 5480 ἅμα
2728 5412 2823 5465 καὶ
2852 5411 2973 5476 δέος
3006 5411 3265 5482 ὲμϐἀλλει
3294 5411 3372 5482 τῷ
3404 5412 3564 5482 ἱερεῖ,
3593 5408 3860 5478 ἔκπληξιν

2280 5503 2379 5574 μὲν
2396 5505 2543 5567 ὅπως
2570 5503 2713 5558 οὕτω
2730 5508 2829 5573 τῆς
2852 5504 3092 5574 ἀφίξεως
3110 5503 3277 5559 αὐτοῦ
3293 5506 3384 5558 τὸν
3414 5504 3616 5575 τρόπον
3634 5501 3855 5569 διέγνω,

2272 5598 2392 5664 δέος
2420 5598 2475 5652 δὲ
2510 5601 2590 5653 ὅτι
2633 5600 2728 5654 καὶ
2758 5601 2826 5655 τὰ
2880 5602 2978 5669 τῆς
3007 5598 3233 5669 γνώμης
3279 5596 3445 5653 αὐτοῦ
3504 5595 3584 5669 τῷ
3606 5594 3858 5667 ομεγάλῳ

2276 5686 2488 5756 φανερά
2518 5683 2586 5759 ἦν
2612 5704 2626 5719 ο
2664 5688 2787 5742 οὐδὲ
2838 5690 2966 5758 γὰρ,
2997 5691 3047 5743 εί
3078 5688 3153 5761 μὴ
3198 5687 3351 5761 παρά
3399 5686 3495 5741 τοῦ
3527 5684 3856 5760 κρατοῦντος

2272 5780 2608 5850 ἠνάγκαοτο,
2648 5781 2942 5839 ἐπένευσεν
2968 5782 3034 5839 ἄν
3077 5799 3206 5837 ποτε
3237 5782 3472 5838 ἀνιέναι.
