4142 6384
391 332 523 396 μοι

1453 331 1636 392 VITA
1675 333 1731 392 S.
1779 331 2148 392 DANIELIS
2178 333 2541 396 STYLITiE.

3504 335 3645 398 1002

383 446 504 514 ejus
547 455 745 512 magno
790 445 909 496 erat
952 437 1164 496 Danieli
1205 439 1512 494 manifesta.
1558 439 1744 508 Neque
1772 439 1943 504 enim,
1988 441 2096 496 nisi
2126 451 2353 499 coaetus
2379 442 2658 498 fuissetab
2684 444 3042 515 imperatore,
3104 443 3172 500 ad
3203 461 3330 500 eum
3397 461 3638 517 unquam

381 537 577 594 venire
608 535 916 590 annuisset.

457 629 587 684 κεν.
636 627 788 680 Ἐπεὶ
817 627 876 680 δὲ
923 625 1095 680 πολλὰ
1139 627 1243 697 μὲν
1287 625 1380 679 τοῦ
1426 625 1756 688 ἐπισκόπου,
1786 625 1957 680 πώλα

2134 624 2294 678 XXV.
2314 624 2452 680 Cum
2477 634 2659 680 autem
2679 630 2734 679 et
2749 624 3064 695 episcopus,
3086 632 3141 678 et
3157 624 3248 694 qui
3271 627 3644 697 sequebantur

379 721 442 774 δὲ
489 719 586 774 καὶ
629 717 742 769 τῶν
789 715 1077 785 ἑπομένων
1127 713 1207 784 τῷ
1263 713 1550 783 ὲπισκόπῳ
1601 713 1826 780 τεθῆναι
1869 711 1968 780 τὴν

388 811 640 880 κλίμακα
695 806 995 876 δεηθέντων
1045 807 1142 860 καὶ
1188 805 1437 859 ἀνελθεῖν
1506 805 1890 874 ἀπηγόρευσεν
1939 804 1967 854 ὁ

387 906 680 974 ἀήττητος,
715 900 817 970 ἠδη
862 900 920 952 δὲ
951 898 1044 952 καὶ
1072 900 1101 950 ὀ
1149 897 1299 965 ἥλιος
1333 895 1473 950 κατὰ
1525 894 1696 965 μέσας
1725 894 1968 962 εἱστήκει

387 994 486 1057 τὰς
554 991 796 1058 κεφαλὰς
848 990 1084 1060 θερμαῖς
1137 988 1310 1050 αὑτὰς
1342 987 1551 1058 βάλλων
1599 986 1719 1046 ταῖς
1758 985 1964 1045 ἀκτῖσι,

387 1089 484 1141 καὶ
508 1086 566 1137 τὸ
597 1083 805 1151 πλῆθος
850 1082 996 1151 δίψει
1025 1082 1120 1136 καὶ
1151 1080 1394 1136 καύσωνι
1427 1081 1454 1131 ὁ
1504 1076 1804 1137 ἐπίσκοπος
1839 1073 1969 1141 φλε-

388 1179 655 1247 γομένους
699 1174 866 1244 ἑώρα,
899 1174 950 1226 τί
1003 1175 1174 1236 ποιεῖς
1211 1169 1472 1224 Κάτωθεν
1529 1169 1630 1237 μὲν
1677 1167 1966 1236 ἐπιτρέπει

387 1270 464 1337 τῷ
495 1267 862 1338 ἁρχιδιακὸνῳ
890 1265 986 1327 τὰς
1039 1263 1297 1332 συνήθεις
1337 1261 1502 1331 εὐχὰς
1546 1258 1923 1327 ὑπαγορεῦσαι
1948 1273 1963 1289 ο

383 1362 548 1421 αὐτὸς
587 1361 648 1412 δε
706 1358 1147 1428 προσευξάμενος
1182 1356 1482 1426 χειροτονεῖ
1522 1353 1615 1406 τὸν
1656 1353 1833 1421 μέγαν
1874 1351 1968 1404 καὶ

389 1457 466 1524 μὴ
502 1454 746 1524 παρόντα
797 1451 1197 1521 πρεσϐύτερον,
1227 1451 1320 1502 καὶ
1355 1450 1468 1518 ἅμα
1499 1447 1559 1499 τὸ
1601 1445 1825 1512 πλῆθος,
1858 1443 1967 1497 Καὶ

387 1547 558 1612 ἄξιος,
611 1544 853 1597 ἐπεϐόων
891 1545 983 1596 ἐπὶ
1050 1543 1142 1595 τὸν
1191 1539 1406 1608 ἀληθῶς
1453 1539 1622 1604 ἄξιον.
1672 1536 1833 1590 Οὕτω
1870 1534 1965 1588 τοῦ

385 1638 731 1708 πατριάρχου
775 1635 1062 1688 Γενναὸίου
1115 1633 1265 1703 ίερέα
1299 1649 1378 1686 τε.
1405 1630 1495 1683 τὸν
1532 1629 1731 1700 Δανιὴλ
1763 1629 1966 1700 ὀνομά-

389 1745 584 1789 σαντος
632 1725 747 1786 καὶ.
797 1725 952 1786 Ἰδοὺ,
1011 1724 1314 1793 εἰρηκότος.
1367 1720 1460 1774 καὶ
1506 1722 1534 1773 ὁ
1569 1720 1695 1782 λαός
1740 1736 1821 1771 σοι
1866 1719 1966 1786 τὴν

388 1819 785 1887 νενομισμένην
844 1817 1022 1885 ἀφῆκε
1070 1812 1252 1884 φωνὴν
1308 1813 1402 1866 ἐπὶ
1448 1811 1645 1881 τούτῳ,
1689 1812 1783 1864 καὶ
1834 1811 1965 1872 θεὸς

387 1912 600 1965 ἄνωθεν
628 1911 694 1964 δι’
727 1909 862 1979 ἐμοῦ
909 1925 993 1960 σοι
1023 1907 1118 1976 τὴν
1145 1909 1307 1976 χεῖρα
1351 1903 1616 1972 ἀπέθηκε,
1649 1902 1745 1957 καὶ
1776 1899 1962 1964 ἁπλῶς

2069 718 2413 786 episcopum,
2442 718 2675 771 multum
2702 719 3068 788 rogavissent,
3107 725 3166 771 ut
3213 717 3641 776 admoverentur

2067 810 2251 872 scalae,
2309 818 2366 864 ct
2421 809 2488 863 ad
2548 825 2675 864 eum
2734 810 3083 873 ascenderet,
3111 810 3438 878 prohibebat
3506 827 3640 868 vero

2070 903 2314 958 invictus
2340 901 2563 966 Daniel;
2591 902 2914 957 imminebat
2948 915 3132 958 autem
3157 905 3269 974 jam
3301 905 3383 959 sol
3442 905 3640 961 mediis

2069 1009 2261 1050 eorum
2292 994 2587 1063 capitibus,
2614 993 2811 1048 calidis
2830 1010 2926 1049 eos
2949 994 3156 1050 feriens
3193 996 3386 1061 radiis,
3411 1007 3469 1052 et
3495 998 3644 1054 vide-

2071 1085 2166 1140 bat
2194 1084 2494 1154 episcopus
2556 1085 2968 1139 multitudinem
3001 1085 3092 1140 siti
3139 1096 3196 1140 et
3242 1097 3376 1141 testu
3419 1091 3643 1148 torreri.

2064 1177 2224 1246 jubet
2258 1175 2490 1231 interius
2523 1176 2749 1243 quidem
2803 1176 3204 1232 arcltidiacono
3233 1194 3423 1247 preces
3454 1180 3643 1234 dicere

2069 1281 2386 1326 consuetas.
2421 1269 2540 1340 Ipse
2574 1280 2757 1325 autem
2778 1287 2900 1324 cum
2935 1280 3081 1326 esset
3111 1281 3389 1341 precatus,
3419 1274 3641 1329 ordinat

2071 1377 2327 1431 maguum
2361 1363 2640 1417 Danielem
2669 1363 2838 1417 etiam
2871 1379 2981 1416 non
3012 1373 3360 1431 praesentem.
3417 1366 3644 1439 presby-

2073 1465 2274 1519 terum,
2303 1463 2360 1509 et
2389 1453 2554 1508 simul
2610 1455 2910 1510 multitudo
2951 1455 3018 1508 dc
3043 1471 3110 1509 eo
3142 1455 3236 1524 qui
3261 1463 3381 1510 erat
3409 1472 3538 1512 vere
3560 1459 3644 1512 di-

2069 1561 2232 1616 guns,
2257 1545 2549 1609 clamabat,
2583 1546 2810 1616 Dignus.
2835 1544 2972 1600 Cum
2995 1546 3074 1600 sic
3099 1546 3408 1616 patriarcha
3427 1546 3646 1602 Genna-

2069 1639 2196 1694 dius
2251 1639 2527 1693 Danielem
2566 1639 2902 1693 nominasset
2942 1640 3306 1700 sacerdotem,
3363 1649 3439 1704 et,
3481 1641 3644 1702 Ecce.

2068 1731 2320 1793 dixisset,
2347 1739 2403 1784 et
2435 1730 2530 1784 tibi
2569 1731 3023 1800 populusjustam
3056 1732 3124 1785 de
3159 1747 3312 1786 more
3349 1739 3642 1800 propterea

2067 1824 2250 1878 emisit
2276 1836 2465 1877 vocem
2489 1840 2504 1887 ;
2528 1833 2584 1877 et
2606 1825 2750 1878 Deus
2773 1825 3014 1891 desuper
3047 1824 3144 1877 tibi
3173 1839 3271 1892 per
3303 1838 3388 1878 me
3417 1839 3638 1879 manum

2070 1917 2353 1986 imposuit,
2403 1925 2458 1971 et
2495 1916 2701 1979 omnia,
2751 1925 2810 1970 ut
2849 1918 3019 1971 semel
3070 1917 3277 1979 dicam,
3334 1918 3633 1986 suscepisti

389 2006 567 2059 πάντα
604 2005 674 2055 τά
703 2002 802 2070 τῆς
841 2000 1143 2071 ἱερωσύνης
1177 1997 1344 2064 ἐδέξω
1389 1994 1640 2064 σύμῦολα
1663 2011 1678 2027 ·
1717 1994 1962 2046 λείπεται

2069 2015 2221 2080 s’gna
2257 2008 2578 2065 sacerdotii.
2619 2009 2818 2063 Restat
2856 2024 3010 2078 ergo,
3037 2020 3097 2063 ut
3126 2009 3285 2062 scalae
3311 2009 3645 2063 admovean-

387 2095 517 2161 γοῦν
555 2095 654 2165 τὴν
685 2093 928 2162 κλίμακα
963 2092 1041 2162 τῷ
1076 2093 1214 2144 κίονι
1249 2088 1581 2156 ἐρεισθῆναι,
1617 2088 1706 2143 ἵνα
1739 2087 1837 2140 καὶ
1863 2087 1962 2154 τῆς

388 2186 538 2254 ιερᾶς
571 2184 850 2254 μετάσχῃς
882 2181 1100 2245 Θυσίας,
1136 2181 1228 2234 καὶ
1271 2181 1448 2234 πάντα
1483 2177 1709 2250 ὑπείξῃς
1755 2177 1833 2246 τῷ
1864 2194 1966 2230 καο

384 2274 568 2328 λοῦντι
605 2274 751 2342 Θεῷ.
781 2273 853 2325 τὸ
883 2273 1046 2340 γνοὺς
1073 2274 1100 2324 ὁ
1123 2270 1390 2341 μακάριος
1422 2271 1497 2340 μὴ
1527 2271 1593 2323 ἂν
1617 2268 1769 2321 ἀθεεὶ
1790 2267 1962 2321 ταῦτα

385 2366 662 2436 γενέσθαι,
697 2366 833 2419 ἀλλὰ
869 2366 1117 2419 κάκεῖνον
1153 2362 1547 2432 συνευδοκῆσαι
1594 2365 1706 2424 τοῖς
1737 2362 1964 2430 γενομέ-

385 2476 517 2522 νοις,
551 2462 653 2528 τήν
689 2473 746 2511 τε
791 2456 1038 2522 κλίμακα
1067 2456 1293 2524 τεθῆναι
1337 2453 1575 2520 κελεύει,
1605 2457 1700 2507 καὶ
1743 2455 1839 2507 τὸν
1871 2455 1963 2506 οὑ-

387 2553 571 2618 ράνιον
618 2550 990 2620 μαργαρίτην,
1017 2550 1116 2618 τὴν
1155 2549 1304 2602 θείαν
1348 2547 1490 2617 φημὶ
1535 2545 1842 2610 κοινωνίαν,
1870 2548 1968 2600 καὶ

385 2644 569 2698 δίδωσι
600 2643 692 2696 καὶ
743 2641 1034 2709 λαμὸάνει.
1068 2636 1205 2698 Είτα
1261 2640 1355 2692 καὶ
1404 2640 1573 2693 τᾶλλα
1626 2640 1805 2695 πάντα
1851 2641 1963 2702 τοῖς

395 2735 634 2806 ἱερεῦσιν
664 2735 898 2788 εἰωθότα
930 2735 1164 2804 ποιήσας
1213 2735 1306 2787 καὶ
1332 2733 1426 2786 τοῦ
1464 2733 1702 2803 πλήθους
1733 2733 1966 2802 ὑπερευ-

386 2830 640 2900 ξάμενος,
673 2830 854 2898 ἀφῆκε
897 2828 1194 2897 χαίροντας
1223 2823 1358 2895 ὁμοῦ
1406 2828 1499 2878 καί
1542 2824 1922 2895 θαυμάζοντας
1949 2838 1962 2853 ·

385 2922 446 2976 τὸ
479 2923 577 2992 μὲν
599 2922 690 2975 διὰ
738 2923 836 2992 τὴν
855 2921 1174 2989 ’πρόγνωσιν
1209 2919 1306 2974 καὶ
1344 2917 1445 2987 τὴν
1473 2918 1765 2988 ἔπαινετὴν
1797 2917 1964 2978 ὅντως

383 3014 606 3080 δειλίαν,
633 3015 692 3068 τὸ
733 3014 790 3067 δὲ
837 3015 920 3067 ὅτι
954 3013 1113 3082 μόγις
1163 3013 1282 3080 μὲν,
1322 3009 1573 3063 πείθεται
1600 3009 1656 3062 δὲ
1683 3011 1833 3079 ὅμως
1871 3009 1967 3060 αἰ-

387 3109 476 3172 τὸς
511 3111 610 3176 μὲν
653 3108 750 3177 τὴν
805 3105 1113 3175 ἱερωσύνην
1157 3103 1362 3167 λαϐεῖν,
1415 3101 1642 3164 ἐκείνοις
1671 3103 1730 3156 δὲ
1766 3103 1834 3156 τὰ
1868 3105 1966 3172 τῆς

385 3201 552 3271 εὐχῆς
585 3202 886 3270 παρασχεῖν
922 3201 1018 3253 καὶ
1046 3199 1143 3266 τῆς
1172 3196 1449 3265 εὐλογίας.
1484 3196 1526 3248 Τ
1530 3195 1671 3249 αὕτα
1707 3195 1844 3264 δῆλα
1875 3196 1966 3248 καὶ

2075 2113 2165 2158 tur
2213 2104 2508 2165 columna,
2557 2111 2620 2156 ut
2649 2101 2727 2156 sis
2755 2102 2923 2154 etiam
2955 2101 3096 2155 sacri
3125 2101 3401 2171 particeps
3431 2103 3640 2156 sacriﬁ—

2071 2196 2166 2253 cii.
2195 2203 2251 2248 et
2283 2194 2396 2248 Deo
2417 2193 2637 2248 vocanti
2665 2192 2893 2246 omnino
2912 2193 3098 2246 cedas.
3123 2193 3277 2246 'l‘unc
3298 2207 3424 2247 cum
3443 2193 3642 2248 beatus

2069 2285 2624 2356 cognovissetDaniel
2663 2283 2780 2339 haec
2812 2299 2922 2338 non
2951 2283 3070 2338 ﬁeri
3098 2284 3219 2338 sine
3255 2285 3344 2338 Dei
3392 2285 3641 2346 numine.

2071 2378 2166 2432 sed
2213 2379 2265 2432 ei
2294 2391 2516 2446 quoque
2561 2383 2718 2445 grata
2767 2390 2893 2431 esse
2942 2384 2997 2429 et
3035 2383 3283 2445 accepta.
3340 2391 3463 2446 qua:
3502 2377 3645 2431 facta

2071 2477 2220 2533 sunt,
2267 2468 2425 2538 jubet
2475 2469 2603 2539 poni
2639 2467 2842 2529 scalas.
2874 2475 2928 2522 et
2960 2468 3238 2523 etelestem
3269 2470 3644 2539 margaritam.

2070 2558 2341 2625 divinam,
2379 2560 2627 2630 inquam,
2658 2559 3131 2621 communionem,
3154 2569 3210 2615 et
3237 2561 3330 2615 dat
3351 2570 3405 2615 et
3423 2562 3644 2630 accipit.

2069 2653 2279 2709 Deinde
2312 2668 2439 2708 cum
2477 2653 2646 2708 etiam
2675 2652 2899 2708 fecisset
2928 2652 3036 2705 alia
3059 2651 3266 2714 omnia,
3297 2667 3418 2722 qua:
3465 2652 3645 2707 solent

2074 2744 2186 2798 fieri
2214 2758 2242 2796 a
2265 2741 2670 2804 sacerdotibus.
2697 2750 2754 2795 et
2781 2751 3036 2809 precatus
3074 2749 3223 2795 esset
3258 2756 3359 2809 pro
3392 2743 3646 2797 multitu-

2071 2837 2222 2898 dine,
2263 2850 2360 2890 eos
2417 2833 2629 2888 dimisit
2672 2834 2925 2887 laetantes
2979 2831 3144 2886 simul
3197 2843 3254 2886 et
3278 2832 3639 2896 admirantes,

2069 2929 2268 2998 partim
2309 2925 2534 2997 quidem
2588 2935 2816 2994 propter
2846 2922 3254 2992 prascientiam
3279 2932 3336 2978 et
3360 2938 3491 2979 vere
3526 2925 3648 2980 lat-

2068 3021 2305 3075 dabilem
2340 3018 2715 3080 timiditatem,
2748 3015 2949 3084 partim
2981 3023 3164 3070 autem
3195 3015 3340 3085 quod
3387 3015 3477 3070 vix
3520 3018 3647 3086 qui-

2069 3115 2212 3176 dem,
2272 3109 2634 3180 persuadetur
2685 3118 2865 3162 tamen
2916 3107 3034 3176 ipse
3103 3106 3331 3176 quidem
3393 3109 3646 3178 accipere

2069 3203 2466 3266 sacerdotium,
2492 3203 2603 3256 illis
2627 3215 2757 3255 vero
2783 3200 3032 3270 prmbere
3057 3214 3250 3270 preces
3303 3209 3359 3255 et
3385 3200 3647 3256 benedic-

384 3293 463 3363 τῷ
497 3293 704 3362 βασιλεῖ
739 3293 976 3358 γίνεται,
1010 3293 1104 3344 καὶ
1134 3292 1232 3361 τῆς
1271 3291 1466 3360 ὁμοίας
1487 3289 1650 3343 αὑτὸν
1689 3287 1964 3359 ἐμπίπληε

2070 3297 2298 3350 tionem.
2330 3295 2461 3350 Haec
2500 3294 2822 3365 imperatori
2851 3306 3072 3360 quoque
3130 3291 3535 3362 signiﬁcantur,
3585 3303 3644 3348 et

388 3403 472 3439 σιν
506 3386 698 3454 ἡδονῆς
723 3386 818 3438 καὶ
851 3385 1192 3456 ἐκπλήξεως.

459 3481 605 3546 KG'.
640 3480 807 3532 οὐδὲν
854 3479 949 3532 οὖν
984 3480 1128 3548 μέγα
1168 3477 1288 3532 οὐδὲ
1335 3477 1438 3547 τῆς
1473 3477 1649 3547 ἀρχῆς
1683 3475 1958 3546 φρονήσας

384 3576 606 3637 οἰκεῖον,
638 3572 776 3625 ἀλλὰ
821 3572 1008 3642 μαθὼν
1035 3571 1160 3625 ὅσον
1196 3571 1314 3623 ἐστὶ
1345 3569 1624 3640 βασιλείας
1661 3569 1832 3640 ἁρετὴ
1880 3585 1962 3621 tt-

387 3664 682 3735 μεώτερον,
715 3664 890 3718 ἄνεισι
920 3663 1014 3730 καὶ
1051 3662 1212 3725 αὐτὸς
1254 3662 1390 3732 πρὸς
1435 3663 1621 3723 αὑτὸν,
1652 3661 1746 3715 καὶ
1770 3661 1959 3729 ὥσπερ

386 3759 475 3811 τὸν
502 3757 671 3824 τῦφον
705 3756 800 3810 καὶ
833 3754 933 3824 τὴν
975 3753 1248 3824 βασίλειον
1273 3754 1448 3824 ὀφρὺν
1473 3754 1624 3806 κάτω
1654 3753 1828 3805 λιπὼν
1867 3752 1961 3804 καὶ

387 3849 824 3916 ἀπολυσάμενος,
871 3846 1057 3916 βάλλει
1096 3845 1196 3915 μὲν
1229 3847 1420 3899 ἑαυτὸν
1447 3846 1526 3906 είς
1565 3844 1694 3914 γῆν,
1729 3842 1960 3896 ἅπτεται

386 3943 441 3996 δὲ
466 3942 576 3994 τῶν
628 3941 788 4010 ίερῶν
821 3940 1027 3992 ἐκείνου
1079 3938 1278 4002 ποδῶν,
1332 3938 1637 4006 καθαπερεὶ
1678 3937 1754 4006 τῷ
1786 3935 1960 3988 ταῦτα

386 4036 563 4086 ποιεῖν
598 4033 782 4103 μεῖζον
810 4031 843 4100 ἢ
869 4032 1007 4084 κατὰ
1035 4029 1260 4100 βασιλέα
1290 4030 1620 4099 τιμώμενος.
1659 4027 1959 4092 Ἀψάμενος

385 4125 440 4178 δὲ
501 4123 809 4193 πληροῦται
867 4122 1146 4192 θαύματος
1195 4123 1226 4191 ῆ
1285 4123 1552 4192 πρότερον
1599 4122 1628 4174 ὁ
1659 4120 1696 4171 Γ
1701 4119 1957 4180 ελάσιος·

387 4216 542 4276 avios;
575 4217 684 4282 γὰρ
730 4216 933 4268 ικεῖνοι
967 4216 1090 4268 λίαν
1134 4215 1471 4283 ὲξῳδηκότες
1518 4209 1660 4284 ἦσαν
1695 4213 1790 4266 καὶ
1820 4211 1959 4274 ὅλως

389 4305 643 4376 βρύοντες
673 4307 883 4369 ἕλκεσι,
926 4307 1020 4359 καὶ
1061 4303 1128 4377 ἦν
1165 4305 1398 4376 φρικτὸν
1428 4303 1564 4374 ὁμοῦ
1617 4304 1712 4356 καὶ
1741 4302 1960 4372 οἰκτρὸν

390 4399 521 4450 ίδεῖν
555 4400 648 4452 καὶ
677 4398 943 4465 ᾶψασθαι.
976 4399 1110 4451 Τότε
1159 4398 1289 4466 γοῦν
1322 4398 1350 4449 ὁ
1383 4395 1636 4465 βασιλεὺς
1673 4395 1836 4448 αὑτὸν
1867 4394 1962 4446 καὶ

387 4491 581 4545 διττῶν
633 4491 792 4560 βάσιν
840 4491 1038 4544 κιόνων
1088 4490 1346 4560 δωρεῖται
1394 4487 1490 4551 οὓς
1533 4489 1698 4548 αὐτὸς
1751 4487 1958 4556 ἵδρυσε,

2062 3389 2226 3444 simili
2258 3403 2384 3442 cum
2412 3390 2627 3458 replent
2667 3391 2856 3446 laetitia
2885 3401 2940 3446 et
2975 3391 3366 3448 admiratione.

2128 3479 2321 3535 XXVI.
2352 3481 2488 3536 Cum
2513 3497 2625 3537 non
2655 3499 2786 3553 ergo
2813 3485 3081 3553 ingentes,
3113 3485 3207 3554 qui
3255 3496 3388 3540 sunt
3425 3485 3645 3554 imperii

2061 3575 2294 3644 proprii,
2317 3575 2642 3645 sumpsisset
2664 3578 2913 3646 spiritus,
2941 3577 3034 3632 sed
3063 3577 3348 3632 didicisset
3372 3587 3640 3649 quantum

2062 3669 2135 3723 sit
2164 3667 2338 3722 virtus
2360 3669 2589 3735 imperio
2641 3669 3012 3737 prwstantior,
3036 3669 3154 3737 ipse
3182 3685 3401 3739 quoque
3423 3682 3488 3724 ad
3516 3685 3642 3724 cum

2062 3759 2417 3818 ascendit.'et
2449 3759 2676 3827 perinde
2707 3774 2772 3813 ac
2797 3761 2840 3813 si
2873 3762 3083 3829 regium
3119 3762 3315 3816 fastum
3352 3771 3408 3816 ct
3446 3777 3645 3830 super-

2063 3851 2249 3905 cilium
2275 3850 2589 3919 reliquissct
2610 3850 2866 3915 inferius,
2891 3860 2944 3905 et
2965 3867 3022 3905 se
3047 3853 3311 3916 exuisset,
3329 3867 3387 3906 se
3420 3853 3642 3922 quidem

2064 3942 2221 3996 humi
2251 3943 2574 4010 prosternit,
2613 3942 2786 4009 tangit
2813 3952 2996 3996 autem
3039 3956 3226 3996 sacros
3257 3942 3404 3995 illius
3451 3942 3644 4010 pedes.

2062 4035 2220 4104 quasi
2253 4035 2369 4087 haec
2404 4033 2657 4088 faciendo
2678 4035 2854 4102 magis
2880 4035 3276 4098 bonoraretur,
3301 4049 3462 4103 quam
3493 4036 3644 4104 quod

2061 4137 2209 4180 esset
2237 4125 2554 4193 imperator.
2589 4126 2740 4192 Quos
2773 4140 2899 4180 cum
2933 4127 3227 4196 tetigisset,
3257 4126 3520 4196 impletur
3548 4128 3645 4182 ad-

2063 4219 2377 4280 miratione,
2406 4217 2548 4272 sicut
2577 4217 2729 4286 prius
2759 4217 3037 4283 Gelasius;
3063 4227 3224 4272 erant
3255 4219 3404 4274 enim
3435 4219 3512 4273 illi
3546 4235 3645 4290 pc-

2061 4308 2158 4361 des
2185 4305 2341 4361 valde
2366 4315 2659 4367 tumentes,
2685 4313 2742 4360 et
2770 4305 2994 4361 omnino
3020 4314 3297 4362 scatentes
3343 4308 3645 4378 ulceribus,

2061 4411 2291 4469 eratque
2327 4400 2493 4453 simul
2535 4399 2803 4454 horribile
2836 4408 2892 4453 et
2927 4398 3245 4456 miserabile
3296 4401 3418 4456 illos
3455 4401 3645 4457 videre

2064 4501 2120 4546 et
2157 4502 2406 4561 tangere.
2442 4491 2598 4546 Tune
2645 4506 2778 4560 ergo
2809 4491 3308 4560 imperator'donat
3353 4508 3482 4549 eum
3527 4494 3644 4548 basi

387 4584 657 4652 διχθάδιον
694 4585 786 4640 τὸν
843 4583 1035 4636 στῦλον
1087 4583 1472 4651 ἐπονομάσας·
1504 4575 1567 4634 οὗ
1619 4581 1714 4632 καὶ
1757 4581 1958 4648 Δανιὴλ

2067 4582 2406 4653 geminamus
2441 4585 2842 4648 columnarum,
2880 4599 3018 4654 quas
3063 4585 3181 4653 ipse
3211 4586 3427 4654 posuit,
3460 4586 3648 4657 dupli-

387 4676 692 4729 ὲπιόαίνων
746 4675 988 4746 ἔχαιρεν.
1034 4675 1276 4738 Ἐκεῖνός
1311 4691 1368 4726 τε
1401 4675 1512 4742 γάρ
1562 4672 1638 4742 τῷ
1670 4670 1796 4742 ὕψει
1827 4673 1964 4742 μᾶλ-

2067 4690 2184 4729 eem
2250 4689 2371 4728 eam
2445 4674 2756 4728 columnam
2827 4676 3140 4732 nominans.
3208 4676 3382 4743 Quam
3455 4693 3650 4732 ascen-

387 4766 480 4820 λον
509 4769 738 4837 ἐπῆρτο,
783 4768 878 4820 καὶ
923 4767 1099 4831 οὓτως
1131 4769 1247 4836 ἷιμα
1280 4767 1414 4836 πρὸς
1465 4766 1698 4833 ἄσκησιν
1746 4762 1963 4816 ὲπετείυ

389 4875 532 4920 νετο,
584 4859 779 4930 θέρους
837 4859 936 4929 μὲν
974 4860 1402 4928 φλογοδέστερον
1457 4858 1620 4910 αὑτὸν
1679 4856 1962 4926 βάλλοντος

387 4950 484 5004 τοῦ
513 4951 688 5021 ἡλίου,
720 4951 993 5021 χειμῶνος
1033 4952 1091 5004 δὲ
1122 4950 1463 5022 ψυχρότερον
1501 4949 1598 5002 τοῦ
1647 4949 1834 5018 ἀέρος.
1876 4947 1964 5008 Ὠς

388 5046 446 5098 δὲ
480 5047 571 5098 καὶ
599 5047 697 5114 τῆς
729 5045 840 5100 τῶν
870 5047 1090 5114 ἀνέμων
1121 5045 1266 5114 βίας,
1295 5046 1473 5114 χιόνος
1505 5060 1564 5094 τε
1597 5045 1690 5094 καὶ
1723 5041 1965 5110 χαλάζης

393 5136 634 5207 ἰσχυρῶς
688 5138 1102 5207 ἐπιτεταμένων
1145 5139 1240 5190 καὶ
1283 5137 1485 5206 ἣκιστα
1533 5134 1778 5204 φορητὴν
1845 5133 1968 5185 επι-

389 5230 716 5285 δεικνύντων
763 5231 864 5300 τὴν
914 5229 1234 5300 καρτερίαν,
1292 5228 1489 5297 ἀμέλει
1536 5227 1631 5279 καὶ
1683 5224 1855 5277 πολλὰ
1900 5222 1967 5275 τά

389 5321 648 5392 θαύματα
681 5318 970 5390 ἠκολούθει
994 5335 1008 5348 ·
1057 5319 1195 5389 ὅπερ
1225 5317 1347 5387 ἐμοὶ
1381 5318 1442 5369 τὸ
1481 5315 1660 5385 μῆκος
1711 5311 1965 5382 φεύγοντι

386 5413 479 5466 τοῦ
507 5415 668 5480 λόγου
715 5414 777 5464 ού
814 5413 996 5466 πάντα
1030 5412 1212 5482 ῥᾴδιον
1260 5410 1516 5474 ἐξειπεῖν,
1547 5407 1685 5462 ἀλλά
1728 5408 1798 5458 τὰ
1844 5423 1964 5458 και·

389 5505 632 5574 ριὼτατα
666 5505 829 5574 μόνον
870 5505 946 5568 ὡς
977 5506 1010 5575 ὴ
1043 5505 1364 5573 ὑπόσχεσις.
1409 5503 1478 5555 Ὀ
1505 5501 1560 5553 δι
1609 5501 1746 5571 μηδὶ
1785 5498 1970 5570 βουλο-

387 5598 536 5668 μένῳ
578 5598 812 5652 δυνατὸν
863 5597 1181 5668 παρελθεῖν,
1213 5595 1373 5652 τοῦτο
1404 5595 1500 5650 νῦν
1549 5594 1625 5660 ὡς
1656 5595 1763 5665 εχω
1804 5595 1966 5662 λόγου

382 5695 724 5760 πειράσομαι
749 5690 1135 5762 διηγήσασθαι.

624 5886 874 5947 Parum.
931 5885 1046 5944 Gn.
1079 5882 1290 5944 CXVI.

2071 4767 2207 4822 dens
2241 4767 2528 4822 laetabatur
2557 4767 2766 4822 Daniel.
2792 4767 2928 4821 Nam
2959 4776 3016 4822 et
3069 4769 3160 4822 illa
3205 4777 3326 4823 erat
3352 4767 3646 4822 sublimior

2071 4858 2381 4924 altitudine,
2413 4867 2470 4913 et
2518 4859 2637 4913 inec
2669 4859 2834 4913 etiam
2903 4859 3310 4915 ostendebatur
3367 4858 3433 4912 ad
3485 4874 3648 4913 exer~

2071 4951 2388 5004 citationem
2417 4990 2432 5014 ,
2469 4960 2659 5006 aestate
2707 4950 2928 5022 quidem
2956 4991 2970 5014 ,
3007 4951 3290 5006 ardentius
3351 4965 3477 5005 eum
3527 4951 3645 5006 solo:

2069 5041 2337 5108 feriente;
2380 5042 2561 5098 hieme
2607 5052 2791 5098 autem
2853 5057 2980 5097 aere
3022 5040 3301 5113 frigidius.
3344 5041 3482 5096 Cum
3512 5056 3646 5096 vero

2065 5143 2124 5189 et
2174 5135 2258 5190 vis
2311 5145 2603 5190 ventorum
2636 5175 2650 5197 ,
2683 5135 2938 5204 uirisque
2997 5143 3053 5188 et
3119 5133 3406 5204 grandinis
3477 5134 3647 5187 velte-

2069 5235 2283 5282 menter
2308 5225 2620 5295 impeteret,
2655 5235 2712 5280 et
2746 5225 3064 5278 violentiam
3098 5224 3456 5280 ostenderent
3479 5222 3647 5278 mini-

2067 5333 2152 5371 me
2183 5317 2548 5380 tolerabilem,
2577 5325 2727 5371 certe
2754 5317 2925 5370 multa
2955 5315 3447 5381 consequebantur
3479 5317 3652 5369 mira.

2067 5408 2192 5462 cuia
2218 5423 2232 5460 :
2259 5423 2381 5478 quae
2409 5406 2630 5476 quidem
2663 5407 2823 5468 mihi.
2865 5405 3063 5460 vitanti
3103 5406 3474 5476 prolixitatem
3523 5421 3653 5461 ora»

2071 5503 2258 5562 tionis.
2293 5517 2400 5555 non
2444 5507 2574 5554 sunt
2605 5500 2792 5554 omnia
2838 5499 2988 5555 dictu
3020 5501 3197 5555 facilia
3230 5516 3246 5554 :
3283 5500 3376 5555 sed
3416 5501 3593 5555 solum
3628 5543 3642 5564 ,
3733 5531 3738 5535 -

2068 5609 2190 5665 qua:
2221 5605 2348 5649 sunt
2380 5591 2678 5662 pneeipua,
2708 5597 2770 5644 ut
2797 5606 2922 5646 sum
2952 5592 3250 5662 pollicitus.
3282 5592 3437 5658 Quod
3465 5603 3648 5646 autem

2073 5699 2179 5739 nec
2214 5685 2259 5737 si
2294 5683 2458 5738 velim
2487 5680 2736 5752 quidem,
2761 5695 2986 5753 possum
3013 5682 3315 5753 praeterire,
3339 5681 3444 5738 hoc
3477 5693 3648 5756 nunc,

2069 5792 2334 5851 quantum
2373 5788 2563 5852 potero
2592 5781 2809 5852 assequi
2843 5779 3112 5848 oratione,
3144 5780 3388 5837 conabor
3408 5796 3654 5836 narrare.

3239 5874 3315 5934 3').
