4126 6382
388 312 450 376 30
491 309 543 371 5'

1447 298 1623 364 VITA
1667 301 1727 361 s.
1761 295 2131 361 DANIELIS
2169 283 2534 361 snam.

3507 281 3642 358 1006

383 428 663 501 συμϐολήν
687 442 748 478 τε
777 423 886 477 τῶν
916 421 1009 476 δύο
1038 419 1284 490 συνεῖχον
1307 416 1502 470 κιόνων
1529 417 1626 470 καὶ
1654 420 1744 468 τον
1767 415 1964 485 Δανιὴλ

2098 413 2208 470 .Jeo
2239 414 2460 469 violenti
2492 423 2548 468 et
2580 413 2845 467 immanes
2866 453 2880 477 ,
2913 415 2973 464 ut
3003 409 3209 466 ferreas
3240 421 3403 466 ansas
3435 412 3647 466 colum-

381 524 588 578 ἀνωθεν
621 520 815 588 ἔφερον
853 515 1042 587 βιαίως
1071 509 1524 579 ἀποσπασθῆναι,
1561 509 1708 578 μόνῳ
1755 506 1811 559 δὲ
1841 522 1965 558 συνο

384 614 637 684 ειλῆιρθαι
685 609 912 671 τούτους
954 602 1233 676 στυλαρίῳ
1277 600 1462 672 μικρῷ
1508 600 1537 653 ὃ
1593 600 1796 669 μεταξὺ
1842 597 1967 651 τού-

384 724 494 760 των
539 704 838 773 ἐτύγχανεν
890 696 1189 768 ἐμϐληθέν.
1236 695 1391 762 Ἀμα
1439 692 1568 762 γοῦν
1619 690 1966 762 προσέπιπτε

387 795 667 864 καταιγὶς,
698 793 794 846 καὶ
831 791 882 844 oi
910 790 1090 851 κίονες
1131 785 1538 858 ἐκραδαίνοντο,
1572 784 1668 838 καὶ
1706 782 1735 834 ό
1761 782 1969 842 δίκαιος

384 886 595 943 ἄνωθεν
626 882 760 937 ὡσεὶ
809 881 1004 939 κλάδος
1039 877 1258 946 δένδρου
1291 874 1417 944 τῇδε
1461 873 1683 926 κάκεῖσε
1717 870 1972 940 περιεφέ-

391 997 516 1052 ρετο
539 979 630 1031 καὶ
657 973 1074 1045 συμπεριήγετο
1094 970 1160 1039 τῇ
1191 971 1357 1037 πνοῇ’
1388 965 1506 1035 βοαὶ
1527 964 1587 1018 δὲ
1615 963 1712 1016 σὺν
1735 961 1970 1028 δάκρυσι

384 1072 494 1126 τῶν
542 1067 800 1140 μαθητῶν
846 1062 1113 1127 κάτωθεν,
1146 1061 1240 1113 καὶ
1285 1056 1559 1126 ὀφθαλμοὶ
1610 1054 1746 1124 πρὸς
1792 1053 1959 1120 μόνον

387 1166 594 1218 ἐκεῖνον
635 1161 949 1232 βλέποντες,
980 1158 1073 1208 καὶ
1110 1150 1410 1224 προσδοκία
1431 1148 1653 1218 λυπηρὰ
1685 1147 1782 1215 μία
1812 1147 1844 1213 ἡ
1874 1145 1970 1198 τοῦ

389 1254 598 1323 πατρὸς
642 1249 828 1305 αὐτῶν
860 1245 1139 1317 στέρησις.
1184 1242 1326 1295 Ἀλλ’
1381 1241 1483 1293 ούκ
1528 1239 1629 1310 ἤδη
1674 1238 1768 1289 κα)⁵
1815 1238 1848 1305 ἡ
1877 1234 1972 1287 τοῦ

388 1347 590 1416 Δανιὴλ
637 1344 794 1407 ἐλπὶς
835 1343 868 1410 ἠ
923 1340 1060 1411 πρὸς
1094 1337 1300 1407 Κύριον
1349 1333 1660 1396 ἐσαλεύετο,
1725 1331 1842 1383 ἀλλ’
1882 1329 1974 1380 ἐπὶ

391 1440 598 1509 ταύτης
625 1440 725 1507 τῆς
773 1435 1054 1508 ἀρῤαγοῦς
1089 1431 1298 1500 πέτρας
1334 1428 1362 1479 6
1397 1427 1668 1496 μακάριος
1723 1420 1976 1492 στηριζό-

396 1549 555 1605 μενος
615 1529 808 1600 μηδενὶ
875 1527 1046 1597 μηδὲν
1098 1521 1476 1591 φθεγγόμενος
1542 1515 1677 1586 μηδὲ
1725 1515 1773 1565 εἰ
1818 1511 1977 1605 τοῦτρ

397 1597 584 1696 συμΰῇ
616 1597 878 1684 δεδοικὼς
915 1621 990 1692 (τί
1046 1617 1158 1687 γὰρ
1192 1615 1364 1668 δεινὸν
1415 1609 1563 1679 αύτῷ
1603 1609 1664 1661 τὸ
1702 1607 1904 1668 θανεῖν,

393 1717 454 1770 τὸ
479 1714 714 1768 ἐνταῦθα
745 1713 932 1785 μένειν
949 1709 1095 1763 κατὰ
1119 1708 1211 1760 τὸν
1236 1703 1398 1757 Δαυῒδ
1421 1701 1635 1771 φυλακὴ
1659 1701 1724 1768 ς),
1753 1698 1867 1751 ἄνω
1887 1697 1978 1748 τδν

2069 522 2286 571 narum,
2321 522 2442 576 qua:
2472 505 2608 561 duas
2635 506 2918 561 columnas
2951 505 3094 559 inter
3129 518 3188 558 se
3221 504 3648 558 committebant

2069 604 2125 651 et
2147 596 2576 668 conjungebant,
2605 607 2660 651 et
2687 596 2963 650 Danielem
2998 595 3050 649 in
3086 596 3194 649 alto
3223 594 3500 658 ferebant,
3521 594 3649 649 τίοι

2070 687 2244 741 lenter
2274 688 2574 742 avellerent
2594 729 2609 752 ,
2642 687 2735 741 ille
2764 697 2944 741 autem
2973 688 3025 740 in
3054 702 3217 756 parva
3253 687 3366 742 sola
3399 688 3653 741 contine.

2072 785 2228 829 retur
2251 777 2600 840 columnella,
2628 792 2748 846 qua»
2776 777 2920 831 inter
2949 791 3043 830 eas
3073 787 3193 831 erat
3219 778 3439 847 injecta.
3471 778 3650 832 Simul

2071 881 2202 936 ergo
2232 878 2289 921 et
2320 868 2563 936 procella
2602 867 2870 935 irruebat,
2902 879 2957 923 et
3002 870 3518 938 conquassabantnr
3554 886 3654 924 co-

2071 961 2293 1024 lumme,
2322 970 2378 1016 et
2399 961 2582 1030 justus
2613 975 2870 1031 superne,
2902 971 3164 1030 tanquam
3196 978 3382 1015 ramus
3413 962 3652 1030 arboris,

2073 1052 2180 1108 liuc
2209 1062 2264 1108 et
2293 1053 2425 1107 illuc
2450 1053 2973 1116 circumferebatnr,
3003 1063 3058 1106 et
3091 1053 3222 1107 ﬂatu
3249 1052 3658 1124 circumageba-

2076 1156 2198 1201 tur:
2224 1146 2458 1200 Inferius
2498 1155 2680 1200 autem
2719 1146 3166 1201 vociferabantur
3193 1147 3448 1216 discipuli
3480 1148 3660 1218 lacry-

2075 1246 2288 1290 mantes
2304 1253 2318 1299 ;
2336 1246 2393 1290 et
2410 1236 2464 1290 in
2483 1237 2632 1291 illum
2657 1239 2834 1293 solum
2849 1238 3461 1301 convertebantoculos.
3477 1245 3532 1291 et
3552 1252 3659 1292 una

2075 1327 2160 1380 eis
2188 1336 2310 1380 erat
2341 1326 2537 1382 acerba
2571 1329 2930 1397 exspectatio,
2968 1329 3148 1382 Patris
3175 1343 3368 1381 eorum
3398 1328 3659 1396 privatio.

2077 1418 2182 1473 Sed
2214 1435 2323 1472 non
2362 1419 2550 1472 itidem
2579 1420 2798 1474 lababat
2825 1435 2951 1489 spes
2983 1420 3223 1474 Danielis
3256 1421 3309 1474 in
3335 1420 3659 1485 Dominum,

2078 1512 2172 1566 sed
2206 1526 2376 1580 super
2409 1511 2554 1567 hanc
2610 1512 2823 1565 ﬁrmam
2869 1521 3080 1582 petram
3130 1512 3396 1568 fundatus
3445 1514 3662 1579 beatus,

2079 1606 2288 1660 nemini
2320 1606 2624 1676 quidquam
2674 1607 2907 1676 loquens
2932 1647 2948 1671 ,
2983 1623 3162 1677 neque
3191 1611 3235 1662 si
3273 1608 3378 1662 hoc
3414 1609 3666 1663 evenerit

2082 1701 2476 1770 pertimescens
2508 1701 2660 1770 (quid
2694 1701 2840 1755 enim
2889 1700 2940 1754 ei
2986 1717 3152 1770 grave
3199 1709 3318 1756 erat
3363 1700 3524 1761 mori.
3572 1702 3661 1756 cui

395 1806 519 1861 νοῦν
552 1807 689 1875 ἔχων
737 1775 834 1858 καὶ
875 1801 1316 1873 προσευχόμενος
1358 1793 1671 1864 ἐκαρτέρει.
1716 1791 1980 1853 Ἐκέκρα-

2098 1791 2182 1844 hic
2231 1804 2478 1854 manere,
2537 1790 2725 1844 Davidi
2779 1801 3170 1861 congruenter,
3225 1801 3346 1846 erat
3401 1793 3662 1860 carcer?)

399 1896 487 1963 ξεν
517 1893 610 1948 οὖν
650 1896 680 1948 6
731 1895 962 1956 δίκαιος,
1010 1889 1108 1943 καὶ
1134 1891 1162 1942 6
1210 1885 1415 1956 Κύριος
1447 1883 1608 1941 εὐθὺς
1653 1881 1978 1949 είσήκουσεν

397 1988 590 2053 αὑτοῦ,
617 1987 712 2040 καὶ
739 1987 945 2041 ἀνωθεν
977 1983 1035 2050 ἐξ
1069 1980 1300 2052 ούρανοῦ
1326 1979 1401 2040 ὡς
1429 1978 1492 2030 ὲκ
1513 1974 1606 2028 τοῦ
1635 1972 1821 2026 πλοίου
1847 1971 1979 2041 πρὶν

396 2082 510 2143 τοῖς
542 2081 764 2149 ἀνέμοις
815 2076 1082 2146 ἐπιτιμᾷ,
1124 2072 1219 2126 καὶ
1251 2069 1594 2140 παραχρῆμα
1638 2064 1847 2135 γαλήνη
1885 2061 1978 2116 καί⁸

399 2171 630 2240 νηνεμία
673 2167 866 2240 πολλή.
898 2166 1012 2220 Καὶ
1047 2163 1118 2217 τά
1150 2162 1250 2234 μὲν
1280 2161 1388 2215 τῶν
1415 2157 1631 2228 ἀνέμων
1656 2154 1852 2218 οὕτως.

471 2347 602 2402 KG’.
649 2345 800 2400 *Επεὶ
840 2344 896 2398 δὲ
936 2342 1045 2396 ἔδει
1080 2341 1154 2412 μὴ
1194 2341 1265 2393 τὰ
1305 2339 1592 2406 πνεύματα
1629 2334 1813 2405 μόνον,
1845 2331 1984 2386 ἀλλὰ

402 2443 500 2498 καί
529 2457 681 2504 τινας
709 2438 817 2491 τῶν
853 2436 952 2507 τὴν
987 2435 1199 2506 Ἀρείου
1249 2429 1598 2502 μαινομένων
1629 2425 1828 2497 μανίαν
1855 2423 1987 2495 στῆο

402 2553 493 2590 ναι
543 2535 642 2606 τῆς
671 2531 943 2604 ταραχῆς,
969 2529 1066 2582 καὶ
1111 2525 1271 2580 τοῦτο
1309 2525 1375 2577 δι’
1406 2522 1622 2576 ἐκείνου
1668 2520 1984 2590 σοφώτατα,

404 2627 598 2696 ὥσπερ
677 2623 892 2687 εἴωθεν,
939 2619 1333 2689 οἰκονομεῖται.
1381 2617 1493 2670 Καὶ
1544 2615 1797 2667 σκοπεῖτε
1839 2612 1989 2674 ὅπως

405 2719 505 2787 τὴν
533 2716 849 2786 οἰκονομίαν
875 2713 1128 2781 ποικίλην
1156 2713 1252 2764 καὶ
1276 2709 1344 2762 δι’
1369 2707 1545 2763 ἄλλων
1571 2706 1738 2776 ἕτερα
1765 2704 1987 2758 πλέκειν
2041 2713 2045 2716 '

409 2811 669 2873 πολλάκις
696 2803 836 2862 οἶδεν
871 2809 904 2878 ἡ
930 2807 1179 2877 πρόνοια.
1214 2804 1400 2870 Ἔγνω
1430 2799 1682 2870 βασιλεὺς
1711 2799 1748 2854 ἃ
1783 2799 1986 2868 συμϐέ-

413 2903 549 2973 ϐηκε
592 2901 671 2973 τῷ
712 2902 864 2968 ὁσίῳ,
915 2899 1012 2953 καὶ
1046 2899 1139 2952 τὸν
1166 2896 1357 2950 στῦλον
1388 2895 1513 2948 ἰδεῖν
1555 2893 1808 2957 ἔσπευδε,
1831 2891 1994 2946 τοῦτο

421 2995 518 3062 μὲν
573 2993 728 3056 δίκας
775 2991 1053 3062 ἐπιθήσων
1101 2991 1214 3052 τοῖς
1269 2987 1346 3056 μὴ
1399 2984 1636 3056 βεϐαίως
1673 2985 1772 3045 τὰς
1819 2981 1992 3043 λαόὰς

2086 1882 2478 1951 perseverabat
2517 1893 2759 1937 mentem
2812 1900 3032 1939 sursum
3080 1885 3293 1956 erigere
3323 1926 3335 1948 ,
3376 1894 3432 1940 et
3480 1902 3660 1941 orare.

2085 1973 2354 2028 Clamavit
2377 1990 2507 2043 ergo
2534 1975 2736 2045 justus,
2767 1985 2822 2029 et
2855 1975 3119 2031 Dominus
3163 1977 3348 2031 statim
3383 1978 3668 2032 exaudivit

2089 2081 2239 2133 eum,
2267 2079 2322 2121 et
2349 2067 2588 2131 desuper
2617 2083 2648 2121 e
2677 2068 2840 2125 crelo.
2875 2068 3018 2124 sicut
3044 2083 3076 2123 e
3109 2070 3232 2122 navi
3267 2070 3442 2138 prius,
3471 2078 3666 2122 ventos

2092 2155 2364 2227 increpat,
2396 2167 2452 2212 et
2483 2166 2711 2228 repente
2744 2159 3116 2230 tranquillitas
3149 2160 3254 2216 fuit
3286 2169 3340 2215 et
3370 2162 3662 2217 serenitas.

2090 2250 2158 2304 Et
2189 2259 2480 2304 ventorum
2513 2250 2734 2320 quidem
2769 2266 2858 2307 res
2887 2252 2961 2307 ita
2990 2253 3206 2308 habuit.

2166 2341 2355 2396 XXIX.
2389 2341 2526 2397 Cum
2562 2351 2742 2397 autem
2771 2358 2880 2399 non
2909 2344 3136 2414 spiritus
3157 2346 3358 2413 solum,
3383 2348 3477 2404 sed
3501 2349 3668 2404 etiam

2093 2435 2360 2504 quosdam
2409 2450 2476 2489 ex
2526 2429 2594 2490 iis
2642 2437 2737 2506 qui
2781 2437 2980 2491 Ariana
3031 2438 3362 2494 laborabant
3414 2441 3669 2506 insania,

2093 2527 2335 2582 coerceri
2385 2537 2666 2596 oporteret
2709 2545 2739 2584 a
2787 2531 3255 2599 perturbatione:
3294 2534 3399 2589 hoc
3452 2552 3672 2608 quoque

2094 2619 2544 2689 prudentissime,
2579 2630 2638 2676 ut
2663 2633 3050 2690 consueverat,
3085 2637 3182 2694 per
3213 2625 3366 2680 illum
3404 2629 3689 2697 provide--

2099 2719 2210 2766 tur.
2236 2712 2300 2766 Et
2335 2713 2537 2778 videte,
2565 2728 2731 2783 quam
2757 2715 2910 2768 vario
2943 2716 3022 2772 uti
3046 2718 3280 2774 consilio
3298 2728 3355 2773 et
3377 2721 3671 2792 multiplici

2103 2803 2512 2871 dispensatione
2533 2847 2547 2869 ,
2585 2814 2642 2860 et
2674 2806 2778 2861 alia
2811 2821 2910 2876 per
2933 2807 3035 2862 alia
3069 2819 3365 2864 contexere
3394 2826 3537 2882 saepe
3569 2813 3677 2869 scit

2103 2893 2472 2962 providentia.
2511 2893 2748 2949 Noverat
2779 2895 3100 2964 imperator,
3137 2911 3260 2966 quze
3283 2897 3434 2968 justo
3466 2899 3675 2955 Danieli

2101 2984 2447 3051 acciderant;
2489 2993 2544 3039 et
2573 2986 2860 3041 contendit
2891 2986 2959 3041 ad
2993 2987 3287 3043 videndam
3323 2991 3632 3046 columnam
3658 3035 3672 3055 ,

413 3087 820 3156 ἐρρωμένοις,
877 3085 1035 3136 τοῦτο
1083 3082 1140 3134 δὲ
1191 3078 1287 3132 τοῦ
1346 3075 1538 3130 λοιποῦ
1592 3075 1798 3136 ταύτας
1855 3077 1994 3144 πρὸς

2101 3081 2298 3151 partim
2326 3083 2547 3152 quidem
2595 3099 2786 3154 poenas
2828 3096 3149 3156 sumpturus
3178 3087 3244 3141 de
3289 3087 3355 3142 iis
3389 3087 3481 3157 qui
3515 3104 3678 3143 ansas

415 3179 719 3247 ἀσφάλειαν
775 3173 1140 3245 συναρμόσαι.
1201 3169 1345 3224 Ἀλλ’
1395 3168 1641 3229 ἐκείνους
1686 3167 1784 3236 μὲν
1819 3167 1853 3236 ἡ
1898 3163 1993 3220 τοῦ

423 3270 659 3341 μεγάλου
688 3267 935 3338 πραότης
985 3265 1083 3334 τῆς
1118 3261 1525 3331 αὐτοκράτορος
1565 3259 1799 3328 ἀπειλῆς
1844 3257 1997 3322 ἐξαι-

426 3367 599 3434 ρεῖται
639 3362 868 3416 θάνατον
903 3359 1087 3420 αὐτοῖς
1135 3354 1509 3418 ἀπειλοῦντος,
1541 3353 1780 3408 κατιόντι
1811 3352 1868 3406 δὲ
1901 3350 1998 3404 τοῦ

419 3457 584 3526 ὅρους
635 3455 712 3524 τῷ
763 3451 974 3524 βασιλεῖ
1025 3449 1265 3511 κίνδυνος
1312 3447 1373 3534 ορ
1428 3447 1623 3519 μικρὸς
1669 3445 1998 3534 συνηνέχθηΣ

423 3549 552 3608 Δέος
582 3547 688 3615 γὰρ
733 3544 876 3598 κατὰ
909 3542 1008 3612 τὴν
1035 3540 1208 3610 τύχην
1240 3530 1550 3609 ὲκτᾶράξαν
1601 3537 1694 3592 τὸν
1728 3537 1916 3602 ἵππον,
1941 3530 2003 3590 οὗ

424 3637 772 3710 ἐπιϐεϐηκὼς
799 3638 962 3699 αὐτὸς
987 3632 1076 3706 ἦν,
1104 3635 1200 3688 καὶ
1220 3633 1474 3702 πτοηθείς
1497 3633 1742 3696 καὶτοὺς
1763 3634 2006 3703 ὲμπροσο

425 3735 572 3795 θίους
611 3732 774 3794 πόδας
810 3729 945 3798 πρὸς
976 3731 1035 3781 τὸ
1088 3727 1274 3798 δρθιον
1317 3725 1607 3787 ἀνατείνας
1659 3723 1850 3788 ὕπτιος
1905 3724 2004 3792 μὲν

425 3828 518 3880 ἐπὶ
550 3824 643 3877 τοῦ
668 3823 898 3891 ἐδάφους
928 3821 955 3872 6
988 3819 1152 3881 ἵππος
1185 3818 1369 3883 εὐθὺς,
1416 3816 1604 3879 ὕπτιος
1640 3815 1693 3868 δὲ
1727 3819 1822 3871 καὶ
1851 3817 1878 3867 6
1904 3816 2004 3885 βα-

431 3917 610 3980 σιλεὺς
665 3917 762 3970 σὺν
814 3913 984 3984 αύτῷ,
1030 3911 1092 3964 τὸ
1139 3910 1196 3964 δὲ
1245 3909 1345 3979 τῆς
1396 3908 1683 3978 βασιλικῆς
1733 3907 2005 3974 καθέδρας

430 4006 738 4077 ἔμπροσθεν
776 4002 1220 4074 ὑπερανεστηκὺς
1271 4000 1542 4071 ἐπιτρίϐει
1590 3999 1670 4069 τῷ
1698 3998 1910 4068 βασιλεῖ
1945 3998 2008 4051 τὸ

432 4099 706 4168 μέτωπον,
737 4099 831 4150 καὶ
854 4096 944 4149 τὸν
971 4096 1064 4148 ἐπὶ
1095 4094 1196 4162 τῆς
1225 4093 1468 4162 κεφαλῆς
1502 4093 1764 4161 στέφανον
1794 4093 2009 4164 πόρρω-

430 4191 524 4244 θεν
557 4188 810 4260 ἐκκρούει
855 4187 981 4240 ἔνθα
1030 4185 1321 4254 συμϐαίνει
1352 4185 1479 4248 τοὺς
1519 4185 1576 4236 ἐν
1606 4183 1756 4255 αύτῷ
1787 4183 2008 4253 μαργάο

433 4299 560 4354 ρους
609 4281 768 4335 ἄλλον
800 4276 1032 4348 ἀλλαχοῦ
1064 4275 1541 4345 διασκεδασθῆναι.
1591 4275 1750 4330 Ἀλλὰ
1783 4279 1876 4330 καὶ
1903 4278 2010 4330 Δα-

431 4359 551 4446 νιὴλ
577 4378 644 4446 τῇ
677 4376 808 4445 εὐχῇ
834 4372 1156 4444 προφθάσας
1185 4370 1277 4422 τὸν
1309 4369 1545 4439 πονηρὸν
1576 4370 1815 4439 χαλεποῦ
1847 4370 2011 4422 θανά-

2098 3190 2209 3230 non
2247 3176 2549 3232 eﬂ'ecerant
2587 3177 2773 3234 ﬁrmas
2805 3188 2862 3234 et
2905 3180 3145 3245 validas;
3179 3181 3376 3250 partim
3423 3197 3576 3246 vero,
3621 3193 3681 3236 ut

2100 3283 2197 3323 eos
2228 3278 2348 3324 tuto
2378 3269 2446 3324 de
2481 3281 2679 3326 caetero
2726 3274 3121 3327 committeret.
3162 3273 3268 3329 Sed
3304 3274 3426 3328 illos
3455 3275 3678 3344 quidem

2103 3361 2283 3431 magni
2315 3362 2559 3418 Danielis
2591 3364 2954 3419 mansuetudo
2979 3365 3146 3435 eripit
3176 3381 3205 3419 a
3238 3365 3406 3420 minis
3446 3366 3686 3436 impera-

2105 3453 2262 3518 toris,
2291 3463 2524 3508 mortem
2559 3454 2640 3508 eis
2666 3454 2951 3512 minantis.
2987 3456 3355 3511 Descendenti
3389 3467 3572 3511 autem
3613 3457 3698 3512 de

2104 3557 2291 3601 monte
2319 3547 2634 3616 imperatori
2682 3563 2791 3602 non
2839 3563 3070 3618 parvum
3104 3548 3308 3603 accidit
3344 3548 3700 3618 periculum.

2104 3638 2238 3693 Nam
2277 3654 2402 3693 cum
2429 3639 2652 3708 quidam
2684 3649 2865 3693 metus
2890 3654 3096 3708 equum
3125 3639 3267 3696 forte
3307 3640 3527 3696 fortuna
3556 3657 3686 3711 per-

2105 3727 2407 3787 turbasset,
2432 3743 2598 3796 quem
2631 3727 2747 3796 ipse
2766 3728 3114 3792 ascenderat,
3143 3730 3298 3798 isque
3327 3731 3684 3796 conterritus.

2107 3820 2274 3888 pedes
2305 3820 2576 3874 erexisset
2605 3820 2934 3884 anteriores,
2968 3822 3204 3890 supinus
3233 3822 3457 3891 quidem
3499 3825 3682 3878 statim
3697 3845 3704 3860 κ

2108 3909 2262 3964 humi
2290 3909 2509 3980 iacebat
2536 3925 2738 3979 equus,
2771 3911 3006 3979 supinus
3040 3920 3223 3967 autem
3255 3913 3424 3967 etiam
3459 3927 3583 3968 cum
3618 3929 3684 3970 eo

2108 4001 2408 4069 imperatur
2437 4017 2449 4054 :
2477 3999 2530 4052 id
2567 4014 2719 4065 vero,
2753 4000 2901 4069 quod
2936 4011 3064 4056 ante
3098 3999 3278 4054 stabat
3305 4016 3472 4071 super
3493 4001 3684 4056 sellam

2109 4092 2334 4160 regiam,
2366 4089 2604 4145 frontem
2639 4089 2906 4145 contrivit
2939 4091 3284 4160 imperatori,
3313 4101 3369 4147 et
3401 4108 3523 4163 qua:
3563 4107 3687 4148 erat

2109 4184 2162 4238 in
2203 4183 2381 4254 capite
2408 4225 2422 4250 ,
2471 4198 2736 4239 coronam
2771 4184 2961 4252 procul
2993 4184 3242 4254 expellit.
3273 4183 3392 4251 Quo
3437 4195 3687 4256 tempore

2108 4275 2394 4346 contingit,
2429 4291 2523 4330 eas
2555 4291 2678 4344 quae
2711 4284 2871 4329 erant
2897 4275 2950 4329 in
2985 4274 3119 4342 ipsa,
3145 4277 3494 4346 margaritas.
3523 4278 3686 4333 aliam

2111 4366 2218 4419 alio
2283 4366 2547 4435 dispergi.
2598 4365 2702 4420 Sed
2753 4364 2940 4419 Daniel
2986 4381 3208 4437 quoque
3257 4382 3385 4422 cum
3438 4369 3690 4425 oratione

431 4485 527 4520 του
561 4466 722 4530 σώζει
776 4468 867 4519 τὸν
923 4463 1170 4535 βασιλέα,
1227 4464 1319 4516 καὶ¹
1359 4465 1527 4532 χωρὶς
1567 4462 1708 4515 οὕτω
1760 4463 1995 4516 κινδύνοι

2116 4459 2469 4528 praevenisset
2503 4457 2822 4527 malignum,
2853 4472 2882 4512 a
2913 4458 3056 4512 mala
3090 4467 3269 4513 morte
3303 4469 3486 4515 servat
3518 4460 3692 4531 iunpo.

433 4559 532 4631 τὴν
563 4559 820 4612 ἐπάνοδον
844 4559 1104 4612 ἐποιεῖτο.
1147 4555 1289 4608 Ἀλλ’
1320 4555 1552 4607 ἐνταῦθά
1577 4572 1665 4621 μοι
1687 4555 1784 4623 τῆς
1815 4554 2009 4624 διηγή-

438 4669 574 4714 σεως
607 4653 666 4705 τὸ
696 4650 996 4720 κεφάλαιον
1028 4650 1123 4704 καὶ
1163 4649 1310 4712 ὅπως
1341 4641 1480 4701 οἶδεν
1508 4648 1541 4717 ἡ
1581 4647 1808 4718 Πρόνοια
1841 4663 2016 4716 παρα-

438 4743 602 4808 δόξως
649 4744 978 4812 οἰκονομεῖν.

513 4920 596 4974 Λ’.
643 4920 704 4971 Ὀ
751 4919 846 4971 τοῦ
894 4918 1158 4989 βασιλέως
1218 4918 1560 4987 ἱπποκόμος,
1594 4916 1750 4977 ὡςδὲ
1799 4919 1832 4986 ἠ
1865 4917 2016 4988 κοινὴ

447 5013 513 5068 ἂν
574 5013 715 5064 είποι
773 5013 866 5064 καὶ
923 5012 1160 5081 συνήθης
1209 5010 1450 5078 γλῶττα,
1478 5011 1586 5062 τῶν
1634 5009 1815 5062 ἵππων
1859 5013 1886 5064 6
1928 5011 2018 5064 κό-

450 5120 558 5172 μης
609 5101 883 5171 Ἰορδάνης
931 5101 1072 5154 οὓτω
1106 5100 1465 5172 καλούμενος,
1498 5101 1670 5154 ἐνόσει
1713 5103 1813 5169 μὲν
1843 5103 2020 5156 πάντα

447 5195 538 5249 τὸν
614 5199 717 5266 πρὸ
777 5195 870 5247 τοῦ
933 5195 1123 5265 χρόνον
1179 5193 1276 5264 τὴν
1341 5192 1579 5262 ἄθεσμον
1645 5195 1858 5263 Ἀρείου
1923 5213 2023 5264 μα-

451 5289 588 5342 νίαν.
621 5290 756 5343 Τότε
789 5289 846 5342 δὲ
877 5289 968 5342 τὸν
1006 5287 1101 5341 τοῦ
1133 5288 1395 5356 βασιλέως
1435 5289 1680 5342 κίνδυνον
1708 5289 2023 5359 ὑποπτήξας

451 5383 569 5442 καὶ.
605 5381 802 5450 μήπως
837 5381 1010 5450 ὀργῆς
1045 5380 1212 5432 αῐτιον
1245 5379 1396 5448 αύτῷ
1434 5380 1660 5447 γένηται
1704 5383 1764 5433 τὸ
1787 5381 2022 5452 συμϐὰν,

445 5471 635 5542 δρόμῳ
689 5473 825 5543 πρὸς
856 5472 944 5524 τὸν
995 5472 1143 5525 ὅσιον
1191 5471 1522 5538 ἀφικνεῖται.
1558 5472 1618 5523 '0
1655 5471 1712 5524 δὲ
1756 5472 1816 5524 ού
1864 5474 2026 5542 μόνον

449 5565 598 5632 αύτῷ
633 5565 725 5617 τὸν
754 5566 816 5616 ὲκ
846 5563 941 5617 τοῦ
973 5562 1302 5635 κρατοῦντος
1335 5563 1497 5630 φόϐον
1520 5562 1709 5616 λύσειν
1735 5564 2023 5633 ὑπέσχετο,

450 5652 590 5706 ἀλλὰ
616 5657 710 5706 καὶ
739 5654 836 5722 τῆς
875 5655 1119 5723 πονηρᾶς
1153 5652 1312 5704 eam
1341 5651 1652 5716 ἀπαλλάξαι
1681 5653 2021 5718 κακοδοξίας,

453 5744 488 5814 ἢ
523 5748 722 5809 παντὶς
757 5747 915 5801 ἄλλον
965 5745 1203 5808 κίνδυνός
1232 5745 1346 5798 ἐστι
1388 5745 1790 5817 χαλεπώτερος,
1823 5747 2023 5816 ﬂuens

2115 4561 2391 4614 ratorem;
2431 4559 2488 4605 et
2517 4551 2604 4606 sic
2645 4565 2903 4605 reversus
2947 4551 3055 4605 fuit
3102 4551 3221 4606 sine
3268 4552 3537 4620 periculo.
3583 4553 3688 4609 Sed

2114 4644 2218 4697 huc
2247 4644 2300 4697 in
2343 4644 2466 4697 loco
2489 4651 2574 4697 est
2610 4652 2776 4712 caput
2805 4643 3160 4708 narrationis,
3195 4653 3251 4698 et
3276 4647 3555 4714 quomodo
3591 4661 3691 4701 no-

2117 4736 2192 4789 vit
2225 4735 2574 4790 Providentia
2601 4734 2912 4790 admirabili
2941 4736 3020 4790 uti
3049 4735 3283 4791 consilio
3310 4743 3367 4791 et
3402 4735 3693 4805 dispensa-

2116 4828 2294 4880 tione.
3579 4827 3582 4830 ’

2188 4915 2356 4972 XXX.
2390 4916 2595 4986 Equiso
2631 4915 3002 4988 imperatoris.
3060 4926 3178 4982 aut,
3208 4925 3268 4971 ut
3296 4934 3423 4972 eum
3451 4919 3694 4989 vulgaris

2119 5019 2175 5065 et
2205 5021 2467 5064 consueta
2509 5010 2698 5080 lingua
2734 5018 2916 5074 vocat,
2963 5024 3150 5066 comes
3199 5025 3492 5080 equorum.
3543 5014 3694 5067 omni

2119 5103 2341 5173 quidem
2399 5103 2667 5158 anteriori
2706 5112 2954 5172 tempore
3002 5103 3288 5158 laborabat
3319 5103 3527 5158 nefaria
3579 5104 3692 5157 Arii

2124 5194 2358 5250 insania.
2393 5193 2550 5248 Tunc
2578 5203 2763 5248 autem
2796 5202 2852 5247 et
2883 5193 3231 5262 imperatoris
3260 5193 3460 5248 timens
3487 5194 3700 5263 pericu-

2123 5287 2262 5350 lum,
2298 5295 2354 5341 et
2391 5300 2460 5341 ne
2499 5287 2644 5355 quod
2690 5285 3000 5350 acciderat,
3045 5286 3097 5340 ei
3150 5288 3284 5340 iram
3334 5286 3697 5347 conciliaret,

2124 5395 2290 5434 cursu
2324 5379 2472 5434 venit
2505 5378 2572 5432 ad
2602 5387 2874 5432 sanctum.
2909 5377 3001 5433 Ille
3030 5394 3164 5434 vero
3209 5395 3321 5434 non
3355 5379 3532 5433 solum
3566 5393 3723 5434 eum.

2126 5479 2273 5526 metu
2300 5470 2368 5524 ab
2402 5470 2752 5538 imperatore,
2787 5468 2884 5524 sed
2911 5470 3078 5524 etiam
3112 5471 3254 5525 mala
3291 5483 3377 5528 est
3419 5473 3700 5541 pollicitus

2125 5576 2184 5616 se
2213 5577 2338 5617 esse
2365 5561 2726 5615 liberaturum
2752 5560 3036 5629 opinione,
3067 5578 3188 5633 qua:
3219 5572 3303 5619 est
3349 5563 3546 5635 quovis
3586 5563 3724 5617 alio.

2129 5653 2377 5724 periculo
2403 5652 2642 5722 gravior.
2675 5651 2801 5708 llaec
2829 5653 3042 5709 audivit
3066 5656 3282 5726 equiso,
3313 5665 3519 5712 etcum
3546 5655 3698 5708 miti-

2130 5748 2235 5804 bus
2263 5761 2328 5803 ac
2363 5745 2592 5817 placidis
2642 5746 2762 5818 ejus
2815 5747 3167 5806 suasionibus
3211 5749 3527 5820 opinionem
3581 5747 3727 5802 Ariir
