4142 6384
454 339 586 405 t’Jll'
1580 339 2059 400 ADDENDA.--

2163 333 2524 394 accessa.
3595 309 3736 375 1039-

455 468 548 522 per
584 467 643 508 se
670 452 898 514 deduxit
922 451 990 508 ad
1020 460 1296 508 sanctum.
1345 452 1429 508 llli
1468 467 1602 508 vero
1631 452 1802 523 magis
1847 461 2059 521 stupe-.

2163 451 2376 514 ιάςουσι
2401 450 2602 518 ρῆγας,
2641 446 2766 506 τοὺς
2805 443 2904 513 μὲν
2928 441 2996 495 δι’
3029 437 3254 508 ἑτέρων,
3284 433 3408 495 τοὺς
3450 429 3507 484 δὲ
3539 430 3634 480 καὶ
3664 426 3734 478 δι’

455 521 584 600 bant
617 545 888 608 videntes,
919 560 1084 614 quam
1117 544 1425 611 audientes,
1460 555 1518 601 et
1545 545 1626 602 sic
1651 521 1903 599 redibant
1934 545 2031 600 be-

2163 540 2336 596 ιαυτοῦ
2365 541 2501 612 πρὸς
2520 539 2610 592 τὸν
2631 539 2777 591 ὅσιον
2805 535 3027 604 ἀνῆγεν.
3048 531 3305 584 Κάκεῐνοι
3335 523 3534 605 μᾶλλον
3550 521 3730 591 δρῶν-

455 635 796 701 nedicentes,
829 644 886 690 et
921 635 1102 690 anima
1136 636 1321 693 eﬁecti
1351 636 1628 692 meliores.
1654 636 1811 702 Quod
1843 648 2031 690 autem

2163 653 2227 701 τες
2261 638 2294 708 ἢ
2340 633 2629 694 ἀκούοντες
2675 629 3092 696 ἐξεπλήττοντο,
3110 624 3206 678 καὶ
3246 621 3418 683 οὕτως
3461 619 3725 687 ὑπέστρε-

455 736 515 780 ut
543 725 728 779 l‘utura
763 742 984 796 quoque
1028 728 1260 794 videret,
1291 739 1548 799 tanquam
1575 730 1687 799 jam
1720 729 2031 799 praesentia,

2163 751 2239 786 ›ον
2269 728 2656 798 εὐλογούμενοι
2680 725 2774 778 καὶ
2807 723 2908 794 τὴν
2936 721 3117 791 ψυχὴν
3145 716 3389 788 βελτίους
3418 713 3728 783 γενόμενοι.

456 835 484 874 a
513 820 730 888 superis
767 831 1071 890 acceperat,
1099 836 1128 876 a
1157 837 1243 876 me
1269 822 1495 892 quidem
1531 823 1643 892 jam
1679 837 1823 892 saepe
1865 839 2034 892 supe-

2163 829 2270 879 Οτι
2297 825 2352 878 δὲ
2384 823 2481 877 καὶ
2517 821 2584 875 τὰ
2613 819 2877 890 μέλλοντα
2906 816 2980 878 ὡς
3009 814 3112 886 ήδη
3148 810 3398 882 παρόντα
3421 809 3555 879 ὁρᾷν
3587 807 3734 861 άνωο

457 911 576 966 rius
603 921 888 968 ostensum
917 923 1024 970 est.
1056 915 1152 970 Est
1185 932 1317 971 vero
1346 917 1512 987 hujus
1541 932 1763 987 quoque
1813 919 1889 971 rei
1925 933 2038 972 ma-

2163 922 2234 970 lev
2253 911 2366 984 εἶχε
2388 911 2593 982 λαχὼν,
2619 909 2864 978 πολλαχῆ
2900 906 3001 978 μέν
3021 923 3105 960 τοι
3129 905 3225 959 καὶ
3254 905 3319 956 ὲκ
3348 901 3456 955 τῶν
3476 901 3734 970 ἀνωτέρω

457 1005 721 1060 uilestum
759 1008 1046 1064 indicium.
1077 1010 1340 1074 Quaedam
1375 1011 1518 1065 fama
1549 1011 1602 1063 in
1634 1025 1826 1065 omnes
1857 1019 2039 1078 parles

460 1100 738 1163 manabat,
767 1100 1164 1156 Genserichum
1193 1118 1373 1169 regem
1410 1103 1780 1158 Vandalorum
1835 1101 2037 1156 bellum

461 1205 654 1257 gerere
681 1192 948 1248 adversus
994 1194 1273 1249 Romanos
1315 1210 1511 1265 magno
1544 1204 1812 1264 apparatu
1842 1203 1896 1248 et
1928 1209 2038 1247 ma-

459 1285 581 1354 jore
611 1283 845 1339 audacia
867 1326 882 1351 ,
913 1293 971 1339 et
1003 1287 1151 1354 quod
1177 1287 1288 1356 jam
1321 1302 1445 1340 cum
1479 1302 1672 1356 magna
1722 1303 1885 1341 manu
1918 1301 2045 1355 per-

465 1375 620 1430 venit
664 1377 1088 1442 Alexandriam,
1125 1393 1245 1432 eam
1299 1378 1403 1433 sibi
1454 1379 1644 1433 volens
1685 1377 1812 1432 belli
1864 1379 2043 1432 facere

466 1469 774 1538 praemium.
815 1467 932 1525 Non
982 1485 1176 1539 parum
1209 1487 1342 1540 ergo
1366 1472 1553 1526 animo
1582 1471 1887 1540 angebatur
1935 1484 2047 1522 ma-

467 1560 748 1625 gistratus,
775 1571 828 1615 et
852 1561 969 1630 ipse
992 1561 1427 1630 imperator:qui
1451 1561 1616 1616 etiam
1646 1562 1755 1615 cito
1785 1560 1960 1615 currit
1981 1560 2047 1614 ad

469 1663 794 1706 consuetum
847 1653 1309 1708 medicamentum
1361 1653 1529 1707 animi
1577 1651 1944 1722 aegritudinis,
1993 1661 2050 1706 et

2151 1009 2453 1076 δεδήλωται
2491 1022 2505 1037 ·
2554 1003 2760 1057 ἔστιδὲ
2809 1003 2905 1055 καὶ
2953 1000 3153 1070 δεῖγμα
3200 995 3392 1066 σαφές.
3437 994 3600 1063 Φήμη
3638 1008 3739 1054 ’τις

2151 1099 2432 1171 πανταχοῦ
2456 1099 2665 1171 διέρρει
2696 1097 2991 1165 Γιζήριχον
3013 1091 3105 1147 τὸν
3130 1090 3274 1162 ρἧα
3294 1088 3402 1141 τῶν
3427 1083 3736 1142 ἰουνδὰλων

2159 1195 2453 1264 Ῥωμαίοις
2505 1189 2931 1262 ἐπιστρατεύειν
2963 1187 3135 1255 πολλῇ
3181 1187 3244 1253 τῇ
3283 1180 3611 1251 παρασκευῇ
3644 1177 3739 1230 καὶ

2152 1287 2359 1342 πλείονι
2388 1286 2466 1355 τῷ
2489 1284 2681 1353 θράσει
2703 1281 3010 1353 χρώμενον,
3037 1279 3129 1331 καὶ
3146 1276 3220 1338 ὼς
3238 1274 3338 1343 ἤδη
3363 1271 3460 1342 τὴν
3488 1268 3740 1334 Ἀλεξᾶν-

2150 1380 2336 1447 δρειαν
2388 1377 2587 1447 βαρείᾳ
2647 1369 3060 1441 καταλαμϐάνει
3115 1367 3262 1437 χειρὶ
3323 1360 3486 1418 ἆθλον
3540 1356 3736 1415 ἑαυτοῦ

2151 1471 2356 1540 ταύτην
2381 1471 2606 1540 ποιῆσαι
2648 1460 3122 1538 βουλόμενος.τΗν
3153 1457 3246 1516 οὖν
3275 1455 3424 1526 ἀγὼν
3451 1456 3509 1509 ού
3544 1453 3739 1524 μικρὸς

2153 1566 2265 1627 τοῖς
2294 1564 2351 1616 έν
2385 1561 2532 1615 τέλει
2580 1561 2675 1614 καὶ
2706 1557 2857 1629 αὐτῷ
2889 1556 3122 1627 βασιλεῖ.
3155 1553 3212 1615 ὃς
3236 1550 3332 1605 καὶ
3362 1549 3502 1618 ταχῦ
3549 1545 3644 1600 ἐπὶ
3677 1545 3739 1596 τὸ

2154 1655 2342 1718 εἰωθὸς
2370 1655 2562 1724 τρέχει
2591 1651 2694 1722 τῆς
2726 1650 2968 1720 ἀθυμίας
3005 1647 3321 1717 φάρμακον,
3351 1642 3446 1695 καὶ
3475 1636 3738 1709 γνωρίζει

467 1757 664 1798 sancto
705 1743 905 1798 famam
953 1743 1244 1815 signiﬁcat.
1294 1745 1392 1800 llle
1444 1760 1576 1799 vero
1623 1755 1882 1813 tanquam
1938 1759 2048 1798 non

2163 1747 2234 1819 τῷ
2263 1748 2396 1817 ὁσίῳ
2427 1747 2526 1818 τὴν
2565 1748 2778 1817 φήμην.
2823 1743 2882 1795 'U
2911 1741 2969 1796 δὲ
3002 1739 3193 1810 ὥσπερ
3223 1737 3285 1790 ού
3317 1734 3590 1806 προορῶν,
3622 1730 3738 1840 ἀλλ’

471 1835 803 1904 praevidens,
859 1835 954 1892 sed
1005 1837 1117 1907 jam
1157 1837 1354 1892 videns
1397 1837 1576 1892 oculis
1621 1851 1687 1890 ea
1723 1850 1846 1905 quae
1890 1845 2051 1891 erant

469 1937 758 1992 eventura,
790 1927 930 1982 dixit
965 1929 1240 1997 protinus,
1267 1944 1376 1983 non
1423 1929 1602 1982 solum
1642 1926 2066 1983 Genserichum'

468 2020 856 2077 Alexandriam
891 2037 1003 2077 non
1030 2036 1154 2077 esse
1177 2031 1606 2091 occupaturum,
1636 2019 1733 2076 sed
1767 2020 1824 2074 in
1867 2018 2052 2074 omni-

471 2113 576 2169 bus
603 2113 771 2168 etiam
815 2114 959 2179 aliis,
1007 2129 1066 2169 re
1107 2113 1333 2178 infecta,
1379 2113 1604 2170 domum
1642 2128 1765 2170 esse
1796 2127 2053 2168 reversu—

471 2221 617 2260 rum.
644 2206 886 2261 Omnino
910 2206 1044 2260 nihil
1071 2222 1210 2276 opus
1237 2215 1321 2262 est
1344 2205 1584 2276 adjicere
1608 2205 1664 2260 id
1691 2205 1839 2276 quod
1866 2203 2054 2261 evenit

475 2298 546 2354 iis
579 2300 675 2368 qui
714 2299 891 2353 virum
919 2308 1146 2355 norunt.
1174 2300 1400 2354 Factum
1431 2309 1516 2354 est
1555 2299 1701 2354 enim
1737 2314 1846 2355 non
1880 2298 2054 2354 multo

472 2398 618 2458 post,
653 2389 796 2445 sicut
829 2390 1017 2446 divina
1058 2391 1298 2446 Danielis
1330 2391 1513 2462 lingua
1544 2392 1815 2460 praedixit.

546 2481 790 2539 XXXIV.
816 2483 1049 2553 Propter
1089 2483 1206 2538 haec
1227 2499 1381 2554 ergo,
1412 2493 1471 2540 et
1501 2485 1672 2539 multa
1703 2485 1812 2540 alia
1845 2484 1932 2540 his
1963 2485 2056 2540 ad-

474 2573 837 2638 mirabiliora,
873 2575 1064 2630 volens
1095 2577 1396 2644 imperator
1420 2591 1676 2646 magnum
1709 2579 2053 2632 remunerari

473 2666 755 2721 Danielem
781 2709 795 2732 ,
824 2667 1086 2736 quoniam
1121 2667 1224 2722 alia
1254 2669 1470 2723 ratione
1499 2684 1608 2724 non
1646 2668 1870 2729 licebat.
1902 2679 2055 2741 rogat

477 2772 534 2815 ut
561 2762 654 2816 fiat
676 2763 868 2820 saltem
911 2763 1242 2820 domuncula
1292 2763 1439 2821 illius
1472 2765 1804 2836 discipulis:
1843 2765 1909 2822 Ut
1955 2765 2055 2820 ha-

475 2853 667 2918 beant,
709 2853 910 2924 inquit,
952 2869 1054 2909 suo
1093 2855 1317 2924 corpori
1350 2854 1770 2912 habitationem.
1818 2855 2056 2911 Sanctus

477 2960 608 3000 vero
647 2962 662 2999 :
696 2945 751 3001 Si
802 2945 988 3001 dixisti
1037 2947 1286 3016 quidem,
1338 2948 1556 3019 inquit,
1594 2948 1662 3002 de
1717 2946 2055 3003 exstruendo

473 3039 730 3103 aedilicio,
760 3055 870 3095 non
913 3047 1095 3109 potest
1134 3041 1191 3095 id
1235 3041 1372 3096 mihi
1422 3056 1545 3096 esse
1572 3049 1809 3112 gratum.
1862 3039 2054 3109 Neque

477 3132 626 3188 enim
675 3132 836 3188 beato
871 3131 1132 3197 Simeoni;
1159 3148 1402 3203 unquam
1438 3131 1642 3188 adfuit.
1671 3131 1753 3186 Tu
1786 3140 1972 3186 autem
2009 3130 2056 3186 si
2083 3117 2128 3179 (ἶ

479 3222 617 3278 velis
647 3221 828 3278 facere
855 3223 989 3277 mihi
1015 3238 1128 3278 rem
1154 3234 1389 3293 gratam,
1418 3223 1618 3280 festina
1648 3224 1757 3279 huc
1784 3223 2060 3280 adducere

480 3315 632 3368 illius
665 3313 946 3382 reliquias,
982 3322 1036 3368 et
1061 3329 1174 3368 rem
1195 3315 1328 3369 mihi
1357 3315 1746 3385 gratissimam,
1779 3325 2060 3384 acceptam

479 3406 580 3460 tibi
599 3405 953 3461 leram.Tunc
970 3405 1152 3460 libens
1170 3406 1324 3476 jubet
1345 3408 1676 3476 imperator:
1699 3419 1813 3463 tum
1832 3419 1890 3464 ut
1906 3423 2061 3462 sacro

475 3499 678 3562 domus
707 3497 1010 3554 :edilicetur
1033 3497 1301 3565 Simeoni,
1325 3506 1452 3553 ante
1482 3499 1792 3554 columnam
1825 3499 2063 3554 Daniclis

481 3589 547 3643 ad
586 3589 808 3643 boream
861 3605 874 3643 :
911 3597 1024 3642 tum
1072 3603 1200 3644 vero
1226 3630 1240 3652 ,
1275 3597 1337 3644 ut
1374 3588 1572 3645 domus
1601 3605 1820 3660 quoque
1870 3589 2063 3645 tierent

482 3683 812 3754 hospitibus,
841 3681 933 3753 qui
964 3682 1031 3736 ad
1069 3692 1310 3738 montem
1341 3682 1716 3738 ascendebant
1736 3724 1750 3748 ,
1782 3693 1836 3738 et
1869 3682 2059 3754 magni

489 3777 729 3832 Danielis
760 3775 1078 3846 discipulis,
1105 3776 1210 3831 etsi
1245 3776 1295 3830 ei
1344 3784 1567 3831 sanctus
1598 3778 1833 3832 multum
1876 3776 2064 3846 prohi—

482 3870 663 3926 beret.
695 3868 834 3922 Cum
879 3877 1066 3923 autem
1109 3868 1202 3937 qui
1236 3867 1391 3922 missi
1422 3868 1645 3926 fuerant
1673 3867 2061 3933 Antiochiam,

481 3962 562 4016 sic
595 3961 824 4031 iubente
853 3961 1209 4030 imperatore,
1237 3959 1502 4028 reliquias
1527 3961 1863 4025 attulissent,
1897 3960 2065 4029 signi-

483 4049 683 4105 licabat
720 4049 944 4120 quidem
987 4064 1218 4120 magnus
1263 4049 1454 4104 Daniel
1495 4048 1756 4120 episcopo
1788 4049 1964 4113 urbis,
2005 4057 2064 4104 ut

485 4141 747 4212 praedicet
777 4150 833 4196 et
882 4141 1105 4211 publice
1153 4141 1447 4194 annuntiet
1497 4140 1941 4210 exportationem
1986 4149 2065 4195 ta-

482 4236 793 4299 bernaculi,
829 4243 972 4290 etut
1013 4234 1130 4305 ipse
1162 4233 1355 4288 sedeat
1404 4234 1460 4287 in
1520 4234 1776 4288 vehiculo
1830 4235 2067 4303 impera-

485 4331 642 4390 toris,
677 4330 800 4384 sinu
843 4338 1040 4384 tenens
1090 4327 1374 4397 reliquias,
1405 4337 1460 4382 et
1491 4326 1697 4382 siciter
1733 4326 1895 4381 faciat
1935 4340 2062 4380 cum

2155 1843 2212 1896 ἐν
2238 1841 2541 1912 ὀφθαλμοῖς
2569 1839 2713 1911 ὁρῶν
2750 1837 2852 1908 ἤδη
2892 1835 2964 1888 τά
2993 1831 3408 1903 συμϐησόμενα,
3440 1827 3601 1890 εὐθὺς
3634 1825 3739 1893 ἔφη

2157 1935 2219 1988 οὐ
2269 1933 2432 2004 μόνον
2475 1931 2771 2002 Γιζήριχον
2801 1927 2901 1999 τὴν
2952 1923 3368 1996 Ἀλεξάνδρειαν
3403 1921 3526 1990 ούχὶ
3570 1935 3741 1972 κατα-

2154 2026 2443 2096 λήψεσθαι,
2499 2022 2636 2078 ἀλλά
2680 2021 2778 2076 καὶ
2833 2018 2980 2074 κατά
3024 2018 3207 2071 πάντα
3237 2014 3406 2070 τᾶλλα
3456 2013 3742 2082 ἄπρακτον

2156 2117 2296 2189 πρὸς
2325 2117 2426 2186 τὴν
2464 2115 2644 2170 οίκὶαν
2691 2109 3082 2176 ἑπαναζεῦξαι.
3112 2108 3338 2170 Πάντως
3373 2105 3524 2160 οὐδὲν
3566 2103 3651 2156 δεῖ
3679 2101 3743 2155 τὺ

2157 2209 2327 2263 ὶκδάν
2347 2205 2703 2280 προστιθέναι
2719 2206 2834 2268 τοῖς
2857 2201 2951 2256 τὸν
2973 2200 3143 2271 ἄνδρα
3172 2195 3522 2268 γινώσκουσι·
3547 2195 3740 2264 γέγονε

2155 2303 2267 2373 γάρ
2316 2303 2379 2356 οὗ
2417 2304 2556 2371 μετά
2613 2298 2752 2353 πολὺ
2807 2294 2994 2359 καθὼς
3031 2295 3066 2366 ἠ
3101 2292 3362 2364 θεοφόρος
3404 2287 3621 2360 γλῶσσα
3643 2285 3741 2340 τοῦ

2156 2395 2357 2467 Δανιὴλ
2387 2395 2825 2466 προηγόρευσεν.

2231 2487 2359 2546 AA'.
2393 2487 2612 2542 Τούτων
2638 2486 2697 2542 δὲ
2725 2480 2820 2541 οῦν
2851 2488 2943 2540 καὶ
2969 2484 3146 2540 ἄλλων
3171 2481 3432 2536 πλειόνων
3460 2478 3629 2532 ἕνεκα
3650 2475 3744 2528 καὶ

2161 2578 2631 2652 θαυμασιωτέρων
2672 2577 3001 2648 ἀμείϐεσθαι
3050 2576 3142 2630 τὸν
3199 2575 3375 2645 μέγαν
3421 2572 3450 2624 δ
3484 2568 3744 2640 βασιλεὺς

2162 2673 2468 2745 βουληθεὶς,
2497 2671 2620 2724 ἐπεὶ
2671 2670 2848 2733 άλλως
2876 2669 2978 2722 οὐκ
3007 2663 3098 2738 ἦν,
3148 2665 3428 2720 οίκίσκους
3467 2661 3602 2730 γοῦν
3629 2662 3746 2720 τοῖς

2161 2766 2374 2821 ἐκείνου
2427 2764 2700 2835 μαθηταῖς
2753 2760 3014 2830 γενέσθαι
3066 2755 3396 2830 παρακαλεῖ,
3429 2753 3496 2808 ἵν’
3543 2752 3743 2822 ἔχοιεν,

2160 2860 2354 2928 φησὶν,
2387 2859 2468 2922 είς
2503 2855 2792 2912 κατοικίαν
2835 2847 2983 2908 οὗτοι
3011 2851 3090 2923 τῷ
3125 2850 3362 2920 σώματι.
3403 2847 3464 2900 Ὀ
3493 2848 3550 2900 δὲ
3574 2847 3742 2910 ὅσιος,

2165 2953 2272 3006 Ἦν
2316 2952 2414 3021 μὲν
2443 2952 2697 3021 είρηκας.
2733 2947 2869 3018 φησὶ
2919 2947 3056 3018 πρὸς
3092 2945 3276 3007 αὑτὸν,
3336 2937 3744 2996 καταϐαλέσθαι

2162 3042 2450 3113 οἰκοδομὴν
2478 3042 2540 3097 οὐ
2571 3040 2822 3112 στέργειν
2847 3039 2956 3108 έχω
2982 3056 2996 3070 ·
3022 3039 3144 3092 οὐδέ
3190 3036 3301 3106 γάρ
3340 3034 3418 3104 τῷ
3464 3030 3745 3103 μακαρίτῃ

2164 3132 2389 3203 Συμεὼν
2425 3129 2789 3200 προσεγένετό
2832 3145 2989 3182 ποτε.
3022 3128 3096 3181 Σὺ
3127 3127 3206 3192 δὲ,
3251 3126 3304 3179 εί
3342 3125 3399 3178 τί
3434 3138 3526 3192 μοι
3563 3119 3744 3190 βούλει

2166 3225 2262 3278 καὶ
2311 3223 2434 3278 καθ’
2489 3223 2684 3292 ἡδονὴν
2743 3223 2939 3283 ποιεῖν.
2993 3220 3228 3288 ἀγαγεῖν
3278 3236 3370 3287 μοι
3417 3216 3478 3271 τὸ
3529 3213 3743 3268 ἐκείνου

2164 3317 2416 3387 λείψανον
2451 3316 2705 3370 ἐνταυθοῖ
2749 3313 2984 3368 σπεῦσον
3034 3315 3128 3369 καὶ
3162 3314 3348 3368 πᾶσαν
3389 3310 3611 3379 ἀπέχων
3643 3307 3746 3377 τὴν

2165 3411 2407 3482 ἀμοιϐὴν
2461 3411 2782 3482 ἀξιόχρεων,
2839 3410 2974 3465 Τότε
3033 3409 3100 3480 δὴ
3165 3407 3402 3478 ἄσμενος
3446 3405 3474 3456 δ
3525 3401 3746 3470 κρατῶν

2167 3503 2446 3556 ἐπιτάττει
2475 3501 2634 3556 τοῦτο
2669 3502 2764 3571 μὲν
2801 3501 2944 3571 ἱερὸν
2981 3497 3134 3556 οἷκον
3157 3497 3234 3568 τῷ
3265 3496 3494 3560 Συμεὼν
3524 3491 3631 3563 πρὸ
3652 3489 3746 3543 τοῦ

2169 3595 2366 3648 στύλου
2392 3595 2486 3649 τοῦ
2506 3595 2707 3666 Δανιὴλ
2723 3595 2860 3666 πρὸς
2889 3593 3095 3666 βορρᾶν
3116 3589 3565 3660 οἰκοδομηθῆναι,
3591 3585 3749 3638 τοῦτο

2166 3688 2223 3741 δὲ
2269 3688 2366 3742 καὶ
2411 3689 2587 3750 οἰκίας
2617 3689 2874 3757 γενέσθαι
2921 3689 3032 3750 τοϊς
3079 3683 3322 3739 ἀνιοῦσιν
3377 3679 3471 3736 ἐπὶ
3522 3679 3584 3732 τὸ
3623 3677 3748 3746 ὅρος

2171 3780 2346 3845 ξένοις
2395 3781 2488 3836 καὶ
2524 3783 2636 3844 τοῖς
2687 3781 2953 3850 μαθηταῖς
2988 3777 3082 3831 τοῦ
3118 3775 3383 3846 μεγάλου,
3438 3771 3608 3826 πολλά
3655 3770 3749 3822 καὶ

2166 3876 2289 3929 τότε
2317 3874 2456 3947 πρὸς
2489 3871 2650 3927 τοῦτο
2686 3873 2779 3926 τὸν
2812 3873 2960 3926 ὅσιον
3003 3871 3141 3940 έχων
3175 3866 3610 3938 ἀπαγορεύοντα.
3659 3861 3748 3925 Ὠς

2167 3969 2222 4022 δὲ
2249 3969 2442 4022 θάττον
2471 3967 2520 4019 οί
2544 3967 2637 4018 ἐπὶ
2662 3965 2759 4036 τὴν
2793 3965 3129 4034 ’Λντιόχειαν
3163 3961 3454 4021 σταλέντες
3483 3957 3751 4028 βασιλέως

2167 4063 2311 4118 οὕτω
2331 4062 2888 4136 παρακελευσαμένου
2924 4061 3208 4128 ἀνήγοντο,
3232 4057 3384 4128 δηλοῖ
3408 4055 3505 4126 μὲν
3528 4057 3554 4108 ό
3575 4055 3752 4122 μέγας

2169 4157 2246 4227 τῷ
2273 4156 2561 4226 έπισκὸπῳ
2588 4155 2690 4222 τῆς
2731 4154 2938 4216 πόλεως
2973 4153 3073 4222 τὴν
3113 4149 3448 4220 ἀνακομιδὴν
3479 4145 3574 4199 τοῦ
3612 4145 3754 4212 σκή-

2167 4266 2296 4308 νους
2327 4248 2574 4318 κηρύξας
2597 4246 2761 4301 αὐτόν
2787 4263 2846 4299 τε
2876 4245 3065 4299 τοῦτον
3097 4244 3188 4298 ἐπὶ
3214 4238 3498 4314 βασιλικοῦ
3524 4235 3751 4290 καθίσαι

2167 4342 2444 4410 ὀχήματος
2473 4340 2544 4393 τά
2574 4339 2802 4408 λείψανα
2833 4340 2951 4400 τοῖς
3000 4337 3223 4398 κόλποις
3279 4328 3748 4402 περικρατοῦντα,

483 4421 706 4492 psalmis
755 4430 810 4475 et
855 4420 1097 4492 hymnis,
1129 4429 1186 4474 et
1218 4435 1344 4474 cum
1374 4434 1469 4474 eas
1498 4418 1799 4474 deduxerit
1830 4418 1898 4473 ad
1929 4427 2059 4473 tem-

2173 4433 2263 4486 καὶ
2294 4431 2441 4484 οὕτω
2469 4431 2567 4500 τὴν
2597 4431 2826 4500 πορείαν
2848 4429 3085 4499 ψαλμοῖς
3108 4427 3200 4480 καὶ
3229 4425 3421 4495 ὕμνοις
3449 4421 3750 4483 ποιεῖσθαι,

481 4514 633 4584 plum
671 4513 881 4568 militiae
911 4512 1180 4582 principis
1222 4511 1526 4575 Michaelis,
1560 4511 1673 4568 illic
1701 4511 1942 4567 divinam
1978 4526 2067 4566 ce-

480 4605 660 4660 lebret
698 4604 1115 4675 mystagogiam.
1166 4602 1298 4669 Quae
1364 4619 1490 4659 cum
1536 4613 1958 4674 peragerentur,
2011 4612 2068 4657 et

479 4714 678 4769 magno
723 4705 780 4753 et
825 4696 1281 4768 splendidissimo
1324 4697 1592 4752 comitatu
1626 4696 2064 4758 deducerentur,

479 4790 652 4844 multa
687 4804 786 4860 per
821 4789 936 4858 ipsa
965 4787 1020 4842 in
1054 4788 1287 4844 transitu
1329 4787 1509 4842 facere
1533 4786 1799 4842 miracula
1837 4802 2071 4858 conspe-

480 4892 603 4936 ctus
633 4891 718 4936 est
755 4882 1022 4936 Dominus
1060 4896 1073 4932 :
1108 4894 1229 4949 quae
1263 4878 1492 4948 quidem
1523 4878 1804 4948 sigillatim
1841 4879 2068 4934 omnino

480 4991 728 5039 narrare,
754 4990 864 5029 non
894 4985 978 5028 est
1009 4972 1297 5044 praesentis
1329 4970 1615 5040 temporis.
1648 4971 1943 5042 Postquam
1972 4988 2068 5027 au-

481 5078 589 5123 tem
622 5067 787 5124 ﬁnem
821 5073 1163 5136 acceperunt
1195 5079 1260 5120 ea
1288 5079 1411 5133 quae
1451 5064 1804 5133 pertinebant
1840 5066 1908 5120 ad
1939 5068 2068 5121 reli-

479 5164 659 5232 quias,
695 5171 752 5216 et
783 5161 901 5232 ipse
927 5158 1211 5222 sacerdos,
1245 5167 1302 5212 et
1340 5173 1533 5214 omnes
1557 5159 1652 5228 qui
1683 5159 1845 5214 simul
1873 5175 2068 5215 conse-

483 5257 821 5324 quebantur,
859 5269 986 5309 cum
1028 5251 1228 5324 gaudio
1276 5250 1345 5305 ad
1379 5259 1627 5306 sanctum
1669 5252 2062 5318 ascenderunt,

483 5348 751 5403 maximas
801 5346 1129 5402 suavissima
1173 5342 1358 5398 anima
1409 5344 1462 5397 in
1504 5359 1599 5398 eos
1635 5344 1822 5398 verbis
1866 5343 2066 5400 elludit

481 5441 705 5509 gratias,
740 5448 795 5494 et
824 5439 1002 5494 mellis
1031 5437 1332 5508 plurimum
1375 5451 1568 5492 revera
1601 5444 1814 5491 scatere
1847 5435 1978 5491 fecit
2010 5437 2064 5493 in

483 5513 703 5588 illorum
730 5531 950 5596 animis,
977 5531 1044 5585 de
1071 5546 1258 5585 amore
1281 5530 1332 5584 in
1366 5545 1641 5600 pauperes
1669 5539 1724 5584 et
1749 5529 1804 5584 in
1838 5530 2062 5596 fratres,

483 5627 550 5684 de
591 5627 884 5691 charitate,
924 5635 982 5681 et
1012 5625 1246 5697 judicio.
1301 5633 1357 5679 et
1407 5625 1874 5691 renumerationc,
1907 5634 1964 5682 et
1995 5625 2064 5681 dc

485 5719 606 5772 aliis
634 5718 952 5788 huiusmodi
990 5718 1132 5788 apud
1165 5734 1260 5772 eos
1287 5716 1453 5772 verba
1494 5718 1720 5772 faciens.

2175 4524 2268 4578 καὶ
2328 4525 2636 4592 ἀγαγόντας
2685 4523 2821 4592 πρὸς
2867 4522 2930 4574 τὸ
2974 4519 3070 4575 τοῦ
3115 4515 3564 4589 ἀρχιστρατήγου
3606 4513 3754 4580 ἱερὸν

2173 4615 2363 4670 θέσθαι
2394 4617 2511 4669 ἐκεῖ
2555 4616 2656 4686 τὴν
2685 4615 2838 4668 θείαν
2875 4611 3262 4684 μυσταγωγίαν
3306 4607 3752 4670 ἐπιτελέσαντας.

2172 4703 2273 4764 Ὧν
2304 4709 2368 4779 δὴ
2401 4707 2860 4778 καιίιελουμένων
2895 4708 2989 4760 καὶ
3030 4707 3126 4758 σὺν
3164 4704 3332 4773 πολλῇ
3369 4700 3466 4755 καὶ
3500 4701 3757 4769 λαμπρο-

2171 4802 2311 4874 τάτῃ
2343 4801 2640 4872 δορυφορίᾳ
2655 4799 2765 4853 τῶν
2782 4797 3050 4868 λειψάνων
3071 4793 3555 4866 προπεμπομένων
3579 4791 3755 4844 πολλὰ

2170 4895 2238 4948 δι’
2270 4893 2449 4946 αὐτῶν
2480 4892 2624 4945 κατά
2651 4891 2751 4962 τὴν
2785 4890 3023 4958 πάροδον
3063 4884 3450 4957 τερατουργῶν
3481 4885 3509 4937 ὁ
3545 4882 3753 4952 Κύριος

2170 4981 2520 5036 διεδείκνυτο·
2553 4980 2590 5035 ἀ
2619 4981 2684 5052 δὴ
2713 4980 2950 5047 καθεξῆς
2971 4978 3280 5049 διηγεῖσθαι
3317 4976 3536 5038 πάντως
3566 4974 3628 5026 οὐ
3656 4971 3752 5025 τοῦ

2170 5075 2440 5145 παρόντος
2473 5073 2689 5140 καιροῦ.
2735 5073 2889 5125 Ἐπεὶ
2933 5073 2989 5126 δὲ
3042 5071 3192 5133 τέλος
3239 5064 3354 5138 εἷχε
3401 5072 3494 5121 καὶ
3530 5067 3598 5118 τὰ
3640 5064 3754 5117 τῶν

2169 5167 2444 5237 λειψάνων
2475 5165 2641 5220 αὐτοῦ
2672 5182 2730 5218 τε
2761 5164 2854 5217 τοῦ
2888 5165 3082 5234 ἱερέως
3106 5165 3202 5216 καὶ
3245 5159 3464 5215 πάντων
3494 5159 3610 5228 ἅμα
3639 5156 3754 5210 τῶν

2171 5259 2552 5328 συνεπομένων
2596 5260 2693 5312 σὺν
2722 5259 2882 5327 ἡδονῇ
2928 5255 3063 5326 πρὸς
3089 5255 3180 5308 τὸν
3203 5255 3349 5307 ὅσιον
3384 5251 3746 5312 ἀνελθόντων,

2171 5353 2440 5414 τοσαύτας
2482 5351 2663 5405 αὐτῶν
2711 5353 2744 5421 ἠ
2785 5351 2971 5421 ἡδίστη
3024 5349 3172 5419 ψυχὴ
3221 5347 3308 5402 διὰ
3359 5347 3471 5402 τῶν
3510 5345 3754 5414 χαρίτων

2170 5446 2397 5517 κατέχεε
2431 5446 2678 5516 χάριτας,
2713 5447 2808 5498 καὶ
2829 5443 3083 5498 τοσοῦτον
3114 5443 3176 5496 τὸ
3213 5439 3431 5511 ἀληθῶς
3467 5439 3588 5509 μέλι
3629 5438 3754 5500 ταῖς

2170 5537 2399 5594 ἐκείνων
2414 5535 2614 5608 ψυχαῖς
2633 5535 2992 5595 έναπέδλυσε.
3025 5534 3147 5604 περὶ
3173 5532 3547 5602 φιλοπτωχίας
3567 5529 3754 5591 αὐτοῖς

2169 5630 2262 5682 καὶ
2298 5629 2655 5699 φιλαδελφίας
2705 5629 2800 5682 καὶ
2857 5628 3082 5698 ἀγάπης
3126 5643 3186 5680 τε
3233 5625 3329 5678 καὶ
3361 5625 3602 5695 κρίσεως
3655 5622 3755 5672 καὶ

2168 5721 2578 5786 ἀνταποδόσεως
2604 5722 2698 5775 καὶ
2729 5721 2834 5774 τῶν
2867 5720 3040 5774 ἄλλων
3072 5721 3180 5772 τῶν
3215 5721 3476 5770 τοιούτων
3503 5713 3753 5778 διαλεξάς

486 5826 668 5875 μενος,
703 5811 796 5863 καὶ
851 5809 1043 5872 πείσας
1075 5809 1216 5863 οὕτω
1257 5809 1514 5880 δακρύειν
1691 5809 1878 5882 ήῖονῆς
1933 5814 2056 5868 ὅσον
2096 5813 2292 5870 ἐκεῖνοι
2337 5815 2487 5886 μόνοι
2551 5813 2912 5886 γινώσκουσιν
2959 5815 3006 5868 οἱ
3059 5814 3163 5869 τῶν
3215 5813 3465 5884 δακρύων
3536 5809 3776 5879 τοίτων,

484 5899 542 5953 ιν
579 5900 739 5970 πείρα
764 5898 1145 5967 γεγενημένοι.
