4142 6384
381 377 521 441 1013

1436 381 1621 443 VITA
1651 382 1711 446 S.
1757 383 2119 444 DANIELIS
2156 382 2517 445 STYLlTxE.

3525 368 3661 437 191i

449 493 578 549 AE’.
616 495 692 549 Οὐ
732 496 894 566 μόνον
938 495 995 551 δὲ
1022 497 1107 566 ἐφ’
1137 492 1219 561 οἷς
1251 496 1412 562 αὐτὸς
1449 498 1625 553 ἐποίει
1674 498 1734 553 τὸ
1776 499 1964 571 περιὸν

2145 498 2367 554 XXXV.
2400 499 2518 554 Non
2547 499 2724 555 solum
2757 505 2942 552 autem
2992 495 3046 549 in
3085 495 3154 550 iis
3188 508 3308 564 qua:
3342 491 3458 561 ipse
3497 488 3659 546 facie-

377 587 571 660 ἐδήλου
612 588 711 658 τῆς
749 588 977 657 ἀρετῆς,
1025 588 1161 645 ἀλλά
1210 590 1305 644 καὶ
1359 590 1446 661 ἐφ’
1492 585 1578 656 οἷς
1630 590 1870 664 ἔπασχον
1920 596 1968 648 οἰ

376 681 633 744 κακίζειν
677 682 840 736 αὐτὸν
887 681 989 736 οὐκ
1037 682 1426 753 ἑρυθριῶντες.
1459 684 1619 748 Ttng
1664 686 1795 753 γοῦν
1834 704 1967 741 ποτε

376 776 488 828 τῶν
520 774 857 842 ἐγγιζόντων
910 774 1062 846 αὐτῷ
1115 774 1375 846 (ἔσφαλτο
1425 776 1481 830 δὲ
1529 769 1683 842 οὗτος
1736 779 1865 848 περὶ
1907 780 1968 833 τὸ

380 867 568 939 σέϐας)
606 869 1027 940 λοιδορουμένου
1082 869 1162 941 τῷ
1193 870 1326 941 ὁσίῳ
1376 870 1475 924 καὶ
1521 870 1631 924 τῶν
1680 872 1969 942 παρόντων

376 961 475 1014 καὶ
506 961 820 1015 ἀκουόντων
865 959 1254 1032 ἐπιτιμώντων
1286 961 1455 1032 αὐτῷ,
1492 962 1697 1016 ἔσωθεν
1737 964 1832 1016 τοῦ
1881 965 1969 1015 ὲν-

373 1053 434 1107 δύ
445 1070 615 1123 ματος
643 1053 807 1117 αὐτὸς
850 1053 950 1125 τὴν
980 1056 1140 1126 χεῖρα
1175 1053 1356 1125 βαλὼν
1389 1056 1480 1109 καὶ
1527 1055 1681 1125 ἰχθὺν
1711 1055 1971 1125 ὠπτημέ-

375 1164 467 1199 νον
501 1144 811 1215 ἔξαγαγὼν,
830 1146 961 1211 Ἴδε,
988 1147 1145 1216 φησὶ,
1176 1147 1367 1200 τοῦτον
1389 1148 1484 1202 καὶ
1510 1147 1703 1212 ἄλλους
1742 1148 1970 1212 πολλοὺς

378 1240 482 1309 πρὸ
501 1238 595 1292 τοῦ
627 1240 959 1293 καταλαϐεῖν
999 1240 1145 1309 ὑμᾶς
1182 1240 1370 1311 ἤσθιεν
1395 1243 1422 1296 ὁ
1453 1243 1585 1311 παρ’
1604 1242 1732 1310 ὑμῖν
1755 1244 1971 1312 κριταῖς

374 1334 674 1404 ἐγκρατής.
709 1329 866 1396 Eine,
897 1333 992 1388 καὶ
1031 1334 1193 1399 εὐθὺς
1222 1336 1255 1405 ἡ
1281 1336 1404 1406 δίκη
1440 1334 1531 1390 τὸν
1562 1335 1732 1406 ἄνδρα
1755 1334 1966 1407 μετῄει.

386 1425 543 1479 Ἐπεὶ
573 1427 681 1497 γὰρ
731 1427 868 1497 μετά
909 1426 1109 1497 μικρὸν
1157 1427 1323 1490 αὐτός
1351 1445 1409 1481 τε
1448 1427 1668 1497 ἀληθῶς
1705 1427 1970 1497 μετέλαϐε

373 1517 470 1570 τοῦ
525 1519 728 1587 ἰχθύος,
760 1521 857 1574 καὶ
887 1520 1109 1585 γυναικί
1143 1520 1238 1573 καὶ
1286 1518 1498 1583 τέκνοις
1548 1523 1746 1589 φαγεῖν
1774 1519 1965 1587 ἔδωκε,

376 1612 547 1684 μανία
597 1614 822 1675 τούτους
871 1612 1167 1682 λαμϐάνει,
1197 1613 1293 1666 καὶ
1347 1613 1716 1684 δαιμονῶντες
1768 1614 1971 1678 πάντες

374 1707 707 1761 ἐδείκνυντο.
746 1707 811 1759 Oi
864 1707 1135 1777 παρόντες
1181 1708 1384 1773 τοίνυν,
1418 1706 1515 1778 τὴν
1557 1705 1737 1760 αἰτίαν
1780 1705 1969 1761 αἰσθό-

376 1791 532 1872 μενοι
560 1803 657 1857 καὶ
679 1804 779 1873 τῆς
846 1801 1042 1872 διπλῆς
1093 1802 1295 1872 μανίας
1347 1803 1537 1856 τοῦτον
1570 1801 1965 1874 οἰκτείραντες,
2002 1842 2042 1900 Β

374 1895 631 1958 λαϐόντες
681 1893 876 1963 ἄγουσι
929 1895 1070 1964 πρὸς
1118 1895 1210 1948 τδν
1263 1894 1430 1950 ὅσιον.
1475 1894 1537 1947 '0
1583 1893 1639 1947 δὲ
1678 1895 1754 1966 μὴ
1804 1895 1964 1964 μόνον

374 1991 550 2060 πρᾶος
581 1989 719 2059 πρὸς
779 1989 905 2051 τοὺς
965 1987 1387 2059 ἁμαρτάνοντας
1419 1987 1515 2053 ὣν,
1572 1987 1707 2042 ἀλλὰ
1741 1989 1836 2043 καὶ
1864 1988 1964 2053 τὰς

374 2080 663 2151 συμφορὰς
708 2079 890 2133 αὐτῶν
935 2082 1017 2145 εἰς
1046 2080 1364 2134 τούναντίον
1412 2079 1734 2152 περιιστῶν,
1769 2081 1962 2154 ἐπειδὴ

370 2172 898 2242 ὲξομολογουμένους
945 2170 1095 2243 ἑώρα
1146 2172 1240 2226 καὶ
1293 2170 1609 2242 δεομένους,
1658 2173 1964 2242 εὐξάμενος

370 2266 470 2336 τῆς
498 2282 556 2319 τε
594 2263 792 2336 μανίας
826 2263 1140 2335 ἀπήλλαττε
1176 2262 1269 2317 καὶ
1299 2262 1396 2317 τοῦ
1432 2263 1823 2337 χαλεπωτέρου
1849 2263 1964 2319 δαί-

374 2374 533 2428 μονος
565 2357 664 2427 τῆς
706 2355 1038 2422 κενοδοξίας.
1082 2355 1146 2410 Οῖ
1195 2356 1287 2409 καί
1320 2356 1461 2427 μετὰ
1500 2352 1675 2409 ταῦτα
1707 2354 1963 2410 τοσοῦτον

369 2449 657 2504 ἀπώναντο
703 2448 806 2519 τῆς
839 2447 1005 2503 αὐτοῦ
1045 2446 1345 2518 θεραπείας
1387 2446 1464 2511 ὡς
1512 2447 1610 2501 καὶ
1659 2446 1755 2517 τὴν
1799 2449 1964 2517 εὐχα-

373 2545 587 2615 ριστίαν
632 2544 988 2614 ἀνάγραπτον
1027 2538 1171 2595 εἶναι
1223 2539 1537 2613 βουλόμενοι
1585 2539 1817 2613 ἀργύρῳ
1868 2540 1963 2595 τδν

368 2635 579 2690 ἐκείνου
611 2635 941 2707 χαρακτῆρα
985 2633 1265 2699 τυπῶσαι,
1297 2632 1396 2688 καί
1427 2633 1656 2700 ἑαυτοὺς
1687 2633 1794 2687 ὑπὸ
1836 2632 1965 2698 τοὺς

370 2726 539 2791 πόδας
562 2727 914 2798 παραθεῖναι,
938 2727 1155 2798 γράψαι
1181 2742 1242 2779 τε
1269 2723 1511 2797 τοῦνομα
1538 2727 1635 2780 καὶ
1668 2725 1767 2797 τὴν
1797 2726 1964 2797 εὐχα-

371 2820 584 2892 ριστίαν
603 2819 1138 2895 προσπαραγράψαι,
1158 2816 1257 2872 καί
1274 2817 1425 2890 αὐτῷ
1443 2817 1522 2891 τῷ
1541 2817 1637 2872 τοῦ
1658 2819 1965 2891 ἀρχιστραο

368 2912 540 2983 τήγου
568 2911 683 2983 ναῷ
712 2911 1070 2983 παραθεῖναι.
1089 2909 1343 2982 Τοσαύτη
1362 2911 1420 2965 δὲ
1438 2904 1509 2982 ἦν
1539 2910 1598 2964 ὲν
1620 2912 1735 2975 τοῖς
1756 2909 1961 2983 χείλεσι

367 3003 449 3077 τῷ
483 3004 740 3077 μακαρίῳ
773 3003 970 3070 πειθὼ,
1006 3005 1099 3059 καὶ
1137 3004 1312 3069 οὕτως
1389 3003 1548 3073 λόγος
1572 3001 1725 3072 αὑτῷ
1757 2999 1960 3074 μικροῦ

368 3095 447 3166 τῷ
476 3095 579 3169 βίῳ
604 3096 800 3151 ταυτὸν
832 3095 1068 3166 ἠδύνατο
1104 3095 1291 3164 θέλξαι
1318 3096 1502 3168 ψυχὴν
1526 3095 1625 3150 καὶ
1651 3097 1840 3150 πεῖσαι
1861 3094 1961 3166 τὴν

2074 591 2187 651 bat.
2213 591 2542 649 ostendebat
2567 588 2940 661 prmstantiam
2961 602 3073 644 sua:
3100 585 3344 649 virtutis,
3370 583 3465 640 sed
3490 583 3660 638 etiam

2078 684 2131 739 in
2166 686 2231 740 iis
2262 701 2382 755 quae
2406 684 2759 756 patiebantur
2779 683 2815 738 ii
2842 685 2936 755 qui
2959 698 3070 738 non
3101 679 3507 736 erubescebant
3530 692 3659 732 cum

2074 774 2380 831 maledictis
2421 776 2660 847 insequi.
2688 776 2827 831 Cum
2885 775 3110 846 quidam
3165 783 3315 828 certe
3364 768 3664 841 aliquando

2080 868 2244 923 exiis
2283 868 2379 940 qui
2424 869 2490 924 ad
2543 884 2670 924 eum
2723 869 3065 923 accedebant
3113 866 3318 938 (fuerat
3344 880 3477 919 vero
3510 863 3557 918 is
3588 865 3656 918 la.-

2074 975 2212 1030 psus
2250 960 2305 1015 in
2340 975 2469 1016 vera
2509 959 2803 1031 religione)
2841 967 3092 1015 sanctum
3148 955 3456 1012 maledictis
3481 954 3664 1011 inces-

2079 1063 2249 1113 seret,
2283 1059 2339 1106 et
2364 1050 2461 1122 qui
2516 1051 2749 1107 aderant
2808 1061 2865 1106 et
2927 1048 3249 1112 audiebant,
3309 1063 3435 1103 eum
3477 1046 3665 1103 incrc-
3698 1046 3721 1061 “’

2075 1150 2290 1211 parent,
2330 1141 2448 1211 ipse
2484 1155 2612 1195 cum
2653 1154 2877 1194 manum
2942 1140 3087 1193 intra
3146 1136 3533 1191 indumentum
3575 1130 3669 1187 in-

2069 1235 2316 1306 jecisset,
2337 1243 2393 1291 et
2416 1235 2628 1306 piscem
2646 1240 2893 1290 assatum
2915 1231 3200 1286 eduxisset
3227 1247 3240 1283 :
3266 1229 3434 1294 Ecce,
3460 1223 3660 1296 inquit,

2076 1328 2223 1384 hunc
2247 1338 2303 1384 et
2337 1328 2476 1384 alios
2510 1328 2720 1382 multos
2747 1324 3094 1388 comedebat,
3121 1323 3215 1394 qui
3245 1317 3661 1390 vestrojudicio

2074 1429 2159 1474 est
2209 1419 2518 1474 abstinens.
2574 1417 2774 1473 Statim
2835 1426 3017 1473 autem
3069 1413 3285 1488 justitia
3342 1411 3523 1466 virum
3576 1417 3661 1463 est

2075 1519 2388 1582 persecuta.
2451 1511 2746 1582 Postquam
2779 1511 2932 1564 enim
2982 1518 3036 1563 et
3071 1508 3190 1577 ipse
3227 1505 3392 1575 paulo
3422 1510 3549 1574 post
3574 1515 3666 1555 re-

2072 1618 2207 1657 vera
2236 1602 2302 1657 de
2329 1602 2479 1673 pisce
2513 1601 2781 1666 comedit,
2814 1601 3086 1670 uxorique
3110 1615 3238 1655 eum
3264 1595 3418 1652 dedit
3437 1603 3494 1651 et
3522 1592 3661 1648 liba-

2074 1694 2152 1751 ris
2179 1694 2607 1760 comedendum,
2641 1709 2739 1749 eos
2792 1693 3003 1749 invadit
3038 1692 3215 1757 furor,
3246 1699 3305 1745 et
3349 1704 3377 1742 a
3410 1688 3663 1742 daemone

2073 1788 2319 1861 possessi
2345 1789 2628 1860 conspecti
2658 1797 2790 1844 sunt
2819 1787 2886 1842 ab
2916 1785 3200 1841 omnibus.
3231 1781 3336 1849 Qui
3363 1795 3496 1851 ergo
3526 1779 3660 1834 ade—

2073 1889 2223 1947 rant,
2291 1894 2418 1936 cum
2451 1897 2675 1938 causam
2729 1880 3060 1943 sensissent,
3092 1875 3375 1947 duplicem
3410 1873 3659 1928 furorem
3736 1895 3742 1901 ν

2068 1974 2341 2039 miserati,
2373 1989 2473 2031 eos
2494 1974 2777 2046 accipiunt
2804 1982 2858 2029 et
2888 1972 3103 2028 ducunt
3132 1967 3202 2023 ad
3255 1976 3533 2023 sanctum.
3565 1963 3659 2019 ille

2066 2082 2201 2123 vero
2235 2082 2360 2123 cum
2395 2082 2504 2121 non
2536 2067 2715 2122 solum
2760 2072 2912 2122 esset
2946 2061 3100 2117 mitis
3151 2073 3280 2132 erga
3312 2066 3658 2128 peccatores,

2065 2159 2162 2216 sed
2193 2160 2361 2215 etiam
2395 2159 2737 2215 calamitates
2786 2164 3140 2213 converteret
3171 2152 3228 2207 in
3277 2147 3653 2210 contrarium,

2066 2260 2359 2322 postquam
2388 2250 2527 2306 vidit
2553 2249 2903 2313 conﬁtentes,
2936 2252 3215 2318 precatus,
3250 2257 3347 2299 eos
3392 2238 3657 2296 liberavit

2065 2342 2341 2408 afurore,
2371 2353 2430 2400 et
2486 2359 2517 2398 a
2548 2343 2803 2415 graviore
2854 2340 3127 2406 dzemone,
3180 2351 3379 2407 nempe
3433 2350 3463 2391 a
3513 2331 3658 2388 mala

2066 2438 2353 2507 opinione.
2382 2435 2489 2505 Qui
2515 2437 2684 2493 etiam
2722 2443 2912 2506 postea
2940 2443 3155 2490 tantum
3213 2432 3461 2486 fructum
3492 2441 3660 2483 acce-

2066 2540 2273 2600 perunt
2321 2545 2388 2587 ex
2422 2530 2543 2603 ejus
2574 2530 2885 2595 curatione,
2917 2537 2978 2584 ut
3001 2527 3252 2584 volentes
3278 2539 3399 2581 esse
3448 2520 3660 2580 descri-

2066 2630 2216 2693 ptam
2263 2638 2419 2678 suam
2445 2623 2748 2696 gratiarum
2782 2622 3084 2686 actionem,
3119 2635 3188 2675 ex
3212 2625 3442 2691 argento
3506 2615 3660 2672 iliius

2067 2716 2297 2789 ﬁguram
2354 2715 2692 2781 emnxerint,
2746 2723 2805 2772 et
2834 2714 3048 2786 seipsos
3096 2711 3203 2768 sub
3249 2712 3370 2782 ejus
3424 2708 3661 2780 pedibus

2067 2807 2381 2879 posuerint,
2401 2816 2458 2864 et
2487 2822 2695 2864 nomen
2728 2805 3079 2878 scripserint,
3111 2812 3169 2860 et
3202 2801 3505 2875 gratiarum
3559 2815 3659 2855 ac-

2068 2904 2273 2959 tionem
2332 2903 2719 2975 ascripserint.
2764 2909 2823 2958 et
2879 2899 3089 2956 militiae
3127 2897 3392 2971 principis
3449 2893 3658 2967 templo

2066 2991 2475 3051 dedicaverint.
2504 2992 2565 3048 In
2592 2991 2741 3049 beati
2780 3002 2967 3048 autem
2999 2990 3246 3048 Danielis
3275 2988 3451 3045 labris
3503 2995 3659 3043 tanta

2064 3094 2185 3142 erat
2209 3086 2468 3143 salutaris
2488 3087 2799 3158 persuasio,
2823 3095 2882 3141 et
2904 3085 3026 3156 ejus
3047 3083 3228 3141 oratio
3252 3080 3655 3156 propemodum

371 3187 565 3261 στενὴν
603 3187 819 3242 ἑλέσθαι
848 3188 1000 3255 ὁδὸν⁹
1051 3186 1196 3243 ὥστε
1226 3189 1288 3241 οὗ
1323 3189 1488 3258 μόνον
1534 3186 1666 3252 τοὺς
1697 3187 1787 3242 ἐπ’
1830 3188 1963 3242 αὐτὸ

2069 3193 2219 3249 teque
2254 3192 2319 3234 ac
2364 3177 2497 3244 vita,
2522 3186 2742 3250 poterat
2780 3176 3019 3233 delinire
3047 3175 3325 3245 animum,
3345 3185 3402 3232 et
3428 3186 3662 3246 persua-

367 3281 530 3335 τοῦτο
550 3281 687 3352 πρὸς
717 3281 883 3337 αὑτὸν
914 3283 1162 3347 ἀνιόντας
1184 3282 1217 3355 ἢ
1244 3283 1338 3337 καὶ
1366 3281 1542 3348 ἄλλως
1568 3284 1838 3346 ἐπιεικεῖς
1866 3283 1961 3338 καὶ

368 3373 615 3446 ἡμέρους
652 3374 912 3447 δακρύειν
946 3374 1041 3430 καὶ
1073 3374 1430 3449 περιέχεσθαι
1457 3376 1650 3430 τούτου
1680 3376 1963 3449 ἐρωτικῶς

371 3466 615 3534 ἔπειθεν,
659 3467 796 3523 ἁ).λά
828 3469 923 3524 καὶ
961 3467 1162 3535 αὐτοὺς
1193 3470 1321 3545 τούς
1351 3470 1582 3541 ἰταμοὺς
1610 3469 1707 3525 καὶ
1737 3460 1963 3541 ἀγρίους

369 3558 439 3615 τὰ
466 3560 629 3632 ὅμοια
657 3561 899 3617 διετίθει.
923 3563 1034 3618 Καὶ
1062 3563 1263 3636 δεῖγμα
1286 3564 1480 3635 σαφές.

443 3830 580 3896 ΜΤ.
623 3828 885 3899 Ἔδρχνός
912 3845 999 3893 τις
1030 3828 1128 3899 τὴν
1164 3827 1377 3899 κλῆσιν,
1419 3828 1479 3882 τὸ
1509 3827 1669 3898 γένος
1696 3828 1761 3881 ἐκ
1788 3824 1962 3882 Γαλα-

371 3922 497 3987 τῶν,
519 3922 693 3986 ἄλλως
713 3922 969 3993 ἀνδρικὸς
998 3923 1256 3977 καὶκατὰ
1285 3924 1447 3993 χεῖρα
1468 3923 1738 3991 γενναῖος,
1764 3921 1962 3990 αἵμασι

371 4014 467 4066 καὶ
510 4013 767 4083 πολέμοις
799 4012 1264 4084 ἐντεθραμμένος,
1298 4012 1393 4066 καὶ
1417 4013 1607 4082 μέντοι
1639 4011 1733 4064 καὶ
1759 4008 1962 4075 πολλὰς

370 4107 650 4178 ἀριστείας
685 4109 1160 4176 ἀπενεγκάμενος,
1211 4104 1353 4179 ἔχων
1401 4104 1460 4157 δὲ
1512 4107 1607 4159 καὶ
1654 4104 1746 4172 ὑφ’
1797 4103 1962 4158 αὐτὸν

373 4200 601 4270 συχνοὺς
628 4199 723 4252 καὶ
767 4198 982 4262 πάντας
1023 4197 1261 4266 ἀγαθοὺς
1301 4198 1369 4251 τὰ
1411 4196 1665 4267 πολέμια,
1700 4194 1889 4249 τοῦτον
1929 4197 1960 4266 ἡ

371 4291 527 4360 φήμη
563 4292 806 4360 φέρουσα
859 4291 958 4346 καὶ
1009 4293 1130 4354 ταῖς
1178 4288 1445 4359 βασιλέως
1495 4289 1714 4342 δίδωσιν
1745 4288 1959 4351 ἀκοαῖς.

382 4381 442 4435 Ὅ
467 4382 522 4434 δὲ
559 4382 722 4446 εὐθὺς
753 4383 964 4437 ἐκεῖνον
996 4383 1089 4435 καὶ
1121 4381 1250 4445 τοὺς
1286 4379 1381 4432 ὑπ’
1424 4381 1632 4432 ἐκεῖνον
1668 4395 1960 4448 μεταπεμ-

368 4474 614 4545 ψάμενος
650 4475 875 4539 τούτους
907 4474 1010 4546 μὲν
1039 4472 1227 4536 ἄλλαις
1262 4472 1514 4544 δωρεῖται
1545 4472 1756 4542 τιμαῖς,
1794 4468 1873 4542 τῷ
1902 4468 1959 4522 δὲ

369 4568 472 4634 τὴν
501 4566 821 4635 ἐπιμέλειαν
844 4556 953 4620 τῶν
979 4564 1146 4620 αὐτοῦ
1180 4563 1367 4618 ἵππων
1392 4561 1713 4635 ἐγχειρίζει,
1740 4563 1961 4633 κόμητα

367 4654 560 4710 τοῦτον
590 4657 778 4710 καλεῖν
812 4656 1067 4724 σύνηθες,
1115 4656 1192 4720 ὡς
1237 4658 1331 4710 καὶ
1375 4655 1636 4724 ἀνωτέρω
1694 4654 1963 4724 φθάσαςό

367 4747 525 4814 λόγος
573 4746 836 4816 ἐδήλωσε.
884 4747 1102 4800 Στέλλει
1156 4746 1210 4803 δὲ
1267 4747 1363 4801 καὶ
1414 4745 1598 4812 αὐτὸν,
1637 4746 1713 4809 ὡς
1758 4744 1963 4813 εἰώθει,

373 4840 501 4895 ἰδεῖν
522 4858 581 4895 τε
609 4840 702 4894 τὸν
736 4842 910 4911 μέγαν
938 4844 1034 4896 καὶ
1068 4842 1322 4914 εὐλογίας
1352 4844 1568 4898 ἐκείνου
1605 4843 1957 4914 μεταλαϐεῖν.

380 4931 440 4985 ’0
479 4933 536 4986 δὲ
568 4934 706 5003 πρὸς
736 4934 900 4989 αὐτὸν
937 4934 1214 4999 ἀπελθὼν,
1252 4937 1347 4992 καὶ
1396 4937 1487 4990 τόν
1525 4954 1585 4990 τε
1640 4937 1756 5009 βίον
1792 4955 1963 4991 κατα-

371 5023 560 5094 μαθὼν
583 5028 677 5079 καὶ
710 5029 827 5090 τοῖς
857 5026 1041 5095 λόγοις
1075 5028 1144 5082 τὰ
1170 5028 1339 5095 ὅντως
1372 5028 1630 5101 ὠφέλιμα
1666 5029 1963 5101 διδαχθεὶς,

370 5119 465 5191 καὶ
495 5119 789 5177 ἀλλοίωσιν
823 5114 938 5175 οἷόν
985 5139 1110 5176 τινα
1164 5119 1320 5176 θείαν
1356 5121 1697 5190 ἀλλοιωθείς,
1740 5124 1834 5176 καὶ
1881 5123 1962 5188 είς

370 5212 646 5289 πρόϐατον
678 5214 742 5266 ἐκ
773 5214 942 5268 λύκου
976 5214 1364 5287 μεταϐληθεὶς,
1393 5215 1706 5286 στρατείαις
1733 5215 1831 5286 μὲν
1865 5215 1959 5270 καὶ

369 5301 629 5374 πολέμοις
661 5304 851 5376 μακρὰ
882 5305 1098 5376 χαίρειν
1129 5299 1254 5360 εἷπε
1298 5308 1393 5362 καὶ
1423 5307 1546 5372 ταῖς
1580 5307 1646 5361 ὲκ
1694 5306 1961 5379 βασιλέως

366 5386 572 5463 τιμαῖς,
610 5398 707 5448 καὶ
737 5399 765 5450 ό
795 5396 900 5470 πρὸ
934 5396 1028 5451 τοῦ
1069 5398 1260 5469 χρόνον
1305 5399 1524 5455 ἅπαντα
1579 5399 1715 5469 πρὸς
1747 5400 1959 5471 αἵματα

366 5487 461 5540 καὶ
494 5489 712 5558 σφαγὰς
751 5491 1274 5564 ἐγγεγυμνασμένος
1310 5493 1426 5564 (καὶ
1454 5493 1508 5548 τί
1539 5495 1650 5566 γάρ
1678 5493 1804 5548 ἄλλο
1838 5492 1959 5547 ἐστὶ

366 5586 730 5664 στρατιώτης,
755 5588 852 5641 καὶ
881 5586 1056 5642 ταῦτα
1104 5586 1440 5659 βάρϐαρος;)
1474 5589 1761 5658 φιλόσοφος
1800 5583 1955 5654 οὗτος

368 5675 529 5738 εὐθὺς
562 5678 656 5732 καὶ
687 5678 924 5750 Χριστοῦ
954 5680 1050 5734 τοῦ
1082 5682 1257 5752 πράου
1290 5680 1538 5752 μαθητὴς
1561 5678 1957 5753 ἧκ’,κείρασθαί

366 5788 423 5823 τε
464 5772 561 5843 τὴν
609 5775 785 5846 κόμην
828 5777 924 5830 καὶ
955 5777 1292 5846 συνταγῆναι
1328 5777 1443 5839 τοῖς
1478 5775 1640 5845 αὑτοῦ
1674 5779 1959 5846 φοιτηταῖς

366 5864 558 5922 ἐδεῖτο.
608 5868 760 5925 Ἑπεί
785 5870 839 5926 δὲ
871 5872 964 5926 καὶ
999 5870 1092 5925 τον
1128 5870 1302 5943 μέγαν
1327 5868 1472 5940 ἐώρα
1499 5871 1611 5932 ταῖς
1641 5866 1808 5922 αὐτοῦ
1843 5868 1960 5942 δεή-

2067 3271 2224 3336 dere,
2248 3280 2308 3327 ut
2337 3270 2483 3327 viam
2534 3280 2825 3344 angustam
2863 3270 3155 3343 eligerent,
3194 3278 3253 3325 ut
3305 3282 3417 3324 non
3463 3266 3644 3322 solum

2067 3380 2166 3422 eos
2191 3364 2285 3436 qui
2322 3363 2392 3420 ad
2426 3363 2532 3420 boc
2587 3364 2767 3435 ipsum
2810 3364 2878 3420 ad
2932 3379 3061 3419 cum
3120 3360 3514 3426 ascendebant,
3563 3367 3662 3415 aut

2067 3455 2456 3526 erantalioqui
2490 3454 2654 3511 mites
2685 3466 2740 3512 et
2767 3454 3067 3520 mansueti,
3098 3452 3232 3508 ﬂere
3249 3451 3440 3523 etjejus
3459 3464 3659 3523 magno

2066 3561 2259 3602 amore
2296 3548 2417 3620 capi
2467 3547 2852 3619 persuaderet,
2885 3546 2982 3604 sed
3019 3562 3117 3603 eos
3150 3546 3304 3615 ipsos
3359 3541 3453 3615 qui
3500 3550 3664 3599 erant

2067 3641 2234 3695 etiam
2275 3640 2631 3712 impudentes
2686 3653 2744 3697 et
2786 3653 3055 3714 agrestes,
3105 3638 3365 3695 similiter
3393 3635 3656 3693 ediceret.

2067 3734 2243 3803 llujus
2277 3744 2463 3790 autem
2499 3736 2577 3792 rei
2598 3744 2853 3806 apertum
2889 3744 2975 3790 est
3001 3734 3297 3791 iudicium.

2138 3826 2381 3881 XXXVI.
2414 3827 2648 3894 Quidam
2685 3827 2913 3882 nomine
2936 3827 3214 3892 Edranus,
3247 3839 3447 3898 genere
3462 3822 3659 3880 Gaiata

2067 3919 2230 3974 fortis
2265 3919 2474 3990 alioqui
2511 3928 2568 3974 et
2604 3936 2768 3974 manu
2821 3931 3111 3985 strenuus,
3173 3919 3226 3972 in
3287 3916 3556 3987 sanguine
3601 3925 3662 3970 et

2068 4013 2231 4068 bellis
2260 4013 2560 4077 educatus,
2614 4013 2710 4083 qui
2741 4014 2908 4068 etiam
2942 4012 3000 4067 in
3049 4012 3239 4068 multis
3265 4010 3403 4066 locis
3429 4024 3487 4065 se
3514 4022 3660 4078 prte-

2068 4106 2379 4160 clarissime
2428 4115 2699 4176 gesserat,
2736 4113 2793 4159 et
2856 4120 2961 4160 suo
3000 4103 3234 4174 imperio
3264 4111 3526 4173 parentes
3553 4100 3658 4154 ba-

2068 4197 2237 4253 bebat
2273 4197 2501 4261 multos,
2560 4206 2617 4252 et
2645 4212 2743 4252 eos
2794 4211 2990 4252 omnes
3020 4197 3076 4251 in
3119 4195 3268 4251 bello
3294 4195 3490 4250 fortes.
3522 4193 3679 4266 Ejus.

2069 4290 2210 4346 fama
2274 4292 2527 4362 pervenit
2581 4306 2755 4362 usque
2816 4291 2883 4349 ad
2941 4305 3106 4345 aures
3164 4287 3542 4361 imperatoris.
3604 4286 3661 4347 is

2069 4390 2253 4438 autem
2287 4399 2413 4439 cum
2468 4383 2650 4448 illum,
2705 4394 2761 4439 et
2799 4397 2898 4438 cus
2945 4382 3041 4453 qui
3073 4380 3197 4453 ejus
3247 4380 3519 4450 parebant
3548 4376 3658 4433 im»

2073 4475 2251 4545 perio,
2280 4475 2695 4539 accersivisset,
2725 4491 2823 4532 eos
2855 4473 3084 4546 quidem
3118 4473 3244 4529 aliis
3275 4470 3446 4528 allicit
3470 4462 3659 4526 bono.-

2073 4568 2249 4635 ribus,
2305 4569 2382 4623 illi
2426 4584 2560 4624 vero
2590 4568 2759 4624 tradit
2811 4584 3006 4624 curam
3039 4582 3270 4623 suorum
3331 4580 3654 4639 equorum;

2073 4665 2215 4717 solet
2263 4662 2311 4718 is
2363 4662 2554 4718 vocari
2616 4651 2826 4727 comes,
2866 4662 3014 4718 sicut
3068 4660 3328 4730 superius
3388 4659 3655 4717 diximus.

2070 4752 2247 4808 Porro
2275 4763 2460 4810 autem
2498 4754 2678 4825 ipsum
2732 4770 2956 4826 quoque
2977 4753 3172 4819 mittit,
3210 4761 3271 4807 ut
3315 4751 3554 4816 solebat,
3584 4751 3658 4806 ad

2068 4832 2329 4916 magnum
2357 4846 2661 4902 videndum
2690 4846 2996 4911 Danielem,
3024 4853 3082 4901 et
3122 4843 3504 4915 accipiendam
3536 4843 3664 4915 ejus

2068 4937 2543 4996 benedictionem.
2574 4940 2715 4995 Cum
2738 4955 2869 4995 vero
2894 4939 2962 4994 ad
2996 4954 3127 4996 eum
3157 4938 3421 5003 venisset,
3452 4945 3509 4992 et
3536 4936 3660 5008 ejus

2067 5031 2236 5107 vitam
2274 5030 2582 5098 didicisset,
2611 5040 2668 5089 et
2700 5031 3056 5089 sermonibus
3084 5045 3150 5086 ea
3184 5045 3307 5100 quae
3343 5044 3472 5084 vere
3496 5039 3665 5084 erant

2068 5122 2254 5190 utilia,
2297 5123 2497 5179 doctus
2549 5134 2721 5190 esset,
2775 5133 2832 5179 et
2888 5123 3078 5180 divina
3133 5122 3372 5193 quadam
3408 5130 3664 5178 mutatus

2067 5221 2215 5268 esset
2268 5214 2600 5283 mutatione,
2627 5223 2686 5270 et
2716 5230 2783 5270 ex
2815 5216 2950 5286 lupo
2976 5215 3030 5268 in
3059 5228 3219 5269 ovem
3251 5221 3400 5270 esset
3424 5202 3660 5271 conver-

2067 5322 2186 5373 sus,
2216 5306 2450 5364 militias
2466 5308 2688 5379 quidem
2709 5314 2766 5363 et
2788 5307 2928 5363 bella
2948 5314 3005 5363 et
3032 5307 3276 5362 honores
3300 5305 3663 5375 imperatoris

2067 5401 2306 5456 multum
2342 5400 2529 5457 valere
2551 5400 2742 5468 jussit,
2765 5409 2822 5456 et
2858 5400 2954 5472 qui
2986 5408 3101 5456 toto
3138 5408 3267 5455 ante
3305 5406 3559 5469 tempore
3583 5399 3655 5455 ad

2065 5493 2391 5565 sanguinem
2453 5504 2508 5549 et
2541 5494 2745 5550 caedem
2798 5504 2917 5551 erat
2950 5493 3288 5550 exercitatus
3320 5491 3473 5565 (quid
3506 5493 3655 5548 en'm

2062 5587 2213 5644 aliud
2281 5598 2364 5644 est
2424 5588 2602 5657 miles,
2663 5587 2831 5658 idque
2893 5586 3268 5657 barbarusi),
3311 5586 3357 5641 is
3428 5593 3656 5657 repente

2064 5680 2457 5755 philosophus,
2508 5691 2565 5736 et
2607 5681 2758 5737 mitis
2790 5680 3001 5756 Christi
3043 5691 3164 5737 erat
3205 5679 3559 5750 discipulus:
3598 5687 3657 5735 et

2068 5775 2315 5846 rogabat,
2345 5785 2405 5830 ut
2438 5775 2742 5831 referretur
2774 5777 2829 5829 in
2869 5791 3164 5831 numerqu
3196 5776 3320 5848 ejus
3342 5774 3653 5844 discipulo-

2067 5882 2213 5923 rum.
2264 5868 2563 5937 Postquam
2618 5878 2802 5926 autcm
2845 5869 2994 5927 videt
3056 5883 3312 5952 magnum
3371 5868 3654 5924 Danielem
