4126 6382
549 338 686 405 1015

1660 340 2126 403 ADDENDA.-
2161 345 2588 408 DECEMBER.

3656 337 3803 402 1016

547 450 669 504 suis
695 449 950 519 precibus
991 463 1258 512 annuere,
1289 448 1440 505 illius
1473 449 1780 521 discipulus
1813 451 1872 505 Iit
1916 450 2098 506 docto:

2221 469 2372 507 σεσιν
2395 456 2622 525 ἥκοντα.
2677 457 2707 508 ὸ
2733 454 2983 525 μαθητής
3009 455 3220 510 ἐκείνου
3261 453 3471 508 πολλῶν
3719 453 3803 504 δι-

550 541 849 596 multorum
887 540 1122 596 aliorum
1151 543 1165 595 !
1196 551 1254 597 et
1283 556 1407 596 cum
1434 556 1647 605 omnes,
1674 544 1770 611 qui
1802 554 1962 598 erant
1993 558 2116 599 cum

549 635 692 702 ipso,
724 632 1051 689 advocasset
1078 632 1379 689 familiares
1405 644 1461 689 et
1494 643 1677 701 notos,
1709 634 1875 704 etqui
1910 635 2116 705 alioqui

548 726 619 781 ad
642 740 771 780 eum
812 726 1147 791 attinebant,
1205 727 1402 782 suadet
1460 726 1590 787 illis.
1646 736 1707 781 ut
1732 726 1950 792 eadem,
2009 742 2116 796 qua

547 818 666 888 Ipse
698 858 714 882 .
737 819 823 875 via
859 819 1313 891 ingrederentur.
1341 817 1813 874 Adhortatiovero
1840 818 1944 871 fuit
1968 819 2117 887 ejus-

548 908 723 976 modi,
755 924 880 978 quae
930 919 1120 981 posset
1154 910 1242 964 vel
1276 924 1401 965 cum
1437 910 1625 980 lingua
1681 919 1896 963 certare
1931 917 2117 963 orato-

553 1016 701 1063 rum.
731 1010 788 1056 et
815 1001 962 1056 ferre
995 1002 1307 1056 victoriam.
1340 1000 1473 1072 Ejus
1516 1016 1617 1071 ego
1648 1000 1929 1055 memoria:
1962 1016 2118 1055 man-

548 1090 714 1153 dabo,
778 1107 900 1160 quae
930 1102 1061 1147 sunt
1087 1092 1515 1163 iucundissima,
1549 1104 1607 1150 et
1640 1093 1756 1149 scio
1784 1093 1925 1161 fore,
1956 1102 2017 1148 ut
2048 1106 2113 1149 ea

547 1198 767 1251 quoque
793 1185 951 1239 vobis
977 1185 1250 1254 placeant.

622 1275 886 1332 XXXVII.
919 1279 1053 1346 Ego,
1108 1278 1314 1347 inquit,
1349 1281 1518 1335 statui
1554 1279 1816 1351 deinceps
1848 1280 1981 1351 Regi
2009 1281 2115 1336 mi-

544 1366 705 1421 litare
741 1371 980 1424 cmlesti.
1011 1369 1142 1423 Mihi
1194 1373 1340 1425 enim
1375 1373 1623 1442 persuasi
1674 1373 1815 1427 nihil
1861 1372 2112 1443 profutu-

546 1472 671 1512 rum
731 1458 973 1527 homini,
1025 1461 1071 1517 si
1133 1471 1309 1518 totum
1341 1463 1611 1519 mundum
1668 1464 1999 1530 lucrifaciat,
2056 1476 2113 1520 et

545 1550 803 1603 damnum
836 1565 950 1605 suae
982 1552 1180 1607 animae
1210 1555 1472 1622 patiatur.
1510 1554 1797 1620 Quodnam
1825 1566 2006 1610 autem
2040 1555 2110 1611 ad

542 1653 646 1694 nos
675 1655 740 1695 es
772 1641 914 1697 bello
942 1643 1158 1698 lucrum
1187 1645 1351 1710 redit,
1377 1646 1483 1699 nisi
1512 1648 1741 1701 omnino
1767 1648 1956 1719 gladii,
2002 1664 2110 1704 cm-

541 1729 661 1796 des,
729 1735 954 1802 sanguis
1007 1744 1062 1789 et
1117 1736 1369 1806 strages?
1417 1737 1675 1803 Quaanam
1729 1754 1864 1794 vero
1913 1740 1967 1794 in
2024 1741 2110 1794 his

2216 548 2485 611 δάσκαλος
2502 547 2732 616 γίνεται,
2752 548 2849 602 καὶ
2876 554 3005 611 τοὺς
3033 551 3132 603 συν
3151 546 3299 617 αὐτῷ
3322 548 3524 603 πάντας
3548 561 3772 614 tom-

2218 640 2520 709 λεσάμενος
2545 639 2783 702 οίκείους
2803 657 2861 695 τε
2884 640 2979 693 καὶ
3003 641 3280 709 γνωστοίις
3303 640 3398 692 καὶ¹
3420 635 3600 700 ἄλλως
3620 653 3797 704 προσο

2217 733 2453 802 ήκοντας
2470 734 2726 800 παραινεῖ
2744 732 3032 796 κάκείνους
3046 732 3143 806 τὴν
3164 733 3336 802 αὐτὴν
3354 730 3573 784 ὁδεῦσαι
3587 730 3794 800 τούτῳ.

2227 826 2294 882 'll
2334 826 2388 879 δὲ
2413 825 2738 896 παραίνεσις
2764 826 2852 880 οἶα
2894 832 2989 879 καὶ
3043 824 3181 895 πρὸς
3232 824 3481 895 ρητόρων
3528 822 3793 890 γλῶσσαν

2218 918 2608 989 ἀμιλληθῆναι,
2638 922 2734 973 καὶ
2756 917 2859 989 τὴν
2878 918 3115 971 νικῶσαν
3131 916 3319 970 λαΰεῖν
3340 932 3354 947 ·
3384 910 3454 988 ἧς
3480 916 3576 969 καὶ
3592 913 3795 985 ἥδιστα

2215 1009 2702 1079 διαμνημονεύσω,
2733 1009 2829 1065 καὶ
2877 1008 3023 1079 ὑμᾶς
3048 1003 3147 1061 οἷδ’
3172 1008 3259 1064 ὅτι
3301 1007 3423 1078 μετ’
3459 1006 3639 1076 ὀλίγον
3682 1004 3795 1071 ἔξω

2220 1103 2645 1175 συνηδομένους.

2284 1280 2408 1337 ΛΖ⁹.
2445 1282 2610 1349 Ἐγὼ,
2645 1281 2801 1350 φησι,
2843 1279 2937 1335 τοῦ
2960 1278 3150 1337 λοιποῦ
3175 1279 3254 1351 τῷ
3276 1278 3583 1349 ἐπουρανίῳ
3612 1277 3793 1347 ἔγνων

2217 1373 2616 1444 στρατεύεσθαι
2651 1372 2879 1444 βασιλεῖ’
2911 1373 3152 1427 πέπεικα
3178 1372 3287 1443 γὰρ
3311 1371 3546 1442 ἐμαυτὸν
3572 1370 3654 1424 δτι
3682 1387 3792 1439 μη-

2213 1468 2301 1520 δὲν
2341 1467 2616 1537 ὠφελήσει
2652 1465 2963 1537 ἄνθρωπον,
3006 1467 3098 1519 ἐὰν
3130 1465 3251 1518 ὅλον
3286 1466 3378 1519 τὸν
3415 1463 3622 1528 κόσμον
3653 1477 3791 1529 κερ-

2210 1562 2372 1632 δήσῃ,
2411 1561 2504 1613 ml.
2532 1560 2783 1630 ζημιωθῇ
2822 1560 2919 1629 τὴν
2946 1557 3129 1629 ψυχὴν
3165 1556 3353 1612 αὑτοῦ.
3386 1555 3454 1609 Τί
3501 1556 3560 1609 δὲ
3606 1558 3700 1608 καὶ
3728 1554 3788 1605 τὸ

2214 1652 2305 1706 τοῦ
2346 1652 2591 1721 πολέμου
2624 1650 2820 1721 κέρδος
2852 1651 2984 1720 ἡμῖν
3018 1648 3051 1720 ἢ
3084 1650 3303 1711 πάντως
3337 1644 3461 1717 ξίφη
3500 1645 3597 1698 καὶ
3632 1644 3784 1713 φόνοι

2212 1742 2310 1796 καὶ
2358 1742 2572 1811 αἵματα
2609 1739 2701 1796 καὶ
2758 1740 2971 1809 σφαγαί
2995 1757 3010 1807 ς
3050 1739 3185 1794 Ποία
3230 1738 3287 1792 δὲ
3335 1738 3427 1792 καὶ
3472 1737 3685 1799 τούτοις
3718 1736 3783 1787 οὐ

542 1837 655 1877 non
711 1822 857 1879 inest
911 1826 1214 1893 calamitas,
1272 1836 1329 1883 et
1384 1837 1654 1899 praeterea
1713 1832 2098 1886 detrimentum

2210 1836 2474 1904 πρόσεστι
2498 1834 2754 1905 συμφορὰ
2779 1835 2876 1888 καὶ⁸
2909 1834 3133 1907 προσέτι
3166 1832 3337 1902 βλάϐη
3363 1830 3561 1903 ψυχῆς,
3610 1830 3672 1881 ἐν
3699 1822 3784 1891 οἷς

541 1912 783 1973 animae?
816 1916 877 1970 In
918 1917 1145 1985 quibus,
1196 1929 1253 1973 et
1287 1920 1382 1989 qui
1415 1922 1638 1985 cecidit.
1690 1922 1837 1993 justo
1880 1923 2105 1979 cecidit.

541 2004 683 2070 Quid
705 2007 853 2069 enim
882 2007 1086 2064 bellum
1105 2011 1472 2081 gerebatcum
1500 2014 1566 2068 iis
1588 2014 1682 2083 qui
1706 2023 1836 2069 sunt
1857 2014 2105 2090 ejusdem

538 2097 806 2165 generis?
834 2108 888 2154 ct
914 2102 1007 2171 qui
1039 2102 1321 2165 interﬁcit,
1356 2117 1440 2159 est
1464 2106 1690 2161 omnino
1726 2106 2001 2177 parricida
2048 2117 2105 2162 et

536 2190 931 2247 exsecrandus.
959 2191 1074 2249 Cur
1106 2196 1252 2249 enim
1276 2207 1505 2267 propter
1538 2198 1831 2271 pecuniam
1859 2210 1955 2253 aut
1985 2201 2105 2253 ina-

537 2296 662 2339 nem
690 2282 919 2354 gloriam
957 2293 1175 2345 tantum
1201 2287 1414 2345 facinus
1446 2306 1611 2346 ausus
1640 2299 1727 2346 cst
1780 2291 2104 2360 suscipere?

535 2373 640 2427 Sed
674 2375 862 2429 leones
894 2377 1140 2445 quidem.
1176 2394 1209 2433 ο
1238 2379 1514 2448 homines,
1550 2390 1607 2437 et
1658 2382 1837 2453 pardi,
1868 2393 1924 2437 et
1964 2383 2098 2454 lupi,

532 2467 659 2520 etsi
691 2470 823 2537 quid
855 2479 940 2523 est
995 2470 1082 2525 his
1112 2474 1411 2541 agrestius,
1473 2490 1752 2544 nunquam
1807 2490 2099 2533 commune

535 2556 685 2633 inter
722 2575 779 2615 se
813 2560 1015 2616 bellum
1067 2574 1285 2632 gerunt.
1319 2565 1488 2619 Nobis
1519 2579 1701 2621 autem
1756 2568 1959 2637 quibus
2000 2583 2101 2621 na-

537 2661 657 2707 tura
707 2651 867 2715 adest
931 2658 1320 2721 mansuetudo,
1350 2667 1406 2712 et
1457 2659 1636 2713 oratio
1668 2674 1790 2728 qua:
1840 2660 2100 2729 opprimit

531 2738 829 2808 feritatem,
885 2760 1007 2817 qua:
1058 2756 1143 2801 est
1171 2757 1372 2818 prater
1423 2749 1876 2817 naturamzquin
1930 2750 2096 2803 etiam

530 2845 713 2891 movet
764 2839 1228 2902 misericordiam.
1306 2850 1361 2897 et
1413 2858 1761 2898 communem
1837 2854 2096 2898 naturam

515 2938 751 3005 revocat
784 2931 837 2986 in
870 2928 1212 2997 memoriam,
1253 2940 1382 2989 ante
1420 2934 1606 2990 omnia
1666 2949 1817 3001 vero,
1869 2935 2094 3006 quibus,

530 3030 589 3075 ut
624 3036 801 3093 neque
836 3022 1095 3095 injuriam
1126 3024 1414 3093 faciamus,
1449 3042 1627 3097 neque
1651 3027 2096 3083 contradicamus

528 3114 775 3179 omnino,
802 3115 846 3169 si
877 3115 1037 3173 nobis
1067 3115 1161 3191 ﬁat
1212 3116 1438 3189 injuria,
1491 3128 1577 3174 est
1626 3118 1922 3174 maximum
1959 3136 2097 3191 prae-

2211 1928 2240 1981 ὃ
2270 1945 2329 1981 τε
2362 1926 2545 1981 πεσὼν
2570 1927 2796 1989 δικαίως
2816 1928 3078 1980 πέπτωκε
3107 1943 3122 1992 ;
3165 1925 3231 1978 Τί
3250 1924 3357 1993 γὰρ
3387 1922 3642 1989 ἐπολέμει
3685 1919 3782 1973 καὶ

2210 2022 2326 2086 τοῖς
2347 2020 2664 2090 ὁμογενέσιν
2686 2038 2701 2087 ;
2732 2019 2761 2072 ὃ
2787 2036 2848 2072 τε
2889 2019 2994 2089 μὴν
3020 2017 3263 2088 ἀναιρῶν
3297 2015 3623 2084 ἀνδροφόνος
3643 2012 3781 2065 πᾶν-

2209 2128 2317 2173 τως
2342 2112 2436 2166 καὶ
2459 2113 2656 2182 ἐναγής
2677 2129 2693 2179 ;
2719 2112 2786 2164 Τί
2810 2111 2920 2180 γὰρ
2944 2112 3038 2163 καὶ
3064 2110 3361 2181 χρημάτων
3382 2107 3415 2177 ἢ
3438 2105 3599 2176 δόξης
3619 2102 3781 2172 χάριν

2210 2204 2370 2273 κενῆς
2420 2203 2480 2256 τὸ
2533 2201 2789 2256 τοσοῦτον
2826 2201 3067 2273 ἐτόλμας
3112 2199 3278 2253 Ἀλλὰ
3322 2197 3539 2259 λέοντες
3584 2193 3705 2264 μὲν,
3732 2185 3781 2245 ὦ

2208 2296 2507 2368 ἄνθρωποι.
2533 2296 2627 2350 καὶ
2662 2294 2957 2366 παρδάλεις
2979 2294 3074 2347 καὶ
3107 2292 3262 2345 λύκοι
3295 2292 3390 2344 καὶ
3412 2290 3467 2343 εῖ
3489 2306 3542 2342 τι
3572 2287 3780 2342 τούτων

2207 2390 2356 2444 ἐστὶν
2395 2388 2751 2460 ἀγριώτερον,
2786 2385 2984 2440 οὔποτε
3028 2385 3216 2455 κοινὴν
3265 2383 3457 2437 ίστῶσι
3507 2381 3646 2451 πρὸς
3683 2380 3783 2434 ἁλ-

2207 2483 2402 2552 λήλους
2431 2480 2529 2552 τὴν
2563 2482 2766 2553 pitqu
2802 2481 2935 2548 ἡμῖν
2963 2477 3019 2531 δὲ
3051 2470 3134 2540 οἷς
3157 2478 3253 2529 καὶ
3288 2475 3448 2543 φύσει
3477 2475 3538 2528 τὸ
3568 2474 3781 2544 ἥμερον

2208 2577 2302 2635 καὶ
2334 2576 2492 2647 λόγος
2523 2574 2789 2643 πρόσεστι
2811 2573 2873 2626 τὸ
2899 2590 2972 2625 πα
2984 2571 3049 2646 ρὰ
3081 2569 3244 2639 φύσιν
3270 2568 3459 2639 ἄγριον
3481 2564 3783 2620 καταστέλ·

2204 2667 2333 2732 λων,
2390 2666 2524 2720 ἀλλὰ
2570 2667 2626 2720 δὲ
2678 2668 2773 2721 καὶ
2820 2660 3004 2717 οἶκτον
3041 2662 3274 2731 ἐγείρων
3310 2661 3406 2721 καὶ
3453 2658 3553 2727 τῆς
3588 2656 3779 2724 κοινῆς

2206 2759 2641 2830 ὑπομιμνήσκων
2679 2756 2921 2826 φύσεως,
2977 2755 3085 2824 πρὸ
3137 2754 3193 2807 δὲ
3240 2754 3457 2806 πάντων
3505 2746 3586 2813 οἷς
3633 2751 3775 2818 μήτε

2204 2853 2412 2906 ἀδικεῖν
2434 2851 2572 2919 μήτε
2594 2848 2896 2916 ἀντιλέγειν
2920 2847 3053 2909 ὅλως
3072 2844 3451 2915 ἀδικουμένοις
3476 2843 3510 2914 ἢ
3537 2842 3775 2911 μεγίστη

2200 2943 2311 2996 τῶν
2326 2942 2577 3008 ἐντολῶν,
2598 2942 2880 2996 καὶταῦτα
2898 2938 3127 3007 ἐγγύθεν
3144 2937 3327 3007 ἔχουσι
3343 2934 3404 2989 τὸ
3423 2934 3777 3005 παράδειγμα

2201 3034 2366 3088 αὐτὸν
2414 3035 2626 3088 ἐκεῖνον
2666 3032 2756 3086 τὸν
2802 3033 3070 3100 ἡμέτερον
3117 3027 3320 3097 δηλαδὴ
3372 3024 3676 3094 Δεσπότην,
3713 3022 3775 3082 ὃς

2202 3126 2293 3180 ἐπὶ
2318 3126 2533 3198 σφαγὴν
2564 3125 2859 3193 ἑλκόμενος
2887 3120 3174 3186 ἠκολούθει
3210 3117 3407 3191 (καίτοι
3443 3118 3609 3169 πόσον
3653 3112 3775 3167 loti

526 3198 786 3276 ceptumé
823 3207 987 3278 idque
1049 3188 1174 3264 cum
1204 3185 1378 3281 prope
1437 3210 1741 3268 habeamus
1791 3185 2093 3283 exemplar,

2204 3218 2259 3270 τὸ
2285 3185 2540 3289 διάφορον
2577 3185 2851 3269 Δεσπότου
2878 3185 2972 3268 καὶ
3000 3211 3203 3266 δούλων
3218 3185 3265 3280 ξ)
3302 3210 3422 3271 πῶς
3448 3209 3562 3278 ἔχει
3596 3206 3774 3260 ταῦτα

528 3296 683 3352 illum
740 3298 923 3383 ipsum~
957 3301 1174 3357 scilicet
1201 3312 1457 3357 nostrum
1498 3301 1814 3370 Dominum,
1845 3304 1939 3374 qui
1969 3319 2095 3357 cum

527 3391 840 3445 traheretur
895 3393 963 3446 ad
1010 3393 1237 3459 caedem,
1295 3396 1634 3465 sequebatur
1671 3395 1845 3465 (atqui
1892 3405 2096 3464 quanta

525 3493 615 3539 est
645 3482 957 3539 differentia
1018 3485 1166 3541 inter
1194 3487 1489 3542 Dominum
1521 3497 1578 3543 et
1628 3502 1847 3542 servum
1866 3486 1928 3557 ἲ),
1962 3502 2101 3557 quo-

527 3574 692 3645 modo
722 3575 838 3632 haec
879 3592 938 3632 se
975 3588 1125 3633 recte
1169 3576 1396 3645 habent,
1428 3582 1651 3657 quando
1685 3588 1742 3635 et
1763 3579 1811 3634 si
1840 3580 1957 3634 haec
1988 3594 2098 3633 non

524 3667 813 3734 faciamus,
867 3668 1070 3724 multas
1132 3670 1401 3726 habemus
1462 3671 1977 3736 remunerationes;
2044 3672 2089 3728 si

522 3759 789 3821 faciamus
843 3770 1051 3825 autem,
1102 3763 1272 3817 multa
1300 3762 1619 3834 supplicia?
1648 3763 1806 3831 Quod
1840 3765 1885 3819 si
1922 3764 2088 3817 etiam

522 3861 744 3921 oportet
778 3851 1020 3908 vicissim
1075 3852 1337 3909 invadere
1387 3869 1488 3911 eos
1524 3855 1617 3925 qui
1652 3870 1755 3910 nos
1801 3853 2090 3920 invadunt,

520 3952 742 4019 oportet
777 3944 1004 4006 omnino
1035 3960 1285 4015 magnam
1319 3960 1541 4000 manum
1597 3955 1654 4001 et
1699 3946 1969 4002 excelsam
2008 3931 2094 4000 in¥

521 4050 719 4091 vocare
756 4037 823 4091 ad
858 4052 960 4092 nos
999 4036 1379 4095 defendendos
1418 4052 1483 4093 ac
1510 4037 1874 4094 vindicandos
1909 4047 1968 4093 ut
2013 4037 2093 4093 sic

524 4143 625 4184 nos
641 4127 826 4198 potius
851 4129 1118 4185 facientes
1144 4144 1208 4184 ea
1227 4145 1349 4200 qua:
1377 4126 1759 4201 ille'prazcipit,
1794 4131 2093 4186 vehemen-

524 4216 700 4281 tiores
732 4220 918 4291 plagas
967 4221 1320 4292 imponamus
1373 4224 1634 4280 inimicis.
1692 4223 1816 4279 llaec
1864 4237 1995 4293 ergo
2046 4220 2092 4276 si

520 4314 708 4382 vultis,
769 4316 978 4383 sinite;
1013 4334 1228 4375 mecum
1281 4329 1463 4374 autem
1498 4330 1757 4385 manete;
1816 4327 1874 4379 et
1928 4319 2092 4372 Vitam

2202 3309 2404 3374 καλῶς,
2439 3309 2530 3362 ὅτε
2576 3307 2671 3361 καὶ
2722 3308 2817 3361 τοῦ
2851 3307 2935 3375 ’μὴ
2971 3303 3146 3358 ταῦτα
3196 3305 3370 3356 ποιεῖν
3408 3301 3608 3362 πολλὰς
3667 3300 3774 3363 τὰς

2200 3400 2438 3470 ἀμοιϐὰς
2465 3400 2680 3471 ἔχομεν,
2709 3399 2803 3451 καὶ
2823 3397 2917 3451 τοῦ
2941 3401 3115 3451 ποιεῖν
3144 3397 3344 3460 πολλὰς
3367 3395 3465 3459 τὰς
3484 3394 3770 3459 κολάσειςξ

2203 3492 2265 3545 Ei
2291 3491 2347 3544 δέ
2373 3508 2426 3545 τι
2456 3491 2563 3561 χρὴ
2591 3489 2684 3543 καὶ
2712 3490 2827 3552 τοῖς
2858 3486 3134 3542 ἀδικοῦσιν
3163 3484 3627 3549 ἀπεπιτὶθεσθαι,
3653 3484 3772 3536 δίον

2202 3583 2420 3645 πάντως
2441 3581 2541 3652 τὴν
2565 3580 2813 3650 μεγάλην
2844 3581 3001 3650 χεῖρα
3034 3581 3130 3633 καὶ
3149 3576 3358 3649 ὗῂλὴν
3388 3577 3467 3640 είς
3491 3576 3773 3645 ἐκδίκησιν

2201 3673 2360 3744 ήμῶν
2388 3669 2761 3731 ἐκκαλεῖσθαι,
2794 3667 2862 3720 ἶν’
2889 3667 3031 3722 οὕτω
3061 3667 3264 3738 μᾶλλον
3288 3668 3448 3737 ἡμεῖς
3475 3665 3543 3719 τὰ
3559 3665 3768 3718 ἐκείνου

2204 3763 2487 3826 ποιοῦντες
2519 3762 2880 3832 σφοδροτέραν
2914 3762 3030 3823 τοῖς
3082 3761 3295 3830 ἐχθροῖς
3323 3759 3503 3826 δῶμεν
3546 3757 3641 3811 καὶ
3673 3756 3771 3826 τὴν

2204 3857 2439 3928 πληγήν.
2458 3856 2651 3909 Τοίνυν
2681 3855 2729 3906 εί
2761 3852 3042 3923 βούλεσθε,
3063 3852 3237 3922 causa
3262 3851 3362 3921 μὲν
3381 3852 3527 3912 ἐᾶτε,
3550 3847 3769 3919 μείνατε

2201 3950 2258 4004 δὲ
2298 3949 2395 4004 σὺν
2433 3948 2579 4019 ἐμοὶ,
2613 3949 2708 4001 καὶ
2754 3947 2845 3999 τὸν
2881 3946 3022 3999 κατὰ
3063 3944 3196 3997 Θεὺν
3232 3942 3487 4013 ἑλώμεθα
3523 3940 3663 4013 βίον.
3707 3939 3771 3993 El

2198 4041 2246 4096 δ’
2292 4036 2408 4106 οὖν,
2446 4039 2678 4103 ἕκαστος
2732 4038 2832 4109 τὴν
2884 4035 3079 4091 ἑαυτοῦ
3132 4034 3488 4106 πορευέσθω’
3522 4031 3674 4087 οὐδέν
3718 4048 3769 4084 τι

2202 4134 2365 4188 πλέον
2396 4129 2839 4202 προσαναγκάσαι
2877 4125 3100 4199 Χριστῷ
3142 4128 3246 4179 κάν
3275 4125 3450 4195 τούτῳ
3480 4124 3766 4191 ἑπόμενος,

2199 4225 2258 4289 ὃς
2292 4223 2507 4281 πολλοῖς
2536 4222 2685 4292 ἡμᾶς
2722 4221 2817 4274 καὶ
2848 4218 3032 4282 ἄλλοις
3062 4218 3305 4289 τιμήσας
3336 4216 3412 4287 τῷ
3441 4213 3772 4281 αὐτεξουσίῳ

2201 4314 2403 4385 πρώτῳ
2433 4306 2721 4383 τετίμηκε.

519 4421 643 4483 qua:
666 4417 753 4463 est
774 4423 846 4475 ex
867 4409 1001 4473 Deo.
1029 4411 1317 4489 eligamus.
1351 4412 1447 4469 Sin
1477 4415 1684 4481 minus,
1709 4415 2094 4484 unusquisque
2132 4410 2276 4468 viain
2304 4426 2459 4468 suam
2487 4411 2660 4467 ineat.
2725 4411 2942 4468 Nullam
2996 4424 3099 4483 ego
3154 4406 3419 4478 majorem
3491 4402 3769 4473 imponam

522 4499 931 4564 necessitatem,
964 4499 1022 4555 in
1084 4501 1191 4558 hoc
1225 4519 1449 4574 quoque
1493 4504 1775 4562 Christum
1814 4519 2090 4576 sequens:
2129 4503 2227 4572 qui
2259 4518 2387 4559 cum
2417 4517 2522 4560 nos
2552 4502 2743 4559 multis
2766 4517 2989 4575 quoque
3047 4501 3171 4556 aliis
3236 4499 3584 4562 bonorasset,
3655 4493 3771 4564 pri-

518 4608 667 4651 mum
703 4593 999 4655 honoravit
1025 4594 1202 4653 libero
1232 4597 1487 4653 arbitrio.

588 4691 885 4751 XXXVIII.
921 4693 1049 4754 Hac
1078 4695 1186 4753 etsi
1218 4711 1330 4752 non
1365 4696 1661 4753 videantur
1687 4712 1810 4753 esse
1866 4695 2088 4753 barbari

2270 4688 2396 4752 AH'.
2447 4687 2634 4751 Ταῦτα
2668 4690 2715 4743 εί
2753 4689 2829 4761 μὴ
2863 4687 2961 4745 καὶ
2988 4686 3128 4742 κατὰ
3168 4684 3338 4756 ἄνδρα
3372 4681 3649 4757 βάρδαρον
3673 4672 3766 4749 ἦν,

516 4781 783 4843 nominis.
818 4782 865 4839 si
893 4783 1022 4853 quis
1053 4792 1233 4845 tamen
1271 4784 1611 4855 reputaverit
1655 4785 1886 4858 gratiam
1917 4782 2090 4839 divini

519 4871 785 4942 Spiritus,
825 4881 881 4927 et
915 4873 1058 4942 quod
1087 4873 1135 4929 is
1166 4874 1367 4951 dignus
1392 4884 1540 4931 esset
1585 4892 1705 4931 eam
1736 4875 1978 4957 assequi,
2005 4875 2092 4930 in-

515 4963 706 5018 veniet
737 4963 967 5019 omniuo
1019 4980 1147 5020 eum
1179 4967 1422 5035 potuisse
1481 4966 1598 5022 haec
1656 4967 1863 5030 dicere.
1916 4978 1973 5023 et
2001 4968 2088 5024 his

514 5056 841 5113 excelsiora.
896 5057 1017 5111 Mox
1052 5069 1235 5117 autem
1269 5066 1489 5114 ostensa
1512 5068 1597 5114 est
1621 5061 1787 5116 etiam
1843 5060 1926 5115 vis
1955 5076 2087 5115 sua-

517 5148 711 5202 sionis.
748 5150 972 5204 Duobus
1032 5151 1181 5204 enim
1238 5149 1511 5216 Barbaris,
1546 5152 1638 5230 qui
1698 5153 1939 5207 divinam
1988 5152 2087 5207 do-

517 5241 764 5294 ctrinam
795 5257 865 5296 ne
900 5241 1186 5298 auditione
1221 5244 1445 5313 quidem
1469 5255 1816 5317 acceperant,
1860 5261 2087 5315 persua-

516 5330 589 5383 sit
619 5338 700 5396 ut,
731 5331 989 5387 omnibus
1028 5333 1294 5399 dimissis,
1326 5335 1488 5390 simul
1539 5352 1665 5391 cum
1695 5353 1762 5392 eo
1790 5338 2041 5394 viverent
2067 5356 2082 5393 :

517 5421 641 5479 aliis
663 5438 794 5477 vero
815 5437 937 5478 cum
959 5423 1204 5481 dedisset
1225 5430 1487 5497 pecunias
1510 5444 1574 5484 ex
1602 5430 1668 5483 iis
1690 5446 1828 5501 quas
1849 5430 2086 5486 habebat

517 5523 575 5569 et
605 5530 702 5569 eos
743 5516 926 5572 valere
948 5516 1228 5592 jussisset,
1257 5520 1509 5590 permisit
1538 5532 1597 5576 ut
1627 5522 1772 5577 irent
1803 5538 1916 5594 quo
1971 5522 2088 5578 vel-

518 5607 653 5661 lent.
686 5607 782 5663 Ille
809 5617 994 5665 autem
1024 5619 1082 5667 et
1109 5612 1202 5679 qui
1233 5627 1359 5667 cum
1383 5627 1450 5669 eo
1494 5625 1674 5680 erant,
1720 5615 2085 5672 renuntiatio-

520 5700 608 5751 nis
638 5714 850 5754 sacram
893 5714 1188 5769 sequentes
1212 5706 1479 5774 regulam.
1511 5707 1758 5762 habitum
1791 5708 2087 5762 mons-lio-

521 5804 643 5850 rum
674 5794 848 5848 sancti
876 5794 1127 5849 manibus
1158 5796 1463 5867 accipiunt,
1492 5807 1546 5853 ct
1589 5798 1843 5853 Edranus
1871 5807 2085 5854 mutato

2193 4781 2311 4842 ἀλλ’
2342 4782 2396 4836 εἴ
2420 4799 2504 4840 τις
2528 4781 2626 4850 τὴν
2646 4781 2811 4854 χάριν
2834 4780 2929 4834 τοῦ
2951 4779 3096 4833 θείου
3117 4777 3434 4847 Πνεὺματος
3462 4770 3767 4842 λογισθείη,

2193 4879 2287 4932 καὶ
2321 4876 2405 4930 ὅτι
2436 4868 2592 4935 οὗτος
2621 4874 2768 4940 ἄξιος
2799 4871 3017 4941 ἐκείνης
3047 4869 3254 4940 τυχεῖν,
3288 4868 3517 4939 εὑρήσει
3548 4863 3773 4935 πάντως

2191 4971 2274 5025 ὅτι
2306 4966 2533 5030 δυνατὸς
2560 4963 2629 5038 ἦν
2657 4966 2752 5020 καὶ
2778 4965 2951 5020 ταῦτα
2985 4965 3076 5017 καὶ
3101 4964 3168 5017 τὰ
3192 4960 3400 5015 τούτων
3427 4957 3767 5030 φθέγγεσθαι

2192 5061 2527 5133 ὑψηλότερα.
2564 5060 2846 5114 Δέδεικται
2894 5058 2951 5113 δὲ
2990 5055 3188 5112 αὐτίκα
3222 5057 3315 5111 καὶ
3350 5054 3452 5123 τῆς
3503 5051 3771 5122 παραινέρ

2194 5172 2330 5217 σεως
2359 5157 2391 5224 ἡ
2427 5153 2602 5225 ἰσχύς.
2635 5152 2741 5207 Δύο
2777 5152 2888 5222 γὰρ
2919 5151 3229 5223 βαρΰάρους
3256 5149 3458 5222 κομιδῆ
3485 5145 3638 5208 θείας
3669 5146 3770 5199 ἀν-

2192 5248 2392 5316 ηκόους
2427 5245 2775 5309 διδασκαλίας
2815 5246 3001 5299 ἔπεισε
3030 5246 3249 5299 πάντων
3282 5243 3589 5321 ἀφεμένους
3621 5258 3768 5312 συμ-

2196 5340 2459 5400 ϐιοτεύειν
2491 5340 2658 5409 αὐτῷ’
2694 5342 2806 5404 τοῖς
2832 5339 3010 5405 ἄλλοις
3034 5340 3091 5392 δὲ
3111 5341 3371 5411 χρήματα
3404 5338 3512 5390 τῶν
3538 5336 3772 5408 προσόν.

2196 5451 2306 5488 των
2333 5434 2483 5505 αὑτῷ
2532 5433 2657 5497 δοὺς
2685 5434 2777 5487 καὶ
2810 5434 3308 5502 κατασπασάμενος
3349 5432 3523 5502 ἐφῆκε
3558 5428 3763 5499 πορεύ-

2198 5524 2351 5580 εσθαι
2382 5525 2504 5577 ὅποι
2542 5524 2607 5576 ἂν
2633 5522 2789 5578 αὐτοὶ
2817 5523 3366 5594 βούλοιντο.Ἑκεῖνος
3396 5521 3578 5592 μέντοι
3604 5522 3697 5574 καὶ
3715 5522 3769 5573 οι

2200 5619 2296 5671 σὺν
2319 5614 2465 5686 αὐτῷ
2486 5616 2564 5686 τῷ
2589 5616 2721 5685 ἱερῷ
2740 5619 2838 5685 τῆς
2861 5616 3143 5684 ἁποταγῆς
3167 5615 3354 5671 κανόνι
3380 5614 3771 5685 στοιχήσαντες-

2198 5710 2261 5763 τὸ
2292 5710 2476 5780 σχῆμα
2527 5709 2636 5762 τῶν
2674 5711 2927 5780 μοναχῶν
2966 5712 3083 5773 ταῖς
3117 5709 3273 5776 ἁγίου
3303 5710 3462 5779 χερσὶ
3495 5706 3767 5777 δέχονται.

2198 5802 2287 5859 καὶ
2319 5802 2476 5867 Τῖτος
2521 5802 2548 5856 ὁ
2598 5802 2859 5876 Ἕδρανος
2906 5801 3168 5873 essem;
3204 5798 3656 5873 μιτονομάζεται.
3690 5797 3767 5856 Οὐ
