4142 6384
322 292 463 355 1021

318 405 514 476 ερόνον
546 408 860 478 κοσμοῦντα
883 414 981 471 τοῦ
1022 416 1122 490 μὲν
1166 419 1331 492 ὀρθοῦ
1368 426 1779 499 προϊστάμενον
1825 432 1912 487 λό-
1949 442 1995 499 Δ
2023 454 2097 495 nu

316 502 536 596 Tomaﬁ
581 501 639 555 δὲ
682 504 790 556 τῶν
833 508 1046 564 ἐκείνου
1096 511 1388 583 δογμάτων
1421 517 1561 592 ζάλῃ
1614 520 1915 596 θερμότητι

284 591 635 679 ,πνεύματος
706 599 802 652 καὶ
855 603 1145 675 παρρησίᾳ
1206 608 1454 676 σφοδρῶς
1513 613 1912 681 ἀντιπνέοντα,

319 688 504 757 σφαγῇ
546 690 854 762 παρανόμῳ
884 693 1070 749 δοῦναι
1106 683 1451 767 βουλεύεται.
1481 702 1654 758 Τοῦτο
1683 707 1916 772 πολλοὺς

320 780 424 852 μὲν
464 779 573 832 τῶν
611 784 920 853 μοναστῶν,
952 788 1182 854 πολλοὺς
1222 791 1279 845 δὲ
1324 794 1524 864 συνῆξε
1555 798 1789 852 καὶτῶν
1826 816 1918 869 μι-

316 873 519 942 γάδων,
570 876 663 928 καί
695 877 1020 950 συνδραμὼν
1052 880 1199 938 ἆπαν
1226 885 1288 937 τὸ
1317 887 1572 958 ποίμνιον
1613 889 1791 952 ἔσωζε
1823 890 1917 947 τὸν

318 967 559 1039 ποιμένα
586 969 958 1041 διαφθαρῆναι
981 976 1388 1033 κινδυνεύοντα.
1425 980 1713 1052 Ἐκέκριτο
1738 983 1803 1053 δὴ
1823 984 1916 1038 οὖν

316 1063 411 1123 καὶ
441 1063 533 1116 τὸν
568 1063 743 1134 μέγαν
788 1069 868 1128 εἰς
899 1068 1229 1140 ἐπικουρίαν
1275 1073 1484 1140 καλεῖν,
1531 1076 1628 1131 καὶ
1656 1077 1811 1146 δηλοῖ
1841 1078 1918 1150 τῷ

318 1156 482 1226 πράῳ
517 1157 586 1211 τά
609 1157 710 1224 τῆς
739 1157 941 1229 λύττης
966 1163 994 1211 ὁ
1025 1161 1226 1230 ἱερεύς.
1270 1165 1330 1218 '0
1356 1165 1412 1219 δὲ
1444 1167 1544 1238 τὴν
1577 1173 1918 1242 κακουργίαν

319 1244 484 1314 σοφὸς
517 1247 545 1299 ὁ
585 1245 846 1315 βασιλεὺς
877 1249 1037 1304 τοῦτο
1070 1258 1233 1319 γνοὺς
1282 1256 1543 1328 γνωρίζει
1596 1259 1673 1331 τῷ
1717 1262 1918 1334 Δανιὴλ

314 1339 412 1403 καὶ
441 1339 606 1404 αὐτὸς
642 1341 831 1396 τοῦτον
861 1343 1024 1397 αὐτὸν
1074 1340 1215 1399 εἶναι
1253 1349 1456 1419 μᾶλλον
1486 1353 1579 1406 τὸν
1624 1354 1776 1425 ἱερέα
1820 1357 1918 1427 τῆς

312 1434 575 1504 τοιαύτης
604 1436 855 1507 ταραχῆς
881 1436 1079 1492 αίτιον.
1115 1439 1228 1510 Τήν
1255 1459 1315 1496 τε
1352 1443 1462 1515 γάρ
1509 1446 1688 1511 πόλιν,
1723 1450 1915 1520 φησιν,

314 1524 719 1598 έπανίστασθαί
741 1545 833 1598 μοι
864 1532 1021 1593 ποιεῖ,
1044 1531 1140 1585 καὶ
1167 1533 1227 1586 τὸ
1254 1538 1647 1606 στρατιωτικῐν
1669 1539 1919 1611 διαστρέ-

316 1636 433 1689 φει,
459 1619 552 1673 καὶ
596 1620 910 1692 σκώμματα
947 1627 1242 1694 συμφορεῖ,
1269 1629 1364 1681 καὶ
1393 1629 1596 1697 ψόγους
1621 1632 1917 1703 ἐπιτρίϐει,

315 1714 414 1768 καὶ
451 1713 664 1785 μυρίοις
709 1715 907 1785 χρῆται
952 1718 1067 1780 τοῖς
1117 1717 1239 1772 καθ’
1270 1721 1428 1791 ήμῶν
1452 1737 1466 1752 ⁸
1502 1723 1582 1791 τῷ
1611 1742 1694 1778 τοι
1725 1728 1819 1779 καὶ
1849 1715 1918 1780 δι’

316 1807 488 1877 εὐχῆς
519 1806 722 1878 μᾶλλον
757 1808 901 1863 κατὰ
942 1809 1039 1861 τοῦ
1074 1809 1379 1867 ἐπισκόπου

318 1901 657 1968 συμμαχεῖν.

318 1992 611 2065 pervertit,
644 1993 781 2050 etin
810 2012 897 2053 me
947 1997 1245 2054 maledicta
1303 2001 1574 2072 congerit,
1605 2013 1659 2059 et
1696 2007 1897 2076 probra
1941 2011 1993 2066 in

329 2091 476 2143 circa
508 2100 729 2160 oportet
756 2102 831 2158 te,
880 2094 1089 2162 aiebat,
1121 2095 1384 2165 precibus
1415 2098 1525 2155 tuis
1584 2100 1910 2172 imperatori
1950 2113 2141 2180 potius
2171 2132 2206 2172 ο

391 2184 526 2238 MB'.
569 2184 711 2240 Ἀλλ’
744 2187 987 2244 ἐνταῦθά
1040 2190 1131 2263 μοί
1184 2207 1273 2256 τις
1317 2195 1594 2251 σκοπείτω
1641 2197 1737 2252 τοῦ
1785 2201 1910 2256 Bau-

320 2277 533 2351 μαστοῦ
566 2278 768 2351 Δανιὴλ
799 2281 895 2337 καίΙ
942 2282 1005 2335 τὸ
1038 2282 1098 2337 ὲν
1130 2284 1408 2356 διακρίσει
1455 2288 1769 2357 σοφώτατον
1818 2295 1916 2348 καὶ

316 2371 383 2426 τὸ
416 2371 553 2443 πρὸς
580 2370 813 2441 Χριστοῦ
844 2374 1157 2445 παράταξιν
1183 2378 1592 2446 γενναιότατον·
1620 2374 1696 2437 ὧν
1723 2385 1784 2438 τὸ
1814 2385 1916 2456 μιν

318 2468 380 2521 δν
414 2465 490 2537 τῷ
515 2467 772 2537 φωρᾶσαι
796 2467 899 2539 τὴν
944 2471 1290 2540 κακουργίαν
1331 2471 1526 2541 ἔδειξε,
1559 2477 1621 2530 τὸ
1665 2476 1723 2532 δὲ
1750 2479 1809 2532 τὸ
1840 2479 1916 2551 μὴ

322 2556 484 2629 μόνον
510 2555 737 2627 ὑϐρίσαι
772 2555 865 2612 τὸν
906 2560 987 2622 εἰς
1016 2558 1118 2630 τὴν
1151 2560 1569 2632 ὲνανθρὼπησιν
1595 2564 1690 2618 τοῦ
1726 2564 1918 2634 ἀληθι-

321 2645 414 2701 νοῦ
444 2646 580 2701 Θεοῦ
613 2647 993 2725 ἐνυϐρίζοντα,
1028 2649 1165 2704 ἀλλὰ
1191 2652 1284 2704 καὶ
1314 2652 1382 2705 τά
1416 2652 1650 2722 μέγιστα
1678 2653 1918 2726 ἀπειλῆ-

320 2757 432 2803 σαι,
469 2739 568 2793 καὶ
591 2740 952 2810 προφητικῶς
986 2741 1137 2812 αὐτῷ
1167 2740 1529 2811 φθέγξασθαι,
1560 2746 1912 2817 Διαρρήσων,

318 2830 473 2900 φησὶ,
506 2827 790 2903 διαρρήξει
833 2829 933 2901 τὴν
964 2830 1245 2902 βασιλείαν
1280 2851 1375 2887 σου
1402 2835 1430 2888 6
1462 2835 1620 2899 Θεὸς,
1654 2842 1747 2891 καὶ
1782 2836 1917 2893 ἄλλα

320 2922 378 2977 δὲ
409 2921 623 2987 τούτοις
655 2923 976 2993 προσθεῖναι
1011 2922 1047 2979 ἃ
1093 2925 1351 2981 τοσοῦτον
1399 2923 1512 2999 εἶχε
1561 2929 1621 2982 τὸ
1652 2929 1914 2999 δάκρυον,

322 3013 418 3068 καὶ
448 3013 773 3067 καθικέσθαι
818 3015 919 3086 τῆς
970 3015 1202 3087 καρδίας
1245 3015 1478 3086 ἠδύνατο
1528 3017 1605 3082 ὡς
1655 3018 1792 3089 μηδὲ
1827 3020 1917 3073 τὸν

325 3107 453 3170 τοὺς
488 3106 685 3176 λόγους
746 3107 1160 3176 διακινούμενον
1204 3107 1293 3162 διὰ
1340 3109 1606 3180 στόματος
1647 3110 1919 3181 θαρρῆσαι

321 3197 501 3251 ταῦτα
545 3195 627 3267 τῷ
658 3193 890 3267 βασιλεῖ.
934 3196 1093 3250 Οὕτω
1142 3198 1242 3265 μὲν
1291 3193 1385 3252 οῦν
1436 3201 1646 3263 ἐκεῖνος
1676 3200 1864 3272 ἁπῄεγ
1891 3202 1920 3254 ὁ

321 3288 381 3343 δὲ
404 3287 697 3360 ἀρχιερεὺς
722 3286 924 3359 μικροῦ
959 3289 1173 3351 πάντας
1196 3288 1305 3341 τῶν
1333 3290 1654 3344 ἐπισκόπων
1676 3306 1919 3361 συναγα-

322 3380 439 3450 γὼν
482 3379 690 3433 στέλλει
724 3379 859 3450 πρὸς
892 3380 985 3432 τὸν
1019 3379 1191 3451 μέγαν
1228 3379 1321 3434 ἐπὶ
1362 3380 1463 3451 τὴν
1495 3381 1637 3453 ὑπὲρ
1676 3383 1918 3454 Χριστοῦ

328 3470 652 3541 συμμαχίαν
688 3468 1048 3541 παρακαλῶν,
1086 3470 1183 3524 καὶ⁵
1213 3470 1296 3524 ὅτι
1340 3471 1441 3541 τῆς
1488 3472 1702 3528 ἐκείνου
1746 3474 1921 3544 μόνης

324 3564 395 3619 ἂν
439 3563 529 3633 είη
559 3564 657 3617 καὶ
684 3562 930 3633 γλώττης
962 3563 1058 3615 καὶ
1097 3561 1303 3634 ἀρετῆς
1346 3563 1484 3631 πρὸς
1514 3560 1747 3617 ἔκτοπον
1778 3562 1921 3618 οὕτω

327 3657 679 3731 βλασφημίαν
714 3655 1089 3725 διαμάχεσθαι
1121 3657 1216 3711 atati.
1253 3657 1347 3711 τὸν
1380 3656 1518 3727 ὑπὲρ
1550 3656 1649 3725 τῆς
1684 3655 1921 3727 Ἐκκλη-

327 3754 447 3814 aiat;
479 3751 713 3821 πόλεμον
745 3747 1133 3815 ἀναδέξασθαι.
1188 3739 1346 3800 Οὗτοι
1385 3746 1484 3818 μὲν
1522 3741 1618 3801 οὖν
1647 3745 1919 3800 ἀπελθόν-

324 3857 415 3905 τες
449 3838 798 3911 ἀπήγγελλον
826 3839 1022 3893 ταῦτα’
1064 3836 1253 3908 ἐπειδὴ
1283 3838 1339 3892 δὲ
1364 3838 1458 3892 τοῦ
1493 3835 1689 3892 στύλον
1722 3836 1922 3890 κατελ-

324 3931 439 3986 θεῖν
471 3930 561 3984 τὸν
588 3931 861 4002 μακάριον
890 3931 1031 3999 ἄγαν
1059 3929 1210 4001 αύτῷ
1238 3929 1520 4001 δυσχερὲς,
1546 3930 1643 3984 καὶ
1671 3930 1918 3993 ἀνένευε,

322 4025 375 4079 τί
408 4025 724 4094 μηχανᾶται
775 4022 942 4077 πάλιν
988 4024 1017 4075 ό
1072 4021 1459 4092 πατριάρχης;
1505 4023 1739 4095 Κάμψαι
1785 4022 1921 4093 πρὸς

324 4133 356 4171 τ
378 4116 487 4170 .ῦτο
520 4114 846 4186 βουλόμενος
878 4113 1091 4184 πέμπει
1121 4113 1216 4167 καὶ
1247 4112 1404 4176 αὖθις
1430 4116 1555 4177 τοὺς
1582 4114 1920 4178 ἐπισκόπους

329 4209 623 4281 πενθήρεις
681 4207 832 4278 αὐτῷ
896 4207 1133 4276 φανῆναι
1200 4205 1491 4268 κελεύσας,
1552 4204 1806 4268 ιλεεινοῖς
1860 4223 1920 4260 τε

324 4300 640 4372 χρήσασθαι
670 4297 764 4351 καὶ
794 4297 976 4364 λόγοις
1007 4296 1104 4349 καὶ
1137 4296 1401 4365 σχήμασι,
1457 4294 1671 4367 δάκρυά
1701 4313 1759 4350 τε
1787 4313 1923 4367 προ-

326 4391 494 4462 χέειν,
543 4389 898 4460 ἰσχυρότατον
937 4389 1015 4449 είς
1065 4385 1238 4439 πειθὼ
1273 4386 1602 4457 φάρμακον,
1658 4388 1754 4441 καὶ
1787 4389 1921 4442 πάν-

1396 312 1585 374 VITA
1629 316 1692 379 S.
1744 319 2116 389 DANIELIS
2154 330 2522 397 STYLITE.

2004 2017 2135 2080 urit,
2164 2031 2222 2077 et
2263 2025 2537 2089 adversus

2102 449 2263 511 gatur
2290 448 2544 517 quaedam
2600 451 2927 527 blasphema
2965 471 3024 519 et
3068 462 3404 527 adulterina.
3470 473 3616 529 Aca-

2024 534 2170 634 cium
2198 548 2410 607 autem,
2439 544 2535 613 qui
2567 555 2700 604 tunc
2727 550 2916 608 sedem
2943 556 3163 615 tenebat
3216 564 3611 634 pontificalem,

2025 628 2120 696 qui
2168 638 2375 687 rectam
2433 638 2662 706 quidem
2736 643 3069 705 defendebat
3127 628 3422 723 rationem,
3464 628 3615 718 illius

2025 730 2210 816 autem
2239 724 2558 795 dogmatum
2594 742 2935 808 tempestati,
2976 746 3210 815 spiritus
3273 752 3512 816 fervore.
3555 767 3613 813 et

2026 812 2248 871 dicendi
2275 818 2534 918 libertate
2561 829 2921 889 vehementer
2944 812 3269 898 resistebat.
3285 846 3404 900 vult
3423 812 3613 918 iniqua

2028 917 2211 961 morte
2237 910 2496 972 multare.
2561 918 2677 976 Hoc
2711 939 2839 979 cum
2890 931 3095 986 multos
3125 935 3349 1003 quidem
3382 910 3615 1010 congre-

2026 1008 2208 1095 gasset
2231 1018 2299 1059 ex
2336 1005 2403 1062 iis
2425 1010 2518 1077 qui
2548 1014 2717 1070 vitam
2776 1031 2946 1090 agunt
2990 1025 3313 1095 solitariam,
3345 1041 3403 1086 et
3441 1005 3518 1087 ea;
3544 1033 3613 1089 iis

2026 1093 2122 1162 qui
2159 1097 2478 1197 promiscue
2511 1104 2708 1163 vivunt
2739 1123 2794 1167 et
2824 1118 3217 1183 communiter,
3235 1130 3293 1177 et
3322 1141 3454 1194 grex
3481 1141 3614 1181 con-

2027 1196 2295 1288 currisset
2354 1196 2671 1263 universus.
2716 1209 2957 1263 servavit
3004 1220 3305 1279 pastorem,
3392 1219 3486 1288 qui
3543 1235 3613 1275 ne

2028 1278 2257 1348 periret,
2298 1286 2558 1345 veniebat
2608 1293 2662 1348 in
2697 1278 3028 1365 periculum.
3085 1305 3381 1364 Decretum
3411 1278 3615 1370 .fuerat

2026 1385 2299 1470 magnum
2322 1394 2548 1453 quoque
2578 1387 2860 1447 Danielem
2889 1410 3090 1453 vocare
3118 1400 3174 1454 in
3207 1404 3499 1470 auxilium,
3558 1416 3615 1462 et

2026 1464 2152 1566 tiro
2185 1469 2303 1525 miti
2340 1476 2599 1535 sacerdos
2654 1482 3010 1554 imperatoris
3041 1492 3253 1549 rabiem
3314 1496 3612 1566 signiﬁcat.

2026 1553 2165 1656 tium
2218 1570 2428 1630 autem,
2456 1572 2551 1638 qui
2582 1584 2701 1629 erat
2730 1553 2953 1647 sapiens
3006 1583 3074 1639 ad
3124 1553 3606 1656 maleiacienditm,

2029 1646 2165 1750 hoc.
2181 1658 2541 1750 cognovisset
2588 1646 2912 1737 imperator,
2964 1674 3081 1745 ipse
3135 1694 3358 1750 quoque
3401 1683 3613 1739 Danieli

2029 1740 2323 1815 signiﬁcat,
2375 1751 2526 1811 hunc
2555 1757 2742 1828 ipsum
2797 1740 2999 1834 potius.
3033 1740 3379 1828 sacerdotem
3442 1775 3611 1832 fuisse

1418 1813 1537 1869 δέον
1590 1816 1671 1888 τῷ
1710 1818 1920 1889 βασιλεῖ

2309 1813 2315 1815 ν
2579 1813 2592 1828 _
2659 1813 2739 1816 μη
2797 1813 2985 1834 τη---
3033 1813 3379 1828 -.ηυνηηηυη
3442 1813 3610 1832 ,υιοσυ

2027 1847 2251 1925 causam
2310 1843 2477 1916 hujus
2533 1856 2828 1913 tumultus.
2875 1860 3012 1916 Nam
3055 1873 3110 1919 et
3143 1865 3276 1922 facit
3329 1869 3610 1925 civitatem

2017 1923 2287 2028 adversus
2354 1950 2442 1992 me
2479 1938 2791 2014 insurgere.
2832 1960 2888 2004 et
2924 1951 3132 2009 milites
3195 1960 3504 2028 corrumpit
3548 1975 3613 2016 ac

2587 2053 2676 2093 me
2728 2041 2862 2097 facit
2933 2045 3388 2106 innumerabilia.
3458 2052 3613 2120 Quo-

2208 2134 2332 2189 petn
2364 2125 2515 2185 ferre
2541 2144 2738 2190 contra
2763 2139 3110 2211 episcopum.
3213 2182 3216 2185 -

2095 2239 2263 2335 XLII.
2294 2244 2401 2304 Sed
2431 2249 2524 2308 hic
2573 2255 2711 2311 mihi
2749 2259 3065 2317 consideret
3118 2263 3342 2335 aliquis,
3370 2264 3613 2324 admira—

2021 2330 2153 2388 bilis
2188 2334 2433 2396 Dauielis
2486 2351 2542 2398 et
2566 2344 2621 2400 in
2657 2346 3027 2407 discernendo
3062 2330 3332 2411 summam
3392 2357 3613 2429 sapien-

2024 2426 2179 2495 tiam,
2204 2441 2263 2488 et
2293 2434 2350 2490 in
2377 2435 2700 2497 dimicando
2730 2430 2831 2514 pro
2859 2444 3085 2504 Christo
3145 2426 3532 2508 fortitudinem
3557 2462 3613 2508 et

2022 2524 2477 2594 generositatem.
2514 2531 2763 2599 Quorum
2816 2537 2951 2593 illud
3001 2539 3230 2611 quidem
3264 2543 3509 2601 ostendit
3554 2544 3610 2601 in

2020 2619 2493 2688 deprehendenda
2511 2627 2783 2684 maleficio
2807 2632 2947 2687 :hoe
2975 2649 3129 2699 vero,
3143 2635 3414 2705 quodnon
3434 2637 3609 2693 solum

2019 2715 2229 2783 probro
2262 2717 2517 2775 aﬂ‘ecerit
2573 2737 2701 2777 eum
2748 2724 2845 2795 qui
2878 2738 3196 2799 susceptam
3251 2745 3281 2785 a
3316 2745 3449 2785 vero
3498 2728 3613 2785 Deo

2016 2803 2423 2865 humanitatem
2455 2811 2662 2881 probro
2687 2814 2982 2883 adiciebat,
3011 2817 3110 2874 sed
3137 2818 3303 2874 etiam
3337 2819 3608 2875 maximas

2017 2903 2279 2957 minasin
2306 2919 2431 2958 eum
2466 2905 2790 2973 intenderit,
2846 2920 2902 2965 et
2952 2912 3278 2982 prophetice
3329 2912 3379 2968 ei
3412 2913 3611 2968 effatus

2016 2991 2130 3052 sit:
2161 2995 2543 3067 liisrumpens,
2580 2999 2780 3070 inquit,
2812 3001 3122 3073 disrumpet
3174 3004 3322 3060 Deus
3377 3021 3609 3076 regnum

1951 3099 1994 3158 ο
2029 3094 2207 3153 tuum,
2243 3098 2300 3144 et
2322 3090 2428 3148 alia
2461 3092 2753 3164 adiecerit,
2802 3110 2925 3165 quae
2953 3112 3049 3151 cor
3092 3098 3216 3165 ejus
3247 3113 3423 3169 usque
3470 3099 3612 3154 adeo

2031 3189 2291 3250 poterant
2321 3184 2579 3241 mordere
2621 3194 2676 3241 et
2729 3195 2976 3257 tangere,
3013 3197 3072 3243 ut
3121 3205 3222 3245 nec
3248 3189 3337 3245 ille
3362 3188 3610 3261 quidem,

2029 3270 2125 3341 qui
2163 3273 2421 3329 minister
2450 3284 2571 3330 erat
2628 3275 2851 3331 futurus
2881 3276 3202 3343 verborum,
3250 3295 3418 3335 ausus
3445 3280 3613 3336 fuerit

2030 3363 2150 3420 haec
2168 3379 2264 3419 ore
2292 3367 2617 3424 renuntiare
2661 3369 3006 3438 imperatori,
3033 3371 3128 3425 sed
3162 3388 3192 3427 a
3217 3388 3416 3444 magno
3440 3373 3614 3441 petie-

2031 3458 2127 3522 rit,
2157 3466 2218 3512 ut
2243 3459 2470 3525 litteris,
2495 3460 2676 3531 iisque
2698 3463 3024 3533 obsignatis,
3075 3464 3191 3521 haec
3238 3465 3618 3537 signiﬁcaren-

2031 3560 2123 3606 tur
2148 3552 2492 3622 imperatori.
2517 3555 2584 3609 Et
2611 3556 2690 3612 sic
2715 3555 2805 3610 ille
2828 3557 3054 3628 quidem
3082 3560 3333 3616 recessit.
3358 3559 3613 3616 Pontifex

2029 3648 2213 3695 autem
2271 3656 2396 3696 cum
2456 3659 2650 3700 omnes
2718 3645 2833 3701 fere
2905 3648 3143 3705 eximios
3229 3659 3617 3722 congregasset

2027 3734 2345 3803 episcopos,
2369 3735 2543 3791 mittit
2567 3737 2635 3791 ad
2655 3752 2913 3811 magnum
2932 3740 3239 3806 Danielem,
3260 3759 3388 3797 eum
3412 3743 3616 3799 adhor-

2030 3833 2155 3881 tans
2177 3836 2240 3881 ut
2268 3842 2429 3883 suum
2453 3815 2555 3899 pro
2586 3829 2808 3887 Christo
2864 3833 3025 3890 daret
3075 3835 3362 3899 auxilium.
3420 3837 3615 3894 dicens

2031 3919 2184 3976 illius
2209 3937 2329 3976 esse
2355 3923 2531 3978 solius
2562 3923 2763 3995 linguae
2809 3934 2866 3981 et
2894 3928 3117 3984 virtutis
3158 3929 3428 3985 adversus
3475 3931 3616 3988 adeo

2028 4013 2326 4068 absurdam
2380 4012 2703 4084 depugnare
2753 4016 3178 4088 blasphemiam.
3212 4030 3269 4076 et
3324 4022 3615 4092 suscipere

2028 4105 2238 4162 bellum
2300 4123 2399 4177 pro
2429 4108 2697 4165 Ecclesia.
2730 4110 2911 4180 Atque
2948 4113 3035 4168 isti
3088 4113 3315 4184 quidem
3355 4115 3611 4185 profecti,

2029 4199 2149 4255 haec
2183 4199 2586 4269 significarunt.
2621 4200 2893 4269 Quoniam
2924 4220 3055 4259 vero
3087 4215 3281 4260 sancto
3311 4216 3432 4263 erat
3454 4207 3614 4264 valde

2029 4293 2249 4349 difﬁcile
2284 4309 2314 4350 e
2364 4294 2618 4351 columna
2661 4293 3024 4362 descendere,
3063 4308 3120 4353 et
3155 4299 3444 4363 renuebat.
3479 4301 3613 4372 quid

2028 4402 2225 4443 rursus
2263 4388 2616 4443 machinatur
2663 4391 2998 4459 patriarcha,
3038 4392 3228 4448 volens
3286 4408 3413 4448 eum
3449 4393 3514 4448 ad
3559 4393 3612 4453 id

326 4482 481 4535 τοθεν
513 4466 754 4552 κάμψειν
785 4481 1107 4551 ἐπιχειρεῖν,
1142 4478 1408 4550 Μίμησαί
1470 4495 1582 4538 σου.
1640 4478 1920 4547 λέγοντας,

2032 4479 2298 4535 nectere?
2330 4479 2547 4536 Rursus
2601 4480 2773 4536 mittit
2806 4481 3121 4552 episcopos,
3171 4483 3376 4552 jubens
3428 4499 3525 4540 eos
3561 4484 3615 4539 ei

325 4569 422 4626 τδν
458 4572 673 4640 πρῶτον
691 4570 1014 4642 καθηγητὴν
1047 4571 1136 4625 καὶ
1171 4569 1513 4625 διδάσκαλον.
1560 4570 1650 4623 Ἐν
1680 4570 1790 4641 γὰρ
1812 4573 1922 4633 τοῖς

312 4646 468 4738 *ὑπὲρ
499 4664 740 4739 Χριστοῦ
769 4664 836 4719 τά
867 4663 1107 4735 Χριστοῦ
1141 4662 1431 4734 μιμεῖσθαι
1473 4662 1656 4718 καλόν.
1701 4664 1922 4718 Ἔκλινε

320 4748 582 4823 ’κάκεῖνος
615 4759 899 4829 οὐρανοὺς.
930 4758 1029 4811 καὶ
1077 4757 1285 4827 κατέϐη
1331 4755 1430 4827 τὴν
1473 4754 1582 4810 τῶν
1618 4754 1924 4827 ἀνθρώπων

316 4836 858 4922 ’πραγματευόμενος
890 4848 1187 4920 σωτηρίαν.
1242 4847 1308 4902 Τί
1355 4844 1449 4903 οὖν
1482 4847 1684 4902 ἄτοπον
1718 4850 1813 4904 καὶ
1863 4850 1924 4904 σὲ

330 4941 427 4997 τοῦ
464 4942 655 4995 στύλον
696 4938 829 5009 πρὸς
865 4938 1038 5011 βραχὺ
1090 4937 1397 5004 κατελθεῖν,
1434 4942 1530 4993 καὶ
1572 4937 1924 4993 κινδυνεύου-

307 5049 434 5105 ,σαν
480 5032 783 5087 ἀπολέσθαι
814 5031 1011 5110 ’σῶσαι
1059 5031 1160 5100 τὴν
1197 5031 1555 5102 Ἐκκλησίαν,
1601 5030 1741 5105 ὑπὲρ
1768 5026 1836 5106 ἧς
1865 5031 1924 5085 δν

330 5125 493 5188 αὐτὸς
539 5126 715 5195 φιλεῖς
751 5126 846 5179 καὶ
896 5123 991 5178 τοῦ
1052 5125 1180 5178 ἰδίου
1217 5123 1451 5194 αἵματος
1496 5125 1596 5177 οὐκ
1629 5125 1920 5194 ὲιρείσατος

308 5216 515 5289 ⁸Αὐτὴν
567 5235 649 5272 σοι
696 5218 851 5271 δόκει
905 5215 1250 5287 παρεστάναι
1293 5214 1392 5287 τὴν
1431 5216 1778 5288 Ἐκκλησίαν,
1830 5219 1923 5271 καὶ

329 5309 517 5379 φωνὴν
549 5309 919 5385 ἀφιέναικκαὶ
949 5311 1139 5381 χεῖρας
1171 5309 1252 5374 εἰς
1279 5307 1604 5376 ἐπικουρίαν
1635 5308 1918 5367 ἐκτείνειν.

2034 4587 2305 4644 apparere
2364 4580 2613 4635 maestos.
2646 4575 2837 4645 utique
2888 4576 3302 4632 miserabilibus
3329 4585 3384 4632 et
3431 4577 3614 4633 verbis

2034 4674 2090 4721 et
2116 4658 2373 4736 gestibus
2399 4682 2414 4728 ;
2443 4674 2498 4721 et
2522 4666 2862 4737 profundere
2894 4668 3186 4742 lacrymas,
3215 4670 3621 4725 validis~imum

2034 4755 2500 4812 medicamentum
2537 4755 2603 4810 ad
2638 4758 3079 4827 persuasionem,
3108 4769 3164 4816 et
3200 4762 3351 4815 omni
3401 4761 3618 4815 ratione

2033 4852 2225 4907 conari
2279 4867 2408 4908 eum
2444 4851 2689 4916 ﬂectere,
2752 4854 3000 4918 Imitare,
3063 4853 3335 4919 dicentes,
3373 4853 3615 4922 primum

2032 4944 2357 5014 magistrum
2385 4954 2441 4999 et
2500 4956 2920 5016 przeceptorem.
2956 4946 3011 5000 ln
3049 4947 3117 5001 iis
3148 4946 3295 4999 enim
3321 4960 3443 5014 quae
3487 4956 3620 4999 sunt

2031 5036 2285 5093 facienda
2310 5053 2412 5109 pro
2440 5037 2681 5104 Christo,
2711 5039 3002 5110 pulchrum
3049 5047 3133 5094 est
3165 5037 3448 5093 Christum
3493 5036 3619 5091 imi.

2034 5132 2157 5187 lari.
2198 5130 2502 5187 Declinavit
2547 5132 2640 5188 ille
2687 5149 2909 5204 quoque
2952 5149 2982 5188 e
3024 5132 3182 5188 caelis
3212 5140 3267 5186 et
3303 5130 3620 5195 descendit,

2032 5240 2340 5295 procurans
2371 5223 2607 5279 salutem
2667 5224 2975 5278 hominum.
3010 5222 3154 5290 Quid
3213 5238 3346 5293 ergo
3390 5220 3620 5289 absurdi

2035 5314 2223 5380 fuerit,
2257 5315 2301 5370 si
2338 5324 2393 5370 tu
2438 5331 2661 5385 quoque
2693 5314 3094 5386 aliquantisper
3147 5330 3177 5370 e
3206 5315 3467 5370 columna
3520 5311 3626 5368 de-

323 5400 635 5464 scenderis.
671 5411 729 5458 et
772 5418 894 5475 qua:
928 5400 1079 5457 venit
1114 5400 1166 5457 iu
1200 5400 1534 5478 periculum,
1592 5418 1662 5457 ne
1713 5415 1921 5474 pereat,
1963 5408 2205 5464 servaris
2235 5407 2561 5471 Ecclesiam,
2599 5424 2697 5479 pro
2727 5425 2834 5479 qua
2867 5409 2981 5479 ipse
3046 5424 3166 5464 eam
3226 5422 3420 5464 amans
3487 5422 3617 5478 pro-

322 5498 449 5568 prio
481 5514 597 5553 non
644 5499 895 5571 pepercit
962 5482 1275 5570 sanguini?
1325 5497 1593 5554 Existima
1645 5498 1743 5555 tibi
1815 5500 1990 5572 ipsam
2033 5514 2214 5560 astare
2245 5504 2575 5571 Ecclesiam,
2607 5516 2663 5561 et
2698 5521 2888 5562 vocem
2913 5505 3192 5574 emittere,
3222 5516 3278 5563 et
3306 5504 3613 5564 extendere

310 5604 522 5668 .manus
541 5590 611 5646 ad
628 5590 920 5646 auxilium.

398 5680 532 5735 ΜΓ.
564 5668 790 5747 Τούτοις
818 5682 914 5737 καὶ
963 5682 1149 5745 ἄλλοις
1177 5682 1389 5738 πλεῖοσι
1418 5687 1545 5752 τοὺς
1585 5690 1919 5755 ἐπισκόπους

312 5772 492 5842 ⁵οἷονεὶ
520 5776 932 5846 προπαιδεύσας
954 5777 982 5828 ὁ
1011 5779 1378 5851 πατριάρχης,
1400 5779 1489 5834 καὶ
1519 5780 1654 5847 ὅλως
1686 5799 1911 5861 περιπα-

2100 5689 2288 5745 XUII.
2317 5689 2451 5746 Cum
2487 5688 2573 5743 his
2600 5700 2655 5745 et
2678 5688 2802 5745 aliis
2834 5689 3090 5762 pluribus
3121 5689 3416 5761 episcopos
3449 5690 3610 5761 prius

2024 5784 2378 5842 instruxisset
2409 5783 2745 5852 patriarcha,
2783 5792 2837 5840 et
2873 5781 3100 5842 omnino
3131 5782 3493 5859 exercuisset,
3548 5790 3609 5837 ut
