4142 6384
572 350 714 419 1023

1703 344 2066 406 ADDENDA
2120 367 2190 378 -
2232 334 2664 402 DECEMBER.

3707 321 3843 387 1024

571 465 856 535 aptissime
884 463 951 517 ad
988 454 1797 519 movendammisericordiam,
1818 464 1875 509 et
1908 452 2144 508 maxime

2273 449 2486 500 νέσεατα
2511 445 2612 515 τὴν
2640 441 2861 511 αἴτησιν
2890 437 3146 493 ὑπελθεῖν
3172 431 3593 505 προγυμνάτας,
3628 429 3844 498 ἐκπέμ-

570 558 959 615 miserabiliter
1015 555 1083 610 ad
1138 552 1550 625 proponendam
1615 548 1944 604 accederent
2004 546 2145 615 peti-

575 656 824 713 tionem;
872 650 981 703 illis
1019 659 1205 703 autem
1240 642 1507 715 imperata
1549 643 1902 705 facientibus,
1947 649 2004 695 et
2052 641 2145 694 in-

570 745 726 796 ferne
757 739 1063 810 supplicum
1122 738 1232 792 ritu
1281 753 1406 791 eum
1439 736 1700 807 lacrymis
1751 732 2144 796 clamantibus,

574 834 813 904 primum
868 832 1092 901 quidem
1154 846 1218 886 ea
1259 846 1381 900 qua:
1446 828 1669 891 ﬂebant.
1727 842 1870 898 aegre
1930 825 2148 880 ferebat

574 936 823 991 sanctus,
858 934 916 981 et
943 925 1250 995 angebatur
1305 924 1507 977 animo.
1543 921 1752 976 Deinde
1782 936 1906 974 cum
1934 919 2149 973 videret

579 1018 749 1090 magis
780 1029 1216 1086 perseverantes,
1278 1025 1336 1069 et
1390 1013 1780 1069 vehementius
1834 1022 2148 1081 precantes,

576 1120 634 1164 et
660 1125 785 1163 cum
835 1106 1139 1164 miserabili
1165 1107 1409 1161 clamore
1439 1107 1649 1161 calidas
1693 1106 1961 1175 laerymas
1988 1103 2152 1158 emit-

582 1210 783 1264 tentes,
812 1200 1094 1255 nesciebat
1132 1200 1264 1271 quid
1305 1209 1493 1269 ageret
1556 1199 1645 1252 illa
1681 1198 1998 1252 misericors
2036 1195 2154 1251 ani-

584 1310 693 1358 ma,
730 1293 798 1347 ad
856 1305 1118 1362 utrasque
1168 1292 1429 1347 distracta
1483 1291 1865 1358 cogitationes.
1924 1287 2156 1353 Quando

579 1386 727 1441 enim
754 1386 824 1440 ad
851 1385 1192 1447 sacerdotes.
1228 1394 1284 1440 et
1316 1384 1384 1439 ad
1430 1383 1778 1438 sacerdotum
1839 1380 2158 1436 intuebatur

579 1480 869 1551 lar-rymas.
894 1478 1220 1534 movebatur
1244 1496 1258 1544 ;
1292 1477 1515 1547 quando
1539 1483 1721 1531 autem
1747 1474 1814 1529 ad
1844 1475 2156 1529 columnam

582 1582 638 1625 et
664 1587 761 1625 eos
793 1572 889 1640 qui
914 1582 1045 1626 sunt
1101 1571 1157 1625 in
1202 1585 1266 1625 ea
1306 1570 1544 1633 labores,
1597 1576 1653 1622 et
1700 1565 2159 1637 optabilissimam

583 1664 854 1731 quietem.
888 1671 1011 1718 erat
1060 1662 1398 1717 inﬂexibilis.
1434 1661 1527 1716 Sic
1557 1674 1691 1731 ergo
1730 1660 1875 1714 inter
1928 1673 1988 1713 se
2025 1673 2160 1713 con-

584 1754 942 1809 tendentibus
986 1754 1441 1823 cogitationibus.
1478 1763 1534 1808 et
1566 1753 1621 1806 in
1655 1750 1969 1822 aequilibrio
2022 1764 2161 1820 quo-

584 1846 880 1900 dammodo
912 1846 1125 1915 positis.
1186 1847 1384 1916 quaerit
1418 1853 1759 1900 momentum
1819 1841 2043 1912 superni
2072 1842 2164 1911 ju-

582 1940 712 1994 dicii
743 1956 759 2004 ;
789 1948 844 1995 et
900 1956 968 1996 eo
1015 1949 1196 1994 stante
1247 1939 1314 1994 ad
1363 1939 1690 1999 orationem,
1750 1953 1853 1991 vox
1910 1936 2098 1991 statim
2131 1951 2162 1991 e

585 2033 725 2087 uelo
779 2033 1015 2094 exsistit.
1050 2049 1171 2103 quae
1223 2033 1384 2102 jubet
1439 2033 1488 2087 ei
1527 2043 1586 2088 ut
1620 2041 1677 2087 et
1733 2029 2051 2093 descendat,
2108 2038 2165 2083 et

586 2138 781 2177 rursus
832 2133 1143 2178 revertatur
1192 2124 1258 2178 ad
1320 2124 1656 2179 columnam.
1711 2122 1804 2178 Sic
1853 2136 1980 2176 eum
2037 2136 2161 2176 cum

585 2216 788 2286 gaudio
827 2217 1170 2286 excipientes
1202 2216 1472 2287 episcopi,
1520 2215 1874 2271 deduxerunt
1918 2213 1986 2269 ad
2027 2229 2167 2283 pon-

588 2308 791 2363 tiﬁcem
825 2327 838 2364 :
866 2309 984 2378 qui,
1014 2308 1123 2364 dici
1159 2325 1269 2364 non
1292 2316 1495 2380 potest,
1522 2316 1728 2378 quanta
1773 2322 1968 2364 rursus
1996 2308 2166 2364 fuerit

587 2401 785 2473 plenus
822 2401 1036 2465 lzetitia,
1075 2410 1130 2456 et
1177 2409 1386 2471 quanto
1438 2417 1563 2456 eum
1624 2402 1833 2457 honore
1859 2400 2160 2471 exceperit.

591 2490 767 2558 Atque
808 2491 994 2545 statim
1036 2492 1258 2561 quidem
1320 2478 1522 2548 Christi
1556 2493 1715 2549 utiles
1748 2492 1914 2547 vertit
1967 2491 2166 2546 adver-

586 2583 819 2647 sarium,
851 2585 954 2640 etsi
1012 2588 1062 2640 ei
1096 2588 1147 2639 in
1181 2594 1537 2655 conspectum
1572 2601 1682 2640 non
1720 2585 1954 2645 venerit.
1981 2582 2166 2639 verbis

588 2686 772 2731 autem
824 2678 1025 2743 solum,
1081 2687 1339 2750 tanquam
1408 2678 1623 2735 eminus
1677 2678 1896 2734 emissis
1943 2676 2164 2748 jaculis,

592 2786 727 2825 usus
760 2771 854 2831 sit.
895 2772 1036 2826 sicut
1065 2774 1231 2827 etiam
1273 2789 1371 2842 per
1399 2788 1520 2826 eam
1555 2787 1719 2842 quam
1753 2770 1909 2842 prius
1936 2772 2167 2826 miserat

589 2864 902 2931 epistolam,
932 2881 1135 2920 novum
1166 2866 1449 2936 appellans
1479 2864 1907 2928 Diocletianum,
1936 2873 1995 2918 et
2040 2878 2164 2918 cum

592 2970 691 3024 per
725 2966 956 3026 utraque
984 2971 1111 3010 eum
1178 2956 1486 3020 terruisset,
1522 2969 1721 3026 nempe
1756 2963 1815 3011 et
1876 2955 2166 3027 praesentis

591 3046 802 3111 saeculi.
835 3056 891 3101 et
955 3048 1128 3103 l'uturi
1193 3048 1485 3118 supplicia,
1539 3056 1796 3118 tanquam
1852 3046 2165 3116 improbum

2253 558 2363 595 πει.
2393 540 2514 593 Τῶν
2548 539 2603 591 δὲ
2627 536 2699 590 τὰ
2726 533 3134 601 ἐπιτεταγμένα
3155 528 3450 583 ποιούντων
3478 525 3573 579 καὶ
3592 524 3842 578 κάτωθεν

2248 637 2308 688 ἐν
2337 631 2532 686 ίκετῶν
2564 631 2805 700 σχήματι
2833 626 2932 678 σὺν
2960 624 3225 693 δάκρυσιν
3259 618 3598 682 ἐκδοώντων,
3644 616 3709 669 τὸ
3740 616 3844 683 μὲν

2249 724 2466 796 πρῶτον
2492 727 2519 777 ὁ
2546 724 2690 781 ὅσιος
2716 719 3018 789 ἠγανάκτει
3037 718 3150 778 τοῖς
3170 713 3492 785 δρωμένοις,
3511 711 3602 764 καὶ
3628 710 3843 778 ἠνιᾶτο.

2255 818 2511 876 Ἔπειτα,
2533 813 2606 877 ὡς
2633 813 2713 864 ἔτι
2742 810 2946 880 μάλλον
2976 803 3527 877 προσκαρτεροῦντας
3548 800 3718 871 ἐώρα,
3750 807 3849 861 καὶ

2253 909 2625 979 πληθύνοντας
2651 905 2860 975 δέησιν,
2888 899 3101 971 δάκρυά
3122 917 3182 951 τε
3207 897 3387 966 θερμά
3427 896 3567 965 μετά
3593 893 3847 964 κραυγῆς

2253 1001 2481 1072 οίκτρᾶς
2523 997 2805 1068 ἀφιέντας,
2832 994 2934 1049 οὐκ
2959 990 3106 1063 εἶχεν
3131 991 3160 1045 δ
3180 1008 3232 1044 τι
3260 990 3355 1043 καὶ
3376 988 3624 1059 δράσειεν
3645 987 3681 1056 ἡ
3703 1002 3849 1053 συμο

2256 1096 2438 1166 παθὴς
2470 1093 2654 1161 ἐκείνη
2707 1089 2856 1162 ψυχὴ
2887 1086 3024 1157 πρὸς
3056 1084 3326 1154 ἑκατέρας
3378 1079 3714 1152 μεριζομὲνη
3745 1082 3848 1143 τὶις

2256 1189 2520 1251 διανοίας.
2553 1186 2727 1240 Ὅταν
2752 1184 2851 1253 μὲν
2873 1183 2983 1251 γὰρ
3015 1182 3095 1242 είς
3123 1180 3250 1238 τοὺς
3301 1175 3483 1244 ίερέας
3513 1172 3610 1226 καὶ
3633 1172 3703 1225 τὰ
3734 1171 3848 1223 τῶν

2260 1283 2456 1355 ίερέων
2498 1279 2685 1333 ἀπεῖδε
2729 1275 2943 1346 δάκρυα
2992 1271 3132 1343 πρὸς
3176 1269 3276 1340 τὴν
3309 1267 3496 1338 δέησιν
3535 1264 3845 1318 ἐπεκλᾶτο’

2256 1378 2385 1432 ὅταν
2403 1375 2457 1428 δὲ
2493 1375 2628 1442 rapo;
2651 1371 2743 1425 τὸν
2769 1369 2958 1423 στῦλον
2981 1369 3074 1421 καὶ
3097 1365 3225 1428 τοὺς
3249 1365 3307 1416 ἐν
3330 1363 3410 1434 τῷ
3435 1361 3613 1432 στύλῳ
3644 1359 3848 1422 πόνους

2261 1471 2358 1525 καὶ
2385 1469 2485 1537 τὴν
2536 1464 2903 1536 περιπόθητον
2938 1460 3193 1531 ἡσυχίαν,
3223 1457 3493 1524 ἄτεγκτος
3528 1449 3616 1523 ἦν.
3657 1450 3847 1518 Οὕτως

2261 1557 2356 1617 οῦν
2382 1559 2491 1613 τῶν
2525 1556 2805 1627 λογισμῶν
2838 1552 2985 1623 αὐτῷ
3014 1549 3339 1623 μαχομένων
3376 1548 3469 1600 καὶ
3510 1545 3699 1615 ὥσπερ
3732 1545 3848 1598 ίσο-

2265 1655 2610 1710 στατούντων
2645 1655 2746 1724 τὴν
2774 1653 2839 1705 ἐκ
2878 1651 2974 1720 τῆς
3004 1647 3213 1703 ἄνωθεν
3247 1644 3485 1715 κρίσεως
3529 1644 3715 1712 ἐζήτει
3740 1640 3848 1712 ῥῶ·

2270 1764 2378 1817 μην
2403 1764 2418 1779 ·
2476 1745 2569 1799 καὶ
2629 1744 2709 1808 είς
2752 1741 3065 1812 προσευχὴν
3120 1737 3285 1791 αὑτοῦ
3318 1737 3566 1800 στάντος,
3598 1734 3760 1797 εὐθὺς
3785 1733 3846 1799 ἐξ

2265 1838 2499 1912 ούρανοῦ
2532 1836 2686 1908 φωνὴ
2712 1836 2810 1906 τήν
2840 1852 2900 1889 τε
2924 1832 3152 1887 κάθοδον
3175 1829 3325 1900 αὐτῷ
3359 1828 3845 1900 παρακελευομένη

2267 1934 2362 1986 καὶ
2391 1933 2492 2002 τὴν
2516 1930 2652 2000 πρὸς
2683 1929 2776 1981 τὸν
2813 1926 3005 1980 στῦλον
3039 1925 3197 1979 πάλιν
3241 1921 3611 1992 ὑποστροφήν.
3658 1917 3846 1984 Οῦτως

2266 2029 2362 2083 οῦν
2390 2028 2554 2081 αὐτὸν
2579 2026 2629 2079 οἱ
2661 2025 2951 2079 ἐπίσκοποι
2979 2022 3078 2076 σὺν
3120 2021 3280 2091 ἡδονῇ
3336 2017 3593 2079 λαϐόντες
3641 2016 3721 2078 εἰς
3753 2013 3848 2067 τὸν

2272 2124 2536 2192 ίτράρχην
2563 2118 2796 2189 ἀπῆγον,
2827 2117 2929 2171 οὐκ
2953 2116 3102 2170 ἐστιν
3133 2115 3308 2168 εἰπεῖν
3349 2111 3471 2175 οἵας
3503 2109 3713 2163 ἐκείνου
3745 2108 3849 2159 πά-

2265 2216 2351 2268 λιν
2382 2214 2762 2285 πληρωθέντος
2785 2211 2887 2283 τῆς
2925 2211 3269 2280 εὐφροσύνης
3303 2207 3399 2260 καὶ
3426 2203 3548 2275 μεθ’
3575 2206 3707 2271 ὃτης
3727 2202 3853 2256 τοῦ-

2266 2324 2360 2361 τον
2384 2306 2483 2377 τῆς
2532 2305 2700 2375 τιμῆς
2754 2303 3185 2374 ὑποδεξαμένου.
3242 2300 3419 2363 Εὐθὺς
3445 2298 3543 2367 μὲν
3580 2296 3672 2351 οὖν
3695 2298 3723 2349 ό
3751 2294 3849 2350 τοῦ

2268 2398 2511 2468 Χριστοῦ
2547 2397 2888 2466 στρατιώτης
2916 2394 3109 2464 τρέπει
3135 2397 3226 2448 τδν
3249 2389 3729 2457 άντιτεταγμένον,
3752 2390 3851 2442 καὶ

2272 2490 2348 2559 μὴ
2365 2487 2559 2556 φανείς
2576 2502 2591 2517 ο
2624 2489 2736 2548 τοῖς
2749 2487 2932 2548 λόγοις
2958 2485 3015 2539 δὲ
3036 2483 3196 2554 μόνον
3219 2483 3410 2553 ὥσπερ
3429 2480 3854 2550 ἀκροϐολισμοῖς

2266 2579 2634 2653 χρησάμενος,
2662 2573 2749 2632 οἷα
2807 2578 2903 2632 καὶ
2939 2577 3011 2630 δι’
3076 2574 3370 2645 ἐπιστολῆς
3433 2574 3702 2643 πρότερον
3732 2574 3852 2625 νέον

2268 2673 2717 2742 προσαγορεύσας
2745 2669 3129 2742 Διοκλητιανὺν
3153 2668 3247 2723 καὶ
3268 2665 3336 2722 δι’
3352 2668 3555 2736 ἀμφοῖν
3581 2665 3854 2737 φοϐήσας,

2267 2767 2391 2826 ταῖς
2416 2782 2477 2818 τε
2497 2763 2593 2819 τοῦ
2616 2765 2881 2836 παρόντος
2908 2761 3105 2824 αίῶνος
3136 2760 3453 2831 τιμωρίαις,
3474 2752 3587 2811 οἶόν
3614 2774 3667 2810 τι
3688 2774 3857 2822 πονη-

2273 2858 2365 2928 ρὸν
2393 2857 2726 2928 ἀνδράποδον
2768 2857 2997 2925 φεύγειν
3031 2854 3238 2908 ἔπεισε.
3296 2853 3407 2922 Τὴν
3456 2852 3566 2920 γάρ
3617 2848 3855 2919 ἀπειλὴν

2269 2950 2476 3016 δείσας,
2519 2949 2615 3003 καὶ
2670 2950 2967 3018 ἀπόκρισιν
3010 2946 3136 3009 δοὺς
3184 2946 3261 3008 ὠς
3313 2944 3441 2999 Ἰδού
3481 2960 3562 2997 σοι
3602 2941 3697 2995 καὶ
3752 2942 3858 3008 τὴν

2271 3043 2429 3097 πόλιν
2460 3043 2776 3113 χαρίζομαι,
2807 3039 2902 3094 καὶ
2927 3039 3054 3101 τοὺς
3078 3038 3135 3091 ἐν
3158 3040 3223 3108 τῇ
3250 3036 3401 3088 πόλει
3427 3036 3664 3098 πάντας,
3689 3031 3858 3094 αὐτὸς

596 3139 951 3207 mancipium,
1012 3140 1288 3211 persuasit
1315 3149 1374 3194 ut
1422 3139 1673 3208 fugeret.
1717 3139 1987 3193 Minarum
2018 3137 2168 3193 enim

2276 3133 2585 3205 γυμνασίας
2644 3132 2922 3205 πρόφασιν
2977 3129 3087 3192 ἐξω
3144 3127 3252 3182 τῶν
3285 3125 3388 3198 τῆς
3436 3124 3644 3189 πόλεως
3688 3124 3857 3194 ὁρίων

595 3233 793 3285 timore
815 3231 1048 3286 allectus
1080 3248 1203 3286 cum
1241 3231 1618 3302 respondisset
1653 3248 1668 3286 :
1711 3229 1854 3287 Ecce
1905 3228 2001 3284 tibi
2037 3243 2172 3283 cou-

2278 3225 2498 3298 ἐχώρει.

593 3326 729 3379 cedo
763 3326 1063 3392 civitatem,
1128 3333 1186 3381 et
1219 3341 1414 3382 omnes
1464 3325 1558 3397 qui
1613 3335 1745 3382 sunt
1800 3324 1856 3379 in
1903 3339 1990 3392 ea,
2052 3324 2170 3394 ipsc
2244 3330 2513 3393 praetextu
2561 3317 2979 3378 exercitationis
3024 3315 3290 3390 processit
3350 3323 3502 3371 extra
3591 3308 3859 3365 terminos

601 3423 860 3479 civitatis.

670 3511 735 3566 Xl
764 3511 853 3567 ιν.
895 3511 1006 3567 Sed
1037 3528 1138 3568 nec
1160 3512 1239 3568 sic
1274 3511 1498 3583 quidem
1524 3528 1652 3568 eum
1682 3511 1892 3568 dimisit
1922 3513 2006 3567 vir
2052 3511 2170 3567 lor—

600 3606 868 3671 tissimus,
932 3605 1027 3659 sed
1071 3604 1397 3675 fugientem,
1458 3613 1716 3672 tanquam
1776 3604 1870 3675 qui
1915 3605 2167 3676 clypeum

599 3697 913 3767 abiecisset,
944 3696 1382 3766 persequebatur
1412 3692 1666 3761 militem,
1697 3704 1765 3751 et.
1805 3696 2178 3752 contendebat

599 3806 727 3844 eum
759 3788 1197 3858 apprehendire,
1224 3797 1285 3842 ut
1312 3798 1590 3859 argueret,
1624 3798 1681 3844 et
1707 3804 1832 3845 cum
1863 3805 1931 3845 eo
1983 3790 2178 3860 singu-

601 3882 704 3938 lari
736 3891 974 3937 certaret
1000 3881 1325 3937 certamine.
1360 3882 1465 3937 luit
1496 3897 1628 3952 ergo
1669 3882 1834 3944 viam.
1873 3896 1994 3951 quae
2046 3882 2179 3937 illuc

604 3977 838 4031 ferebat.
871 3974 1008 4028 Vide
1033 3986 1216 4031 autem
1244 3975 1377 4029 mihi
1406 3975 1584 4029 zelum
1610 3974 1847 4031 athletae.
1881 3975 2018 4029 Nam
2051 3989 2176 4029 cum

603 4069 653 4123 ei
690 4071 855 4139 pedes
880 4067 1227 4122 laborassem
1258 4067 1677 4132 exercitatione,
1712 4074 1769 4121 et
1816 4082 1924 4122 non
1954 4074 2180 4136 possent

608 4161 845 4231 ingredi,
891 4163 1241 4217 commodata
1278 4160 1480 4230 accipit
1523 4160 1660 4213 alios
1689 4164 1878 4228 pedes,
1915 4167 1971 4213 et
2007 4157 2180 4214 duce—

607 4255 771 4310 batur
830 4262 1081 4324 portatus
1147 4253 1216 4307 ab
1268 4252 1410 4307 aliis.
1473 4252 1669 4307 Fuitne
1728 4266 1859 4304 vero
1902 4251 2024 4321 ejus
2079 4250 2184 4304 iter

609 4349 773 4403 inane
802 4356 857 4401 et
881 4347 1089 4415 absque
1119 4343 1444 4399 miraculis?
1475 4344 1830 4414 Nequaquam
1868 4360 1881 4408 ;
1917 4354 1974 4397 et
2002 4343 2183 4399 liben-

606 4441 818 4494 tissime
841 4438 1063 4509 quidem
1089 4440 1335 4495 omuium
1367 4438 1773 4502 meminissem;
1802 4435 1897 4491 sed
1923 4451 2047 4490 cum
2080 4435 2184 4490 tria

2347 3504 2481 3562 MA'.
2526 3499 2668 3556 Ἀλλ’
2707 3499 2831 3554 οὐδὲ
2865 3497 3041 3560 οῦτως
3084 3496 3290 3565 ἀνῆκεν
3341 3494 3370 3546 ὁ
3408 3490 3691 3561 ἀριστεὺς,
3718 3487 3858 3542 ἀλλὰ

2277 3598 2370 3652 τὸν
2396 3594 2674 3666 δραπέτην
2726 3592 2802 3655 ὡς
2831 3589 3098 3661 ῥίψασπιν
3129 3587 3321 3640 ἐδίωκε
3359 3583 3730 3654 στρατιώτην,
3762 3580 3861 3634 καὶ

2278 3688 2463 3741 λαϐεῖν
2486 3688 2565 3748 εἰς
2599 3684 2824 3753 ἔλεγχον
2853 3679 3134 3749 ἐπεζήτει,
3162 3677 3258 3730 καὶ
3288 3676 3425 3747 πρὸς
3448 3675 3613 3729 αὐτὸν
3634 3673 3858 3744 διαμιλο

2264 3770 2514 3853 ¹ληθῆναι
2567 3778 2635 3831 τὰ
2674 3775 3006 3846 μονομάχια.
3060 3773 3330 3825 Ἀπτεται
3379 3767 3510 3838 γοῦν
3541 3768 3642 3836 τῆς
3676 3768 3862 3820 ἐκεῖσε

2262 3860 2587 3943 ’φερούσης
2615 3869 2726 3922 Καὶ
2753 3868 2856 3938 ὅρα
2887 3884 2979 3936 μοι
3011 3865 3174 3936 ζῆλον
3212 3858 3541 3931 ἀγωνιστοῦ.
3583 3859 3707 3912 Τῶν
3746 3860 3861 3930 γάρ

2283 3964 2460 4020 ποδῶν
2496 3963 2646 4031 αὐτῷ
2683 3965 2748 4032 τῇ
2784 3960 3018 4030 ἀσκήσει
3050 3955 3445 4026 πεπονηκότων
3497 3953 3594 4007 καὶ
3649 3951 3861 4005 ὁδεύειν

2283 4059 2345 4114 ού
2380 4057 2716 4127 δυναμένων,
2749 4052 3064 4123 ἀλλοτρίους
3086 4050 3393 4113 δανείζεται
3420 4046 3585 4108 πόδας
3604 4086 3620 4106 ,
3643 4044 3740 4097 καὶ
3767 4042 3862 4111 ὑφ’

2284 4150 2486 4220 ἐτέρων
2516 4148 2683 4218 ἡγετο
2714 4136 3215 4217 βασταζόμενοςῙΑ
3229 4140 3276 4211 ρ’
3294 4135 3389 4195 οῦν
3412 4141 3445 4210 ἡ
3467 4137 3662 4209 πορεία
3682 4136 3863 4206 τούτῳ

2288 4244 2422 4314 κενὴ
2460 4242 2557 4295 καὶ
2602 4240 2900 4311 θαυμάτων
2933 4236 3132 4302 ὲκτός;
3168 4233 3483 4304 Οῦμενουνο
3540 4231 3635 4283 καὶ
3667 4229 3865 4299 ἥδιστα

2291 4335 2391 4407 μὲν
2422 4334 2487 4390 ἂν
2517 4334 2611 4388 καὶ
2669 4333 2891 4386 πάντων
2953 4326 3237 4400 ἐμνήσθην
3266 4341 3283 4356 ·
3318 4324 3454 4379 ἀλλὰ
3487 4324 3656 4395 τριῶν
3690 4322 3867 4393 ἐξειρ-

2289 4429 2517 4496 γόντων,
2550 4423 2643 4478 τοῦ
2678 4426 2778 4492 τῆς
2804 4421 3115 4492 διηγήσεως
3148 4417 3381 4489 μήκους.
3421 4414 3523 4483 τῆς
3576 4411 3866 4475 ἀσθενείας

608 4534 966 4605 prohibeant,
1021 4548 1219 4603 nempe
1272 4542 1329 4588 et
1377 4531 1664 4602 prolixitas
1695 4528 2052 4589 narrationis,
2099 4527 2170 4582 di«

2289 4518 2380 4572 τοῦ
2407 4517 2591 4586 λόγου,
2619 4517 2715 4571 καί
2742 4515 2828 4569 ἵνα
2862 4515 2971 4585 μὴ(
2996 4511 3073 4581 τῷ
3092 4511 3271 4564 πάντα
3305 4508 3512 4562 ἐθέλειν
3538 4507 3716 4560 είπετν
3743 4504 3867 4559 δια·

611 4624 775 4680 cendi
802 4623 1078 4680 facultatis
1100 4624 1472 4688 imbecillitas,
1503 4631 1558 4675 et
1593 4636 1681 4682 ne,
1712 4618 1753 4673 si
1779 4617 1942 4671 velim
1999 4615 2185 4671 omnia

612 4715 819 4777 dicere,
860 4730 982 4768 cum
1020 4729 1113 4768 vos
1144 4713 1509 4774 exsatiavern,
1545 4710 1667 4764 sitis
1729 4707 2076 4761 socordiores
2129 4706 2184 4761 in

613 4810 682 4864 iis
714 4824 835 4878 quae
863 4815 991 4861 sunt
1026 4808 1322 4876 praecipua,
1358 4806 1546 4859 multis
1598 4800 2002 4873 praetermissis,
2054 4813 2187 4867 pau-

616 4917 807 4956 corum
857 4901 1184 4955 meminero.
1225 4899 1457 4964 Quidam
1517 4896 1768 4965 leprosus
1814 4891 1883 4946 ad
1942 4905 2070 4946 eum
2130 4888 2187 4944 in

619 4996 710 5051 via
742 4994 1035 5054 accedens.
1064 4991 1249 5047 emisit
1283 5004 1496 5053 vocem.
1536 5002 1700 5057 quam
1737 4986 1867 5039 olim
1897 4986 2062 5040 etiam
2117 4982 2186 5038 ad

616 5088 924 5144 Christum.
951 5083 1058 5139 nisi
1092 5082 1238 5153 quod
1269 5081 1360 5136 ille
1382 5078 1608 5151 quidem
1640 5078 1862 5141 Filium,
1887 5076 1978 5133 hic
2002 5085 2187 5131 autem

620 5195 839 5236 servum
874 5178 970 5235 Dei
1002 5178 1252 5239 vocabat.
1284 5185 1341 5231 et
1374 5174 1601 5246 rogabat
1632 5182 1691 5227 ut
1723 5173 1793 5227 ab
1816 5185 1885 5225 eo
1921 5184 2188 5239 asseque-

623 5279 781 5325 retur
817 5269 1185 5324 curationem.
1223 5266 1317 5321 Ille
1339 5281 1509 5321 vero:
1541 5264 1683 5333 Quid
1719 5262 1816 5318 tibi
1844 5262 1946 5322 vis.
1983 5261 2186 5333 inquit.

621 5361 769 5431 quod
797 5375 864 5416 eo
891 5361 1085 5415 relicto
1111 5357 1204 5430 qui
1234 5358 1348 5413 haec
1372 5364 1551 5429 potest
1572 5370 1789 5420 curare,
1816 5352 2092 5410 accessisti
2120 5351 2190 5407 ad

623 5452 926 5517 hominem,
950 5451 1043 5522 qui
1073 5463 1153 5507 est
1187 5449 1462 5506 similibus
1487 5448 1755 5507 obnoxius
1783 5442 2190 5511 all‘ectionibus,

620 5561 683 5601 ea
710 5543 1012 5614 postulans,
1035 5558 1158 5613 quae
1178 5542 1298 5613 ejus
1319 5541 1465 5596 vires
1483 5539 1782 5610 superant?
1797 5538 1997 5594 Verum
2018 5536 2194 5591 enim-

627 5654 757 5691 \ero
787 5636 831 5691 si
863 5637 1086 5707 quidem
1117 5635 1319 5698 credis.
1351 5648 1458 5689 non
1491 5633 1641 5687 illum
1671 5631 1871 5693 solum,
1903 5628 1997 5686 sed
2027 5627 2191 5684 etiam

626 5730 748 5797 ejus
778 5728 1063 5783 ministros
1098 5745 1255 5797 posse
1288 5728 1401 5781 hate
1431 5739 1660 5784 curare.
1690 5722 1799 5777 erit
1833 5720 1931 5775 tibi
1965 5736 2063 5790 per
2095 5734 2194 5774 nos

633 5835 877 5890 quoque,
907 5833 963 5877 ut
993 5820 1293 5876 credidisti.
1324 5816 1555 5873 sanatio.
1584 5814 1719 5871 Cum
1752 5821 1932 5868 autem
1961 5811 2052 5867 ille
2082 5810 2194 5867 hac

2289 4611 2470 4680 κορεῖς
2501 4610 2645 4678 ὑμᾶς
2677 4606 2903 4675 θέμενος
2937 4603 3221 4676 ῥᾳθύμους
3253 4600 3364 4673 ἔχω
3402 4601 3460 4653 ἐν
3496 4601 3607 4661 τοῖς
3638 4613 3869 4667 καιριω-

2288 4698 2347 4752 τέ
2360 4715 2492 4769 ροις,
2522 4698 2590 4750 τὰ
2625 4695 2795 4748 πολλὰ
2825 4695 3039 4762 παρεὶς,
3068 4692 3266 4760 ὀλίγων
3300 4692 3520 4760 μνήμην
3540 4687 3864 4769 ποιήσομαι.

2290 4766 2505 4860 Λενπρός
2528 4804 2612 4851 τις
2643 4785 2791 4857 αὐτῷ
2817 4785 2941 4839 καθ’
2967 4784 3087 4838 ὁδὸν
3112 4780 3428 4852 προσελθὼν
3455 4766 3632 4847 άφῆκε
3656 4776 3867 4846 φωνὴν,

2289 4884 2357 4954 ἢν
2380 4883 2474 4936 καὶ
2507 4884 2535 4936 ό
2565 4880 2734 4935 πάλαι
2766 4878 2966 4948 λεπρὸς
2995 4875 3071 4945 τῷ
3099 4873 3319 4944 Χριστῷ
3344 4888 3358 4904 ’
3396 4872 3535 4943 πλὴν
3561 4872 3685 4923 ὅσον
3716 4871 3747 4922 ό
3767 4868 3869 4937 μὲν

2293 4979 2439 5042 Υἱδν,
2464 4979 2491 5030 ό
2519 4974 2574 5029 δὲ
2602 4973 2716 5026 δοῦ)
2729 4990 2786 5026 ον
2817 4969 3003 5024 ἐκάλει
3042 4966 3202 5032 Θεοῦ,
3256 4965 3346 5019 καὶ
3370 4961 3669 5034 θεραπείας
3699 4961 3872 5013 ἐδεῖτο

2291 5072 2477 5142 τυχεῖν
2497 5085 2513 5102 ’
2552 5065 2655 5120 καὶ
2681 5065 2772 5117 τὸν
2801 5062 2976 5117 ταῦτα
2996 5059 3297 5130 δυνάμενον
3328 5054 3654 5127 θεραπεύειν
3679 5051 3875 5104 ἀπολι-

2292 5162 2414 5217 πὼν
2451 5157 2777 5232 ὁμοιοπαθεῖ
2814 5153 3125 5227 προσῆλθες
3150 5148 3424 5220 ἀνθρώπῳ
3469 5147 3580 5199 τῶν
3610 5144 3754 5214 ὑπὲρ
3784 5142 3879 5195 δύ-

2295 5272 2459 5326 ναμιν
2490 5249 2771 5315 ἅπαιτῶνς
2802 5247 2950 5319 Πλὴν
2970 5242 3086 5299 ἀλλ’
3118 5241 3173 5296 ετ
3201 5258 3255 5295 τι
3295 5237 3571 5301 πιστεύεις
3596 5238 3696 5290 οὐκ
3730 5234 3878 5288 ἐκεῖ·

2293 5366 2384 5402 νον
2414 5347 2598 5418 μόνον,
2621 5340 2756 5395 ἀλλὰ
2775 5340 2872 5394 καὶ
2902 5337 3030 5401 τοὺς
3049 5334 3215 5393 αὐτοῦ
3234 5333 3578 5404 θεράποντας
3609 5326 3875 5390 δυνατοὺς

2294 5436 2436 5494 εἶναι
2456 5437 2622 5492 ταυτὸ
2640 5433 2988 5508 θεραπεύειν,
3010 5429 3166 5484 ἔσται
3201 5443 3283 5480 σοι
3316 5426 3407 5479 καὶ
3424 5424 3492 5477 δι’
3526 5421 3686 5493 ἡμῶν
3704 5420 3876 5485 ἴασις,

2292 5532 2369 5596 ὡς
2399 5529 2794 5588 πεπίστευκας.
2840 5524 2928 5587 Ὠς
2975 5521 3034 5578 δέ
3096 5516 3305 5581 ἐκεῖνος
3352 5514 3528 5569 ταῦτά
3570 5528 3631 5567 τε
3664 5510 3879 5581 ὡμολό-

2295 5642 2382 5693 γε,
2412 5622 2507 5677 καὶ
2535 5620 2616 5675 ἔτι
2660 5617 2861 5689 μᾶλλον
2894 5614 3047 5685 ἠξίου
3076 5611 3177 5683 τὴν
3209 5610 3374 5673 τασιν,
3410 5600 3592 5669 οἶκτος
3624 5604 3742 5675 ἅμα
3777 5601 3879 5657 καὶ

2297 5714 2482 5785 θαῦμα
2516 5713 2607 5766 τὸν
2633 5711 2809 5781 μέγαν
2844 5706 3040 5778 εἰσῄει,
3071 5707 3133 5758 τὸ
3164 5701 3268 5774 μὶν
3291 5700 3427 5772 πρὸς
3453 5699 3554 5769 τὴν
3587 5696 3771 5757 νόσον,
3811 5696 3878 5748 τὸ

2298 5806 2353 5861 δὲ
2388 5803 2519 5877 πρὸς
2551 5803 2611 5858 τὸ
2641 5799 2762 5867 ζέον
2790 5800 2884 5872 τῆς
2914 5798 3185 5861 aleretur
3231 5794 3325 5849 καὶ
3372 5790 3633 5863 στραφεὶς
3667 5788 3880 5857 σημαί-
