4142 6384
299 350 450 422 1625

1387 337 1566 400 VITA
1601 335 1667 397 S.
1711 334 2086 396 DANIELlS
2106 334 2472 398 STYLITJti.

3448 336 3594 404 1026

298 483 386 519 νει
406 463 520 525 τοῖς
549 455 867 530 ιπομένοις,
901 451 1093 527 χεῖράς
1121 450 1183 506 τι
1211 449 1393 522 ατριιν
1421 450 1503 512 είς
1523 447 1780 518 οὐρανὸν,
1801 450 1891 501 καὶ

1997 446 2386 512 eontitelatur,
2418 453 2475 500 et
2506 441 2690 500 adhuc
2720 443 2893 516 magis
2923 444 3150 515 rogabat
3182 455 3238 503 ut
3270 462 3588 508 saluaretur.

298 559 536 629 δάκρυσι
589 551 650 606 τὸ
706 547 853 603 θεῖον
901 543 1273 615 ὲξιλεοῦσθαι.
1331 536 1466 595 Εἶτα
1495 539 1620 594 κατ’
1671 538 1890 593 ικιίνου

297 651 631 724 πρόσταγμα
678 645 749 715 τῇ
807 640 1055 724 θαλάσσῃ
1114 635 1178 691 τδ
1208 634 1371 703 σῶμα
1411 633 1752 703 λουσάμενος
1795 630 1893 687 καὶ

301 720 665 818 καθαρισθεὶς
700 740 781 813 (ού
804 720 1023 809 μακρὰν
1053 734 1160 805 γὰρ
1182 728 1295 804 ἦν),
1324 730 1484 802 ὑγιὴς
1502 729 1622 792 ὅλος
1653 728 1765 789 τοῖς
1789 744 1893 781 πα,-

306 842 467 915 ροῦσι
512 836 806 892 ἐδείκνυτο.
832 829 899 887 Οἳ
929 833 1022 883 καὶ
1049 826 1113 882 τδ
1140 820 1385 897 πραχθὲν
1405 823 1738 892 θεασάμενοι
1793 819 1891 874 καὶ

299 913 561 996 λαϐόντες
616 930 692 992 ὡς
733 924 849 997 εἶχε
898 924 992 977 τὴν
1041 921 1266 976 ἱαθέντα
1308 917 1541 988 γυμνὸν,
1573 916 1628 968 τί
1663 915 1763 984 μὲν
1789 913 1890 966 οὐκ

299 1029 544 1090 ἑποίουν,
575 1023 706 1077 τίδὲ
731 1022 834 1074 οὐκ
862 1018 1072 1086 ἔλεγον,
1102 1014 1154 1067 τί
1180 1013 1236 1067 δὲ
1264 1011 1366 1066 οὐκ
1393 1008 1636 1079 ἔπασχον
1660 1002 1889 1074 ;Ἐθαύ-

304 1121 500 1193 μαζον,
526 1117 717 1179 ἐϐόων,
749 1111 1028 1176 ἐδόξαζον,
1063 1106 1480 1175 ἐξεπλήττοντο.
1552 1099 1752 1154 Ἐκῐνει
1790 1097 1889 1165 μὲν

299 1217 487 1277 αὐτοῖς
545 1215 580 1283 ἡ
635 1213 821 1271 πίστις
887 1203 1025 1274 πρδς
1078 1193 1433 1271 εὐχαριστίαν
1483 1194 1584 1264 τὴν
1615 1190 1888 1258 γλῶτταν,

300 1310 489 1377 ἐπεῖχε
507 1282 708 1365 δὲίτοῦς
727 1301 921 1368 λόγους
950 1295 1013 1348 τὸ
1045 1292 1253 1361 θαῦμα,
1284 1290 1379 1343 καί⁸
1403 1286 1540 1358 πρὸς
1563 1286 1660 1355 τὴν
1692 1282 1889 1377 ἐκπλη-

299 1401 387 1466 ξιν
419 1376 672 1457 ἀφώνους
722 1392 985 1447 ἐδείκνυε.
1051 1388 1162 1441 Καὶ
1223 1382 1330 1456 μὴν
1368 1382 1465 1434 καὶ
1493 1380 1744 1447 λέγοντες
1787 1376 1890 1430 ούκ

299 1491 448 1564 εἶχον
467 1493 495 1545 ὅ
519 1508 571 1544 τι
606 1489 701 1542 καὶ
724 1483 957 1549 λέξουσι,
987 1481 1088 1544 τὴν
1116 1475 1309 1531 τούτου
1340 1473 1526 1528 πίστιν
1555 1472 1588 1542 ἢ
1612 1471 1707 1541 τὴν
1740 1469 1887 1523 ὲκεί-

300 1558 398 1635 νου
430 1580 594 1651 χᾶριν
633 1575 667 1645 ἢ
698 1572 797 1644 τὴν
856 1569 951 1624 τοῦ
1001 1566 1139 1621 Θεοῦ
1196 1565 1452 1633 δύναμιν.
1492 1560 1799 1630 Ὀφθαλμοὶ
1830 1558 1889 1613 δὲ

302 1675 522 1728 πάντων
544 1672 680 1739 πρὸς
709 1668 867 1739 μόνον
892 1664 1123 1725 ἐκεῖνον,
1144 1658 1239 1713 καὶ
1266 1658 1365 1730 μία
1390 1656 1544 1728 φωνὴ
1571 1656 1666 1708 καὶ
1690 1653 1887 1723 διήγη-

303 1784 417 1830 σις,
447 1767 475 1818 6
523 1762 723 1831 λεπρὸς
751 1774 810 1811 τε
861 1755 956 1807 καὶ
985 1754 1017 1821 ή
1058 1749 1271 1803 ἐκείνου
1305 1746 1596 1829 κάθαρσις.
1649 1744 1767 1798 Ἵνα
1790 1745 1885 1848 καὶ
1920 1792 1964 1848 Β

301 1859 549 1919 πλείονες
582 1850 685 1909 ὦσι
714 1850 807 1904 τοῦ
858 1845 1163 1917 παραδόξου
1199 1842 1499 1913 μάρτυρες,
1541 1840 1638 1892 καὶ
1672 1840 1750 1900 εἰς
1791 1837 1887 1889 τὸν

304 1955 564 2021 μέγιστον
583 1946 675 2003 τοῦ
698 1945 835 2001 Θεοῦ
862 1944 987 1999 ναὸν
1005 1936 1365 2011 ἀφικνοῦνται
1383 1935 1477 1987 καὶ
1501 1934 1593 1985 ἐπὶ
1618 1930 1887 2002 ὀκρίϐαν-

296 2064 390 2112 τος
427 2044 617 2098 ίστῶσι
636 2041 726 2095 τὸν
763 2038 933 2109 ἄνδρα
960 2032 1242 2107 παρόμοια
1263 2027 1341 2100 τῷ
1372 2026 1629 2096 Ζακχαίῳ
1663 2023 1885 2079 ποιοῦν-

297 2157 413 2204 τες.
445 2137 558 2194 Καὶ
580 2137 689 2206 γὰρ
712 2134 966 2188 κάκεῖνον
992 2131 1025 2197 ἡ
1053 2126 1238 2188 πίστις
1254 2124 1349 2177 ἐπὶ
1371 2121 1714 2192 συκομορέαν
1733 2117 1889 2172 ἀνελ-

300 2232 418 2285 θεῖν
448 2228 637 2282 ἔπεισε
660 2239 673 2253 ’
728 2224 825 2279 καὶ⁵
873 2217 1085 2281 τούτοις
1121 2215 1279 2272 αὖθις
1319 2213 1405 2283 ἐφ’
1444 2210 1650 2283 ὑψηλοῦ
1684 2210 1884 2279 στῆναι

299 2323 393 2376 τὸν
421 2321 644 2374 ῑαθέντα
699 2318 733 2389 ἠ
784 2313 945 2387 ὁμοία
971 2310 1125 2376 ζέσις
1153 2308 1248 2362 τοῦ
1302 2305 1644 2376 ῐΙνεύματος.
1683 2303 1781 2366 Τίς
1813 2302 1883 2355 τὰ

299 2416 393 2468 tati
425 2414 503 2485 τῷ
528 2410 787 2484 μακαρίῳ
811 2407 933 2460 τότε
968 2402 1240 2474 γενόμενα
1269 2397 1594 2468 διηγήσαιτο
1618 2411 1634 2460 ;

1996 538 2378 595 misericordia
2431 537 2599 593 simul
2647 546 2705 594 et
2754 538 3051 594 admiratio
3101 555 3359 612 magnum
3414 543 3591 597 subiit

1995 630 2275 686 Danielem
2308 648 2324 686 :
2354 629 2737 705 misericordia
2766 629 3014 701 quidem,
3046 641 3277 702 propter
3306 633 3586 698 morbum.

1994 726 2289 780 admiratio
2323 735 2508 781 autem
2533 769 2548 792 ,
2586 734 2815 796 propter
2849 724 3125 781 fervorem
3162 725 3327 791 fidei;
3363 736 3416 782 et
3449 744 3586 785 con-

1994 826 2212 875 versus,
2245 812 2518 881 significat
2548 811 2616 867 iis
2647 814 2743 882 qui
2773 813 3177 882 sequebantur,
3211 826 3271 869 ut
3300 830 3352 871 ei
3392 833 3587 873 manus

1996 904 2190 958 tollant
2214 903 2270 958 in
2293 904 2516 966 coelum,
2542 913 2599 960 et
2625 905 2796 959 Deum
2824 905 3042 975 placent
3069 906 3345 978 lacrymis.
3377 910 3586 963 Deinde

1993 1008 2119 1048 cum
2154 993 2303 1049 illius
2335 994 2492 1065 jussu
2529 996 2575 1050 is
2609 995 2747 1048 mari
2784 1012 2986 1065 corpus
3022 998 3268 1062 lavisset,
3299 1009 3351 1054 et
3391 999 3585 1055 fuisset

1993 1083 2292 1140 mundatus
2324 1085 2472 1157 (non
2507 1086 2700 1157 procul
2735 1087 2885 1140 enim
2920 1087 3181 1160 aberat),
3214 1099 3472 1145 ostensus
3501 1101 3588 1147 est

1994 1186 2143 1233 tatus
2168 1194 2338 1233 sanus
2361 1180 2432 1234 iis
2462 1180 2554 1248 qui
2583 1179 2834 1234 aderant.
2863 1179 2966 1246 Qui
3001 1196 3126 1234 cum
3157 1182 3501 1249 aspexissent
3529 1182 3584 1235 id

1992 1271 2138 1342 quod
2185 1272 2390 1328 factum
2439 1272 2640 1336 fuerat,
2683 1282 2739 1327 et
2783 1272 2993 1326 nudum
3039 1274 3383 1342 accepissent
3430 1289 3582 1340 eum,

1992 1367 2086 1433 qui
2124 1363 2303 1419 fuerat
2337 1375 2598 1427 curatus,
2633 1365 2767 1435 quid
2804 1380 2914 1420 non
2950 1365 3269 1420 faciebant?
3302 1366 3434 1436 quid
3474 1383 3582 1422 non

1991 1456 2288 1512 dicebant?
2321 1475 2432 1528 quo
2466 1474 2575 1512 non
2611 1459 2781 1512 animi
2822 1468 2974 1513 motu
3011 1457 3439 1515 adiciebantur?
3468 1461 3582 1516 Ad.

1992 1552 2359 1614 mirabantur,
2391 1550 2738 1616 clamabant,
2773 1551 3191 1621 glorilirabant,
3224 1554 3584 1623 obstupesce-

1993 1642 2145 1699 bant.
2178 1643 2433 1698 Movebat
2463 1642 2685 1713 quidem
2722 1643 2858 1698 fides
2890 1643 2974 1698 eis
3010 1644 3248 1715 linguam
3278 1646 3343 1699 ad
3375 1645 3585 1716 gratia-

1992 1752 2114 1790 rum
2144 1737 2455 1802 actionem;
2490 1736 2658 1790 verba
2690 1746 2874 1789 autem
2905 1736 3217 1793 sustinebat
3248 1738 3579 1805 admiratio,

1994 1838 2049 1884 et
2088 1828 2362 1885 elliciebat
2384 1869 2398 1895 ,
2434 1842 2494 1885 ut
2529 1844 2637 1900 prae
2671 1839 2897 1898 stupore
2932 1829 3399 1887 obmuteseerent.
3436 1833 3583 1899 Quin

1994 1924 2162 1980 etiam
2192 1924 2464 1988 dicentes,
2494 1922 2813 1977 nesciebant
2843 1923 3107 1993 quidnam
3138 1924 3341 1980 dicturi
3372 1937 3584 1991 essent,

1994 2018 2229 2090 hujusne
2260 2017 2446 2081 ﬁdem,
2475 2033 2543 2070 an
2574 2017 2724 2071 illius
2751 2019 3006 2087 gratiam,
3032 2034 3100 2072 an
3131 2019 3227 2073 Dei
3250 2023 3581 2089 potentiam.

1992 2111 2152 2168 Oculi
2188 2123 2375 2166 autem
2411 2110 2659 2164 omnium
2697 2110 2753 2165 in
2792 2109 2943 2165 illum
2984 2111 3163 2167 solum
3198 2122 3364 2167 erant
3396 2116 3585 2184 conje-

1989 2207 2065 2260 cti
2085 2248 2099 2269 ,
2131 2220 2345 2274 voxque
2377 2219 2485 2258 una
2517 2211 2637 2258 erat
2668 2212 2722 2256 et
2754 2204 3031 2270 narratio,
3063 2204 3318 2275 leprosos
3350 2217 3405 2260 et
3435 2207 3585 2265 illius

1989 2296 2300 2353 mundatio.
2340 2294 2411 2352 Ut
2450 2310 2583 2365 ergo
2625 2304 2814 2350 essent
2852 2296 3039 2364 plures
3082 2306 3249 2353 testes
3290 2299 3459 2371 hujus
3501 2301 3581 2354 rei

1990 2388 2359 2454 admirabilis,
2387 2389 2618 2442 veniunt
2649 2386 2717 2441 ad
2752 2389 3050 2445 maximum
3081 2389 3178 2443 Dei
3213 2393 3501 2459 templum,
3525 2401 3583 2447 et

299 2479 488 2563 virum-
526 2479 697 2561 illum
721 2479 779 2557 in
819 2507 1076 2571 suggesto
1112 2502 1385 2557 statuunt,
1427 2490 1694 2545 facientes
1736 2487 1884 2543 sicut
1923 2487 2208 2543 Zachacus.
2232 2482 2368 2536 Nam
2398 2479 2476 2534 illi
2502 2496 2723 2550 quoque
2753 2483 3030 2552 persuasit
3057 2481 3213 2543 ﬁdes.
3274 2493 3331 2539 ut
3390 2499 3583 2539 ascen-

299 2608 455 2663 deret
483 2617 854 2676 sycomorum,
886 2607 940 2653 et
970 2597 1060 2651 bis
1090 2607 1310 2657 rursus,
1344 2598 1406 2644 ut
1438 2589 1492 2643 in
1525 2587 1637 2642 alto
1668 2594 1978 2639 statuerent
2008 2598 2134 2638 eum
2165 2579 2259 2650 qui
2294 2588 2519 2634 curatus
2589 2578 2798 2646 fuerat,
2869 2582 3142 2648 persuasit
3209 2582 3406 2640 similis
3473 2584 3575 2640 fet"

297 2718 399 2759 τοι·
449 2700 700 2771 spiritus.
752 2693 925 2762 Quis,
980 2706 1103 2763 qum
1151 2697 1285 2743 tunc
1335 2693 1563 2756 prepter
1612 2698 1874 2752 magnum
1916 2678 2199 2735 Danielem
2232 2675 2457 2738 fiebant,
2489 2676 2834 2730 narraverit?

368 2798 503 2856 ME’.
545 2796 883 2869 Συῤῥέουσιν
941 2790 1028 2844 ἐπ’
1069 2787 1235 2842 αὐτὸν
1282 2784 1464 2851 ὀλίγου
1513 2781 1623 2834 δεῖν
1665 2781 1816 2831 πᾶσι
1850 2778 1883 2844 ἡ

297 2895 481 2957 πόλις.
513 2892 563 2944 οἱ
590 2868 688 2960 μὲν
709 2884 995 2946 νοσοῦντες
1028 2878 1215 2949 ἐφέσει
1250 2879 1348 2944 τῆς
1372 2872 1693 2944 θεραπείας,
1724 2868 1889 2938 ἐγγύ-

2057 2773 2220 2831 XLV.
2273 2773 2518 2829 Conﬂuit
2569 2771 2637 2826 ad
2689 2787 2816 2826 eum
2870 2773 3127 2828 universa
3178 2772 3291 2828 fere
3342 2773 3575 2838 civitas,

1984 2877 2317 2938 aegrotantes
2398 2865 2625 2936 quidem
2689 2864 2969 2919 desiderio
3017 2866 3358 2931 sanationis,
3406 2884 3577 2936 prope

298 2989 392 3042 θεν
416 2957 635 3056 ἔχοντες
662 2981 723 3034 τὸ
749 2977 1125 3048 παράδειγμα,
1154 2971 1246 3024 τὸν
1271 2968 1489 3023 ἰαθέντα
1521 2964 1807 3037 λεπρὸνιιοὶ
1830 2962 1885 3015 δὲ

1994 2961 2256 3015 habentes
2296 2958 2603 3028 exemplar,
2638 2957 2922 3025 leprosum
2961 2959 3056 3027 qui
3100 2957 3281 3013 fuerat
3315 2968 3575 3023 curatus;

298 3077 637 3148 ὑγιαίνοντες
694 3073 825 3126 ἰδεῖν
871 3086 932 3122 τε
966 3067 1095 3128 τοὺς
1128 3060 1603 3131 θεραπευομένους
1664 3058 1758 3109 καὶ
1785 3057 1885 3126 τῆς

1985 3052 2105 3108 sani
2152 3058 2376 3115 autem,
2427 3059 2486 3103 ut
2532 3049 2783 3103 viderent
2825 3063 2922 3103 eos
2968 3050 3063 3120 qui
3115 3050 3478 3112 curabantur,
3519 3060 3577 3104 et

297 3141 410 3226 των
439 3170 735 3237 θαυμάτων
782 3162 913 3225 θέας
952 3160 1027 3231 μὴ
1056 3155 1383 3227 ἀμοιρῆσαι.
1421 3152 1482 3205 Ἃ
1513 3151 1571 3204 δὲ
1598 3148 1883 3248 ἠκολούθει

1994 3143 2305 3214 spectaculo
2343 3141 2736 3197 miraculorum
2775 3141 2999 3196 minime
3035 3142 3410 3211 privarentur.
3444 3142 3579 3210 Quae

297 3266 368 3334 τῇ
387 3262 567 3314 πίστει
586 3258 691 3310 τῶν
714 3253 1050 3326 προσιόντων
1070 3248 1326 3315 θαύματα
1347 3247 1443 3296 καὶ
1464 3243 1625 3311 λόγου
1651 3241 1882 3311 κρείττω

298 3332 400 3410 καὶ
430 3353 622 3420 ἀκοῆς,
668 3346 821 3402 Ἐπεὶ
852 3345 908 3400 δὲ
941 3343 1038 3397 καὶ
1067 3339 1342 3410 λαμπρῶς
1370 3337 1514 3392 οὕτω
1549 3332 1873 3403 προπεμπό-

296 3464 464 3518 μενος
493 3446 523 3498 6
572 3442 749 3514 μέγας
781 3438 908 3494 ἔνθα
955 3436 1020 3507 δὴ
1054 3435 1149 3489 καὶ
1177 3435 1205 3489 6
1239 3430 1499 3503 βασιλεὺς
1544 3423 1615 3501 ἦν
1655 3428 1885 3495 ἔγγιστα

298 3540 412 3594 τῶν
461 3537 557 3591 τοῦ
612 3532 877 3600 Ἐεδὸμου
928 3529 1249 3598 ἀνακτόρων
1313 3525 1556 3592 ἐγένετο,
1597 3523 1739 3592 ἀνήρ
1798 3536 1884 3583 τις

300 3627 501 3690 Γότθος
526 3627 589 3680 τὸ
627 3625 780 3693 γένος
809 3621 897 3675 διὰ
926 3620 1145 3691 θυρίδος
1188 3615 1479 3687 προκύψας
1502 3612 1733 3675 ἄνωθεν,
1793 3612 1887 3665 κοιλ⁸

300 3721 450 3776 οὕτω
477 3718 569 3772 τὸν
602 3718 748 3771 ὅσιον
792 3713 916 3768 ἰδὼν
954 3709 1423 3783 προπεμπόμενόν
1456 3723 1516 3758 τε
1553 3706 1649 3758 καὶ
1677 3703 1884 3775 βαστα-

302 3813 533 3884 ζόμενον
567 3810 648 3872 εἰς
677 3806 952 3879 μαλακίαν
1000 3803 1165 3857 αὐτόν
1203 3799 1563 3855 ἀποσκώπτει
1600 3798 1695 3850 καὶ⁹
1728 3799 1888 3867 εἰρω-

302 3906 473 3969 νικῶς
499 3902 932 3971 ἁποφθὲγγεταυ
963 3895 1118 3959 Ἰδοὺ,
1138 3893 1296 3964 φησὶ,
1329 3892 1428 3947 καλ¹
1452 3893 1479 3945 6
1506 3890 1622 3953 νέος
1653 3888 1881 3952 ῦπατος.

305 3998 495 4053 Ταῦτα
541 3997 683 4066 ἔφη,
738 3994 832 4047 xei.
879 3990 1043 4052 εὐθὺς
1099 3985 1358 4043 ἀπώνατο
1414 3981 1509 4036 τοῦ
1540 3981 1885 4052 ληρήματος.

304 4088 673 4162 Κατενεχθεὶς
714 4088 817 4158 γὰρ
880 4082 1091 4138 ἐκεῖθεν
1140 4079 1337 4150 νεκρὸς
1390 4075 1486 4130 ἐπὶ
1540 4074 1646 4145 γῆς
1685 4073 1885 4129 ἔκειτο.

316 4186 519 4257 Ὀρῶσι
575 4184 637 4236 τὸ
670 4178 889 4251 γεγονὸς
933 4178 984 4229 oi
1040 4171 1532 4243 σωματοφύλακες,
1577 4166 1677 4220 καὶ
1710 4165 1890 4238 λύπης

305 4277 423 4348 ἃμα
458 4274 555 4330 καὶ
579 4272 759 4345 ὀργῆς
801 4267 1210 4341 πληρωθέντες,
1265 4262 1440 4322 ἄλλως
1474 4277 1535 4313 τε
1565 4259 1623 4313 δὲ
1655 4258 1748 4311 καὶ
1778 4257 1888 4310 δέει

305 4367 742 4442 περιληφθέντες
782 4364 915 4435 μήτι
966 4361 1058 4414 καὶ
1101 4359 1290 4428 ἔτερος
1318 4355 1429 4408 τῶν
1462 4353 1589 4422 περὶ
1621 4353 1820 4442 αὐτοῦς
1853 4348 1887 4419 ἢ

304 4441 469 4524 αὐτὸς
503 4457 757 4531 βασιλεὺς
787 4452 973 4525 ὅμοιόν
997 4468 1049 4504 τι
1078 4448 1215 4514 πρὸς
1249 4446 1341 4500 τὸν
1371 4443 1544 4515 μέγαν
1568 4441 1893 4511 παραφθεγ-

309 4554 544 4622 ξάμενος

302 4648 457 4701 ὃσιον
511 4644 758 4715 χωρῆσαι
812 4638 923 4693 τῶν
991 4635 1304 4708 βασιλείων.
1377 4631 1468 4695 Ὠς
1499 4629 1554 4684 δὲ
1587 4628 1685 4683 καὶ
1722 4625 1893 4680 πολλὰ

308 4737 673 4809 πειρωμένων
719 4730 827 4786 τῶν
861 4731 958 4784 σὺν
1005 4727 1156 4796 αύτῷ
1207 4723 1566 4796 παρεισδῦναι
1593 4759 1607 4786 ,
1648 4719 1824 4781 ἄλλως
1860 4719 1895 4788 ἡ

306 4830 531 4900 δχλησις
579 4822 671 4896 ἦν,
709 4827 832 4877 τότε
890 4822 986 4874 καὶ
1038 4820 1133 4873 τθιν
1189 4815 1468 4885 κονιορτόν
1522 4808 1897 4881 εύαγγελικῶς

306 4920 742 4986 ἀποτινάξασθαι
782 4915 889 4970 τῶν
922 4912 1098 4967 ποδῶν
1137 4912 1267 4972 τοῦς
1314 4906 1445 4977 περὶ
1480 4903 1644 4958 αὐτὸν
1675 4906 1702 4956 6
1750 4903 1898 4964 ὅσιος

309 5009 669 5079 παραινέσας,
706 5004 800 5058 καὶ
829 5001 993 5063 αὐτὸς
1024 4998 1242 5071 πρῶτος
1296 4994 1456 5050 τοῦτο
1488 4993 1722 5063 ποιήσας
1773 4990 1898 5045 ἀνέ-

312 5118 569 5173 στρερεν.
618 5100 694 5154 Ού
747 5101 854 5168 μὴν
904 5094 1026 5147 οὐδὲ
1056 5094 1173 5145 τότε
1208 5090 1396 5153 κενός’
1433 5087 1623 5157 συχνοὶ
1653 5087 1764 5154 γὰρ
1790 5084 1899 5136 τῶν

313 5195 665 5268 στρατιωτῶν
698 5191 789 5245 καὶ
822 5190 980 5260 μόνον
1006 5188 1097 5239 ἐπὶ
1136 5183 1311 5257 βραχὺ
1345 5182 1581 5251 φανέντα
1616 5178 1708 5231 τοῦ
1735 5179 1902 5244 ἀγγε-

311 5267 467 5344 λικοῦ
495 5286 700 5356 τρόπου
733 5286 829 5335 καὶ
857 5280 1137 5349 σχήματος
1160 5273 1526 5337 ἐκπλαγέντες
1555 5270 1717 5323 αὑτὸν
1737 5267 1899 5330 εὐθὺς

312 5380 389 5444 ὡς
459 5374 609 5449 εἶχον
669 5373 1016 5428 συνείποντο.
1090 5364 1282 5437 Ἀπῄει
1338 5362 1437 5434 μὲν
1472 5359 1616 5413 οὖεω
1673 5360 1771 5432 τὴν
1806 5358 1899 5411 ἐπὶ

314 5472 590 5535 Βύζαντος
622 5470 650 5522 6
671 5465 762 5519 τοῦ
791 5460 924 5516 Θεοῦ
954 5459 1261 5530 ἅνθρωπος.

386 5562 539 5631 Μεῖν.
584 5563 644 5613 Ὀ
670 5560 727 5612 δὲ
763 5555 983 5628 κρατῶν
1033 5548 1380 5622 δυσωπηθεὶς
1418 5547 1605 5615 ὥσπερ
1648 5547 1749 5618 τὴν
1806 5543 1901 5599 τοῦ

314 5655 510 5724 ἀνδρὸς
542 5650 768 5721 ἀρετὴν,
794 5649 888 5702 καὶ
917 5646 1102 5708 δείσας
1136 5644 1211 5713 μή
1251 5658 1304 5694 τι
1339 5640 1435 5693 καὶ
1468 5637 1619 5710 αύτῴ
1665 5637 1901 5709 χαλεπὸν

315 5745 536 5802 ιπέλθοι
579 5742 664 5796 διὰ
702 5743 801 5811 τὴν
845 5738 982 5809 πρὸς
1033 5738 1242 5790 ἐκεῖνον
1296 5731 1622 5802 ὑπεροψίανν
1679 5728 1902 5798 πέμψας

312 5839 585 5906 inﬁxo;
638 5831 981 5906 ὑποστρέψαι
1015 5824 1353 5903 παρακαλεῖι
1418 5821 1477 5877 '0
1518 5822 1573 5875 δὲ

1236 5912 1255 5921 4
1290 5908 1459 5922 ὀν’-’νη
1503 5906 1614 5917 ty,»—

1986 3252 2119 3290 vero
2164 3250 2359 3292 eorum
2406 3235 2501 3306 qui
2556 3233 2928 3301 accedebant,
2981 3233 3147 3289 fidem
3198 3237 3576 3306 sequebantur

1985 3328 2276 3392 miracula.
2323 3337 2455 3382 sunt
2504 3326 2732 3397 majora,
2778 3342 2942 3397 quam
2994 3336 3054 3381 ut
3103 3327 3290 3382 verbis
3337 3328 3573 3397 exprimi

1988 3421 2237 3491 possint,
2270 3429 2325 3475 et
2361 3418 2591 3477 auribus
2622 3418 2852 3488 percipi.
2886 3418 3024 3474 Cum
3058 3428 3242 3474 autem
3276 3420 3359 3475 sic
3387 3420 3576 3490 splen-

1988 3512 2118 3568 dide
2162 3513 2460 3568 comitatus
2504 3527 2735 3582 magnus
2784 3510 2876 3566 ille
2918 3512 3112 3566 Daniel
3152 3512 3221 3569 ad
3265 3511 3474 3575 locum,
3519 3513 3577 3568 in

1988 3619 2100 3673 quo
2127 3615 2247 3658 erat
2278 3604 2602 3673 imperator,
2630 3603 2736 3657 fuit
2764 3616 2936 3672 prope
2963 3601 3164 3672 palatia
3195 3600 3463 3671 Septimi,
3490 3603 3579 3656 vir

1988 3695 2211 3766 quidam
2256 3694 2494 3750 Gottbus
2534 3709 2771 3765 genere,
2815 3694 3056 3764 desuper
3095 3695 3440 3764 prospiciens
3478 3710 3580 3766 per

1989 3789 2310 3851 fenestram,
2338 3805 2463 3846 cum
2493 3797 2745 3842 sanctum
2774 3787 3003 3843 vidisset
3029 3789 3111 3843 sic
3139 3788 3336 3843 deduci
3366 3797 3419 3845 et
3449 3806 3583 3859 por-

1991 3880 2128 3944 tari,
2164 3882 2285 3951 ejus
2320 3878 2515 3934 irridet
2554 3879 2876 3945 mollitiem,
2910 3889 2967 3933 et
3001 3880 3211 3934 ironice
3243 3880 3529 3948 eloquitur
3560 3896 3577 3936 :

1989 3971 2168 4047 Ecce,
2208 3970 2426 4039 inquit,
2462 3983 2641 4022 novus
2676 3968 2895 4024 consul.
2932 3966 3060 4022 Haec
3095 3968 3268 4032 dixit,
3303 3976 3359 4022 et
3393 3969 3579 4023 statim

1991 4065 2206 4132 accepit
2240 4063 2479 4118 fructum
2511 4077 2733 4117 suarum
2770 4075 3078 4130 nugarum;
3115 4062 3268 4114 illinc
3299 4063 3443 4115 enim
3481 4061 3581 4115 dc-

1995 4156 2286 4219 turbatus,
2324 4154 2475 4208 humi
2509 4153 2730 4224 iacebat
2764 4161 3038 4207 mortuus.
3076 4152 3277 4206 Vident
3311 4154 3455 4222 quod
3495 4153 3581 4206 fa-

1993 4262 2143 4306 ctum
2185 4249 2367 4304 fuerat
2407 4247 2695 4312 satellites,
2739 4254 2796 4300 et
2834 4245 3023 4300 dolore
3066 4245 3230 4301 simul
3269 4254 3327 4301 et
3367 4246 3449 4300 ira
3491 4262 3583 4301 rc-

1994 4342 2159 4414 pleti,
2195 4352 2251 4396 et
2283 4338 2493 4409 alioqui
2557 4339 2758 4394 timore
2792 4337 3069 4407 correpti,
3107 4351 3179 4392 ne
3215 4337 3300 4393 vel
3335 4338 3480 4393 alius
3514 4353 3583 4393 ex

1994 4434 2141 4498 suis,
2180 4434 2267 4488 vel
2301 4434 2415 4503 ipse
2451 4433 2753 4501 imperator
2787 4430 2966 4486 simile
3000 4428 3132 4499 quid
3169 4428 3435 4484 adversus
3470 4444 3585 4483 ma-

592 4551 707 4613 τοῐς
738 4543 923 4613 καύτοῦ
974 4542 1298 4613 περιπέσοι,
1332 4538 1434 4591 οὐκ
1465 4536 1592 4589 εἴων
1625 4534 1756 4586 εῐσω
1797 4530 1890 4584 τὸν

1996 4541 2161 4597 gnum
2195 4525 2349 4579 illum
2378 4525 2618 4587 locutus,
2656 4523 2711 4577 in
2739 4522 2931 4577 eadem
2966 4521 3257 4585 incideret,
3290 4538 3401 4577 non
3433 4523 3586 4577 sinc-

1997 4620 2131 4674 bant
2178 4628 2432 4673 sanctum
2482 4615 2694 4686 ingredi
2739 4614 2966 4686 regiam.
3012 4613 3150 4669 Cum
3197 4629 3329 4669 vero
3377 4614 3442 4668 iis
3486 4615 3579 4685 qui

1997 4726 2123 4766 eum
2157 4726 2224 4766 eo
2258 4718 2414 4766 erant
2436 4749 2452 4773 ,
2488 4710 2821 4765 conantibus
2857 4706 3069 4778 ingredi
3094 4748 3108 4768 ,
3145 4705 3353 4775 alioqui
3388 4721 3581 4775 magna

1996 4814 2119 4860 erat
2149 4802 2514 4873 perturbatio,
2548 4811 2680 4856 tunc
2708 4814 2834 4855 eum
2862 4797 3183 4868 evangelice
3216 4799 3415 4862 pedum
3451 4811 3583 4850 suo-

1998 4914 2124 4953 rum
2159 4907 2418 4953 excutere
2456 4896 2738 4965 pulverem
2760 4931 2776 4952 .
2811 4907 2907 4947 eos
2941 4891 3035 4958 qui
3071 4906 3196 4945 cum
3234 4890 3354 4958 ipso
3386 4899 3582 4953 erant,

1998 4993 2253 5046 hortatus
2282 4997 2430 5044 esset
2458 4997 2713 5047 sanctus,
2744 4992 2800 5039 et
2832 4984 2948 5051 ipse
2976 4982 3084 5037 hoc
3111 4976 3335 5036 feeisset
3354 5022 3368 5043 ,
3397 4996 3587 5035 rever-

1998 5100 2094 5141 sus
2125 5094 2241 5150 est;
2277 5080 2373 5136 sed
2412 5095 2593 5150 neque
2628 5088 2760 5133 tunc
2795 5089 3025 5129 vacuus.
3060 5072 3214 5128 Multi
3249 5073 3397 5127 enim
3433 5070 3584 5124 mili-

2002 5187 2121 5242 tes,
2156 5175 2251 5245 qui
2287 5187 2413 5228 cum
2448 5187 2575 5226 eum
2612 5184 2807 5242 parum
2844 5166 3021 5221 solum
3059 5165 3362 5228 vidissent,
3399 5174 3587 5215 mores

2002 5279 2057 5327 et
2096 5269 2347 5324 habitum
2389 5265 2730 5334 stupuissent
2768 5257 3186 5328 evangelicum,
3227 5270 3355 5309 eum
3398 5253 3584 5308 statim

2000 5371 2131 5419 sunt
2180 5357 2489 5416 consecuti.
2540 5355 2609 5409 Et
2658 5351 2737 5407 sic
2786 5350 3012 5421 quidem
3061 5347 3212 5402 vadit
3260 5343 3584 5418 Byzantium

2002 5453 2169 5510 homo
2202 5451 2318 5506 Dei.

2028 5576 2039 5583 -
2078 5542 2262 5597 XLVl.
2305 5540 2610 5608 imperator
2640 5543 2821 5588 autem
2855 5531 2959 5587 viri
2996 5527 3272 5585 reveritus
3303 5526 3587 5587 virtutem,

2005 5643 2063 5689 et
2092 5631 2300 5686 veritus
2331 5644 2400 5684 ne
2432 5627 2564 5698 quid
2599 5626 2647 5679 ei
2684 5639 2846 5693 grave
2877 5622 3153 5677 accideret
3186 5631 3412 5692 propter
3443 5618 3593 5674 illius

2006 5724 2496 5794 contemptionem,
2549 5718 2715 5773 mittit
2762 5717 2828 5770 ad
2882 5731 3008 5770 eum
3059 5715 3493 5786 quamprimum,
3537 5721 3593 5765 et

2008 5826 2160 5889 rogat
2190 5824 2249 5870 ut
2281 5820 2611 5871 revertatur.
2641 5809 2734 5866 ille
2763 5823 2893 5865 vero
2931 5822 3039 5864 non
3070 5804 3233 5862 modo
3264 5804 3458 5871 nexus,
3495 5802 3593 5860 sed
