4126 6382
565 359 706 423 ιοετ
1702 352 2176 415 ADDEND.\.--
2210 354 2648 415 uesanam.
3747 357 3898 425 1033

560 480 727 529 etiam
763 473 933 541 magis
963 469 1252 533 irritatus,
1288 485 1413 525 cum
1447 469 1708 535 dixisset,
1743 473 1890 540 quod
1924 471 2016 541 qui
2050 487 2164 526 οω-

2287 476 2568 545 ςαμῳθεις,
2600 473 2736 528 ἀλλὰ
2773 473 2870 528 καὶ
2918 471 3124 543 μᾶλλον
3175 471 3536 542 παροξυνθεὶς
3573 476 3670 529 καὶ
3705 483 3895 546 φήσας

561 571 755 624 lestetn
790 566 996 634 Regem
1030 574 1266 617 conatur
1294 565 1654 629 exacerbare,
1688 565 1804 634 ipse
1839 565 2012 618 multo
2048 582 2166 618 ma-

563 659 645 729 gis
685 658 958 711 malorum
1010 656 1333 710 thesaurum
1377 655 1481 710 sibi
1531 656 1812 719 recondit;
1859 665 1915 710 et
1962 657 2168 712 deinde

564 749 857 819 adjecisset
893 750 1061 801 etiam
1102 748 1240 812 fore,
1279 757 1338 801 ut
1377 748 1467 803 hic
1507 748 1662 802 brevi
1700 749 1920 803 excidat
1958 748 2027 803 ab
2070 749 2171 803 im-

564 839 757 909 perio,
793 851 849 892 et
888 853 983 891 eas
1021 854 1143 906 qua:
1185 837 1298 892 illic
1340 847 1503 902 sunt,
1541 839 1720 892 minas
1760 855 1870 892 non
1915 839 2165 909 effugiat.

565 931 691 985 Haec
734 947 858 987 eum
903 930 1156 993 dixisset,
1196 938 1252 983 et
1293 930 1334 983 si
1379 931 1503 1000 quis
1549 931 1600 984 in
1647 930 1829 984 tunica
1877 931 2170 985 remiserat

2276 569 2351 633 ὠς
2383 569 2474 622 τὸν
2496 569 2753 637 οὐράνιον
2787 565 3016 637 βασιλέα
3053 566 3528 636 παραπικραίνειν
3555 569 3902 640 ἐπιχειρῶν,

2276 662 2438 726 αύτδς
2470 661 2606 715 πολύ
2642 662 2848 732 μᾶλλον
2877 658 3058 728 ἐαυτῷ
3088 659 3422 729 θησαυρίζει
3442 661 3616 727 κακὰ,
3649 655 3778 713 εἶτα
3802 660 3905 716 καὶ

2276 754 2536 825 προσθεὶς
2567 753 2642 818 ὡς
2669 754 2765 808 καί⁵
2797 755 2898 822 τῆς
2921 752 3176 806 ἐντεῦθεν
3202 754 3521 806 ἐκπεσεῖται
3555 752 3683 822 μετ’
3708 753 3906 822 ὀλίγον

2275 849 2476 920 ἀρχῆς,
2509 851 2605 902 καὶ
2647 851 2748 919 τὴν
2783 847 3001 901 ἐκεῖθεν
3058 850 3158 900 οὐκ
3217 845 3550 915 ἐκφεύξεται
3608 847 3863 918 ἀπειλήν
3890 866 3902 877 ·

2273 941 2447 996 ταῦτα
2483 941 2655 996 εἰπὼν
2685 945 2792 995 κᾶν
2839 945 2892 995 ετ
2935 959 3018 1004 τις
3053 941 3182 1012 ἐνῆν
3219 940 3574 1010 ἀπολειφθεὶς
3603 941 3906 1010 κονιορτὶς

565 1025 770 1095 pulvis,
819 1039 949 1077 eum
997 1023 1348 1087 excussisset,
1399 1024 1664 1092 processit
1718 1023 1906 1077 ﬁdenti
1960 1024 2164 1078 animo.

568 1114 706 1168 Cum
749 1115 864 1168 ham
904 1115 1368 1166 annuntiarentur
1404 1113 1718 1181 imperatori
1744 1157 1756 1176 ,
1795 1115 1955 1168 simul
1999 1115 2165 1168 etiam

571 1222 668 1260 sua
704 1213 899 1276 sponte
935 1203 1134 1257 cecidit
1173 1203 1339 1257 turris
1375 1205 1585 1274 palatii,
1621 1205 1847 1274 perinde
1882 1221 1945 1258 ac
1981 1207 2027 1259 si
2068 1223 2170 1276 per

571 1315 660 1354 res
702 1299 973 1352 inanimes
1014 1305 1361 1366 arrogantem
1407 1307 1462 1350 et
1510 1297 1838 1352 insolentem
1885 1300 2166 1352 hominem

571 1393 718 1446 Deus
752 1393 915 1446 vellet
957 1389 1197 1444 erudre.
1235 1389 1493 1455 Qumnam
1533 1401 1716 1444 autem
1758 1391 1825 1444 ab
1869 1391 2167 1445 accedente

573 1495 764 1539 sancto
797 1487 939 1537 facta
972 1491 1100 1536 sunt
1133 1481 1392 1534 miracula
1423 1482 1724 1552 (quomodo
1752 1484 1900 1537 enim
1934 1499 1999 1535 ex
2033 1483 2167 1538 urbe

576 1591 699 1629 cum
726 1575 806 1630 eis
835 1583 920 1628 est
943 1588 1232 1642 egressus,
1270 1571 1345 1625 ita
1381 1573 1548 1626 etiam
1571 1573 1969 1642 ingredientem
1995 1574 2165 1644 ipsam

577 1684 771 1723 rursus
808 1666 1204 1738 sequebantur,
1246 1666 1655 1736 quodammodo
1693 1667 1842 1735 ipsa,
1881 1677 1941 1721 ut
1978 1669 2048 1721 ita
2085 1668 2169 1723 di-

577 1779 728 1824 cam,
765 1761 863 1817 Dei
901 1761 1104 1814 virtute
1144 1759 1408 1814 famulum
1446 1760 1776 1829 deducente)
1815 1778 1938 1816 cum
1975 1778 2041 1816 ex
2079 1761 2166 1816 his

2272 1033 2350 1103 τῷ
2382 1033 2575 1102 χιτῶνι
2603 1035 2700 1087 καὶ
2740 1035 2904 1087 αὐτὸν
2950 1034 3457 1104 ἀποτιναξᾶμενος,
3495 1035 3700 1102 ἐχώρει
3761 1034 3901 1103 θαρο

2274 1128 2405 1196 ρῶν.
2443 1129 2596 1196 ’Ἅμα
2629 1125 2802 1180 ταῦτα
2839 1126 2915 1197 τῷ
2938 1126 3153 1196 βασιλεῖ
3183 1124 3564 1196 διηγγέλλετο,
3602 1127 3702 1178 καὶ
3732 1128 3763 1179 ὁ
3785 1127 3900 1179 τῶν

2272 1219 2593 1289 ἀνακτόρων
2626 1219 2951 1288 αὐτομάτως
2972 1221 3284 1272 κατέπιπτε
3309 1217 3546 1289 πύργος,
3570 1218 3896 1286 καθαπερεὶ

2270 1312 2358 1364 διὰ
2391 1311 2502 1364 τῶν
2557 1311 2784 1382 ἀψύχων
2849 1312 2940 1366 τὸν
2976 1310 3216 1376 ἀλαζόνα
3268 1313 3360 1366 τοῦ
3397 1312 3536 1365 Θεοῦ
3596 1313 3896 1365 παιδεύειν

2271 1401 2576 1466 ἐθέλοντος.
2631 1403 2766 1456 Τίνα
2818 1403 2876 1456 δὲ
2911 1404 3007 1456 καὶ
3039 1404 3329 1472 προσιόντι
3375 1403 3453 1474 τῷ
3480 1403 3621 1473 ὁσίῳ
3653 1408 3725 1457 τὰ
3759 1403 3901 1456 θσύ“

2274 1511 2421 1563 ματα
2470 1494 2685 1565 (ὥσπερ
2719 1493 2844 1563 γὰρ
2893 1495 2993 1559 τῆς
3027 1496 3236 1558 πόλεως
3280 1495 3418 1565 μετὰ
3462 1495 3674 1548 τούτων
3725 1495 3894 1566 ὲῇει,

2269 1583 2413 1636 οῦτω
2450 1586 2548 1637 καὶ
2580 1585 2806 1638 εἰσιόντι
2835 1586 3002 1638 πάλιν
3035 1587 3176 1640 αὐτὰ
3206 1587 3502 1640 συνείπετο
3534 1579 3625 1639 οἷα
3659 1587 3762 1638 καὶ
3798 1586 3896 1639 αὐ-

2269 1677 2370 1747 τῆς
2406 1679 2574 1746 φάναι
2606 1682 2707 1749 τῆς
2733 1677 2826 1732 τοῦ
2855 1678 2994 1732 Θεοῦ
3038 1678 3328 1748 δυνάμεως
3366 1679 3458 1731 τὸν
3508 1677 3897 1747 θεραπεύοντα

2271 1770 2758 1840 προπεμπούσης),
2792 1774 2856 1824 ἐκ
2893 1773 3102 1824 τούτων
3165 1771 3323 1840 ὀλίγα
3359 1773 3448 1824 διὰ
3487 1771 3581 1824 τὸν
3611 1772 3781 1840 κόρον
3812 1772 3897 1830 ὡς

579 1869 773 1923 pauca,
807 1867 983 1922 eaque
1017 1863 1242 1923 propter
1269 1851 1601 1918 Satietatem,
1633 1854 1803 1908 veluti
1833 1854 2038 1909 cursim
2073 1855 2168 1909 ad-

2287 1833 2341 1918 ἐν
2378 1833 2852 1936 παραδρομῇνθεὶς
2876 1864 2971 1918 ἐπὶ
2994 1865 3062 1919 τὰ
3089 1833 3392 1935 λειπόμενα
3419 1833 3853 1936 μετελεύσομαι.

581 1946 817 2005 duxero,
852 1943 1098 1999 transibo
1129 1943 1196 1998 ad
1227 1960 1291 1999 ea
1322 1959 1445 2014 qua:
1476 1955 1797 2016 supersunt.

654 2037 864 2124 XLyII.
908 2039 1026 2093 Duo
1077 2038 1298 2110 quidem
1349 2037 1417 2092 ab
1471 2037 1591 2108 ipso
1638 2040 2021 2096 adolescentes
2069 2042 2182 2113 pri-

584 2147 735 2186 mum
794 2141 1084 2195 sanantur,
1137 2146 1259 2200 quae
1317 2132 1662 2186 vexabantur
1715 2148 1744 2186 a
1807 2132 2178 2190 daemonibus.

588 2225 794 2279 Deinde
839 2224 1041 2278 mulier
1079 2223 1326 2293 quaedam
1378 2223 1485 2277 alia
1534 2223 1640 2278 ﬁde
1682 2223 2016 2288 Cliananzea,
2059 2241 2182 2295 qua:

585 2317 830 2370 habebat
862 2316 1028 2369 ﬁliam
1050 2357 1065 2379 .
1098 2324 1152 2370 et
1187 2315 1353 2370 veluti
1386 2315 1674 2370 aestuantis
1702 2315 1871 2370 animi
1908 2324 2077 2372 testes
2105 2317 2184 2370 la-

587 2421 805 2478 crymas
837 2405 1212 2476 profundebat
1241 2423 1308 2459 ex
1337 2405 1532 2469 oculis,
1565 2413 1620 2460 et
1651 2422 1747 2476 per
1779 2421 1872 2461 cas
1899 2408 2184 2476 quterebat

589 2500 955 2560 curationem,
985 2514 1176 2553 sanam
1208 2497 1432 2569 quidem
1467 2497 1670 2569 accipit
1701 2498 1903 2563 ﬁliam;
1938 2499 2181 2553 laetitiam

589 2601 773 2646 autem
804 2590 1056 2646 referens
1083 2606 1183 2661 pro
1211 2605 1473 2654 most-ore,
1500 2589 1724 2644 domum
1755 2589 1942 2644 rediit.
1973 2590 2184 2647 Deinde

589 2699 716 2738 eum
765 2693 992 2740 sanctus
1043 2699 1143 2755 per
1193 2684 1432 2738 mediam
1487 2681 1820 2753 procederet
1869 2682 2181 2749 civitatem,

589 2781 856 2849 patricius
895 2780 1122 2850 quidam
1161 2795 1227 2835 ex
1270 2785 1490 2844 senatu,
1528 2777 1622 2850 qui
1667 2778 1784 2848 ipse
1826 2793 2047 2848 quoque
2087 2779 2189 2832 Za-

589 2872 802 2927 chaeum
840 2881 924 2928 est
965 2873 1244 2936 imitatus,
1281 2887 1406 2927 cum
1443 2887 1570 2927 eum
1607 2869 1842 2927 ferventi
1874 2869 1983 2926 ﬁde
2019 2870 2184 2926 domo

593 2980 690 3018 sua
719 2965 1051 3036 accepisset,
1079 2965 1313 3020 Zachazo
1339 2979 1560 3036 quoque
1586 2963 1824 3020 similem
1851 2973 2185 3019 consecutus

593 3056 698 3111 fuit
740 3059 1208 3114 benedictionem.
1260 3058 1555 3128 Postquam
1598 3066 1786 3112 autem
1826 3055 1932 3111 fuit
1967 3055 2025 3111 in
2063 3057 2185 3125 ipso

2358 2047 2492 2103 MZ'.
2528 2047 2636 2101 Δύο
2666 2047 2768 2118 μὲν
2820 2048 2974 2120 αὐτῷ
3005 2048 3284 2103 νεανίσκοι
3343 2048 3405 2103 τὺ
3446 2049 3668 2118 πρῶτον
3699 2048 3897 2103 ἰῶνται

2282 2142 2535 2210 δαίμοσιν
2565 2141 2953 2214 ἐνοχλούμενοι
2979 2161 2993 2174 ο
3022 2141 3217 2196 ἔπειτα
3249 2143 3390 2213 γυνή
3423 2159 3506 2205 τις
3536 2141 3675 2212 ἄλλη
3708 2140 3898 2196 Χανα-

2284 2235 2411 2288 ναία
2433 2235 2532 2304 τὴν
2559 2235 2770 2298 πίστιν,
2801 2235 3102 2306 θυγάτριον
3127 2236 3329 2306 ἔχουσα
3361 2237 3458 2289 καὶ
3481 2231 3571 2288 οἷα
3599 2235 3897 2305 μάρτυρας

2284 2327 2384 2395 τῆς
2412 2327 2862 2400 φλεγμαινούσης
2912 2328 3095 2398 ψυχῆς
3155 2329 3224 2382 τὰ
3253 2329 3362 2381 τῶν
3409 2329 3711 2396 ὀφθαλμῶν
3752 2346 3897 2398 προ-
3944 2331 3960 2343 ⁸

2285 2418 2487 2488 χέουσα
2505 2418 2738 2489 δάκρυα,
2761 2420 2857 2473 καὶ
2883 2420 2950 2473 δι’
2971 2420 3153 2474 αὐτῶν
3177 2419 3419 2492 ζητοῦσα
3435 2422 3536 2492 τὴν
3560 2421 3892 2491 θεραπείαν,

2287 2513 2419 2580 ὑγιᾶ
2459 2514 2560 2582 μὲν
2595 2513 2698 2583 τὴν
2735 2514 2902 2567 παῖδα
2928 2512 3224 2584 λαμϐάνει,
3259 2514 3436 2585 χαρὰν
3476 2515 3532 2567 δὲ
3562 2518 3687 2568 ἀντὶ
3710 2515 3897 2585 λύπης

2287 2606 2636 2677 κομισαμένη
2659 2605 2844 2659 οἴκαδε
2875 2607 3128 2679 ἐπανῄει.
3159 2603 3296 2662 Εἶτα
3321 2608 3416 2662 καὶ
3437 2607 3527 2660 διὰ
3553 2607 3654 2677 τῆς
3678 2608 3897 2672 πόλεως

2291 2701 2463 2771 μέσης
2492 2701 2570 2771 τῷ
2605 2701 2740 2771 ὁσίῳ
2768 2700 3042 2771 χωροῦντι
3076 2701 3184 2753 τῶν
3215 2701 3317 2771 τῆς
3345 2700 3546 2771 βουλῆς
3573 2719 3660 2764 τις
3690 2718 3894 2767 πατρι-

2289 2791 2422 2844 κίων
2456 2790 2526 2844 τὰ
2576 2790 2855 2861 Ζακχαίου
2895 2790 2990 2844 καὶ
3031 2788 3201 2854 αὐτὸς
3260 2791 3650 2862 μιμησάμενος
3683 2791 3782 2844 καὶ
3814 2791 3891 2861 τῷ

2292 2884 2408 2954 ίὸίῳ
2442 2884 2578 2955 οῐκῳ
2613 2883 2755 2937 κατὰ
2789 2882 3006 2954 θερμὴν
3045 2883 3144 2953 τὴν
3179 2881 3366 2935 πίστιν
3419 2883 3890 2954 είσοικισάμενος,

2288 2975 2385 3046 τῆς
2411 2977 2606 3048 ὁμοίας
2635 2977 2826 3049 ἔτυχεν
2847 2977 3124 3046 εὐλογίας.
3165 2975 3322 3030 Ἐπεὶ
3349 2977 3406 3030 δέ
3440 2979 3532 3031 καὶ
3563 2978 3703 3047 πρὸς
3738 2978 3891 3049 αὐτῷ

2288 3071 2391 3141 ἥδη
2424 3069 2501 3142 τῷ
2530 3071 2771 3142 μεγίστῳ
2795 3068 2889 3123 τοῦ
2916 3069 3054 3124 Θεοῦ
3082 3069 3198 3143 ναῷ
3228 3065 3319 3142 ἦν,
3343 3071 3439 3125 καὶ
3460 3069 3542 3140 τῷ
3567 3071 3887 3141 πιτριάρχῃ

593 3148 833 3205 maxime
883 3151 978 3206 Dei
1027 3152 1257 3221 templo,
1301 3159 1358 3205 et
1404 3149 1571 3206 simul
1614 3157 1866 3204 versatus
1910 3146 2016 3202 fuit
2057 3163 2183 3203 cum

2295 3163 2464 3232 συνῆν
2489 3162 2628 3234 μετὰ
2659 3163 2864 3232 πολλῆς
2891 3161 3058 3216 αὐτὸν
3081 3161 3367 3232 δεξαμένῳ
3394 3163 3496 3232 τῆς
3527 3161 3725 3234 ᾑδονῆς
3750 3159 3890 3229 ὁμοῦ

589 3244 923 3314 patriarcha,
957 3244 1049 3313 qui
1080 3245 1259 3314 ipsum
1290 3258 1415 3298 cum
1451 3257 1645 3314 magna
1677 3241 1841 3296 simul
1870 3241 2058 3297 laetitia
2091 3257 2183 3296 ac-

591 3336 739 3404 cepit
782 3343 838 3390 et
885 3336 1130 3399 honore,
1174 3335 1264 3389 hic
1305 3348 1528 3404 quoque
1573 3333 1696 3387 aliis
1738 3332 1961 3402 quidem
2009 3348 2182 3398 nova,

594 3428 700 3482 sibi
743 3444 876 3482 vero
922 3430 1083 3482 solita
1126 3429 1258 3482 facit
1301 3427 1586 3482 miracula.
1634 3425 1898 3495 Serpens,
1939 3426 2033 3495 qui
2083 3426 2186 3481 ali-

594 3520 772 3575 cunde
816 3528 1204 3590 prorepserat,
1246 3530 1300 3572 et
1341 3534 1398 3574 se
1441 3519 1623 3588 magni
1671 3519 1915 3572 Danielis
1954 3519 2189 3589 pedibus

595 3625 694 3680 per
729 3609 904 3678 spiras
943 3607 1287 3674 involverat,
1326 3618 1439 3662 erat
1486 3608 1731 3662 terribile
1772 3609 2186 3678 spectaculum;

594 3711 650 3757 et
684 3717 808 3756 cum
846 3701 911 3755 ad
947 3716 1072 3755 eum
1109 3700 1544 3763 defendendum,
1580 3702 1672 3770 qui
1707 3699 1958 3764 aderant,
1992 3717 2190 3758 accur-

597 3793 831 3858 rissent,
883 3793 1008 3847 illos
1057 3791 1279 3861 quidem
1329 3793 1616 3846 insimulat
1671 3791 2017 3861 timiditatis;
2071 3794 2188 3865 ipse

597 3895 782 3940 autem
818 3884 1064 3954 serpenti
1098 3885 1364 3939 audacter
1396 3900 1460 3938 ac
1496 3885 1731 3939 ﬁdenter
1762 3886 2025 3950 tninatus,
2061 3901 2190 3941 cum

597 3976 648 4030 ei
700 3984 964 4046 tanquam
1031 3975 1287 4029 ministro
1335 3990 1531 4044 magna
1579 3975 1902 4046 imperasset
1951 3979 2190 4033 auctori-

600 4077 711 4124 tate
744 4089 758 4124 :
787 4069 960 4136 Vade,
997 4069 1199 4139 inquit,
1233 4080 1289 4124 et
1318 4077 1440 4122 tuas
1474 4069 1711 4125 latebras
1743 4079 1950 4140 repete,
1982 4081 2036 4126 et
2068 4088 2194 4142 spe-

599 4177 700 4217 cus
729 4162 1142 4218 subterraneos.
1173 4161 1269 4217 llle
1297 4176 1430 4216 vero
1458 4161 1688 4232 perinde
1717 4173 1776 4217 ut
1805 4163 1896 4234 qui
1927 4179 2036 4219 non
2066 4181 2194 4235 pos-

600 4264 686 4308 set
716 4256 1130 4319 contradicere,
1175 4257 1361 4310 statim
1408 4255 1544 4322 repit
1586 4255 1652 4309 ad
1699 4257 1999 4326 parietem,
2040 4265 2095 4312 et
2139 4256 2194 4312 in

601 4355 903 4414 conspectu
941 4347 1190 4399 omnium
1223 4345 1609 4416 disrumpitur.

672 4458 908 4513 XLVIII.
957 4459 1083 4514 Haec
1124 4475 1248 4514 cum
1294 4459 1361 4518 de
1403 4477 1603 4532 magno
1646 4461 1872 4518 Dauiele
1914 4462 2194 4518 didicisset

2287 3261 2382 3314 καὶ
2407 3257 2596 3328 τιμῆς,
2617 3255 2898 3310 κάνταῦθα
2920 3257 3032 3318 τοῖς
3062 3255 3162 3324 μὲν
3200 3254 3384 3317 ἄλλοις
3423 3256 3608 3318 και-ιὰ,
3634 3254 3818 3324 ἐαυτῷ
3832 3254 3888 3306 δέ

2290 3350 2496 3421 συνήθη
2522 3349 2957 3419 θαυματουργεῖ.
2997 3348 3162 3416 Ὄφις
3189 3347 3354 3401 ποθὲν
3375 3347 3624 3418 ἐρπύσας
3652 3343 3754 3399 καὶ
3773 3349 3888 3410 τοῖς

2288 3441 2381 3496 τοῦ
2422 3441 2666 3512 μεγάλου
2703 3441 2834 3494 ποσὶ
2864 3439 3264 3510 συσπειραθεὶς
3300 3440 3538 3512 φοϐερὸν
3567 3439 3746 3510 θέαμα
3777 3434 3850 3508 ἦν
3869 3455 3887 3470 ·

2288 3537 2384 3591 καὶ
2422 3536 2559 3606 πρδς
2587 3535 2804 3604 ἄμυναν
2831 3533 2940 3586 τῶν
2967 3534 3254 3603 παρὸντων
3284 3533 3704 3604 ἐπιδραμόντων
3733 3532 3882 3585 ὲκεί-

2288 3647 2400 3692 νοις
2431 3629 2530 3699 μὲν
2552 3628 2651 3700 τὴν
2681 3627 2888 3682 δειλίαν
2924 3626 3312 3693 κατονειδίζει,
3365 3627 3528 3689 αὐτὸς
3566 3626 3624 3679 δὲ
3649 3626 3726 3696 τῷ
3758 3625 3885 3694 ὄφει

2291 3723 2640 3794 θαρρούντως
2691 3721 3140 3792 ἀπειλησάμενος
3197 3723 3292 3775 καὶ
3348 3719 3424 3784 ὡς
3455 3719 3707 3790 ὑπηρέτῃ
3739 3717 3886 3772 κατά

2292 3815 2494 3885 πολλὴν
2528 3813 2820 3868 αὐθεντίαν
2870 3813 3372 3882 ἐγκελευσάμενος,
3410 3810 3676 3882 Πορεύου,
3726 3812 3882 3881 φησι,

2294 3908 2388 3959 καὶ
2422 3906 2630 3974 φωλεοῦ
2666 3905 2760 3959 τοῦ
2799 3905 3066 3975 συνήθους
3093 3904 3220 3975 ἔχου
3249 3905 3342 3957 καὶ
3373 3903 3484 3956 τῶν
3517 3900 3622 3954 ὑπὸ
3651 3903 3758 3970 γῆν
3784 3917 3888 3954 κα·-

2293 4001 2598 4056 ταῧύσεων.
2653 3998 2712 4053 Ὀ
2771 3997 2827 4051 δὲ
2886 3997 3078 4066 ὥσπερ
3109 3996 3186 4066 μὴ
3238 3995 3547 4064 ἀντιλέγειν
3583 3993 3887 4062 δυνάμενος

2293 4094 2453 4162 ἕρπει
2479 4110 2534 4145 τε
2565 4092 2704 4162 πρὸς
2723 4091 2817 4143 τὸν
2845 4091 3026 4160 τοῖχον
3053 4088 3253 4143 αὐτίκα
3273 4089 3366 4142 καὶ
3391 4087 3498 4142 ὑπὸ
3526 4087 3638 4151 τοῖς
3664 4085 3888 4140 πάντων

2295 4183 2595 4255 ὀφθαλμοῖς
2625 4183 3037 4254 διαρρήγνυται.

2368 4455 2510 4508 MH'.
2531 4453 2720 4508 Ταῦτα
2751 4454 2846 4508 καὶ
2887 4453 3035 4516 Ῥαὶς
3059 4451 3190 4523 περὶ
3216 4452 3311 4506 τοῦ
3341 4453 3579 4523 μεγάλου
3610 4452 3885 4523 μαθοῦσα,

605 4551 802 4605 mulier
833 4552 961 4607 lla‘s
981 4593 995 4615 ,
1030 4551 1136 4605 ﬁde
1167 4552 1390 4620 quidem
1427 4552 1834 4608 ferventissinta
1865 4563 1919 4606 et
1949 4555 2183 4610 maxime

2298 4551 2435 4620 γυνὴ
2474 4551 2572 4616 τὴν
2603 4547 2701 4619 μὲν
2735 4548 2920 4602 πίστιν
2947 4547 3056 4600 τῶν
3087 4547 3235 4600 πάνυ
3286 4547 3642 4617 θερμοτάτων
3672 4549 3766 4600 καὶ
3795 4547 3889 4599 εὐ-

602 4645 712 4714 pia,
746 4643 917 4713 gloria
953 4654 1137 4698 autem
1174 4645 1326 4698 valde
1364 4645 1614 4714 insignis,
1649 4654 1906 4716 prompto
1939 4658 1994 4701 et
2026 4648 2193 4703 alacri

602 4737 786 4790 animo
815 4737 878 4788 ad
909 4753 1030 4790 cum
1064 4753 1379 4800 accurrcns,
1405 4747 1462 4792 et
1489 4736 1742 4791 similiter
1768 4750 1932 4808 atque
1960 4739 2051 4793 illa
2081 4757 2196 4795 me-

603 4814 795 4891 retrix,
831 4828 978 4882 illius
1014 4828 1182 4898 pedes
1217 4830 1399 4898 rigans
1432 4829 1709 4900 lacrymis,
1743 4832 1999 4899 precibus
2031 4833 2098 4888 ab
2127 4849 2194 4888 eo

603 4924 888 4979 contendit
946 4935 1002 4976 ut
1060 4921 1165 4978 sibi
1222 4931 1541 4976 nasceretur
1595 4921 1760 4976 ﬁlius.
1815 4923 1953 4979 Cum
2012 4935 2194 4981 autem

607 5015 760 5068 humi
819 5014 1028 5084 deiecta
1068 5014 1295 5068 vidisset
1327 5015 1446 5085 ejus
1477 5013 1633 5085 pedis
1665 5014 1899 5079 soleam,
1929 5017 2198 5072 exercita-

605 5107 756 5162 tione
796 5123 825 5160 a
870 5108 1093 5161 tendiue
1135 5107 1459 5172 discissam,
1498 5117 1680 5177 stupet
1721 5111 2102 5175 tolerantiam,
2141 5117 2198 5164 et

601 5201 802 5256 emittit
837 5217 1001 5256 voces
1031 5202 1336 5256 Chauanea:
1369 5203 1597 5258 similes.
1632 5201 1774 5257 Dans
1804 5203 1951 5257 enim
1979 5205 2198 5261 funicu-

604 5293 740 5358 lum,
777 5306 932 5364 rogat
963 5305 1022 5348 ut
1052 5309 1176 5348 cum
1210 5295 1355 5348 circa
1390 5295 1540 5350 illius
1570 5295 1766 5365 pedem
1800 5295 2112 5359 involverit.
2146 5301 2195 5355 ei

605 5401 801 5440 rursus
849 5386 1042 5440 reddat
1091 5403 1105 5440 :
1155 5385 1280 5441 llzec
1327 5395 1434 5451 est,
1480 5387 1760 5458 inquiens,
1802 5404 2016 5445 summa
2064 5408 2199 5448 mea:

604 5479 906 5549 petitionis.
936 5477 1032 5532 Ille
1059 5495 1189 5534 vero
1217 5479 1454 5549 primum
1480 5481 1703 5550 quidem
1731 5484 2195 5560 nonsusﬁnebat.

605 5567 813 5623 Deinde
865 5578 1046 5624 motus
1094 5571 1262 5624 etiam
1311 5571 1459 5627 illius
1505 5572 1782 5644 lacrymis,
1829 5583 1885 5629 et
1936 5585 2196 5645 ptmterea

605 5662 849 5732 episcOpi
901 5672 957 5718 et
1005 5672 1331 5719 cmtctorum
1380 5667 1564 5722 verbis
1613 5668 1806 5733 flexus,
1857 5684 1967 5723 non
2016 5668 2194 5722 solum

607 5767 732 5806 cum
771 5754 954 5808 funem
985 5755 1487 5822 eircumvelvisset,
1516 5756 1567 5812 ei
1600 5756 1870 5820 reddidit,
1902 5755 1994 5811 sed
2031 5757 2195 5811 etiam

612 5842 939 5907 signiﬁcavit
971 5843 1109 5912 fere,
1143 5855 1203 5902 ut
1236 5846 1350 5914 ipsa
1387 5855 1600 5915 pareret
1635 5845 1826 5914 ﬁlium,
1860 5852 1914 5902 ct
1946 5845 2196 5916 przetiixit

2299 4643 2500 4705 σεϐῶν,
2537 4643 2634 4711 τὴν
2665 4642 2722 4696 δὲ
2751 4641 2910 4708 δόξαν
2936 4641 3045 4694 τῶν
3076 4641 3216 4710 ἄγαν
3239 4627 3558 4710 Ἐπιφανῶν,
3585 4641 3889 4712 προθύμως

2295 4754 2354 4789 τε
2408 4735 2796 4807 συνδραμοῦσα
2848 4738 2944 4790 καὶ
3003 4737 3407 4806 παραπλησίως
3451 4737 3518 4806 τῇ
3555 4736 3729 4805 πόρνῃ
3754 4738 3887 4796 τοὺς

2297 4830 2509 4883 ἐκείνου
2532 4831 2698 4892 πόδας
2720 4830 2950 4901 δάκρυσι
2976 4829 3269 4899 βρέχουσα,
3290 4830 3596 4900 παρεκάλει
3627 4830 3695 4882 δι’
3713 4828 3887 4899 εὐχῆς

2298 4924 2435 4993 αὐτῇ
2475 4923 2732 4992 γενέσθαι
2763 4921 2899 4977 υἱὸν.
2945 4923 3036 4986 Ὣς
3066 4923 3124 4976 δέ
3148 4923 3300 4976 κάτω
3334 4924 3562 4993 κειμένη
3593 4922 3687 4976 τοῦ
3724 4923 3886 4986 ποδὸς

2297 5016 2451 5086 αὐτῷ
2480 5016 2572 5068 τὸν
2599 5014 2803 5086 ταρσδν
2857 5017 3271 5086 ἐκκεκομμένον
3303 5019 3368 5087 τῇ
3401 5017 3636 5085 ἀσκήσει
3659 5014 3753 5068 τοῦ
3795 5017 3886 5068 τέ-

2299 5124 2480 5171 νοντος
2510 5107 2795 5174 ἐθεάσατο,
2829 5109 3273 5179 καταπλήττεται
3327 5111 3428 5181 τὴν
3459 5110 3759 5180 ὑπομονὴν,
3787 5110 3885 5163 καὶ

2301 5201 2486 5271 φωνὰς
2517 5205 2583 5275 τῇ
2611 5201 2897 5274 Χαναναία
2951 5201 3340 5272 παραπλησίας
3369 5202 3587 5272 ἀφίησι.
3651 5201 3883 5254 Διδοῦσα

2299 5296 2409 5366 γὰρ
2465 5294 2730 5365 σπαρτίον
2786 5293 2943 5364 ἠξίου
2993 5293 3074 5364 τῷ
3107 5293 3232 5346 ποδὶ
3273 5294 3467 5365 ἐκείνῳ
3495 5293 3886 5365 περιελίξαντα

2300 5389 2462 5442 πάλιν
2489 5387 2627 5458 αὐτῇ
2662 5387 2752 5438 δοῦ
2765 5403 2846 5440 ναι
2870 5386 3028 5441 τοῦτο
3076 5387 3262 5459 βοῶσα
3292 5387 3567 5458 πλήρωμα
3594 5389 3691 5458 τῆς
3723 5391 3886 5459 αἰτή-

2301 5497 2460 5541 σεως.
2510 5478 2568 5532 Ὀ
2600 5479 2658 5531 δὲ
2694 5479 2915 5550 πρῶτον
2974 5480 3072 5550 μὲν
3117 5481 3219 5534 οὐκ
3250 5481 3519 5552 ὴνείχετοο
3565 5482 3760 5536 ἔπειτα
3790 5482 3889 5537 καὶ

2300 5573 2410 5633 τοῖς
2438 5570 2654 5637 ἐκείνης
2696 5570 3045 5644 δυσωπηθεὶς
3094 5573 3355 5646 δάκρυσι,
3392 5574 3530 5646 πρὸς
3557 5574 3614 5628 δὲ
3647 5577 3742 5628 καὶ
3773 5575 3889 5635 τοῖς

2301 5661 2392 5716 τοῦ
2423 5663 2725 5716 ἐπισκόπου
2772 5666 2866 5718 καὶ
2905 5667 3014 5719 τῶν
3045 5667 3253 5723 λοιπῶν
3301 5668 3579 5740 καμφθεὶς
3617 5669 3886 5740 ῥήμασιν,

2301 5755 2361 5807 οὐ
2402 5754 2562 5824 μὸνον
2591 5755 2741 5826 αὐτῷ
2775 5757 3046 5829 σπαρτίον
3075 5759 3390 5832 περιελίξας
3435 5761 3694 5824 δέδωκε-ν,
3747 5761 3888 5814 ἀλλὰ

2304 5850 2396 5903 καὶ
2451 5849 2666 5905 ﬂat-.5507
2718 5851 2891 5923 αὐτὴν
2923 5855 3104 5909 τεκεῖν
3130 5857 3508 5929 προεσήμανε,
3540 5863 3632 5910 καὶ
3661 5854 3758 5922 τὴν
3791 5854 3888 5909 τοῦ
