4142 6384
371 305 508 371 1029

1434 327 1614 386 VlTA
1659 330 1720 389 S.
1761 332 2124 394 DANlELlS
2165 335 2525 399 STYLITE.

3494 351 3630 409 1030

364 424 557 488 παιδὸς
599 425 793 497 κλῆσιν
843 435 1290 508 προανεςρὼνησε,
1339 439 1582 509 Ζήνωνα,
1616 442 1920 510 (primumii

2043 450 2208 504 etiam
2243 468 2442 508 nomen
2483 452 2601 516 lilii,
2633 454 2932 520 Zenonem,
2967 455 3178 521 dicens,
3210 473 3242 513 ο
3277 461 3496 524 mulier,
3537 481 3632 516 m—

363 515 546 582 γύναι,
592 520 685 571 τὸν
711 521 876 575 παῖδα
915 526 1191 590 καλέσεις.
1225 529 1335 584 Καὶ
1376 531 1520 586 οὕτω
1562 535 1660 604 μὲν
1705 535 1734 587 ὁ
1769 539 1942 606 ἆγιος.

373 606 514 674 Ἐγὼ
540 609 595 662 δὲ
623 611 773 664 οὐδὲν
802 612 928 683 ἄρτι
951 618 1114 671 πλέον
1133 620 1262 690 ἐρῶ·
1285 621 1446 690 δῆλον
1463 625 1570 695 γὰρ
1595 627 1678 680 ὅτι
1696 630 1940 697 γέγονεν·

360 698 484 752 ἐπεὶ
521 701 685 771 μηδὲν
720 701 973 757 διέπιπτε
1010 708 1116 759 τῶν
1143 709 1234 762 ὑπ’
1257 711 1472 766 ἐκείνου
1496 717 1935 788 προλεγομένων.

359 793 459 846 Διὰ
487 794 660 847 ταῦτα
693 797 792 848 καὶ
821 797 912 850 τὸν
940 799 1086 852 ὅσιον
1113 801 1142 854 δ
1170 801 1425 872 βασιλεὺς
1450 806 1727 874 δεδοικὼς,
1761 812 1853 864 καὶ
1880 811 1941 866 τὸ

363 881 497 948 πρὸς
533 883 695 936 αὐτὸν
723 886 1032 941 ἀντι-πνέειν
1063 891 1198 954 ὅλως
1237 895 1506 949 ἐκκλίνων
1530 896 1694 970 τέχνῃ
1729 903 1820 954 καί
1853 919 1943 956 κο-

360 969 558 1044 λακεία
587 973 777 1028 τοῦτον
810 977 1086 1044 μετελθεῖν
1117 983 1430 1053 ἐπεχείρεισ
1464 988 1556 1039 καὶ
1588 989 1776 1059 ἐπειδὴ
1808 992 1941 1045 πολ-

359 1063 518 1126 λάκις
574 1067 738 1119 αὑτὸν
780 1073 1184 1139 παραγενέσθαι
1224 1076 1320 1129 καὶ
1353 1077 1441 1130 διὰ
1492 1081 1703 1135 πολλῶν
1726 1083 1940 1152 δεηθεὶς

358 1158 459 1216 οὐκ
483 1157 722 1220 ἔπειθεν,
748 1162 910 1224 αὐτὸς
954 1165 1090 1235 πρὸς
1138 1167 1298 1220 αὑτὸν
1321 1166 1473 1240 ἦλθε,
1501 1174 1594 1226 καὶ
1625 1176 1681 1227 ἐν
1725 1178 1937 1230 οἰκέτου

360 1253 602 1319 σχήματι
634 1256 949 1318 προσκυνεῖ,
986 1257 1080 1308 καὶ
1109 1260 1286 1312 ποδῶν
1308 1261 1540 1318 ἅπτεται
1563 1267 1678 1318 τῶν
1706 1268 1934 1335 ἐκείνου,

361 1343 696 1415 συγγνώμης
725 1348 885 1417 δῆθεν
931 1349 1231 1421 ἀξιωθῆναι
1272 1354 1550 1425 δεόμενος.
1603 1359 1663 1410 ’0
1715 1360 1770 1413 δὲ
1805 1366 1936 1426 (καὶ

355 1435 436 1497 τίς
461 1437 569 1505 γὰρ
595 1438 803 1490 ἐκείνου
821 1438 1002 1510 διορᾷν
1029 1441 1200 1496 ταῦτα
1222 1443 1635 1518 ὀξυωπέστερος
1655 1468 1668 1514 ;
1689 1452 1704 1520 )
1728 1453 1934 1506 ἐκεῖνον

361 1527 460 1596 μὲν
493 1527 614 1580 τότε
667 1531 884 1592 πολλοῖς
936 1535 1050 1597 τοῖς
1083 1535 1314 1590 ὀνείδεσι
1352 1539 1543 1593 πλύνει
1565 1557 1578 1570 °
1612 1541 1840 1611 ὕστερον
1875 1545 1930 1598 δὲ

355 1619 448 1672 καὶ
479 1619 537 1670 τὸ
570 1620 694 1684 τοὺς
722 1622 952 1688 πολλοὺς
980 1623 1241 1680 λανθάνον
1290 1630 1690 1697 ἀνακαλύπτει,
1743 1634 1816 1687 Τὸ
1842 1653 1935 1689 τα-

355 1711 537 1764 πεινὸν
569 1714 746 1767 ἐκεῖνο
783 1717 878 1770 καὶ
912 1721 1394 1789 συντετριμμένον,
1426 1723 1617 1788 εἰπὼν,
1641 1727 1932 1797 ὑπόκρισις

353 1803 448 1858 καὶ
492 1806 793 1876 μηχάνημα
821 1804 914 1878 ἦν,
953 1809 1057 1862 ὑπὸ
1087 1809 1240 1863 δασεῖ
1271 1813 1454 1883 κωδίῳ
1485 1817 1544 1867 τὸ
1571 1817 1808 1885 χαλεπὸν
1835 1821 1926 1871 αὐ·
1960 1803 2006 1862 Β

351 1893 446 1948 τοῦ
472 1897 564 1948 καὶ
588 1897 779 1965 ἄγριον
806 1901 1226 1965 συγκαλύπτων.
1270 1905 1434 1957 Ἀλλὰ
1465 1905 1553 1960 διὰ
1577 1909 1775 1977 τάχους
1803 1909 1930 1977 wa-

346 2003 439 2040 ται
466 1988 558 2040 τὸν
588 1989 767 2043 πάντα
793 1990 1054 2060 διορῶντα
1103 1995 1198 2047 τοῦ
1233 1996 1367 2049 Θεοῦ
1397 1997 1678 2068 ὀφθαλμὸν
1709 2000 1805 2053 καὶ
1833 2006 1932 2066 τὴν

350 2080 622 2149 κραταιὰν
652 2082 814 2152 χεῖρα
841 2084 938 2136 καὶ
992 2086 1121 2148 τοὺς
1153 2086 1413 2152 δυνατοὺς
1454 2089 1928 2146 καταϐάλλουσαν.

358 2165 420 2225 Ὃ
444 2176 714 2246 μακάριος
764 2175 1006 2230 τοσαῦτα
1036 2177 1540 2250 θαυματουργήσας
1576 2184 1673 2237 καὶ
1718 2183 1810 2237 τὸν
1835 2183 1928 2237 τοῦ

345 2265 482 2320 Θεοῦ
509 2268 765 2338 πολέμιον
795 2270 1021 2342 τρέψας,
1053 2272 1146 2326 καὶ
1172 2272 1241 2326 τὰ
1275 2272 1377 2344 τῆς
1405 2273 1739 2344 Ἐκκλησίας
1765 2273 1930 2332 εῦκα-

345 2361 645 2426 ταστήσας,
678 2361 816 2416 ἀλλὰ
861 2361 925 2432 δὴ
953 2365 1051 2416 καὶ
1101 2363 1494 2434 προφητεύσας
1533 2365 1602 2418 τὰ
1635 2366 1924 2435 μέλλοντα,

345 2452 511 2505 πάλιν
567 2453 660 2505 ἐπὶ
693 2452 784 2506 τὸν
823 2454 1018 2508 στῦλον
1054 2455 1287 2523 γίνεται,
1344 2457 1436 2509 καὶ⁹
1463 2457 1570 2511 τῶν
1604 2458 1833 2527 ἀγώνων
1864 2477 1926 2514 τε

344 2545 438 2595 καὶ
468 2543 645 2598 πόνων
684 2545 934 2616 εὐψύχως
971 2547 1458 2617 ἀντιλαμϐάνεται.

413 2631 548 2688 Μεθ’.
581 2635 654 2688 Ob
705 2636 873 2700 πολὺς
921 2639 977 2689 ὲν
1012 2637 1163 2707 μέσῳ
1210 2639 1424 2707 χρόνος,
1469 2641 1566 2694 καὶ
1597 2641 1924 2707 Basiliam;

345 2725 469 2794 μὲν,
499 2726 575 2789 ὡς
625 2730 658 2798 ή
717 2729 813 2782 τοῦ
852 2730 1052 2802 Δανιὴλ
1102 2731 1434 2803 πρόρρησις,
1467 2733 1575 2786 τῶν
1633 2734 1923 2804 βασιλείων

341 2819 684 2887 ὲκϐἀλλεται,
717 2822 901 2891 Ζήνων
930 2821 986 2873 δὲ
1027 2823 1190 2876 πάλιν
1247 2824 1353 2876 τῶν
1406 2826 1703 2896 σκήπτρων
1733 2845 1792 2880 τε
1827 2845 1921 2880 περ

345 2913 610 2980 ριέχεται,
645 2912 743 2965 καὶ
763 2912 912 2982 αὑτῷ
945 2913 1014 2967 τὰ
1035 2914 1142 2966 τῶν
1166 2915 1526 2986 προρρήσεων
1549 2922 1723 2986 πέρας
1755 2919 1922 2990 ἐλάμ-

341 3006 494 3072 ϐανε,
544 3006 680 3075 πρὸς
737 3007 827 3058 τὸν
865 3007 1039 3075 μέγαν
1098 3023 1154 3059 τε
1195 3009 1290 3062 καὶ
1339 3009 1480 3079 μετὰ
1524 3010 1624 3079 τῆς
1660 3013 1919 3078 γυναικὸς

2046 541 2200 595 eabls
2228 541 2422 597 ﬁlium.
2454 544 2521 598 Et
2551 545 2630 599 sic
2662 547 2882 611 quidem
2911 556 3158 604 sanctus.
3191 551 3301 618 Ego
3330 565 3511 609 autem
3547 559 3632 608 ui-

2047 631 2121 686 hil
2162 634 2340 688 dicam
2379 639 2638 707 amplius.
2671 639 2891 694 Clarum
2926 651 3014 698 est
3044 645 3190 698 enim
3229 647 3302 700 ita
3336 653 3627 716 evenisse;

2046 725 2184 780 nihil
2221 728 2366 782 enim
2408 731 2698 785 excidebat
2737 748 2801 786 ex
2848 735 2914 788 iis
2951 751 3074 803 quae
3111 738 3178 791 ab
3224 739 3317 792 illo
3361 743 3629 808 prmdice-

2043 815 2265 870 bantur.
2292 818 2528 886 Propter
2551 831 2805 876 sanctum
2831 840 3050 894 quoque
3077 828 3276 882 timens
3301 830 3624 901 imperator,

1982 965 1987 969 ,
2041 916 2096 961 et
2123 908 2172 962 ei
2204 909 2432 964 omnino
2464 927 2766 982 repugnare
2800 915 3118 982 declinans,
3149 935 3276 972 eum
3309 923 3629 991 aggreditur

2040 1008 2158 1054 arte
2197 1010 2254 1054 et
2295 1002 2598 1071 blanditiis,
2637 1017 2693 1059 et
2731 1022 2856 1061 cum
2898 1009 3017 1076 ipse
3058 1026 3199 1077 sape
3239 1028 3388 1078 eum,
3431 1025 3486 1068 et
3528 1032 3627 1085 per

2042 1091 2266 1155 multos,
2300 1101 2360 1146 ut
2389 1094 2457 1148 ad
2493 1095 2670 1164 ipsum
2698 1098 2911 1152 veniret
2941 1110 3222 1169 precatus,
3255 1119 3364 1158 non
3399 1121 3628 1174 persua-

2041 1181 2226 1248 debat,
2263 1184 2379 1253 ipse
2414 1186 2482 1240 ad
2515 1203 2642 1242 eum
2678 1191 2849 1256 venit,
2882 1200 2937 1245 et
2971 1192 3079 1244 ritu
3112 1196 3379 1264 supplicis
3409 1199 3622 1265 adorat,

2038 1281 2094 1327 et
2125 1274 2272 1329 illius
2305 1278 2473 1345 pedes
2522 1281 2850 1348 prehensat,
2883 1299 3082 1354 rogans
3112 1296 3172 1340 ut
3203 1288 3307 1342 sibi
3341 1289 3500 1343 detur
3527 1307 3625 1346 ve-

2037 1365 2148 1419 nia.
2179 1367 2275 1423 llle
2300 1382 2482 1424 autem
2517 1375 2662 1442 (quis
2694 1378 2840 1429 enim
2891 1378 2956 1431 ad
2994 1393 3057 1432 ea
3089 1379 3320 1434 videnda
3354 1394 3473 1438 erat
3507 1384 3626 1453 ipso

2038 1461 2410 1529 perspicacior
2425 1465 2468 1532 ἲ)
2499 1465 2652 1519 illum
2671 1467 2891 1534 quidem
2917 1469 3103 1523 multis
3129 1479 3258 1524 tunc
3289 1475 3503 1541 probris
3536 1477 3625 1529 iu-

2035 1554 2305 1622 sequitur.
2342 1556 2550 1612 Deinde
2579 1559 2746 1613 etiam
2776 1561 2957 1630 aperit
2988 1561 3039 1616 id
3069 1563 3216 1631 quod
3248 1565 3452 1620 multos
3483 1567 3621 1622 late-

2035 1642 2128 1697 bat
2161 1661 2178 1697 :
2211 1645 2508 1703 llumilitas
2545 1648 2657 1714 illa,
2695 1651 2906 1716 dicens,
2944 1662 2999 1707 et
3033 1655 3294 1709 contritio
3326 1666 3411 1710 est
3443 1659 3620 1712 artifi-

2035 1734 2184 1789 ciosa
2214 1737 2513 1801 simulatio,
2545 1738 2715 1794 densa
2749 1742 2889 1810 pelle
2925 1752 3111 1812 tegens
3147 1743 3616 1814 importunitatem

2035 1828 2154 1896 ejus
2185 1839 2241 1884 et
2270 1829 2700 1900 immanitatem,
2731 1835 2825 1890 sed
2857 1836 2967 1890 cito
2992 1837 3281 1903 videbitis,
3311 1840 3406 1909 qui
3435 1843 3622 1896 omnia

2037 1916 2299 1986 perspicit
2351 1921 2441 1974 Dei
2491 1923 2746 1990 oculum,
2800 1933 2855 1978 et
2900 1927 3135 1980 validam
3183 1944 3440 1993 manum,
3496 1947 3619 2000 quae

2034 2009 2200 2062 etiam
2233 2021 2490 2078 potentes
2513 2013 2722 2085 dejicit.
2753 2019 2931 2086 Atque
2963 2033 3088 2072 cum
3122 2019 3202 2075 sic
3233 2022 3456 2090 quidem
3488 2039 3618 2076 san-

2034 2109 2156 2154 ctus
2191 2110 2298 2156 tam
2335 2105 2504 2160 multa
2539 2105 2764 2162 fecisset
2798 2109 3084 2175 miracula,
3119 2113 3327 2182 Deique
3359 2114 3616 2170 vertisset

2032 2200 2087 2244 et
2118 2192 2458 2263 proﬂigasset
2485 2196 2724 2265 hostem,
2755 2209 2812 2255 et
2841 2217 2928 2256 res
2953 2203 3214 2258 Ecclesiae
3242 2205 3382 2261 bene
3411 2207 3619 2261 consti—

2033 2283 2254 2350 tuisset,
2299 2289 2433 2358 quin
2473 2289 2638 2344 etiam
2679 2290 2864 2348 futura
2906 2295 3281 2364 praedixisset,
3321 2299 3619 2353 revertitur

2030 2375 2097 2429 ad
2141 2379 2475 2445 Columnam,
2514 2390 2571 2436 et
2614 2385 2920 2441 certamina
2961 2401 3026 2442 ac
3065 2388 3284 2445 labores
3324 2405 3521 2461 magno
3560 2401 3618 2446 et

2027 2467 2158 2524 forti
2189 2471 2374 2526 animo
2405 2476 2658 2545 suscipit.

2095 2647 2285 2703 XLIX.
2323 2650 2442 2705 Non
2469 2651 2701 2706 multum
2731 2652 3035 2709 interﬂuxit
3063 2658 3346 2726 temporis,
3373 2669 3427 2713 et
3456 2658 3610 2713 Basi-

2025 2738 2194 2795 liscus
2232 2743 2454 2811 quidem
2499 2752 2557 2797 ut
2600 2759 2630 2798 a
2675 2762 2875 2816 magno
2915 2749 3240 2817 prsedictum
3283 2753 3459 2804 fuerat
3502 2752 3607 2804 Da-

2023 2833 2191 2898 niele,
2231 2849 2260 2886 a
2307 2834 2452 2904 regia
2495 2836 2809 2906 expellitur,
2857 2848 2912 2892 et
2957 2839 3102 2892 Zeno
3149 2856 3341 2894 rursus
3385 2856 3606 2910 sceptra

2026 2933 2197 2989 tenet,
2229 2937 2286 2978 et
2314 2925 2477 2979 linem
2509 2941 2843 2997 acceperunt
2869 2931 2990 2999 ejus
3022 2933 3424 2999 praedictiones,
3451 2944 3504 2986 ct
3533 2948 3601 2987 at

2025 3032 2277 3087 magnum
2320 3019 2598 3074 Dauielem
2635 3022 2786 3076 venit
2821 3023 2969 3078 Zeno
3005 3039 3129 3078 cum
3170 3040 3369 3090 uxore,
3408 3025 3606 3082 videns

338 3100 512 3154 ἄνεισι
553 3099 928 3168 καταλλήλους
961 3101 1060 3168 μὲν
1086 3100 1198 3152 τῶν
1239 3103 1603 3172 προρρήσεων
1629 3106 1727 3168 τὰς
1757 3107 1919 3158 ἐκϐά-

2022 3109 2244 3178 quidem
2277 3112 2668 3168 convenientes
2698 3116 2879 3168 exitus
2907 3116 3350 3186 praedictionum,
3401 3131 3601 3176 eventu

340 3207 452 3252 σεις
485 3189 627 3253 tam,
651 3191 808 3255 ἀξίας
836 3191 890 3242 δὲ
915 3191 1022 3244 τῶν
1054 3191 1336 3246 ἐκϐάσεων
1366 3193 1666 3248 ἀποδώσων
1699 3196 1918 3265 εὐχαρι-

339 3285 516 3346 στίας.
555 3283 698 3352 Ἤδη
725 3283 780 3337 δὲ
807 3282 900 3336 τοῦ
941 3285 1101 3351 λόγου
1133 3285 1194 3337 τὸ
1222 3286 1373 3348 τέλος
1407 3285 1698 3354 ζητοῦντος
1722 3289 1812 3339 καὶ
1839 3289 1915 3356 τῷ

336 3375 430 3428 τοῦ
467 3374 702 3444 μεγάλου
759 3374 856 3445 βίῳ
913 3376 1395 3446 συναναπαυθῆναι
1432 3377 1912 3448 προθυμουμένου,

337 3468 538 3537 μικρὶν
590 3466 673 3518 ἔτι
721 3471 833 3530 τοῖς
880 3469 1092 3520 ἐκείνου
1142 3469 1419 3538 θαύμασιν
1457 3470 1911 3540 ἐντρυφήσωμεν.

344 3561 512 3630 Ἀνήρ
538 3577 621 3621 τις
645 3561 937 3630 χρυσοχόος
970 3562 1072 3630 τὴν
1106 3562 1302 3632 τέχνην
1337 3560 1550 3615 παιδίον
1578 3561 1735 3631 ἔσχεν
1759 3563 1914 3614 ἐϐδό-

336 3669 436 3721 μου
469 3652 570 3721 μὲν
599 3652 698 3722 ἤδη
729 3652 823 3704 τοῦ
858 3653 1014 3714 ἑτους
1045 3653 1374 3719 ἁπτόμενον,
1407 3651 1559 3704 οῦπω
1597 3652 1653 3704 δὲ
1687 3653 1778 3703 καὶ
1813 3651 1913 3722 βα-

330 3744 494 3808 δίζειν
548 3744 870 3814 δυνάμενον,
937 3743 1074 3798 ἀλλὰ
1129 3745 1273 3798 κατὰ
1321 3745 1393 3796 τὸ.
1437 3745 1745 3814 ἑρπυστικὰ
1805 3748 1914 3797 τιῖλν

333 3837 486 3903 ζώων
510 3840 566 3890 ἐν
596 3838 672 3910 τῷ
711 3838 979 3890 κινεῖσθαι
1033 3840 1097 3906 τῇ
1151 3837 1332 3906 κοιλίᾳ
1366 3836 1670 3906 χρώμενον.
1712 3837 1913 3890 Τοῦτον

329 3933 379 3985 οἱ
411 3934 586 3994 τοκεῖς
609 3931 866 3992 λαϐόντες
903 3929 1226 4000 προτιθοῦσι
1253 3929 1346 3981 τοῦ
1379 3928 1600 3993 σςύλου,
1632 3929 1726 3981 καὶ
1753 3929 1913 3982 αὐτοὶ

330 4023 580 4077 κάτωθεν
631 4021 848 4092 οἰκτρόν
905 4039 957 4073 τι
1011 4027 1103 4073 καὶ
1144 4020 1458 4091 δακρυώδες
1508 4020 1912 4083 ὲπικωκύοντες

330 4119 422 4172 καὶ
448 4117 649 4178 αὐτοὺς
670 4118 797 4177 τοὺς
826 4113 1068 4184 ὁρῶντας
1101 4112 1458 4178 ἐξεκαλοῦντο
1504 4112 1639 4180 πρὸς
1675 4112 1906 4184 δάκρυα.

339 4209 400 4265 Ὀ
423 4210 482 4263 δὲ
511 4210 658 4272 ὅσιος
681 4206 887 4261 ἀνωθεν
915 4205 1206 4273 διακύψας,
1230 4207 1323 4258 καὶ
1347 4206 1506 4259 τοῦτο
1533 4205 1632 4274 μὲν
1655 4207 1912 4277 ἐπιτιμή-

331 4321 433 4368 σει,
469 4302 630 4356 τοῦτο
657 4302 712 4355 δὲ
742 4301 838 4354 καὶ
877 4299 1203 4369 παραινέσει
1231 4299 1291 4351 τὸ
1326 4298 1524 4362 πένθος
1559 4298 1743 4362 αὐτοῖς
1785 4301 1912 4370 στή-

331 4414 450 4461 σας,
486 4395 564 4465 τῷ
623 4393 754 4463 ἱερῷ
807 4392 1240 4461 προσκαρτερεῖν
1295 4390 1506 4444 κελεύει
1555 4391 1631 4460 τῷ
1680 4391 1906 4460 Συμεὼν

2020 3211 2199 3255 autem
2243 3201 2437 3272 dignas
2481 3204 2802 3260 redditurus
2843 3208 3068 3276 gratias.
3106 3209 3224 3263 Jam
3264 3224 3394 3264 vero
3435 3209 3600 3268 linem

2020 3304 2296 3362 qumrente
2328 3297 2608 3362 oratione,
2637 3306 2694 3352 et
2722 3315 2844 3352 cum
2877 3299 3056 3367 magni
3090 3300 3331 3356 Danielis
3360 3302 3470 3358 vita
3503 3320 3601 3358 vo-

2016 3387 2163 3440 lente
2199 3389 2360 3442 simul
2399 3391 2782 3458 requiescere,
2823 3392 2875 3445 iu
2915 3392 3062 3447 illius
3097 3393 3382 3448 miraculis
3417 3396 3603 3451 adhuc

2018 3494 2208 3547 parum
2244 3481 2581 3549 perjucunde
2619 3482 3058 3537 immorabimur.
3081 3484 3178 3539 Vir
3210 3487 3430 3555 quidam
3464 3489 3600 3542 arti-

2017 3570 2140 3623 licio
2197 3571 2410 3626 aurifex
2445 3572 2683 3626 habebat
2717 3590 2973 3640 puerum,
3007 3575 3100 3645 qui
3137 3578 3436 3646 septimum
3473 3580 3596 3650 qui-

2016 3661 2139 3716 dem
2163 3663 2272 3732 jam
2303 3679 2505 3718 annum
2535 3666 2858 3734 attingebat,
2893 3668 3138 3722 nondum
3167 3679 3349 3726 autem
3380 3681 3600 3740 poterat

2016 3753 2264 3823 ingredi,
2299 3755 2391 3808 sed
2425 3757 2766 3825 Serpentium
2802 3758 2909 3812 ritu
2942 3769 3132 3816 ventre
3167 3770 3361 3826 utens.
3389 3778 3449 3817 se
3481 3780 3598 3817 mu-

2013 3847 2194 3902 vcndo
2229 3849 2502 3916 reptabat.
2535 3849 2902 3919 Sumpscrunt
2933 3867 3060 3906 eum
3094 3863 3376 3920 parentes,
3409 3867 3464 3910 et
3496 3872 3600 3925 po-

2015 3949 2248 3992 suerunt
2281 3948 2408 3994 ante
2444 3941 2788 4008 columnam;
2831 3942 2932 4011 ipsi
2969 3953 3152 3998 autem
3189 3945 3332 4000 infra
3369 3948 3599 4001 misera-

2013 4029 2200 4084 biliter
2248 4040 2303 4085 et
2354 4030 2612 4086 ﬂebiliter
2661 4035 2972 4103 ejulantes,
3025 4041 3176 4104 ipsos
3229 4052 3447 4107 quoque
3500 4041 3595 4108 qui

2011 4118 2308 4185 videbant,
2347 4120 2719 4189 provocabant
2754 4122 2820 4176 ad
2856 4123 3148 4194 lacrymas.
3187 4125 3422 4182 Sanctus
3457 4144 3591 4184 vero

2011 4226 2076 4266 ex
2101 4213 2211 4265 alto
2235 4211 2569 4281 despiciens,
2596 4228 2721 4266 cum
2752 4215 2950 4283 partim
2979 4217 3201 4285 quidem
3233 4216 3592 4288 increpando,

2010 4302 2210 4370 partim
2243 4312 2428 4356 autem
2463 4303 2814 4358 admonendo
2848 4320 3040 4358 eorum
3076 4307 3284 4360 luctum
3322 4309 3588 4376 sedassct,

2006 4393 2164 4464 jubet
2195 4404 2253 4449 ut
2281 4405 2636 4464 perseverent
2669 4397 2722 4451 in
2753 4413 2909 4452 sacra
2940 4399 3053 4454 aede
3085 4399 3380 4465 Simeonis,
3407 4411 3462 4457 et
3491 4413 3588 4458 νει

328 4487 483 4554 οἰκῳ,
527 4488 624 4539 καὶ
653 4486 764 4548 τοῖς
808 4485 1028 4545 σεπτοῖς
1060 4481 1298 4552 χρῆσθαι
1351 4481 1646 4551 λειψάνοις,
1678 4483 1770 4537 καὶ
1797 4478 1908 4537 οἶόν

2020 4485 2276 4541 nerandis
2312 4496 2534 4542 utantur
2570 4490 2837 4559 reliquiis,
2873 4499 2929 4546 et
2965 4507 3029 4546 ea
3066 4500 3326 4562 tanquam
3363 4495 3588 4565 aliquod

325 4594 376 4632 τι
410 4577 666 4646 λυτήριον
694 4575 869 4628 ταῦτα
901 4575 1014 4636 τοῖς
1047 4573 1176 4625 ποσὶ
1205 4575 1318 4634 τοῖς
1351 4575 1491 4642 νόσῳ
1519 4574 1904 4645 πεδεδημένοις

327 4669 653 4724 ἐπιτιθέναι.
684 4663 953 4732 Εἷπε,καὶ
977 4667 1190 4734 γέγονε.
1228 4666 1337 4718 Καὶ
1367 4667 1509 4719 κατὰ
1537 4669 1636 4736 τὴν
1666 4667 1904 4739 ἑϐδόμην

325 4764 495 4833 εὐχῆς
523 4762 596 4824 ὡς
628 4760 747 4823 ἔθος
783 4759 887 4812 ὑπὸ
921 4759 1015 4810 τοῦ
1051 4759 1296 4828 μάκαρος
1327 4759 1660 4829 τελουμένης
1685 4758 1750 4830 (ὦ
1774 4760 1902 4814 θαυ-

329 4854 539 4923 μασίων
567 4853 744 4923 ἔργων
767 4851 804 4918 l)
838 4849 1140 4922 δημιουργὲ
1177 4851 1372 4918 Κύριε,
1402 4850 1696 4919 ἁλλόμενον
1739 4852 1903 4915 εὐθὺς

321 4944 382 4997 τὸ
412 4944 623 4996 παιδίον
657 4941 826 5011 ὁρῶσι
871 4939 978 4992 τῶν
1030 4939 1224 4993 κιόνων
1255 4956 1314 4990 τε
1347 4940 1470 5002 τοὺς
1498 4940 1739 5009 βαθμοὺς
1773 4943 1905 4994 ἀνα-

321 5036 506 5090 ϐαῖνον
534 5038 630 5089 καὶ
662 5037 737 5109 τῷ
761 5037 938 5106 στύλῳ
963 5036 1456 5108 περιπλεκόμενον.

389 5129 475 5184 N'.
503 5130 730 5200 Ἕτερός
754 5146 834 5192 τις
859 5129 1037 5198 ἐκτῆς
1066 5129 1328 5198 ἀνατολῆς
1346 5130 1445 5200 τὴν
1470 5128 1698 5199 πορείαν
1719 5129 1901 5183 ποιού-

324 5239 484 5294 μενος
522 5224 843 5294 περιπίπτει
865 5222 1111 5294 λῃσταῖς,
1139 5224 1201 5276 Οἱ
1231 5223 1286 5276 δὲ
1312 5223 1526 5293 πληγὰς
1560 5224 1728 5294 αὐτῷ,
1762 5226 1898 5278 κατὰ

317 5318 444 5380 τοὺς
479 5319 656 5388 ἱεροὺς
693 5317 883 5384 λόγους
922 5319 1118 5380 εἰπεῖν,
1154 5317 1434 5380 ἐπιθέντες
1467 5319 1559 5370 καὶ
1581 5319 1835 5381 λαϐόντες
1863 5317 1899 5372 ἃ

316 5411 636 5480 ἐπεφέρετο,
704 5409 763 5461 ού
817 5411 927 5478 μὴν
986 5408 1046 5462 δὲ
1104 5408 1242 5462 ἀλλὰ
1283 5411 1473 5462 καὶτὰ
1514 5409 1622 5462 τῶν
1654 5411 1897 5476 γονάτων

314 5503 463 5568 αὐτῷ
524 5501 693 5572 νεῦρα
751 5501 1429 5572 συγκὸιίιαντες,ήμιθανῆ
1483 5502 1892 5556 καταλείπουσι.

315 5595 518 5648 Τοῦτον
553 5595 826 5666 ὁδοιπόροι
869 5596 1011 5657 τινες
1041 5595 1243 5646 οὑτωσὶ
1281 5592 1532 5662 κείμενον
1559 5593 1892 5665 θεασάμενοι

315 5687 411 5738 καὶ
469 5685 868 5757 φιλανθρώπως
935 5685 1401 5748 διαϐαστάσαντες
1456 5687 1534 5746 εἰς
1582 5687 1680 5756 τὴν
1737 5687 1892 5739 πόλιν

315 5781 604 5850 Ἄγκυραν
638 5781 1028 5852 ἀποφέρουσιν,
1066 5780 1130 5833 ἐκ
1160 5778 1418 5848 γειτόνων
1464 5777 1647 5847 οὖσαν,
1684 5779 1778 5833 καὶ
1813 5779 1890 5850 τῷ

2008 4579 2228 4634 solvens
2274 4581 2774 4647 medicamentum,
2821 4583 3014 4637 morbo
3057 4585 3255 4640 vinctis
3303 4587 3588 4656 imponant

2007 4674 2260 4742 pedibus.
2303 4675 2474 4739 Dixit,
2509 4683 2565 4729 et
2599 4674 2737 4730 facta
2772 4687 2921 4730 sunt.
2961 4677 3026 4732 Et
3060 4680 3296 4748 septimo
3332 4681 3422 4734 die
3459 4696 3583 4736 cum

2005 4768 2073 4822 de
2116 4784 2267 4822 more
2310 4769 2555 4837 precatio
2597 4769 2754 4823 ﬁeret
2797 4785 2826 4823 a
2872 4771 3030 4824 beato
3074 4770 3131 4842 (ο
3175 4772 3582 4826 admirabilium

2006 4845 2230 4930 operum
2254 4861 2435 4930 opifex
2453 4860 2762 4930 Dominel),
2795 4862 2982 4917 vident
3013 4864 3196 4917 statim
3232 4879 3464 4932 puerum
3497 4880 3585 4918 sa-

2001 4952 2252 5015 lientem,
2285 4960 2338 5005 et
2366 4953 2568 5022 gradus
2597 4953 3011 5020 ascendentem,
3045 4965 3098 5009 et
3126 4955 3433 5009 columnam
3463 4969 3584 5008 am-

2003 5044 2356 5113 plectentem.

2073 5133 2136 5188 L.
2175 5132 2407 5200 Quidam
2441 5134 2582 5190 alius
2619 5135 2721 5192 iter
2754 5134 2956 5189 faciens
2988 5133 3056 5189 ab
3094 5132 3351 5198 Oriente,
3388 5134 3582 5190 incidit

2000 5226 2056 5280 in
2087 5226 2351 5293 latrones,
2380 5226 2471 5296 qui
2501 5242 2626 5281 cum
2653 5228 2701 5281 ei
2732 5227 2934 5296 plagas,
2969 5234 3028 5279 ut
3053 5241 3176 5280 cum
3205 5241 3358 5280 sacra
3387 5227 3566 5280 dicam

1999 5320 2304 5390 Scriptura,
2341 5320 2753 5390 imposuissent,
2790 5335 2911 5387 qua:
2950 5333 3137 5372 secum
3180 5318 3440 5381 habebat,
3475 5335 3577 5372 au-

1997 5412 2218 5480 ferunt;
2253 5413 2384 5483 quin
2416 5413 2580 5467 etiam
2613 5427 2737 5466 cum
2769 5411 2888 5479 ejus
2919 5425 3158 5480 genuum
3192 5426 3391 5466 nervos
3416 5425 3577 5465 exse-

1996 5507 2259 5570 cuissent,
2307 5505 2624 5572 relinquunt
2671 5501 3118 5559 semimortuum.
3165 5504 3301 5558 Eum
3351 5503 3576 5574 quidam

1996 5599 2237 5653 viatores
2284 5611 2412 5652 cum
2461 5595 2726 5650 vidissent
2775 5596 2855 5650 sic
2895 5597 3193 5667 jacentem,
3237 5605 3294 5652 et
3340 5597 3580 5667 benigne

1995 5687 2370 5754 sustulissent,
2399 5686 2578 5742 ierunt
2609 5685 2660 5739 in
2695 5687 3062 5757 propinquam
3095 5689 3372 5743 civitatem
3399 5689 3577 5760 Ancy-

1995 5797 2133 5850 ram,
2163 5792 2220 5839 et
2245 5782 2301 5837 id
2332 5778 2570 5839 civitatis
2593 5779 2854 5851 episcopo
2883 5779 3214 5853 signiﬁcant,
3242 5797 3272 5837 a
3299 5796 3410 5852 quo
3439 5783 3570 5837 mul-
