4142 6384
546 331 682 395 1021

1679 324 1722 384 Α
1735 322 1937 386 ΒΠΕΒῙ
1951 323 2145 384 DA.-—
2186 318 2444 382 DECEM
2459 319 2550 378 ΒΕ
2569 319 2636 381 R.

3686 308 3822 374 1032

543 459 726 507 torum
762 447 1102 504 medicorum
1139 442 1374 498 traditus
1410 443 1696 506 manibus,
1732 454 1860 498 cum
1893 444 1959 496 ad
1993 455 2121 496 eum

2260 437 2516 508 πισκόπῳ
2546 434 2650 505 τῆς
2681 431 2886 495 πόλεως
2908 430 3068 502 δῆλον
3097 426 3336 492 ποιοῦσι,
3359 425 3488 498 παρ’
3514 418 3577 479 οὗ
3609 427 3825 480 πολλῶν

543 540 850 597 curandum
891 538 961 593 ab
1001 540 1082 592 eis
1121 535 1429 591 adhibitum
1467 543 1614 590 esset
1655 549 1821 589 omne
1862 531 2131 597 studium,

544 641 811 688 sanantur
836 629 1059 698 quidem
1085 626 1339 692 vulnera,
1369 623 1465 680 sed
1498 640 1845 696 nequaquam
1880 624 2130 680 restitui-

544 732 636 778 tur
665 725 732 777 ad
765 722 892 780 hoc.
922 729 980 774 ut
1010 729 1195 790 posset
1220 717 1458 787 ingredi.
1491 716 1745 772 Nondum
1775 719 1926 772 enim
1960 719 2006 771 is
2039 731 2130 772 re-

545 831 675 870 vera
722 831 938 870 sat-ram
985 812 1283 867 anchoram
1333 809 1780 880 apprehenderat
1826 808 2133 864 Danielem.

542 911 680 962 Cum
726 907 916 961 multis
959 921 1092 974 ergo
1135 903 1394 974 lacrymis
1437 901 1806 971 persuasisset
1851 900 2134 970 episc0po,

547 1010 608 1055 ut
640 1001 815 1070 ipsum
847 997 914 1052 ad
950 1011 1206 1066 magnum
1239 994 1484 1046 mitteret
1517 993 1796 1046 Dauielem
1831 990 1955 1059 {hac
1986 991 2137 1045 enim

546 1096 615 1147 de
645 1107 809 1146 causa
837 1090 1058 1158 jurabat
1091 1103 1148 1141 se
1177 1087 1288 1139 iter
1317 1099 1438 1138 esse
1476 1085 1840 1152 ingressum),
1878 1093 2136 1151 tanquam

547 1199 690 1238 onus
733 1181 1036 1235 inanimum
1089 1177 1405 1246 impositum
1451 1175 1749 1246 jumeutis,
1801 1173 2024 1228 ducitur
2071 1171 2140 1225 ad

544 1283 822 1330 sanctum.
858 1272 1064 1325 Deinde
1098 1269 1366 1323 columnae
1402 1267 1724 1334 impositus,
1756 1265 1888 1335 quid
1927 1280 2036 1318 non
2072 1263 2139 1317 ad

545 1368 874 1424 movendam
922 1365 1142 1420 dicebat
1190 1361 1669 1415 miscricordiam?
1711 1376 1850 1429 quas
1900 1375 2010 1413 non
2056 1370 2146 1425 vel

548 1464 813 1516 maximas
839 1459 1106 1513 aﬂerebat
1134 1453 1599 1510 lamentationes?
1627 1454 1932 1516 Clamabat,
1960 1453 2138 1522 lacry-

550 1555 828 1615 tuebatur,
857 1552 1112 1604 manlius
1140 1549 1379 1616 petebat,
1411 1546 1588 1599 oculis
1616 1545 1913 1601 revocabat
1941 1545 1994 1598 in
2027 1561 2147 1598 me—

549 1649 782 1703 moriam
830 1645 936 1700 iter
981 1651 1207 1712 propter
1250 1655 1376 1694 eum
1423 1645 1775 1706 susceptum,
1817 1637 2149 1696 ostendebat

547 1748 688 1802 mala
719 1763 838 1815 qua!
864 1749 1151 1813 acceperat
1178 1757 1206 1795 a
1234 1741 1564 1794 latronibus.
1590 1736 1696 1792 Sed
1730 1735 1820 1788 hic
1850 1732 1984 1786 mihi
2014 1745 2147 1784 cou-

2241 531 2444 602 ιατρῶν
2500 531 2688 601 χερσὶν
2732 524 2976 588 ἐκδοθεὶς
3033 525 3130 577 καὶ
3185 520 3389 590 πολλῆς
3419 520 3518 589 τῆς
3577 518 3820 588 σπουδῆς

2240 623 2375 694 παρ’
2408 621 2636 676 ἑκείνων
2668 617 2928 684 ἀξιωθεὶς
2965 616 3034 670 τὰ
3061 614 3357 687 τραύματα
3385 612 3485 683 μὲν
3513 612 3822 678 ὑγιάζεται,

2239 718 2432 786 κύριος
2457 715 2515 768 δὲ
2540 713 2635 767 τοῦ
2670 711 2906 783 βαδίζειν
2927 708 3179 779 οὐδαμῶς
3221 709 3458 775 γίνεται.
3508 703 3678 757 Οὑπω
3712 707 3827 773 γαρ

2239 809 2339 876 τῆς
2393 807 2548 878 ίερᾶς
2587 804 2838 876 ἀγκύρας
2867 806 2896 857 δ
2923 800 3123 872 Δανιὴλ
3149 798 3290 868 αὕτη
3361 797 3505 852 κατὰ
3534 797 3597 849 τὸ
3627 794 3829 865 ἀληθὲς

2240 899 2579 971 δραξάμενος
2607 894 2697 968 ἦν.
2741 896 2963 956 Πολλοῖς
2994 894 3089 948 οὖν
3117 894 3356 964 δάκρυσι
3407 892 3498 944 τὸν
3532 890 3830 942 ἐπίσκοπον

2243 994 2444 1056 πείσας
2475 993 2570 1045 ἐπὶ
2605 994 2694 1045 τδν
2729 991 2903 1061 μέγαν
2929 989 3094 1043 αὑτὸν
3129 971 3466 1045 ἀποστεῖλαι,
3504 984 3696 1036 τούτου
3721 984 3830 1050 γὰρ

2244 1088 2408 1140 ἕνεκα
2457 1085 2547 1139 καὶ
2607 1085 2878 1154 διώμνυτο
2917 1081 3014 1152 τὴν
3070 1081 3299 1150 πορείαν
3353 1075 3706 1146 ποιήσασθαι,
3738 1070 3829 1126 οἷα

2247 1180 2443 1251 φόρτος
2473 1177 2682 1246 ἄψυχος
2714 1179 2826 1238 τοῖς
2863 1173 3180 1237 ὑποζυγίοις
3236 1171 3528 1230 ἐπιτεθεὶς,
3551 1169 3827 1233 ἀπάγεται

2246 1271 2384 1339 πρὸς
2409 1268 2498 1322 τὸν
2528 1270 2694 1321 ὅσιον.
2729 1264 2860 1320 Εἶτα
2889 1267 2964 1334 τῷ
2997 1265 3175 1335 στύλῳ
3222 1261 3549 1331 παρατεθεὶς
3573 1299 3587 1325 ,
3645 1260 3701 1312 τί
3754 1257 3830 1327 μὴ

2248 1367 2384 1436 πρὸς
2419 1361 2598 1418 οἶκτον
2628 1365 2801 1430 ἔλεγε,
2852 1361 3010 1430 τίμὴ
3057 1361 3190 1431 πρὸς
3241 1358 3387 1410 ἔλεον
3423 1356 3621 1416 ἐποίει,
3665 1352 3829 1405 ποίαν

2252 1462 2466 1531 θρήνων
2522 1457 2827 1528 ὑπερϐολὴν
2857 1455 3275 1524 ἁπελίμπανενς
3347 1451 3527 1512 Ἐδόα,
3575 1449 3830 1517 ἐδάκρυε.

2250 1556 2373 1616 ταῖς
2403 1553 2590 1622 χερσὶν
2615 1553 2814 1622 ᾐτεῖτο,
2838 1552 2951 1611 τοῖς
2975 1549 3272 1616 ὀφθαλμοῖς
3295 1546 3392 1613 τῆς
3419 1543 3486 1595 δι’
3517 1542 3682 1595 αὑτὸν
3711 1540 3832 1594 ὁδοῦ

2252 1645 2661 1714 ὑπεμίμνησκε,
2698 1643 2765 1695 τὰ
2787 1645 2851 1694 ὲκ
2872 1641 2979 1694 τῶν
3018 1639 3233 1709 λῃστῶν
3264 1638 3471 1690 ἐδείκνυ
3504 1632 3831 1689 κακά.⁹Αλλ⁹

2256 1737 2491 1791 ἐνταῦθα
2521 1754 2611 1806 μοι
2637 1736 2828 1788 σκόπει
2862 1733 2957 1788 τοῦ
2989 1734 3198 1786 δικαίου
3237 1734 3299 1783 τὸ
3331 1730 3524 1801 ἄτιμον
3550 1732 3642 1782 καὶ
3680 1728 3833 1797 μισό-

549 1796 688 1802 __-___
724 1796 808 1815 γιηκ
990 1796 1014 1813 ,

548 1841 730 1897 sidera
752 1881 764 1902 ,
798 1853 962 1907 quam
995 1844 1139 1889 esset
1173 1835 1265 1887 hic
1299 1848 1527 1900 magnus
1558 1845 1587 1883 a
1622 1829 1764 1882 fastu
1799 1825 2049 1884 alienus,
2084 1831 2142 1876 et

2253 1830 2401 1896 δοξον
2428 1845 2440 1859 ·
2467 1832 2560 1881 καὶ
2584 1829 2732 1887 ὅπως
2754 1826 3025 1896 τοσαύτην
3048 1821 3160 1894 εἶχε
3184 1823 3442 1892 πρόνοιαν
3479 1819 3574 1873 τοῦ
3607 1820 3832 1889 φεύγειν

548 1943 816 2002 quantum
850 1931 1042 1985 oderat
1075 1929 1341 1998 gloriam;
1372 1935 1429 1979 ct
1461 1920 1925 1994 quemadmodum
1963 1917 2018 1970 in
2055 1915 2141 1968 fu-

549 2026 751 2095 giendo
804 2024 1014 2077 honore
1065 2031 1278 2074 tantum
1331 2017 1580 2087 posuerit
1632 2013 1826 2072 studii,
1874 2018 2137 2080 quantum

553 2121 645 2174 alii
683 2119 749 2170 ad
785 2116 1013 2186 gloriam
1051 2110 1493 2180 consequendam
1530 2109 1782 2161 feruntur
1811 2105 2136 2174 cupiditate.

553 2211 624 2266 Ut
649 2209 798 2263 enim
831 2206 920 2258 alii
951 2203 1294 2257 ascriberent
1323 2199 1697 2261 curationem,
1727 2211 1824 2250 eos
1854 2194 2139 2248 transmit-

552 2303 700 2356 tebat
727 2299 794 2353 ad
826 2296 1102 2351 Simeonis
1131 2291 1472 2353 oratorium;
1503 2289 1720 2344 etiamsi
1753 2286 1929 2354 major
1955 2285 2019 2338 ad
2056 2285 2108 2354 ip
2128 2313 2142 2324 -

551 2408 671 2447 sum
720 2406 784 2445 ex
829 2405 897 2444 co
943 2387 1148 2440 rediret
1189 2383 1384 2453 gloria.
1432 2382 1538 2436 Sed
1586 2379 1970 2435 revertendum
2018 2385 2140 2440 est,

557 2486 700 2538 unde
739 2479 967 2551 digressi
1004 2493 1214 2533 sumus.
1251 2477 1544 2544 Postquam
1580 2473 1728 2528 enim
1768 2472 1858 2526 ille
1896 2479 2141 2540 portatus

557 2577 661 2632 fuit
694 2575 760 2628 ad
797 2572 1059 2642 templum
1096 2567 1390 2631 Simeonis,
1427 2565 1495 2619 ad
1532 2564 1676 2634 quod
1711 2565 1900 2634 jussus
1933 2561 2137 2620 fuerat.

554 2677 608 2723 et
647 2665 794 2737 quod
833 2681 900 2718 ex
939 2661 1189 2731 reliquiis
1231 2657 1489 2717 sumitur.
1527 2658 1650 2712 oleo
1689 2655 1937 2726 quotidie
1977 2669 2146 2722 unge-

555 2761 740 2824 batnr,
769 2759 876 2828 jam
913 2754 1133 2825 quidem
1167 2761 1286 2807 erat
1317 2760 1503 2805 sextus
1533 2749 1654 2804 dies
1684 2749 1832 2802 circa
1860 2760 2141 2807 auroram,

554 2867 680 2908 cum
732 2857 903 2902 staret
953 2861 1182 2916 magnus
1231 2845 1419 2898 Dmiel
1472 2841 1538 2895 ad
1588 2841 1802 2894 cantica
1852 2837 2140 2900 matutina,

556 2946 698 3000 idem
734 2944 865 2997 huic
897 2955 1115 3010 quoque
1147 2938 1374 2997 accidit,
1403 2935 1548 3002 quod
1581 2933 1784 3004 priori;
1813 2945 1938 2986 nam
1970 2939 2025 2985 et
2060 2945 2148 2984 rc-

557 3048 720 3108 pente
771 3035 1024 3089 consistit
1079 3047 1247 3101 supra
1304 3029 1508 3100 pedes,
1565 3037 1621 3082 et
1673 3026 1880 3081 cursim
1935 3023 2144 3095 gradus

2245 1922 2410 1990 τιμὴν
2431 1919 2531 1987 ὅση
2561 1921 2670 1980 τοῖς
2705 1917 2884 1978 ἄλλοις
2909 1916 3005 1967 τοῦ
3032 1913 3187 1980 δόξης
3217 1909 3514 1968 ἀπολαύειν
3543 1906 3832 1979 ἐπιθυμία.

2249 2014 2370 2068 Ἵνα
2395 2014 2505 2082 γὰρ
2531 2013 2702 2081 ἑτέρῳ
2737 2011 2834 2080 τὴν
2862 2010 3004 2063 ίασιν
3028 2007 3466 2077 ἐπιγράφωνται,
3499 2004 3577 2075 τῷ
3610 2003 3702 2056 τοῦ
3731 2003 3833 2056 3-.)-

2250 2105 2398 2176 μεὼν
2447 2105 2646 2167 αὐτοὺς
2704 2102 2980 2172 εὑκτηρί;ι
3020 2101 3410 2170 παρέπεμπεν,
3463 2097 3512 2148 εί
3553 2100 3644 2150 καὶ
3691 2095 3834 2149 οὑτω

2250 2200 2483 2270 μάλιστα
2507 2198 2691 2267 μεῖξον
2715 2195 2867 2265 αὑτῷ
2893 2199 2924 2265 ἡ
2948 2193 3073 2257 δόξα
3105 2193 3440 2262 περιηχείτο.
3486 2190 3631 2242 Ἀλλ’
3653 2191 3826 2242 ἐπαν-

2249 2292 2390 2344 ιτέον
2422 2290 2546 2343 ὁθεν
2580 2289 2877 2358 ὲξέδημεν.
2943 2287 3031 2347 Ὠς
3051 2287 3160 2355 γὰρ
3195 2287 3400 2344 ἐκεῖνος
3423 2283 3535 2344 τοῖς
3563 2281 3835 2351 βαστάσα-

2249 2398 2331 2435 σιν
2367 2384 2445 2442 είς
2479 2381 2540 2434 ὃν
2575 2381 2980 2449 προσετέτακτο
3006 2378 3100 2430 τοῦ
3132 2375 3357 2445 Συμεὼν
3385 2373 3668 2443 ἀπηνέχθη
3695 2371 3834 2426 νεὼν

2247 2475 2340 2524 καὶ
2370 2471 2448 2540 τῷ
2471 2473 2534 2524 ὲκ
2560 2472 2668 2548 τῷν
2690 2469 2957 2539 λειψάνων
2982 2466 3145 2536 ἐλαίῳ
3200 2465 3549 2534 καθεκάστην
3596 2464 3834 2532 ἐχρίετο.

2247 2565 2381 2630 ἕκτη
2418 2565 2517 2634 μὲν
2551 2559 2619 2634 ἦν
2643 2563 2769 2632 ἄρτι
2803 2565 2929 2632 περὶ
2954 2563 3053 2632 τὴν
3083 2562 3177 2626 ἔω,
3216 2559 3309 2612 τοῦ
3343 2559 3400 2611 δὲ
3436 2557 3671 2628 μεγάλου
3703 2555 3838 2624 περὶ

2247 2657 2346 2718 τὰς
2375 2654 2606 2718 ἑωθινὰς
2635 2653 2777 2725 ᾠδὰς
2805 2654 3096 2722 ἱσταμένου
3121 2652 3318 2705 ταυτὸν
3357 2650 3432 2718 τῷ
3456 2648 3708 2720 προτέρῳ
3742 2648 3836 2699 καὶ

2251 2748 2380 2816 ’περὶ⁸
2408 2745 2599 2799 τοῦτον
2649 2746 2884 2813 ἐγίνετο.
2918 2747 3107 2812 Ἀφνω
3140 2760 3196 2796 τε
3248 2745 3356 2812 γὰρ
3384 2742 3476 2794 ἐπὶ
3507 2743 3635 2802 τοὺς
3667 2739 3834 2802 πὶδας

2250 2843 2486 2901 ἵσταται,
2515 2840 2610 2892 καὶ
2637 2838 2915 2909 δρομαίως
2946 2837 3073 2901 τοὺς
3109 2835 3355 2907 βαθμοὺς
3391 2834 3697 2894 ἀναϐαίνει,
3740 2831 3840 2884 καὶ

2247 2935 2325 3005 τῷ
2364 2933 2541 3002 στύλῳ
2590 2932 2953 3001 περιπλακεὶς
3002 2931 3082 2998 τῷ
3143 2928 3264 3000 Θεῷ
3298 2945 3357 2981 τε
3390 2927 3482 2978 καὶ
3534 2925 3610 2996 τῷ
3645 2926 3836 2977 τούτου

2250 3025 2543 3094 θεράποντι
2571 3025 2669 3095 τὴν
2695 3023 3053 3094 εὐχαριστίαν
3092 3021 3290 3076 ἐδίδου.
3363 3019 3530 3072 Ἀλλὰ
3576 3019 3630 3071 τί
3663 3018 3739 3088 μὴ
3773 3017 3836 3069 τὺ

559 3088 572 3108 .
698 3088 714 3091 -
1151 3088 1164 3101 .
1305 3088 1317 3100 .
1494 3088 1505 3093 -
1938 3088 1963 3095 -

557 3127 826 3192 ascendit,
863 3134 917 3181 et
956 3126 1268 3180 columnam
1307 3123 1615 3190 amplexus,
1649 3117 1762 3172 Deo
1796 3124 1852 3169 et
1884 3119 2004 3187 ejus
2038 3116 2142 3170 mi-

2259 3088 2441 3188 μεῖζον
2475 3088 2659 3184 λέγω-ς
2708 3088 2990 3180 Ἱππασιὸς
3033 3133 3116 3179 τις
3161 3116 3263 3183 τὴν
3303 3114 3460 3178 ἀξίαν
3495 3114 3588 3166 καὶ
3620 3115 3717 3180 τὴν
3745 3113 3838 3162 πίο

559 3223 735 3275 nistro
775 3220 968 3288 agebat
1007 3217 1232 3286 gratias.
1273 3213 1377 3269 Sed
1415 3229 1515 3268 cur
1552 3226 1662 3266 non
1699 3210 1824 3264 dico
1862 3209 1916 3263 id
1942 3249 1957 3275 ,
1997 3209 2148 3279 quod

559 3322 645 3366 est
676 3311 885 3378 majus?
912 3307 1141 3372 Quidam
1175 3306 1488 3374 Ilippasius,
1515 3313 1573 3357 et
1603 3304 1933 3359 auctoritate
1961 3309 2016 3354 et
2047 3299 2150 3354 fide

560 3402 814 3455 centurio
854 3407 993 3461 erat,
1023 3397 1163 3450 sicut
1197 3397 1240 3450 is
1272 3397 1363 3464 qui
1397 3395 1711 3448 celebratur
1736 3395 1788 3447 in
1820 3391 2151 3462 Evangeliis.

561 3491 662 3545 llic
700 3504 834 3556 ergo
870 3487 914 3540 si
949 3485 1172 3554 quando
1206 3486 1436 3539 vidisset
1469 3486 1706 3553 aliquem
1747 3499 1816 3539 ex
1863 3482 2150 3537 familiari-

561 3583 686 3646 bus,
725 3587 820 3633 aut
852 3577 1122 3646 cognatis,
1157 3584 1252 3630 aut
1289 3574 1433 3639 ﬁliis,
1467 3583 1562 3628 aut
1600 3575 1775 3628 servis
1808 3574 2006 3628 morbo
2043 3573 2149 3626 im-

563 3673 849 3743 plicatum,
867 3685 896 3722 a
917 3677 1109 3722 sancto
1128 3669 1353 3736 scriptis
1366 3666 1594 3721 verbum
1615 3667 1792 3722 solum
1813 3666 2148 3736 requirebat,

562 3774 619 3818 et
651 3764 939 3833 aegrotanti
980 3762 1270 3830 imponens
1303 3761 1595 3830 epistolam
1619 3801 1634 3824 ,
1672 3761 1856 3815 statim
1895 3760 2148 3814 morbum

563 3867 823 3925 tanquam
869 3855 1110 3923 aliquem
1179 3853 1467 3924 fugitivum
1514 3852 1754 3923 fugabat.
1798 3852 1934 3908 Cum
1985 3852 2150 3908 unius

565 3950 749 4003 adhuc
785 3949 1112 4011 meuiinero,
1149 3946 1406 4001 accedam
1444 3945 1511 4000 ad
1551 3945 1733 4017 magni
1767 3945 2008 4000 Danielis
2044 3945 2151 3999 mi-

565 4040 896 4110 gratiouem.

637 4131 726 4184 Ll.
777 4131 972 4186 Mulier
1020 4127 1270 4200 quaedam
1329 4127 1539 4182 habens
1592 4126 1805 4192 ﬁlium,
1857 4125 2148 4180 duodecim

565 4239 740 4278 armos
773 4233 962 4277 natum
987 4261 1000 4283 ,
1040 4224 1110 4276 ab
1145 4230 1268 4275 ortu
1307 4230 1556 4285 mutum;
1592 4235 1654 4273 ea
1678 4257 1691 4281 ,
1730 4219 1988 4288 inquam,
2025 4233 2153 4274 cum

566 4318 802 4372 latenter
835 4315 1192 4380 accessisset,
1229 4324 1284 4368 et
1319 4314 1373 4367 in
1410 4314 1586 4366 sancti
1621 4312 1849 4366 mandra
1885 4311 2149 4366 charissi~

566 4424 716 4462 mum
753 4407 1047 4475 posuisset,
1083 4421 1207 4460 cum
1243 4405 1383 4459 bona
1419 4421 1514 4475 spe
1552 4406 1781 4460 recedit.
1810 4404 2013 4460 Vident
2047 4404 2151 4457 ita-
2186 4438 2229 4492 υ

567 4517 673 4570 que
717 4500 970 4555 menaehi
1021 4516 1272 4568 puerum,
1317 4507 1372 4552 et
1415 4515 1541 4552 eum
1588 4514 1716 4552 eum
1761 4497 2148 4567 sumpsissent,

567 4595 779 4648 ducunt
819 4595 884 4647 ad
926 4605 1198 4648 sanctum.
1236 4595 1328 4648 Ille
1365 4610 1497 4648 vero
1529 4609 1654 4648 cum
1691 4608 1817 4646 eum
1855 4592 2032 4645 solum
2069 4591 2151 4644 vi-

567 4687 759 4748 disset,
799 4687 964 4755 jussit
1010 4696 1068 4740 ut
1111 4703 1233 4740 cmn
1275 4688 1357 4741 eis
1395 4695 1730 4744 versaretur,
1773 4685 1996 4737 futurus
2036 4684 2150 4751 ipse

570 4781 664 4835 Dei
705 4779 975 4834 minister.
1014 4781 1311 4848 Postquam
1347 4787 1530 4833 autem
1569 4775 1954 4846 signiﬁcarent
1994 4777 2152 4830 beato

571 4890 803 4944 puerum
830 4889 950 4927 esse
981 4882 1189 4926 mutum
1209 4911 1222 4931 ,
1247 4870 1400 4939 jubet
1428 4869 1573 4922 illius
1599 4867 1844 4936 linguam
1872 4867 1998 4938 ungi
2027 4868 2150 4920 oleo

570 4977 906 5022 sanctorum.
953 4965 1086 5028 Quis
1135 4961 1463 5030 praaterierit
1511 4975 1574 5013 ea
1620 4975 1741 5028 quae
1786 4969 1916 5014 sunt
1961 4967 2148 5028 postea

571 5058 905 5112 consecuta?
936 5056 1302 5122 Suspicantur
1333 5062 1562 5106 matrem
1599 5063 1824 5120 propter
1853 5064 2150 5122 pauperta-

572 5159 681 5205 tem
711 5148 1030 5203 mentiendo
1054 5145 1259 5199 dixisse
1285 5144 1455 5197 ﬁlium
1485 5158 1604 5198 esse
1635 5152 1878 5209 mutum,
1906 5152 1965 5196 nt
1991 5159 2057 5197 ex
2083 5160 2151 5198 eo

572 5242 814 5296 aleretur
845 5240 990 5294 ﬁlius
1017 5255 1032 5292 :
1063 5247 1118 5292 et
1152 5235 1501 5298 accedentes,
1532 5236 1622 5291 alii
1655 5235 1877 5304 quidem
1908 5235 1959 5288 ei
1995 5234 2154 5290 incu-

575 5332 785 5385 tiebant
831 5339 1122 5390 terrorem,
1167 5337 1226 5381 ut
1272 5325 1353 5380 sic
1395 5325 1758 5380 conturbatus
1797 5325 2153 5394 loqueretur;

575 5425 666 5479 alii
700 5433 881 5476 autem
915 5421 1038 5475 telis
1069 5421 1385 5490 pungebant
1413 5418 1801 5481 dormientem,
1832 5425 1927 5470 aut
1955 5416 2158 5486 linguis

575 5519 774 5576 acutis,
799 5524 855 5568 et
881 5523 1106 5581 repente
1129 5527 1160 5567 e
1185 5513 1393 5566 somnis
1415 5510 1752 5575 excitabant,
1779 5519 1838 5564 ut
1865 5510 2156 5571 clamasse,

575 5618 632 5662 et
663 5606 868 5676 aliquid
904 5605 1121 5659 interim
1157 5604 1360 5658 dixisse
1388 5602 1920 5672 deprehenderetur.
1953 5603 2001 5655 Is
2027 5616 2155 5656 vero

577 5717 701 5756 cum
746 5701 909 5752 vellet
949 5699 1064 5768 ipse
1104 5697 1325 5766 quidem
1367 5695 1538 5749 multa
1578 5694 1764 5748 dicere
1804 5708 1913 5762 pne
1948 5692 2156 5758 dolore,

580 5791 759 5846 rati-.10
795 5801 976 5844 autem
1013 5789 1191 5843 morbi
1228 5786 1444 5842 vinculo
1479 5785 1720 5854 linguam
1757 5785 1982 5839 haberet
2016 5799 2156 5853 pra:-

2258 3227 2373 3262 στιν
2407 3209 2840 3278 ἑκατοντάρχης,
2862 3207 3051 3275 ὥσπερ
3089 3205 3272 3277 πρώην
3299 3207 3328 3257 ὁ
3367 3210 3424 3257 ἐν
3448 3206 3560 3266 τοῖς
3595 3204 3843 3270 Εὑαγγε-

2253 3301 2389 3364 λίοις
2445 3301 2838 3373 περιᾳδόμενος
2879 3316 2892 3330 ·
2926 3293 3082 3361 οὗτος
3123 3300 3324 3358 τοίνυν,
3361 3297 3541 3350 είποτέ
3571 3313 3690 3347 τινα
3728 3296 3840 3347 τῶν

2253 3397 2471 3447 οίιτείων
2507 3394 2539 3467 ἦ
2575 3397 2851 3462 συγγενῶν
2884 3393 2916 3464 ἢ
2963 3392 3170 3445 παίδων
3224 3391 3256 3461 ἢ
3289 3391 3491 3444 δούλων
3516 3390 3657 3458 νόσῳ
3691 3389 3842 3458 ἑώρα

2257 3483 2679 3556 περισχεθέντες,
2712 3483 2864 3554 ῥῆμα
2893 3484 3056 3552 μόνον
3086 3482 3172 3535 διὸ.
3205 3482 3427 3552 γραφῆς
3462 3479 3716 3551 ἐπεζήτει
3747 3481 3840 3532 τὸν

2254 3577 2421 3646 ὅσιον,
2459 3576 2554 3630 καὶ
2578 3577 2678 3647 τὴν
2703 3575 2992 3643 επιστολὴν
3038 3574 3119 3646 τῷ
3149 3573 3396 3627 νοσοῦντι
3433 3573 3702 3636 ἐπιτιθεὶς
3753 3573 3838 3624 εὑο

2256 3667 2394 3730 θέως
2423 3665 2612 3738 ὥσπερ
2643 3669 2764 3723 τινα
2790 3667 3067 3737 δραπέτην
3101 3665 3197 3737 τὴν
3219 3665 3374 3718 νόσον
3400 3664 3623 3734 φεύγειν
3645 3665 3840 3718 ἐποίει.

2265 3757 2426 3820 Ἒνδς¹
2446 3759 2525 3810 ἔτι
2557 3758 2818 3828 μνησθεὶς
2849 3759 2940 3809 ἐπὶ
2967 3757 3066 3826 τὴν
3097 3755 3190 3808 τού
3235 3755 3475 3826 μεγάλου
3507 3758 3842 3826 μετάστασιν

2257 3847 2575 3919 βαδιοῦμαι.

2328 4122 2459 4178 NA'.
2485 4123 2624 4191 Γυνή
2648 4137 2732 4185 τις
2759 4122 2872 4174 υίδν
2898 4121 3098 4190 ἔχουσα
3121 4118 3215 4172 δύο
3241 4118 3376 4188 πρὸς
3413 4120 3528 4180 τοῖς
3561 4118 3690 4171 δέκα
3715 4116 3842 4188 χρόα

2257 4234 2370 4276 νοις
2407 4216 2505 4286 τὴν
2540 4216 2754 4285 ἠλικίαν
2812 4216 2878 4266 ὲκ
2928 4211 3152 4282 γενετῆς
3184 4213 3399 4275 ἄλαλον,
3431 4211 3570 4281 αὕτη
3610 4211 3752 4263 κατὰ
3779 4211 3842 4263 τὸ

2258 4307 2480 4378 λεληθὸς
2509 4304 2886 4375 προσελθοῦσα
2909 4305 3004 4357 καὶ
3029 4306 3093 4374 τῇ
3139 4304 3352 4374 μάνδρα
3391 4302 3485 4355 τοῦ
3517 4302 3664 4355 ὁσίου
3705 4319 3844 4373 προ-

2259 4401 2413 4456 θεῖσα
2443 4402 2532 4454 τδν
2567 4400 2823 4468 φίλτατον
2862 4398 3001 4467 μετὰ
3049 4398 3300 4466 χρηστῶν
3331 4396 3519 4449 ἄπεισι
3551 4397 3662 4448 τῶν
3688 4396 3845 4448 ἐλπίο

2261 4497 2384 4548 δων.
2431 4491 2628 4563 Ὀρῶσι
2657 4489 2838 4543 τοίνυν
2866 4490 2915 4541 oi
2948 4489 3174 4558 μοναχοὶ
3202 4486 3292 4539 τὸν
3317 4487 3505 4551 παῖδα,
3539 4489 3631 4539 καὶ
3655 4488 3846 4540 λαϐόν-

2259 4605 2348 4648 τες
2379 4586 2569 4654 ἄγουσι
2627 4584 2763 4652 πρῆς
2815 4582 2910 4634 τὸν
2965 4581 3132 4634 ὅσιον.
3203 4576 3264 4631 ⁸0
3289 4579 3345 4632 δὲ
3376 4581 3468 4633 καὶ
3522 4580 3683 4649 μόνον
3719 4579 3847 4632 ἰδὼν

2259 4679 2476 4730 ἐκέλευε
2519 4678 2758 4728 συνεῖναι
2793 4673 3004 4736 τούτοις
3035 4671 3352 4740 λειτουργὸν
3400 4672 3563 4725 αὑτὸν
3588 4672 3681 4724 τοῦ
3707 4671 3845 4725 Qui}

2261 4773 2538 4838 ἐσόμενον.
2583 4765 2803 4835 Ἐπειδὴ
2842 4765 2897 4818 δὲ
2927 4767 3027 4819 καὶ
3053 4764 3113 4816 τὸ
3145 4765 3343 4818 ἄλαλον
3368 4761 3508 4818 εἶναι
3559 4766 3649 4818 τὸν
3677 4767 3849 4821 παῖδα

2257 4865 2335 4934 τῷ
2394 4861 2652 4934 μακαρίῳ
2700 4859 3027 4929 ἐγνώρισαν,
3091 4859 3342 4929 χρίεσθαι
3393 4858 3476 4927 τῷ
3529 4861 3638 4911 τῶν
3671 4861 3845 4926 ἁγίων

2261 4955 2426 5027 ἐλαίῳ
2450 4955 2546 5022 τὴν
2569 4952 2782 5005 ἐκείνου
2805 4951 3047 5017 γλῶτταν
3072 4952 3424 5021 προστάσσει.
3452 4951 3547 5011 Τίς
3578 4950 3644 5002 ἂν
3668 4967 3847 5020 παρα-

2261 5043 2540 5116 δράμοιτὰ
2571 5043 2710 5113 μετὰ
2723 5041 2932 5105 ταύτας
2971 5040 3371 5094 ’Υποπτεύουσι
3392 5040 3490 5110 τὴν
3509 5042 3727 5111 μητέρα
3757 5041 3846 5094 διὰ

2263 5138 2452 5191 πενίαν
2498 5134 2895 5204 ἔπιψεύσασθαι
2953 5133 3032 5203 τῷ
3067 5135 3309 5205 φιλτάτῳ
3344 5135 3440 5203 τὴν
3471 5133 3738 5200 ἀφωνίαν,
3779 5133 3846 5185 ἶν’

2259 5231 2484 5285 αὐτόθεν
2513 5231 2540 5280 ὁ
2573 5232 2701 5290 παῖς
2729 5228 2866 5297 αὐτῇ
2893 5227 3238 5298 διατρέφοιτο
3266 5243 3280 5257 ’
3312 5227 3407 5280 καὶ
3443 5227 3765 5297 προσιόντες
3795 5230 3846 5281 οι

2262 5324 2360 5393 μὲν
2390 5321 2538 5390 αὑτῷ
2555 5320 2752 5388 φόὸους
2783 5319 2946 5372 ἴστων
2971 5321 3064 5372 καὶ
3091 5320 3344 5388 δείματα,
3373 5321 3459 5372 ἵνα
3481 5320 3848 5390 ἐκταραχθεὶς

2260 5413 2582 5483 φθέγξηται,
2639 5412 2687 5464 οἱ
2739 5409 2796 5462 δὲ
2851 5409 3185 5462 καθεύδοντα
3239 5409 3452 5478 βέλεσιν
3503 5410 3779 5479 ἔπλησσον
3809 5411 3844 5478 ῆ

2261 5505 2439 5572 ξύλοις
2464 5505 2633 5570 ὀξέσι,
2677 5503 2772 5555 καὶ
2801 5501 3084 5568 αἰφνιδίως
3110 5501 3219 5554 τῶν
3250 5501 3440 5555 ὕπνων
3465 5503 3725 5566 ἀνίστω-ι,
3757 5501 3848 5553 ἵνα

2263 5600 2359 5652 καὶ
2390 5598 2592 5668 βοήσας
2623 5597 2656 5666 ἧ
2688 5614 2740 5648 τι
2768 5596 3053 5664 παρειπὲυν
3081 5596 3330 5667 φωραθῇ.
3373 5595 3434 5650 Ὀ
3460 5597 3517 5649 δὲ
3544 5595 3715 5649 πολλὰ
3747 5598 3848 5664 μὲν

2265 5690 2361 5743 καὶ
2389 5689 2550 5750 αὐτὸς
2575 5687 2683 5738 ὑπὸ
2722 5688 2820 5756 τῆς
2854 5686 3047 5755 ὀδύνης
3079 5686 3281 5738 ἐθέλων
3317 5689 3515 5747 εἰπεῖν,
3547 5686 3626 5756 τῷ
3657 5688 3714 5739 δὲ
3749 5685 3853 5738 τοῦ

2268 5779 2472 5844 πάθους
2524 5781 2731 5850 ἰσχυρῷ
2777 5779 2962 5850 δεσμῷ
3011 5782 3108 5849 τὴν
3170 5779 3417 5848 γλῶτταν
3471 5766 3861 5848 πεπεδημένος
