4142 6384
486 291 626 355 1023

1586 293 1762 355 VITA
1797 291 1858 353 S.
1885 289 2252 352 DANIELIS
2284 289 2645 353 STYLIT/E.

3596 291 3731 358 103$

479 409 690 478 ἄφωνος
734 404 825 479 ἦν,
888 409 1055 463 πολλὰ
1089 409 1237 479 βοῶν
1278 411 1471 481 τῷτῆς
1519 412 1744 483 καρδίας
1793 411 1929 483 πρὸς
1958 412 2048 465 τὸν

2157 409 2429 476 peditatu,
2457 418 2577 464 erat
2610 418 2794 465 mutus
2814 450 2828 476 ,
2858 426 2955 466 ore
2986 410 3169 466 cordis
3202 411 3369 466 multa
3395 412 3638 481 loquens
3669 416 3735 470 ad

473 502 606 555 Θεὸν
634 504 886 572 στόματι.
941 497 1116 557 Ἧκεν
1143 505 1175 571 ἡ
1208 504 1399 575 πρώτη
1454 504 1620 574 κυρία
1663 503 1772 558 τῶν
1807 505 2050 576 ήμρῶν,

473 596 569 650 καὶ
590 594 686 648 τοῦ
712 594 961 649 διακόνου
994 596 1054 649 τὸ
1072 596 1166 649 τοῦ
1184 597 1421 667 Χριστοῦ
1446 596 1777 666 Εὐαγγέλιον
1804 597 2052 666 συνήθως

472 688 764 760 μέλλοντος
787 686 1369 754 ὐπαναγινὼσκειν,ὠς
1400 688 1563 760 πρότε
1575 705 1689 758 ρον,
1712 688 1772 741 τὸ
1784 687 1879 741 τοῦ
1892 688 2054 757 εὐαγ-

474 779 725 848 γελιστοῦ
784 780 957 849 ὄνομα
1010 783 1121 844 τοῖς
1161 779 1311 842 λαοῖς
1367 779 1702 852 ἐξεφώνησε,
1730 780 2054 851 προφθάσας

473 871 683 934 πάντας
720 872 748 923 ὁ
804 872 954 936 παῖς,
989 870 1072 939 τὸ,
1124 870 1261 935 Δόξα
1291 888 1396 937 σοι,
1431 872 1624 943 Κύριε,
1654 873 1893 944 καθαρᾷ,
1924 872 2051 943 ἔφη,

474 964 570 1016 καὶ
626 962 863 1035 μεγίστῃ
916 966 1067 1035 φωνῇ
1094 979 1108 995 ⁸
1166 965 1261 1017 καὶ
1282 965 1344 1017 τὸ
1391 962 1578 1018 λοιπὸν
1602 965 1746 1019 οὕτω
1775 967 1873 1036 τῆς
1899 965 2053 1035 ἱερᾶς

471 1054 817 1125 λειτουργίας
849 1054 1181 1125 συμψάλλων
1209 1055 1290 1125 τῷ
1317 1054 1511 1127 πλήθει
1535 1056 1631 1110 καὶ
1656 1057 2054 1128 συναποκρινό-

476 1163 636 1217 μενος
658 1147 944 1201 δετέλεσε.
977 1147 1157 1202 Πολλὰ
1184 1148 1282 1217 μὲν
1306 1142 1399 1202 οὖν
1428 1149 1521 1202 καὶ
1552 1148 1688 1204 ἄλλα
1718 1149 1797 1220 τῷ
1830 1150 2052 1220 μεγάλῳ

471 1237 834 1309 κατώρθωται
898 1239 1037 1309 μήτε
1088 1236 1233 1307 λόγῳ
1265 1238 1428 1310 ῥητὰ,
1463 1241 1601 1310 μήτε
1654 1238 1745 1294 διὰ
1771 1240 1862 1294 τὸν
1888 1241 2051 1312 κόρον

471 1329 608 1399 ἀκοῇ
640 1330 882 1400 χωρητά.

540 1419 670 1476 NB’.
698 1421 847 1493 Πλὴν
886 1423 1109 1494 ἀρκέσει
1140 1423 1233 1477 καὶ
1267 1423 1443 1477 ταῦτα
1473 1423 1639 1491 δεῖξαι
1682 1412 1813 1496 δ’σην
1842 1427 2049 1490 ἐκεῖνος

472 1511 724 1566 ἐπλούτει
770 1513 870 1584 τὴν
896 1515 1032 1584 πρὸς
1077 1514 1210 1569 Θεὸν
1238 1516 1576 1590 παρρησίαν,
1618 1519 1710 1571 καὶ
1741 1519 1872 1590 ὄτην
1906 1519 2050 1572 κάν-

470 1601 660 1657 τεῦθεν
712 1597 831 1673 εἷχε
894 1603 993 1675 τὴν
1049 1605 1185 1676 πρὸς
1219 1605 1424 1660 ἐκεῖνον
1455 1608 1751 1679 ἐγγύτητα.
1791 1607 1962 1663 Τοῦτο
1990 1609 2047 1663 δὲ

474 1694 636 1762 μόνον
668 1694 779 1764 ἐρῶ
808 1695 903 1750 καὶ
928 1695 1170 1767 ὡσπερεὶ
1189 1696 1258 1750 τὰ
1292 1697 1527 1769 ῥηθέντα
1548 1701 2044 1771 ἐπισφραγίσομαι,

467 1787 553 1838 ὅτι
610 1788 864 1841 τοσοῦτον
912 1784 982 1859 ἦν
1007 1787 1159 1860 αὐτῷ
1202 1791 1340 1858 μετὰ
1375 1791 1588 1844 πολλῶν
1648 1792 1741 1846 καὶ
1772 1793 2048 1863 μεγίστων

469 1878 768 1947 θαυμάτων
784 1878 844 1932 τὸ
860 1881 1104 1945 ἐπιεικές
1126 1898 1186 1935 τε
1208 1883 1301 1934 καὶ
1332 1883 1579 1955 μέτριον,
1612 1886 1707 1937 καὶ
1739 1884 1839 1955 οὐχ
1861 1886 2050 1948 ἁπλῶς

472 1971 713 2041 μέτριον,
751 1971 887 2026 ἀλλὰ
941 1972 1037 2026 καὶ
1097 1975 1582 2045 συντετριμμένον,
1619 1977 1759 2031 κατὰ
1784 1977 1876 2032 τὸν
1906 1977 2049 2030 θεῖον

470 2062 636 2131 φάναι
658 2061 841 2126 Δαυτδ,
883 2063 980 2117 καὶ
1011 2063 1092 2128 είς
1137 2063 1308 2135 ἄκρον
1342 2061 1478 2138 ἧκον
1506 2068 1605 2137 τῆς
1637 2064 2045 2132 ταπεινώσεως,

467 2154 609 2208 ὥστε
646 2154 709 2208 οὐ
752 2154 957 2225 μᾶλλον
995 2154 1062 2208 ἄν
1090 2171 1175 2219 τις
1205 2154 1521 2226 ἐθαύμασεν
1565 2158 1727 2210 αὐτὸν
1766 2160 1865 2228 τῆς
1892 2159 2049 2229 ἐνερ-

465 2247 624 2317 γείας
651 2247 761 2300 τῶν
789 2245 1108 2316 παραδόξων
1133 2247 1258 2302 ὅσον
1287 2247 1382 2301 τοῦ
1415 2247 1640 2303 τοιαῦτα
1662 2249 2046 2319 διενεργοῦντα

471 2339 641 2411 μηδὲν
673 2338 835 2392 πλέον
859 2338 1001 2410 ἔχειν
1028 2336 1137 2392 τῶν
1167 2337 1378 2393 πολλῶν
1407 2337 1638 2392 οἴεσθαι.
1696 2338 1910 2409 Ἀμέλει
1953 2340 2047 2394 καὶ

467 2429 721 2483 τοσοῦτον
744 2430 821 2492 είς
853 2431 1056 2502 ἀρετὴν
1086 2429 1373 2501 προσέχων
1404 2430 1613 2500 σφόδρα
1641 2429 1770 2501 περὶ
1799 2430 1893 2483 τοῦ
1924 2430 2046 2501 κρίο

466 2540 579 2576 νειν
606 2523 675 2575 τὰ
703 2523 811 2576 τῶν
858 2522 1035 2576 ἄλλων
1067 2522 1313 2586 εὐλαϐῶς
1351 2519 1464 2593 εἶχε
1490 2524 1587 2578 καὶ
1638 2524 2042 2594 πεφεισμένως.

466 2614 579 2666 Καὶ
597 2614 656 2666 τὸ
682 2614 742 2665 ὲν
768 2613 931 2665 παντὶ
959 2612 1016 2665 δέ
1046 2613 1173 2684 περὶ
1206 2612 1343 2667 Θεοῦ
1379 2614 1473 2666 xui.
1507 2613 1614 2667 τῶν
1640 2613 1782 2684 ὑπὲρ
1820 2616 1967 2683 ἡμᾶς
1992 2631 2046 2668 τι

465 2704 744 2759 διδάσκειν
773 2703 946 2767 οὕτως
975 2702 1240 2775 ἐπίφοϐον
1274 2700 1342 2776 ἦν
1386 2705 1536 2778 αὐτῷ
1565 2706 1660 2760 καὶ
1686 2706 2048 2777 πεφυλαγμέ-

466 2814 579 2861 νον,
605 2798 679 2861 ῶς
694 2797 789 2850 καί
818 2797 946 2850 ποτέ
974 2813 1134 2851 τινων
1157 2814 1220 2849 πε
1232 2797 1284 2866 pi.
1311 2797 1589 2866 θεολογίας
1620 2797 2044 2866 φιλοπευστούνι-

463 2905 597 2950 των,
634 2887 727 2940 καὶ
781 2885 958 2940 ἄτοπά
1008 2903 1130 2939 τινα
1159 2885 1325 2955 δῆθεν
1359 2887 1465 2941 ὐπὸ
1502 2888 1692 2959 ἱερέων
1716 2888 2044 2958 τολμώμενα

384 2984 395 2995 ’
468 2977 863 3048 προτεινόντων
893 2977 988 3030 καὶ
1038 2976 1455 3048 διενοχλοῦντων
1490 2977 1664 3049 αὐτῷ,
1701 2980 1763 3033 Εἰ
1791 2982 1889 3049 μὲν
1919 2982 2044 3051 περὶ

2076 1741 2125 1800 Β

2154 499 2349 569 Deum.
2375 501 2535 558 Venit
2567 501 2782 556 dierum
2817 503 3029 573 primus
3061 514 3114 558 et
3146 504 3491 574 praecipuus;
3523 514 3579 559 et
3608 520 3735 560 cum

2155 591 2423 648 diaconus
2461 594 2668 650 Christi
2703 576 3059 666 Evangelium
3090 603 3239 651 esset
3275 597 3341 650 de
3375 588 3741 652 more’lectu—

2156 700 2272 749 rus,
2315 700 2441 740 cum
2483 687 2727 757 primum
2770 704 2974 743 nomen
3019 689 3369 759 evangelista:
3410 689 3612 745 edatus
3653 698 3739 746 est

2153 775 2404 844 pOpulis,
2455 793 2647 833 omnes
2696 794 2836 848 puer
2876 780 3255 849 praeveniens,
3308 778 3447 835 dixit
3494 796 3634 851 pura
3677 792 3735 836 et

2154 853 2392 919 m'axima
2418 881 2573 930 voce,
2607 886 2625 920 ι
2661 868 2844 924 Gloria
2879 870 3003 936 tibi,
3037 871 3296 935 Domine;
3334 889 3353 923 ο
3384 880 3440 925 et
3468 871 3547 927 sic
3577 871 3737 927 dein-

2154 969 2287 1023 ceps
2331 970 2431 1024 per
2474 965 2650 1012 totum
2695 973 2911 1013 sacrum
2958 958 3323 1015 ministerium
3366 961 3739 1028 perseveravit

2155 1042 2318 1097 simul
2368 1058 2495 1098 cum
2545 1047 2751 1117 p0pulo
2804 1063 3000 1103 canere
3049 1056 3107 1103 et
3155 1049 3511 1116 respondere.
3558 1050 3737 1119 Atque

2154 1134 2327 1188 multa
2371 1135 2596 1205 quidem
2642 1138 2749 1191 alia
2796 1154 2824 1191 a
2874 1154 3073 1207 magno
3116 1138 3340 1194 Daniele
3385 1147 3538 1209 gesta
3583 1148 3734 1201 sunt.

2153 1242 2275 1298 quae
2308 1243 2486 1298 neque
2515 1228 2696 1284 verbis
2724 1230 2986 1300 explicari
3015 1241 3268 1302 possunt,
3301 1247 3479 1301 neque
3512 1241 3739 1303 propter

2153 1318 2463 1374 satietatem
2494 1321 2618 1391 capi
2652 1321 2905 1376 auribus.

2223 1407 2340 1467 LII.
2379 1411 2583 1467 Verum
2621 1412 2770 1467 enim
2804 1428 2935 1468 vero
2976 1412 3248 1470 sufﬁcient
3290 1414 3406 1469 haec
3445 1413 3512 1469 ad
3554 1424 3740 1470 osten-

2151 1498 2416 1565 dendum,
2443 1510 2648 1571 quanta
2673 1503 2761 1558 ille
2789 1503 2992 1559 fiducia
3018 1515 3166 1560 esset
3192 1506 3343 1560 dives
3366 1505 3510 1574 apud
3537 1506 3733 1572 Deum,

2149 1596 2206 1644 et
2236 1600 2439 1660 quanta
2469 1592 2519 1646 ei
2552 1608 2679 1648 cum
2713 1594 2806 1649 illo
2839 1594 3210 1652 intercederet
3240 1597 3580 1668 conjunctio.
3620 1599 3736 1654 lloc

2159 1692 2343 1736 autem
2377 1682 2553 1736 solum
2589 1683 2768 1737 dicam
2791 1725 2805 1747 ,
2842 1697 2897 1740 et
2928 1701 2993 1741 ea
3028 1702 3151 1759 qum
3185 1686 3328 1742 dicta
3362 1698 3528 1752 sunt,
3556 1687 3737 1744 'veluti

2153 1772 2490 1842 obsignabo,
2518 1775 2664 1844 quod
2691 1792 2813 1831 cum
2840 1778 3030 1833 multis
3054 1787 3108 1833 et
3139 1779 3388 1833 maximis
3413 1778 3698 1833 miraculis
3719 1820 3734 1842 .

2155 1873 2303 1920 tanta
2344 1874 2465 1922 erat
2503 1866 2557 1921 ei
2598 1867 2798 1924 lenitas
2837 1876 2892 1924 et
2933 1868 3267 1933 moderatio;
3304 1880 3361 1924 et
3399 1884 3513 1923 non
3552 1869 3731 1923 solum

2152 1957 2478 2022 moderatio,
2508 1958 2604 2013 sed
2637 1968 2697 2013 ut
2726 1975 2850 2015 cum
2883 1961 3070 2015 divino
3099 1961 3270 2015 David
3302 1961 3483 2015 dicam
3504 1962 3570 2028 ιο,
3601 1976 3735 2016 con-

2153 2048 2306 2103 tritio
2336 2059 2392 2104 et
2421 2065 2633 2106 summa
2660 2051 2949 2106 humilitas
2969 2092 2984 2116 ,
3021 2060 3079 2106 ut
3112 2068 3219 2107 non
3253 2053 3424 2122 magis
3452 2068 3579 2108 eum
3611 2053 3736 2121 quis

2150 2140 2455 2196 admiretur
2474 2150 2698 2211 propter
2720 2143 3094 2212 operationem
3125 2144 3541 2206 miraculorum,
3565 2160 3730 2213 quam

2149 2231 2296 2302 quod
2349 2249 2475 2287 cum
2524 2234 2650 2288 talia
2699 2244 3045 2304 operaretur,
3099 2234 3237 2288 nihil
3284 2235 3625 2289 existimaret
3671 2250 3732 2289 se

2150 2323 2277 2392 plus
2314 2323 2518 2379 habere
2552 2324 2698 2379 aliis.
2735 2323 2878 2388 Quin
2913 2325 3079 2378 etiam
3115 2338 3240 2378 cum
3275 2324 3478 2379 virtute
3512 2333 3730 2378 tantum

2146 2425 2458 2485 praestaret,
2498 2417 2553 2470 in
2595 2417 2804 2488 iudicio
2846 2419 2913 2472 de
2957 2417 3081 2471 aliis
3120 2416 3349 2472 ferendo
3385 2426 3507 2471 erat
3544 2416 3737 2471 admo-

2149 2508 2279 2563 dum
2310 2517 2507 2565 cautus
2536 2518 2593 2564 et
2618 2525 2839 2579 parcus.
2869 2509 3042 2576 Quam
3072 2525 3202 2564 vero
3227 2518 3373 2564 esset
3404 2509 3459 2563 in
3489 2508 3639 2563 omni
3674 2523 3734 2578 re

2148 2616 2179 2653 a
2218 2601 2360 2655 fastu
2397 2609 2455 2655 et
2497 2601 2756 2670 superbia
2799 2602 3048 2664 alienus,
3086 2601 3209 2672 quis
3251 2601 3490 2656 dixerit?
3524 2595 3733 2656 Eorum

2147 2702 2354 2755 autem,
2387 2708 2509 2762 qua:
2539 2708 2706 2764 supra
2736 2707 2838 2748 nos
2867 2702 3013 2758 sunt,
3049 2694 3189 2747 adeo
3220 2692 3449 2749 timebat
3476 2699 3531 2746 et
3562 2707 3726 2746 cave-

2148 2784 2242 2837 bat
2272 2783 2470 2837 docere
2502 2783 2729 2852 aliquid,
2762 2792 2824 2838 ut
2854 2798 2978 2839 cum
3010 2783 3257 2853 quidam.
3294 2783 3387 2852 qui
3419 2783 3487 2836 de
3520 2781 3733 2836 theolo-

2147 2876 2233 2946 gia
2268 2876 2501 2930 libenter
2531 2876 2974 2941 sciscitabantur,
3007 2876 3257 2945 qumdam
3289 2876 3454 2930 etiam
3491 2873 3732 2928 absurda

2149 2976 2539 3036 proponerent,
2567 2982 2688 3036 qua:
2715 2967 2991 3021 audebant
3018 2967 3200 3021 facere
3228 2966 3572 3030 sacerdotes,
3600 2970 3657 3019 et
3681 2962 3735 3020 ei

458 3067 623 3133 Θεοῦ,
684 3070 871 3138 φησὶν,
923 3067 1073 3121 ἐστὶν
1102 3068 1132 3119 δ
1189 3068 1360 3137 ἀγὼν,
1397 3071 1677 3140 αὐτάρκης
1710 3074 1842 3141 ἡμῖν
1875 3075 1903 3126 ό
1940 3073 2048 3127 τῶν

2153 3057 2477 3112 exhiberem
2510 3058 2820 3112 molestiam
2855 3075 2868 3111 :
2899 3058 2960 3112 Si
2996 3075 3025 3112 a
3056 3058 3215 3112 vobis
3251 3057 3497 3127 quidem,
3529 3058 3737 3111 d'ceret

470 3160 782 3213 ἀποστόλων
816 3160 979 3230 χορὸς
1010 3163 1105 3213 καὶ
1132 3161 1188 3213 αἱ
1213 3161 1452 3230 θεολόγοι
1483 3162 1591 3214 τῶν
1639 3164 1900 3233 Πατέρων
1934 3182 2049 3232 φωρ

467 3251 582 3315 ναὶ,
610 3250 707 3305 καὶ
734 3252 889 3304 οὐδὲν
922 3252 1043 3305 δέον
1093 3253 1408 3322 περαιτέρω
1462 3254 1956 3326 περιεργάζεσθαιο
1999 3258 2048 3309 εί

464 3341 527 3396 δὲ
561 3343 656 3395 καὶ
711 3343 840 3412 περὶ
892 3342 1251 3414 ἀνθρωπίνων
1310 3346 1658 3416 πραγμάτιον
1714 3348 1808 3399 καὶ
1857 3349 2048 3417 ἱερέων

460 3433 603 3503 ⁷ὑμῖν
632 3436 693 3487 τὸ
716 3434 1043 3503 ἀμφίϐολον,
1071 3435 1248 3491 ταῦτα
1277 3438 1455 3492 πάντα
1490 3440 1555 3509 τῇ
1584 3438 1676 3491 τοῦ
1702 3437 1836 3491 Θεοῦ
1870 3438 2048 3509 κρίσει

470 3525 858 3597 συγχωρητέον
893 3527 991 3580 καὶ
1023 3529 1138 3590 τοῖς
1188 3526 1249 3591 ἐξ
1287 3527 1498 3582 ἐκείνου
1524 3528 1624 3596 τὴν
1654 3529 1912 3599 τοιαύτην
1944 3546 2049 3582 πα-

468 3616 799 3689 ραλαϐοῦσιν
830 3619 1027 3688 ἀρχήν.
1078 3618 1243 3688 Ἡμῖν
1278 3618 1335 3672 δὲ
1374 3619 1661 3689 ἀγαπητὸν
1685 3622 1779 3672 καὶ
1810 3617 1902 3689 ὐφ’
1929 3619 2047 3673 ἐτέ-

471 3723 582 3779 ρων
619 3706 1008 3777 ποιμαίνεσθαι
1053 3709 1148 3761 καὶ
1191 3706 1260 3760 τὰ
1287 3707 1414 3760 καθ’
1447 3709 1597 3779 ἡμᾶς
1638 3710 1884 3772 σκοπεῖν,
1912 3707 2047 3762 ἀλλὰ

483 3801 559 3872 μὴ
591 3801 698 3854 τῶν
734 3802 1011 3871 περιττῶν
1035 3800 1244 3856 τούτων
1272 3803 1366 3855 καὶ
1390 3800 1671 3872 βλαϐερῶν
1704 3802 1926 3874 ἔχεσθαι
1948 3801 2047 3872 ζη-

466 3894 749 3964 τημάτων.
781 3894 893 3948 Kal.
915 3892 1088 3948 ταῦτα
1118 3894 1215 3964 μὲν
1242 3892 1442 3956 οὕτως.

540 4067 665 4124 NI”.
711 4068 770 4121 '0
804 4068 861 4122 δέ
893 4068 1049 4136 λόγος
1079 4068 1179 4140 ἤδη
1218 4069 1352 4140 πρὸς
1385 4069 1445 4123 τὸ
1485 4068 1636 4133 τέλος
1679 4070 1909 4140 ἥκοντος
1955 4070 2049 4124 τοῦ

470 4161 651 4231 ἁγίου,
706 4162 800 4215 καὶ
863 4161 1026 4223 αὐτὸς
1085 4161 1271 4231 μέλλει
1331 4160 1663 4230 καταλήγειν
1700 4163 1780 4226 είς
1813 4162 2047 4232 σιωπήν.

469 4250 620 4322 Πλὴν
653 4250 790 4304 ἀλλὰ
842 4250 1016 4320 μικρά
1066 4266 1191 4304 τινα
1244 4249 1524 4303 κάνταῦθα
1557 4252 1664 4320 πρδ
1712 4251 1808 4303 τοῦ
1862 4251 2051 4314 τέλους

471 4343 718 4405 εἰπόντες
748 4342 892 4395 οὕτω
918 4324 1198 4410 τὸνλόγον
1241 4342 1702 4410 διαναπαύσομαι.
1739 4343 1921 4411 Ἔγνω
1950 4345 2051 4413 μὲν

471 4435 500 4487 δ
532 4434 870 4504 προφητικδς
902 4435 1109 4496 ἐκεῖνος
1139 4434 1236 4486 σὺν
1271 4434 1444 4487 ἆπασι
1471 4437 1583 4497 τοῖς
1602 4435 1811 4499 λοιποῖς
1835 4439 1929 4487 καὶ
1952 4435 2050 4505 τὴν

475 4524 671 4578 ἑαυτοῦ
737 4526 876 4593 πρὸς
915 4525 1121 4593 Κύριον
1189 4524 1458 4593 ἐκδημίαν
1512 4527 1749 4589 καὶτοῖς
1778 4526 2047 4598 μαθηταῖς

470 4614 633 4668 τοῦτο
661 4615 911 4686 φανερῶς
945 4615 1375 4685 προηγόρευσεν.
1404 4616 1559 4669 Ἐπεὶ
1597 4616 1653 4669 δὲ
1688 4619 1840 4688 καὶὴ
1883 4621 2049 4690 κυρία

474 4707 575 4777 ἢδη
605 4707 898 4775 ὲγγίξουσα
938 4701 1004 4777 ἦν
1029 4706 1324 4777 ἐγγράφως
1356 4709 1542 4770 αὐτοῖς
1572 4707 1641 4762 τὰ
1669 4711 1765 4780 τῆς
1794 4710 2048 4778 εὐλογίας

468 4795 663 4866 ὥσπερ
699 4798 841 4861 τινὲς
872 4795 1022 4849 ἄλλοι
1068 4797 1137 4850 τὰ
1177 4797 1278 4866 τῆς
1324 4797 1515 4862 οὐσίας
1563 4800 1903 4870 χαρίζονται,
1956 4802 2050 4855 καὶ

475 4889 830 4959 ὑπογραφεὺς
853 4888 1001 4958 αὐτῷ
1025 4888 1286 4960 διηκόνει,
1311 4892 1404 4944 καὶ
1434 4890 1606 4955 οὕτως
1650 4892 1848 4963 ἔχουσα
1877 4894 1908 4963 ἡ
1939 4893 2053 4947 διά.-

474 4976 654 5042 ταξις·
690 4978 853 5046 Ἐγὼ,
880 4979 1036 5048 φησὶ,
1060 4979 1226 5032 τέκνα
1252 4980 1349 5034 καὶ
1370 4980 1587 5051 ἀδελφοὶ
1606 4982 1912 5053 (ἀμφότερα
1940 4982 2049 5054 γὰρ

477 5068 680 5138 ὑμεῖς),
713 5070 775 5122 τὸ
808 5072 909 5140 μὲν
935 5070 1017 5122 ὅτι
1054 5071 1445 5140 πνευματικῶς
1494 5073 1639 5142 ὑμᾶς
1675 5071 1862 5138 ῶδινα,
1909 5072 1969 5124 τὸ
1993 5071 2050 5124 δέ

473 5160 556 5213 ὅτι
589 5160 782 5223 κοινῶς
827 5162 1084 5217 ἁπάντων
1117 5164 1146 5216 ὁ
1188 5163 1360 5227 Θεόςο
1414 5164 1553 5236 πρὸς
1603 5164 1791 5217 τοῦτον
1826 5164 1928 5237 ἤδη
1958 5165 2051 5218 τὸν

474 5251 653 5305 κοινὸν
680 5253 897 5322 Πατέρα
920 5252 1249 5325 πορεύομαι.
1286 5255 1433 5326 Πλὴν
1474 5255 1573 5309 οὐκ
1605 5256 1871 5327 ὀρφανοὺς
1904 5256 2050 5310 ἐάσω

471 5342 599 5405 τοὺς
630 5343 755 5413 ἐμοὶ
802 5344 1108 5409 ποθεινοὺς,
1147 5345 1354 5416 πατρὸς
1407 5347 1645 5417 ἐρημίαν
1669 5346 2051 5417 ὀδυρομένους,

472 5431 589 5487 ἀλλ’
610 5433 703 5487 ὑπ’
732 5435 927 5505 ἐκείνῳ
950 5438 1119 5506 πατρὶ
1136 5436 1232 5507 τὴν
1251 5438 1281 5490 ὐ
1290 5437 1407 5507 μῶν
1426 5438 1688 5509 πρόνοιαν
1714 5438 2053 5504 καταλείπω,

470 5525 531 5589 ὃς
563 5526 630 5599 δὴ
653 5527 726 5581 τὰ
763 5528 941 5582 πάντα
988 5528 1146 5599 ὑμῶν
1200 5530 1301 5601 ἐμὲ
1356 5531 1675 5607 πεποίηκεν.
1706 5531 1878 5595 Αὐτὸς
1906 5529 2000 5589 οὖν
2026 5532 2056 5586 ό

550 5704 593 5738 ³⁸
616 5705 760 5763 Psal.
795 5723 849 5772 ι,
890 5707 979 5762 l9.

801 5802 1074 5867 ΡΑτιιοι..
1114 5799 1232 5863 Gn.
1264 5796 1473 5862 CXVI.

2150 3153 2220 3208 de
2253 3152 2367 3208 Deo
2402 3152 2757 3222 disceptatio,
2793 3151 2950 3207 vobis
2985 3151 3183 3206 suﬂicit
3217 3151 3423 3205 chorus
3456 3148 3736 3218 apostolo-

2150 3260 2295 3311 rum,
2320 3253 2377 3299 et
2406 3260 2528 3314 qure
2552 3245 2620 3299 de
2650 3246 2761 3300 Deo
2788 3244 3068 3299 disserunt
3095 3245 3316 3298 Patrum
3341 3257 3527 3305 voces,
3552 3255 3734 3311 neque

2150 3350 2290 3403 Opus
2322 3347 2406 3389 est
2436 3334 2655 3389 curiose
2687 3334 2922 3390 ulterius
2956 3333 3255 3403 inquirere.
3286 3331 3440 3399 Quod
3471 3332 3519 3386 si
3547 3331 3615 3385 de
3647 3345 3736 3385 του

2150 3425 2255 3480 bus
2290 3426 2550 3480 humanis
2582 3435 2640 3480 et
2673 3426 3058 3481 sacerdotibus
3090 3426 3247 3480 vobis
3290 3432 3373 3481 est
3411 3431 3735 3478 controver-

2149 3519 2250 3575 sia.
2279 3526 2409 3573 sunt
2435 3518 2553 3574 haec
2580 3517 2760 3572 omnia
2793 3517 2890 3571 Dei
2919 3517 3131 3587 judicio
3163 3514 3547 3586 relinquenda,
3575 3523 3632 3569 et
3663 3512 3732 3568 iis

2151 3609 2245 3678 qui
2291 3609 2361 3663 ab
2410 3610 2503 3664 illo
2551 3610 2714 3663 talem
2760 3618 3094 3678 acceperunt
3136 3606 3671 3662 administrationem
3719 3622 3735 3659 :

2149 3701 2312 3754 nobis
2340 3715 2470 3754 vero
2499 3701 2631 3755 satis
2659 3688 2779 3755 esSe
2809 3700 2998 3766 debet,
3025 3700 3071 3755 si
3100 3699 3169 3755 ab
3195 3699 3319 3753 aliis
3345 3712 3654 3767 pascamur,
3680 3702 3739 3749 et

2149 3807 2212 3845 ea
2242 3791 2660 3845 consideremus
2690 3798 2746 3846 et
2777 3791 3146 3860 inquiramus,
3180 3804 3301 3859 quae
3328 3788 3399 3842 ad
3431 3803 3531 3841 nos
3562 3784 3735 3856 perti-

2150 3889 2314 3945 nent,
2346 3896 2457 3934 non
2488 3891 2672 3935 autem
2702 3882 2803 3936 has
2832 3895 3273 3952 supervacaneas
3303 3886 3359 3933 et
3386 3878 3580 3932 noxias
3608 3893 3737 3946 per-

2152 3986 2448 4039 sequamur
2478 3972 2832 4040 quaestiones.
2865 3971 2936 4025 Et
2967 3970 3087 4025 hrec
3120 3968 3346 4049 quidem
3385 3967 3468 4021 sic
3502 3966 3732 4020 habent.

2222 4060 2360 4116 LIII.
2401 4061 2592 4117 Oratio
2625 4070 2848 4128 autem,
2886 4075 3010 4116 cum
3044 4062 3154 4131 iam
3189 4056 3375 4113 veniat
3407 4064 3633 4112 sanctus
3665 4054 3734 4110 ad

2154 4155 2353 4220 ﬁnem,
2389 4154 2637 4210 desitura
2671 4162 2756 4209 est
2789 4154 2906 4222 ipsa
2940 4168 3164 4224 quoque
3198 4151 3257 4206 in
3292 4149 3595 4206 silentium.
3637 4144 3738 4204 Ve-

2154 4263 2275 4301 rum
2304 4246 2588 4302 enimvero
2611 4261 2737 4302 cum
2766 4245 2859 4301 hic
2886 4260 3106 4316 quoque
3134 4258 3307 4316 pauca
3333 4242 3580 4314 quaedam
3607 4249 3737 4296 ante

2156 4338 2322 4394 ﬁnem
2354 4337 2674 4403 dixerimus,
2707 4337 2789 4393 sic
2818 4336 3078 4393 sistemus
3107 4334 3435 4390 orationem.
3463 4333 3736 4403 Cognovit

2156 4432 2378 4501 quidem
2412 4431 2497 4485 vir
2525 4431 2618 4486 ille
2646 4430 3007 4501 propheticus
3036 4444 3162 4484 cum
3196 4429 3423 4498 reliquis
3452 4427 3734 4492 omnibus,

2156 4538 2311 4577 suam
2361 4537 2585 4593 quoque
2634 4520 2704 4576 ad
2753 4521 3046 4575 Dominum
3096 4520 3519 4590 migrationem.
3568 4518 3736 4588 idque

2156 4622 2346 4685 aperte
2374 4615 2490 4670 suis
2521 4613 2773 4684 praedixit
2802 4613 3111 4683 discipulis.
3140 4612 3275 4668 Cum
3307 4624 3494 4667 autem
3526 4607 3740 4679 praesti-

2159 4717 2310 4763 tutus
2343 4707 2462 4762 dies
2488 4708 2600 4779 jam
2636 4705 3143 4776 appropinquaret.
3177 4702 3620 4758 benedictionem
3655 4698 3738 4754 eis

2156 4797 2380 4865 reliquit
2419 4796 2475 4850 in
2518 4795 2740 4865 scriptis
2775 4834 2791 4859 ,
2824 4794 2968 4849 sicut
3027 4793 3250 4863 quidam
3284 4791 3378 4845 alii
3411 4789 3735 4849 facultates,

2157 4887 2320 4958 eique
2355 4887 2620 4941 deserviit
2655 4884 2873 4947 scriba,
2907 4891 2965 4938 et
3007 4883 3114 4938 tale
3146 4882 3254 4936 fuit
3286 4880 3406 4949 ejus
3442 4884 3741 4933 testamen-

2157 4990 2273 5035 tum
2304 4996 2319 5034 :
2349 4978 2479 5047 Ego,
2514 4977 2714 5048 inquit,
2745 4990 2779 5030 ο
2808 4975 2905 5030 ﬁlii
2936 4983 2992 5030 et
3023 4975 3220 5028 fratres
3252 4969 3436 5041 (ambo
3464 4968 3613 5023 enim
3639 4980 3738 5020 vos

2156 5071 2320 5135 estis,
2359 5078 2474 5124 tum
2507 5067 2653 5139 quod
2682 5082 2780 5122 vos
2809 5067 2975 5138 genui
3005 5062 3392 5136 spiritualiter,
3427 5069 3542 5114 tum
3570 5071 3736 5118 vero,

2157 5162 2305 5234 quod
2337 5162 2484 5216 Deus
2512 5169 2597 5216 est
2629 5158 2940 5215 communis
2972 5164 3125 5227 pater
3153 5150 3420 5221 omnium)
3442 5192 3456 5215 ,
3484 5148 3554 5204 ad
3590 5149 3739 5202 hunc

2154 5268 2504 5312 communem
2535 5253 2751 5308 Patrem
2778 5251 2891 5321 jam
2919 5246 3080 5312 vado,
3110 5245 3207 5300 sed
3239 5258 3349 5297 non
3380 5242 3542 5295 orbos
3571 5237 3741 5293 relin-

2154 5362 2319 5419 quam
2356 5345 2494 5399 mihi
2534 5342 2788 5405 dilectos,
2831 5336 3102 5393 deﬂentes
3141 5334 3314 5407 patris
3356 5329 3734 5419 solitudinem.

2155 5418 2253 5495 sed
2283 5435 2363 5491 illi
2392 5434 2544 5491 Patri
2573 5430 2747 5487 vestri
2776 5429 3031 5498 relinquo
3062 5440 3277 5490 curam,
3305 5424 3399 5494 qui
3430 5437 3554 5478 cum
3580 5418 3736 5476 vobis

2157 5527 2416 5586 omnibus
2445 5539 2533 5580 me
2564 5521 2796 5580 creavit.
2827 5520 2950 5593 Ipse
2980 5534 3132 5593 ergo,
3164 5517 3259 5590 qui
3291 5514 3475 5571 omnia
3505 5510 3745 5587 fabrica-7

3278 5795 3356 5861 33
