  <div class='ocr_page' id='page_1' title='image "/cluster/home/n/w/nwhite01/storage/ocr_20150623/116/hvd.32044073502221/523.png"; bbox 0 0 4142 6380; ppageno 0'>
   <div class='ocr_carea' id='block_1_1' title="bbox 434 309 575 376">
    <p class='ocr_par' dir='ltr' id='par_1_1' title="bbox 434 309 575 376">
     <span class='ocr_line' id='line_1_1' title="bbox 434 309 575 376; baseline -0.007 -3"><span class='ocrx_word' id='word_1_1' title='bbox 434 309 575 376; x_wconf 70' lang='lat'><strong>1035</strong></span> 
     </span>
    </p>
   </div>
   <div class='ocr_carea' id='block_1_2' title="bbox 1561 302 2522 366">
    <p class='ocr_par' dir='ltr' id='par_1_2' title="bbox 1561 302 2522 366">
     <span class='ocr_line' id='line_1_2' title="bbox 1561 302 2522 366; baseline 0.006 -6"><span class='ocrx_word' id='word_1_2' title='bbox 1561 302 1949 364; x_wconf 72' lang='lat' dir='ltr'><strong>ADDENDA.</strong></span> <span class='ocrx_word' id='word_1_3' title='bbox 1991 328 2058 339; x_wconf 88' lang='grc'><strong>--</strong></span> <span class='ocrx_word' id='word_1_4' title='bbox 2092 304 2522 366; x_wconf 81' lang='lat' dir='ltr'><strong>DECEMBER.</strong></span> 
     </span>
    </p>
   </div>
   <div class='ocr_carea' id='block_1_3' title="bbox 3568 303 3709 368">
    <p class='ocr_par' dir='ltr' id='par_1_3' title="bbox 3568 303 3709 368">
     <span class='ocr_line' id='line_1_3' title="bbox 3568 303 3709 368; baseline -0.014 -1"><span class='ocrx_word' id='word_1_5' title='bbox 3568 303 3709 368; x_wconf 71' lang='lat'><strong>1036</strong></span> 
     </span>
    </p>
   </div>
   <div class='ocr_carea' id='block_1_4' title="bbox 429 387 2036 491">
    <p class='ocr_par' dir='ltr' id='par_1_4' title="bbox 429 417 2011 489">
     <span class='ocr_line' id='line_1_4' title="bbox 429 417 2011 489; baseline -0.01 -5"><span class='ocrx_word' id='word_1_6' title='bbox 429 441 520 485; x_wconf 88' lang='lat' dir='ltr'><strong>tus</strong></span> <span class='ocrx_word' id='word_1_7' title='bbox 553 435 636 482; x_wconf 80' lang='lat' dir='ltr'><strong>est</strong></span> <span class='ocrx_word' id='word_1_8' title='bbox 669 424 884 479; x_wconf 81' lang='lat' dir='ltr'><strong>ratione</strong></span> <span class='ocrx_word' id='word_1_9' title='bbox 919 429 972 474; x_wconf 90' lang='lat' dir='ltr'><strong>et</strong></span> <span class='ocrx_word' id='word_1_10' title='bbox 1007 418 1307 489; x_wconf 78' lang='lat' dir='ltr'><strong>sapientia,</strong></span> <span class='ocrx_word' id='word_1_11' title='bbox 1342 426 1398 474; x_wconf 83' lang='lat' dir='ltr'><strong>e‘t</strong></span> <span class='ocrx_word' id='word_1_12' title='bbox 1432 417 1631 472; x_wconf 90' lang='lat' dir='ltr'><strong>deinde</strong></span> <span class='ocrx_word' id='word_1_13' title='bbox 1665 418 1835 472; x_wconf 75' lang='lat' dir='ltr'><strong>ccelos</strong></span> <span class='ocrx_word' id='word_1_14' title='bbox 1870 432 2011 488; x_wconf 83' lang='lat' dir='ltr'><strong>qun-</strong></span> 
     </span>
    </p>
   </div>
   <div class='ocr_carea' id='block_1_5' title="bbox 2143 387 3712 491">
    <p class='ocr_par' dir='ltr' id='par_1_5' title="bbox 2143 387 3712 491">
     <span class='ocr_line' id='line_1_5' title="bbox 2143 387 3712 491; baseline 0 -17"><span class='ocrx_word' id='word_1_15' title='bbox 2143 421 2301 474; x_wconf 85' lang='grc' dir='ltr'>τάντα</span> <span class='ocrx_word' id='word_1_16' title='bbox 2337 420 2481 491; x_wconf 80' lang='grc' dir='ltr'>λόγῳ</span> <span class='ocrx_word' id='word_1_17' title='bbox 2509 418 2605 473; x_wconf 78' lang='grc' dir='ltr'>καὶ</span> <span class='ocrx_word' id='word_1_18' title='bbox 2630 417 2790 491; x_wconf 81' lang='grc' dir='ltr'>σοφίᾳ</span> <span class='ocrx_word' id='word_1_19' title='bbox 2812 387 3248 489; x_wconf 77' lang='grc' dir='ltr'>δημιουργήσας,</span> <span class='ocrx_word' id='word_1_20' title='bbox 3275 410 3393 472; x_wconf 78' lang='grc' dir='ltr'>εἶτα</span> <span class='ocrx_word' id='word_1_21' title='bbox 3417 417 3513 470; x_wconf 79' lang='grc' dir='ltr'><strong>καὶ</strong></span> <span class='ocrx_word' id='word_1_22' title='bbox 3544 421 3712 490; x_wconf 80' lang='grc' dir='ltr'>ούρα-</span> 
     </span>
    </p>
   </div>
   <div class='ocr_carea' id='block_1_6' title="bbox 430 511 2022 586">
    <p class='ocr_par' dir='ltr' id='par_1_6' title="bbox 430 511 2022 586">
     <span class='ocr_line' id='line_1_6' title="bbox 430 511 2022 586; baseline -0.003 -16"><span class='ocrx_word' id='word_1_23' title='bbox 430 532 540 586; x_wconf 89' lang='lat' dir='ltr'><strong>que</strong></span> <span class='ocrx_word' id='word_1_24' title='bbox 571 514 876 578; x_wconf 74' lang='lat' dir='ltr'><strong>inclinavit,</strong></span> <span class='ocrx_word' id='word_1_25' title='bbox 900 520 956 568; x_wconf 91' lang='lat' dir='ltr'><strong>et</strong></span> <span class='ocrx_word' id='word_1_26' title='bbox 979 511 1266 567; x_wconf 85' lang='lat' dir='ltr'><strong>descendit</strong></span> <span class='ocrx_word' id='word_1_27' title='bbox 1292 512 1346 565; x_wconf 93' lang='lat' dir='ltr'><strong>in</strong></span> <span class='ocrx_word' id='word_1_28' title='bbox 1373 520 1576 566; x_wconf 89' lang='lat' dir='ltr'><strong>terram</strong></span> <span class='ocrx_word' id='word_1_29' title='bbox 1598 512 1665 578; x_wconf 82' lang='lat'><strong>“,</strong></span> <span class='ocrx_word' id='word_1_30' title='bbox 1690 521 1743 566; x_wconf 92' lang='lat' dir='ltr'><strong>et</strong></span> <span class='ocrx_word' id='word_1_31' title='bbox 1772 521 2022 566; x_wconf 89' lang='lat' dir='ltr'><strong>mortuus</strong></span> 
     </span>
    </p>
   </div>
   <div class='ocr_carea' id='block_1_7' title="bbox 436 605 2020 676">
    <p class='ocr_par' dir='ltr' id='par_1_7' title="bbox 436 605 2020 676">
     <span class='ocr_line' id='line_1_7' title="bbox 436 605 2020 676; baseline -0.004 -12"><span class='ocrx_word' id='word_1_32' title='bbox 436 619 548 672; x_wconf 76' lang='lat' dir='ltr'><strong>est,</strong></span> <span class='ocrx_word' id='word_1_33' title='bbox 585 616 641 662; x_wconf 85' lang='lat' dir='ltr'><strong>et</strong></span> <span class='ocrx_word' id='word_1_34' title='bbox 681 606 983 661; x_wconf 68' lang='lat' dir='ltr'><strong>resurrexit</strong></span> <span class='ocrx_word' id='word_1_35' title='bbox 1016 620 1116 676; x_wconf 88' lang='lat' dir='ltr'><strong>pro</strong></span> <span class='ocrx_word' id='word_1_36' title='bbox 1150 605 1311 660; x_wconf 89' lang='lat' dir='ltr'><strong>nobis</strong></span> <span class='ocrx_word' id='word_1_37' title='bbox 1333 647 1348 670; x_wconf 90' lang='lat'><strong>,</strong></span> <span class='ocrx_word' id='word_1_38' title='bbox 1388 606 1503 675; x_wconf 90' lang='lat' dir='ltr'><strong>ipse</strong></span> <span class='ocrx_word' id='word_1_39' title='bbox 1537 605 1646 660; x_wconf 91' lang='lat' dir='ltr'><strong>erit</strong></span> <span class='ocrx_word' id='word_1_40' title='bbox 1677 605 1964 660; x_wconf 86' lang='lat' dir='ltr'><strong>vobiscum</strong></span> <span class='ocrx_word' id='word_1_41' title='bbox 2007 621 2020 658; x_wconf 89' lang='lat'><strong>:</strong></span> 
     </span>
    </p>
   </div>
   <div class='ocr_carea' id='block_1_8' title="bbox 432 696 2024 770">
    <p class='ocr_par' dir='ltr' id='par_1_8' title="bbox 432 696 2024 770">
     <span class='ocr_line' id='line_1_8' title="bbox 432 696 2024 770; baseline -0.004 -14"><span class='ocrx_word' id='word_1_42' title='bbox 432 711 493 756; x_wconf 90' lang='lat' dir='ltr'><strong>ut</strong></span> <span class='ocrx_word' id='word_1_43' title='bbox 521 699 742 770; x_wconf 82' lang='lat' dir='ltr'><strong>sapiens</strong></span> <span class='ocrx_word' id='word_1_44' title='bbox 771 698 1017 768; x_wconf 84' lang='lat' dir='ltr'><strong>quidem,</strong></span> <span class='ocrx_word' id='word_1_45' title='bbox 1048 713 1146 753; x_wconf 90' lang='lat' dir='ltr'><strong>vos</strong></span> <span class='ocrx_word' id='word_1_46' title='bbox 1173 713 1401 752; x_wconf 87' lang='lat' dir='ltr'><strong>servans</strong></span> <span class='ocrx_word' id='word_1_47' title='bbox 1461 713 1492 751; x_wconf 88' lang='lat' dir='ltr'><strong>a</strong></span> <span class='ocrx_word' id='word_1_48' title='bbox 1523 697 1800 766; x_wconf 82' lang='lat' dir='ltr'><strong>maligno;</strong></span> <span class='ocrx_word' id='word_1_49' title='bbox 1835 705 1891 752; x_wconf 92' lang='lat' dir='ltr'><strong>ut</strong></span> <span class='ocrx_word' id='word_1_50' title='bbox 1919 696 2024 750; x_wconf 82' lang='lat' dir='ltr'><strong>Do-</strong></span> 
     </span>
    </p>
   </div>
   <div class='ocr_carea' id='block_1_9' title="bbox 433 788 2026 853">
    <p class='ocr_par' dir='ltr' id='par_1_9' title="bbox 433 788 2026 853">
     <span class='ocr_line' id='line_1_9' title="bbox 433 788 2026 853; baseline -0.003 -8"><span class='ocrx_word' id='word_1_51' title='bbox 433 792 618 845; x_wconf 90' lang='lat' dir='ltr'><strong>minus</strong></span> <span class='ocrx_word' id='word_1_52' title='bbox 651 798 865 852; x_wconf 89' lang='lat' dir='ltr'><strong>autem,</strong></span> <span class='ocrx_word' id='word_1_53' title='bbox 900 789 966 844; x_wconf 92' lang='lat' dir='ltr'><strong>ad</strong></span> <span class='ocrx_word' id='word_1_54' title='bbox 1001 805 1154 845; x_wconf 89' lang='lat' dir='ltr'><strong>suam</strong></span> <span class='ocrx_word' id='word_1_55' title='bbox 1188 803 1528 844; x_wconf 79' lang='lat' dir='ltr'><strong>conservans</strong></span> <span class='ocrx_word' id='word_1_56' title='bbox 1559 788 1941 853; x_wconf 89' lang='lat' dir='ltr'><strong>voluntatem;.</strong></span> <span class='ocrx_word' id='word_1_57' title='bbox 1967 796 2026 841; x_wconf 83' lang='lat' dir='ltr'><strong>ut</strong></span> 
     </span>
    </p>
   </div>
   <div class='ocr_carea' id='block_1_10' title="bbox 433 882 2024 955">
    <p class='ocr_par' dir='ltr' id='par_1_10' title="bbox 433 882 2024 955">
     <span class='ocr_line' id='line_1_10' title="bbox 433 882 2024 955; baseline -0.003 -17"><span class='ocrx_word' id='word_1_58' title='bbox 433 893 591 955; x_wconf 90' lang='lat' dir='ltr'><strong>pater</strong></span> <span class='ocrx_word' id='word_1_59' title='bbox 619 899 772 948; x_wconf 88' lang='lat' dir='ltr'><strong>vero,</strong></span> <span class='ocrx_word' id='word_1_60' title='bbox 803 883 848 937; x_wconf 90' lang='lat' dir='ltr'><strong>si</strong></span> <span class='ocrx_word' id='word_1_61' title='bbox 881 882 1022 937; x_wconf 80' lang='lat' dir='ltr'><strong>forte</strong></span> <span class='ocrx_word' id='word_1_62' title='bbox 1053 883 1350 948; x_wconf 87' lang='lat' dir='ltr'><strong>aberretis,</strong></span> <span class='ocrx_word' id='word_1_63' title='bbox 1383 883 1618 953; x_wconf 86' lang='lat' dir='ltr'><strong>benigne</strong></span> <span class='ocrx_word' id='word_1_64' title='bbox 1649 896 1939 946; x_wconf 85' lang='lat' dir='ltr'><strong>revocans,</strong></span> <span class='ocrx_word' id='word_1_65' title='bbox 1967 888 2024 934; x_wconf 94' lang='lat' dir='ltr'><strong>et</strong></span> 
     </span>
    </p>
   </div>
   <div class='ocr_carea' id='block_1_11' title="bbox 433 970 2020 1045">
    <p class='ocr_par' dir='ltr' id='par_1_11' title="bbox 433 970 2020 1045">
     <span class='ocr_line' id='line_1_11' title="bbox 433 970 2020 1045; baseline -0.003 -17"><span class='ocrx_word' id='word_1_66' title='bbox 433 973 801 1045; x_wconf 85' lang='lat' dir='ltr'><strong>spiritualiter</strong></span> <span class='ocrx_word' id='word_1_67' title='bbox 838 974 996 1027; x_wconf 91' lang='lat' dir='ltr'><strong>ulnas</strong></span> <span class='ocrx_word' id='word_1_68' title='bbox 1035 973 1194 1028; x_wconf 90' lang='lat' dir='ltr'><strong>nobis</strong></span> <span class='ocrx_word' id='word_1_69' title='bbox 1233 973 1572 1038; x_wconf 84' lang='lat' dir='ltr'><strong>extendens;</strong></span> <span class='ocrx_word' id='word_1_70' title='bbox 1609 978 1670 1026; x_wconf 86' lang='lat' dir='ltr'><strong>ut</strong></span> <span class='ocrx_word' id='word_1_71' title='bbox 1704 982 1888 1026; x_wconf 90' lang='lat' dir='ltr'><strong>autem</strong></span> <span class='ocrx_word' id='word_1_72' title='bbox 1927 970 2020 1041; x_wconf 87' lang='lat' dir='ltr'><strong>qui</strong></span> 
     </span>
    </p>
   </div>
   <div class='ocr_carea' id='block_1_12' title="bbox 433 1063 2024 1137">
    <p class='ocr_par' dir='ltr' id='par_1_12' title="bbox 433 1063 2024 1137">
     <span class='ocr_line' id='line_1_12' title="bbox 433 1063 2024 1137; baseline -0.004 -15"><span class='ocrx_word' id='word_1_73' title='bbox 433 1082 492 1122; x_wconf 90' lang='lat' dir='ltr'><strong>se</strong></span> <span class='ocrx_word' id='word_1_74' title='bbox 524 1081 621 1137; x_wconf 93' lang='lat' dir='ltr'><strong>pro</strong></span> <span class='ocrx_word' id='word_1_75' title='bbox 654 1066 814 1120; x_wconf 84' lang='lat' dir='ltr'><strong>nobis</strong></span> <span class='ocrx_word' id='word_1_76' title='bbox 840 1065 908 1120; x_wconf 89' lang='lat' dir='ltr'><strong>ad</strong></span> <span class='ocrx_word' id='word_1_77' title='bbox 941 1074 1177 1121; x_wconf 84' lang='lat' dir='ltr'><strong>mortem</strong></span> <span class='ocrx_word' id='word_1_78' title='bbox 1209 1065 1523 1131; x_wconf 88' lang='lat' dir='ltr'><strong>tradiderit,</strong></span> <span class='ocrx_word' id='word_1_79' title='bbox 1552 1079 1651 1120; x_wconf 86' lang='lat' dir='ltr'><strong>vos</strong></span> <span class='ocrx_word' id='word_1_80' title='bbox 1677 1065 1842 1120; x_wconf 90' lang='lat' dir='ltr'><strong>etiam</strong></span> <span class='ocrx_word' id='word_1_81' title='bbox 1877 1063 2024 1118; x_wconf 89' lang='lat' dir='ltr'><strong>inter</strong></span> 
     </span>
    </p>
   </div>
   <div class='ocr_carea' id='block_1_13' title="bbox 433 1154 2027 1227">
    <p class='ocr_par' dir='ltr' id='par_1_13' title="bbox 433 1154 2027 1227">
     <span class='ocr_line' id='line_1_13' title="bbox 433 1154 2027 1227; baseline -0.002 -15"><span class='ocrx_word' id='word_1_82' title='bbox 433 1173 530 1212; x_wconf 86' lang='lat' dir='ltr'><strong>vos</strong></span> <span class='ocrx_word' id='word_1_83' title='bbox 558 1157 796 1212; x_wconf 88' lang='lat' dir='ltr'><strong>invicem</strong></span> <span class='ocrx_word' id='word_1_84' title='bbox 824 1158 1120 1227; x_wconf 83' lang='lat' dir='ltr'><strong>conjunget</strong></span> <span class='ocrx_word' id='word_1_85' title='bbox 1147 1156 1465 1221; x_wconf 87' lang='lat' dir='ltr'><strong>concordia,</strong></span> <span class='ocrx_word' id='word_1_86' title='bbox 1491 1164 1546 1210; x_wconf 92' lang='lat' dir='ltr'><strong>et</strong></span> <span class='ocrx_word' id='word_1_87' title='bbox 1571 1155 1792 1218; x_wconf 80' lang='lat' dir='ltr'><strong>eﬁiciet,</strong></span> <span class='ocrx_word' id='word_1_88' title='bbox 1821 1164 1880 1209; x_wconf 90' lang='lat' dir='ltr'><strong>ut</strong></span> <span class='ocrx_word' id='word_1_89' title='bbox 1905 1154 2027 1209; x_wconf 90' lang='lat' dir='ltr'><strong>sitis</strong></span> 
     </span>
    </p>
   </div>
   <div class='ocr_carea' id='block_1_14' title="bbox 433 1246 2030 1319">
    <p class='ocr_par' dir='ltr' id='par_1_14' title="bbox 433 1246 2030 1319">
     <span class='ocr_line' id='line_1_14' title="bbox 433 1246 2030 1319; baseline -0.001 -15"><span class='ocrx_word' id='word_1_90' title='bbox 433 1266 602 1304; x_wconf 90' lang='lat' dir='ltr'><strong>unum</strong></span> <span class='ocrx_word' id='word_1_91' title='bbox 635 1250 856 1319; x_wconf 85' lang='lat' dir='ltr'><strong>spiritu.</strong></span> <span class='ocrx_word' id='word_1_92' title='bbox 889 1248 1184 1304; x_wconf 87' lang='lat' dir='ltr'><strong>Sectemiui</strong></span> <span class='ocrx_word' id='word_1_93' title='bbox 1216 1248 1612 1314; x_wconf 84' lang='lat' dir='ltr'><strong>humilitatem,</strong></span> <span class='ocrx_word' id='word_1_94' title='bbox 1653 1247 1854 1302; x_wconf 82' lang='lat' dir='ltr'><strong>servile</strong></span> <span class='ocrx_word' id='word_1_95' title='bbox 1895 1246 2030 1302; x_wconf 86' lang='lat' dir='ltr'><strong>obe-</strong></span> 
     </span>
    </p>
   </div>
   <div class='ocr_carea' id='block_1_15' title="bbox 431 1339 2026 1412">
    <p class='ocr_par' dir='ltr' id='par_1_15' title="bbox 431 1339 2026 1412">
     <span class='ocr_line' id='line_1_15' title="bbox 431 1339 2026 1412; baseline -0.003 -16"><span class='ocrx_word' id='word_1_96' title='bbox 431 1341 674 1407; x_wconf 68' lang='lat' dir='ltr'><strong>dientize,</strong></span> <span class='ocrx_word' id='word_1_97' title='bbox 711 1350 890 1396; x_wconf 87' lang='lat' dir='ltr'><strong>amate</strong></span> <span class='ocrx_word' id='word_1_98' title='bbox 935 1342 1392 1411; x_wconf 84' lang='lat' dir='ltr'><strong>hospitalitatem,</strong></span> <span class='ocrx_word' id='word_1_99' title='bbox 1426 1339 1720 1412; x_wconf 83' lang='lat' dir='ltr'><strong>jejunium,</strong></span> <span class='ocrx_word' id='word_1_100' title='bbox 1757 1339 2026 1410; x_wconf 81' lang='lat' dir='ltr'><strong>vigiliam,</strong></span> 
     </span>
    </p>
   </div>
   <div class='ocr_carea' id='block_1_16' title="bbox 431 1434 2030 1506">
    <p class='ocr_par' dir='ltr' id='par_1_16' title="bbox 431 1434 2030 1506">
     <span class='ocr_line' id='line_1_16' title="bbox 431 1434 2030 1506; baseline -0.002 -16"><span class='ocrx_word' id='word_1_101' title='bbox 431 1443 834 1506; x_wconf 85' lang='lat' dir='ltr'><strong>paupertatem,</strong></span> <span class='ocrx_word' id='word_1_102' title='bbox 859 1446 913 1490; x_wconf 90' lang='lat' dir='ltr'><strong>et</strong></span> <span class='ocrx_word' id='word_1_103' title='bbox 935 1434 1082 1504; x_wconf 87' lang='lat' dir='ltr'><strong>quod</strong></span> <span class='ocrx_word' id='word_1_104' title='bbox 1105 1444 1186 1489; x_wconf 91' lang='lat' dir='ltr'><strong>est</strong></span> <span class='ocrx_word' id='word_1_105' title='bbox 1212 1436 1454 1503; x_wconf 89' lang='lat' dir='ltr'><strong>primum</strong></span> <span class='ocrx_word' id='word_1_106' title='bbox 1481 1444 1536 1488; x_wconf 92' lang='lat' dir='ltr'><strong>et</strong></span> <span class='ocrx_word' id='word_1_107' title='bbox 1563 1435 1860 1488; x_wconf 81' lang='lat' dir='ltr'><strong>maximum</strong></span> <span class='ocrx_word' id='word_1_108' title='bbox 1889 1447 2030 1502; x_wconf 66' lang='lat' dir='ltr'><strong>pra!-</strong></span> 
     </span>
    </p>
   </div>
   <div class='ocr_carea' id='block_1_17' title="bbox 431 1525 2029 1599">
    <p class='ocr_par' dir='ltr' id='par_1_17' title="bbox 431 1525 2029 1599">
     <span class='ocr_line' id='line_1_17' title="bbox 431 1525 2029 1599; baseline -0.003 -17"><span class='ocrx_word' id='word_1_109' title='bbox 431 1536 690 1599; x_wconf 85' lang='lat' dir='ltr'><strong>ceptum,</strong></span> <span class='ocrx_word' id='word_1_110' title='bbox 732 1527 1058 1582; x_wconf 84' lang='lat' dir='ltr'><strong>charitatem</strong></span> <span class='ocrx_word' id='word_1_111' title='bbox 1099 1542 1263 1595; x_wconf 69' lang='lat' dir='ltr'><strong>;quaz</strong></span> <span class='ocrx_word' id='word_1_112' title='bbox 1303 1525 1370 1580; x_wconf 92' lang='lat' dir='ltr'><strong>ad</strong></span> <span class='ocrx_word' id='word_1_113' title='bbox 1410 1526 1672 1596; x_wconf 88' lang='lat' dir='ltr'><strong>pietatem</strong></span> <span class='ocrx_word' id='word_1_114' title='bbox 1715 1525 2029 1594; x_wconf 88' lang='lat' dir='ltr'><strong>pertinent,</strong></span> 
     </span>
    </p>
   </div>
   <div class='ocr_carea' id='block_1_18' title="bbox 431 1615 2028 1680">
    <p class='ocr_par' dir='ltr' id='par_1_18' title="bbox 431 1615 2028 1680">
     <span class='ocr_line' id='line_1_18' title="bbox 431 1615 2028 1680; baseline -0.003 -9"><span class='ocrx_word' id='word_1_115' title='bbox 431 1625 583 1671; x_wconf 87' lang='lat' dir='ltr'><strong>recte</strong></span> <span class='ocrx_word' id='word_1_116' title='bbox 616 1624 816 1670; x_wconf 87' lang='lat' dir='ltr'><strong>tenete.</strong></span> <span class='ocrx_word' id='word_1_117' title='bbox 850 1615 1248 1671; x_wconf 59' lang='lat' dir='ltr'><strong>llmreticorum</strong></span> <span class='ocrx_word' id='word_1_118' title='bbox 1287 1615 1498 1670; x_wconf 84' lang='lat' dir='ltr'><strong>zizania</strong></span> <span class='ocrx_word' id='word_1_119' title='bbox 1531 1624 1756 1680; x_wconf 85' lang='lat' dir='ltr'><strong>cavete;</strong></span> <span class='ocrx_word' id='word_1_120' title='bbox 1790 1630 1820 1668; x_wconf 92' lang='lat' dir='ltr'><strong>a</strong></span> <span class='ocrx_word' id='word_1_121' title='bbox 1854 1623 2028 1668; x_wconf 88' lang='lat' dir='ltr'><strong>matre</strong></span> 
     </span>
    </p>
   </div>
   <div class='ocr_carea' id='block_1_19' title="bbox 431 1707 2026 1778">
    <p class='ocr_par' dir='ltr' id='par_1_19' title="bbox 431 1707 2026 1778">
     <span class='ocr_line' id='line_1_19' title="bbox 431 1707 2026 1778; baseline 0.001 -16"><span class='ocrx_word' id='word_1_122' title='bbox 431 1718 615 1763; x_wconf 88' lang='lat' dir='ltr'><strong>vestra</strong></span> <span class='ocrx_word' id='word_1_123' title='bbox 655 1708 901 1763; x_wconf 88' lang='lat' dir='ltr'><strong>Ecclesia</strong></span> <span class='ocrx_word' id='word_1_124' title='bbox 939 1708 1164 1764; x_wconf 85' lang='lat' dir='ltr'><strong>minime</strong></span> <span class='ocrx_word' id='word_1_125' title='bbox 1199 1707 1552 1778; x_wconf 87' lang='lat' dir='ltr'><strong>separemini.</strong></span> <span class='ocrx_word' id='word_1_126' title='bbox 1590 1709 1646 1764; x_wconf 90' lang='lat' dir='ltr'><strong>Si</strong></span> <span class='ocrx_word' id='word_1_127' title='bbox 1683 1710 1801 1766; x_wconf 70' lang='lat' dir='ltr'><strong>haec</strong></span> <span class='ocrx_word' id='word_1_128' title='bbox 1837 1711 2026 1766; x_wconf 88' lang='lat' dir='ltr'><strong>omnia</strong></span> 
     </span>
    </p>
   </div>
   <div class='ocr_carea' id='block_1_20' title="bbox 431 1797 1391 1868">
    <p class='ocr_par' dir='ltr' id='par_1_20' title="bbox 431 1797 1391 1868">
     <span class='ocr_line' id='line_1_20' title="bbox 431 1797 1391 1868; baseline 0.003 -17"><span class='ocrx_word' id='word_1_129' title='bbox 431 1797 699 1861; x_wconf 81' lang='lat' dir='ltr'><strong>feceritis,</strong></span> <span class='ocrx_word' id='word_1_130' title='bbox 727 1799 884 1853; x_wconf 89' lang='lat' dir='ltr'><strong>eritis</strong></span> <span class='ocrx_word' id='word_1_131' title='bbox 911 1799 1110 1854; x_wconf 90' lang='lat' dir='ltr'><strong>virtute</strong></span> <span class='ocrx_word' id='word_1_132' title='bbox 1139 1798 1391 1868; x_wconf 63' lang='lat' dir='ltr'><strong>perfecti.</strong></span> 
     </span>
    </p>
   </div>
   <div class='ocr_carea' id='block_1_21' title="bbox 502 1888 2023 1966">
    <p class='ocr_par' dir='ltr' id='par_1_21' title="bbox 502 1888 2023 1966">
     <span class='ocr_line' id='line_1_21' title="bbox 502 1888 2023 1966; baseline 0.005 -24"><span class='ocrx_word' id='word_1_133' title='bbox 502 1889 640 1943; x_wconf 82' lang='lat' dir='ltr'><strong>LlV.</strong></span> <span class='ocrx_word' id='word_1_134' title='bbox 687 1888 813 1947; x_wconf 70' lang='grc' dir='ltr'>Ηωο</span> <span class='ocrx_word' id='word_1_135' title='bbox 855 1889 964 1958; x_wconf 89' lang='lat' dir='ltr'><strong>piis</strong></span> <span class='ocrx_word' id='word_1_136' title='bbox 1005 1889 1178 1946; x_wconf 87' lang='lat' dir='ltr'><strong>labris</strong></span> <span class='ocrx_word' id='word_1_137' title='bbox 1219 1889 1469 1957; x_wconf 88' lang='lat' dir='ltr'><strong>dictavit,</strong></span> <span class='ocrx_word' id='word_1_138' title='bbox 1506 1900 1561 1946; x_wconf 90' lang='lat' dir='ltr'><strong>et</strong></span> <span class='ocrx_word' id='word_1_139' title='bbox 1597 1893 1766 1964; x_wconf 83' lang='lat' dir='ltr'><strong>jussit</strong></span> <span class='ocrx_word' id='word_1_140' title='bbox 1804 1895 1912 1966; x_wconf 87' lang='lat' dir='ltr'><strong>legi</strong></span> <span class='ocrx_word' id='word_1_141' title='bbox 1954 1895 2023 1950; x_wconf 86' lang='lat' dir='ltr'><strong>ab</strong></span> 
     </span>
    </p>
   </div>
   <div class='ocr_carea' id='block_1_22' title="bbox 435 1979 2022 2057">
    <p class='ocr_par' dir='ltr' id='par_1_22' title="bbox 435 1979 2022 2057">
     <span class='ocr_line' id='line_1_22' title="bbox 435 1979 2022 2057; baseline 0.004 -21"><span class='ocrx_word' id='word_1_142' title='bbox 435 1979 697 2036; x_wconf 91' lang='lat' dir='ltr'><strong>omnibus</strong></span> <span class='ocrx_word' id='word_1_143' title='bbox 732 1981 1050 2046; x_wconf 85' lang='lat' dir='ltr'><strong>monachis,</strong></span> <span class='ocrx_word' id='word_1_144' title='bbox 1084 1981 1360 2036; x_wconf 86' lang='lat' dir='ltr'><strong>stantibus</strong></span> <span class='ocrx_word' id='word_1_145' title='bbox 1389 1982 1456 2036; x_wconf 91' lang='lat' dir='ltr'><strong>ad</strong></span> <span class='ocrx_word' id='word_1_146' title='bbox 1489 1983 1757 2039; x_wconf 87' lang='lat' dir='ltr'><strong>scalarum</strong></span> <span class='ocrx_word' id='word_1_147' title='bbox 1791 1987 2022 2057; x_wconf 86' lang='lat' dir='ltr'><strong>gradus,</strong></span> 
     </span>
    </p>
   </div>
   <div class='ocr_carea' id='block_1_23' title="bbox 433 2070 2026 2141">
    <p class='ocr_par' dir='ltr' id='par_1_23' title="bbox 433 2070 2026 2141">
     <span class='ocr_line' id='line_1_23' title="bbox 433 2070 2026 2141; baseline 0.004 -15"><span class='ocrx_word' id='word_1_148' title='bbox 433 2080 491 2126; x_wconf 88' lang='lat' dir='ltr'><strong>et</strong></span> <span class='ocrx_word' id='word_1_149' title='bbox 533 2070 868 2126; x_wconf 89' lang='lat' dir='ltr'><strong>dellentibus</strong></span> <span class='ocrx_word' id='word_1_150' title='bbox 916 2071 1064 2126; x_wconf 87' lang='lat' dir='ltr'><strong>illius</strong></span> <span class='ocrx_word' id='word_1_151' title='bbox 1114 2073 1542 2141; x_wconf 82' lang='lat' dir='ltr'><strong>separationem.</strong></span> <span class='ocrx_word' id='word_1_152' title='bbox 1588 2073 1800 2130; x_wconf 88' lang='lat' dir='ltr'><strong>Dicitur</strong></span> <span class='ocrx_word' id='word_1_153' title='bbox 1839 2085 2026 2132; x_wconf 90' lang='lat' dir='ltr'><strong>autem</strong></span> 
     </span>
    </p>
   </div>
   <div class='ocr_carea' id='block_1_24' title="bbox 434 2163 2027 2233">
    <p class='ocr_par' dir='ltr' id='par_1_24' title="bbox 434 2163 2027 2233">
     <span class='ocr_line' id='line_1_24' title="bbox 434 2163 2027 2233; baseline 0.004 -16"><span class='ocrx_word' id='word_1_154' title='bbox 434 2163 542 2218; x_wconf 88' lang='lat' dir='ltr'><strong>hoc</strong></span> <span class='ocrx_word' id='word_1_155' title='bbox 582 2163 758 2218; x_wconf 86' lang='lat' dir='ltr'><strong>visum</strong></span> <span class='ocrx_word' id='word_1_156' title='bbox 806 2178 929 2218; x_wconf 83' lang='lat' dir='ltr'><strong>esse</strong></span> <span class='ocrx_word' id='word_1_157' title='bbox 973 2163 1119 2216; x_wconf 88' lang='lat' dir='ltr'><strong>circa</strong></span> <span class='ocrx_word' id='word_1_158' title='bbox 1164 2177 1325 2228; x_wconf 88' lang='lat' dir='ltr'><strong>eum;</strong></span> <span class='ocrx_word' id='word_1_159' title='bbox 1371 2178 1569 2233; x_wconf 89' lang='lat' dir='ltr'><strong>nempe</strong></span> <span class='ocrx_word' id='word_1_160' title='bbox 1613 2165 1790 2221; x_wconf 90' lang='lat' dir='ltr'><strong>tribus</strong></span> <span class='ocrx_word' id='word_1_161' title='bbox 1829 2167 2027 2224; x_wconf 89' lang='lat' dir='ltr'><strong>diebus</strong></span> 
     </span>
    </p>
   </div>
   <div class='ocr_carea' id='block_1_25' title="bbox 435 2255 2026 2326">
    <p class='ocr_par' dir='ltr' id='par_1_25' title="bbox 435 2255 2026 2326">
     <span class='ocr_line' id='line_1_25' title="bbox 435 2255 2026 2326; baseline 0.003 -16"><span class='ocrx_word' id='word_1_162' title='bbox 435 2264 562 2310; x_wconf 90' lang='lat' dir='ltr'><strong>ante</strong></span> <span class='ocrx_word' id='word_1_163' title='bbox 604 2266 839 2310; x_wconf 90' lang='lat' dir='ltr'><strong>mortem</strong></span> <span class='ocrx_word' id='word_1_164' title='bbox 862 2296 875 2318; x_wconf 96' lang='lat'><strong>,</strong></span> <span class='ocrx_word' id='word_1_165' title='bbox 911 2256 1022 2326; x_wconf 89' lang='lat' dir='ltr'><strong>jam</strong></span> <span class='ocrx_word' id='word_1_166' title='bbox 1065 2255 1246 2309; x_wconf 89' lang='lat' dir='ltr'><strong>media</strong></span> <span class='ocrx_word' id='word_1_167' title='bbox 1281 2264 1440 2310; x_wconf 90' lang='lat' dir='ltr'><strong>nocte</strong></span> <span class='ocrx_word' id='word_1_168' title='bbox 1476 2257 1831 2313; x_wconf 89' lang='lat' dir='ltr'><strong>concurrisse</strong></span> <span class='ocrx_word' id='word_1_169' title='bbox 1865 2268 1922 2313; x_wconf 91' lang='lat' dir='ltr'><strong>et</strong></span> <span class='ocrx_word' id='word_1_170' title='bbox 1957 2260 2026 2314; x_wconf 87' lang='lat' dir='ltr'><strong>ad</strong></span> 
     </span>
    </p>
   </div>
   <div class='ocr_carea' id='block_1_26' title="bbox 437 2345 2026 2417">
    <p class='ocr_par' dir='ltr' id='par_1_26' title="bbox 437 2345 2026 2417">
     <span class='ocr_line' id='line_1_26' title="bbox 437 2345 2026 2417; baseline 0.004 -17"><span class='ocrx_word' id='word_1_171' title='bbox 437 2360 564 2400; x_wconf 91' lang='lat' dir='ltr'><strong>eum</strong></span> <span class='ocrx_word' id='word_1_172' title='bbox 614 2345 938 2400; x_wconf 89' lang='lat' dir='ltr'><strong>convenisse</strong></span> <span class='ocrx_word' id='word_1_173' title='bbox 984 2354 1244 2411; x_wconf 90' lang='lat' dir='ltr'><strong>sanctos,</strong></span> <span class='ocrx_word' id='word_1_174' title='bbox 1292 2347 1389 2416; x_wconf 86' lang='lat' dir='ltr'><strong>qui</strong></span> <span class='ocrx_word' id='word_1_175' title='bbox 1435 2346 1666 2402; x_wconf 82' lang='lat' dir='ltr'><strong>fuerunt</strong></span> <span class='ocrx_word' id='word_1_176' title='bbox 1709 2364 1740 2403; x_wconf 86' lang='lat' dir='ltr'><strong>a</strong></span> <span class='ocrx_word' id='word_1_177' title='bbox 1783 2351 2026 2417; x_wconf 70' lang='lat' dir='ltr'><strong>saeculo,</strong></span> 
     </span>
    </p>
   </div>
   <div class='ocr_carea' id='block_1_27' title="bbox 438 2435 2030 2513">
    <p class='ocr_par' dir='ltr' id='par_1_27' title="bbox 438 2435 2030 2513">
     <span class='ocr_line' id='line_1_27' title="bbox 438 2435 2030 2513; baseline 0.008 -26"><span class='ocrx_word' id='word_1_178' title='bbox 438 2435 757 2507; x_wconf 82' lang='lat' dir='ltr'><strong>prophetas,</strong></span> <span class='ocrx_word' id='word_1_179' title='bbox 794 2436 1101 2506; x_wconf 88' lang='lat' dir='ltr'><strong>apostolos,</strong></span> <span class='ocrx_word' id='word_1_180' title='bbox 1138 2448 1429 2508; x_wconf 87' lang='lat' dir='ltr'><strong>martyres,</strong></span> <span class='ocrx_word' id='word_1_181' title='bbox 1467 2449 1519 2494; x_wconf 89' lang='lat' dir='ltr'><strong>et</strong></span> <span class='ocrx_word' id='word_1_182' title='bbox 1557 2455 1754 2496; x_wconf 89' lang='lat' dir='ltr'><strong>omnes</strong></span> <span class='ocrx_word' id='word_1_183' title='bbox 1789 2440 2030 2513; x_wconf 90' lang='lat' dir='ltr'><strong>denique</strong></span> 
     </span>
    </p>
   </div>
   <div class='ocr_carea' id='block_1_28' title="bbox 441 2528 2034 2606">
    <p class='ocr_par' dir='ltr' id='par_1_28' title="bbox 441 2528 2034 2606">
     <span class='ocr_line' id='line_1_28' title="bbox 441 2528 2034 2606; baseline 0.006 -25"><span class='ocrx_word' id='word_1_184' title='bbox 441 2538 680 2594; x_wconf 88' lang='lat' dir='ltr'><strong>sanctos,</strong></span> <span class='ocrx_word' id='word_1_185' title='bbox 709 2528 804 2597; x_wconf 91' lang='lat' dir='ltr'><strong>qui</strong></span> <span class='ocrx_word' id='word_1_186' title='bbox 833 2536 889 2582; x_wconf 89' lang='lat' dir='ltr'><strong>et</strong></span> <span class='ocrx_word' id='word_1_187' title='bbox 919 2545 1175 2599; x_wconf 82' lang='lat' dir='ltr'><strong>magnum</strong></span> <span class='ocrx_word' id='word_1_188' title='bbox 1208 2529 1448 2601; x_wconf 79' lang='lat' dir='ltr'><strong>benigne</strong></span> <span class='ocrx_word' id='word_1_189' title='bbox 1479 2532 1811 2599; x_wconf 88' lang='lat' dir='ltr'><strong>salutarunt,</strong></span> <span class='ocrx_word' id='word_1_190' title='bbox 1840 2546 1895 2590; x_wconf 88' lang='lat' dir='ltr'><strong>et</strong></span> <span class='ocrx_word' id='word_1_191' title='bbox 1918 2535 2034 2606; x_wconf 91' lang='lat' dir='ltr'><strong>jus-</strong></span> 
     </span>
    </p>
   </div>
   <div class='ocr_carea' id='block_1_29' title="bbox 443 2620 2035 2696">
    <p class='ocr_par' dir='ltr' id='par_1_29' title="bbox 443 2620 2035 2696">
     <span class='ocr_line' id='line_1_29' title="bbox 443 2620 2035 2696; baseline 0.004 -21"><span class='ocrx_word' id='word_1_192' title='bbox 443 2628 640 2675; x_wconf 88' lang='lat' dir='ltr'><strong>serunt</strong></span> <span class='ocrx_word' id='word_1_193' title='bbox 683 2635 809 2675; x_wconf 92' lang='lat' dir='ltr'><strong>eum</strong></span> <span class='ocrx_word' id='word_1_194' title='bbox 857 2620 1104 2676; x_wconf 91' lang='lat' dir='ltr'><strong>divinum</strong></span> <span class='ocrx_word' id='word_1_195' title='bbox 1153 2621 1439 2679; x_wconf 90' lang='lat' dir='ltr'><strong>celebrare</strong></span> <span class='ocrx_word' id='word_1_196' title='bbox 1485 2627 1832 2696; x_wconf 83' lang='lat' dir='ltr'><strong>mysterium.</strong></span> <span class='ocrx_word' id='word_1_197' title='bbox 1876 2627 2035 2692; x_wconf 86' lang='lat' dir='ltr'><strong>Quod</strong></span> 
     </span>
    </p>
   </div>
   <div class='ocr_carea' id='block_1_30' title="bbox 445 2711 2037 2788">
    <p class='ocr_par' dir='ltr' id='par_1_30' title="bbox 445 2711 2037 2788">
     <span class='ocr_line' id='line_1_30' title="bbox 445 2711 2037 2788; baseline 0.005 -22"><span class='ocrx_word' id='word_1_198' title='bbox 445 2711 670 2782; x_wconf 89' lang='lat' dir='ltr'><strong>quidem</strong></span> <span class='ocrx_word' id='word_1_199' title='bbox 705 2711 1032 2780; x_wconf 89' lang='lat' dir='ltr'><strong>celebravit,</strong></span> <span class='ocrx_word' id='word_1_200' title='bbox 1065 2721 1124 2768; x_wconf 88' lang='lat' dir='ltr'><strong>et</strong></span> <span class='ocrx_word' id='word_1_201' title='bbox 1159 2713 1488 2771; x_wconf 87' lang='lat' dir='ltr'><strong>intemerata</strong></span> <span class='ocrx_word' id='word_1_202' title='bbox 1525 2717 1642 2786; x_wconf 86' lang='lat' dir='ltr'><strong>ipsa</strong></span> <span class='ocrx_word' id='word_1_203' title='bbox 1679 2718 1918 2788; x_wconf 91' lang='lat' dir='ltr'><strong>sumpsit</strong></span> <span class='ocrx_word' id='word_1_204' title='bbox 1949 2735 2037 2774; x_wconf 85' lang='lat' dir='ltr'><strong>sa-</strong></span> 
     </span>
    </p>
   </div>
   <div class='ocr_carea' id='block_1_31' title="bbox 446 2805 2034 2883">
    <p class='ocr_par' dir='ltr' id='par_1_31' title="bbox 446 2805 2034 2883">
     <span class='ocr_line' id='line_1_31' title="bbox 446 2805 2034 2883; baseline 0.007 -26"><span class='ocrx_word' id='word_1_205' title='bbox 446 2813 765 2869; x_wconf 90' lang='lat' dir='ltr'><strong>cramenta,</strong></span> <span class='ocrx_word' id='word_1_206' title='bbox 802 2813 858 2861; x_wconf 92' lang='lat' dir='ltr'><strong>et</strong></span> <span class='ocrx_word' id='word_1_207' title='bbox 893 2805 960 2860; x_wconf 92' lang='lat' dir='ltr'><strong>iis</strong></span> <span class='ocrx_word' id='word_1_208' title='bbox 995 2805 1198 2877; x_wconf 90' lang='lat' dir='ltr'><strong>quibus</strong></span> <span class='ocrx_word' id='word_1_209' title='bbox 1235 2823 1333 2878; x_wconf 90' lang='lat' dir='ltr'><strong>par</strong></span> <span class='ocrx_word' id='word_1_210' title='bbox 1366 2815 1490 2862; x_wconf 69' lang='lat' dir='ltr'><strong>erat</strong></span> <span class='ocrx_word' id='word_1_211' title='bbox 1525 2809 1814 2880; x_wconf 89' lang='lat' dir='ltr'><strong>impertiit.</strong></span> <span class='ocrx_word' id='word_1_212' title='bbox 1854 2814 2034 2883; x_wconf 78' lang='lat' dir='ltr'><strong>Atque</strong></span> 
     </span>
    </p>
   </div>
   <div class='ocr_carea' id='block_1_32' title="bbox 441 2896 2042 2972">
    <p class='ocr_par' dir='ltr' id='par_1_32' title="bbox 441 2896 2042 2972">
     <span class='ocr_line' id='line_1_32' title="bbox 441 2896 2042 2972; baseline 0.006 -22"><span class='ocrx_word' id='word_1_213' title='bbox 441 2897 555 2967; x_wconf 89' lang='lat' dir='ltr'><strong>jam</strong></span> <span class='ocrx_word' id='word_1_214' title='bbox 587 2896 810 2967; x_wconf 88' lang='lat' dir='ltr'><strong>quidem</strong></span> <span class='ocrx_word' id='word_1_215' title='bbox 844 2914 1077 2968; x_wconf 83' lang='lat' dir='ltr'><strong>magnus</strong></span> <span class='ocrx_word' id='word_1_216' title='bbox 1107 2907 1416 2954; x_wconf 78' lang='lat' dir='ltr'><strong>extremum</strong></span> <span class='ocrx_word' id='word_1_217' title='bbox 1447 2901 1644 2971; x_wconf 81' lang='lat' dir='ltr'><strong>agebat</strong></span> <span class='ocrx_word' id='word_1_218' title='bbox 1672 2903 1953 2972; x_wconf 89' lang='lat' dir='ltr'><strong>spiritum,</strong></span> <span class='ocrx_word' id='word_1_219' title='bbox 1983 2914 2042 2960; x_wconf 89' lang='lat' dir='ltr'><strong>et</strong></span> 
     </span>
    </p>
   </div>
   <div class='ocr_carea' id='block_1_33' title="bbox 446 2988 2038 3067">
    <p class='ocr_par' dir='ltr' id='par_1_33' title="bbox 446 2988 2038 3067">
     <span class='ocr_line' id='line_1_33' title="bbox 446 2988 2038 3067; baseline 0.005 -25"><span class='ocrx_word' id='word_1_220' title='bbox 446 2988 562 3058; x_wconf 89' lang='lat' dir='ltr'><strong>ipse</strong></span> <span class='ocrx_word' id='word_1_221' title='bbox 589 2988 818 3045; x_wconf 90' lang='lat' dir='ltr'><strong>antistes</strong></span> <span class='ocrx_word' id='word_1_222' title='bbox 848 2991 1237 3060; x_wconf 89' lang='lat' dir='ltr'><strong>episcoporum</strong></span> <span class='ocrx_word' id='word_1_223' title='bbox 1258 2992 1337 3061; x_wconf 90' lang='lat' dir='ltr'><strong>(is</strong></span> <span class='ocrx_word' id='word_1_224' title='bbox 1364 3001 1484 3047; x_wconf 88' lang='lat' dir='ltr'><strong>erat</strong></span> <span class='ocrx_word' id='word_1_225' title='bbox 1515 2992 1901 3064; x_wconf 85' lang='lat' dir='ltr'><strong>Euphemius),</strong></span> <span class='ocrx_word' id='word_1_226' title='bbox 1927 2997 2038 3067; x_wconf 89' lang='lat' dir='ltr'><strong>jam</strong></span> 
     </span>
    </p>
   </div>
   <div class='ocr_carea' id='block_1_34' title="bbox 2127 506 3712 580">
    <p class='ocr_par' dir='ltr' id='par_1_34' title="bbox 2127 506 3712 580">
     <span class='ocr_line' id='line_1_34' title="bbox 2127 506 3712 580; baseline -0.001 -16"><span class='ocrx_word' id='word_1_227' title='bbox 2127 513 2250 573; x_wconf 75' lang='grc' dir='ltr'>νοὺς</span> <span class='ocrx_word' id='word_1_228' title='bbox 2287 511 2493 575; x_wconf 89' lang='grc' dir='ltr'>κλίνας,</span> <span class='ocrx_word' id='word_1_229' title='bbox 2524 510 2616 564; x_wconf 76' lang='grc' dir='ltr'>καὶ</span> <span class='ocrx_word' id='word_1_230' title='bbox 2655 507 2934 563; x_wconf 86' lang='grc' dir='ltr'>κατελθὼν</span> <span class='ocrx_word' id='word_1_231' title='bbox 2958 508 3048 561; x_wconf 79' lang='grc' dir='ltr'>ἐπὶ</span> <span class='ocrx_word' id='word_1_232' title='bbox 3077 509 3200 578; x_wconf 85' lang='grc' dir='ltr'>γῆς,</span> <span class='ocrx_word' id='word_1_233' title='bbox 3245 506 3340 560; x_wconf 77' lang='grc' dir='ltr'><strong>καὶ</strong></span> <span class='ocrx_word' id='word_1_234' title='bbox 3380 506 3522 580; x_wconf 78' lang='grc' dir='ltr'>ὑπὲρ</span> <span class='ocrx_word' id='word_1_235' title='bbox 3552 509 3712 579; x_wconf 82' lang='grc' dir='ltr'>ἡμῶν</span> 
     </span>
    </p>
   </div>
   <div class='ocr_carea' id='block_1_35' title="bbox 2126 599 3708 669">
    <p class='ocr_par' dir='ltr' id='par_1_35' title="bbox 2126 599 3708 669">
     <span class='ocr_line' id='line_1_35' title="bbox 2126 599 3708 669; baseline -0.003 -13"><span class='ocrx_word' id='word_1_236' title='bbox 2126 602 2304 656; x_wconf 89' lang='grc' dir='ltr'>θανών</span> <span class='ocrx_word' id='word_1_237' title='bbox 2325 620 2383 656; x_wconf 89' lang='grc' dir='ltr'><strong>τε</strong></span> <span class='ocrx_word' id='word_1_238' title='bbox 2415 603 2511 656; x_wconf 80' lang='grc' dir='ltr'>καὶ</span> <span class='ocrx_word' id='word_1_239' title='bbox 2537 604 2798 666; x_wconf 75' lang='grc' dir='ltr'>ἀναστὰς,</span> <span class='ocrx_word' id='word_1_240' title='bbox 2856 599 3018 663; x_wconf 78' lang='grc' dir='ltr'>αύτδς</span> <span class='ocrx_word' id='word_1_241' title='bbox 3069 601 3226 653; x_wconf 77' lang='grc' dir='ltr'>ἔσται</span> <span class='ocrx_word' id='word_1_242' title='bbox 3258 599 3379 668; x_wconf 84' lang='grc' dir='ltr'>μεθ’</span> <span class='ocrx_word' id='word_1_243' title='bbox 3408 599 3564 669; x_wconf 82' lang='grc' dir='ltr'>ὑμῶν</span> <span class='ocrx_word' id='word_1_244' title='bbox 3586 617 3601 630; x_wconf 89' lang='grc'><strong>·</strong></span> <span class='ocrx_word' id='word_1_245' title='bbox 3631 599 3708 663; x_wconf 83' lang='grc' dir='ltr'>ὡς</span> 
     </span>
    </p>
   </div>
   <div class='ocr_carea' id='block_1_36' title="bbox 2130 690 3708 766">
    <p class='ocr_par' dir='ltr' id='par_1_36' title="bbox 2130 690 3708 766">
     <span class='ocr_line' id='line_1_36' title="bbox 2130 690 3708 766; baseline -0.003 -18"><span class='ocrx_word' id='word_1_246' title='bbox 2130 695 2230 766; x_wconf 84' lang='grc' dir='ltr'><strong>μέν</strong></span> <span class='ocrx_word' id='word_1_247' title='bbox 2257 695 2440 764; x_wconf 84' lang='grc' dir='ltr'>σοφὸς,</span> <span class='ocrx_word' id='word_1_248' title='bbox 2471 694 2756 762; x_wconf 82' lang='grc' dir='ltr'><strong>φυλάττων</strong></span> <span class='ocrx_word' id='word_1_249' title='bbox 2787 692 2894 746; x_wconf 73' lang='grc' dir='ltr'>ἀπὸ</span> <span class='ocrx_word' id='word_1_250' title='bbox 2913 691 3007 744; x_wconf 72' lang='grc' dir='ltr'>τοῦ</span> <span class='ocrx_word' id='word_1_251' title='bbox 3034 690 3292 761; x_wconf 72' lang='grc' dir='ltr'>πονηροῦ,</span> <span class='ocrx_word' id='word_1_252' title='bbox 3325 691 3399 754; x_wconf 85' lang='grc' dir='ltr'>ὡς</span> <span class='ocrx_word' id='word_1_253' title='bbox 3428 690 3486 744; x_wconf 87' lang='grc' dir='ltr'><strong>δέ</strong></span> <span class='ocrx_word' id='word_1_254' title='bbox 3516 691 3708 745; x_wconf 70' lang='lat'><strong>6561:6-</strong></span> 
     </span>
    </p>
   </div>
   <div class='ocr_carea' id='block_1_37' title="bbox 2127 785 3710 860">
    <p class='ocr_par' dir='ltr' id='par_1_37' title="bbox 2127 785 3710 860">
     <span class='ocr_line' id='line_1_37' title="bbox 2127 785 3710 860; baseline 0.001 -19"><span class='ocrx_word' id='word_1_255' title='bbox 2127 809 2224 860; x_wconf 84' lang='grc' dir='ltr'><strong>της</strong></span> <span class='ocrx_word' id='word_1_256' title='bbox 2260 793 2338 854; x_wconf 83' lang='grc' dir='ltr'><strong>είς</strong></span> <span class='ocrx_word' id='word_1_257' title='bbox 2370 792 2430 844; x_wconf 73' lang='grc' dir='ltr'>τὸ</span> <span class='ocrx_word' id='word_1_258' title='bbox 2465 789 2634 843; x_wconf 82' lang='grc' dir='ltr'>αὑτοῦ</span> <span class='ocrx_word' id='word_1_259' title='bbox 2679 787 2890 858; x_wconf 74' lang='grc' dir='ltr'>θέλημα</span> <span class='ocrx_word' id='word_1_260' title='bbox 2939 787 3241 856; x_wconf 83' lang='grc' dir='ltr'>συντηρῶν,</span> <span class='ocrx_word' id='word_1_261' title='bbox 3279 785 3355 849; x_wconf 85' lang='grc' dir='ltr'>ὡς</span> <span class='ocrx_word' id='word_1_262' title='bbox 3383 785 3440 839; x_wconf 88' lang='grc' dir='ltr'><strong>δέ</strong></span> <span class='ocrx_word' id='word_1_263' title='bbox 3472 785 3566 841; x_wconf 74' lang='grc' dir='ltr'><strong>καὶ</strong></span> <span class='ocrx_word' id='word_1_264' title='bbox 3601 803 3710 841; x_wconf 79' lang='grc' dir='ltr'>πα-</span> 
     </span>
    </p>
   </div>
   <div class='ocr_carea' id='block_1_38' title="bbox 2128 877 3710 954">
    <p class='ocr_par' dir='ltr' id='par_1_38' title="bbox 2128 877 3710 954">
     <span class='ocr_line' id='line_1_38' title="bbox 2128 877 3710 954; baseline -0.004 -18"><span class='ocrx_word' id='word_1_265' title='bbox 2128 885 2254 954; x_wconf 81' lang='grc' dir='ltr'>τὴρ,</span> <span class='ocrx_word' id='word_1_266' title='bbox 2289 883 2390 937; x_wconf 73' lang='grc' dir='ltr'><strong>κᾶν</strong></span> <span class='ocrx_word' id='word_1_267' title='bbox 2429 883 2483 935; x_wconf 75' lang='grc' dir='ltr'>εἰ</span> <span class='ocrx_word' id='word_1_268' title='bbox 2517 901 2568 936; x_wconf 87' lang='grc' dir='ltr'><strong>τι</strong></span> <span class='ocrx_word' id='word_1_269' title='bbox 2591 881 2853 952; x_wconf 82' lang='grc' dir='ltr'>σφαλῆτε,</span> <span class='ocrx_word' id='word_1_270' title='bbox 2885 877 3288 949; x_wconf 84' lang='grc' dir='ltr'>φιλανθρώπως</span> <span class='ocrx_word' id='word_1_271' title='bbox 3328 878 3710 947; x_wconf 82' lang='grc' dir='ltr'>ἀνακαλούμε-</span> 
     </span>
    </p>
   </div>
   <div class='ocr_carea' id='block_1_39' title="bbox 2130 971 3713 1045">
    <p class='ocr_par' dir='ltr' id='par_1_39' title="bbox 2130 971 3713 1045">
     <span class='ocr_line' id='line_1_39' title="bbox 2130 971 3713 1045; baseline -0.003 -16"><span class='ocrx_word' id='word_1_272' title='bbox 2130 994 2218 1039; x_wconf 90' lang='grc' dir='ltr'><strong>νος</strong></span> <span class='ocrx_word' id='word_1_273' title='bbox 2249 978 2341 1029; x_wconf 68' lang='grc' dir='ltr'><strong>καὶ</strong></span> <span class='ocrx_word' id='word_1_274' title='bbox 2375 974 2766 1045; x_wconf 85' lang='grc' dir='ltr'>πνευματικῶς</span> <span class='ocrx_word' id='word_1_275' title='bbox 2797 974 2926 1044; x_wconf 81' lang='grc' dir='ltr'>ὑμῖν</span> <span class='ocrx_word' id='word_1_276' title='bbox 2957 973 3058 1033; x_wconf 71' lang='grc' dir='ltr'><strong>τὰς</strong></span> <span class='ocrx_word' id='word_1_277' title='bbox 3085 971 3331 1039; x_wconf 78' lang='grc' dir='ltr'><strong>ἀγκάλας</strong></span> <span class='ocrx_word' id='word_1_278' title='bbox 3373 971 3565 1025; x_wconf 88' lang='grc' dir='ltr'>ἀπλῶν</span> <span class='ocrx_word' id='word_1_279' title='bbox 3585 988 3600 1002; x_wconf 89' lang='grc'><strong>·</strong></span> <span class='ocrx_word' id='word_1_280' title='bbox 3639 971 3713 1034; x_wconf 82' lang='grc' dir='ltr'><strong>ῶς</strong></span> 
     </span>
    </p>
   </div>
   <div class='ocr_carea' id='block_1_40' title="bbox 2129 1062 3711 1138">
    <p class='ocr_par' dir='ltr' id='par_1_40' title="bbox 2129 1062 3711 1138">
     <span class='ocr_line' id='line_1_40' title="bbox 2129 1062 3711 1138; baseline -0.004 -15"><span class='ocrx_word' id='word_1_281' title='bbox 2129 1070 2186 1123; x_wconf 90' lang='grc' dir='ltr'><strong>δέ</strong></span> <span class='ocrx_word' id='word_1_282' title='bbox 2219 1071 2312 1122; x_wconf 72' lang='grc' dir='ltr'><strong>καὶ</strong></span> <span class='ocrx_word' id='word_1_283' title='bbox 2342 1068 2483 1138; x_wconf 78' lang='grc' dir='ltr'>ὑπὲρ</span> <span class='ocrx_word' id='word_1_284' title='bbox 2538 1066 2698 1136; x_wconf 82' lang='grc' dir='ltr'>ἡμῶν</span> <span class='ocrx_word' id='word_1_285' title='bbox 2727 1067 2806 1128; x_wconf 82' lang='grc' dir='ltr'><strong>είς</strong></span> <span class='ocrx_word' id='word_1_286' title='bbox 2855 1065 3090 1119; x_wconf 88' lang='grc' dir='ltr'>θάνατον</span> <span class='ocrx_word' id='word_1_287' title='bbox 3146 1062 3451 1133; x_wconf 79' lang='grc' dir='ltr'>προέμενος</span> <span class='ocrx_word' id='word_1_288' title='bbox 3498 1064 3711 1128; x_wconf 78' lang='grc' dir='ltr'>ἑαυτὸν,</span> 
     </span>
    </p>
   </div>
   <div class='ocr_carea' id='block_1_41' title="bbox 2132 1153 3710 1230">
    <p class='ocr_par' dir='ltr' id='par_1_41' title="bbox 2132 1153 3710 1230">
     <span class='ocr_line' id='line_1_41' title="bbox 2132 1153 3710 1230; baseline -0.004 -15"><span class='ocrx_word' id='word_1_289' title='bbox 2132 1163 2227 1215; x_wconf 75' lang='grc' dir='ltr'><strong>καὶ</strong></span> <span class='ocrx_word' id='word_1_290' title='bbox 2281 1162 2424 1230; x_wconf 76' lang='grc' dir='ltr'>ὑμᾶς</span> <span class='ocrx_word' id='word_1_291' title='bbox 2477 1159 2730 1229; x_wconf 77' lang='grc' dir='ltr'>ἀλλήλοις</span> <span class='ocrx_word' id='word_1_292' title='bbox 2780 1157 3007 1227; x_wconf 74' lang='grc' dir='ltr'>ὁμονοίᾳ</span> <span class='ocrx_word' id='word_1_293' title='bbox 3048 1156 3297 1226; x_wconf 75' lang='grc' dir='ltr'>συνάψει,</span> <span class='ocrx_word' id='word_1_294' title='bbox 3335 1156 3430 1208; x_wconf 79' lang='grc' dir='ltr'><strong>καὶ</strong></span> <span class='ocrx_word' id='word_1_295' title='bbox 3464 1155 3522 1209; x_wconf 84' lang='grc' dir='ltr'><strong>ἐν</strong></span> <span class='ocrx_word' id='word_1_296' title='bbox 3573 1153 3710 1209; x_wconf 76' lang='grc' dir='ltr'>εἶναι</span> 
     </span>
    </p>
   </div>
   <div class='ocr_carea' id='block_1_42' title="bbox 2133 1247 3711 1324">
    <p class='ocr_par' dir='ltr' id='par_1_42' title="bbox 2133 1247 3711 1324">
     <span class='ocr_line' id='line_1_42' title="bbox 2133 1247 3711 1324; baseline -0.003 -19"><span class='ocrx_word' id='word_1_297' title='bbox 2133 1252 2550 1324; x_wconf 82' lang='grc' dir='ltr'><strong>παρασκευάσει</strong></span> <span class='ocrx_word' id='word_1_298' title='bbox 2577 1249 2656 1318; x_wconf 81' lang='grc' dir='ltr'>τῷ</span> <span class='ocrx_word' id='word_1_299' title='bbox 2689 1249 2990 1317; x_wconf 86' lang='grc' dir='ltr'>πνεύματι.</span> <span class='ocrx_word' id='word_1_300' title='bbox 3035 1248 3560 1318; x_wconf 84' lang='grc' dir='ltr'>Ταπεινοφροσύνης</span> <span class='ocrx_word' id='word_1_301' title='bbox 3590 1247 3711 1318; x_wconf 76' lang='grc' dir='ltr'>ἐχε-</span> 
     </span>
    </p>
   </div>
   <div class='ocr_carea' id='block_1_43' title="bbox 2136 1338 3712 1413">
    <p class='ocr_par' dir='ltr' id='par_1_43' title="bbox 2136 1338 3712 1413">
     <span class='ocr_line' id='line_1_43' title="bbox 2136 1338 3712 1413; baseline -0.003 -16"><span class='ocrx_word' id='word_1_302' title='bbox 2136 1344 2252 1407; x_wconf 89' lang='grc' dir='ltr'>σθε,</span> <span class='ocrx_word' id='word_1_303' title='bbox 2283 1345 2497 1413; x_wconf 78' lang='grc' dir='ltr'>ὑπακοῇ</span> <span class='ocrx_word' id='word_1_304' title='bbox 2522 1341 2827 1406; x_wconf 80' lang='grc' dir='ltr'>δουλεύετε,</span> <span class='ocrx_word' id='word_1_305' title='bbox 2875 1339 3187 1408; x_wconf 80' lang='grc' dir='ltr'>φιλοξενίας</span> <span class='ocrx_word' id='word_1_306' title='bbox 3222 1341 3404 1410; x_wconf 76' lang='grc' dir='ltr'>ἐρᾶτε,</span> <span class='ocrx_word' id='word_1_307' title='bbox 3433 1338 3712 1410; x_wconf 72' lang='grc' dir='ltr'>νηστείας,</span> 
     </span>
    </p>
   </div>
   <div class='ocr_carea' id='block_1_44' title="bbox 2134 1432 3716 1508">
    <p class='ocr_par' dir='ltr' id='par_1_44' title="bbox 2134 1432 3716 1508">
     <span class='ocr_line' id='line_1_44' title="bbox 2134 1432 3716 1508; baseline -0.003 -19"><span class='ocrx_word' id='word_1_308' title='bbox 2134 1436 2462 1508; x_wconf 77' lang='grc' dir='ltr'>ἀγρυπνίας,</span> <span class='ocrx_word' id='word_1_309' title='bbox 2498 1434 2910 1505; x_wconf 88' lang='grc' dir='ltr'>ἀκτημοσύνης,</span> <span class='ocrx_word' id='word_1_310' title='bbox 2956 1437 3052 1504; x_wconf 82' lang='grc' dir='ltr'>τῆς</span> <span class='ocrx_word' id='word_1_311' title='bbox 3079 1432 3303 1504; x_wconf 80' lang='grc' dir='ltr'><strong>πρώτης</strong></span> <span class='ocrx_word' id='word_1_312' title='bbox 3334 1434 3426 1486; x_wconf 74' lang='grc' dir='ltr'><strong>καὶ</strong></span> <span class='ocrx_word' id='word_1_313' title='bbox 3451 1434 3716 1504; x_wconf 78' lang='grc' dir='ltr'>μεγίστης</span> 
     </span>
    </p>
   </div>
   <div class='ocr_carea' id='block_1_45' title="bbox 2134 1525 3715 1598">
    <p class='ocr_par' dir='ltr' id='par_1_45' title="bbox 2134 1525 3715 1598">
     <span class='ocr_line' id='line_1_45' title="bbox 2134 1525 3715 1598; baseline -0.003 -16"><span class='ocrx_word' id='word_1_314' title='bbox 2134 1528 2241 1583; x_wconf 87' lang='grc' dir='ltr'><strong>τῶν</strong></span> <span class='ocrx_word' id='word_1_315' title='bbox 2258 1528 2486 1582; x_wconf 78' lang='grc' dir='ltr'>ἐντολῶν</span> <span class='ocrx_word' id='word_1_316' title='bbox 2511 1527 2755 1596; x_wconf 79' lang='grc' dir='ltr'>ἀγάπης,</span> <span class='ocrx_word' id='word_1_317' title='bbox 2778 1527 2846 1581; x_wconf 79' lang='grc' dir='ltr'>τὰ</span> <span class='ocrx_word' id='word_1_318' title='bbox 2865 1527 3000 1597; x_wconf 71' lang='grc' dir='ltr'>πρδς</span> <span class='ocrx_word' id='word_1_319' title='bbox 3019 1525 3499 1598; x_wconf 67' lang='grc' dir='ltr'>εὐσέϐειανζὸρθῶς</span> <span class='ocrx_word' id='word_1_320' title='bbox 3515 1525 3715 1595; x_wconf 74' lang='grc' dir='ltr'>ἔχοιτε,</span> 
     </span>
    </p>
   </div>
   <div class='ocr_carea' id='block_1_46' title="bbox 2135 1617 3716 1689">
    <p class='ocr_par' dir='ltr' id='par_1_46' title="bbox 2135 1617 3716 1689">
     <span class='ocr_line' id='line_1_46' title="bbox 2135 1617 3716 1689; baseline -0.004 -15"><span class='ocrx_word' id='word_1_321' title='bbox 2135 1621 2204 1674; x_wconf 80' lang='grc' dir='ltr'>τὰ</span> <span class='ocrx_word' id='word_1_322' title='bbox 2234 1618 2452 1684; x_wconf 77' lang='grc' dir='ltr'>ζιζάνια</span> <span class='ocrx_word' id='word_1_323' title='bbox 2486 1619 2595 1673; x_wconf 91' lang='grc' dir='ltr'><strong>τῶν</strong></span> <span class='ocrx_word' id='word_1_324' title='bbox 2631 1619 2925 1689; x_wconf 80' lang='grc' dir='ltr'>αἱρετικῶν</span> <span class='ocrx_word' id='word_1_325' title='bbox 2979 1617 3336 1686; x_wconf 80' lang='grc' dir='ltr'>φυλάττεσθε,</span> <span class='ocrx_word' id='word_1_326' title='bbox 3375 1617 3475 1686; x_wconf 80' lang='grc' dir='ltr'>τῆς</span> <span class='ocrx_word' id='word_1_327' title='bbox 3509 1617 3716 1686; x_wconf 74' lang='grc' dir='ltr'>μητρὸς</span> 
     </span>
    </p>
   </div>
   <div class='ocr_carea' id='block_1_47' title="bbox 2139 1708 3718 1783">
    <p class='ocr_par' dir='ltr' id='par_1_47' title="bbox 2139 1708 3718 1783">
     <span class='ocr_line' id='line_1_47' title="bbox 2139 1708 3718 1783; baseline -0.003 -19"><span class='ocrx_word' id='word_1_328' title='bbox 2139 1711 2294 1783; x_wconf 82' lang='grc' dir='ltr'>ὑμῶν</span> <span class='ocrx_word' id='word_1_329' title='bbox 2339 1713 2440 1781; x_wconf 80' lang='grc' dir='ltr'>τῆς</span> <span class='ocrx_word' id='word_1_330' title='bbox 2493 1709 2820 1781; x_wconf 87' lang='grc' dir='ltr'>Ἐκκλησίας</span> <span class='ocrx_word' id='word_1_331' title='bbox 2873 1710 3070 1780; x_wconf 80' lang='grc' dir='ltr'>κομιδῆ</span> <span class='ocrx_word' id='word_1_332' title='bbox 3129 1709 3207 1780; x_wconf 82' lang='grc' dir='ltr'>μὴ</span> <span class='ocrx_word' id='word_1_333' title='bbox 3262 1708 3585 1780; x_wconf 82' lang='grc' dir='ltr'>χωρίζεσθε.</span> <span class='ocrx_word' id='word_1_334' title='bbox 3619 1709 3718 1762; x_wconf 76' lang='grc' dir='ltr'>Ἂν</span> 
     </span>
    </p>
   </div>
   <div class='ocr_carea' id='block_1_48' title="bbox 2057 1778 3609 1872">
    <p class='ocr_par' dir='ltr' id='par_1_48' title="bbox 2057 1778 3609 1872">
     <span class='ocr_line' id='line_1_48' title="bbox 2057 1778 3609 1872; baseline -0.003 -15"><span class='ocrx_word' id='word_1_335' title='bbox 2057 1778 2100 1834; x_wconf 76' lang='grc' dir='ltr'><strong>Β</strong></span> <span class='ocrx_word' id='word_1_336' title='bbox 2131 1804 2306 1859; x_wconf 81' lang='grc' dir='ltr'>ταῦτα</span> <span class='ocrx_word' id='word_1_337' title='bbox 2344 1803 2525 1856; x_wconf 89' lang='grc' dir='ltr'>πάντα</span> <span class='ocrx_word' id='word_1_338' title='bbox 2557 1803 2773 1872; x_wconf 81' lang='grc' dir='ltr'>ποιῆτε,</span> <span class='ocrx_word' id='word_1_339' title='bbox 2799 1801 2999 1854; x_wconf 81' lang='grc' dir='ltr'>τέλειοι</span> <span class='ocrx_word' id='word_1_340' title='bbox 3030 1801 3128 1872; x_wconf 76' lang='grc' dir='ltr'>τὴν</span> <span class='ocrx_word' id='word_1_341' title='bbox 3165 1801 3370 1871; x_wconf 82' lang='grc' dir='ltr'>ἀρετὴν</span> <span class='ocrx_word' id='word_1_342' title='bbox 3401 1800 3609 1868; x_wconf 78' lang='grc' dir='ltr'>ἔσεσθε.</span> 
     </span>
    </p>
   </div>
   <div class='ocr_carea' id='block_1_49' title="bbox 2202 1889 3718 1960">
    <p class='ocr_par' dir='ltr' id='par_1_49' title="bbox 2202 1889 3718 1960">
     <span class='ocr_line' id='line_1_49' title="bbox 2202 1889 3718 1960; baseline -0.001 -17"><span class='ocrx_word' id='word_1_343' title='bbox 2202 1890 2326 1945; x_wconf 85' lang='grc' dir='ltr'><strong>ΝΔ’.</strong></span> <span class='ocrx_word' id='word_1_344' title='bbox 2358 1889 2544 1942; x_wconf 86' lang='grc' dir='ltr'>Ταῦτα</span> <span class='ocrx_word' id='word_1_345' title='bbox 2589 1889 2860 1958; x_wconf 85' lang='grc' dir='ltr'>φιλοθέοις</span> <span class='ocrx_word' id='word_1_346' title='bbox 2916 1889 3158 1960; x_wconf 88' lang='grc' dir='ltr'>χείλεσιν</span> <span class='ocrx_word' id='word_1_347' title='bbox 3207 1891 3581 1960; x_wconf 77' lang='grc' dir='ltr'>ὑπηγόρευσε,</span> <span class='ocrx_word' id='word_1_348' title='bbox 3617 1891 3718 1942; x_wconf 80' lang='grc' dir='ltr'>καὶ</span> 
     </span>
    </p>
   </div>
   <div class='ocr_carea' id='block_1_50' title="bbox 2132 1979 3721 2050">
    <p class='ocr_par' dir='ltr' id='par_1_50' title="bbox 2132 1979 3721 2050">
     <span class='ocr_line' id='line_1_50' title="bbox 2132 1979 3721 2050; baseline 0 -17"><span class='ocrx_word' id='word_1_349' title='bbox 2132 1979 2632 2050; x_wconf 82' lang='grc' dir='ltr'>ύπαναγνωσθῆναι</span> <span class='ocrx_word' id='word_1_350' title='bbox 2662 1981 2799 2033; x_wconf 70' lang='grc' dir='ltr'>πᾶσι</span> <span class='ocrx_word' id='word_1_351' title='bbox 2827 1980 2938 2042; x_wconf 83' lang='grc' dir='ltr'>τοῖς</span> <span class='ocrx_word' id='word_1_352' title='bbox 2975 1982 3233 2050; x_wconf 84' lang='grc' dir='ltr'>μοναχοῖς</span> <span class='ocrx_word' id='word_1_353' title='bbox 3272 1979 3550 2044; x_wconf 83' lang='grc' dir='ltr'>ἐκέλευσε,</span> <span class='ocrx_word' id='word_1_354' title='bbox 3591 1984 3721 2050; x_wconf 72' lang='grc' dir='ltr'>περὶ</span> 
     </span>
    </p>
   </div>
   <div class='ocr_carea' id='block_1_51' title="bbox 2131 2070 3715 2141">
    <p class='ocr_par' dir='ltr' id='par_1_51' title="bbox 2131 2070 3715 2141">
     <span class='ocr_line' id='line_1_51' title="bbox 2131 2070 3715 2141; baseline -0.002 -15"><span class='ocrx_word' id='word_1_355' title='bbox 2131 2073 2257 2135; x_wconf 75' lang='grc' dir='ltr'>τοὺς</span> <span class='ocrx_word' id='word_1_356' title='bbox 2315 2071 2562 2141; x_wconf 78' lang='grc' dir='ltr'>βαθμοὺς</span> <span class='ocrx_word' id='word_1_357' title='bbox 2609 2073 2707 2141; x_wconf 77' lang='grc' dir='ltr'>τῆς</span> <span class='ocrx_word' id='word_1_358' title='bbox 2767 2070 3040 2140; x_wconf 91' lang='grc' dir='ltr'>κλίμακος</span> <span class='ocrx_word' id='word_1_359' title='bbox 3097 2072 3432 2140; x_wconf 77' lang='grc' dir='ltr'>ἱσταμένοις,</span> <span class='ocrx_word' id='word_1_360' title='bbox 3492 2070 3715 2124; x_wconf 75' lang='grc' dir='ltr'>καὶτὸν</span> 
     </span>
    </p>
   </div>
   <div class='ocr_carea' id='block_1_52' title="bbox 2135 2161 3718 2235">
    <p class='ocr_par' dir='ltr' id='par_1_52' title="bbox 2135 2161 3718 2235">
     <span class='ocr_line' id='line_1_52' title="bbox 2135 2161 3718 2235; baseline -0.001 -17"><span class='ocrx_word' id='word_1_361' title='bbox 2135 2166 2349 2218; x_wconf 86' lang='grc' dir='ltr'>ἐκείνου</span> <span class='ocrx_word' id='word_1_362' title='bbox 2409 2163 2694 2235; x_wconf 69' lang='grc' dir='ltr'>χωρισμὸν</span> <span class='ocrx_word' id='word_1_363' title='bbox 2751 2161 3195 2234; x_wconf 76' lang='grc' dir='ltr'>δλοφυρομὲνοις.</span> <span class='ocrx_word' id='word_1_364' title='bbox 3263 2163 3590 2232; x_wconf 84' lang='grc' dir='ltr'>Λέγεταιδέ</span> <span class='ocrx_word' id='word_1_365' title='bbox 3623 2165 3718 2216; x_wconf 74' lang='grc' dir='ltr'><strong>καὶ</strong></span> 
     </span>
    </p>
   </div>
   <div class='ocr_carea' id='block_1_53' title="bbox 2133 2251 3724 2324">
    <p class='ocr_par' dir='ltr' id='par_1_53' title="bbox 2133 2251 3724 2324">
     <span class='ocr_line' id='line_1_53' title="bbox 2133 2251 3724 2324; baseline 0.001 -18"><span class='ocrx_word' id='word_1_366' title='bbox 2133 2252 2293 2306; x_wconf 81' lang='grc' dir='ltr'>τοῦτο</span> <span class='ocrx_word' id='word_1_367' title='bbox 2328 2252 2458 2322; x_wconf 80' lang='grc' dir='ltr'>περὶ</span> <span class='ocrx_word' id='word_1_368' title='bbox 2510 2253 2672 2305; x_wconf 71' lang='grc' dir='ltr'>αὑτὸν</span> <span class='ocrx_word' id='word_1_369' title='bbox 2701 2251 2965 2323; x_wconf 81' lang='grc' dir='ltr'>θεαθῆναι</span> <span class='ocrx_word' id='word_1_370' title='bbox 3023 2255 3172 2324; x_wconf 75' lang='grc' dir='ltr'>τρισὶ</span> <span class='ocrx_word' id='word_1_371' title='bbox 3220 2253 3488 2324; x_wconf 73' lang='grc' dir='ltr'>πρότερον</span> <span class='ocrx_word' id='word_1_372' title='bbox 3509 2252 3608 2322; x_wconf 82' lang='grc' dir='ltr'><strong>τῆς</strong></span> <span class='ocrx_word' id='word_1_373' title='bbox 3635 2272 3724 2308; x_wconf 89' lang='grc' dir='ltr'>τε-</span> 
     </span>
    </p>
   </div>
   <div class='ocr_carea' id='block_1_54' title="bbox 2135 2341 3724 2416">
    <p class='ocr_par' dir='ltr' id='par_1_54' title="bbox 2135 2341 3724 2416">
     <span class='ocr_line' id='line_1_54' title="bbox 2135 2341 3724 2416; baseline 0.004 -23"><span class='ocrx_word' id='word_1_374' title='bbox 2135 2341 2330 2412; x_wconf 82' lang='grc' dir='ltr'>λευτῆς</span> <span class='ocrx_word' id='word_1_375' title='bbox 2362 2342 2633 2412; x_wconf 74' lang='grc' dir='ltr'>ἡμέραιςο</span> <span class='ocrx_word' id='word_1_376' title='bbox 2690 2341 2884 2405; x_wconf 84' lang='grc' dir='ltr'>νυκτὸς</span> <span class='ocrx_word' id='word_1_377' title='bbox 2941 2341 3041 2414; x_wconf 76' lang='grc' dir='ltr'>ἤδη</span> <span class='ocrx_word' id='word_1_378' title='bbox 3099 2345 3371 2414; x_wconf 83' lang='grc' dir='ltr'>μεσούσης</span> <span class='ocrx_word' id='word_1_379' title='bbox 3399 2347 3724 2416; x_wconf 74' lang='grc' dir='ltr'>συνδραμεῖν</span> 
     </span>
    </p>
   </div>
   <div class='ocr_carea' id='block_1_55' title="bbox 2137 2433 3721 2505">
    <p class='ocr_par' dir='ltr' id='par_1_55' title="bbox 2137 2433 3721 2505">
     <span class='ocr_line' id='line_1_55' title="bbox 2137 2433 3721 2505; baseline 0.004 -20"><span class='ocrx_word' id='word_1_380' title='bbox 2137 2433 2350 2497; x_wconf 83' lang='grc' dir='ltr'>πάντας</span> <span class='ocrx_word' id='word_1_381' title='bbox 2379 2437 2474 2486; x_wconf 65' lang='grc' dir='ltr'><strong>καὶ</strong></span> <span class='ocrx_word' id='word_1_382' title='bbox 2509 2434 2647 2503; x_wconf 70' lang='grc' dir='ltr'>πρὸς</span> <span class='ocrx_word' id='word_1_383' title='bbox 2675 2435 2837 2488; x_wconf 73' lang='grc' dir='ltr'>αὑτὸν</span> <span class='ocrx_word' id='word_1_384' title='bbox 2885 2435 3204 2505; x_wconf 81' lang='grc' dir='ltr'>ἀπαντῆσαι</span> <span class='ocrx_word' id='word_1_385' title='bbox 3228 2439 3355 2500; x_wconf 74' lang='grc' dir='ltr'>τοὺς</span> <span class='ocrx_word' id='word_1_386' title='bbox 3385 2439 3482 2492; x_wconf 81' lang='grc' dir='ltr'>ἀπ’</span> <span class='ocrx_word' id='word_1_387' title='bbox 3525 2439 3721 2501; x_wconf 63' lang='grc' dir='ltr'>αἰῶνος</span> 
     </span>
    </p>
   </div>
   <div class='ocr_carea' id='block_1_56' title="bbox 2136 2525 3726 2600">
    <p class='ocr_par' dir='ltr' id='par_1_56' title="bbox 2136 2525 3726 2600">
     <span class='ocr_line' id='line_1_56' title="bbox 2136 2525 3726 2600; baseline 0.001 -20"><span class='ocrx_word' id='word_1_388' title='bbox 2136 2527 2347 2594; x_wconf 74' lang='grc' dir='ltr'>ἁγίους,</span> <span class='ocrx_word' id='word_1_389' title='bbox 2391 2528 2696 2598; x_wconf 76' lang='grc' dir='ltr'>προφήτας,</span> <span class='ocrx_word' id='word_1_390' title='bbox 2729 2525 3084 2593; x_wconf 81' lang='grc' dir='ltr'>ἀποστόλους,</span> <span class='ocrx_word' id='word_1_391' title='bbox 3141 2529 3434 2600; x_wconf 85' lang='grc' dir='ltr'>μάρτυρας</span> <span class='ocrx_word' id='word_1_392' title='bbox 3468 2533 3562 2584; x_wconf 72' lang='grc' dir='ltr'><strong>καὶ</strong></span> <span class='ocrx_word' id='word_1_393' title='bbox 3592 2531 3726 2584; x_wconf 82' lang='grc' dir='ltr'>πάν-</span> 
     </span>
    </p>
   </div>
   <div class='ocr_carea' id='block_1_57' title="bbox 2137 2615 3725 2690">
    <p class='ocr_par' dir='ltr' id='par_1_57' title="bbox 2137 2615 3725 2690">
     <span class='ocr_line' id='line_1_57' title="bbox 2137 2615 3725 2690; baseline 0.003 -20"><span class='ocrx_word' id='word_1_394' title='bbox 2137 2634 2236 2680; x_wconf 90' lang='grc' dir='ltr'><strong>τας</strong></span> <span class='ocrx_word' id='word_1_395' title='bbox 2291 2616 2494 2681; x_wconf 84' lang='grc' dir='ltr'>ὀσίους,</span> <span class='ocrx_word' id='word_1_396' title='bbox 2528 2615 2666 2674; x_wconf 85' lang='grc' dir='ltr'><strong>άλλά</strong></span> <span class='ocrx_word' id='word_1_397' title='bbox 2699 2621 2794 2671; x_wconf 74' lang='grc' dir='ltr'><strong>καὶ</strong></span> <span class='ocrx_word' id='word_1_398' title='bbox 2844 2617 3107 2685; x_wconf 84' lang='grc' dir='ltr'>δυνάμεις</span> <span class='ocrx_word' id='word_1_399' title='bbox 3132 2619 3284 2682; x_wconf 79' lang='grc' dir='ltr'>τινάς</span> <span class='ocrx_word' id='word_1_400' title='bbox 3317 2621 3628 2690; x_wconf 81' lang='grc' dir='ltr'>οὐρανίους,</span> <span class='ocrx_word' id='word_1_401' title='bbox 3673 2622 3725 2675; x_wconf 88' lang='grc' dir='ltr'>οἳ</span> 
     </span>
    </p>
   </div>
   <div class='ocr_carea' id='block_1_58' title="bbox 2142 2708 3724 2784">
    <p class='ocr_par' dir='ltr' id='par_1_58' title="bbox 2142 2708 3724 2784">
     <span class='ocr_line' id='line_1_58' title="bbox 2142 2708 3724 2784; baseline 0.003 -21"><span class='ocrx_word' id='word_1_402' title='bbox 2142 2709 2484 2780; x_wconf 80' lang='grc' dir='ltr'>φιλοφρόνως</span> <span class='ocrx_word' id='word_1_403' title='bbox 2542 2708 2636 2762; x_wconf 78' lang='grc' dir='ltr'>τὸν</span> <span class='ocrx_word' id='word_1_404' title='bbox 2700 2709 2877 2779; x_wconf 81' lang='grc' dir='ltr'>μέγαν</span> <span class='ocrx_word' id='word_1_405' title='bbox 2929 2708 3262 2780; x_wconf 63' lang='grc' dir='ltr'>ἠσπάζοντο,</span> <span class='ocrx_word' id='word_1_406' title='bbox 3317 2713 3412 2765; x_wconf 71' lang='grc' dir='ltr'><strong>καὶ</strong></span> <span class='ocrx_word' id='word_1_407' title='bbox 3451 2713 3547 2784; x_wconf 74' lang='grc' dir='ltr'>τὴν</span> <span class='ocrx_word' id='word_1_408' title='bbox 3575 2715 3724 2767; x_wconf 83' lang='grc' dir='ltr'>θείαν</span> 
     </span>
    </p>
   </div>
   <div class='ocr_carea' id='block_1_59' title="bbox 2142 2799 3724 2874">
    <p class='ocr_par' dir='ltr' id='par_1_59' title="bbox 2142 2799 3724 2874">
     <span class='ocr_line' id='line_1_59' title="bbox 2142 2799 3724 2874; baseline 0.003 -22"><span class='ocrx_word' id='word_1_409' title='bbox 2142 2799 2457 2852; x_wconf 80' lang='grc' dir='ltr'>ἐπιτελέσαι</span> <span class='ocrx_word' id='word_1_410' title='bbox 2509 2801 2904 2870; x_wconf 88' lang='grc' dir='ltr'>μυσταγωγίαν</span> <span class='ocrx_word' id='word_1_411' title='bbox 2959 2801 3288 2872; x_wconf 82' lang='grc' dir='ltr'>ἐπέτρεπον,</span> <span class='ocrx_word' id='word_1_412' title='bbox 3332 2805 3400 2874; x_wconf 79' lang='grc' dir='ltr'>ἢν</span> <span class='ocrx_word' id='word_1_413' title='bbox 3435 2807 3528 2859; x_wconf 74' lang='grc' dir='ltr'><strong>καὶ</strong></span> <span class='ocrx_word' id='word_1_414' title='bbox 3567 2803 3724 2874; x_wconf 80' lang='grc' dir='ltr'>ῶφθη</span> 
     </span>
    </p>
   </div>
   <div class='ocr_carea' id='block_1_60' title="bbox 2141 2895 3783 2973">
    <p class='ocr_par' dir='ltr' id='par_1_60' title="bbox 2141 2895 3783 2973">
     <span class='ocr_line' id='line_1_60' title="bbox 2141 2895 3783 2973; baseline 0.006 -26"><span class='ocrx_word' id='word_1_415' title='bbox 2141 2895 2368 2960; x_wconf 81' lang='grc' dir='ltr'>τελέσας</span> <span class='ocrx_word' id='word_1_416' title='bbox 2397 2897 2561 2959; x_wconf 84' lang='grc' dir='ltr'>αὑτός</span> <span class='ocrx_word' id='word_1_417' title='bbox 2595 2915 2652 2950; x_wconf 89' lang='grc' dir='ltr'><strong>τε</strong></span> <span class='ocrx_word' id='word_1_418' title='bbox 2682 2897 2790 2950; x_wconf 89' lang='grc' dir='ltr'><strong>τῶν</strong></span> <span class='ocrx_word' id='word_1_419' title='bbox 2814 2899 3098 2967; x_wconf 79' lang='grc' dir='ltr'>ἀχράντων</span> <span class='ocrx_word' id='word_1_420' title='bbox 3129 2901 3446 2972; x_wconf 85' lang='grc' dir='ltr'>μυστηρίων</span> <span class='ocrx_word' id='word_1_421' title='bbox 3481 2904 3723 2973; x_wconf 81' lang='grc' dir='ltr'>μεταλα-</span> <span class='ocrx_word' id='word_1_422' title='bbox 3772 2937 3783 2946; x_wconf 86' lang='lat'><strong>-</strong></span> 
     </span>
    </p>
   </div>
   <div class='ocr_carea' id='block_1_61' title="bbox 2144 2985 3725 3063">
    <p class='ocr_par' dir='ltr' id='par_1_61' title="bbox 2144 2985 3725 3063">
     <span class='ocr_line' id='line_1_61' title="bbox 2144 2985 3725 3063; baseline 0.006 -23"><span class='ocrx_word' id='word_1_423' title='bbox 2144 2989 2256 3040; x_wconf 75' lang='grc' dir='ltr'>ϐῶν</span> <span class='ocrx_word' id='word_1_424' title='bbox 2283 2990 2379 3043; x_wconf 72' lang='grc' dir='ltr'>καὶ</span> <span class='ocrx_word' id='word_1_425' title='bbox 2413 2989 2803 3059; x_wconf 84' lang='grc' dir='ltr'>μεταδεδωκὼς</span> <span class='ocrx_word' id='word_1_426' title='bbox 2834 2985 2915 3053; x_wconf 73' lang='grc' dir='ltr'>οἷς</span> <span class='ocrx_word' id='word_1_427' title='bbox 2947 2985 3015 3060; x_wconf 84' lang='grc' dir='ltr'>ἦν</span> <span class='ocrx_word' id='word_1_428' title='bbox 3048 2992 3214 3054; x_wconf 80' lang='grc' dir='ltr'>ἀξιον.</span> <span class='ocrx_word' id='word_1_429' title='bbox 3256 2993 3413 3063; x_wconf 80' lang='grc' dir='ltr'>Ἀρτι</span> <span class='ocrx_word' id='word_1_430' title='bbox 3443 2993 3542 3062; x_wconf 86' lang='grc' dir='ltr'><strong>μέν</strong></span> <span class='ocrx_word' id='word_1_431' title='bbox 3575 2991 3669 3049; x_wconf 78' lang='grc' dir='ltr'><strong>οὖν</strong></span> <span class='ocrx_word' id='word_1_432' title='bbox 3696 2995 3725 3048; x_wconf 77' lang='grc' dir='ltr'>ὁ</span> 
     </span>
    </p>
   </div>
   <div class='ocr_carea' id='block_1_62' title="bbox 447 3077 2036 3170">
    <p class='ocr_par' dir='ltr' id='par_1_62' title="bbox 447 3079 2036 3148">
     <span class='ocr_line' id='line_1_62' title="bbox 447 3079 2036 3148; baseline 0.006 -18"><span class='ocrx_word' id='word_1_433' title='bbox 447 3079 594 3131; x_wconf 86' lang='lat' dir='ltr'><strong>enim</strong></span> <span class='ocrx_word' id='word_1_434' title='bbox 629 3087 883 3134; x_wconf 88' lang='lat' dir='ltr'><strong>mortuus</strong></span> <span class='ocrx_word' id='word_1_435' title='bbox 919 3089 1040 3134; x_wconf 90' lang='lat' dir='ltr'><strong>erat</strong></span> <span class='ocrx_word' id='word_1_436' title='bbox 1072 3081 1328 3148; x_wconf 83' lang='lat' dir='ltr'><strong>Aeacius,</strong></span> <span class='ocrx_word' id='word_1_437' title='bbox 1364 3097 1488 3137; x_wconf 91' lang='lat' dir='ltr'><strong>cum</strong></span> <span class='ocrx_word' id='word_1_438' title='bbox 1524 3084 1649 3138; x_wconf 86' lang='lat' dir='ltr'><strong>aliis</strong></span> <span class='ocrx_word' id='word_1_439' title='bbox 1677 3085 1938 3140; x_wconf 87' lang='lat' dir='ltr'><strong>veniebat</strong></span> <span class='ocrx_word' id='word_1_440' title='bbox 1971 3088 2036 3140; x_wconf 90' lang='lat' dir='ltr'><strong>ad</strong></span> 
     </span>
    </p>
   </div>
   <div class='ocr_carea' id='block_1_63' title="bbox 2143 3077 3724 3170">
    <p class='ocr_par' dir='ltr' id='par_1_63' title="bbox 2149 3077 3724 3154">
     <span class='ocr_line' id='line_1_63' title="bbox 2149 3077 3724 3154; baseline 0.006 -22"><span class='ocrx_word' id='word_1_441' title='bbox 2149 3080 2320 3150; x_wconf 88' lang='grc' dir='ltr'>μέγας</span> <span class='ocrx_word' id='word_1_442' title='bbox 2369 3083 2497 3148; x_wconf 74' lang='grc' dir='ltr'>περὶ</span> <span class='ocrx_word' id='word_1_443' title='bbox 2523 3079 2620 3142; x_wconf 78' lang='grc' dir='ltr'>τὰς</span> <span class='ocrx_word' id='word_1_444' title='bbox 2652 3077 2886 3150; x_wconf 76' lang='grc' dir='ltr'>ἐσχάτας</span> <span class='ocrx_word' id='word_1_445' title='bbox 2917 3082 3196 3145; x_wconf 76' lang='grc' dir='ltr'>ἀναπνοὰς</span> <span class='ocrx_word' id='word_1_446' title='bbox 3252 3077 3343 3154; x_wconf 80' lang='grc' dir='ltr'>ἦν,</span> <span class='ocrx_word' id='word_1_447' title='bbox 3378 3085 3472 3136; x_wconf 74' lang='grc' dir='ltr'><strong>καὶ</strong></span> <span class='ocrx_word' id='word_1_448' title='bbox 3505 3085 3670 3150; x_wconf 79' lang='grc' dir='ltr'>αὐτὸς</span> <span class='ocrx_word' id='word_1_449' title='bbox 3697 3090 3724 3140; x_wconf 84' lang='grc' dir='ltr'><strong>δ</strong></span> 
     </span>
    </p>
   </div>
   <div class='ocr_carea' id='block_1_64' title="bbox 447 3169 2042 3245">
    <p class='ocr_par' dir='ltr' id='par_1_64' title="bbox 447 3169 2042 3245">
     <span class='ocr_line' id='line_1_64' title="bbox 447 3169 2042 3245; baseline 0.004 -21"><span class='ocrx_word' id='word_1_450' title='bbox 447 3169 890 3240; x_wconf 87' lang='lat' dir='ltr'><strong>emigrationem.</strong></span> <span class='ocrx_word' id='word_1_451' title='bbox 928 3171 1138 3226; x_wconf 86' lang='lat' dir='ltr'><strong>Aderat</strong></span> <span class='ocrx_word' id='word_1_452' title='bbox 1177 3183 1360 3228; x_wconf 91' lang='lat' dir='ltr'><strong>autem</strong></span> <span class='ocrx_word' id='word_1_453' title='bbox 1399 3173 1532 3229; x_wconf 84' lang='lat' dir='ltr'><strong>Rais</strong></span> <span class='ocrx_word' id='word_1_454' title='bbox 1571 3189 1793 3245; x_wconf 89' lang='lat' dir='ltr'><strong>quoque</strong></span> <span class='ocrx_word' id='word_1_455' title='bbox 1832 3177 2042 3232; x_wconf 85' lang='lat' dir='ltr'><strong>ﬁdelis-</strong></span> 
     </span>
    </p>
   </div>
   <div class='ocr_carea' id='block_1_65' title="bbox 449 3259 2040 3334">
    <p class='ocr_par' dir='ltr' id='par_1_65' title="bbox 449 3259 2040 3334">
     <span class='ocr_line' id='line_1_65' title="bbox 449 3259 2040 3334; baseline 0.008 -22"><span class='ocrx_word' id='word_1_456' title='bbox 449 3259 620 3323; x_wconf 87' lang='lat' dir='ltr'><strong>sima,</strong></span> <span class='ocrx_word' id='word_1_457' title='bbox 654 3269 710 3314; x_wconf 91' lang='lat' dir='ltr'><strong>et</strong></span> <span class='ocrx_word' id='word_1_458' title='bbox 739 3262 824 3315; x_wconf 89' lang='lat' dir='ltr'><strong>vir</strong></span> <span class='ocrx_word' id='word_1_459' title='bbox 853 3261 1075 3330; x_wconf 88' lang='lat' dir='ltr'><strong>quidam</strong></span> <span class='ocrx_word' id='word_1_460' title='bbox 1097 3303 1110 3327; x_wconf 97' lang='lat'><strong>,</strong></span> <span class='ocrx_word' id='word_1_461' title='bbox 1143 3263 1237 3332; x_wconf 91' lang='lat' dir='ltr'><strong>qui</strong></span> <span class='ocrx_word' id='word_1_462' title='bbox 1276 3264 1666 3334; x_wconf 85' lang='lat' dir='ltr'><strong>possidebatur</strong></span> <span class='ocrx_word' id='word_1_463' title='bbox 1697 3281 1728 3320; x_wconf 89' lang='lat' dir='ltr'><strong>a</strong></span> <span class='ocrx_word' id='word_1_464' title='bbox 1762 3267 2040 3334; x_wconf 69' lang='lat' dir='ltr'><strong>daemone,</strong></span> 
     </span>
    </p>
   </div>
   <div class='ocr_carea' id='block_1_66' title="bbox 448 3341 2045 3424">
    <p class='ocr_par' dir='ltr' id='par_1_66' title="bbox 448 3341 2045 3424">
     <span class='ocr_line' id='line_1_66' title="bbox 448 3341 2045 3424; baseline 0.006 -19"><span class='ocrx_word' id='word_1_465' title='bbox 448 3351 716 3420; x_wconf 68' lang='lat' dir='ltr'><strong>pergebat</strong></span> <span class='ocrx_word' id='word_1_466' title='bbox 750 3352 818 3406; x_wconf 89' lang='lat' dir='ltr'><strong>ad</strong></span> <span class='ocrx_word' id='word_1_467' title='bbox 853 3354 1205 3421; x_wconf 87' lang='lat' dir='ltr'><strong>columnam;</strong></span> <span class='ocrx_word' id='word_1_468' title='bbox 1237 3356 1330 3424; x_wconf 88' lang='lat' dir='ltr'><strong>qui</strong></span> <span class='ocrx_word' id='word_1_469' title='bbox 1359 3341 1419 3410; x_wconf 82' lang='lat' dir='ltr'><strong>et</strong></span> <span class='ocrx_word' id='word_1_470' title='bbox 1454 3366 1770 3411; x_wconf 89' lang='lat' dir='ltr'><strong>sanctorum</strong></span> <span class='ocrx_word' id='word_1_471' title='bbox 1804 3359 1871 3413; x_wconf 91' lang='lat' dir='ltr'><strong>ad</strong></span> <span class='ocrx_word' id='word_1_472' title='bbox 1908 3375 2045 3415; x_wconf 88' lang='lat' dir='ltr'><strong>san-</strong></span> 
     </span>
    </p>
   </div>
   <div class='ocr_carea' id='block_1_67' title="bbox 452 3441 2046 3518">
    <p class='ocr_par' dir='ltr' id='par_1_67' title="bbox 452 3441 2046 3518">
     <span class='ocr_line' id='line_1_67' title="bbox 452 3441 2046 3518; baseline 0.006 -22"><span class='ocrx_word' id='word_1_473' title='bbox 452 3449 602 3496; x_wconf 90' lang='lat' dir='ltr'><strong>ctum</strong></span> <span class='ocrx_word' id='word_1_474' title='bbox 648 3441 944 3496; x_wconf 90' lang='lat' dir='ltr'><strong>adventum</strong></span> <span class='ocrx_word' id='word_1_475' title='bbox 997 3443 1286 3499; x_wconf 89' lang='lat' dir='ltr'><strong>clamando</strong></span> <span class='ocrx_word' id='word_1_476' title='bbox 1330 3455 1520 3515; x_wconf 88' lang='lat' dir='ltr'><strong>aperte</strong></span> <span class='ocrx_word' id='word_1_477' title='bbox 1567 3447 1949 3518; x_wconf 84' lang='lat' dir='ltr'><strong>signiﬁcabat,</strong></span> <span class='ocrx_word' id='word_1_478' title='bbox 1988 3461 2046 3506; x_wconf 86' lang='lat' dir='ltr'><strong>et</strong></span> 
     </span>
    </p>
   </div>
   <div class='ocr_carea' id='block_1_68' title="bbox 452 3531 2044 3612">
    <p class='ocr_par' dir='ltr' id='par_1_68' title="bbox 452 3531 2044 3612">
     <span class='ocr_line' id='line_1_68' title="bbox 452 3531 2044 3612; baseline 0.004 -22"><span class='ocrx_word' id='word_1_479' title='bbox 452 3549 550 3590; x_wconf 89' lang='lat' dir='ltr'><strong>eos</strong></span> <span class='ocrx_word' id='word_1_480' title='bbox 580 3533 698 3588; x_wconf 90' lang='lat' dir='ltr'><strong>suis</strong></span> <span class='ocrx_word' id='word_1_481' title='bbox 723 3535 1034 3605; x_wconf 90' lang='lat' dir='ltr'><strong>appellabat</strong></span> <span class='ocrx_word' id='word_1_482' title='bbox 1066 3531 1424 3605; x_wconf 84' lang='lat' dir='ltr'><strong>nominibus,</strong></span> <span class='ocrx_word' id='word_1_483' title='bbox 1462 3547 1520 3593; x_wconf 89' lang='lat' dir='ltr'><strong>et</strong></span> <span class='ocrx_word' id='word_1_484' title='bbox 1549 3538 1797 3609; x_wconf 89' lang='lat' dir='ltr'><strong>ipsorum</strong></span> <span class='ocrx_word' id='word_1_485' title='bbox 1817 3582 1831 3607; x_wconf 95' lang='lat'><strong>,</strong></span> <span class='ocrx_word' id='word_1_486' title='bbox 1864 3551 1922 3596; x_wconf 92' lang='lat' dir='ltr'><strong>ut</strong></span> <span class='ocrx_word' id='word_1_487' title='bbox 1950 3543 2044 3612; x_wconf 89' lang='lat' dir='ltr'><strong>qui</strong></span> 
     </span>
    </p>
   </div>
   <div class='ocr_carea' id='block_1_69' title="bbox 453 3627 2044 3701">
    <p class='ocr_par' dir='ltr' id='par_1_69' title="bbox 453 3627 2044 3701">
     <span class='ocr_line' id='line_1_69' title="bbox 453 3627 2044 3701; baseline 0.004 -17"><span class='ocrx_word' id='word_1_488' title='bbox 453 3627 860 3691; x_wconf 84' lang='lat' dir='ltr'><strong>convenissent,</strong></span> <span class='ocrx_word' id='word_1_489' title='bbox 896 3628 1225 3684; x_wconf 89' lang='lat' dir='ltr'><strong>meminerat</strong></span> <span class='ocrx_word' id='word_1_490' title='bbox 1255 3631 1600 3701; x_wconf 85' lang='lat' dir='ltr'><strong>angelorum.</strong></span> <span class='ocrx_word' id='word_1_491' title='bbox 1634 3633 1844 3689; x_wconf 89' lang='lat' dir='ltr'><strong>Deinde</strong></span> <span class='ocrx_word' id='word_1_492' title='bbox 1874 3637 2044 3690; x_wconf 90' lang='lat' dir='ltr'><strong>etiam</strong></span> 
     </span>
    </p>
   </div>
   <div class='ocr_carea' id='block_1_70' title="bbox 452 3717 2043 3793">
    <p class='ocr_par' dir='ltr' id='par_1_70' title="bbox 452 3717 2043 3793">
     <span class='ocr_line' id='line_1_70' title="bbox 452 3717 2043 3793; baseline 0.004 -18"><span class='ocrx_word' id='word_1_493' title='bbox 452 3717 750 3790; x_wconf 86' lang='lat' dir='ltr'><strong>adjiciebat</strong></span> <span class='ocrx_word' id='word_1_494' title='bbox 780 3719 897 3774; x_wconf 82' lang='lat' dir='ltr'><strong>fore</strong></span> <span class='ocrx_word' id='word_1_495' title='bbox 928 3728 986 3773; x_wconf 91' lang='lat' dir='ltr'><strong>ut</strong></span> <span class='ocrx_word' id='word_1_496' title='bbox 1019 3719 1177 3774; x_wconf 90' lang='lat' dir='ltr'><strong>tertia</strong></span> <span class='ocrx_word' id='word_1_497' title='bbox 1212 3721 1347 3775; x_wconf 83' lang='lat' dir='ltr'><strong>hora</strong></span> <span class='ocrx_word' id='word_1_498' title='bbox 1382 3723 1543 3793; x_wconf 90' lang='lat' dir='ltr'><strong>hujus</strong></span> <span class='ocrx_word' id='word_1_499' title='bbox 1570 3723 1678 3778; x_wconf 91' lang='lat' dir='ltr'><strong>diei</strong></span> <span class='ocrx_word' id='word_1_500' title='bbox 1709 3724 1824 3793; x_wconf 90' lang='lat' dir='ltr'><strong>ipse</strong></span> <span class='ocrx_word' id='word_1_501' title='bbox 1853 3725 2043 3781; x_wconf 91' lang='lat' dir='ltr'><strong>Daniel</strong></span> 
     </span>
    </p>
   </div>
   <div class='ocr_carea' id='block_1_71' title="bbox 453 3807 2045 3874">
    <p class='ocr_par' dir='ltr' id='par_1_71' title="bbox 453 3807 2045 3874">
     <span class='ocr_line' id='line_1_71' title="bbox 453 3807 2045 3874; baseline 0.005 -11"><span class='ocrx_word' id='word_1_502' title='bbox 453 3808 687 3864; x_wconf 83' lang='lat' dir='ltr'><strong>excedat</strong></span> <span class='ocrx_word' id='word_1_503' title='bbox 731 3807 799 3864; x_wconf 90' lang='lat' dir='ltr'><strong>ad</strong></span> <span class='ocrx_word' id='word_1_504' title='bbox 843 3808 1164 3874; x_wconf 91' lang='lat' dir='ltr'><strong>Dominum,</strong></span> <span class='ocrx_word' id='word_1_505' title='bbox 1211 3820 1269 3865; x_wconf 92' lang='lat' dir='ltr'><strong>et</strong></span> <span class='ocrx_word' id='word_1_506' title='bbox 1315 3827 1344 3864; x_wconf 89' lang='lat' dir='ltr'><strong>a</strong></span> <span class='ocrx_word' id='word_1_507' title='bbox 1391 3811 1656 3867; x_wconf 89' lang='lat' dir='ltr'><strong>diuturna</strong></span> <span class='ocrx_word' id='word_1_508' title='bbox 1705 3813 2045 3870; x_wconf 88' lang='lat' dir='ltr'><strong>habitatione</strong></span> 
     </span>
    </p>
   </div>
   <div class='ocr_carea' id='block_1_72' title="bbox 456 3898 2047 3975">
    <p class='ocr_par' dir='ltr' id='par_1_72' title="bbox 456 3898 2047 3975">
     <span class='ocr_line' id='line_1_72' title="bbox 456 3898 2047 3975; baseline 0.004 -22"><span class='ocrx_word' id='word_1_509' title='bbox 456 3898 779 3954; x_wconf 88' lang='lat' dir='ltr'><strong>immundus</strong></span> <span class='ocrx_word' id='word_1_510' title='bbox 826 3899 1136 3970; x_wconf 81' lang='lat' dir='ltr'><strong>expellatur</strong></span> <span class='ocrx_word' id='word_1_511' title='bbox 1183 3900 1431 3969; x_wconf 89' lang='lat' dir='ltr'><strong>spiritus.</strong></span> <span class='ocrx_word' id='word_1_512' title='bbox 1481 3901 1614 3968; x_wconf 87' lang='lat' dir='ltr'><strong>Quae</strong></span> <span class='ocrx_word' id='word_1_513' title='bbox 1664 3914 1894 3975; x_wconf 90' lang='lat' dir='ltr'><strong>utraque</strong></span> <span class='ocrx_word' id='word_1_514' title='bbox 1945 3920 2047 3960; x_wconf 90' lang='lat' dir='ltr'><strong>suo</strong></span> 
     </span>
    </p>
   </div>
   <div class='ocr_carea' id='block_1_73' title="bbox 455 3989 2044 4063">
    <p class='ocr_par' dir='ltr' id='par_1_73' title="bbox 455 3989 2044 4063">
     <span class='ocr_line' id='line_1_73' title="bbox 455 3989 2044 4063; baseline 0.004 -20"><span class='ocrx_word' id='word_1_515' title='bbox 455 3999 704 4060; x_wconf 91' lang='lat' dir='ltr'><strong>tempore</strong></span> <span class='ocrx_word' id='word_1_516' title='bbox 753 4000 1085 4046; x_wconf 85' lang='lat' dir='ltr'><strong>evenerunt.</strong></span> <span class='ocrx_word' id='word_1_517' title='bbox 1134 3989 1266 4057; x_wconf 74' lang='lat' dir='ltr'><strong>Qua:</strong></span> <span class='ocrx_word' id='word_1_518' title='bbox 1317 3992 1476 4063; x_wconf 91' lang='lat' dir='ltr'><strong>prius</strong></span> <span class='ocrx_word' id='word_1_519' title='bbox 1527 3993 1674 4049; x_wconf 90' lang='lat' dir='ltr'><strong>dicta</strong></span> <span class='ocrx_word' id='word_1_520' title='bbox 1727 4004 1812 4050; x_wconf 92' lang='lat' dir='ltr'><strong>est</strong></span> <span class='ocrx_word' id='word_1_521' title='bbox 1861 4006 2044 4050; x_wconf 91' lang='lat' dir='ltr'><strong>autem</strong></span> 
     </span>
    </p>
   </div>
   <div class='ocr_carea' id='block_1_74' title="bbox 455 4080 2048 4154">
    <p class='ocr_par' dir='ltr' id='par_1_74' title="bbox 455 4080 2048 4154">
     <span class='ocr_line' id='line_1_74' title="bbox 455 4080 2048 4154; baseline 0.004 -20"><span class='ocrx_word' id='word_1_522' title='bbox 455 4081 614 4144; x_wconf 77' lang='lat' dir='ltr'><strong>Bais,</strong></span> <span class='ocrx_word' id='word_1_523' title='bbox 649 4080 937 4152; x_wconf 88' lang='lat' dir='ltr'><strong>magniﬁce</strong></span> <span class='ocrx_word' id='word_1_524' title='bbox 969 4081 1201 4152; x_wconf 89' lang='lat' dir='ltr'><strong>parabat</strong></span> <span class='ocrx_word' id='word_1_525' title='bbox 1231 4097 1296 4138; x_wconf 90' lang='lat' dir='ltr'><strong>ea</strong></span> <span class='ocrx_word' id='word_1_526' title='bbox 1330 4099 1452 4153; x_wconf 71' lang='lat' dir='ltr'><strong>quae</strong></span> <span class='ocrx_word' id='word_1_527' title='bbox 1480 4085 1833 4154; x_wconf 89' lang='lat' dir='ltr'><strong>pertinebant</strong></span> <span class='ocrx_word' id='word_1_528' title='bbox 1861 4086 1929 4140; x_wconf 89' lang='lat' dir='ltr'><strong>ad</strong></span> <span class='ocrx_word' id='word_1_529' title='bbox 1962 4101 2048 4141; x_wconf 85' lang='lat' dir='ltr'><strong>se-</strong></span> 
     </span>
    </p>
   </div>
   <div class='ocr_carea' id='block_1_75' title="bbox 456 4173 2048 4242">
    <p class='ocr_par' dir='ltr' id='par_1_75' title="bbox 456 4173 2048 4242">
     <span class='ocr_line' id='line_1_75' title="bbox 456 4173 2048 4242; baseline 0.004 -16"><span class='ocrx_word' id='word_1_530' title='bbox 456 4175 776 4242; x_wconf 88' lang='lat' dir='ltr'><strong>pulturam;</strong></span> <span class='ocrx_word' id='word_1_531' title='bbox 815 4183 873 4228; x_wconf 90' lang='lat' dir='ltr'><strong>et</strong></span> <span class='ocrx_word' id='word_1_532' title='bbox 911 4187 1034 4228; x_wconf 92' lang='lat' dir='ltr'><strong>cum</strong></span> <span class='ocrx_word' id='word_1_533' title='bbox 1081 4175 1284 4230; x_wconf 91' lang='lat' dir='ltr'><strong>multos</strong></span> <span class='ocrx_word' id='word_1_534' title='bbox 1325 4173 1647 4232; x_wconf 80' lang='lat' dir='ltr'><strong>adduxisset</strong></span> <span class='ocrx_word' id='word_1_535' title='bbox 1688 4177 1958 4242; x_wconf 89' lang='lat' dir='ltr'><strong>artiﬁces,</strong></span> <span class='ocrx_word' id='word_1_536' title='bbox 1994 4187 2048 4232; x_wconf 92' lang='lat' dir='ltr'><strong>et</strong></span> 
     </span>
    </p>
   </div>
   <div class='ocr_carea' id='block_1_76' title="bbox 452 4265 2046 4339">
    <p class='ocr_par' dir='ltr' id='par_1_76' title="bbox 452 4265 2046 4339">
     <span class='ocr_line' id='line_1_76' title="bbox 452 4265 2046 4339; baseline 0.004 -21"><span class='ocrx_word' id='word_1_537' title='bbox 452 4265 711 4335; x_wconf 75' lang='lat' dir='ltr'><strong>iussisset</strong></span> <span class='ocrx_word' id='word_1_538' title='bbox 744 4265 862 4320; x_wconf 91' lang='lat' dir='ltr'><strong>ﬁeri</strong></span> <span class='ocrx_word' id='word_1_539' title='bbox 898 4267 1170 4320; x_wconf 90' lang='lat' dir='ltr'><strong>tumulum</strong></span> <span class='ocrx_word' id='word_1_540' title='bbox 1204 4268 1260 4320; x_wconf 91' lang='lat' dir='ltr'><strong>in</strong></span> <span class='ocrx_word' id='word_1_541' title='bbox 1293 4268 1556 4323; x_wconf 81' lang='lat' dir='ltr'><strong>inferiore</strong></span> <span class='ocrx_word' id='word_1_542' title='bbox 1590 4279 1744 4339; x_wconf 91' lang='lat' dir='ltr'><strong>parte</strong></span> <span class='ocrx_word' id='word_1_543' title='bbox 1777 4269 1926 4324; x_wconf 88' lang='lat' dir='ltr'><strong>basis</strong></span> <span class='ocrx_word' id='word_1_544' title='bbox 1955 4284 2046 4324; x_wconf 79' lang='lat' dir='ltr'><strong>co—</strong></span> 
     </span>
    </p>
   </div>
   <div class='ocr_carea' id='block_1_77' title="bbox 453 4355 2047 4431">
    <p class='ocr_par' dir='ltr' id='par_1_77' title="bbox 453 4355 2047 4431">
     <span class='ocr_line' id='line_1_77' title="bbox 453 4355 2047 4431; baseline 0.003 -21"><span class='ocrx_word' id='word_1_545' title='bbox 453 4355 658 4411; x_wconf 75' lang='lat' dir='ltr'><strong>lumna:</strong></span> <span class='ocrx_word' id='word_1_546' title='bbox 680 4396 695 4420; x_wconf 89' lang='lat'><strong>,</strong></span> <span class='ocrx_word' id='word_1_547' title='bbox 727 4366 782 4411; x_wconf 89' lang='lat' dir='ltr'><strong>et</strong></span> <span class='ocrx_word' id='word_1_548' title='bbox 816 4373 990 4426; x_wconf 87' lang='lat' dir='ltr'><strong>usque</strong></span> <span class='ocrx_word' id='word_1_549' title='bbox 1026 4359 1094 4414; x_wconf 89' lang='lat' dir='ltr'><strong>ad</strong></span> <span class='ocrx_word' id='word_1_550' title='bbox 1131 4359 1446 4430; x_wconf 78' lang='lat' dir='ltr'><strong>fastigium,</strong></span> <span class='ocrx_word' id='word_1_551' title='bbox 1478 4359 1676 4415; x_wconf 90' lang='lat' dir='ltr'><strong>statuit</strong></span> <span class='ocrx_word' id='word_1_552' title='bbox 1709 4376 1775 4415; x_wconf 72' lang='lat' dir='ltr'><strong>ex</strong></span> <span class='ocrx_word' id='word_1_553' title='bbox 1810 4369 2047 4431; x_wconf 90' lang='lat' dir='ltr'><strong>utraque</strong></span> 
     </span>
    </p>
   </div>
   <div class='ocr_carea' id='block_1_78' title="bbox 2146 3167 3728 3248">
    <p class='ocr_par' dir='ltr' id='par_1_78' title="bbox 2146 3167 3728 3248">
     <span class='ocr_line' id='line_1_78' title="bbox 2146 3167 3728 3248; baseline 0.004 -25"><span class='ocrx_word' id='word_1_554' title='bbox 2146 3171 2255 3223; x_wconf 87' lang='grc' dir='ltr'><strong>τῶν</strong></span> <span class='ocrx_word' id='word_1_555' title='bbox 2287 3170 2483 3242; x_wconf 73' lang='grc' dir='ltr'>ἱερέων</span> <span class='ocrx_word' id='word_1_556' title='bbox 2523 3173 2811 3242; x_wconf 81' lang='grc' dir='ltr'>πρόεδρος,</span> <span class='ocrx_word' id='word_1_557' title='bbox 2855 3171 3138 3242; x_wconf 78' lang='grc' dir='ltr'>Εύφήμιος</span> <span class='ocrx_word' id='word_1_558' title='bbox 3175 3167 3329 3237; x_wconf 73' lang='grc' dir='ltr'>οὗτος</span> <span class='ocrx_word' id='word_1_559' title='bbox 3356 3170 3423 3245; x_wconf 77' lang='grc' dir='ltr'>ἦν</span> <span class='ocrx_word' id='word_1_560' title='bbox 3458 3176 3590 3246; x_wconf 69' lang='grc' dir='ltr'>(ήδη</span> <span class='ocrx_word' id='word_1_561' title='bbox 3616 3175 3728 3248; x_wconf 79' lang='grc' dir='ltr'>γὰρ</span> 
     </span>
    </p>
   </div>
   <div class='ocr_carea' id='block_1_79' title="bbox 2159 3261 3724 3338">
    <p class='ocr_par' dir='ltr' id='par_1_79' title="bbox 2159 3261 3724 3338">
     <span class='ocr_line' id='line_1_79' title="bbox 2159 3261 3724 3338; baseline 0.002 -24"><span class='ocrx_word' id='word_1_562' title='bbox 2159 3261 2414 3324; x_wconf 80' lang='grc' dir='ltr'>Ἀκάκιος</span> <span class='ocrx_word' id='word_1_563' title='bbox 2466 3263 2809 3332; x_wconf 81' lang='grc' dir='ltr'>ἐτεθνήκει),</span> <span class='ocrx_word' id='word_1_564' title='bbox 2877 3265 3017 3333; x_wconf 85' lang='grc' dir='ltr'>μετὰ</span> <span class='ocrx_word' id='word_1_565' title='bbox 3065 3265 3174 3317; x_wconf 88' lang='grc' dir='ltr'><strong>τῶν</strong></span> <span class='ocrx_word' id='word_1_566' title='bbox 3202 3267 3283 3328; x_wconf 83' lang='grc' dir='ltr'><strong>είς</strong></span> <span class='ocrx_word' id='word_1_567' title='bbox 3311 3265 3410 3335; x_wconf 75' lang='grc' dir='ltr'>τὴν</span> <span class='ocrx_word' id='word_1_568' title='bbox 3459 3268 3724 3338; x_wconf 75' lang='grc' dir='ltr'>ἐκδημίαν</span> 
     </span>
    </p>
   </div>
   <div class='ocr_carea' id='block_1_80' title="bbox 2150 3352 3728 3424">
    <p class='ocr_par' dir='ltr' id='par_1_80' title="bbox 2150 3352 3728 3424">
     <span class='ocr_line' id='line_1_80' title="bbox 2150 3352 3728 3424; baseline 0.004 -20"><span class='ocrx_word' id='word_1_569' title='bbox 2150 3352 2356 3422; x_wconf 81' lang='grc' dir='ltr'>παρῆν,</span> <span class='ocrx_word' id='word_1_570' title='bbox 2411 3354 2592 3424; x_wconf 82' lang='grc' dir='ltr'>παρῆν</span> <span class='ocrx_word' id='word_1_571' title='bbox 2631 3353 2686 3406; x_wconf 86' lang='grc' dir='ltr'>δὲ</span> <span class='ocrx_word' id='word_1_572' title='bbox 2732 3356 2824 3409; x_wconf 73' lang='grc' dir='ltr'><strong>καὶ</strong></span> <span class='ocrx_word' id='word_1_573' title='bbox 2863 3357 2896 3424; x_wconf 79' lang='grc' dir='ltr'>ἡ</span> <span class='ocrx_word' id='word_1_574' title='bbox 2933 3357 3236 3424; x_wconf 78' lang='grc' dir='ltr'>πιστοτάτη</span> <span class='ocrx_word' id='word_1_575' title='bbox 3298 3355 3470 3420; x_wconf 77' lang='grc' dir='ltr'>Ῥαὶς,</span> <span class='ocrx_word' id='word_1_576' title='bbox 3521 3360 3615 3412; x_wconf 88' lang='grc' dir='ltr'><strong>καί</strong></span> <span class='ocrx_word' id='word_1_577' title='bbox 3643 3376 3728 3423; x_wconf 86' lang='grc' dir='ltr'><strong>τις</strong></span> 
     </span>
    </p>
   </div>
   <div class='ocr_carea' id='block_1_81' title="bbox 2147 3441 3726 3514">
    <p class='ocr_par' dir='ltr' id='par_1_81' title="bbox 2147 3441 3726 3514">
     <span class='ocr_line' id='line_1_81' title="bbox 2147 3441 3726 3514; baseline 0.004 -23"><span class='ocrx_word' id='word_1_578' title='bbox 2147 3441 2286 3510; x_wconf 75' lang='grc' dir='ltr'>ἀνὴρ</span> <span class='ocrx_word' id='word_1_579' title='bbox 2342 3442 2560 3512; x_wconf 78' lang='grc' dir='ltr'>δαίμονι</span> <span class='ocrx_word' id='word_1_580' title='bbox 2616 3443 2848 3512; x_wconf 73' lang='grc' dir='ltr'>κάτοχος</span> <span class='ocrx_word' id='word_1_581' title='bbox 2880 3443 3016 3513; x_wconf 76' lang='grc' dir='ltr'>πρὸς</span> <span class='ocrx_word' id='word_1_582' title='bbox 3044 3443 3138 3496; x_wconf 75' lang='grc' dir='ltr'>τὸν</span> <span class='ocrx_word' id='word_1_583' title='bbox 3184 3443 3378 3496; x_wconf 79' lang='grc' dir='ltr'>στύλον</span> <span class='ocrx_word' id='word_1_584' title='bbox 3421 3443 3641 3514; x_wconf 85' lang='grc' dir='ltr'>ἐχώρει,</span> <span class='ocrx_word' id='word_1_585' title='bbox 3668 3445 3726 3504; x_wconf 84' lang='grc' dir='ltr'>ὃς</span> 
     </span>
    </p>
   </div>
   <div class='ocr_carea' id='block_1_82' title="bbox 2147 3532 3730 3606">
    <p class='ocr_par' dir='ltr' id='par_1_82' title="bbox 2147 3532 3730 3606">
     <span class='ocr_line' id='line_1_82' title="bbox 2147 3532 3730 3606; baseline -0.001 -18"><span class='ocrx_word' id='word_1_586' title='bbox 2147 3535 2249 3606; x_wconf 81' lang='grc' dir='ltr'>τήν</span> <span class='ocrx_word' id='word_1_587' title='bbox 2277 3553 2334 3589; x_wconf 89' lang='grc' dir='ltr'><strong>τε</strong></span> <span class='ocrx_word' id='word_1_588' title='bbox 2370 3534 2479 3587; x_wconf 88' lang='grc' dir='ltr'><strong>τῶν</strong></span> <span class='ocrx_word' id='word_1_589' title='bbox 2515 3534 2689 3599; x_wconf 83' lang='grc' dir='ltr'>ἁγίων</span> <span class='ocrx_word' id='word_1_590' title='bbox 2717 3533 3016 3604; x_wconf 80' lang='grc' dir='ltr'>ἐπιδημίαν</span> <span class='ocrx_word' id='word_1_591' title='bbox 3049 3533 3147 3604; x_wconf 78' lang='grc' dir='ltr'>τὴν</span> <span class='ocrx_word' id='word_1_592' title='bbox 3169 3534 3304 3604; x_wconf 79' lang='grc' dir='ltr'>πρὸς</span> <span class='ocrx_word' id='word_1_593' title='bbox 3335 3532 3427 3587; x_wconf 86' lang='grc' dir='ltr'><strong>τδν</strong></span> <span class='ocrx_word' id='word_1_594' title='bbox 3454 3535 3598 3588; x_wconf 79' lang='grc' dir='ltr'>ὅσιον</span> <span class='ocrx_word' id='word_1_595' title='bbox 3627 3553 3730 3602; x_wconf 81' lang='grc' dir='ltr'>φα-</span> 
     </span>
    </p>
   </div>
   <div class='ocr_carea' id='block_1_83' title="bbox 2150 3627 3732 3698">
    <p class='ocr_par' dir='ltr' id='par_1_83' title="bbox 2150 3627 3732 3698">
     <span class='ocr_line' id='line_1_83' title="bbox 2150 3627 3732 3698; baseline 0.003 -17"><span class='ocrx_word' id='word_1_596' title='bbox 2150 3627 2322 3698; x_wconf 90' lang='grc' dir='ltr'>νερῶς</span> <span class='ocrx_word' id='word_1_597' title='bbox 2358 3627 2514 3693; x_wconf 71' lang='grc' dir='ltr'>ἐϐόα,</span> <span class='ocrx_word' id='word_1_598' title='bbox 2569 3627 2832 3696; x_wconf 72' lang='grc' dir='ltr'>ὀνομαστί</span> <span class='ocrx_word' id='word_1_599' title='bbox 2882 3645 2938 3681; x_wconf 87' lang='grc' dir='ltr'><strong>τε</strong></span> <span class='ocrx_word' id='word_1_600' title='bbox 2968 3627 3193 3692; x_wconf 79' lang='grc' dir='ltr'>τούτους</span> <span class='ocrx_word' id='word_1_601' title='bbox 3237 3628 3446 3694; x_wconf 85' lang='grc' dir='ltr'>ἐκάλει,</span> <span class='ocrx_word' id='word_1_602' title='bbox 3499 3630 3732 3685; x_wconf 73' lang='grc' dir='ltr'>καὶτῶν</span> 
     </span>
    </p>
   </div>
   <div class='ocr_carea' id='block_1_84' title="bbox 2149 3715 3734 3792">
    <p class='ocr_par' dir='ltr' id='par_1_84' title="bbox 2149 3715 3734 3792">
     <span class='ocr_line' id='line_1_84' title="bbox 2149 3715 3734 3792; baseline 0.003 -20"><span class='ocrx_word' id='word_1_603' title='bbox 2149 3717 2399 3784; x_wconf 80' lang='grc' dir='ltr'>ἀγγέλων</span> <span class='ocrx_word' id='word_1_604' title='bbox 2429 3717 2504 3780; x_wconf 84' lang='grc' dir='ltr'>ὡς</span> <span class='ocrx_word' id='word_1_605' title='bbox 2527 3717 2842 3786; x_wconf 83' lang='grc' dir='ltr'>δραμόντων</span> <span class='ocrx_word' id='word_1_606' title='bbox 2897 3719 3184 3790; x_wconf 82' lang='grc' dir='ltr'>ἐμέμνητο</span> <span class='ocrx_word' id='word_1_607' title='bbox 3207 3759 3222 3785; x_wconf 91' lang='grc'><strong>,</strong></span> <span class='ocrx_word' id='word_1_608' title='bbox 3272 3715 3395 3774; x_wconf 76' lang='grc' dir='ltr'>εἶτα</span> <span class='ocrx_word' id='word_1_609' title='bbox 3432 3723 3528 3776; x_wconf 80' lang='grc' dir='ltr'>καὶ</span> <span class='ocrx_word' id='word_1_610' title='bbox 3563 3739 3734 3792; x_wconf 78' lang='grc' dir='ltr'>προσ-</span> 
     </span>
    </p>
   </div>
   <div class='ocr_carea' id='block_1_85' title="bbox 2151 3809 3733 3883">
    <p class='ocr_par' dir='ltr' id='par_1_85' title="bbox 2151 3809 3733 3883">
     <span class='ocr_line' id='line_1_85' title="bbox 2151 3809 3733 3883; baseline 0.003 -21"><span class='ocrx_word' id='word_1_611' title='bbox 2151 3809 2317 3862; x_wconf 87' lang='grc' dir='ltr'>ετίθει</span> <span class='ocrx_word' id='word_1_612' title='bbox 2345 3810 2428 3863; x_wconf 85' lang='grc' dir='ltr'>ὅτι</span> <span class='ocrx_word' id='word_1_613' title='bbox 2459 3809 2649 3879; x_wconf 86' lang='grc' dir='ltr'>τρίτην</span> <span class='ocrx_word' id='word_1_614' title='bbox 2673 3809 2824 3877; x_wconf 80' lang='grc' dir='ltr'>ὤραν</span> <span class='ocrx_word' id='word_1_615' title='bbox 2855 3810 2950 3880; x_wconf 82' lang='grc' dir='ltr'>τῆς</span> <span class='ocrx_word' id='word_1_616' title='bbox 2975 3811 3190 3881; x_wconf 77' lang='grc' dir='ltr'>ἡμέρας</span> <span class='ocrx_word' id='word_1_617' title='bbox 3226 3812 3461 3883; x_wconf 88' lang='grc' dir='ltr'>ἐχούσης</span> <span class='ocrx_word' id='word_1_618' title='bbox 3487 3815 3651 3877; x_wconf 81' lang='grc' dir='ltr'>αὐτός</span> <span class='ocrx_word' id='word_1_619' title='bbox 3670 3830 3733 3867; x_wconf 84' lang='grc' dir='ltr'><strong>τε</strong></span> 
     </span>
    </p>
   </div>
   <div class='ocr_carea' id='block_1_86' title="bbox 2150 3898 3733 3975">
    <p class='ocr_par' dir='ltr' id='par_1_86' title="bbox 2150 3898 3733 3975">
     <span class='ocr_line' id='line_1_86' title="bbox 2150 3898 3733 3975; baseline 0.003 -22"><span class='ocrx_word' id='word_1_620' title='bbox 2150 3898 2292 3970; x_wconf 87' lang='grc' dir='ltr'>πρὸς</span> <span class='ocrx_word' id='word_1_621' title='bbox 2314 3899 2518 3970; x_wconf 86' lang='grc' dir='ltr'>Κύριον</span> <span class='ocrx_word' id='word_1_622' title='bbox 2543 3900 2570 3952; x_wconf 87' lang='grc' dir='ltr'><strong>ὁ</strong></span> <span class='ocrx_word' id='word_1_623' title='bbox 2599 3899 2797 3970; x_wconf 82' lang='grc' dir='ltr'>Δανιὴλ</span> <span class='ocrx_word' id='word_1_624' title='bbox 2820 3901 3196 3967; x_wconf 86' lang='grc' dir='ltr'>ἐπελεύσεται,</span> <span class='ocrx_word' id='word_1_625' title='bbox 3225 3903 3399 3957; x_wconf 76' lang='grc' dir='ltr'>καὶτὸ</span> <span class='ocrx_word' id='word_1_626' title='bbox 3422 3906 3733 3975; x_wconf 76' lang='grc' dir='ltr'>ἀκάθαρτον</span> 
     </span>
    </p>
   </div>
   <div class='ocr_carea' id='block_1_87' title="bbox 2152 3991 3730 4067">
    <p class='ocr_par' dir='ltr' id='par_1_87' title="bbox 2152 3991 3730 4067">
     <span class='ocr_line' id='line_1_87' title="bbox 2152 3991 3730 4067; baseline 0.004 -22"><span class='ocrx_word' id='word_1_627' title='bbox 2152 3992 2372 4061; x_wconf 80' lang='grc' dir='ltr'>πνεῦμα</span> <span class='ocrx_word' id='word_1_628' title='bbox 2403 3991 2504 4061; x_wconf 87' lang='grc' dir='ltr'>τῆς</span> <span class='ocrx_word' id='word_1_629' title='bbox 2543 3991 2766 4061; x_wconf 86' lang='grc' dir='ltr'>χρονίας</span> <span class='ocrx_word' id='word_1_630' title='bbox 2787 3993 3054 4063; x_wconf 77' lang='grc' dir='ltr'>οἰκήσεως</span> <span class='ocrx_word' id='word_1_631' title='bbox 3083 3993 3416 4065; x_wconf 83' lang='grc' dir='ltr'>θεοκινήτως</span> <span class='ocrx_word' id='word_1_632' title='bbox 3451 3997 3730 4067; x_wconf 82' lang='grc' dir='ltr'>ἀπελαθὴ-</span> 
     </span>
    </p>
   </div>
   <div class='ocr_carea' id='block_1_88' title="bbox 2155 4082 3730 4158">
    <p class='ocr_par' dir='ltr' id='par_1_88' title="bbox 2155 4082 3730 4158">
     <span class='ocr_line' id='line_1_88' title="bbox 2155 4082 3730 4158; baseline 0.004 -22"><span class='ocrx_word' id='word_1_633' title='bbox 2155 4100 2328 4148; x_wconf 88' lang='grc' dir='ltr'>σεται,</span> <span class='ocrx_word' id='word_1_634' title='bbox 2367 4082 2403 4138; x_wconf 79' lang='grc' dir='ltr'><strong>ά</strong></span> <span class='ocrx_word' id='word_1_635' title='bbox 2435 4083 2499 4153; x_wconf 82' lang='grc' dir='ltr'>δὴ</span> <span class='ocrx_word' id='word_1_636' title='bbox 2529 4084 2621 4136; x_wconf 73' lang='grc' dir='ltr'><strong>καὶ</strong></span> <span class='ocrx_word' id='word_1_637' title='bbox 2651 4083 2944 4153; x_wconf 82' lang='grc' dir='ltr'>ἀμφότερα</span> <span class='ocrx_word' id='word_1_638' title='bbox 2974 4085 3118 4138; x_wconf 82' lang='grc' dir='ltr'>κατὰ</span> <span class='ocrx_word' id='word_1_639' title='bbox 3148 4085 3242 4139; x_wconf 82' lang='grc' dir='ltr'><strong>τὸν</strong></span> <span class='ocrx_word' id='word_1_640' title='bbox 3266 4087 3457 4158; x_wconf 86' lang='grc' dir='ltr'>καιρὸν</span> <span class='ocrx_word' id='word_1_641' title='bbox 3489 4089 3730 4158; x_wconf 84' lang='grc' dir='ltr'>ἀπήντα.</span> 
     </span>
    </p>
   </div>
   <div class='ocr_carea' id='block_1_89' title="bbox 2164 4173 3733 4252">
    <p class='ocr_par' dir='ltr' id='par_1_89' title="bbox 2164 4173 3733 4252">
     <span class='ocr_line' id='line_1_89' title="bbox 2164 4173 3733 4252; baseline 0.006 -26"><span class='ocrx_word' id='word_1_642' title='bbox 2164 4173 2227 4226; x_wconf 82' lang='grc' dir='ltr'><strong>Ἥ</strong></span> <span class='ocrx_word' id='word_1_643' title='bbox 2280 4174 2464 4245; x_wconf 83' lang='grc' dir='ltr'>μέντοι</span> <span class='ocrx_word' id='word_1_644' title='bbox 2495 4177 2876 4247; x_wconf 76' lang='grc' dir='ltr'>προρρηθεῖσα</span> <span class='ocrx_word' id='word_1_645' title='bbox 2930 4177 3084 4242; x_wconf 74' lang='grc' dir='ltr'>Ῥαὶς</span> <span class='ocrx_word' id='word_1_646' title='bbox 3112 4178 3415 4250; x_wconf 88' lang='grc' dir='ltr'>φιλοτίμως</span> <span class='ocrx_word' id='word_1_647' title='bbox 3477 4180 3547 4234; x_wconf 84' lang='grc' dir='ltr'><strong>τά</strong></span> <span class='ocrx_word' id='word_1_648' title='bbox 3595 4181 3733 4252; x_wconf 69' lang='grc' dir='ltr'>πρὸς</span> 
     </span>
    </p>
   </div>
   <div class='ocr_carea' id='block_1_90' title="bbox 2151 4264 3734 4340">
    <p class='ocr_par' dir='ltr' id='par_1_90' title="bbox 2151 4264 3734 4340">
     <span class='ocr_line' id='line_1_90' title="bbox 2151 4264 3734 4340; baseline 0.005 -23"><span class='ocrx_word' id='word_1_649' title='bbox 2151 4264 2328 4335; x_wconf 77' lang='grc' dir='ltr'>ταφὴν</span> <span class='ocrx_word' id='word_1_650' title='bbox 2359 4265 2603 4336; x_wconf 80' lang='grc' dir='ltr'>ἐνήργει,</span> <span class='ocrx_word' id='word_1_651' title='bbox 2640 4269 2736 4319; x_wconf 71' lang='grc' dir='ltr'>καὶ</span> <span class='ocrx_word' id='word_1_652' title='bbox 2770 4268 2997 4336; x_wconf 71' lang='grc' dir='ltr'>συχνοὺς</span> <span class='ocrx_word' id='word_1_653' title='bbox 3021 4268 3130 4320; x_wconf 90' lang='grc' dir='ltr'><strong>τῶν</strong></span> <span class='ocrx_word' id='word_1_654' title='bbox 3158 4272 3418 4340; x_wconf 86' lang='grc' dir='ltr'>τεχνιτῶν</span> <span class='ocrx_word' id='word_1_655' title='bbox 3448 4271 3734 4340; x_wconf 80' lang='grc' dir='ltr'>ἀγαγοῦσα</span> 
     </span>
    </p>
   </div>
   <div class='ocr_carea' id='block_1_91' title="bbox 2156 4357 3736 4428">
    <p class='ocr_par' dir='ltr' id='par_1_91' title="bbox 2156 4357 3736 4428">
     <span class='ocr_line' id='line_1_91' title="bbox 2156 4357 3736 4428; baseline 0.003 -19"><span class='ocrx_word' id='word_1_656' title='bbox 2156 4357 2404 4426; x_wconf 86' lang='grc' dir='ltr'>στύρακά</span> <span class='ocrx_word' id='word_1_657' title='bbox 2442 4374 2501 4410; x_wconf 91' lang='grc' dir='ltr'><strong>τε</strong></span> <span class='ocrx_word' id='word_1_658' title='bbox 2537 4357 2797 4425; x_wconf 85' lang='grc' dir='ltr'>γενέσθαι</span> <span class='ocrx_word' id='word_1_659' title='bbox 2829 4359 3186 4428; x_wconf 81' lang='grc' dir='ltr'>προστάξασα</span> <span class='ocrx_word' id='word_1_660' title='bbox 3209 4361 3455 4414; x_wconf 83' lang='grc' dir='ltr'>κάτωθεν</span> <span class='ocrx_word' id='word_1_661' title='bbox 3485 4361 3580 4414; x_wconf 81' lang='grc' dir='ltr'>τοῦ</span> <span class='ocrx_word' id='word_1_662' title='bbox 3608 4362 3736 4414; x_wconf 84' lang='grc' dir='ltr'>στύ-</span> 
     </span>
    </p>
   </div>
   <div class='ocr_carea' id='block_1_92' title="bbox 455 4443 2036 4522">
    <p class='ocr_par' dir='ltr' id='par_1_92' title="bbox 455 4449 2036 4522">
     <span class='ocr_line' id='line_1_92' title="bbox 455 4449 2036 4522; baseline 0.002 -21"><span class='ocrx_word' id='word_1_663' title='bbox 455 4457 616 4518; x_wconf 83' lang='lat' dir='ltr'><strong>parte</strong></span> <span class='ocrx_word' id='word_1_664' title='bbox 654 4449 850 4502; x_wconf 90' lang='lat' dir='ltr'><strong>tumuli</strong></span> <span class='ocrx_word' id='word_1_665' title='bbox 887 4449 1179 4518; x_wconf 88' lang='lat' dir='ltr'><strong>homines,</strong></span> <span class='ocrx_word' id='word_1_666' title='bbox 1216 4451 1312 4522; x_wconf 87' lang='lat' dir='ltr'><strong>qui</strong></span> <span class='ocrx_word' id='word_1_667' title='bbox 1351 4449 1501 4507; x_wconf 82' lang='lat' dir='ltr'><strong>faces</strong></span> <span class='ocrx_word' id='word_1_668' title='bbox 1533 4450 1778 4516; x_wconf 82' lang='lat' dir='ltr'><strong>ferrent,</strong></span> <span class='ocrx_word' id='word_1_669' title='bbox 1815 4460 1872 4506; x_wconf 91' lang='lat' dir='ltr'><strong>et</strong></span> <span class='ocrx_word' id='word_1_670' title='bbox 1905 4453 2036 4506; x_wconf 88' lang='lat' dir='ltr'><strong>lam-</strong></span> 
     </span>
    </p>
   </div>
   <div class='ocr_carea' id='block_1_93' title="bbox 2143 4443 3735 4522">
    <p class='ocr_par' dir='ltr' id='par_1_93' title="bbox 2151 4446 3735 4521">
     <span class='ocr_line' id='line_1_93' title="bbox 2151 4446 3735 4521; baseline 0.004 -22"><span class='ocrx_word' id='word_1_671' title='bbox 2151 4448 2242 4500; x_wconf 86' lang='grc' dir='ltr'><strong>λου</strong></span> <span class='ocrx_word' id='word_1_672' title='bbox 2285 4446 2496 4517; x_wconf 77' lang='grc' dir='ltr'>βάσεως</span> <span class='ocrx_word' id='word_1_673' title='bbox 2530 4447 2627 4500; x_wconf 85' lang='grc' dir='ltr'>καὶ</span> <span class='ocrx_word' id='word_1_674' title='bbox 2683 4449 2846 4519; x_wconf 77' lang='grc' dir='ltr'>μέχρι</span> <span class='ocrx_word' id='word_1_675' title='bbox 2901 4449 3002 4516; x_wconf 86' lang='grc' dir='ltr'>τῆς</span> <span class='ocrx_word' id='word_1_676' title='bbox 3057 4451 3303 4520; x_wconf 79' lang='grc' dir='ltr'>κορυφῆς</span> <span class='ocrx_word' id='word_1_677' title='bbox 3347 4450 3641 4521; x_wconf 66' lang='grc' dir='ltr'>δᾳδούχους</span> <span class='ocrx_word' id='word_1_678' title='bbox 3671 4451 3735 4516; x_wconf 75' lang='grc' dir='ltr'>ἐξ</span> 
     </span>
    </p>
   </div>
   <div class='ocr_carea' id='block_1_94' title="bbox 456 4539 2045 4612">
    <p class='ocr_par' dir='ltr' id='par_1_94' title="bbox 456 4539 2045 4612">
     <span class='ocr_line' id='line_1_94' title="bbox 456 4539 2045 4612; baseline 0.003 -19"><span class='ocrx_word' id='word_1_679' title='bbox 456 4539 631 4610; x_wconf 90' lang='lat' dir='ltr'><strong>pades</strong></span> <span class='ocrx_word' id='word_1_680' title='bbox 665 4547 920 4594; x_wconf 87' lang='lat' dir='ltr'><strong>tenerent</strong></span> <span class='ocrx_word' id='word_1_681' title='bbox 955 4539 1233 4608; x_wconf 90' lang='lat' dir='ltr'><strong>manibus,</strong></span> <span class='ocrx_word' id='word_1_682' title='bbox 1264 4551 1321 4596; x_wconf 95' lang='lat' dir='ltr'><strong>et</strong></span> <span class='ocrx_word' id='word_1_683' title='bbox 1351 4556 1417 4596; x_wconf 90' lang='lat' dir='ltr'><strong>ea</strong></span> <span class='ocrx_word' id='word_1_684' title='bbox 1449 4552 1734 4605; x_wconf 89' lang='lat' dir='ltr'><strong>canerent,</strong></span> <span class='ocrx_word' id='word_1_685' title='bbox 1767 4557 1888 4612; x_wconf 78' lang='lat' dir='ltr'><strong>qua:</strong></span> <span class='ocrx_word' id='word_1_686' title='bbox 1921 4544 2045 4598; x_wconf 89' lang='lat' dir='ltr'><strong>cani</strong></span> 
     </span>
    </p>
   </div>
   <div class='ocr_carea' id='block_1_95' title="bbox 459 4629 2046 4702">
    <p class='ocr_par' dir='ltr' id='par_1_95' title="bbox 459 4629 2046 4702">
     <span class='ocr_line' id='line_1_95' title="bbox 459 4629 2046 4702; baseline 0.003 -18"><span class='ocrx_word' id='word_1_687' title='bbox 459 4631 642 4685; x_wconf 79' lang='lat' dir='ltr'><strong>solent</strong></span> <span class='ocrx_word' id='word_1_688' title='bbox 678 4629 732 4684; x_wconf 92' lang='lat' dir='ltr'><strong>in</strong></span> <span class='ocrx_word' id='word_1_689' title='bbox 770 4630 1023 4686; x_wconf 90' lang='lat' dir='ltr'><strong>decessu.</strong></span> <span class='ocrx_word' id='word_1_690' title='bbox 1059 4630 1309 4702; x_wconf 90' lang='lat' dir='ltr'><strong>Cumque</strong></span> <span class='ocrx_word' id='word_1_691' title='bbox 1344 4631 1438 4687; x_wconf 87' lang='lat' dir='ltr'><strong>illa</strong></span> <span class='ocrx_word' id='word_1_692' title='bbox 1471 4647 1675 4702; x_wconf 89' lang='lat' dir='ltr'><strong>corpus</strong></span> <span class='ocrx_word' id='word_1_693' title='bbox 1711 4631 1852 4687; x_wconf 84' lang='lat' dir='ltr'><strong>infra</strong></span> <span class='ocrx_word' id='word_1_694' title='bbox 1887 4633 2046 4688; x_wconf 88' lang='lat' dir='ltr'><strong>detu-</strong></span> 
     </span>
    </p>
   </div>
   <div class='ocr_carea' id='block_1_96' title="bbox 457 4720 2050 4794">
    <p class='ocr_par' dir='ltr' id='par_1_96' title="bbox 457 4720 2050 4794">
     <span class='ocr_line' id='line_1_96' title="bbox 457 4720 2050 4794; baseline 0.003 -18"><span class='ocrx_word' id='word_1_695' title='bbox 457 4720 613 4776; x_wconf 86' lang='lat' dir='ltr'><strong>lisset</strong></span> <span class='ocrx_word' id='word_1_696' title='bbox 637 4761 654 4788; x_wconf 87' lang='lat'><strong>,</strong></span> <span class='ocrx_word' id='word_1_697' title='bbox 689 4721 744 4776; x_wconf 89' lang='lat' dir='ltr'><strong>in</strong></span> <span class='ocrx_word' id='word_1_698' title='bbox 778 4722 1034 4791; x_wconf 87' lang='lat' dir='ltr'><strong>plumbeo</strong></span> <span class='ocrx_word' id='word_1_699' title='bbox 1069 4723 1125 4778; x_wconf 92' lang='lat' dir='ltr'><strong>id</strong></span> <span class='ocrx_word' id='word_1_700' title='bbox 1163 4723 1316 4793; x_wconf 88' lang='lat' dir='ltr'><strong>ponit</strong></span> <span class='ocrx_word' id='word_1_701' title='bbox 1349 4723 1564 4788; x_wconf 93' lang='lat' dir='ltr'><strong>loculo,</strong></span> <span class='ocrx_word' id='word_1_702' title='bbox 1599 4724 1654 4778; x_wconf 88' lang='lat' dir='ltr'><strong>in</strong></span> <span class='ocrx_word' id='word_1_703' title='bbox 1689 4724 1794 4778; x_wconf 92' lang='lat' dir='ltr'><strong>hoc</strong></span> <span class='ocrx_word' id='word_1_704' title='bbox 1828 4740 2050 4794; x_wconf 88' lang='lat' dir='ltr'><strong>quoque</strong></span> 
     </span>
    </p>
   </div>
   <div class='ocr_carea' id='block_1_97' title="bbox 462 4815 2047 4883">
    <p class='ocr_par' dir='ltr' id='par_1_97' title="bbox 462 4815 2047 4883">
     <span class='ocr_line' id='line_1_97' title="bbox 462 4815 2047 4883; baseline 0.001 -14"><span class='ocrx_word' id='word_1_705' title='bbox 462 4827 692 4869; x_wconf 84' lang='lat' dir='ltr'><strong>servans</strong></span> <span class='ocrx_word' id='word_1_706' title='bbox 747 4815 929 4883; x_wconf 82' lang='lat' dir='ltr'><strong>magni</strong></span> <span class='ocrx_word' id='word_1_707' title='bbox 984 4815 1229 4871; x_wconf 89' lang='lat' dir='ltr'><strong>Danielis</strong></span> <span class='ocrx_word' id='word_1_708' title='bbox 1281 4823 1698 4870; x_wconf 87' lang='lat' dir='ltr'><strong>testamentum.</strong></span> <span class='ocrx_word' id='word_1_709' title='bbox 1750 4815 1845 4871; x_wconf 92' lang='lat' dir='ltr'><strong>llle</strong></span> <span class='ocrx_word' id='word_1_710' title='bbox 1898 4817 2047 4872; x_wconf 91' lang='lat' dir='ltr'><strong>enim</strong></span> 
     </span>
    </p>
   </div>
   <div class='ocr_carea' id='block_1_98' title="bbox 462 4904 2046 4978">
    <p class='ocr_par' dir='ltr' id='par_1_98' title="bbox 462 4904 2046 4978">
     <span class='ocr_line' id='line_1_98' title="bbox 462 4904 2046 4978; baseline 0.003 -21"><span class='ocrx_word' id='word_1_711' title='bbox 462 4904 746 4959; x_wconf 84' lang='lat' dir='ltr'><strong>mandavit</strong></span> <span class='ocrx_word' id='word_1_712' title='bbox 787 4905 1094 4976; x_wconf 91' lang='lat' dir='ltr'><strong>discipulis,</strong></span> <span class='ocrx_word' id='word_1_713' title='bbox 1144 4923 1243 4962; x_wconf 89' lang='lat' dir='ltr'><strong>seu</strong></span> <span class='ocrx_word' id='word_1_714' title='bbox 1291 4906 1676 4973; x_wconf 88' lang='lat' dir='ltr'><strong>imperatores,</strong></span> <span class='ocrx_word' id='word_1_715' title='bbox 1727 4922 1824 4962; x_wconf 89' lang='lat' dir='ltr'><strong>seu</strong></span> <span class='ocrx_word' id='word_1_716' title='bbox 1870 4923 2046 4978; x_wconf 85' lang='lat' dir='ltr'><strong>reges,</strong></span> 
     </span>
    </p>
   </div>
   <div class='ocr_carea' id='block_1_99' title="bbox 461 4996 2046 5066">
    <p class='ocr_par' dir='ltr' id='par_1_99' title="bbox 461 4996 2046 5066">
     <span class='ocr_line' id='line_1_99' title="bbox 461 4996 2046 5066; baseline 0.001 -16"><span class='ocrx_word' id='word_1_717' title='bbox 461 5007 561 5050; x_wconf 88' lang='lat' dir='ltr'><strong>aut</strong></span> <span class='ocrx_word' id='word_1_718' title='bbox 591 4996 684 5050; x_wconf 93' lang='lat' dir='ltr'><strong>ulli</strong></span> <span class='ocrx_word' id='word_1_719' title='bbox 721 4997 835 5064; x_wconf 88' lang='lat' dir='ltr'><strong>alii,</strong></span> <span class='ocrx_word' id='word_1_720' title='bbox 864 5013 922 5052; x_wconf 84' lang='lat' dir='ltr'><strong>se</strong></span> <span class='ocrx_word' id='word_1_721' title='bbox 954 4997 1189 5052; x_wconf 89' lang='lat' dir='ltr'><strong>invicem</strong></span> <span class='ocrx_word' id='word_1_722' title='bbox 1222 5012 1486 5066; x_wconf 90' lang='lat' dir='ltr'><strong>superare</strong></span> <span class='ocrx_word' id='word_1_723' title='bbox 1513 4997 1853 5053; x_wconf 82' lang='lat' dir='ltr'><strong>contendant</strong></span> <span class='ocrx_word' id='word_1_724' title='bbox 1879 4999 1932 5052; x_wconf 92' lang='lat' dir='ltr'><strong>in</strong></span> <span class='ocrx_word' id='word_1_725' title='bbox 1961 4999 2046 5052; x_wconf 80' lang='lat' dir='ltr'><strong>lo-</strong></span> 
     </span>
    </p>
   </div>
   <div class='ocr_carea' id='block_1_100' title="bbox 463 5087 2046 5160">
    <p class='ocr_par' dir='ltr' id='par_1_100' title="bbox 463 5087 2046 5160">
     <span class='ocr_line' id='line_1_100' title="bbox 463 5087 2046 5160; baseline 0.002 -19"><span class='ocrx_word' id='word_1_726' title='bbox 463 5087 575 5141; x_wconf 91' lang='lat' dir='ltr'><strong>culi</strong></span> <span class='ocrx_word' id='word_1_727' title='bbox 621 5098 846 5157; x_wconf 85' lang='lat' dir='ltr'><strong>sumptu</strong></span> <span class='ocrx_word' id='word_1_728' title='bbox 893 5098 952 5142; x_wconf 91' lang='lat' dir='ltr'><strong>et</strong></span> <span class='ocrx_word' id='word_1_729' title='bbox 996 5089 1441 5160; x_wconf 88' lang='lat' dir='ltr'><strong>magniﬁcentia,</strong></span> <span class='ocrx_word' id='word_1_730' title='bbox 1489 5089 1660 5144; x_wconf 89' lang='lat' dir='ltr'><strong>nolite</strong></span> <span class='ocrx_word' id='word_1_731' title='bbox 1704 5090 1986 5159; x_wconf 85' lang='lat' dir='ltr'><strong>suscipere</strong></span> <span class='ocrx_word' id='word_1_732' title='bbox 2030 5108 2046 5144; x_wconf 88' lang='lat'><strong>:</strong></span> 
     </span>
    </p>
   </div>
   <div class='ocr_carea' id='block_1_101' title="bbox 463 5177 2050 5249">
    <p class='ocr_par' dir='ltr' id='par_1_101' title="bbox 463 5177 2050 5249">
     <span class='ocr_line' id='line_1_101' title="bbox 463 5177 2050 5249; baseline 0.001 -17"><span class='ocrx_word' id='word_1_733' title='bbox 463 5177 561 5232; x_wconf 82' lang='lat' dir='ltr'><strong>sed</strong></span> <span class='ocrx_word' id='word_1_734' title='bbox 599 5177 712 5233; x_wconf 81' lang='lat' dir='ltr'><strong>illic</strong></span> <span class='ocrx_word' id='word_1_735' title='bbox 749 5187 805 5233; x_wconf 90' lang='lat' dir='ltr'><strong>et</strong></span> <span class='ocrx_word' id='word_1_736' title='bbox 843 5179 924 5234; x_wconf 90' lang='lat' dir='ltr'><strong>sic</strong></span> <span class='ocrx_word' id='word_1_737' title='bbox 960 5194 1162 5249; x_wconf 86' lang='lat' dir='ltr'><strong>corpus</strong></span> <span class='ocrx_word' id='word_1_738' title='bbox 1204 5179 1406 5247; x_wconf 85' lang='lat' dir='ltr'><strong>deponi</strong></span> <span class='ocrx_word' id='word_1_739' title='bbox 1449 5179 1636 5241; x_wconf 90' lang='lat' dir='ltr'><strong>sinite,</strong></span> <span class='ocrx_word' id='word_1_740' title='bbox 1674 5178 1766 5233; x_wconf 91' lang='lat' dir='ltr'><strong>ubi</strong></span> <span class='ocrx_word' id='word_1_741' title='bbox 1809 5189 1865 5234; x_wconf 89' lang='lat' dir='ltr'><strong>et</strong></span> <span class='ocrx_word' id='word_1_742' title='bbox 1909 5194 2050 5249; x_wconf 90' lang='lat' dir='ltr'><strong>quo-</strong></span> 
     </span>
    </p>
   </div>
   <div class='ocr_carea' id='block_1_102' title="bbox 467 5268 2050 5343">
    <p class='ocr_par' dir='ltr' id='par_1_102' title="bbox 467 5268 2050 5343">
     <span class='ocr_line' id='line_1_102' title="bbox 467 5268 2050 5343; baseline 0.003 -21"><span class='ocrx_word' id='word_1_743' title='bbox 467 5268 635 5323; x_wconf 91' lang='lat' dir='ltr'><strong>modo</strong></span> <span class='ocrx_word' id='word_1_744' title='bbox 666 5270 906 5326; x_wconf 89' lang='lat' dir='ltr'><strong>voluerit</strong></span> <span class='ocrx_word' id='word_1_745' title='bbox 946 5271 1078 5326; x_wconf 84' lang='lat' dir='ltr'><strong>Rais</strong></span> <span class='ocrx_word' id='word_1_746' title='bbox 1117 5270 1454 5327; x_wconf 89' lang='lat' dir='ltr'><strong>ﬁdelissima.</strong></span> <span class='ocrx_word' id='word_1_747' title='bbox 1494 5271 1620 5328; x_wconf 61' lang='lat' dir='ltr'><strong>ﬂare</strong></span> <span class='ocrx_word' id='word_1_748' title='bbox 1658 5285 1790 5343; x_wconf 87' lang='lat' dir='ltr'><strong>ergo</strong></span> <span class='ocrx_word' id='word_1_749' title='bbox 1830 5280 2050 5342; x_wconf 86' lang='lat' dir='ltr'><strong>peracta</strong></span> 
     </span>
    </p>
   </div>
   <div class='ocr_carea' id='block_1_103' title="bbox 463 5363 2051 5433">
    <p class='ocr_par' dir='ltr' id='par_1_103' title="bbox 463 5363 2051 5433">
     <span class='ocr_line' id='line_1_103' title="bbox 463 5363 2051 5433; baseline 0.004 -20"><span class='ocrx_word' id='word_1_750' title='bbox 463 5368 615 5422; x_wconf 87' lang='lat' dir='ltr'><strong>sunt,</strong></span> <span class='ocrx_word' id='word_1_751' title='bbox 646 5370 702 5415; x_wconf 90' lang='lat' dir='ltr'><strong>et</strong></span> <span class='ocrx_word' id='word_1_752' title='bbox 733 5365 994 5433; x_wconf 79' lang='lat' dir='ltr'><strong>expulsus</strong></span> <span class='ocrx_word' id='word_1_753' title='bbox 1022 5373 1106 5419; x_wconf 90' lang='lat' dir='ltr'><strong>est</strong></span> <span class='ocrx_word' id='word_1_754' title='bbox 1138 5364 1456 5420; x_wconf 89' lang='lat' dir='ltr'><strong>immundus</strong></span> <span class='ocrx_word' id='word_1_755' title='bbox 1485 5363 1717 5432; x_wconf 70' lang='lat' dir='ltr'><strong>daemon,</strong></span> <span class='ocrx_word' id='word_1_756' title='bbox 1748 5380 1874 5422; x_wconf 91' lang='lat' dir='ltr'><strong>cum</strong></span> <span class='ocrx_word' id='word_1_757' title='bbox 1909 5364 2051 5419; x_wconf 93' lang='lat' dir='ltr'><strong>mul-</strong></span> 
     </span>
    </p>
   </div>
   <div class='ocr_carea' id='block_1_104' title="bbox 468 5451 1334 5526">
    <p class='ocr_par' dir='ltr' id='par_1_104' title="bbox 468 5451 1334 5526">
     <span class='ocr_line' id='line_1_104' title="bbox 468 5451 1334 5526; baseline 0.009 -24"><span class='ocrx_word' id='word_1_758' title='bbox 468 5457 584 5504; x_wconf 82' lang='lat' dir='ltr'><strong>tum</strong></span> <span class='ocrx_word' id='word_1_759' title='bbox 617 5451 895 5510; x_wconf 89' lang='lat' dir='ltr'><strong>hominem</strong></span> <span class='ocrx_word' id='word_1_760' title='bbox 931 5455 1334 5526; x_wconf 87' lang='lat' dir='ltr'><strong>discerpsissct.</strong></span> 
     </span>
    </p>
   </div>
   <div class='ocr_carea' id='block_1_105' title="bbox 536 5539 2050 5619">
    <p class='ocr_par' dir='ltr' id='par_1_105' title="bbox 536 5539 2050 5619">
     <span class='ocr_line' id='line_1_105' title="bbox 536 5539 2050 5619; baseline 0.007 -26"><span class='ocrx_word' id='word_1_761' title='bbox 536 5539 643 5596; x_wconf 83' lang='lat' dir='ltr'><strong>LV.</strong></span> <span class='ocrx_word' id='word_1_762' title='bbox 671 5545 842 5599; x_wconf 83' lang='lat' dir='ltr'><strong>Porro</strong></span> <span class='ocrx_word' id='word_1_763' title='bbox 860 5555 1044 5600; x_wconf 87' lang='lat' dir='ltr'><strong>autem</strong></span> <span class='ocrx_word' id='word_1_764' title='bbox 1069 5547 1319 5616; x_wconf 69' lang='lat' dir='ltr'><strong>quaedam</strong></span> <span class='ocrx_word' id='word_1_765' title='bbox 1341 5563 1562 5619; x_wconf 90' lang='lat' dir='ltr'><strong>quoque</strong></span> <span class='ocrx_word' id='word_1_766' title='bbox 1582 5547 1688 5604; x_wconf 89' lang='lat' dir='ltr'><strong>alia</strong></span> <span class='ocrx_word' id='word_1_767' title='bbox 1704 5547 1897 5604; x_wconf 85' lang='lat' dir='ltr'><strong>eﬁ‘ecta</strong></span> <span class='ocrx_word' id='word_1_768' title='bbox 1920 5557 2050 5603; x_wconf 85' lang='lat' dir='ltr'><strong>sunt</strong></span> 
     </span>
    </p>
   </div>
   <div class='ocr_carea' id='block_1_106' title="bbox 543 5716 1063 5791">
    <p class='ocr_par' dir='ltr' id='par_1_106' title="bbox 543 5716 1063 5791">
     <span class='ocr_line' id='line_1_106' title="bbox 543 5716 1063 5791; baseline 0.013 -22"><span class='ocrx_word' id='word_1_769' title='bbox 543 5718 584 5748; x_wconf 85' lang='lat'>“</span> <span class='ocrx_word' id='word_1_770' title='bbox 619 5716 760 5772; x_wconf 84' lang='lat' dir='ltr'><strong>Psul.</strong></span> <span class='ocrx_word' id='word_1_771' title='bbox 807 5735 937 5791; x_wconf 79' lang='lat' dir='ltr'><strong>xvtl,</strong></span> <span class='ocrx_word' id='word_1_772' title='bbox 975 5720 1063 5776; x_wconf 82' lang='grc'><strong>10.</strong></span> 
     </span>
    </p>
   </div>
   <div class='ocr_carea' id='block_1_107' title="bbox 2153 4539 3734 4614">
    <p class='ocr_par' dir='ltr' id='par_1_107' title="bbox 2153 4539 3734 4614">
     <span class='ocr_line' id='line_1_107' title="bbox 2153 4539 3734 4614; baseline 0.002 -22"><span class='ocrx_word' id='word_1_773' title='bbox 2153 4539 2420 4610; x_wconf 81' lang='grc' dir='ltr'>ἐκατέρου</span> <span class='ocrx_word' id='word_1_774' title='bbox 2474 4540 2675 4610; x_wconf 82' lang='grc' dir='ltr'>μέρους</span> <span class='ocrx_word' id='word_1_775' title='bbox 2728 4542 2823 4594; x_wconf 79' lang='grc' dir='ltr'>τοῦ</span> <span class='ocrx_word' id='word_1_776' title='bbox 2883 4539 3150 4608; x_wconf 87' lang='grc' dir='ltr'>στύρακος</span> <span class='ocrx_word' id='word_1_777' title='bbox 3207 4541 3563 4614; x_wconf 83' lang='grc' dir='ltr'>περιέστησε,</span> <span class='ocrx_word' id='word_1_778' title='bbox 3613 4545 3734 4606; x_wconf 86' lang='grc' dir='ltr'>ταῖς</span> 
     </span>
    </p>
   </div>
   <div class='ocr_carea' id='block_1_108' title="bbox 2150 4632 3732 4705">
    <p class='ocr_par' dir='ltr' id='par_1_108' title="bbox 2150 4632 3732 4705">
     <span class='ocr_line' id='line_1_108' title="bbox 2150 4632 3732 4705; baseline 0.001 -20"><span class='ocrx_word' id='word_1_779' title='bbox 2150 4635 2306 4705; x_wconf 69' lang='grc' dir='ltr'>χερσὶ</span> <span class='ocrx_word' id='word_1_780' title='bbox 2338 4632 2627 4703; x_wconf 88' lang='grc' dir='ltr'>λαμπάδας</span> <span class='ocrx_word' id='word_1_781' title='bbox 2676 4635 3008 4701; x_wconf 83' lang='grc' dir='ltr'>κατέχοντας</span> <span class='ocrx_word' id='word_1_782' title='bbox 3043 4636 3138 4687; x_wconf 77' lang='grc' dir='ltr'>καὶ</span> <span class='ocrx_word' id='word_1_783' title='bbox 3176 4633 3404 4703; x_wconf 79' lang='grc' dir='ltr'>ᾅδοντας</span> <span class='ocrx_word' id='word_1_784' title='bbox 3431 4636 3502 4686; x_wconf 75' lang='grc' dir='ltr'><strong>τά</strong></span> <span class='ocrx_word' id='word_1_785' title='bbox 3531 4634 3732 4698; x_wconf 77' lang='grc' dir='ltr'>ἐξόδια,</span> 
     </span>
    </p>
   </div>
   <div class='ocr_carea' id='block_1_109' title="bbox 2153 4721 3734 4796">
    <p class='ocr_par' dir='ltr' id='par_1_109' title="bbox 2153 4721 3734 4796">
     <span class='ocr_line' id='line_1_109' title="bbox 2153 4721 3734 4796; baseline 0 -20"><span class='ocrx_word' id='word_1_786' title='bbox 2153 4724 2246 4776; x_wconf 62' lang='grc' dir='ltr'><strong>καὶ⁵</strong></span> <span class='ocrx_word' id='word_1_787' title='bbox 2269 4721 2411 4776; x_wconf 75' lang='grc' dir='ltr'>οὕτω</span> <span class='ocrx_word' id='word_1_788' title='bbox 2457 4722 2549 4776; x_wconf 73' lang='grc' dir='ltr'>τὸν</span> <span class='ocrx_word' id='word_1_789' title='bbox 2575 4723 2767 4793; x_wconf 80' lang='grc' dir='ltr'>νεκρὸν</span> <span class='ocrx_word' id='word_1_790' title='bbox 2793 4721 2977 4792; x_wconf 86' lang='grc' dir='ltr'>ἐκείνη</span> <span class='ocrx_word' id='word_1_791' title='bbox 3030 4721 3438 4792; x_wconf 84' lang='grc' dir='ltr'>κατενεγκοῦσα</span> <span class='ocrx_word' id='word_1_792' title='bbox 3478 4725 3537 4778; x_wconf 88' lang='grc' dir='ltr'><strong>ἐν</strong></span> <span class='ocrx_word' id='word_1_793' title='bbox 3587 4725 3734 4796; x_wconf 87' lang='grc' dir='ltr'>σορῷ</span> 
     </span>
    </p>
   </div>
   <div class='ocr_carea' id='block_1_110' title="bbox 2151 4813 3735 4886">
    <p class='ocr_par' dir='ltr' id='par_1_110' title="bbox 2151 4813 3735 4886">
     <span class='ocr_line' id='line_1_110' title="bbox 2151 4813 3735 4886; baseline 0.001 -18"><span class='ocrx_word' id='word_1_794' title='bbox 2151 4815 2335 4886; x_wconf 86' lang='grc' dir='ltr'>τίθησι</span> <span class='ocrx_word' id='word_1_795' title='bbox 2360 4814 2681 4885; x_wconf 77' lang='grc' dir='ltr'>μολυϐδίνῃ,</span> <span class='ocrx_word' id='word_1_796' title='bbox 2717 4813 2964 4879; x_wconf 79' lang='grc' dir='ltr'>σώζουσα</span> <span class='ocrx_word' id='word_1_797' title='bbox 2987 4815 3089 4867; x_wconf 88' lang='grc' dir='ltr'><strong>κάν</strong></span> <span class='ocrx_word' id='word_1_798' title='bbox 3108 4814 3284 4883; x_wconf 84' lang='grc' dir='ltr'>τούτῳ</span> <span class='ocrx_word' id='word_1_799' title='bbox 3307 4814 3404 4884; x_wconf 79' lang='grc' dir='ltr'><strong>τὴν</strong></span> <span class='ocrx_word' id='word_1_800' title='bbox 3432 4816 3526 4869; x_wconf 82' lang='grc' dir='ltr'>τοῦ</span> <span class='ocrx_word' id='word_1_801' title='bbox 3561 4818 3735 4885; x_wconf 81' lang='grc' dir='ltr'>μεγά-</span> 
     </span>
    </p>
   </div>
   <div class='ocr_carea' id='block_1_111' title="bbox 2152 4901 3736 4976">
    <p class='ocr_par' dir='ltr' id='par_1_111' title="bbox 2152 4901 3736 4976">
     <span class='ocr_line' id='line_1_111' title="bbox 2152 4901 3736 4976; baseline 0.004 -21"><span class='ocrx_word' id='word_1_802' title='bbox 2152 4903 2245 4956; x_wconf 91' lang='grc' dir='ltr'><strong>λου</strong></span> <span class='ocrx_word' id='word_1_803' title='bbox 2273 4903 2536 4968; x_wconf 78' lang='grc' dir='ltr'>διάταξιν.</span> <span class='ocrx_word' id='word_1_804' title='bbox 2579 4901 2890 4972; x_wconf 71' lang='grc' dir='ltr'>Ἐπέσκηψε</span> <span class='ocrx_word' id='word_1_805' title='bbox 2923 4902 3030 4972; x_wconf 78' lang='grc' dir='ltr'>γὰρ</span> <span class='ocrx_word' id='word_1_806' title='bbox 3058 4905 3267 4968; x_wconf 83' lang='grc' dir='ltr'>ἐκεῖνος</span> <span class='ocrx_word' id='word_1_807' title='bbox 3293 4909 3404 4969; x_wconf 81' lang='grc' dir='ltr'>τοῖς</span> <span class='ocrx_word' id='word_1_808' title='bbox 3459 4907 3736 4976; x_wconf 82' lang='grc' dir='ltr'>μαθηταῖς</span> 
     </span>
    </p>
   </div>
   <div class='ocr_carea' id='block_1_112' title="bbox 2152 4990 3739 5070">
    <p class='ocr_par' dir='ltr' id='par_1_112' title="bbox 2152 4990 3739 5070">
     <span class='ocr_line' id='line_1_112' title="bbox 2152 4990 3739 5070; baseline 0.003 -23"><span class='ocrx_word' id='word_1_809' title='bbox 2152 4994 2234 5047; x_wconf 82' lang='grc' dir='ltr'>ὅτι</span> <span class='ocrx_word' id='word_1_810' title='bbox 2264 4994 2618 5064; x_wconf 77' lang='grc' dir='ltr'>κᾶνβασιλεῖς</span> <span class='ocrx_word' id='word_1_811' title='bbox 2649 4994 2752 5047; x_wconf 70' lang='grc' dir='ltr'><strong>κᾶν</strong></span> <span class='ocrx_word' id='word_1_812' title='bbox 2777 4995 2926 5048; x_wconf 81' lang='grc' dir='ltr'>ἄλλοι</span> <span class='ocrx_word' id='word_1_813' title='bbox 2959 4995 3101 5058; x_wconf 82' lang='grc' dir='ltr'>τινὲς</span> <span class='ocrx_word' id='word_1_814' title='bbox 3126 4990 3238 5048; x_wconf 79' lang='grc' dir='ltr'>εἶεν</span> <span class='ocrx_word' id='word_1_815' title='bbox 3268 4997 3578 5070; x_wconf 79' lang='grc' dir='ltr'>πολιτελείᾳ</span> <span class='ocrx_word' id='word_1_816' title='bbox 3609 5001 3739 5069; x_wconf 78' lang='grc' dir='ltr'>περὶ</span> 
     </span>
    </p>
   </div>
   <div class='ocr_carea' id='block_1_113' title="bbox 2153 5085 3739 5160">
    <p class='ocr_par' dir='ltr' id='par_1_113' title="bbox 2153 5085 3739 5160">
     <span class='ocr_line' id='line_1_113' title="bbox 2153 5085 3739 5160; baseline 0.004 -23"><span class='ocrx_word' id='word_1_817' title='bbox 2153 5085 2252 5155; x_wconf 83' lang='grc' dir='ltr'><strong>τὴν</strong></span> <span class='ocrx_word' id='word_1_818' title='bbox 2283 5085 2439 5155; x_wconf 79' lang='grc' dir='ltr'>σορὸν</span> <span class='ocrx_word' id='word_1_819' title='bbox 2491 5085 2820 5155; x_wconf 79' lang='grc' dir='ltr'>ὑπερϐαλεῖν</span> <span class='ocrx_word' id='word_1_820' title='bbox 2860 5085 3132 5156; x_wconf 80' lang='grc' dir='ltr'>ἀλλήλους</span> <span class='ocrx_word' id='word_1_821' title='bbox 3183 5087 3618 5154; x_wconf 75' lang='grc' dir='ltr'>φιλονεικοῦντες</span> <span class='ocrx_word' id='word_1_822' title='bbox 3661 5088 3739 5160; x_wconf 82' lang='grc' dir='ltr'>μὴ</span> 
     </span>
    </p>
   </div>
   <div class='ocr_carea' id='block_1_114' title="bbox 2155 5176 3742 5252">
    <p class='ocr_par' dir='ltr' id='par_1_114' title="bbox 2155 5176 3742 5252">
     <span class='ocr_line' id='line_1_114' title="bbox 2155 5176 3742 5252; baseline 0.004 -24"><span class='ocrx_word' id='word_1_823' title='bbox 2155 5176 2582 5246; x_wconf 80' lang='grc' dir='ltr'>παραδέξασθαι,</span> <span class='ocrx_word' id='word_1_824' title='bbox 2613 5176 2729 5232; x_wconf 82' lang='grc' dir='ltr'>ἀλλ’</span> <span class='ocrx_word' id='word_1_825' title='bbox 2787 5179 2969 5230; x_wconf 84' lang='grc' dir='ltr'>ἐκεῖσε</span> <span class='ocrx_word' id='word_1_826' title='bbox 3012 5178 3077 5248; x_wconf 84' lang='grc' dir='ltr'>δὴ</span> <span class='ocrx_word' id='word_1_827' title='bbox 3104 5179 3196 5231; x_wconf 82' lang='grc' dir='ltr'>καὶ</span> <span class='ocrx_word' id='word_1_828' title='bbox 3235 5177 3408 5243; x_wconf 78' lang='grc' dir='ltr'>οὕτως</span> <span class='ocrx_word' id='word_1_829' title='bbox 3455 5181 3518 5233; x_wconf 81' lang='grc' dir='ltr'><strong>τὸ</strong></span> <span class='ocrx_word' id='word_1_830' title='bbox 3579 5180 3742 5252; x_wconf 87' lang='grc' dir='ltr'>σῶμα</span> 
     </span>
    </p>
   </div>
   <div class='ocr_carea' id='block_1_115' title="bbox 2159 5266 3739 5343">
    <p class='ocr_par' dir='ltr' id='par_1_115' title="bbox 2159 5266 3739 5343">
     <span class='ocr_line' id='line_1_115' title="bbox 2159 5266 3739 5343; baseline 0.004 -23"><span class='ocrx_word' id='word_1_831' title='bbox 2159 5266 2549 5339; x_wconf 83' lang='grc' dir='ltr'>κατατεθῆναι,</span> <span class='ocrx_word' id='word_1_832' title='bbox 2601 5267 2731 5323; x_wconf 82' lang='grc' dir='ltr'>ἔνθα</span> <span class='ocrx_word' id='word_1_833' title='bbox 2783 5268 2988 5342; x_wconf 84' lang='grc' dir='ltr'>δηλαδὴ</span> <span class='ocrx_word' id='word_1_834' title='bbox 3036 5273 3128 5325; x_wconf 70' lang='grc' dir='ltr'><strong>καὶ</strong></span> <span class='ocrx_word' id='word_1_835' title='bbox 3186 5270 3386 5342; x_wconf 84' lang='grc' dir='ltr'>ὅπωςὴ</span> <span class='ocrx_word' id='word_1_836' title='bbox 3439 5275 3739 5343; x_wconf 82' lang='grc' dir='ltr'>πιστοτάτη</span> 
     </span>
    </p>
   </div>
   <div class='ocr_carea' id='block_1_116' title="bbox 2172 5360 3742 5433">
    <p class='ocr_par' dir='ltr' id='par_1_116' title="bbox 2172 5360 3742 5433">
     <span class='ocr_line' id='line_1_116' title="bbox 2172 5360 3742 5433; baseline 0.003 -20"><span class='ocrx_word' id='word_1_837' title='bbox 2172 5360 2320 5424; x_wconf 76' lang='grc' dir='ltr'>Ῥαὶς</span> <span class='ocrx_word' id='word_1_838' title='bbox 2351 5360 2616 5432; x_wconf 86' lang='grc' dir='ltr'>βούλοιτο.</span> <span class='ocrx_word' id='word_1_839' title='bbox 2647 5362 2758 5416; x_wconf 74' lang='grc' dir='ltr'><strong>Καὶ</strong></span> <span class='ocrx_word' id='word_1_840' title='bbox 2781 5364 2808 5415; x_wconf 88' lang='grc' dir='ltr'><strong>ὁ</strong></span> <span class='ocrx_word' id='word_1_841' title='bbox 2838 5363 3148 5433; x_wconf 85' lang='grc' dir='ltr'>ἀκάθαρτος</span> <span class='ocrx_word' id='word_1_842' title='bbox 3171 5363 3382 5432; x_wconf 85' lang='grc' dir='ltr'>δαίμων</span> <span class='ocrx_word' id='word_1_843' title='bbox 3411 5363 3580 5417; x_wconf 77' lang='grc' dir='ltr'>πολλὰ</span> <span class='ocrx_word' id='word_1_844' title='bbox 3601 5380 3742 5418; x_wconf 85' lang='grc' dir='ltr'>σπα-</span> 
     </span>
    </p>
   </div>
   <div class='ocr_carea' id='block_1_117' title="bbox 2165 5456 3173 5529">
    <p class='ocr_par' dir='ltr' id='par_1_117' title="bbox 2165 5456 3173 5529">
     <span class='ocr_line' id='line_1_117' title="bbox 2165 5456 3173 5529; baseline -0.001 -17"><span class='ocrx_word' id='word_1_845' title='bbox 2165 5456 2332 5529; x_wconf 83' lang='grc' dir='ltr'>ράξας</span> <span class='ocrx_word' id='word_1_846' title='bbox 2367 5456 2458 5512; x_wconf 70' lang='grc' dir='ltr'><strong>τὸν</strong></span> <span class='ocrx_word' id='word_1_847' title='bbox 2489 5458 2777 5529; x_wconf 76' lang='grc' dir='ltr'>ἄνθρωπον</span> <span class='ocrx_word' id='word_1_848' title='bbox 2804 5457 3173 5529; x_wconf 89' lang='grc' dir='ltr'>ἀπηλαύνετο.</span> 
     </span>
    </p>
   </div>
   <div class='ocr_carea' id='block_1_118' title="bbox 2233 5547 3743 5623">
    <p class='ocr_par' dir='ltr' id='par_1_118' title="bbox 2233 5547 3743 5623">
     <span class='ocr_line' id='line_1_118' title="bbox 2233 5547 3743 5623; baseline 0.001 -19"><span class='ocrx_word' id='word_1_849' title='bbox 2233 5547 2360 5604; x_wconf 83' lang='lat' dir='ltr'><strong>NE’.</strong></span> <span class='ocrx_word' id='word_1_850' title='bbox 2393 5551 2500 5603; x_wconf 78' lang='grc' dir='ltr'><strong>Καὶ</strong></span> <span class='ocrx_word' id='word_1_851' title='bbox 2520 5550 2653 5606; x_wconf 82' lang='grc' dir='ltr'>ἀλλα</span> <span class='ocrx_word' id='word_1_852' title='bbox 2671 5548 2727 5604; x_wconf 81' lang='grc' dir='ltr'>δέ</span> <span class='ocrx_word' id='word_1_853' title='bbox 2748 5567 2872 5604; x_wconf 90' lang='grc' dir='ltr'>τινα</span> <span class='ocrx_word' id='word_1_854' title='bbox 2893 5550 3147 5605; x_wconf 73' lang='grc' dir='ltr'>θαύματα</span> <span class='ocrx_word' id='word_1_855' title='bbox 3170 5550 3555 5623; x_wconf 80' lang='grc' dir='ltr'>κατεπράχθη.</span> <span class='ocrx_word' id='word_1_856' title='bbox 3577 5550 3743 5622; x_wconf 75' lang='grc' dir='ltr'>Τρεῖς</span> 
     </span>
    </p>
   </div>
  </div>
