4142 6380
483 313 620 377 1037

1577 313 1756 372 VITA
1791 310 1896 371 SS.
1940 309 2146 370 lND/E
2182 311 2277 372 ΕΤ
2310 311 2612 374 ΒΟΜΝΒΕ.

3582 319 3718 384 193R

477 429 584 500 γὰρ
610 428 678 480 δι’
727 427 980 496 ἀστέρων
1019 428 1285 497 σταυροὺς
1327 427 1530 498 ἡμέρας
1564 427 1726 496 ούσης
1764 427 1857 480 τοῦ
1889 428 2039 496 ἡλίου
2072 435 2111 486 Α

2156 427 2439 480 miracula.
2468 425 2603 481 Tres
2627 425 2775 480 enim
2824 441 2922 495 per
2945 428 3131 485 stellas
3162 443 3377 496 cruces,
3427 446 3552 485 cum
3603 436 3724 487 dies

473 517 859 586 λαμπρότατον
908 516 1323 586 ἀπολάμποντος
1373 515 1470 567 σὺν
1507 513 1688 582 πολλῷ
1725 512 1802 581 τῷ
1857 512 2042 566 κάλλει

473 611 568 663 καὶ
603 608 812 676 ἀνθηρᾷ
866 609 930 675 τῇ
963 607 1104 675 αὐγῇ
1151 606 1387 675 φανῆναι
1436 605 1674 672 λέγεται,
1710 604 1802 658 καὶ
1834 603 2047 665 τούτοις

474 703 658 752 ὲπάνω
687 698 785 768 τῆς
839 696 1028 766 τιμίας
1082 697 1298 764 ἐκείνης
1350 695 1542 763 στῆναι
1579 693 1776 764 σοροῦ·
1819 694 1955 747 ἀλλὰ
1983 693 2048 762 δὴ

475 792 568 842 καὶ
603 787 931 857 περιστερᾶς
962 787 1222 838 ἵπτασθαι
1244 785 1594 848 λευκοτάτας,
1618 785 1717 854 τὴν
1746 785 1832 840 ἀεὶ
1857 783 2049 836 συνοῦ-

477 899 573 934 σαν
625 877 774 949 αὐτῷ
825 879 985 948 χάριν
1013 878 1282 946 δηλούσας
1341 878 1434 930 τοῦ
1489 877 1832 947 Πνεύματος.
1891 877 2046 930 Οὕτω

477 973 576 1041 μὲν
614 970 710 1024 οὖν
743 970 802 1023 τὸ
835 969 976 1039 ἱερὸν
1000 968 1093 1022 τοῦ
1123 970 1322 1040 Δανιὴλ
1351 970 1508 1038 σῶμα
1533 971 1691 1040 χερσὶ
1713 968 1804 1023 τοῦ
1827 967 2046 1040 πρώτου
2099 963 2112 978 ’

478 1061 739 1129 κατετέθη
768 1061 1090 1130 ἀρχιερέως,
1119 1061 1359 1130 κάκείνῳ
1388 1060 1550 1113 πάλιν
1584 1060 1652 1112 τὰ
1678 1058 1907 1128 λείψανα
1937 1057 2048 1110 τῶν

476 1156 534 1207 ὲν
552 1153 830 1206 Βαϐυλῶνι
851 1153 1020 1222 τριῶν
1047 1153 1254 1206 παίδων
1273 1152 1481 1206 ἀνωθεν
1496 1152 1753 1222 ἐπετέθη,
1775 1151 1872 1205 τοῦ
1897 1151 2045 1206 ὁσίου

480 1248 573 1299 καὶ
599 1243 755 1297 τοῦτο
778 1245 1156 1313 ἐντειλαμένου
1179 1246 1328 1308 ὅπως
1357 1246 1432 1313 μὴ
1460 1245 1539 1315 τῷ
1569 1245 1779 1300 ἐκείνου
1808 1245 2049 1316 λειψάνῳ

483 1334 705 1405 μᾶλλον,
746 1335 881 1388 ἀλλά
922 1337 1035 1398 τοῖς
1083 1336 1454 1406 ἐπικειμένοις
1483 1337 1634 1406 αύτῷ
1670 1337 2050 1406 προσκυνῶσιν

481 1429 528 1479 oi
553 1427 885 1496 προσιόντες.
917 1425 1074 1479 οὕτω
1133 1427 1231 1497 τῆς
1263 1427 1614 1499 ἀνθρωπίνης
1637 1427 1796 1496 δόξης
1821 1427 2049 1482 ἔσπευδε

482 1520 574 1572 καὶ
614 1521 757 1588 μετά
793 1520 1053 1588 τελευτὴν
1101 1521 1129 1574 ὁ
1191 1521 1460 1588 μακάριος
1511 1521 1662 1583 ξένος
1710 1520 2047 1575 δείκνυσθαι.

481 1609 732 1672 Τοιοῦτος
779 1612 807 1663 ὁ
839 1612 903 1663 ὲκ
952 1609 1180 1680 γενετῆς
1211 1611 1288 1681 τῷ
1335 1611 1557 1682 μεγάλῳ
1610 1611 1723 1680 βίος
1756 1611 1919 1682 μέχρι
1958 1614 2052 1665 καὶ

479 1703 740 1769 τελευτῆς
761 1718 774 1731 ’
802 1700 1026 1754 τοιαῦτα
1055 1702 1122 1756 τὰ
1150 1701 1575 1772 κατορθώματα.
1605 1704 1722 1768 Ὃς,
1753 1703 1842 1757 διὰ
1869 1703 2052 1772 πάσης

479 1793 767 1862 ἀςκήσεως
800 1794 894 1845 καὶ
928 1793 1274 1864 παντοδαπῆς
1294 1770 1534 1862 ήάγῶνων
1575 1793 1721 1857 ίδέας
1755 1793 1924 1847 ἐλθὼν
1955 1770 2051 1848 καὶ
2085 1770 2128 1825 Β

482 1883 755 1946 τοσούτοις
781 1882 1088 1952 διαλάμψας
1117 1883 1302 1954 ἔργοις
1330 1884 1546 1955 πλήρης
1571 1902 1629 1937 τε
1655 1886 1872 1959 ἡμερῶν
1905 1902 2050 1955 γεγοο

481 1968 587 2033 νὼς
617 1971 722 2024 τῶν
748 1989 806 2024 τε
831 1972 1186 2042 ἀνθρωπίνων
1217 1973 1308 2026 καὶ
1335 1974 1444 2027 τῶν
1483 1975 1576 2030 τοῦ
1612 1977 1949 2048 Πνεύματος,
1991 1981 2050 2032 ἐν

483 2063 628 2132 γήρᾳ
648 2060 799 2132 καλῷ
827 2061 1085 2114 καταλύει
1118 2061 1210 2114 τὸν
1240 2061 1353 2131 βίον
1387 2063 1468 2128 είς
1510 2065 1836 2136 ὀγδοήκοντα
1869 2083 2052 2138 παρα-

484 2153 664 2215 τείνας
696 2151 789 2220 ἕτη
817 2154 909 2204 καὶ
939 2151 1116 2222 μῆνας
1139 2156 1310 2224 τρεῖς.

554 2245 698 2311 NCT.
725 2245 861 2298 Φασὶ
881 2244 936 2296 δὲ
981 2245 1144 2300 αὑτὸν
1174 2247 1268 2300 καὶ
1321 2247 1420 2310 τὰς
1451 2249 1646 2319 τρίχας
1675 2251 1770 2319 τῆς
1803 2249 2052 2320 κεφαλῆς

363 2371 372 2379 .
485 2336 734 2389 τοσοῦτον
765 2337 1018 2405 γενέσθαι
1039 2337 1114 2408 τῷ
1133 2338 1312 2410 χρόνῳ
1340 2325 1673 2410 κατάκομον,
1702 2343 1775 2403 ῶς
1794 2347 2052 2415 τέσσαρσι

489 2430 586 2498 μὲν
633 2428 958 2500 διαιρεῖσθαι
1014 2429 1355 2499 βοστρύχοις,
1414 2432 1476 2484 τὸ
1506 2431 1562 2484 δὲ
1605 2435 1778 2502 μῆκος
1833 2436 1925 2488 καὶ
1975 2436 2056 2498 είς

486 2524 680 2590 πιχεις
710 2521 979 2591 τέσσαρας
1011 2521 1437 2590 παρατείνεσθαι
1460 2538 1475 2554 ο
1512 2524 1680 2594 βαθὺς
1730 2526 1786 2578 δὲ
1841 2527 1936 2580 καὶ
1965 2526 2057 2579 τὸν

487 2613 723 2681 πώγωνα
746 2609 811 2684 ἦν
839 2615 916 2676 είς
927 2611 1021 2666 δύο
1039 2616 1130 2666 καὶ
1152 2614 1338 2669 τοῦτον
1360 2615 1690 2687 βοστρύχους
1712 2617 1848 2687 ἔχων
1869 2618 2062 2690 διῃρη-

491 2706 670 2774 μένον.
741 2705 976 2767 Ἐκεῖνος
1038 2705 1137 2774 μὲν
1183 2704 1323 2760 οὕτω
1381 2705 1550 2778 ζήσας
1608 2709 2056 2762 ὲπανεπαύσατο·

488 2797 621 2865 ἡμῖν
645 2795 700 2848 δὲ
753 2796 1061 2866 ἀρχέτυπον
1093 2797 1296 2865 ἀγαθὸν
1322 2798 1413 2852 τὸν
1457 2799 1655 2853 ἑαυτοῦ
1696 2800 2054 2854 καταλέλοιπε

490 2888 626 2956 βίον,
653 2887 750 2957 οὐχ
780 2887 866 2940 ἵνα
898 2887 1059 2956 μόνον
1087 2889 1400 2958 ἑπαινῶμεν
1439 2890 1471 2961 ἢ
1515 2892 1610 2943 καὶ
1663 2891 2059 2962 θαυμάζωμεν,

373 2982 381 2987 ’
490 2977 624 3030 ἀλλὰ
651 2979 746 3030 καὶ
774 2976 848 3040 ῶς
876 2977 1101 3030 δυνατὸν
1131 2977 1449 3048 μιμώμεθα.
1492 2979 1549 3033 '0
1577 2981 1674 3051 μὲν
1705 2981 1811 3050 γὰρ
1843 2981 2063 3044 ἔπαινος

493 3072 628 3141 πρὸς
665 3070 830 3124 αὐτὸν
867 3072 1094 3140 φέρεται
1125 3071 1320 3139 μόνον’
1353 3074 1386 3142 ἡ
1419 3071 1474 3124 δὲ
1508 3073 1739 3144 μίμησις
1772 3072 1881 3125 τῶν
1911 3073 2062 3141 ὀφει-

492 3163 734 3233 λομένων
767 3162 917 3234 αύτῷ
977 3163 1202 3233 ἀγαθῶν
1251 3163 1347 3216 καὶ
1398 3164 1544 3234 ἡμᾶς
1586 3164 1836 3234 μετέχειν
1890 3181 2067 3235 παρα-

499 3256 757 3320 σκευάζει
787 3257 976 3328 χάριτι
1018 3256 1113 3309 καὶ
1139 3254 1523 3328 φιλανθρωπίᾳ
1557 3255 1650 3309 τοῦ
1682 3256 1883 3327 Κυρίου
1911 3256 2069 3327 ἡμῶν

2148 521 2295 567 esset
2316 523 2370 566 et
2389 514 2468 568 sol
2486 515 2705 569 luceret
2729 515 3086 580 clarissimus,
3110 534 3234 572 cum
3251 534 3464 575 summa
3485 523 3727 591 pulchri-

2152 605 2339 658 tudine
2363 612 2418 658 et
2447 604 2738 673 splendore
2769 606 3030 661 dicuntur
3051 611 3398 678 apparuisse,
3427 621 3486 667 et
3507 613 3725 670 stetisse

2149 707 2316 761 super
2342 695 2646 760 pretiosum
2673 695 2822 750 illum
2865 698 3105 753 loculum
3127 741 3140 753 .
3163 699 3305 765 Quin
3331 702 3497 758 etiam
3540 707 3725 761 volas-

2149 798 2208 837 se
2239 783 2507 836 columbae
2565 785 2985 852 candidissima,
3042 805 3163 858 quae
3221 807 3347 847 cum
3395 810 3463 852 eo
3509 813 3727 868 semper

2149 882 2253 937 est,
2281 874 2508 942 gratiam
2541 875 2777 944 Spiritus
2803 877 3176 948 signiﬁcantes
3195 923 3208 936 .
3245 883 3336 940 Sic
3353 901 3484 956 ergo
3505 904 3722 945 sacrum

2151 964 2285 1019 illud
2313 977 2512 1034 corpus
2537 965 2773 1024 Danielis
2843 968 3148 1037 depositum
3174 973 3278 1028 fuit
3324 978 3578 1034 manibus
3623 983 3731 1050 pri-

2156 1055 2231 1109 mi
2273 1056 2582 1126 pontiiicis.
2622 1059 2834 1114 Rursus
2870 1061 2950 1115 illi
2977 1078 3194 1133 quoque
3220 1065 3446 1122 fuerunt
3497 1073 3728 1141 imposi-

2153 1149 2222 1198 ta:
2244 1145 2492 1214 reliquiae
2523 1145 2686 1199 trium
2715 1162 3036 1216 puerorum,
3076 1153 3169 1220 qui
3212 1166 3371 1212 erant
3431 1157 3727 1232 Babylone,

2152 1249 2278 1290 cum
2309 1235 2389 1290 sic
2416 1235 2671 1306 jussisset
2699 1246 2940 1305 sanctus,
2966 1256 3037 1296 ne
3104 1257 3210 1298 tam
3257 1245 3405 1301 illius
3450 1251 3727 1320 reliquias.

2153 1319 2313 1398 quam
2363 1344 2459 1384 eos
2509 1330 2604 1399 qui
2635 1339 2790 1386 erant
2825 1331 2873 1386 ei
2928 1333 3189 1402 impositi,
3239 1336 3536 1394 adorarent
3572 1319 3734 1399 acce-

2155 1417 2347 1474 dentes
2367 1459 2382 1473 .
2410 1418 2501 1474 Sic
2523 1430 2747 1476 sanctus
2776 1422 2843 1477 ab
2865 1423 3102 1479 humana
3157 1427 3328 1495 gloria
3375 1431 3590 1486 studuit
3644 1449 3734 1488 os-

2157 1510 2306 1565 tendi
2337 1511 2548 1566 alienus
2569 1513 2734 1567 etiam
2764 1522 2886 1582 post
2907 1515 3194 1572 decessum
3220 1558 3235 1573 .
3272 1519 3422 1575 Talis
3471 1523 3577 1578 fuit
3620 1525 3729 1579 vita

2157 1601 2336 1672 magni
2373 1602 2613 1657 Danielis
2651 1604 2720 1658 ab
2747 1614 2871 1658 ortu
2906 1622 3078 1676 usque
3126 1609 3193 1663 ad
3225 1609 3547 1680 decessum;
3607 1617 3732 1672 talia

2157 1693 2277 1764 ejus
2297 1695 2722 1752 suntbencfacta
2745 1735 2758 1750 .
2777 1697 2879 1764 Qui
2898 1713 3024 1754 cum
3049 1701 3275 1757 obiisset
3307 1719 3526 1760 omnem
3573 1725 3732 1765 εχει-ο

2157 1783 2494 1852 citationem,
2551 1795 2607 1841 et
2681 1802 2843 1843 omne
2896 1805 3068 1860 genus
3123 1795 3460 1860 certaminis,
3511 1806 3567 1853 et
3623 1809 3730 1855 tam

2155 1874 2345 1929 multis
2368 1875 2552 1930 clarus
2574 1876 2768 1932 fuisset
2807 1877 3085 1947 operibus,
3113 1882 3345 1940 eﬂ‘ectus
3370 1891 3565 1956 plenus
3615 1891 3736 1947 die-

2154 1978 2300 2027 rum,
2335 1971 2444 2018 tam
2488 1966 2878 2033 humanorum,
2932 1985 3097 2040 quam
3157 1975 3403 2044 spiritus,
3459 1979 3513 2032 in
3575 1995 3736 2036 sene-

2159 2062 2312 2108 ctute
2338 2053 2480 2108 bona
2517 2057 2732 2110 excedit
2756 2072 2787 2111 e
2817 2059 2950 2126 vita,
2978 2076 3101 2116 cum
3133 2065 3200 2120 ad
3227 2070 3620 2138 octogesimum
3641 2087 3740 2127 an-

2155 2160 2288 2199 num
2317 2145 2649 2215 pervenisset
2687 2156 2742 2204 et
2792 2166 3008 2210 menses
3035 2163 3176 2212 tres.

2229 2235 2374 2291 LVI.
2419 2237 2588 2293 Aiunt
2640 2249 2823 2295 autem
2878 2259 3006 2299 eum
3050 2262 3271 2318 quoque
3299 2253 3513 2321 capiliis
3539 2255 3737 2325 capitis

2158 2344 2419 2398 processu
2465 2333 2727 2402 temporis
2755 2335 2892 2390 adeo
2923 2339 3163 2396 evasisse
3191 2353 3488 2406 comatum.
3512 2355 3578 2402 ut
3601 2365 3706 2418 qua
3725 2379 3738 2388 -

2161 2420 2398 2492 drnplici
2454 2425 2674 2493 quidem
2703 2442 2857 2485 coma
2887 2428 3420 2503 discriminarentur,
3452 2440 3740 2510 longitudo

2164 2521 2346 2566 autem
2391 2529 2583 2569 eorum
2641 2517 2709 2571 ad
2762 2528 3001 2588 quatuor
3057 2521 3272 2580 cubitos
3322 2527 3741 2595 produceretur.

2162 2603 2340 2660 Barba
2373 2621 2593 2676 quoque
2617 2617 2735 2663 erat
2758 2610 2808 2664 ei
2841 2610 3033 2676 densa,
3067 2630 3188 2684 quae
3242 2617 3358 2684 ipsa
3403 2635 3624 2690 quoque
3659 2623 3742 2676 bi-

2163 2695 2354 2748 fariam
2415 2695 2930 2755 discriminabatur.
2987 2706 3166 2774 Atque
3195 2706 3288 2761 ille
3343 2711 3566 2778 quidem
3612 2728 3740 2769 cum

2164 2787 2245 2841 sic
2270 2787 2516 2852 vixisset,
2559 2791 2864 2859 requievit;
2901 2793 3060 2850 nobis
3105 2806 3286 2852 autem
3337 2801 3627 2868 pulchrum
3679 2822 3742 2860 e-

2164 2879 2412 2946 xemplar
2443 2894 2596 2933 suam
2623 2881 2846 2951 reliquit
2869 2884 3055 2951 vitam,
3089 2901 3198 2941 non
3226 2888 3402 2944 solum
3448 2901 3506 2946 ut
3555 2895 3743 2950 laude-

2166 2983 2310 3035 mus,
2339 2979 2433 3023 aut
2466 2972 2632 3026 etiam
2670 2982 2728 3028 ut
2757 2973 3114 3044 admiremur,
3163 2980 3260 3036 sed
3295 2992 3353 3037 ut
3384 2999 3486 3052 pro
3532 2986 3743 3043 viribus

2090 3103 2134 3162 ο
2168 3075 2388 3130 quoque
2416 3061 2725 3118 imitemur.
2757 3064 2902 3121 Laus
2926 3069 3073 3122 enim
3105 3071 3170 3124 ad
3202 3087 3325 3126 eum
3344 3074 3519 3130 fertur
3540 3079 3742 3145 solun,

2166 3151 2400 3207 imitatio
2428 3165 2611 3208 autem
2636 3170 2745 3209 non
2771 3156 2924 3223 facit,
2961 3165 3020 3212 ut
3042 3159 3217 3216 simus
3239 3165 3405 3219 etiam
3436 3167 3737 3238 participes

2171 3245 2463 3309 bonorum,
2494 3261 2613 3314 qua:
2644 3247 2696 3300 ei
2757 3248 3071 3319 debentur;
3119 3257 3291 3325 gratia
3342 3267 3398 3312 et
3451 3259 3738 3316 clementia

505 3344 685 3416 Ἰησοῦ
718 3346 958 3416 Χριστοῦ
982 3387 999 3414 ,
1045 3339 1088 3415 ᾧ
1119 3347 1152 3416 ἡ
1180 3346 1310 3412 δόξα
1348 3348 1445 3400 καὶ
1484 3347 1546 3400 τὸ
1594 3351 1794 3416 κράτος
1853 3347 1945 3400 νῦν
1977 3351 2072 3402 καὶ

2170 3334 2384 3389 Domini
2409 3338 2582 3391 nostri
2601 3337 2729 3393 Jesu
2757 3339 2988 3409 Christi,
3020 3345 3108 3400 cui
3161 3347 3332 3416 gloria
3387 3357 3442 3404 et
3497 3354 3740 3420 potentia

495 3437 604 3503 ἀεὶ,
634 3438 727 3491 καὶ
754 3439 835 3502 είς
860 3437 984 3502 τοὺς
1021 3438 1223 3502 αἰῶνας
1250 3437 1359 3492 τῶν
1381 3437 1611 3494 αίώνων.
1661 3437 1854 3508 Ἀμήν.

2169 3439 2294 3480 cum
2317 3427 2474 3483 Patre
2501 3428 2642 3499 ejus,
2669 3431 2764 3501 qui
2789 3443 2939 3489 caret
2968 3436 3257 3509 principio,
3279 3452 3341 3496 et
3398 3443 3745 3501 sanctissimo

2173 3529 2230 3574 et
2260 3520 2406 3576 bono
2435 3532 2491 3578 et
2521 3523 2739 3580 viviﬁco
2766 3527 2886 3596 ejus
2919 3527 3148 3598 Spiritu,
3198 3549 3343 3589 nunc
3399 3543 3456 3590 et
3504 3551 3744 3609 semper,

2173 3617 2230 3664 et
2261 3611 2318 3665 in
2351 3614 2549 3668 saecula
2570 3616 2892 3672 saeculorum
2920 3659 2933 3673 .
2967 3621 3170 3675 Amen.

511 3763 3701 3806 “MM

1123 3884 1755 3980 ΜΑΡΤΥΡΙΟΝ
1829 3887 2057 3976 ΤΩΝ
2102 3882 2444 3976 ΑΓΙΩΝ
2520 3891 3117 3978 ΜΑΡΤΥΡΩΝ

1285 4062 1804 4197 ΙΝΔοΥ
1875 4061 2174 4194 ΚΑΙ
2246 4063 2948 4202 ΔΟΜΝΑΣ

917 4263 1036 4330 ΚΑΙ
1069 4266 1207 4323 ΤΩΝ
1228 4267 1431 4326 APION
1453 4271 1834 4327 ΔΙΣΜΥΡΙΩΝ
1858 4271 2007 4326 ιΤΩΝ
2035 4271 2128 4326 EN
2177 4273 2617 4348 ΝΙΚΟΜΗΔΕΙᾼ
2673 4277 3323 4342 ἙΜΔΡΤΥΡΗΣΑΝΤΩΝ.

987 4557 1536 4655 MARTYRI
1559 4562 1725 4654 UM
1781 4565 2498 4663 SANCTOBUM
2558 4573 3240 4676 MARTYRUM

1297 4765 1816 4920 INDXE
1909 4769 2159 4923 ΕΤ
2211 4772 2945 4936 DOMNIE

663 5017 767 5079 ET
816 5016 1309 5081 SANCTORUM
1376 5019 1687 5081 VIGINTI
1753 5005 2101 5086 MILLIUM
2179 5027 2315 5101 QUI
2371 5027 2852 5094 NlCOMEDl/E
2903 5036 3124 5100 PASSI
3193 5031 3398 5104 SUN'I‘

844 5160 1042 5225 (Latine
1086 5164 1219 5226 apud
1269 5162 1470 5214 Surium
1504 5167 1566 5216 ad
1617 5163 1751 5217 diem
1785 5169 1847 5218 26
1883 5167 2211 5234 Decembris;
2251 5173 2420 5225 Graece
2445 5188 2510 5227 ex
2549 5180 2660 5232 cod.
2693 5180 2794 5243 :ms.
2829 5182 3128 5248 Reg.1555,
3150 5200 3267 5240 saec.
3290 5190 3414 5254 xiv.)

572 5425 652 5479 A'.
681 5425 840 5496 Ἀρτι
865 5425 1216 5496 Μαξιμιανοῢ
1239 5427 1494 5500 δεύτερον
1531 5428 1650 5494 ἔτος
1677 5431 1904 5500 ἄγοντος
1928 5435 1986 5488 ὲν
2009 5436 2075 5505 τῇ
2102 5435 2113 5495 1

2156 5457 2157 5468 ι
2253 5435 2308 5491 l.
2341 5437 2668 5494 Maximiano
2691 5439 2803 5510 jam
2835 5443 3138 5501 secundum
3188 5461 3392 5504 annum
3447 5458 3642 5521 agente
3694 5452 3754 5510 in

519 5515 806 5587 Ῥωμαίων
836 5519 980 5590 ἀρχῇ
1005 5519 1103 5573 καὶ
1147 5518 1240 5573 τοῦ
1268 5520 1366 5592 τῆς
1398 5521 1653 5586 ἀσεϐείας
1679 5525 1951 5596 χειμῶνος
1981 5543 2076 5596 χα-

2179 5527 2411 5598 imperio
2438 5529 2834 5600 Romanorum,
2891 5544 2948 5589 et
2993 5535 3287 5594 minitante
3338 5555 3560 5611 gravem
3613 5551 3754 5599 tem-

579 5632 680 5701 (l)
716 5633 923 5726 “prmi;
992 5633 1192 5726 festum
1220 5637 1296 5691 ait
1354 5636 1748 5710 Metaphrastes
1801 5642 2066 5700 celebrari
2107 5659 2215 5701 uno
2247 5644 2336 5702 die
2395 5654 2520 5716 post
2551 5645 2788 5704 natalem
2855 5647 3057 5707 Christi
3093 5667 3108 5719 δ
3149 5651 3594 5726 Martyrologium
3647 5655 3756 5713 Βο-

516 5714 732 5757 manum
755 5704 824 5758 98
847 5705 1182 5761 Decembris.
