4142 6380
474 364 609 437 ἱθιί

1568 362 1749 424 VITA
1786 362 1890 423 SS.
1933 361 2141 423 ΙΝΒᾸΞ
2185 361 2280 422 ET
2322 361 2625 424 DOMN/E.

3616 354 3753 420 illi?

472 487 574 553 τὴν
589 481 769 552 ψυχὴν
792 480 1124 550 ἐπληροῦτο·
1141 477 1338 533 Ἦδετο
1366 494 1464 549 μεν
1487 478 1570 547 ἐφ’
1593 473 1673 542 οἷς
1694 479 1921 547 τοιούτῳ
1942 478 2060 531 ἔτυ-

2172 493 2263 533 ωιθ
2292 478 2470 545 utilia,
2506 477 2660 534 varie
2686 475 3048 539 afﬁciebatur,
3080 472 3387 535 laetabatur,
3442 469 3759 525 admirabu-

476 592 537 645 χε
571 571 866 643 θησαυρῷ*
919 570 1276 639 ἐξεπλήττετο
1327 567 1382 622 δὲ
1415 569 1514 639 τὴν
1550 569 1660 624 τῶν
1707 568 2053 639 Χριστιανῶν

478 666 662 719 πίστιν
696 662 1040 716 κατανοοῦσα
1095 660 1192 714 καὶ
1223 660 1285 713 τὸ
1318 658 1618 730 φιλάληθες
1657 660 1826 729 αὐτῆς
1857 661 1950 713 καὶ
1977 660 2055 711 οἰ-

479 760 627 814 κεῖον
665 758 803 825 προς
834 753 1033 825 ἀρετὴν
1060 753 1435 824 ἀποδεχομένη
1460 769 1474 785 ³
1518 755 1709 824 ἠνιᾶτο
1735 752 1791 806 δὲ
1830 752 1929 819 τὴν
1956 753 2056 823 ζη-

484 849 615 918 μίαν
657 847 757 919 τὴν
811 846 973 917 μέχρι
1015 844 1209 898 τούτου
1259 844 1591 915 λογιζομένη
1627 844 1720 899 καὶ
1750 844 1924 899 νύκτα
1959 844 2060 915 βα·

485 942 637 997 θείαν
665 939 738 994 τὰ
765 937 1109 1012 προλαϐόντα
1138 937 1457 1008 νομίζουσα.

555 1211 632 1266 1".
671 1211 887 1283 ’Δμέλει
917 1209 1012 1265 καὶ
1040 1211 1138 1282 τῆς
1168 1208 1427 1275 εὐσεϐοῦς
1449 1209 1658 1279 ταύτης
1686 1209 1920 1275 πίστεως
1946 1210 2064 1281 γλι-

486 1289 695 1374 χομένη
724 1302 891 1374 μηδὲν
923 1302 1060 1366 ὅλως
1112 1302 1427 1373 μελλήσασα
1476 1302 1898 1373 μεταστέλλεται
1943 1319 2063 1356 τινα

488 1396 731 1467 κρυφίως
760 1396 880 1458 ὲνδς
909 1394 1019 1448 τῶν
1048 1395 1146 1466 τῆς
1177 1395 1373 1466 βουλῆς
1404 1396 1701 1467 θυγατέρα,
1730 1394 1829 1468 τὴν
1857 1396 1956 1467 μὲν
1980 1396 2066 1451 66-

488 1489 588 1555 ξαν
615 1487 973 1559 Χριστιανὴν,
1006 1486 1275 1558 παρθένον
1321 1487 1376 1540 δὲ
1429 1489 1523 1541 καὶ
1577 1488 1749 1559 αὐτὴν
1797 1490 1877 1551 εἰς
1908 1488 2068 1560 ἀκρί-

489 1579 647 1632 ϐειαν
674 1580 743 1633 τὰ
766 1579 865 1646 τῆς
902 1577 1138 1649 ἀληθοῦς
1193 1579 1449 1649 λατρείας
1482 1578 1666 1649 ἐρῶσα
1720 1581 1917 1651 μαθεῖν
1971 1580 2069 1633 καὶ

490 1669 670 1741 ὁδηγῷ
704 1670 880 1743 ταύτῃ
906 1668 1219 1741 χρήσασθαι
1265 1669 1404 1742 πρὸς
1444 1671 1544 1741 τὴν
1577 1671 1910 1736 θεοσέϐειαν,
1940 1672 2069 1742 παρ’

2181 582 2291 637 tur,
2326 570 2517 625 dolore
2547 570 2717 624 animi
2750 568 3082 638 lmplebatur
3103 605 3116 621 .
3176 564 3493 619 metabatur
3525 563 3752 632 quidem

2162 663 2309 732 quod
2339 664 2392 718 in
2431 663 2595 717 talem
2631 663 2950 717 thesaurum
3016 656 3333 712 incidisset:
3380 655 3757 735 admirabatur

2159 755 2745 817 autem,cons‘derans
2784 753 2946 809 (idem
3010 750 3488 813 Christianorum;
3515 748 3748 819 ejusque

2159 846 2271 901 veri
2307 845 2551 901 studium
2580 856 2637 900 et
2670 842 3118 915 conjunctionem
3151 856 3274 895 cum
3307 840 3514 895 virtute
3567 840 3745 894 susei-

2161 938 2351 1009 piens:
2376 936 2680 1007 angebatur
2709 951 2859 1001 vero,
2895 936 3158 989 damnum
3219 931 3367 1001 quod
3400 946 3646 1001 eousque
3669 940 3761 985 ac”

2162 1038 2405 1100 ceperat,
2438 1036 2721 1098 reputans,
2755 1038 2810 1083 et
2845 1037 3063 1081 noctem
3118 1024 3444 1096 profundam
3492 1037 3578 1089 ea,
3637 1038 3760 1093 qua:

2165 1124 2582 1189 prmcesserant,
2618 1117 2944 1171 existimans
2962 1155 2976 1171 .

2236 1212 2338 1266 Ill.
2371 1211 2524 1267 Hanc
2558 1219 2708 1266 certe
2740 1210 2885 1280 piam
2922 1208 3086 1263 ﬁdem
3110 1208 3456 1272 desiderans,
3476 1205 3616 1261 nihil
3634 1221 3757 1259 om-

2167 1304 2303 1359 nino
2326 1310 2603 1368 cunctata,
2632 1302 2868 1357 accersit
2911 1301 3206 1372 quamdam
3247 1301 3409 1353 tiliam
3474 1297 3642 1352 unius
3688 1312 3754 1352 ex

2168 1396 2535 1463 senatoribus,
2560 1396 2719 1467 (qua:
2742 1394 3002 1465 Opinione
3024 1394 3248 1463 quidem
3272 1401 3391 1449 erat
3411 1390 3753 1454 Christiana,

2171 1499 2293 1546 erat
2327 1498 2508 1549 autem
2571 1488 2688 1558 ipsa
2743 1501 2966 1557 quoque
3017 1484 3175 1555 virgo
3236 1484 3509 1554 perfecta)
3565 1497 3759 1535 verum

2171 1584 2376 1639 cultum
2401 1580 2545 1638 scire
2565 1579 2908 1639 desiderans,
2939 1584 2997 1633 et
3032 1579 3110 1632 uti
3143 1593 3208 1632 ea
3234 1580 3373 1633 duce
3426 1574 3494 1630 ad
3544 1574 3764 1645 religio-

2173 1689 2335 1729 nem.
2367 1673 2413 1728 A
2468 1687 2577 1743 qua
2630 1672 2685 1726 in
2726 1669 3003 1742 mysteriis
3051 1668 3425 1740 pulcherrime
3482 1666 3760 1729 instituta,

490 1757 559 1833 ἧς
595 1760 689 1815 καὶ
715 1761 782 1815 τὰ
817 1761 1081 1815 κάλλιστα
1114 1761 1632 1832 μυσταγωγηθεῖσα,
1666 1763 1759 1815 ἐπὶ
1786 1763 1846 1816 τὸ
1872 1762 2068 1832 βάπτι-

2173 1774 2433 1838 properat
2457 1765 2524 1822 ad
2554 1766 2920 1836 baptismum:
2947 1773 3000 1818 et
3034 1762 3214 1817 media
3274 1770 3457 1823 nocte,
3511 1759 3758 1814 inscien-

495 1812 921 1923 ὲείἷᾶτέέιδεὶ-
964 1812 1078 1905 ᾆξαι
1101 1812 1209 1905 «Et;
1241 1812 1535 1923 ‘iéxtége;
1551 1812 1848 1925 “iam;
1872 1812 2068 1924 ms

2174 1812 2805 1923 {illursomnibusfvenit
2835 1856 2903 1911 ad
2954 1855 3219 1929 Cyrillum
3271 1853 3615 1924 pontiﬁcem.
3668 1853 3762 1906 llle

491 1941 701 1996 νυκτῶν
735 1942 980 2013 κλέψασα
1007 1942 1105 2013 τὴν
1135 1942 1393 2015 αῐσθησιν
1424 1944 1665 2009 πάντων,
1709 1944 2067 2013 καταλαμϐά-

493 2048 592 2085 νει.
635 2033 902 2094 Κὰκεῖνος
931 2033 1184 2103 ἐμμελῶς
1207 2034 1307 2097 τὰς
1337 2035 1491 2098 θείας
1523 2035 1740 2095 ἁπάσας
1763 2036 1903 2106 αὐτῇ
1930 2037 2071 2107 Γρα-

492 2123 620 2191 φας,
643 2119 763 2178 εἶτα
799 2124 995 2196 καὶτῷ
1026 2124 1194 2194 τιμίῳ
1216 2127 1436 2196 σταυρῷ
1478 2126 1575 2180 τοῦ
1617 2128 1852 2197 Χριστοῦ
1893 2147 2069 2201 σφρα-

400 2220 403 2221 ⁷
490 2215 671 2281 γίσας,
719 2216 842 2268 τότε
910 2216 1009 2285 μὲν
1069 2217 1494 2287 κατηχουμένην
1546 2218 1720 2290 αὐτὴν
1755 2223 1917 2284 ποιεῖ,
1973 2222 2069 2275 καὶ

490 2306 873 2375 προτελεῖσθαι
922 2306 992 2359 τὰ
1026 2307 1309 2375 εἰθισμένα
1351 2308 1507 2377 παρά
1532 2326 1628 2362 του
1663 2309 1773 2364 τῶν
1821 2311 2068 2368 εύλαϐῶν

488 2396 750 2450 διακόνων
779 2398 1077 2455 ἐπιτάττει.
1126 2397 1190 2451 Ἦ
1221 2397 1278 2450 δὲ
1305 2398 1523 2463 τούτοις
1548 2416 1607 2452 τε
1665 2400 1783 2469 ἅμα
1837 2402 1933 2455 καὶ
1972 2421 2070 2474 νη-

493 2487 646 2558 στείᾳ
676 2488 764 2542 καὶ
817 2492 1094 2560 προσευχῇ
1132 2490 1473 2561 προσέχουσα
1530 2491 1633 2545 ούκ
1691 2492 1913 2546 ἔλαττον
1970 2495 2065 2548 τοῦ

489 2575 665 2632 ταῦτα
716 2581 892 2633 ποιεῖν
940 2580 1000 2632 τὸ
1028 2580 1316 2634 λανθάνειν
1350 2581 1611 2635 ποιοῦσαν
1633 2577 1745 2653 εἶχε
1780 2585 1868 2638 διὰ
1904 2602 2068 2639 σπου-

489 2670 607 2739 δῆς.
639 2669 753 2725 Ούκ
773 2669 920 2725 ἔστιν
958 2667 1050 2724 οὖν
1073 2672 1226 2735 ὅστις
1248 2672 1385 2744 αύτῇ
1415 2673 1590 2726 ταῦτα
1620 2675 1838 2745 συνῄδει
1871 2677 1952 2730 ὅτι
1988 2677 2065 2746 μὴ

494 2761 656 2825 μόνος
684 2763 713 2815 ὁ
757 2762 852 2816 καὶ
879 2761 978 2832 τὴν
1018 2762 1224 2833 ἀρετὴν
1258 2767 1644 2835 παραπλήσιος
1695 2766 1950 2839 εὐνοῦχός
1978 2786 2067 2833 τις

491 2852 663 2922 ὄνομα
716 2853 814 2924 μὲν
847 2854 1046 2924 Ἰνδης,
1077 2855 1139 2908 τὸ
1182 2855 1238 2908 δὲ
1272 2855 1430 2924 γένος
1471 2857 1770 2930 βάρϐαρος,
1799 2861 1849 2912 εί
1879 2861 1976 2914 καλ⁸
2004 2861 2065 2915 τὸ

491 2939 620 3013 ἦθος
643 2944 792 3016 αὐτῷ
825 2946 902 3016 μὴ
925 2947 1067 3000 κατὰ
1095 2947 1368 3019 βάρϐαρον
1396 2946 1485 3020 ἦν,
1514 2950 1630 3004 ἀλλ’
1656 2952 1864 3023 ἥμερόν
1891 2971 1950 3008 τε
1971 2956 2067 3009 καὶ

495 3037 765 3106 προσηνὲς
794 3039 887 3091 καὶ
914 3036 1112 3105 πολλὴν
1151 3039 1482 3107 διαγγέλλων
1513 3041 1612 3113 τὴν
1637 3041 1788 3096 ἔνδον
1821 3045 2062 3115 ἠρεμίαν

2170 1960 2355 2007 autem
2386 1966 2509 2006 cum
2536 1949 2815 2004 modulate
2841 1949 3055 2003 divinas
3084 1948 3134 2002 ei
3177 1944 3470 2002 cecinisset
3518 1945 3765 2014 Scriptu-

2169 2056 2282 2106 ras,
2317 2050 2373 2097 et
2397 2040 2712 2094 veneranda
2737 2038 2942 2094 Christi
2995 2054 3161 2093 cruce
3207 2051 3329 2092 eam
3381 2035 3754 2105 obsignasset.

2170 2142 2305 2186 tunc
2343 2132 2566 2202 quidem
2597 2147 2716 2185 eam
2745 2129 2875 2184 facit
2900 2131 3353 2184 catecltumenam
3379 2146 3392 2181 :
3422 2128 3761 2198 etjubetea,
3842 2114 3851 2123 ί

2170 2240 2293 2295 quae
2322 2224 2390 2278 de
2415 2239 2567 2278 more
2602 2223 2757 2293 prius
2780 2222 2938 2285 ﬁunt,
2972 2221 3088 2276 ﬁeri
3117 2238 3147 2276 a
3175 2222 3262 2291 pio
3318 2221 3555 2288 quodam
3581 2221 3767 2275 diaco-

2169 2330 2282 2380 no;
2324 2324 2443 2370 erat
2471 2324 2656 2369 autem
2683 2316 2731 2370 ei
2755 2329 2956 2369 nomen
3000 2315 3241 2384 Agapius
3266 2356 3279 2370 .
3332 2313 3427 2367 illa
3459 2328 3590 2368 vero
3636 2329 3757 2367 cum

2175 2417 2230 2462 et
2263 2407 2369 2469 his,
2395 2415 2451 2462 et
2479 2407 2693 2479 jejunio
2740 2416 2795 2461 et
2836 2405 3074 2461 orationi
3126 2406 3288 2461 simul
3352 2412 3586 2467 vacaret,
3649 2419 3761 2457 non

2175 2499 2359 2552 minus
2382 2498 2498 2553 haec
2524 2514 2692 2568 agens
2723 2498 2908 2553 studio
2931 2498 3127 2561 latere,
3171 2512 3334 2568 quam
3363 2496 3480 2551 haec
3543 2496 3722 2551 facere
3745 2535 3758 2549 .

2165 2590 2286 2644 Non
2320 2598 2441 2643 erat
2466 2589 2652 2658 itaque
2689 2589 2907 2657 aliquis.
2936 2590 3029 2657 qui
3074 2589 3270 2642 horum
3302 2597 3449 2643 esset
3474 2587 3758 2652 conscius,

2168 2680 2276 2735 nisi
2310 2681 2461 2737 solus
2489 2681 2713 2750 quidam
2740 2681 3055 2748 eunuchus,
3111 2682 3203 2751 qui
3235 2681 3421 2735 eratei
3461 2680 3662 2736 virtute
3689 2680 3765 2734 si-

2167 2772 2335 2838 milis,
2363 2772 2525 2827 lndes
2555 2772 2778 2842 quidem
2812 2773 3058 2849 nomine,
3090 2788 3292 2843 genere
3326 2780 3512 2826 autem
3564 2770 3763 2825 barba-

2166 2880 2285 2941 rus,
2314 2864 2533 2919 etiamsi
2556 2864 2674 2932 ejus
2706 2880 2892 2919 mores
2926 2880 3032 2918 non
3064 2872 3251 2918 essent
3308 2864 3556 2918 barbaris
3610 2864 3761 2917 simi-

2166 2954 2266 3031 les,
2302 2954 2399 3010 sed
2436 2955 2596 3009 mites
2625 2962 2681 3009 et
2745 2955 3051 3030 mansueti,
3116 2964 3171 3008 et
3224 2955 3319 3024 qui
3377 2953 3760 3023 signiﬁcabant

2166 3061 2419 3116 magnam
2440 3047 2714 3102 internam
2743 3049 2982 3127 quietem
3007 3054 3062 3102 et
3085 3047 3552 3116 tranquillitatem.
3582 3046 3631 3101 ls
3651 3062 3759 3101 non

495 3129 590 3179 καὶ
620 3128 985 3214 γαληνότητα.
1052 3124 1218 3193 Οὗτος
1249 3132 1311 3184 ού
1376 3132 1537 3201 μόνον
1588 3135 1791 3204 ὁμοίως
1816 3136 1955 3207 αθτῇ
2000 3140 2068 3210 τῇ

2173 3139 2374 3214 solum,
2404 3155 2561 3209 mque
2609 3148 2773 3209 atque
2807 3124 2946 3214 ipsa,
3004 3138 3070 3192 ad
3099 3138 3259 3193 [idem
3336 3138 3597 3193 accessit:
3661 3135 3759 3192 sed

498 3218 682 3271 πίστει
716 3201 1119 3289 προσέδραμεν,
1166 3221 1304 3274 ἀλλὰ
1350 3224 1444 3276 καὶ
1488 3201 1632 3295 πρὸς
1661 3226 1721 3278 τὸ
1760 3201 2067 3298 μαρτύνριοῦ

494 3311 589 3364 τοῦ
624 3311 817 3381 καιροῦ
848 3312 1143 3378 καλοῦντος
1167 3315 1387 3384 πρῶτον
1417 3317 1612 3369 ἑαυτὸν
1637 3318 1820 3388 φέρων
1864 3321 2069 3375 ἐπέδω-

498 3419 612 3458 κεν.
646 3404 849 3474 Ἀμφω
887 3406 986 3476 μὲν
1029 3406 1142 3469 οὖν,
1191 3408 1267 3469 ὡς
1313 3409 1345 3477 ἡ
1397 3408 1707 3480 προθεσμία
1753 3412 1938 3483 παρῆν
1976 3413 2071 3467 τοῦ

500 3495 898 3567 βαπτίσματος,
937 3498 1234 3566 ἀξιοῦνται,
1267 3500 1484 3555 καὶτὸν
1526 3503 1781 3573 οὐράνιον
1823 3506 2072 3577 δέχονται

498 3589 872 3659 μαργαρίτην,
911 3591 1006 3644 καὶ
1029 3589 1201 3654 οὕτως
1234 3592 1327 3646 ἐπὶ
1354 3596 1422 3664 τῇ
1456 3593 1655 3667 πρώτῃ
1692 3597 1947 3667 γεννήσει
1973 3616 2073 3653 τα·

496 3680 649 3748 κεῖαν
695 3680 729 3750 η
783 3682 913 3743 παῖς
943 3680 1303 3749 ἅναγεννᾶται
1340 3684 1433 3736 καὶ
1481 3685 1583 3755 τὴν
1608 3686 1892 3757 δευτέραν,
1921 3687 2075 3743 οὔπω

494 3770 679 3824 πλεῖον
706 3771 739 3841 ἢ
775 3772 999 3825 δέκατον
1035 3774 1196 3843 μόνον
1230 3776 1322 3828 ἐπὶ
1348 3775 1500 3829 δυσὶν
1530 3776 1649 3842 ἔτος
1674 3781 1965 3852 γενομένη,

563 3865 639 3917 Δ’.
685 3864 836 3917 Ἐπεὶ
858 3862 914 3916 δὲ
942 3863 1034 3919 τὸν
1064 3865 1317 3935 θεμέλιον
1348 3865 1588 3939 ἰσχυρῶς
1626 3870 1956 3925 κατεϐάλετο
1979 3871 2074 3927 καὶ

495 3954 553 4006 ιν
570 3956 640 4025 τῇ
670 3955 851 4025 πέτρᾳ
882 3955 983 4025 ήδη
1012 3956 1077 4026 τῇ
1112 3957 1350 4027 ἁῤῥαγεῖ
1386 3944 1657 4030 ὲρῤίζωτο
1715 3960 1795 4031 τῷ
1828 3962 2072 4032 Χριστῷ,

493 4045 617 4098 τότε
643 4045 738 4099 καὶ
769 4044 940 4101 τᾶλλα
984 4047 1352 4118 ἐποικοδομεῖ,
1405 4049 1617 4118 τροφῆς
1666 4051 1767 4121 μὲν
1805 4053 2074 4124 αἰσθητῆς

494 4138 592 4192 καὶ
613 4138 877 4208 πομάτων
919 4137 1143 4210 ἀμελῶς
1176 4138 1396 4208 ἔχουσα,
1428 4141 1598 4211 ἄρτου
1631 4141 1689 4195 δὲ
1710 4142 1904 4211 νοητοῦ
1935 4145 2074 4212 μᾶλ-

494 4229 586 4282 λον
629 4230 727 4284 καὶ
756 4229 915 4283 θείων
941 4229 1204 4300 ῥημάτων
1229 4229 1554 4303 ἐξεχομένη,
1592 4233 1731 4297 πρὸς
1760 4233 1816 4287 δὲ
1853 4236 1945 4288 καὶ
1973 4236 2070 4305 ζη-

493 4321 665 4376 τοῦσα
691 4325 791 4393 οὐχ
811 4323 1117 4393 ὄπωςαύτῇ
1140 4321 1201 4374 τὺ
1234 4322 1396 4391 ῥηθὲν
1425 4324 1585 4391 μόνον
1617 4326 1694 4389 είς
1722 4327 1847 4379 νοῦν
1884 4330 2066 4396 ἐμπα-

495 4417 592 4486 γῇ,
624 4416 760 4470 ἀλλὰ
784 4417 878 4469 καὶ
911 4418 1057 4476 ὅπως
1075 4415 1141 4469 ἂν
1170 4417 1253 4478 είς
1281 4415 1447 4485 ἔργον
1492 4418 1720 4488 ἐκϐαίηο
1765 4420 1969 4489 μᾶλλον
2015 4421 2072 4474 δὲ

496 4506 619 4560 οὐδὲ
663 4507 860 4577 χρόνου
887 4508 1023 4578 πρὸς
1048 4506 1222 4560 ταῦτα
1263 4506 1465 4559 ὲδεῖτοο
1517 4507 1636 4577 ἅμα
1686 4509 1793 4577 γὰρ
1819 4507 1983 4579 ἡκουέ
2014 4527 2066 4563 τι

494 4599 596 4669 τῆς
617 4597 764 4661 θείας
793 4598 1036 4667 Γραφῆς,
1069 4598 1162 4651 καὶ
1194 4598 1255 4649 τὺ
1282 4597 1551 4651 ἁκουσθὲν
1598 4596 1761 4660 εὐθὺς
1798 4601 1878 4661 εἰς
1904 4599 2065 4670 ἔργον

497 4690 729 4760 προῆγε.
763 4688 874 4758 Τὴν
904 4690 1057 4741 θείαν
1097 4687 1226 4758 γοῦν
1256 4706 1386 4742 ποτε
1419 4686 1604 4758 βίϐλον
1630 4688 1742 4741 τῶν
1778 4691 2067 4745 ἀποστολι-

499 4780 612 4833 κῶν
641 4780 869 4833 ἐπιοῦσα
902 4779 1178 4851 πράξεων,
1215 4781 1337 4834 ἐπεὶ
1391 4782 1514 4834 κατ’
1564 4781 1741 4833 ἐκεῖνο
1780 4780 1874 4833 τοῦ
1906 4780 2068 4849 λόγου

500 4871 719 4938 ἐγένετο
753 4872 883 4925 ἔνθα
926 4874 974 4925 οἱ
1007 4872 1076 4926 τά
1123 4873 1378 4941 κτήματα
1401 4871 1707 4935 πωλοῦντες
1752 4873 1853 4937 τὰς
1903 4876 2069 4944 τιμάς

499 4964 719 5033 ἔφερον,
755 4965 852 5016 καὶ
882 4964 1032 5033 παρὰ
1061 4966 1186 5026 τοὺς
1220 4964 1388 5027 πόδας
1435 4964 1648 5017 ἐτίθουν
1694 4962 1807 5018 τῶν
1832 4966 2068 5019 ἀποστό-

500 5056 633 5120 λων,
655 5054 735 5118 ei;
762 5054 888 5107 νοῦν
914 5054 1071 5130 τοῦτο
1100 5056 1193 5108 καὶ
1215 5055 1401 5125 ἐκείνη
1432 5054 1709 5123 βάλλεται,
1742 5054 1836 5109 καὶ
1858 5056 1980 5118 ὅσος
2003 5051 2072 5126 ἦν

499 5146 635 5217 αὐτῇ
665 5146 864 5217 χρυσὸς
896 5148 991 5199 καὶ
1020 5147 1258 5217 ἄργυρος
1283 5146 1444 5216 ἐσθής
1469 5162 1525 5198 τε
1558 5144 1861 5214 πολυτελὴς
1890 5146 2074 5217 ἀθροί-

505 5254 669 5302 σασα,
704 5231 825 5291 εἷτα
852 5241 962 5299 τοῖς
1017 5237 1166 5301 ἰδίοις
1199 5240 1435 5299 οἰκέταις
1464 5237 1713 5291 ἐπιθεῖσα
1743 5238 1940 5301 νυκτὸς
1970 5238 2073 5292 άπ-

502 5345 631 5394 εισι,
666 5329 766 5382 καὶ
801 5330 894 5382 τὸν
919 5328 1073 5397 ἅγιον
1106 5329 1249 5395 ἀξιοῖ
1286 5328 1551 5400 Κύριλλον
1579 5329 1838 5392 δέξασθαι
1872 5329 2071 5395 ταῦτα,

501 5419 627 5471 ἐπεὶ
655 5418 753 5471 καὶ
802 5419 940 5489 αὐτῇ
979 5421 1079 5487 τὴν
1115 5418 1482 5489 άποστολικὴν
1516 5419 1656 5491 πρὸς
1686 5420 1896 5472 ἐκεῖνον
1940 5418 2075 5472 αιδὼ

502 5507 776 5573 διασώζει,
815 5510 911 5561 καὶ
949 5508 1109 5570 ἰδίαις
1147 5510 1303 5579 χερσὶ
1336 5510 1534 5578 πένησι
1581 5510 1879 5578 διανεῖμαι.
1918 5511 1983 5563 Ἀ
2011 5509 2075 5580 δὴ

503 5600 599 5653 καὶ
631 5600 708 5663 ὡς
737 5601 874 5671 αύτῇ
905 5600 1152 5671 βούλημα
1183 5602 1598 5674 διαπραξαμένη
1625 5603 1838 5667 οὐδενὸς
1874 5603 2075 5666 είδότος

549 5752 598 5808 λ’
628 5781 748 5837 Act.
790 5798 863 5847 ιν,
900 5781 991 5835 5i.

2173 3232 2362 3306 etiam,
2393 3240 2621 3286 vocante
2654 3231 2964 3305 occasione,
3000 3245 3059 3285 se
3081 3231 3319 3299 primum
3352 3230 3578 3284 tradidit
3611 3245 3757 3283 mar-

2175 3324 2319 3395 tyrio
2344 3373 2359 3390 ,
2389 3321 2567 3376 Ambo
2591 3336 2746 3396 ergo,
2776 3321 2997 3389 quando
3026 3321 3175 3376 venit
3224 3330 3439 3391 tempus
3485 3320 3763 3392 praestitu-

2176 3424 2314 3489 tum,
2342 3422 2713 3483 assequuntur
2746 3412 3102 3487 baptismum,
3130 3421 3186 3466 et
3213 3413 3293 3468 sic
3342 3418 3466 3481 post
3522 3412 3760 3481 primam

2177 3506 2612 3579 generationem,
2638 3503 2750 3558 cito
2780 3503 2960 3572 puella
2981 3495 3224 3558 secundo
3267 3519 3487 3573 quoque
3537 3518 3761 3573 regene-

2175 3607 2350 3670 ratur,
2375 3612 2499 3651 cum
2524 3611 2634 3650 non
2659 3602 2783 3650 nata
2829 3601 2978 3649 esset
3000 3593 3188 3665 plures
3225 3607 3390 3664 quam
3428 3593 3762 3664 quatuorde—

2176 3705 2283 3746 etm
2337 3703 2539 3754 annos,

2246 3870 2352 3938 ιν,
2391 3868 2684 3938 Postquam
2710 3877 2892 3924 autem
2920 3868 3100 3923 valide
3149 3867 3353 3938 iactum
3403 3865 3507 3919 fuit
3566 3862 3736 3918 funda

2177 3969 2443 4024 mentum,
2473 3968 2527 4013 et
2559 3959 2611 4013 in
2664 3958 2818 4012 firma
2872 3966 3048 4028 petra,
3102 3972 3296 4026 nempe
3353 3954 3598 4018 Christo,
3649 3954 3758 4023 iam

2177 4049 2393 4105 radices
2432 4058 2641 4118 egerat,
2670 4056 2802 4103 tunc
2853 4049 2959 4103 alia
3010 4063 3230 4119 quoque
3280 4044 3757 4117 supermdiﬁcavit,

2178 4140 2500 4195 alimentum
2529 4140 2750 4210 quidem
2779 4140 2978 4195 sensile
3009 4150 3065 4195 et
3096 4147 3283 4209 potum
3312 4138 3612 4208 negligens,
3666 4151 3760 4203 pa-

2178 4233 2234 4287 ni
2260 4240 2465 4295 autem,
2497 4233 2590 4301 qui
2646 4232 3005 4302 intelligentia
3060 4230 3381 4301 percipitur.
3437 4238 3493 4284 et
3557 4228 3757 4281 divinis

2177 4324 2361 4378 verbis
2397 4323 2686 4378 adhaerens
2721 4341 2734 4376 :
2768 4331 2824 4377 et
2854 4331 3113 4392 praeterea
3145 4336 3398 4390 quaerens
3426 4335 3530 4372 non
3555 4318 3755 4379 solum.

2180 4412 2479 4483 quomodo,
2512 4412 2659 4481 quod
2689 4411 2893 4465 dictum
2926 4411 3123 4474 fuerat,
3157 4410 3210 4464 in
3251 4409 3435 4462 animo
3474 4408 3756 4477 imprime-

2176 4514 2352 4567 retur,
2381 4504 2476 4558 sed
2505 4502 2693 4568 etiam,
2733 4501 3008 4572 quomodo
3050 4501 3222 4557 exiret
3265 4500 3319 4554 in
3372 4515 3532 4569 opus,
3590 4508 3756 4567 atque

2176 4588 2315 4652 adeo
2340 4597 2407 4652 ad
2442 4611 2503 4650 ea
2535 4611 2643 4650 non
2675 4610 2811 4664 opus
2856 4593 2957 4649 fuit
2997 4594 3048 4648 ei
3118 4600 3380 4661 tempore.
3414 4590 3756 4658 Simulatque

2177 4689 2324 4743 enim
2354 4688 2594 4742 divinam
2627 4686 2885 4741 audiebat
2937 4685 3299 4754 Scripturam,
3364 4683 3566 4745 statim,
3608 4680 3755 4749 quod

2179 4780 2457 4840 audiebat,
2492 4776 2832 4847 producebat
2862 4776 2929 4831 ad
2953 4777 3233 4831 ell‘ectum.
3269 4774 3403 4828 Cum
3435 4775 3617 4839 itaque
3648 4770 3753 4823 ali-

2175 4871 2395 4941 quando
2422 4873 2624 4941 legeret
2681 4871 2878 4923 librum
2950 4869 3240 4923 Actionum
3287 4864 3751 4936 Apostolicarum,

2178 4964 2270 5020 ubi
2302 4965 2556 5034 pervenit
2593 4965 2659 5018 ad
2694 4964 2846 5019 illum
2877 4962 3080 5026 locum,
3129 4959 3184 5014 in
3231 4973 3361 5030 quo,
3399 4955 3495 5026 qui
3549 4954 3752 5009 vende—

2175 5057 2305 5112 bant
2323 5057 2715 5126 possessiones,
2736 5055 3037 5110 all‘erebant
3056 5051 3231 5123 pretia
3256 5050 3322 5105 ad
3345 5049 3512 5120 pedes
3533 5054 3751 5116 aposto-

2174 5150 2378 5214 lorum,
2406 5150 2426 5179 ¹
2463 5146 2555 5201 illa
2579 5146 2685 5201 hoc
2723 5160 2972 5219 quoque,
2991 5143 3173 5198 facere
3201 5139 3510 5203 constituit,
3540 5148 3595 5193 et
3626 5153 3749 5191 eum

2177 5237 2507 5308 collegisset,
2524 5234 2791 5306 quidquid
2818 5237 2935 5288 auri
2959 5232 3193 5287 habebat
3209 5238 3263 5286 et
3282 5228 3489 5299 argenti
3508 5235 3565 5281 et
3585 5224 3751 5280 vestis

2177 5330 2449 5399 pretiosae,
2469 5337 2525 5382 et
2550 5342 2612 5380 ea
2643 5326 2760 5380 suis
2784 5325 3135 5395 imposuisset
3158 5321 3394 5383 famulis,
3415 5324 3579 5373 noctu
3612 5315 3747 5378 abit,

2176 5431 2231 5476 et
2257 5428 2503 5474 sanctum
2551 5416 3004 5487 rogatCyrillum,
3041 5425 3100 5472 ut
3124 5430 3190 5471 ea
3218 5408 3746 5482 accipiat,quoniam

2178 5511 2234 5566 in
2284 5510 2436 5565 illum
2498 5508 2851 5577 apostolicam
2906 5515 3090 5563 servat
3139 5503 3542 5565 reverentiam;
3577 5512 3635 5555 et
3691 5504 3747 5550 ut

2186 5603 2300 5655 suis
2326 5598 2577 5652 manibus
2601 5611 2663 5650 ea
2682 5596 2971 5651 distribuat
3000 5596 3351 5666 pattprribus.
3380 5595 3505 5662 ann
3522 5592 3743 5662 quidem
