4142 6380
401 341 540 407 1042

1527 342 1918 407 ADDENDA.
1957 364 2025 379 -
2044 344 2478 408 DECEMBER.

3509 342 3646 410 10i4

395 474 545 518 cum.
583 468 643 513 ut
669 459 909 526 volebat,
935 457 1154 516 nemine
1199 457 1413 516 sciente
1439 457 1714 514 effecisset
1755 470 1973 511 reversa

2085 453 2408 528 ὑπέστρεφε,
2445 457 2539 512 καὶ
2567 459 2592 513 ό
2621 457 2858 528 συνήθης
2892 456 3065 528 αὐτὴν
3093 457 3339 529 θάλαμος
3385 458 3546 524 αὖθις
3577 457 3654 513 εἴ·

395 555 498 613 est,
527 559 583 603 et
610 550 805 606 solitus
842 565 960 605 eam
993 567 1185 607 rursus
1231 551 1469 606 habebat
1519 548 1809 605 thalamus.

474 640 538 694 γ.
566 640 745 712 Atque
767 641 1005 713 Cyrillus
1035 644 1258 713 quidem
1287 643 1409 714 ejus
1470 649 1628 714 pater
1670 640 1972 696 secundum

407 728 663 799 spiritum
717 732 883 801 paulo
905 741 1031 802 post
1063 733 1278 789 excedit
1320 733 1387 787 ad
1440 731 1688 786 omnium
1751 729 1973 786 Patrem

401 832 458 875 et
485 821 691 888 Deum;
719 821 877 878 beata
903 834 1090 880 autem
1124 824 1304 894 puella
1334 825 1452 896 ejus
1496 823 1704 878 monita
1733 837 1845 878 non
1894 823 1975 876 le-

398 911 541 966 viter
570 913 764 979 audiit,
783 913 878 989 sed
913 915 1078 971 etiam
1102 917 1159 970 in
1188 917 1354 971 animi
1381 917 1652 987 profundo
1670 932 1734 972 ea
1758 917 1973 974 celavit.

400 1001 540 1058 Toto
580 1004 768 1074 itaque
833 1005 923 1061 die
951 1006 1066 1074 illa,
1095 1017 1152 1062 et
1177 1008 1272 1078 qui
1304 1008 1495 1064 virtuti
1520 1018 1639 1065 erat
1669 1007 1866 1065 similis
1885 1008 1978 1064 ln-

403 1092 522 1158 des,
572 1097 813 1150 animam
835 1095 1048 1168 jejunio
1077 1108 1465 1169 expurgantes,
1517 1100 1860 1171 orationique
1923 1111 1979 1157 et

401 1186 572 1241 sacris
601 1187 836 1258 eloquiis
868 1198 1148 1257 vacantes,
1203 1201 1372 1247 noctu
1424 1192 1608 1248 cibum
1661 1194 1975 1251 sumebant.

398 1275 739 1332 Alimentum
771 1288 954 1335 autem
984 1289 1104 1336 erat
1132 1281 1288 1352 panis
1310 1283 1512 1345 siccus,
1542 1291 1598 1337 et
1626 1298 1766 1353 aqua
1789 1293 1973 1354 potus.

399 1364 532 1430 Quae
563 1380 693 1422 vero
719 1367 1083 1425 constitutum
1121 1369 1300 1426 fuerat
1333 1379 1394 1426 ut
1419 1370 1488 1425 ab
1513 1371 1846 1442 imperatore
1883 1387 1975 1427 ac-

402 1455 678 1526 ciperent,
719 1459 786 1514 iis
807 1469 1030 1516 ventres
1062 1476 1364 1532 pauperum
1395 1463 1743 1530 fruebantur,
1792 1472 1853 1519 ut
1880 1465 1979 1520 be-

400 1545 723 1616 nignitatem
755 1547 919 1603 simul
950 1558 1098 1607 recte
1142 1563 1465 1608 exercerent
1489 1563 1543 1609 et
1561 1554 1972 1610 abstinentiam.

402 1634 492 1690 Sic
518 1635 804 1705 facientes,
857 1641 1198 1698 conabantur
1256 1643 1477 1713 quidem
1523 1646 1728 1701 multos
1761 1648 1974 1715 latere;

403 1730 500 1784 sed
533 1730 650 1785 ﬁeri
678 1747 788 1788 non
821 1742 1058 1802 poterat,
1113 1744 1174 1791 ut
1233 1751 1394 1792 mons
1433 1738 1886 1810 absconderetur,
1920 1751 1978 1798 et

402 1821 626 1877 lucerna
649 1835 951 1893 poneretur
977 1824 1082 1880 sub
1116 1827 1322 1894 modio,
1357 1836 1413 1884 et
1449 1829 1750 1887 thesaurus
1781 1832 1979 1889 lateret

402 1904 460 1960 in
497 1914 639 1962 terra
668 1910 908 1966 abditus.
940 1911 1047 1968 Sed
1073 1928 1199 1969 cum
1225 1930 1314 1982 eo,
1357 1933 1520 1986 quem
1566 1919 1764 1983 dicam,
1814 1922 1978 1977 modo

402 1998 807 2068 apparuissent,
839 2004 1162 2062 orthodoxis
1207 2008 1428 2077 quidem
1473 2009 1613 2067 ﬁunt
1665 2013 1976 2083 exemplum

399 2089 641 2146 salutare
673 2132 688 2159 ,
722 2093 908 2164 impiis
957 2105 1142 2153 autem
1201 2107 1258 2153 et
1305 2099 1571 2170 improbis
1619 2103 1858 2158 validum
1912 2107 1980 2161 ad

400 2195 498 2236 eos
525 2185 934 2245 convincendos
975 2199 1380 2259 argumentum.
1431 2192 1536 2258 Qui
1583 2203 1794 2249 tantum
1855 2195 1983 2250 abe-

402 2281 545 2340 rant,
576 2285 636 2330 ut
661 2291 727 2331 ex
753 2278 972 2334 illorum
996 2281 1204 2336 virtute
1238 2282 1482 2339 fructum
1519 2285 1891 2354 perciperent,
1921 2294 1982 2341 ut

401 2365 565 2421 etiam
593 2383 780 2438 poenas
799 2371 868 2426 ab
890 2372 973 2428 eis
1006 2382 1349 2444 expeterent,
1379 2385 1432 2431 et
1462 2376 1544 2431 eis
1568 2377 1777 2433 crimen
1807 2378 1983 2433 inten-

402 2456 596 2514 derent
643 2461 1054 2531 abstinentiam;
1107 2481 1300 2521 eorum
1347 2469 1492 2522 enim
1543 2468 1723 2525 adhuc
1775 2469 1984 2526 latebat

403 2549 597 2619 pietas,
620 2567 722 2610 nec
741 2554 809 2610 ab
833 2554 967 2626 ipsis
993 2557 1172 2614 adhuc
1194 2558 1522 2629 deprehensi
1541 2560 1776 2616 fuerant.

473 2731 574 2788 Vl.
606 2733 901 2802 Postquam
953 2744 1138 2791 autem
1168 2737 1517 2793 manifestum
1561 2740 1737 2796 evasit
1787 2755 1980 2797 eorum

397 2823 666 2895 jejunium
699 2826 750 2880 ei
780 2826 876 2896 qui
907 2827 1130 2898 gerebat
1153 2843 1347 2884 curam
1399 2839 1652 2902 sumptus
1708 2834 1846 2889 aulae
1880 2833 1983 2888 im-

403 2917 696 2986 peratoris.
748 2934 874 2973 cum
908 2928 1187 2990 oporteret
1246 2921 1509 2977 admirari
1564 2923 1981 2995 benignitatem,

403 3017 456 3064 et
485 3018 712 3080 stupere
748 3011 1160 3080 abstinentiam,
1223 3013 1314 3068 ille
1363 3015 1548 3084 potius
1576 3019 1848 3084 processit
1907 3019 1977 3074 ad

2081 567 2198 620 χεν.

2150 643 2225 698 E'.
2257 642 2522 715 Κύριλλος
2560 646 2660 713 μὲν
2689 642 2782 699 οῦν
2805 643 2942 713 μετὰ
2978 643 3176 714 μικρὸν
3219 644 3249 697 ὁ
3275 643 3482 712 ταύτης
3511 643 3652 697 κατά

2081 733 2299 804 πνεῦμα
2329 733 2514 800 πατὴρ
2566 733 2702 802 πρὸς
2748 732 2838 786 τδν
2862 731 3083 786 πάντων
3123 732 3344 803 Πατέρα
3386 733 3483 785 καὶ
3519 731 3652 784 Θεὸν

2079 826 2314 895 ἐκδημεῖ
2358 825 2573 878 πολλῶν
2613 823 2934 890 παραδόξων
2973 825 3029 877 ἐν
3069 822 3147 894 τῷ
3175 823 3318 877 τέλει
3364 821 3444 893 τῷ
3485 821 3650 875 αὐτοῦ

2082 916 2634 988 συνδεδραμηκότων
2669 916 2702 984 ἠ
2747 915 2806 968 δέ
2859 914 3106 985 μακαρία
3153 915 3283 978 παῖς
3327 914 3430 976 τάς
3485 913 3650 966 αὐτοῦ

2082 1008 2440 1079 παραινέσεις
2473 1007 2571 1076 οὐχ
2614 1006 2804 1069 ἁπλῶς
2844 1006 3098 1076 ἥκουσεν,
3147 1005 3284 1058 ἀλλά
3317 1004 3413 1059 καὶ
3450 1004 3529 1072 τῷ
3557 1005 3652 1072 τῆς

2079 1100 2318 1163 διανοίας
2371 1098 2638 1167 ἐνέκρυψε
2698 1096 2874 1166 βάθει.
2923 1095 3228 1167 Τοιγαροῦν
3279 1096 3496 1166 ἡμέρας
3553 1094 3661 1163 μὲν

2079 1191 2208 1260 ὅλης
2236 1188 2422 1259 ἐκείνη
2457 1205 2518 1242 τε
2549 1187 2647 1241 καὶ
2697 1186 2725 1238 6
2774 1186 2875 1256 τὴν
2911 1185 3113 1256 ἀρετὴν
3154 1183 3291 1255 αὐτῇ
3325 1181 3521 1244 ἐοικὼς
3551 1183 3657 1234 Ἴν-

2080 1282 2176 1349 δης
2228 1281 2453 1350 νηστείᾳ
2484 1278 2878 1350 καθαιρόμενοι
2909 1276 3009 1340 τὰς
3047 1275 3253 1346 ψυχάς,
3285 1276 3567 1347 προσευχῇ
3596 1291 3656 1326 τε

2081 1374 2178 1429 καὶ
2207 1376 2319 1435 τοῖς
2357 1373 2522 1444 ἱεροῖς
2550 1370 2730 1440 λόγοις
2757 1370 3146 1451 προσκείμενοι
3175 1368 3421 1439 ἑσπέρας
3449 1366 3656 1436 τροφῆς

2079 1466 2410 1537 ἐμέμνηντο.
2453 1463 2616 1532 Καὶή
2659 1464 2831 1533 τροφὴ
2863 1461 3026 1532 ἄρτος
3054 1457 3122 1532 ἦν
3154 1459 3341 1530 ξηρὸς,
3372 1459 3469 1513 καὶ
3501 1460 3535 1530 ἡ
3564 1458 3660 1511 πό-

2082 1576 2166 1621 σις
2191 1558 2362 1628 ὕδωρ·
2428 1554 2464 1608 ἀ
2491 1554 2547 1608 δέ
2581 1553 2879 1624 λαμϐάνειν
2909 1556 2975 1606 ἐκ
3031 1552 3295 1622 βασιλέως
3325 1550 3653 1620 ἐτάχθησαν,

2081 1650 2329 1720 πενήτων
2356 1648 2608 1718 ἐτρύφων
2638 1645 2929 1715 γαστέρες,
2956 1643 3022 1698 ἵν’
3052 1643 3190 1714 ὁμοῦ
3217 1646 3311 1697 καὶ
3350 1641 3659 1711 φιλανθρω-

2083 1741 2214 1794 πίαν
2247 1737 2638 1811 κατορθοῦντες
2670 1730 2800 1792 ὦσι.
2837 1736 2951 1790 Καὶ
2988 1734 3088 1796 τὴν
3137 1734 3470 1804 ἐγκράτειαν
3513 1730 3656 1784 οὕτω

2084 1829 2700 1901 ποιοῦντες,μανθάνειν
2752 1827 2850 1898 μὲν
2905 1826 3164 1880 ἔσπευδον
3221 1825 3350 1886 τοὺς
3407 1821 3653 1886 πολλούς’

2084 1924 2308 1980 δυνατὸν
2333 1922 2392 1976 δὲ
2429 1922 2530 1976 οὑκ
2561 1915 2629 1992 ἦν
2655 1920 2718 1973 τὸ
2745 1919 2871 1990 ὅρος
2903 1918 3174 1988 κρυϐῆναι
3221 1917 3315 1970 καὶ
3340 1915 3431 1969 τὸν
3463 1916 3654 1982 λύχνον

2087 2017 2190 2070 ὑπὸ
2213 2015 2305 2068 τὸν
2338 2013 2520 2084 μόδιον
2546 2011 2786 2076 κεῖσθαι,
2804 2011 2902 2064 καὶ
2928 2010 3019 2064 τὸν
3045 2009 3319 2080 θησαυρὸν
3346 2006 3532 2076 ἀφανῆ
3557 2023 3658 2059 κα-

2085 2107 2153 2160 τὰ
2174 2108 2276 2177 γῆς
2309 2102 2675 2176 κρύπτεσθαι,
2703 2099 2838 2154 ἀλλά
2860 2099 2984 2154 καθ’
3007 2099 3065 2153 ὃν
3095 2099 3207 2170 ἐρῶ
3236 2098 3436 2167 τρόπον
3468 2094 3662 2166 φανέν-

2085 2215 2174 2262 τες
2201 2198 2315 2259 τοῖς
2348 2195 2449 2265 μὲν
2495 2189 2799 2265 όρθοδόξοις
2833 2193 3102 2261 σωτήριον
3147 2189 3452 2258 ὑπόδειγμα
3480 2188 3660 2255 γίνον-

2084 2305 2199 2354 ται,
2229 2290 2343 2352 τοῖς
2365 2285 2588 2340 ἀσεϐέσι
2615 2284 2672 2338 δὲ
2696 2285 2788 2337 καὶ
2813 2281 3112 2352 μοχθηροῖς
3134 2281 3376 2349 ἐλεγχος,
3401 2278 3450 2331 οῖ
3473 2275 3662 2330 τοσοῦ-

2084 2401 2175 2438 τον
2205 2381 2442 2448 ἀπέσχον
2470 2375 2775 2433 ἀπολαῦσαι
2799 2377 2900 2444 τῆς
2923 2373 3123 2443 ἀρετῆς
3147 2371 3395 2435 ἐκείνων,
3419 2370 3542 2422 ὅσον
3563 2368 3662 2421 καὶ

2085 2472 2242 2534 δίκας
2266 2469 2510 2540 ἀπῄτουν
2556 2466 2653 2521 καὶ
2683 2465 2939 2544 ἐγκλημα
2977 2462 3161 2524 αὐτοῖς
3193 2459 3507 2530 προέτεινον
3559 2455 3662 2526 τὴν

2087 2562 2454 2633 ἐγκράτειαν
2507 2559 2569 2612 τὸ
2598 2557 2707 2628 γὰρ
2737 2556 2836 2624 τῆς
2890 2552 3173 2615 εὐσεϐείας
3223 2549 3514 2604 ἐλάνθανον
3557 2547 3660 2614 ἐτι,

2088 2656 2182 2710 καὶ
2211 2653 2364 2708 οὔπω
2397 2651 2745 2723 φωραθέντες
2775 2648 2958 2711 αὐτοῖς
2990 2645 3308 2715 ἐτύγχανον.

2160 2750 2253 2815 ς’.
2298 2745 2454 2800 Ἐπεὶ
2485 2743 2543 2797 δέ
2572 2741 2644 2795 τὰ
2672 2741 2770 2810 τῆς
2805 2737 3061 2808 νηστείας
3092 2735 3228 2806 δῆλα
3261 2735 3338 2805 τῷ
3364 2736 3460 2804 τῆς
3501 2732 3659 2803 βασι-

2086 2842 2246 2913 λικῆς
2301 2836 2597 2909 θεραπείας
2633 2833 2978 2901 κατέστησαν
3024 2830 3341 2900 φροντιστῇ.
3393 2827 3513 2880 δέον
3562 2825 3661 2893 τῆς

2087 2929 2499 3002 φιλανθρωπίας
2568 2923 2850 2996 θαυμάσαι
2883 2962 2899 2987 ,
2965 2921 3086 2974 δέον
3153 2919 3496 2987 ἐκπλαγῆναι
3559 2915 3663 2984 τῆς

2085 3021 2436 3092 ἐγκρατείας.
2481 3019 2540 3071 '0
2594 3016 2652 3070 δέ
2707 3013 3035 3084 καὶμᾶλλον
3090 3014 3184 3066 ἐπὶ
3219 3012 3490 3080 μάστιγας
3531 3004 3660 3076 ἦγε.

404 3101 590 3172 ﬂagra,
620 3113 674 3158 et
703 3120 799 3158 eos
820 3104 913 3160 diu
937 3108 1175 3167 cadens.
1207 3105 1316 3160 vim
1347 3105 1688 3164 aflerebatut
1709 3109 1978 3175 dicerent,

2085 3115 2180 3169 καὶ
2206 3113 2400 3178 ξαίνων
2444 3109 2648 3173 πολλάς
2681 3104 2963 3173 ἠνάγκαζε
3012 3104 3197 3172 λέγειν
3246 3095 3308 3155 οὗ
3357 3102 3544 3164 αὐτοῖς
3592 3099 3660 3152 τὰ

404 3208 644 3262 quonam
668 3194 1091 3264 proficiscantur
1115 3211 1177 3252 ea
1208 3211 1330 3266 que
1356 3197 1438 3252 eis
1466 3197 1686 3254 dantur.
1717 3199 1854 3256 Cum
1902 3203 1981 3257 illi

403 3297 608 3353 autem,
646 3288 742 3357 qui
773 3287 1079 3343 didicerant
1102 3290 1281 3344 celare
1333 3298 1482 3347 recte
1533 3291 1696 3358 facta,
1732 3308 1794 3348 ea
1853 3293 1980 3350 forti

403 3386 457 3431 et
509 3393 776 3448 generoso
828 3380 1015 3435 animo
1087 3382 1444 3446 sustinerent,
1505 3387 1642 3439 mori
1691 3387 1978 3454 malentes,

403 3485 568 3540 quam
599 3470 804 3536 dicere,
833 3487 904 3527 ne
933 3471 1083 3542 quod
1112 3473 1168 3526 in
1208 3482 1432 3543 egentes
1453 3477 1731 3540 manabat,
1778 3479 1983 3533 rescin-

401 3563 628 3618 deretur
655 3561 921 3617 fluentum
977 3562 1354 3634 benignitatis,
1421 3566 1641 3636 quidam
1695 3570 1985 3626 eunuchus

402 3654 673 3710 accedens
713 3653 778 3706 ad
806 3652 1148 3723 praefectum,
1177 3655 1341 3710 Persa
1371 3671 1572 3727 genere
1599 3668 1655 3714 et
1683 3661 1985 3729 impietate,

400 3761 464 3804 ac
491 3748 646 3802 initio
661 3763 853 3803 eorum
872 3749 1129 3804 virtutem
1154 3748 1331 3804 defert
1355 3759 1409 3804 et
1447 3762 1666 3808 accusat
1708 3763 1982 3825 tamquam

399 3839 590 3894 vitium
619 3856 632 3895 :
661 3840 808 3910 quod
831 3840 1040 3896 scilicet
1069 3855 1126 3895 se
1145 3850 1293 3896 caste
1322 3851 1533 3909 gerant,
1564 3853 1620 3898 et
1648 3861 1678 3899 a
1700 3845 1840 3901 cibis
1860 3847 1986 3902 abs-

400 3933 610 3987 tineant
635 3950 648 3986 :
676 3940 731 3986 et
791 3946 914 4002 quae
946 3931 1223 4002 accipiunt
1262 3937 1330 3990 ad
1357 3934 1698 4002 alimentum,
1743 3952 1808 3992 ea
1848 3953 1986 4008 pau-

401 4023 626 4093 peribus
654 4023 984 4080 Christianis
1012 4025 1296 4096 praebeant
1320 4042 1335 4081 :
1363 4034 1418 4080 et
1446 4026 1614 4097 quod,
1642 4042 1763 4098 quae
1791 4029 1859 4084 ab
1883 4030 1986 4084 im-

401 4125 656 4182 peratore
686 4117 1129 4187 proﬁciscuntur,
1182 4119 1379 4172 dantur
1407 4117 1476 4172 ad
1535 4118 1858 4175 alimentum
1913 4122 1982 4179 iis

401 4207 493 4276 qui
521 4217 652 4263 sunt
682 4208 944 4263 contrarii
971 4207 1307 4278 imperatori.
1335 4208 1489 4274 Quod
1519 4209 1565 4263 si
1599 4210 1734 4264 velis
1775 4212 1826 4266 id
1841 4214 1981 4270 scire

402 4297 669 4366 apertius,
701 4298 830 4352 licet
854 4297 953 4352 tibi
981 4307 1170 4368 aperto
1190 4301 1418 4368 penario
1443 4315 1508 4353 ex
1565 4299 1632 4353 iis
1659 4315 1780 4368 quae
1811 4317 1976 4371 appa-

402 4388 620 4443 rebunt.
682 4388 984 4458 intelligere
1035 4405 1099 4444 ea
1155 4405 1278 4459 quae
1327 4398 1458 4445 sunt
1504 4389 1756 4447 obscura.
1790 4393 1979 4450 Audiit

2086 3207 2336 3277 διδόμενα
2366 3203 2665 3273 προχωρεῖ.
2706 3199 2796 3263 Ὣς
2837 3199 2894 3252 δέ
2927 3199 3128 3250 ἐκεῖνοι
3161 3194 3426 3266 μαθόντες
3463 3193 3532 3245 τά
3563 3207 3662 3244 κα-

2085 3296 2437 3369 τορθώματα,
2467 3294 2563 3348 καὶ
2587 3291 2730 3362 μάλα
2757 3289 3022 3358 γενναίως
3061 3286 3451 3357 διεκαρτέρουν
3476 3285 3662 3338 θανεῖν

2090 3388 2291 3460 μᾶλλον
2324 3387 2358 3456 ἢ
2387 3387 2560 3438 εἰπεῖν
2604 3382 3054 3453 προαιρούμενοι,
3102 3380 3196 3432 καὶ
3241 3379 3329 3432 ἵνα
3364 3377 3438 3447 μὴ
3477 3377 3570 3430 καὶ
3603 3375 3662 3428 τὸ

2085 3487 2186 3555 τῆς
2236 3479 2646 3551 φιλανθρωπίας
2706 3477 2885 3548 ῥεῦμα
2942 3479 3004 3530 τὸ
3057 3479 3135 3538 είς
3191 3475 3317 3537 τοὺς
3372 3471 3662 3536 δεομένους

2089 3577 2362 3644 ἀνακοπῇ,
2393 3568 2471 3636 εἷς
2499 3589 2585 3635 τις
2628 3569 2737 3622 τῶν
2775 3567 3046 3637 εὐνούχων
3090 3565 3169 3635 τῷ
3200 3565 3420 3634 ἄρχοντι
3484 3575 3664 3627 παρα-

2086 3668 2216 3732 στὰς
2235 3667 2328 3721 καὶ
2352 3666 2412 3717 τδ
2441 3664 2603 3732 γένος
2640 3663 2858 3733 Πέρσης
2888 3661 2985 3714 καὶ
3010 3660 3110 3727 τὴν
3141 3656 3418 3720 ἀσέϐειαν,
3451 3651 3662 3707 ἀνωθεν

2089 3759 2270 3814 αὐτῶν
2294 3757 2390 3827 τὴν
2417 3755 2622 3826 ἀρετὴν
2641 3755 2717 3816 ὡς
2738 3753 2940 3807 κακίαν
2965 3751 3209 3817 διέξεισι,
3239 3748 3334 3802 καὶ
3365 3745 3665 3814 κατηγορεῖ

2091 3849 2177 3901 ὅτι
2203 3863 2262 3898 τε
2292 3843 2604 3912 ἁγνεύουσι,
2666 3843 2764 3896 καὶ
2812 3842 3119 3913 βρωμάτων
3149 3840 3466 3909 ἀπέχονται,
3495 3835 3590 3889 καὶ
3627 3833 3663 3887 ἃ

2088 3938 2430 4008 λαμϐάνουσι
2475 3936 2608 4006 πρὸς
2638 3936 2846 4005 τροφὴν
2873 3933 3066 3997 νυκτὸς
3089 3933 3293 3986 ἐνδεέσι
3319 3929 3664 4000 Χριστιανοῖς

2090 4029 2411 4099 παρέχουσι,
2457 4027 2553 4081 καὶ¹
2584 4027 2666 4080 ὅτι
2699 4025 2762 4094 δὴ
2795 4024 2866 4076 τὰ
2898 4023 3048 4094 παρά
3077 4022 3172 4076 τοῦ
3237 4021 3504 4092 βασιλέως
3546 4022 3662 4080 τοῖς

2084 4120 2226 4175 κατά
2259 4120 2351 4174 τοῦ
2387 4117 2652 4188 βασιλέως
2699 4115 2874 4187 τροφὴ
2902 4117 3138 4182 γίνεται.
3170 4115 3231 4167 Εἰ
3266 4112 3445 4183 βούλει
3485 4111 3541 4164 δέ
3568 4111 3664 4162 καὶ

2087 4215 2420 4282 σαφέστερον
2473 4210 2703 4279 γνῶναι,
2743 4207 2977 4278 πάρεστί
3030 4224 3112 4260 σοι
3152 4206 3248 4260 καὶ
3295 4205 3353 4258 τὸ
3409 4206 3664 4269 ταμιεῖον

2083 4301 2355 4366 ἀνοίξαντι
2405 4301 2527 4368 ὄψιν
2585 4299 2795 4369 ἀδήλων
2844 4297 3188 4365 ποιήσασθαι
3231 4295 3302 4348 τὰ
3332 4295 3660 4364 φαινόμενα.

2087 4395 2361 4448 Ἤκουσεν
2384 4394 2412 4446 ὁ
2434 4392 2640 4461 ἄρχων,
2674 4390 2769 4443 καὶ
2795 4387 3032 4458 ἄσμενος
3059 4388 3149 4441 τὸν
3181 4386 3388 4456 ἐναργῆ
3423 4383 3658 4453 δεξάμε-

401 4479 716 4550 praefectus,
746 4489 802 4535 et
842 4496 967 4536 cum
1023 4477 1258 4537 libenter
1305 4482 1613 4539 evidentem
1674 4485 1980 4542 admisisset

2085 4497 2173 4546 νος
2211 4482 2433 4551 ἐλεγχον
2478 4481 2578 4544 τὰς
2628 4480 2776 4542 κλεῖς
2821 4479 2914 4531 ἀπ’
2949 4477 3129 4530 αὐτῶν
3177 4479 3520 4546 ἀφαιρεῖται,
3568 4476 3665 4527 καὶ

401 4569 802 4637 probationem,
829 4571 898 4626 ab
927 4571 1010 4628 eis
1043 4571 1224 4628 aufert
1245 4575 1425 4629 claves
1452 4584 1542 4640 ;et
1574 4591 1698 4630 cum
1727 4578 1980 4645 aperuis-

401 4668 507 4726 set,
535 4661 746 4716 invenit
769 4663 1042 4730 protinus,
1069 4662 1165 4718 sed
1189 4678 1300 4720 non
1334 4673 1396 4718 ut
1428 4663 1544 4734 ipse
1590 4666 1863 4733 sperabat,
1887 4668 1982 4722 sed

399 4765 487 4816 ea,
518 4765 642 4821 quin
668 4766 796 4806 vere
825 4761 984 4807 erant
1027 4753 1360 4818 veneranda,
1423 4769 1621 4823 nempe
1676 4764 1734 4809 et
1785 4756 1984 4813 divinae

401 4843 612 4898 crucls-
646 4841 979 4913 figuram,et
1032 4844 1233 4899 librum
1299 4854 1728 4920 sacrosanctum,
1784 4861 1982 4917 nempe

401 4934 772 5004 apostolorum
803 4935 917 4991 Deo
945 4945 1126 5006 gratas
1150 4935 1430 5002 Actiones;
1462 4945 1518 4991 et
1559 4946 1824 5006 praeterea
1857 4954 1982 5008 pos-

401 5025 710 5081 sessionum
739 5027 1066 5083 vacuitatem
1101 5041 1295 5082 eorum
1325 5027 1418 5097 qui
1447 5029 1502 5082 in
1533 5029 1687 5085 cmlis
1727 5045 1983 5101 magnum

404 5115 730 5172 thesaurum
764 5118 1159 5185 recondebam,
1193 5119 1353 5188 cujus
1384 5119 1659 5189 praeclarae
1674 5135 1805 5191 opes
1823 5133 1984 5180 erant

2080 4573 2352 4640 διανοίξας
2380 4567 2538 4645 εὗρεν
2564 4573 2749 4638 εὐθὺς,
2773 4571 2835 4625 ού
2857 4571 2962 4641 μὴν
2995 4569 3183 4640 ὥσπερ
3219 4569 3378 4633 αὐτὺς
3411 4568 3662 4640 ἧλπιζεν,

2083 4665 2221 4718 ἀλλά
2256 4665 2326 4718 τά
2360 4663 2579 4736 ἀληθῶς
2603 4664 2781 4732 τίμια,
2839 4663 2934 4716 τόν
2969 4679 3029 4715 τε
3083 4659 3178 4714 τοῦ
3213 4661 3359 4714 θείου
3406 4660 3663 4729 Σωτῆρος

2085 4755 2255 4812 τύπον
2283 4757 2378 4811 καὶ
2433 4755 2619 4826 βίϐλον
2650 4755 2826 4826 ίεράν,
2854 4754 2955 4817 τάς
2993 4753 3104 4808 τῶν
3134 4752 3452 4807 ἀποστόλων
3479 4752 3664 4820 θεοφι-

2084 4849 2193 4914 λεῖς
2221 4849 2475 4921 Πράξεις,
2504 4849 2601 4903 καὶ
2638 4848 2772 4919 πρὸς
2817 4848 3000 4910 αὐτοῖς
3025 4847 3124 4917 τὴν
3150 4844 3540 4915 ἀκτημοσύνην
3569 4843 3666 4898 τὸν

2089 4943 2266 5012 μέγαν
2320 4942 2429 4996 τῶν
2479 4945 2560 5005 είς
2601 4940 2867 5011 οὐρανοὺς
2927 4937 3370 5008 θησαυριζόντων
3409 4936 3661 4999 πλοῦτον,

2085 5030 2153 5105 ἧς
2188 5035 2256 5088 τά
2284 5034 2516 5104 κείμενα
2566 5031 2752 5103 ψίαθοι
2795 5031 2891 5086 δύο
2935 5029 3080 5084 κατὰ
3105 5028 3266 5100 ψιλοῦ
3289 5028 3387 5082 τοῦ
3429 5027 3665 5097 ἐδάφους

2089 5126 2366 5194 κείμεναι,
2407 5127 2441 5196 ή
2496 5123 2784 5193 φιλότιμος
2809 5121 3070 5192 στρωμνὴ
3099 5120 3315 5190 Δόμνης
3360 5119 3457 5173 καὶ
3486 5117 3660 5172 Ἰνδου

400 5205 523 5262 duae
552 5215 769 5276 storem,
800 5208 856 5264 in
891 5208 1040 5265 nudo
1067 5209 1184 5264 solo
1225 5216 1406 5264 strata:
1434 5225 1562 5266 vere
1597 5227 1980 5280 generosorum

2088 5217 2198 5271 τῶν
2221 5219 2459 5287 εὐγενῶν
2483 5217 2562 5287 τῷ
2592 5215 2707 5270 δντι
2733 5215 2826 5269 καὶ
2857 5216 3170 5285 μακαρίων,
3207 5215 3341 5282 πρὸς
3365 5213 3422 5266 δὲ
3449 5213 3545 5265 καὶ
3572 5229 3664 5264 κε-

400 5304 456 5351 et
485 5295 772 5354 beatorum
822 5299 1046 5356 Domnae
1082 5308 1141 5356 et
1187 5298 1336 5356 Iudae
1384 5303 1668 5372 magnifica
1704 5303 1986 5373 supellex;

2096 5309 2302 5381 ραμοῦν
2330 5327 2386 5364 τι
2423 5310 2786 5382 θυμιατήριον
2819 5308 2915 5363 καὶ
2949 5307 3146 5378 λύχνον
3195 5307 3407 5372 ξύλινόν
3434 5323 3493 5359 τε
3528 5305 3664 5374 λαρ-

400 5387 561 5444 ﬁctile
579 5399 844 5458 preterea
861 5391 1195 5448 thuribulum
1215 5402 1269 5449 et
1291 5392 1532 5459 lucerna,
1555 5401 1610 5448 et
1632 5394 1809 5464 lignea
1831 5409 1980 5450 arcu-

2092 5399 2329 5454 νακίδιον
2351 5402 2409 5454 ἐν
2431 5396 2474 5468 ᾧ
2498 5401 2600 5471 τὴν
2632 5401 2783 5470 ἱερὰν
2814 5399 3130 5471 προσφορὰν
3156 5393 3223 5469 ἧς
3255 5395 3666 5468 μετελάμϐανον

400 5474 475 5540 la,
495 5475 552 5530 in
570 5491 681 5548 qua
718 5490 1076 5549 reposuerant
1095 5495 1311 5538 sacram
1335 5482 1666 5539 oblationem
1686 5482 1786 5552 (2),
1827 5484 1986 5555 cujus

469 5615 822 5692 (2_)lllustre
873 5623 1184 5692 exemplum
1249 5627 1654 5681 communionis
1715 5625 1818 5680 sub
1871 5642 1979 5682 una

402 5686 759 5763 s-peci_e._Olim
781 5702 960 5747 autem
982 5686 1386 5762 persecutionis
1413 5703 1656 5763 tempore
1679 5694 1869 5750 ﬁdeles
1886 5711 1986 5750 eu-

392 5753 717 5822 ,charistiam
745 5753 1183 5818 domum'secum
1211 5753 1582 5833 asportabant,
1603 5770 1657 5818 et
1690 5763 1782 5818 diu
1807 5777 1987 5822 asser-

2092 5489 2440 5548 ἀπετίθεσαν.
2470 5493 2690 5564 Ταύτην
2717 5488 2810 5548 οῦν
2855 5492 2954 5563 τὴν
2987 5491 3168 5562 βίϐλον
3191 5491 3287 5544 καὶ
3314 5490 3376 5543 τὸ
3400 5487 3663 5559 λαρνακί-

2089 5633 2310 5699 vabant.
2339 5635 2549 5692 etclam
2580 5633 2891 5700 sumebant;
2922 5632 3068 5704 quod
3098 5631 3165 5688 de
3189 5632 3302 5687 vini
3333 5629 3515 5702 specie
3547 5626 3662 5682 fieri

2094 5715 2202 5756 non
2228 5712 2461 5774 poterat.
