4142 6380
508 297 648 365 ἲο45

1599 311 1776 372 VITA
1817 312 1922 375 SS.
1965 313 2170 375 lNDxE
2209 314 2304 374 ET
2343 314 2648 378 ΒΟΜΝίΕ.

3647 314 3784 383 1046

498 409 524 461 ἶ
539 427 618 466 ιον
644 411 673 464 ό
701 409 901 483 εὐαγής
938 411 1192 485 εὐνοῦχος
1217 413 1418 481 λαϐὼν,
1443 415 1631 488 ήρὼτα
1672 419 1774 471 ποῦ
1803 436 1862 472 τε
1893 420 2077 485 αὐτοῖς

2196 422 2388 482 ﬁebant
2447 425 2762 497 participes.
2822 424 2977 482 Hunc
3025 439 3154 496 ergo
3207 441 3408 482 norum
3437 433 3508 482 et‘
3538 428 3783 482 arculam

503 501 532 552 ὁ
558 501 784 569 χρυσὸς,
819 504 914 558 καὶ
944 506 1296 579 ήπολυτελὴς
1335 507 1501 580 ἐσθὴς
1527 510 1622 563 καὶ
1656 511 1688 580 ἡ
1730 511 1915 582 κομψή
1944 510 2080 582 ἄλλη

508 593 678 664 σκευή
735 596 829 648 καὶ
867 599 1248 669 περίϐλεπτος.
1298 600 1385 663 Ὠς
1424 600 1482 654 δὲ
1541 601 1633 656 καὶ
1677 602 1832 668 αὖθις
1886 603 2082 657 ἐκεῖνοι

511 686 719 757 μηδένα
747 689 856 742 τῶν
887 693 1216 762 ἐρωτήσεων
1265 693 1584 765 ποιούμενοι
1615 696 1772 764 λόγον
1807 696 2086 751 σκώπτον-

507 795 597 843 τες
629 779 980 850 εἱστήκεσαν,
999 782 1260 853 βασάνοις
1286 786 1468 849 αὐτοῖς
1509 786 1766 848 ἐξεδίδου.
1807 787 1968 840 Ἀλλά
1993 787 2086 840 καὶ

508 867 684 932 οὕτως
719 869 989 942 ἠλέγχετο
1047 876 1226 929 παίων
1274 878 1353 940 είς
1382 878 1537 931 κενδν
1574 881 1700 940 τοὺς
1733 880 2080 949 ἀδάμαντας⁶

508 960 674 1032 ἤκουε
706 962 816 1033 γὰρ
848 966 980 1036 παρ’
1015 967 1196 1022 αὐτῶν
1226 969 1286 1022 τὸ
1315 971 1574 1041 παράπαν
1601 972 1772 1026 οὐδέν.
1797 973 1869 1026 Τὸ
1904 974 2087 1043 μέντοι

511 1055 656 1124 ἱερὸν
685 1057 867 1110 έκεῖνο
897 1059 1129 1129 βιϐλίον,
1164 1063 1298 1132 πρὸς
1319 1064 1375 1116 δὲ
1405 1066 1498 1118 καὶ
1527 1065 1586 1118 τὺ
1609 1064 1974 1135 λαρνακίδιον,
2010 1066 2089 1130 ὡς

504 1147 659 1202 οὐδὲν
688 1150 834 1222 αύτῷ
857 1153 1124 1225 χρήσιμα,
1160 1156 1328 1209 αὑτοῦ
1367 1157 1687 1211 καταλείπει
1719 1158 1869 1229 παρὰ
1895 1159 1974 1230 τῷ
1995 1175 2089 1212 τα-

511 1243 693 1313 μιείῳ.
729 1245 964 1311 Τούτους
993 1249 1049 1302 δέ
1095 1249 1330 1324 ἀλλαχοῦ
1377 1252 1841 1324 κατακλεισθῆναι
1871 1252 2091 1307 κελεύει

506 1330 611 1392 ἕως
643 1333 910 1409 ἀνενέγκῃ
941 1336 1019 1408 τῷ
1055 1339 1288 1410 βασιλεῖ.
1326 1343 1389 1396 Ἦ
1423 1345 1524 1413 μὲν
1569 1341 1663 1397 οὖν
1696 1343 1986 1414 παρθένος,
2013 1344 2089 1408 ὼς

507 1423 734 1494 ἐξήγετο
763 1428 864 1498 ἤδη
891 1430 986 1483 τοῦ
1021 1432 1270 1502 ταμιείου
1299 1434 1631 1489 διαλαθοῦσα
1671 1436 1880 1500 πάντας
1911 1437 2006 1491 καὶ⁹
2029 1437 2090 1490 τὸ

508 1514 712 1583 βιϐλίον
743 1519 964 1590 εὐφυῶς
989 1523 1169 1594 ἄρασα
1206 1527 1428 1599 (μικρὸν
1461 1529 1567 1598 γὰρ
1598 1523 1790 1600 ἦνκαὶ
1833 1524 1948 1582 οἷον
1998 1529 2089 1584 εὐ-

508 1608 687 1679 χερῶς
716 1612 1106 1686 κρύπτεσθαι),
1142 1618 1218 1686 τῷ
1246 1619 1450 1692 ίματίῳ
1485 1622 1656 1692 αὐτῆς
1703 1621 2050 1695 περιέστειλε
2070 1640 2085 1654 ·

508 1700 636 1754 κατ’
667 1702 842 1776 αὐτὴν
894 1705 952 1759 δὲ
999 1707 1095 1760 καλ⁵
1143 1711 1171 1762 ὁ
1222 1709 1535 1781 θαυμαστὸς
1573 1714 1751 1786 Ἰνδης
1780 1715 1840 1770 τὸ
1881 1715 2092 1782 ξύλινον

511 1793 707 1856 σκεῦος
762 1791 865 1867 ἦρε
889 1816 901 1830 ·
933 1802 1028 1854 καὶ
1075 1801 1248 1864 οὕτως
1300 1804 1516 1875 ἔχοντες
1546 1808 1872 1880 ἀπήχθησαν
1897 1827 1956 1862 τε
1997 1811 2094 1864 καὶ

510 1884 953 1959 ἐνεκλείσθησαν.
986 1892 1212 1959 Τούτοις
1245 1895 1390 1951 οὕτω
1429 1901 1853 1972 καθειργμένοις
1898 1903 2091 1974 χρόνον

510 1982 706 2049 συχνόν
742 1983 904 2050 μόνος
926 1986 952 2037 ὀ
983 1983 1091 2048 ζῶν
1123 1988 1286 2054 ἄρτος
1316 1993 1487 2063 τροφὴ
1510 1989 1597 2066 ἦν,
1620 1995 1712 2048 καὶ
1740 1996 1798 2048 τὸ
1822 1996 1922 2066 τῆς
1943 1997 2094 2064 θείας

510 2073 728 2141 χάριτος
760 2075 909 2145 πόμα
943 2078 1127 2132 ποτόν.
1161 2072 1262 2133 ⁷ον
1295 2082 1350 2134 δὲ
1390 2084 1484 2137 καὶ
1517 2087 1578 2138 τὸ
1609 2085 1768 2157 σῶμα
1814 2093 2093 2143 κοινωνεῖν

511 2165 830 2234 ἀναγκαῖον,
892 2171 1145 2225 τοσοῦτον
1203 2175 1492 2245 ἐστέρηντο
1543 2179 1665 2233 ὅσον
1715 2181 1868 2234 οὐδὲν
1900 2181 2092 2247 ὕδατος

509 2260 816 2314 ἀπολαῦσαι
848 2265 1026 2334 παρῆν
1046 2281 1060 2297 ⁶
1089 2265 1246 2320 τοῦτο
1304 2269 1411 2341 γὰρ
1442 2273 1472 2340 ή
1499 2272 1591 2325 τοῦ
1621 2274 1863 2345 ἀπηνοῦς
1895 2275 2091 2346 ἄρχον-

509 2369 600 2415 τος
630 2353 840 2425 ἐντολὴ,
898 2356 1046 2420 ὅπως
1101 2360 1254 2414 αὐτοὶ
1296 2365 1570 2436 γαστέρας
1621 2366 1891 2436 δεομένων
1924 2369 2092 2440 ἐπλή-

512 2461 662 2514 ρουν,
715 2445 858 2516 λιμῴ
904 2449 1129 2521 τοιούτῳ
1199 2457 1664 2524 κατεργασθέντες
1718 2459 2087 2532 διαφθαρεῖεν,

511 2535 604 2588 x3).
633 2534 789 2606 δίκην
815 2537 1226 2611 φιλανθρωπίας
1260 2545 1538 2618 ὑπόσχωσι
1575 2549 1672 2620 τήν
1701 2549 1981 2623 ὠμότητα.

581 2765 658 2819 Ζ’.
692 2763 942 2836 Τοσαύτη
969 2765 1100 2833 γοῦν
1125 2767 1160 2838 ή
1184 2769 1282 2838 τῆς
1319 2769 1587 2843 ἀπηνείας
1610 2775 1861 2842 ἐπίτασις
1885 2775 1975 2850 ἧν,
1995 2785 2092 2836 καὶ

512 2858 570 2911 τὸ
599 2860 696 2927 τῆς
751 2860 1127 2924 κακοπαθείας
1182 2865 1477 2935 ἀφόρητον,
1529 2868 1606 2931 ὡς
1657 2872 1750 2924 καὶ
1806 2872 1947 2944 νόσῳ
1994 2875 2091 2946 τὴν

513 2951 784 3022 παρθένον
831 2953 1060 3021 ἁλῶναι,
1122 2956 1316 3027 νεαροῦ
1368 2958 1619 3029 σώματος
1649 2967 1788 3033 πρὸς
1819 2968 2090 3039 τοσαύτην

2184 532 2306 572 cum
2332 519 2531 588 impius
2547 522 2845 590 accepisset
2860 520 3168 586 eunuchus,
3188 521 3414 591 rogabat
3437 521 3785 582 u‘biesseteis

2185 629 2380 668 aurum
2407 617 2686 685 vestisque
2715 617 2976 686 pretiosa,
3011 626 3067 671 et
3100 616 3206 671 alia
3245 616 3492 684 supellex
3558 617 3781 686 elegans

2184 713 2241 759 et
2257 705 2563 776 magniﬁca.
2583 706 2720 762 Cum
2749 716 2931 762 autem
2956 709 3035 762 illi
3063 723 3256 762 rursus
3285 709 3778 778 interrogationum

2185 796 2391 851 nullam
2421 798 2688 855 ducentes
2728 801 3020 866 rationem,
3075 810 3286 856 starent
3342 809 3624 862 tacentes.
3682 815 3781 856 eos

2189 887 2414 944 tradidit
2456 891 2812 959 torquendos.
2848 892 2955 946 Sed
2990 892 3070 949 sic
3095 906 3316 960 quoque
3349 893 3528 961 reipsa
3559 900 3645 946 est
3689 908 3785 948 ex-

2191 990 2379 1050 pertus
2423 997 2482 1037 se
2503 982 2709 1037 frustra
2766 984 2986 1052 pulsare
3043 984 3386 1046 adamantas;
3415 985 3484 1040 ab
3509 986 3592 1040 eis
3627 987 3784 1040 enim

2188 1074 2329 1128 nihil
2359 1075 2586 1128 omnino
2643 1076 2877 1130 audivit.
2928 1077 3094 1131 Sacer
3151 1093 3283 1132 vero
3345 1079 3439 1132 ille
3491 1079 3654 1143 liber,
3717 1089 3785 1134 et‘

2190 1177 2451 1236 praeterea
2482 1168 2686 1243 arcula,
2710 1178 2769 1222 ut
2801 1184 2924 1238 quae
2947 1168 3084 1223 nihil
3117 1170 3168 1225 ei
3217 1176 3403 1224 essent
3451 1171 3629 1246 utilia,
3667 1172 3783 1227 illic

2189 1259 2259 1314 ab
2287 1274 2354 1313 eo
2387 1260 2576 1314 relicta
2615 1268 2742 1315 sunt
2796 1261 2854 1315 in
2919 1262 3164 1330 penario,
3229 1261 3337 1316 Eos
3388 1275 3572 1318 autem
3628 1263 3784 1333 jubet

2192 1352 2326 1408 alibi
2372 1353 2605 1428 includi,
2639 1354 2818 1411 donec
2872 1355 3157 1410 retulisset
3223 1355 3291 1410 ad
3357 1357 3775 1424 imperatorem.

2191 1445 2371 1515 Atque
2397 1446 2554 1516 virgo
2581 1445 2825 1520 quidem,
2853 1460 2979 1502 cum
3001 1447 3112 1516 jam
3156 1447 3489 1502 educeretur
3539 1463 3569 1501 e
3615 1461 3786 1516 pena-

2194 1538 2298 1611 rio,
2332 1555 2456 1593 cum
2493 1538 2860 1594 inscientibus
2899 1539 3156 1594 omnibus
3185 1542 3325 1596 scire
3370 1540 3575 1595 librum
3601 1550 3788 1596 sustu-

2193 1630 2347 1701 lisset
2382 1634 2534 1699 (erat
2559 1631 2705 1686 enim
2736 1647 2958 1705 parvus,
2984 1639 3040 1687 et
3070 1633 3164 1702 qui
3200 1641 3418 1703 poterat
3449 1633 3610 1688 facile
3657 1632 3788 1689 abs-

2193 1723 2392 1794 condi)
2425 1725 2482 1778 in
2514 1739 2612 1780 sua
2665 1740 2792 1780 eum
2839 1735 2989 1781 veste
3037 1728 3304 1796 reposuit.
3365 1727 3573 1782 Eodem
3623 1727 3787 1782 modo

2198 1811 2360 1868 lndes
2383 1827 2602 1882 quoque
2630 1814 2971 1869 admirabilis
2996 1831 3093 1870 vas
3133 1817 3356 1871 suStulit
3413 1817 3676 1893 ligneum,
3728 1825 3787 1872 et

2196 1905 2274 1960 ita
2314 1903 2540 1960 abducti
2572 1915 2781 1961 suntet
2805 1907 3025 1963 inclusi.
3070 1908 3166 1963 llis
3205 1909 3286 1963 sic
3350 1909 3580 1965 inclusis
3624 1910 3787 1980 longo

2197 2004 2470 2065 tempore.
2496 1996 2649 2051 solus
2672 1997 2832 2066 panis
2861 1998 3019 2052 vivus
3069 2007 3190 2054 erat
3237 1999 3661 2078 nutrimentum,
3727 2009 3790 2056 et

2196 2087 2396 2143 divina:
2419 2089 2607 2159 gratiae
2638 2090 2811 2166 potio,
2839 2102 2957 2145 erat
2982 2099 3162 2159 potus.
3192 2091 3326 2157 Quae
3349 2101 3532 2146 autem
3578 2105 3784 2160 corpus

2196 2195 2423 2235 necesse
2447 2192 2530 2236 est
2553 2196 2794 2256 sumere,
2828 2183 2897 2236 iis
2930 2182 3068 2238 adeo
3096 2184 3295 2253 privati
3350 2183 3505 2239 fuere
3535 2234 3549 2258 ,
3597 2191 3657 2238 ut
3713 2198 3784 2239 ne

2193 2288 2390 2344 aquam
2419 2274 2644 2343 quidem
2680 2286 2906 2344 possent
2931 2277 3172 2346 assequi.
3206 2277 3339 2332 Erat
3365 2278 3514 2332 enim
3559 2277 3648 2332 hic
3678 2278 3787 2331 im-

2193 2367 2349 2422 mitis
2407 2367 2648 2436 praal’ecti
2701 2367 2910 2436 jussus,
2968 2378 3028 2423 ut
3087 2378 3400 2438 propterea,
3451 2368 3599 2438 quod
3682 2368 3787 2435 ipsi

2194 2461 2478 2532 egentium
2507 2467 2730 2516 ventres
2753 2460 3108 2526 satiaverant,
3145 2461 3236 2516 tali
3271 2463 3413 2516 fame
3439 2461 3675 2516 confecti
3701 2461 3787 2515 in-

2193 2552 2444 2616 terirent,
2492 2559 2547 2605 et
2605 2567 2706 2622 pro
2761 2553 3099 2622 benignitate
3159 2567 3352 2623 poenas
3400 2552 3620 2608 luerent
3689 2566 3789 2608 sae-

2191 2648 2324 2703 vitia

2264 2787 2568 2842 Vll.Tanta
2611 2801 2743 2856 ergo
2776 2783 2880 2839 luit
2932 2782 3257 2852 indigentia,
3295 2791 3351 2837 et
3401 2781 3626 2836 alilictio
3676 2789 3788 2836 tam

2193 2880 2588 2943 intolerabilis,
2636 2886 2699 2933 ut
2746 2877 2900 2948 virgo
2936 2877 2990 2930 in
3027 2875 3288 2931 morbum
3345 2873 3636 2940 incideret,
3661 2883 3788 2927 cum

2193 2975 2436 3047 juvenile
2465 2988 2666 3041 corpus
2697 2988 2806 3027 non
2838 2971 3011 3027 ferret
3037 2977 3245 3023 tantam
3271 2967 3642 3022 vexationem.
3677 2965 3788 3021 Sed

513 3047 609 3099 οὐκ
631 3045 976 3115 ἀντισχόντος
1015 3046 1412 3120 ταλαιπωρίαν.
1445 3052 1586 3106 Ἀλλ’
1614 3055 1715 3110 οὐκ
1757 3053 1826 3128 ἦν
1872 3060 2091 3126 πάντως

2196 3045 2314 3123 ﬁeri
2345 3081 2452 3122 non
2490 3073 2706 3137 poterat
2745 3073 2801 3119 ut
2841 3077 2938 3118 eos
2955 3061 3187 3116 haberet
3207 3059 3512 3130 despicatui
3545 3059 3658 3124 ille,
3697 3058 3787 3114 cui

514 3139 605 3190 ἐπὶ
635 3137 769 3190 πολὺ
797 3137 1042 3207 παριδεῖν
1075 3140 1335 3206 ἐκείνους,
1357 3137 1400 3210 ᾧ
1426 3145 1522 3198 καὶ
1548 3149 1765 3218 πτηνῶν
1789 3151 1970 3220 μέλλει
1998 3156 2092 3208 καὶ

515 3229 621 3283 τῶν
645 3231 866 3299 θηρίων.
906 3231 1067 3287 Ἀλλὰ
1094 3233 1191 3298 νὺξ
1237 3234 1336 3305 μὲν
1371 3233 1440 3308 ἦν
1460 3254 1472 3268 ⁸
1505 3240 1822 3296 ἐπίστανται
1849 3245 1905 3298 δὲ
1931 3247 2094 3318 οὐρα-

518 3321 647 3374 νίων
696 3322 953 3390 δυνάμεις
991 3324 1259 3393 ἀγγέλων,
1293 3328 1342 3382 οἳ
1374 3331 1554 3402 πολλῷ
1598 3335 1676 3404 τῷ
1708 3337 1845 3404 φωτὶ
1871 3339 2094 3406 τούτους

517 3413 1046 3484 περιαστράψαντες,
1083 3419 1176 3472 καὶ
1210 3419 1309 3490 τὴν
1368 3424 1645 3492 τράπεζαν
1679 3427 2094 3502 ὁποπλήσαντες

519 3505 848 3576 ἐδεσμάτων,
889 3501 1044 3570 αὖθις
1097 3511 1234 3580 πρδς
1284 3513 1513 3583 οὐρανὸν
1563 3501 1891 3588 ἀνεφοίτωνέ
1926 3524 1989 3576 Οἱ
2038 3524 2094 3578 δὲ

517 3599 626 3653 τῶν
664 3599 1038 3669 προκειμένων
1074 3603 1322 3672 μετεῖχον
1339 3605 1522 3672 εὐθὺς,
1562 3609 1683 3662 οὐδε
1714 3611 1843 3681 μίαν
1872 3614 2095 3686 μνήμην

518 3691 626 3744 τῶν
657 3689 1037 3762 προλαϐόντων
1091 3692 1355 3761 ἀλγεινῶν
1408 3701 1722 3769 ποιούμενοι
1746 3719 1760 3734 ·
1817 3707 2097 3762 καὶτοῦτο

524 3784 623 3854 μὲν
676 3784 930 3853 ἡσθέντες
967 3789 1033 3856 τῇ
1063 3787 1171 3840 τῶν
1198 3788 1476 3856 φανέντων
1505 3794 1668 3866 αὐγῇ,
1703 3797 1859 3852 τοῦτο
1911 3801 1968 3854 δὲ
2003 3804 2096 3856 καὶ

521 3878 586 3945 τῇ
612 3873 718 3929 τῶν
767 3876 1226 3946 προσφερομένων
1272 3879 1456 3950 ἡδονῇ,
1499 3883 1559 3937 τὸ
1587 3886 1870 3943 Δαυῖδικὸν
1922 3891 2096 3946 ἐκεῖνο

522 3965 828 4037 ὑπέψαλλον
882 3967 1022 4037 ἄγαν
1072 3970 1393 4042 ἐπικαίρως,
1428 3973 1505 4038 ὡς
1538 3993 1558 4028 t
1601 3978 1695 4031 Ἐκ
1733 3981 1953 4046 στέατος
2004 3988 2098 4040 καὶ⁹

522 4059 773 4128 πιότητος
812 4058 1058 4130 ἐπλήσθη
1089 4062 1122 4132 ή
1156 4061 1302 4133 ψυχή
1350 4081 1477 4134 μου,
1519 4069 1615 4123 καὶ
1642 4069 1808 4140 χείλει
1835 4073 2097 4142 ἀγαλλιά⁴

523 4171 658 4219 σεως
689 4157 892 4210 αίνέσει
951 4157 1013 4210 τὸ
1049 4159 1222 4229 στόμα
1257 4179 1380 4229 μου.
1421 4183 1440 4216 ι
1498 4165 1710 4236 Ἡμέρα
1743 4170 1843 4240 μὲν
1874 4167 1968 4225 οὖν
1995 4175 2096 4246 ἤδη

522 4248 701 4318 παρῆν
721 4264 736 4278 ·
771 4248 955 4319 παρῆν
977 4248 1032 4302 δὲ
1073 4249 1167 4303 καὶ
1191 4252 1217 4303 ὁ
1244 4252 1429 4323 ἄρχων
1459 4253 1552 4308 ἐπὶ
1572 4258 1758 4329 σκοπῷ
1792 4260 1884 4314 τοῦ
1905 4265 2098 4333 μαθεῖν

521 4338 569 4388 εί
610 4335 702 4389 τοῦ
733 4337 894 4406 λιμοῦ
923 4338 1206 4409 ἥττηνται,
1245 4341 1316 4396 ἵν’
1337 4341 1482 4396 οὕτω
1511 4346 1781 4417 χρήσηται
1833 4352 2098 4424 πειθομέ-

2195 3169 2324 3216 sunt
2353 3174 2501 3214 curae
2528 3158 2784 3212 volucres
2803 3163 2858 3211 et
2883 3154 3092 3220 bestiae,
3125 3161 3182 3209 et
3203 3155 3296 3224 qui
3328 3153 3503 3222 aperit
3537 3167 3784 3218 manum,

2195 3259 2252 3307 et
2287 3250 2478 3317 implet
2521 3263 2683 3304 omne
2721 3247 2926 3302 animal
2987 3243 3376 3300 benedictione
3407 3243 3448 3308 ἓ.
3511 3241 3617 3297 Sed
3677 3257 3787 3297 nox

2197 3343 2424 3415 quidem
2458 3354 2597 3407 erat,
2653 3341 2925 3396 accedunt
2971 3347 3157 3392 autem
3199 3337 3438 3391 virtutes
3477 3333 3786 3391 caelestium

2196 3433 2514 3504 angelorum
2546 3433 2677 3502 ;qui
2730 3447 2856 3487 cum
2911 3431 3087 3485 multa
3126 3429 3251 3482 luce
3297 3443 3393 3482 eos
3456 3425 3788 3481 circumful~

2197 3531 2417 3596 sissent,
2451 3537 2507 3584 et
2539 3543 2787 3585 mensam
2822 3526 2963 3582 cibis
2990 3524 3332 3595 implessent,
3366 3537 3560 3578 rursus
3583 3523 3790 3579 reversi

2198 3631 2328 3678 sunt
2363 3622 2417 3676 in
2445 3620 2670 3676 cmlum.
2714 3618 2796 3674 Illi
2824 3628 3010 3675 autem
3041 3633 3106 3673 ea
3133 3631 3254 3688 quae
3287 3624 3447 3672 erant
3487 3614 3788 3684 preposita.

2201 3713 2384 3768 statim
2406 3717 2782 3781 sumpserunt,
2809 3711 3083 3766 malorum
3098 3723 3221 3782 qua:
3239 3714 3657 3782 praecesserant,
3677 3719 3787 3758 non

2199 3805 2438 3876 amplius
2502 3803 2903 3859 recordantes:
2951 3812 3007 3859 et
3057 3805 3260 3873 partim
3304 3799 3530 3875 quidem
3591 3811 3790 3858 eorum

2198 3914 2318 3968 quae
2352 3907 2738 3970 apparuerant,
2786 3897 3117 3967 splendore,
3155 3899 3353 3969 partim
3391 3914 3523 3955 vero
3588 3915 3787 3958 eorum

2199 4007 2321 4061 qua:
2368 3991 2502 4060 ipsis
2550 3990 2732 4045 oblata
2775 3999 2924 4052 sunt,
2962 3990 3247 4062 voluptate
3295 3991 3604 4059 exhilarati,
3651 3994 3786 4050 illud

2200 4082 2525 4138 Davidicum
2551 4082 2847 4137 admodum
2870 4093 3179 4154 opportune
3211 4087 3570 4143 cecinerunt:
3598 4108 3613 4140 ι
3651 4086 3787 4143 Tan-

2202 4187 2369 4240 quam
2421 4188 2491 4227 ex
2540 4171 2703 4244 adipe
2752 4181 2808 4228 et
2861 4173 3200 4243 pinguedine
3238 4177 3452 4246 repleta
3488 4188 3574 4232 est
3602 4179 3787 4232 anima

2198 4278 2344 4328 mea,
2391 4273 2448 4319 et
2492 4263 2654 4321 labiis
2717 4266 3104 4323 exsultationis
3155 4267 3403 4325 laudabit
3442 4285 3506 4324 os
3531 4283 3736 4325 meum.
3763 4289 3781 4322 ι

2199 4359 2376 4428 Atque
2402 4357 2521 4412 dies
2545 4359 2769 4428 quidem
2799 4360 2912 4431 jam
2941 4361 3131 4417 aderat
3159 4379 3172 4429 ;
3213 4361 3403 4418 aderat
3431 4370 3616 4416 autem
3646 4378 3788 4431 pra:-

523 4443 650 4490 νοις.
697 4423 850 4482 Ἐπεὶ
891 4427 949 4482 δέ
1007 4430 1316 4485 τούναντίον
1355 4432 1504 4504 ἐώρα
1554 4438 1813 4509 φαιδροὺς
1859 4442 1959 4512 μὲν
2002 4423 2093 4498 καὶ

2204 4451 2381 4506 fectus
2410 4465 2649 4520 quoque,
2682 4462 2744 4506 ut
2767 4455 2939 4510 sciret
2963 4470 3032 4509 an
3061 4453 3206 4511 fame
3233 4455 3360 4510 victi
3392 4464 3601 4522 essent,
3626 4465 3684 4510 ut
3705 4457 3786 4512 sic

521 4516 812 4588 χαρίεντας
841 4520 941 4588 τὴν
964 4519 1106 4588 ὄψιν,
1135 4521 1314 4594 πολλῷ
1345 4524 1400 4578 δὲ
1423 4529 1807 4600 χαριεστέρους
1827 4531 1988 4597 ὄντας
2005 4538 2093 4590 καὶ

2205 4558 2300 4597 eos
2347 4543 2573 4596 haberet
2609 4540 3076 4615 obtemperantes.
3113 4545 3406 4616 Postquam
3436 4560 3567 4601 vero
3590 4555 3786 4602 contra

520 4609 618 4682 τὴν
665 4609 863 4683 ψυχὴν,
921 4612 1205 4669 ἀπολιπὼν
1244 4616 1304 4669 τὸ
1336 4617 1617 4686 βιάζεσθαι
1657 4620 1751 4676 ἅτε
1809 4626 1977 4697 μηδὲν
2014 4627 2100 4681 ἐπ’

520 4703 751 4767 ἐκείνοις
780 4704 1043 4776 ἀνύσιμον
1073 4706 1152 4774 ὃν,
1182 4709 1272 4761 ἐπὶ
1295 4709 1360 4762 τὸ
1393 4711 1602 4766 πείθειν
1625 4714 1840 4786 ἐχώρει.
1873 4720 1982 4772 Καὶ
2007 4721 2097 4774 τὸν

522 4796 698 4864 πρᾶον
759 4796 1211 4870 ὑποκρινάμενος,
1267 4803 1480 4857 ἐκέλευε
1529 4807 1588 4860 τὸ
1633 4805 1816 4862 λοιπὸν
1872 4813 2099 4877 ἀπαθεῖς

524 4886 710 4940 κακῶν
735 4887 942 4956 διάγειν
963 4889 1158 4954 αὐτοὺς
1182 4893 1274 4946 καὶ
1298 4893 1405 4948 τῶν
1437 4895 1516 4959 είς
1541 4899 1730 4968 χρείαν
1780 4904 2100 4974 κατακόρως

527 4977 1114 5051 μετέχειν,βρωμάτων
1145 4984 1204 5037 τέ
1222 5003 1362 5056 φημι
1391 4990 1486 5042 καὶ
1511 4992 1830 5062 χρημάτων,
1864 4996 2008 5068 πρὸς
2043 4997 2100 5050 δὲ

524 5070 618 5122 κιὶ
653 5070 880 5140 ἐσθῆτος
910 5073 1062 5126 οὐδὲν
1114 5075 1220 5128 τῶν
1246 5078 1626 5148 προλαϐόντων
1675 5084 1910 5140 ἔλαττον.
1957 5089 2098 5143 Ἀλλ’

523 5160 624 5214 οὐκ
644 5161 812 5216 ἐδεῖτο
840 5164 1137 5234 χρημάτων
1162 5169 1193 5237 ἡ
1218 5170 1484 5239 παρθένος
1509 5174 1603 5227 καὶ
1631 5176 1859 5244 ἱματίων
1880 5193 1892 5207 ·
1929 5179 2100 5234 ἐδεῖτο

528 5251 647 5343 μὲν,
682 5253 800 5307 ἀλλ’
829 5254 945 5326 οὐχ’
984 5255 1203 5328 ἑαυτῆς,
1232 5260 1339 5313 τῶν
1365 5265 1615 5333 πενήτων
1641 5265 1696 5319 δὲ
1727 5268 1908 5322 εἵνεκα
1929 5286 1940 5298 ·
1971 5271 2102 5343 παρ’

526 5341 553 5392 ὃ
585 5341 648 5413 δή
678 5345 770 5397 καὶ
805 5347 1013 5416 συχνῶν
1064 5347 1289 5420 ἡμερῶν
1333 5353 1517 5416 ἄσιτος
1563 5357 1699 5427 αὑτὴ
1737 5358 1982 5426 διετέλει,
2015 5341 2100 5417 ἵνα

527 5432 797 5498 πλουσίως
827 5439 940 5500 τοῖς
980 5437 1158 5502 ἄλλοις
1209 5443 1544 5509 μεταδιδόναι
1582 5448 1810 5519 τροφῆς.
1875 5453 1984 5506 Καὶ
2011 5453 2103 5525 δή-

530 5539 660 5577 ποτε
686 5527 889 5597 πλῆθος
918 5529 1005 5583 ἐπ’
1040 5531 1211 5602 αὐτὴν
1233 5536 1461 5606 συρρέον
1491 5540 1738 5611 πενήτων
1777 5541 2098 5617 θεασαμένη

607 5749 625 5778 ³
649 5749 793 5806 Psal.
828 5770 1001 5824 cxuv,
1043 5757 1121 5812 16.
1207 5761 1221 5787 ⁵
1255 5761 1393 5815 Psal.
1450 5779 1578 5835 an,
1613 5770 1664 5823 G.

2208 4649 2304 4687 eos
2355 4633 2490 4687 vidit
2535 4633 2689 4690 laetos
2739 4643 2795 4691 et
2839 4637 2997 4692 vultu
3057 4638 3305 4703 alacres,
3360 4638 3541 4693 anima
3593 4648 3782 4694 autem

2207 4723 2379 4777 multo
2407 4723 2722 4788 alacriores,
2771 4725 2996 4782 mittens
3038 4729 3148 4781 vim
3187 4727 3406 4794 afferre,
3444 4737 3504 4783 ut
3547 4729 3695 4798 quod
3729 4729 3785 4784 in

2205 4812 2286 4866 eis
2335 4811 2470 4865 nihil
2516 4812 2820 4882 prodesset,
2873 4830 3162 4887 aggressus
3203 4825 3286 4871 est
3320 4816 3679 4886 persuadere,
3730 4822 3786 4870 et

2206 4902 2473 4957 simulans
2503 4906 3003 4971 mansuetudinem,
3035 4908 3200 4978 jussit
3232 4924 3329 4963 eos
3378 4909 3642 4976 deinceps
3684 4907 3782 4962 de-

2205 5010 2334 5064 gere
2362 4995 2529 5050 nullis
2573 4996 2728 5051 malis
2757 4997 3001 5064 allectos,
3029 5008 3084 5053 et
3113 4999 3332 5055 abunde
3371 5000 3453 5054 eis
3483 4999 3624 5064 dari,
3660 5015 3782 5069 qua:

2203 5098 2362 5142 erant
2410 5087 2475 5142 ad
2529 5103 2687 5142 usum
2746 5091 3080 5155 necessaria,
3117 5091 3325 5156 cibum,
3378 5092 3626 5162 inquam,
3685 5107 3782 5162 pe-

2203 5179 2423 5234 cuniam
2455 5187 2509 5235 et
2542 5191 2741 5243 vestes,
2772 5195 2882 5235 non
2918 5182 3099 5237 minus
3128 5198 3292 5252 quam
3321 5194 3502 5238 antea.
3530 5183 3638 5240 Sed
3670 5183 3784 5239 vir-

2200 5288 2269 5344 go
2330 5272 2467 5329 nihil
2518 5273 2710 5342 egebat
2740 5273 2990 5343 pecuniis
3037 5283 3092 5329 et
3146 5276 3442 5342 vestibus;
3478 5277 3588 5331 imo
3649 5293 3782 5332 vero

2201 5365 2396 5437 egebat
2427 5365 2671 5437 quidem,
2704 5368 2800 5423 sed
2834 5381 2943 5422 non
2978 5381 3076 5422 sua
3103 5383 3288 5434 causa,
3321 5369 3415 5424 sed
3447 5384 3777 5439 pauperum;

2201 5459 2401 5528 quibus
2433 5459 2596 5514 etiam
2633 5461 2960 5516 vestimenta
3004 5460 3346 5526 discindens,
3385 5461 3775 5528 dlstribuebat;

2202 5560 2257 5608 et
2296 5552 2572 5622 quomodo
2606 5554 2956 5609 existimabat
2995 5569 3115 5610 esse
3147 5555 3518 5611 necessarium
3557 5552 3774 5627 corpori
