4126 6382
831 251 907 282 κατι.

333 298 472 367 1047
831 260 907 323 ἴῗέ
1467 283 1861 346 ᾹΒΒΕΝΒΑ.
1900 308 1923 318 -

2026 276 2264 340 DECEM
2274 273 2443 337 BER.
3446 260 3591 323 1048

330 411 682 474 alimentum,
740 405 816 460 ita
881 402 1047 460 etiam
1103 414 1217 456 suae
1267 398 1466 455 animat
1515 395 1914 457 necessarium,

2026 395 2115 449 καὶ
2151 392 2339 464 ὥσπερ
2371 389 2577 460 τροφοῦ¹
2603 389 2761 460 φίλης
2784 386 2943 441 λῦσαι
2964 384 3059 439 τὸν
3085 380 3245 453 λιμὸν
3270 377 3449 443 αὐτοῖς
3473 378 3591 474 δερ-

326 503 450 558 allis
471 467 715 570 praebere
734 497 1157 552 nutrimentum.
1186 492 1466 563 {Quocirca
1489 490 1678 547 multis
1710 488 1908 544 diebus

2026 499 2211 561 tévwv,
2242 491 2449 561 ἀπορίᾳ
2480 487 2767 556 ληφθεῖσα.
2834 483 2930 537 καί⁵
2963 477 3116 534 οὐδὲν
3148 473 3423 529 ἀναλῶσαι
3454 467 3591 539 πρὸς

328 590 696 661 permanebat
742 588 952 659 jejuna,
984 595 1045 640 ut
1089 593 1314 657 possent
1358 582 1580 637 abunde
1610 580 1732 635 aliis
1763 593 1906 648 prae-

330 682 448 738 beri
508 681 871 736 nutrimenta.
926 679 994 735 Et
1047 688 1180 734 tunc
1231 689 1450 746 quoque
1505 688 1631 731 cum
1676 671 1917 726 vidisset

330 773 741 827 multitudinem
781 785 1088 841 pauperum
1140 768 1218 824 ad
1260 784 1332 825 se'
1372 765 1791 830 conﬂuentium,
1850 766 1907 817 et

333 877 592 936 tanquam
626 866 849 920 charam
894 865 1188 928 nutricem,
1230 872 1294 917 ut
1330 861 1530 917 famem
1565 860 1635 914 ab
1666 858 1747 914 eis
1779 869 1909 926 pro-

330 958 578 1027 pulsaret
644 958 977 1029 rogantium,
1039 954 1207 1010 dubia
1256 952 1447 1018 animi,
1484 961 1548 1008 ut
1607 965 1729 1021 qua!
1770 948 1917 1004 nihil

332 1058 519 1119 posset
553 1050 896 1121 impendere,
945 1048 1093 1119 quod
1141 1047 1414 1103 sufﬁceret
1449 1053 1613 1101 tantae
1663 1042 1911 1099 multitu-

332 1137 470 1204 dini,
518 1139 587 1195 ad
637 1154 798 1194 suum
851 1137 1118 1192 mundum
1148 1137 1384 1207 aspexit,
1435 1143 1492 1190 et
1552 1149 1677 1189 cum
1714 1147 1908 1187 zonam

332 1235 507 1296 illam,
537 1246 660 1302 quae
682 1232 845 1302 plena
873 1239 993 1287 erat
1017 1229 1249 1302 gemmis
1277 1237 1332 1283 et
1356 1225 1691 1298 margaritis,
1718 1234 1774 1280 et
1805 1223 1909 1279 alia

333 1340 458 1395 quas
492 1337 651 1379 erant
688 1339 827 1380 auro
858 1334 1055 1380 ornata
1089 1332 1146 1378 et
1180 1332 1432 1392 argento,
1467 1320 1650 1375 omnia
1688 1317 1912 1374 vinculo

334 1431 447 1471 uno
484 1415 1020 1486 comprehendisset,
1068 1415 1310 1470 demittit
1357 1428 1456 1485 per
1502 1412 1821 1475 fenestram,
1857 1417 1914 1465 et

335 1510 663 1565 transmittit
712 1509 778 1564 ad
815 1509 965 1581 pium
1003 1508 1297 1579 quemdam
1338 1505 1658 1568 diaconum,
1694 1502 1783 1559 eui
1817 1517 1917 1557 no-

337 1617 462 1657 men
499 1611 618 1657 erat
654 1601 917 1672 Agapius;
954 1610 1226 1672 rogatque
1264 1598 1576 1663 ut’vendat,
1606 1605 1664 1653 et
1692 1610 1913 1659 aurum,

335 1692 483 1759 quod
517 1708 582 1749 ex
622 1709 689 1749 eo
718 1693 943 1761 redibit,
999 1692 1214 1749 dividat
1258 1689 1615 1762 pauperibus.
1648 1687 1766 1744 Dici
1803 1701 1912 1742 non

335 1793 538 1855 potest,
586 1793 803 1855 quantae
841 1799 1145 1855 pauperum
1202 1781 1545 1837 multitudini
1587 1781 1704 1837 haec
1747 1777 1917 1836 suﬂ'e-

338 1878 517 1931 ceriut
570 1877 643 1932 ad
704 1879 1051 1943 alimentum,
1102 1875 1197 1931 sed
1256 1890 1440 1946 neque
1492 1887 1656 1944 quam
1716 1873 1921 1929 multos

339 1965 539 2021 divites
568 1965 653 2019 sui
692 1965 997 2022 imitatione
1026 1963 1405 2036 provocaverit
1439 1964 1509 2018 ad
1539 1977 1699 2033 opem
1730 1963 1918 2019 feren-

2008 589 2261 646 τοσοῦτον
2286 587 2489 658 πλῆθος
2526 582 2789 656 ἐξαρκοῦν
2819 580 3038 652 ἐχούσα,
3074 576 3212 656 προς
3255 573 3348 627 τὸν
3388 572 3592 634 κόσμον

2011 682 2195 736 ἀπεῖδε
2221 679 2313 734 τὸν
2347 678 2564 745 έαυτῆς,
2603 676 2695 728 καί
2724 671 2900 738 ζώνην
2949 668 3165 735 ἐκείνην
3193 667 3226 738 ἢ
3278 662 3446 725 λίθοις
3473 660 3594 730 βρί-

2013 774 2181 829 θουσα
2217 774 2311 826 καὶ
2345 767 2649 841 μαργάροις
2681 759 2771 834 ἧν,
2800 762 2935 818 ἄλλα
2969 778 3028 815 τε
3056 762 3156 813 ὅσα
3187 758 3387 828 χρυσὸς
3419 749 3594 809 διεκό-

2015 883 2142 937 σμει
2171 865 2265 919 καλ⁶
2301 864 2562 933 ἄργυρος,
2584 858 2761 913 πάντα
2792 858 2850 910 ὲν
2872 855 3167 922 ἀποδέσμῳ
3196 846 3595 918 περιλαϐοῦσα,

2012 957 2236 1028 καθίησι
2292 955 2382 1009 διὰ
2408 956 2506 1024 τῆς
2538 950 2770 1022 θυρίδος,
2794 949 2889 1005 καί
2916 945 3167 1002 τινιητῶν
3203 942 3447 998 εὐλαόῶν
3476 940 3592 993 δια-

2013 1053 2208 1117 κόνων,
2245 1049 2506 1118 ’Ᾱγάπιος
2528 1045 2676 1116 αὐτῷ
2700 1043 2937 1113 τοῦνομα
2964 1082 2978 1104 ,
3013 1036 3412 1109 παραπέμπει,
3449 1032 3599 1096 ἀξιοῖ

2013 1163 2073 1201 τε
2107 1142 2328 1205 πωλεῖν,
2352 1142 2448 1194 καὶ
2480 1138 2541 1193 es
2574 1135 2824 1191 ἐντεῦθεν
2877 1131 3099 1206 χρυσίον
3137 1130 3330 1185 διελεῖν
3375 1127 3592 1195 πένησι.

2015 1235 2201 1291 Ταῦτα
2237 1232 2337 1288 οὐκ
2370 1231 2516 1286 ἔστιν
2551 1230 2724 1284 εἰπεῖν
2768 1228 2878 1296 ὅσῳ
2928 1224 3124 1293 πλήθει
3173 1221 3282 1276 τῶν
3326 1219 3597 1287 δεομένων

2015 1328 2311 1397 ἐξήρκεσεν
2339 1326 2420 1386 είς
2456 1321 2685 1395 τροφὴν,
2708 1318 2845 1374 ἀλλᾶ
2876 1317 2972 1372 καὶ
3003 1316 3159 1379 ὅσους
3187 1312 3328 1367 κατά
3365 1312 3597 1382 μίμησιν

2016 1418 2125 1474 τῶν
2160 1414 2433 1471 πλουσίων
2462 1415 2598 1486 πρὸς
2652 1415 2745 1469 τὸν
2782 1414 2891 1468 τῶν
2917 1411 3189 1476 δεομένων
3228 1407 3377 1463 ἔλεον
3420 1421 3597 1474 παρεο

2018 1509 2264 1564 κάλεσεν.
2300 1507 2456 1561 Ἐπεὶ
2475 1505 2532 1560 δὲ
2560 1505 2660 1560 οὒκ
2687 1504 2794 1559 ἔδει
2824 1502 2922 1574 τὴν
2948 1500 3090 1555 οὕτω
3114 1498 3212 1569 μὲν
3245 1494 3435 1565 ἁγνὴν,
3454 1491 3599 1546 οῦτω

2018 1604 2077 1658 δὲ
2110 1602 2206 1657 καὶ
2240 1601 2340 1669 τὴν
2389 1600 2555 1670 ἄλλην
2590 1600 2810 1656 ἃπασαν
2859 1595 3061 1667 ἀρετὴν
3115 1582 3427 1663 μετιοῦσαν,
3477 1583 3598 1642 εἶτα

2019 1692 2115 1747 καὶ
2171 1694 2309 1764 πρὸς
2348 1692 2596 1746 εὐποιίαν
2644 1690 2825 1761 πολλῷ
2864 1688 3094 1759 ῥέουσαν
3142 1687 3200 1739 ὲν
3241 1681 3599 1753 σκηνώμασιν

2023 1785 2360 1856 ἁμαρτωλῶν
2382 1787 2478 1840 καὶ
2510 1782 2798 1855 βασιλείοις
2837 1781 3028 1842 αὐλαῖς
3060 1779 3358 1837 κατοικεῖν,
3388 1773 3595 1830 ἀνωθεν

2023 1877 2118 1931 καὶ
2160 1876 2317 1930 τοῦτο
2337 1876 2722 1946 οίκονομεῖται.
2751 1874 2862 1928 Καὶ
2885 1873 3138 1928 σκοπεῖτε
3159 1867 3223 1942 δὴ
3261 1866 3359 1938 τὴν
3388 1867 3599 1920 οίκονο-

2027 1966 2157 2038 μίαν
2184 1969 2333 2034 ὅπως
2365 1971 2526 2041 σοφή.

339 2058 462 2112 dam
518 2060 828 2130 egentibus.
875 2060 1014 2116 Cum
1063 2066 1157 2115 aut
1193 2074 1247 2113 ιη
1273 2074 1384 2114 non
1432 2064 1717 2127 oporteret
1768 2070 1909 2122 eam,
1950 2075 2072 2129 qu-n
2105 2074 2226 2119 erat
2272 2064 2413 2120 adeo
2463 2071 2633 2129 casta,
2674 2072 2732 2120 et
2780 2079 2904 2134 qua
2979 2062 3060 2119 sic
3128 2060 3263 2116 alias
3309 2054 3602 2114 exercebat

339 2151 597 2219 virtutes,
646 2160 702 2208 et
735 2168 858 2222 quae
901 2167 1098 2223 magno
1145 2151 1430 2205 ferebatur
1500 2146 1709 2202 fluento
1748 2147 1817 2202 ad
1853 2147 2298 2237 beneficentiam,
2336 2157 2589 2215 habitare
2659 2160 2715 2214 in
2790 2154 3159 2213 tabernaculis
3224 2162 3600 2226 peccatorum.

339 2253 396 2301 et
429 2244 485 2320 in
519 2246 640 2299 aula
676 2245 847 2315 regia,
878 2244 1011 2300 huic
1037 2243 1201 2298 etiam
1235 2241 1313 2298 rei
1346 2239 1673 2310 providetur
1702 2257 1731 2296 a
1760 2240 2000 2310 superis.
2039 2246 2236 2307 Videte
2269 2260 2454 2308 autem
2493 2270 2658 2325 quam
2687 2254 2996 2324 sapienter.

413 2335 551 2392 VIII.
576 2335 671 2389 Dei
697 2344 982 2404 parentem
1013 2333 1274 2388 Davidem
1299 2333 1355 2387 in
1374 2332 1559 2387 animo
1585 2347 1834 2393 versans,
1867 2340 1923 2386 et

343 2427 398 2481 id
429 2425 578 2497 quod
616 2426 705 2479 ille
752 2424 1031 2479 simulavit
1067 2439 1135 2479 eo
1193 2432 1462 2494 tempore,
1498 2435 1608 2488 quo
1644 2421 1850 2492 fugerat
1890 2435 1921 2476 a

344 2518 486 2576 facie
531 2516 683 2588 Saul,
734 2525 792 2571 et
823 2515 1284 2587 quemadmodum
1328 2514 1486 2570 vultu
1538 2529 1638 2568 suo
1686 2520 1917 2578 mutato,

345 2625 405 2665 se
438 2608 595 2663 finxit
627 2623 747 2663 esse
793 2617 990 2663 emotae
1024 2608 1249 2686 mentis,
1300 2614 1357 2663 et
1384 2606 1467 2663 sic
1493 2606 1690 2678 effugit
1722 2619 1920 2660 manus

344 2715 539 2756 eorum
573 2699 668 2771 qui
699 2709 860 2755 erant
886 2715 1016 2756 vere
1057 2699 1405 2774 insipientes,
1446 2708 1502 2755 et
1534 2698 1603 2754 de
1630 2699 1712 2754 eis
1744 2698 1922 2754 erexit

347 2800 470 2864 trop
496 2810 661 2858 zeum,
696 2794 801 2849 tale
825 2793 955 2864 quid
987 2792 1103 2863 ipsa
1131 2806 1350 2862 quoque
1371 2790 1645 2861 excogitat
1665 2799 1721 2846 et
1745 2788 1921 2865 fingit,

2100 2350 2184 2403 H'.
2219 2348 2315 2412 Εἰς
2338 2348 2465 2402 νοῦν
2493 2349 2631 2415 αῦτη
2667 2348 2938 2419 βαλομένη
2962 2345 3051 2401 τὸν
3073 2344 3500 2415 θωπάτορα,καὶ
3532 2342 3600 2407 ἥν

2028 2439 2233 2501 ἐκεῖνος
2257 2438 2526 2509 ὑπεκρίθη
2561 2439 2763 2508 σκηνὴν
2795 2439 2851 2491 ἒν
2894 2436 3074 2507 καιρῷ
3105 2435 3200 2490 τοῦ
3241 2433 3465 2503 φεύγειν
3494 2432 3605 2487 ἀπὸ

2028 2524 2325 2594 προσώπου
2348 2525 2541 2589 Σαοὺλ,
2576 2525 2669 2580 καὶ
2696 2527 2843 2589 ὅπως
2878 2524 3056 2596 ἑαυτῷ
3083 2524 3144 2579 τὸ
3172 2525 3463 2596 πρόσωπον
3505 2523 3604 2576 ἀλ-

2024 2615 2255 2680 λοιώσας
2308 2615 2399 2670 τὸν
2430 2616 2669 2687 ἔκφρονα
2702 2616 2995 2689 ὑπεκρίθη.
3049 2616 3143 2670 καὶ
3187 2614 3330 2669 οὕτω
3365 2614 3462 2677 τὰς
3492 2615 3603 2678 τῶν

2025 2707 2239 2779 ἀληθῶς
2269 2709 2520 2780 ἀφρόνων
2565 2709 2795 2779 ἐξέφυγε
2849 2711 3037 2781 χεῖρας
3060 2750 3075 2773 ,
3108 2708 3204 2762 καὶ
3229 2702 3331 2778 ἦρε
3379 2709 3439 2760 rb
3469 2707 3597 2773 τρό-

2031 2818 2215 2865 παιον,
2250 2800 2465 2855 τοιοῦτο
2483 2802 2546 2870 δή
2585 2819 2638 2857 τι
2667 2804 2761 2856 καὶ
2815 2801 2955 2873 αὐτὴ
2983 2803 3291 2873 μηχανᾶται
3342 2801 3436 2855 καὶ
3472 2800 3604 2853 ὕπο-

345 2886 627 2941 invertens
658 2886 871 2950 oculos,
912 2895 969 2941 et
1021 2885 1248 2940 salivam
1300 2898 1596 2954 cxspuens,
1643 2891 1699 2939 et
1729 2896 1923 2938 manus

2032 2890 2276 2962 κρίνεται
2304 2892 2432 2957 τοὺς
2453 2893 2767 2963 ὀφθαλμοὺς
2790 2893 3206 2964 διαστρέφουσα,
3226 2893 3321 2947 καὶ
3352 2892 3423 2945 τά
3452 2892 3613 2947 σίελα

344 2977 681 3047 percutiens,
724 2986 787 3033 et‘
818 2992 984 3033 voces
1013 2976 1276 3033 emittens
1307 2975 1670 3041 inordinatas,
1717 2982 1775 3030 et
1818 2973 1922 3029 ali-

346 3069 571 3138 quando
637 3069 860 3141 quidem
944 3071 1297 3142 lacrymans,
1379 3067 1676 3138 aliquando
1744 3075 1930 3123 autem

346 3161 540 3217 ridens
583 3161 971 3231 intempestive
1017 3168 1074 3215 et
1126 3161 1408 3216 indecore.
1448 3159 1576 3214 Haec
1626 3172 1753 3214 cum
1777 3155 1932 3213 vide-

345 3252 475 3311 rent
530 3253 569 3308 ii
622 3254 735 3321 qui
761 3262 919 3309 erant
964 3254 1019 3308 in
1064 3252 1235 3323 regia,
1276 3252 1370 3307 alii
1418 3250 1664 3322 quidem,
1697 3249 1929 3305 misere-

348 3346 587 3420 bantur,
648 3345 740 3400 alii
806 3360 947 3399 vero
1017 3343 1187 3399 etiam
1253 3343 1623 3406 mirabantur,
1674 3339 1928 3396 nonnulli

345 3447 530 3493 autem
611 3435 775 3491 simul
833 3443 890 3490 et
960 3433 1344 3490 misericordia
1425 3432 1823 3496 movebantur,
1873 3440 1932 3487 et

347 3527 670 3600 stupebant.
700 3525 858 3593 Quod
904 3525 1129 3596 quidem
1170 3540 1294 3581 cum
1339 3523 1606 3580 audiisset
1659 3521 1930 3578 crudelis-

349 3621 529 3677 simus
594 3619 891 3690 praefectus
943 3617 1013 3673 ab
1062 3617 1250 3688 aliquo
1299 3632 1375 3673 .ex
1428 3616 1497 3671 iis
1543 3614 1638 3687 qui
1695 3615 1747 3670 ei
1798 3613 1931 3670 assi-

344 3714 573 3777 debant,
614 3720 673 3769 et
706 3712 938 3768 vidisset
968 3710 1134 3767 etiam
1170 3709 1224 3765 id
1247 3709 1394 3779 quod
1427 3708 1614 3774 fiebat,
1644 3705 1799 3763 visus
1844 3715 1929 3763 est

345 3806 533 3863 dolere
564 3813 631 3862 et'
653 3805 840 3860 animo
877 3818 1018 3875 aegre
1052 3804 1215 3858 ferre.
1248 3801 1384 3856 Nam
1413 3808 1545 3855 tunc
1566 3802 1722 3871 virgo
1756 3798 1928 3854 maxi-

348 3914 436 3954 me
480 3899 735 3955 morbum
773 3896 1088 3961 simulabat,
1126 3893 1350 3966 quando
1388 3893 1684 3964 praafectus
1718 3893 1774 3946 in
1804 3905 1926 3946 eam

349 3991 677 4058 coniecisset
716 3990 929 4046 oculos.
962 3987 1122 4046 Unde
1154 3987 1321 4043 etiam
1354 3985 1553 4041 timore
1583 3982 1838 4046 afﬁcitur,
1873 3989 1929 4037 et

348 4082 405 4138 ci
432 4082 614 4152 plures
644 4083 869 4138 adhibet
900 4080 1180 4153 custodes,
1212 4094 1280 4134 ne
1307 4078 1537 4133 absente
1567 4076 1925 4146 imperatore,

350 4170 567 4243 aliquid
590 4174 641 4227 ei
670 4190 845 4244 gravet
864 4173 1172 4237 accederet,
1200 4180 1256 4226 et
1285 4184 1345 4225 se
1382 4168 1641 4224 deorsum
1680 4165 1929 4236 praecipi-

2032 2984 2434 3055 παραπτύουσα
2488 2985 2679 3057 χεῖράς
2739 3003 2800 3039 τε
2856 2985 3129 3056 κροτοῦσα
3185 2985 3280 3039 καὶ
3336 2985 3609 3047 ἀτάκτους

2030 3076 2251 3145 ἀφιεῖσα
2283 3075 2490 3145 φωνὰς,
2533 3078 2626 3132 καὶ
2655 3076 2785 3132 ποτὲ
2819 3077 2919 3148 μὲν
2947 3076 3234 3143 κλαίουσα,
3264 3076 3394 3131 ποτὶ
3424 3077 3482 3132 δὲ
3508 3078 3606 3131 καὶ

2028 3166 2243 3235 γελῶσα
2282 3170 2378 3222 σὺν
2401 3168 2575 3223 οὐδενὶ
2596 3168 2773 3239 καιρῷ
2799 3186 2857 3223 τε
2881 3168 2977 3224 καὶ
3003 3167 3211 3237 κόσμῳ.
3264 3166 3451 3222 Ταῦτα
3498 3166 3611 3221 τῶν

2028 3259 2088 3313 ὲν
2118 3260 2229 3322 τοῖς
2270 3257 2565 3329 βασιλείοις
2596 3259 2851 3330 ὁρώντων
2876 3258 3003 3320 τοὺς
3033 3256 3132 3328 μὲν
3164 3251 3364 3321 οἷκτος,
3393 3254 3520 3319 τοὺς
3550 3256 3609 3309 δὲ

2029 3350 2123 3405 καὶ
2154 3350 2338 3421 θαῦμα
2388 3350 2582 3421 εἰσῄει,
2636 3350 2752 3405 ἔστι
2802 3349 2859 3403 δὲ
2905 3348 3002 3411 οὓς
3026 3348 3117 3403 καὶ
3147 3346 3435 3420 ἀμφότερα
3459 3346 3609 3411 ἔλεος

2028 3438 2166 3511 ὁμοῦ
2198 3459 2259 3495 τε
2309 3443 2406 3495 καὶ
2454 3440 2738 3512 ἔκπληξις.
2774 3440 2954 3511 Ὅπερ
2987 3437 3081 3495 οῦν
3113 3441 3208 3495 καὶ
3240 3441 3270 3494 ό
3321 3440 3614 3509 ὠμότατος

2026 3530 2320 3602 τὴνψυχὴν
2340 3532 2523 3603 ἀρχων
2554 3534 2763 3597 ἐκεῖνος
2787 3534 2938 3603 παρά
2965 3550 3059 3588 του
3082 3533 3193 3586 τῶν
3220 3533 3608 3603 προσεδρευόνυ

2026 3640 2137 3678 των
2165 3622 2300 3694 αὐτῇ
2322 3623 2645 3692 πυθόμενος,
2679 3623 2815 3679 ἀλλά
2846 3624 2910 3695 δὴ
2937 3626 3032 3679 καὶ
3063 3624 3182 3694 ὕψει
3208 3623 3336 3689 δοὺς
3357 3626 3416 3678 τδ
3449 3625 3600 3691 γινό-

2032 3731 2191 3786 μενον
2237 3714 2420 3784 ἀλγεῖν
2465 3716 2627 3786 ἐῴκει
2691 3716 2784 3770 καὶ
2845 3715 3207 3771 παθαίνεσθαι
3255 3718 3356 3786 τὴν
3382 3716 3599 3788 ψυχήν·

2028 3807 2151 3861 ἐπεὶ
2183 3808 2277 3861 καὶ
2308 3807 2425 3861 τότε
2453 3807 2684 3876 μάλιστα
2735 3806 2978 3879 σφοδρῶς
3015 3810 3047 3878 ἠ
3094 3808 3303 3879 μάρτυς
3331 3807 3603 3879 ύπεκρίθη

2025 3899 2087 3955 τὸ
2124 3899 2313 3963 πάθος,
2340 3900 2460 3953 τότε
2488 3899 2554 3971 δὴ
2588 3901 2681 3953 καὶ
2700 3900 2729 3954 ό
2760 3899 2945 3971 ἄρχων
2965 3898 3094 3964 τοὺς
3122 3899 3434 3970 ὀφθαλμοὺς
3460 3900 3600 3971 αὐτῇ

2027 3989 2399 4061 ἐπιϐεϐληκώς
2428 3987 2685 4063 ἦν.Ὅθεν
2710 3992 2806 4045 καὶ
2830 3991 3085 4064 περιδεὴς
3121 3992 3326 4060 γίνεται
3357 3994 3450 4047 καὶ
3484 3994 3608 4047 πο).-

2026 4083 2151 4146 λοὺς
2184 4082 2468 4152 ἐφίστησιν
2497 4082 2634 4153 αὐτῇ
2674 4081 2917 4151 φύλακας
2952 4085 3025 4152 μή
3053 4099 3108 4136 τι
3143 4082 3238 4136 καὶ
3264 4082 3424 4137 πάθοι
3450 4083 3609 4154 βασι-

2026 4172 2165 4237 λέως
2205 4174 2435 4236 ἀπόντος
2463 4173 2632 4227 δεινὸν
2658 4174 2752 4227 καὶ
2790 4173 2927 4228 κατά
2967 4173 3215 4243 κρημνοῦ
3245 4174 3442 4244 ἑαυτὴν
3469 4174 3607 4228 ώθιο

350 4275 505 4331 tans,
522 4262 739 4319 veniret
770 4266 824 4319 in
858 4264 1191 4336 periculum.
1235 4261 1531 4332 Postquam
1566 4266 1751 4314 autem
1787 4256 1923 4312 mul-

2036 4262 2246 4332 σαμένη
2276 4261 2526 4316 κινδύνου
2549 4261 2807 4333 πρόξενος
2836 4261 2986 4333 αὐτῷ
3010 4265 3278 4334 καταστῇ.
3329 4263 3482 4317 Ἐπεὶ
3512 4264 3609 4320 οῦν

351 4367 468 4411 tum
500 4355 771 4425 temporis
797 4357 1096 4410 contritum
1122 4359 1207 4409 est
1230 4369 1260 4408 a
1287 4351 1636 4416 custodibus;
1666 4348 1763 4405 illa
1789 4363 1925 4403 vero

350 4462 518 4521 quam
568 4454 908 4517 susceperat,
960 4461 1251 4519 personam
1301 4460 1416 4500 non
1464 4441 1794 4507 dimittebat,
1828 4438 1928 4494 sed

350 4538 611 4611 prudenti
647 4538 944 4593 admodum
993 4536 1325 4608 cogitatione
1362 4532 1659 4590 simulabat
1711 4546 1770 4586 se
1804 4544 1927 4585 esse

352 4633 705 4703 insipientem
733 4648 747 4686 :
781 4639 838 4687 et
861 4629 1094 4686 molesta
1124 4638 1244 4686 erat
1274 4628 1344 4685 iis
1373 4626 1469 4698 qui
1501 4640 1623 4681 eam
1650 4622 1931 4678 custodie-

354 4722 506 4785 bant,
570 4736 769 4778 eorum
836 4721 1059 4792 quidem
1128 4735 1335 4778 vexans
1401 4732 1565 4774 aures
1629 4714 1930 4771 inconditis

351 4814 607 4880 vocibus,
656 4813 841 4869 stultis
888 4821 1068 4868 autem
1103 4809 1289 4879 ﬁguris
1322 4824 1517 4865 eorum
1571 4807 1747 4863 oculis
1794 4807 1929 4862 atre-

354 4921 487 4962 rens
566 4906 913 4970 molestiam,
965 4913 1022 4960 et
1096 4916 1495 4971 nonnunquam
1546 4901 1628 4956 eis
1671 4914 1925 4955 somnum

355 4998 605 5054 adimens
639 4997 990 5063 clamoribus,
1023 5004 1079 5052 et
1115 4997 1198 5051 eis
1232 4994 1458 5050 omnino
1506 4993 1813 5050 molestiam
1847 4991 1930 5047 af-

355 5090 558 5157 ferens,
589 5105 699 5145 non
724 5092 902 5145 solum
937 5090 1023 5144 vel
1052 5089 1211 5144 inviti
1241 5102 1361 5143 eam
1393 5086 1618 5141 mittunt
1646 5084 1712 5140 ad
1743 5085 1928 5141 Chris-

356 5181 557 5250 tianos,
606 5181 755 5251 quod
837 5180 1061 5250 quidem
1110 5196 1174 5235 ea
1214 5178 1423 5250 jamdiu
1493 5176 1772 5244 cupiebat,
1832 5173 1931 5229 sed

356 5273 522 5329 etiam
569 5272 834 5336 fatentur,
877 5270 1006 5325 licet
1037 5271 1307 5343 nolentes,
1351 5264 1787 5322 Christianorum
1830 5279 1932 5336 po-

357 5366 609 5422 tentiam.
638 5362 978 5419 Acccdcntes
1005 5361 1151 5417 enim
1183 5358 1251 5413 ad
1273 5358 1614 5422 eunuchum,
1638 5356 1933 5412 vehemen-

361 5468 446 5514 ter
497 5456 784 5527 rogabant,
851 5466 1011 5512 utea
1069 5454 1381 5508 mitteretur
1439 5451 1506 5505 ad
1564 5450 1927 5506 Christianos.

361 5549 522 5603 Forte
559 5546 706 5602 enim
769 5546 1047 5610 dicebant,
1107 5553 1169 5599 ut
1222 5550 1279 5598 et
1326 5542 1429 5614 ipsi
1483 5543 1858 5597 liberarentur
1900 5558 1931 5596 a

360 5639 504 5695 malo
541 5653 648 5692 non
685 5637 980 5702 tolerabili,
1015 5646 1070 5692 et
1116 5637 1207 5691 illa
1234 5637 1304 5691 ab
1344 5637 1477 5706 ipsis
1505 5650 1667 5705 quam
1694 5635 1932 5706 primum

363 5740 670 5788 curaretur.
727 5730 865 5786 Sunt
933 5730 1102 5797 enim,
1155 5729 1435 5796 dicebant,
1494 5727 1637 5796 apud
1692 5742 1791 5783 nos
1842 5729 1933 5782 alii

2025 4355 2218 4426 χρόνος
2262 4354 2360 4425 μὲν
2408 4355 2521 4417 τοῖς
2558 4354 2791 4424 φύλαξιν
2856 4354 3046 4427 ὲτρίὸη
3097 4357 3311 4426 συχνὸς,
3347 4357 3381 4427 ἡ
3408 4356 3465 4412 δὲ
3505 4357 3609 4427 τὴν

2031 4446 2235 4516 σκηνὴν
2290 4445 2392 4499 οὐκ
2427 4445 2637 4512 ἔλυσεν,
2691 4445 2830 4500 ἀλλὰ
2879 4447 3020 4501 πάνυ
3076 4429 3333 4517 σώφρονι¹
3362 4449 3611 4519 λογισμῷ

2030 4539 2410 4607 προσεποιεῖτο
2440 4537 2774 4609 τδνᾶφρονα,
2797 4534 2866 4611 ἦν
2901 4539 2954 4599 δὲ
2984 4541 3077 4593 καὶ
3107 4541 3218 4603 τοῖς
3248 4540 3611 4608 φυλάττουσιν

2030 4629 2238 4702 ὀχληρά
2270 4629 2368 4702 τὴν
2390 4630 2489 4700 μὲν
2510 4631 2680 4702 ἀκοὴν
2695 4629 2874 4685 αὐτῶν
2898 4631 3135 4700 ἀσήμοις
3160 4631 3408 4686 λυποῦσα
3435 4650 3612 4704 κραυο

2030 4725 2179 4792 γαῖς,
2221 4725 2464 4795 σχήμασι
2486 4724 2543 4778 δὲ
2566 4724 2911 4796 παραφόροις
2943 4724 3134 4796 ἀηδίαν
3178 4727 3292 4789 τοῖς
3311 4726 3613 4797 ὀφθαλμοῖς

2033 4815 2405 4886 ἐμϐάλλουσα,
2438 4814 2552 4868 ἐστι
2577 4814 2622 4869 δ’
2651 4816 2740 4869 ὅτε
2766 4817 2859 4870 καὶ
2888 4816 2978 4869 τόν
3005 4815 3175 4869 ὕπνον
3195 4818 3317 4879 ταῖς
3342 4821 3621 4886 κραυγαῖς

2031 4904 2363 4976 ἀφαιροῦσα,
2386 4905 2480 4981 κοαὶ
2508 4905 2642 4969 ὅλως
2670 4903 2738 4977 ἢν
2762 4905 2945 4971 αὐτοῖς
2974 4907 3215 4978 λυπηρὰ,
3238 4908 3300 4962 ού
3329 4911 3490 4980 μόνον
3513 4915 3611 4967 καὶ

2033 4996 2258 5060 ἄκοντες
2288 4995 2459 5067 αὐτὴν
2488 4996 2624 5066 πρὸς
2651 4998 3009 5066 Χριστιανοὺς
3062 4999 3393 5069 πέμπουσιν,
3446 4996 3507 5057 οῦ
3544 5005 3609 5075 δὴ

2036 5091 2131 5144 καὶ
2174 5091 2238 5143 ὲκ
2270 5089 2464 5143 πολλοῦ
2506 5089 2638 5160 ἦρα,
2668 5088 2804 5142 ἀλλὰ
2846 5088 2941 5144 καὶ
2972 5091 3071 5162 τὴν
3118 5092 3231 5146 τῶν
3268 5093 3612 5161 Χριστιανῶν

2037 5181 2264 5253 δύναμιν
2305 5181 2625 5251 ὁμολογοῦσι
2657 5183 2752 5235 καὶ
2802 5184 2875 5252 μὴ
2905 5183 3240 5255 βουλόμενοι.
3278 5188 3610 5259 Προσελθόν-

2036 5290 2128 5341 τες
2158 5273 2263 5342 γάρ
2316 5273 2393 5345 τῷ
2445 5272 2686 5343 εὐνούχῳ
2712 5271 2897 5343 ἠξίουν
2928 5275 3071 5345 μάλα
3103 5276 3323 5347 θερμῶς
3367 5280 3447 5343 είς
3480 5281 3614 5350 Χρι-

2040 5364 2288 5427 στιανοὺς
2314 5364 2699 5434 ἐκπεμφθῆναι
2738 5367 2973 5436 ταύτην*
3010 5367 3206 5432 αὐτούς
3234 5387 3294 5422 τε
3326 5372 3435 5440 γὰρ
3476 5371 3609 5443 ἔφη·

2041 5472 2139 5510 σαν
2160 5453 2408 5523 καμάτου
2430 5454 2916 5526 ἀπαλλαγήσασθαι
2938 5457 3119 5511 οὐκέτι
3141 5457 3401 5530 φορητοῦ,
3426 5463 3614 5516 κάκει-

2038 5563 2135 5616 νην
2168 5547 2242 5610 ὡς
2272 5546 2499 5617 τάχιστα
2534 5547 2850 5617 ίαθήσεσθαι
2904 5549 3041 5619 πρὸς
3082 5550 3283 5603 αὐτῶν.
3319 5551 3443 5605 Εἰσὶ
3480 5554 3608 5623 γὰρ,

2039 5633 2215 5704 εἷπον,
2248 5639 2377 5709 παρ’
2409 5638 2593 5699 αὐτοῖς
2616 5639 2707 5691 καὶ
2740 5639 2890 5693 ἄλλοι
2929 5640 3025 5711 τὴν
3077 5639 3270 5710 μανίαν
3298 5643 3435 5712 αὐτῇ
3465 5661 3609 5712 παρ·

2039 5729 2249 5800 όμοιοι,
2289 5730 2379 5796 οὓς
2431 5732 2527 5786 οὐκ
2569 5726 2683 5786 οἶδα
2728 5731 2826 5801 μὲν
2894 5732 3062 5800 ὅπως,
3102 5732 3383 5802 σώφρονας
3437 5737 3615 5789 ποιεῖν
