4126 6382
354 361 491 423 1040
575 349 579 353 ’

1453 361 1631 421 νΙΤΑ
1673 359 1773 421 SS.
1821 357 2032 418 INDE
2071 359 2167 420 ΕΤ
2201 358 2505 420 ὒΟΜΝίΕ.

3470 354 3606 414 1υ50

345 477 496 546 ὅμως
520 477 612 528 καὶ
642 475 889 543 ὑγιάζειν
924 476 1192 544 λέγονται.
1242 475 1411 528 Τοῦτο
1434 477 1629 529 ἐκεῖνοι
1659 475 1758 543 μὲν
1783 475 1920 544 ὑπὲρ

2027 491 2250 546 quoque
2280 477 2330 532 ei
2365 474 2580 530 insania
2617 472 2828 528 similes
2881 485 3039 542 quos,
3067 469 3341 526 nescimus
3372 483 3608 538 quomo~

346 566 558 619 ἐαυτῶν
588 566 798 636 ᾔτησαν
831 567 1105 638 ὀχλήσεως
1127 565 1299 638 δήπου
1330 569 1511 636 πάσης
1543 567 1923 634 ἀπαλλαγῆναι

343 655 687 724 γλιχόμενοιο
727 657 756 708 ὁ
783 657 840 709 δὲ
888 657 1020 720 Θεὸς
1071 659 1131 710 τὸ
1182 662 1248 729 τῇ
1309 659 1559 727 παρθένῳ
1600 658 1687 711 διὰ
1721 658 1922 727 πολλῆς

343 747 595 817 ὑπάρχειν
655 747 952 816 ἐπιθυμίας
1015 749 1264 818 χωρῆσαι
1327 749 1461 819 αὐτῇ
1520 752 1660 801 κατὰ
1698 747 1922 818 γνώμην

345 839 782 908 παρασκευάζει·
826 839 1112 893 ἐλάνθανον
1144 841 1272 911 γὰρ,
1298 844 1356 895 τὸ
1402 842 1494 894 τοῦ
1544 841 1726 909 λόγου,
1756 842 1922 896 ἵππον

342 931 423 994 εἰς
461 931 647 984 πεδίον
666 933 906 995 ἀνέντες,
937 933 1031 986 καὶ
1051 933 1270 1001 δελφῖνα
1297 934 1420 987 καθ’
1455 933 1666 998 ὓδατος.
1706 934 1921 987 Ἀκούει

341 1022 515 1075 ταῦτα
545 1023 573 1074 ὁ
594 1022 799 1091 ἄρχων,
835 1025 928 1076 καὶ
953 1024 1016 1096 δὴ
1046 1025 1137 1077 καὶ
1170 1025 1332 1088 αὐτὸς
1363 1025 1619 1095 ἀνεθῆναι
1658 1025 1756 1094 τῆς
1792 1026 1922 1094 περὶ

343 1113 515 1183 αὐτὴν
553 1114 836 1183 φροντίδος
863 1116 1000 1185 ἐρῶν
1025 1117 1115 1168 τὸν
1140 1116 1293 1184 ἅγιον
1323 1117 1750 1186 εύθὺςἋνθιμον
1781 1118 1921 1185 (ἐπί-

345 1220 546 1266 σκοπος
575 1207 631 1258 δὲ
676 1199 830 1269 οὗτος
873 1208 993 1260 τότε
1045 1207 1407 1278 Νικομηδείας
1463 1210 1598 1279 μετὰ
1654 1209 1920 1278 Κύριλλον

340 1291 431 1363 ἦν)
461 1298 900 1366 μεταστέλλεται.
934 1297 1034 1362 ⁸⁵ος
1063 1300 1157 1353 καὶ
1187 1299 1472 1371 παρελθὼν
1500 1300 1662 1362 εὐθὺς
1697 1301 1791 1352 καὶ
1823 1299 1919 1352 ἅτε

340 1387 522 1440 λαϐὼν
553 1389 616 1444 ἐκ
665 1388 802 1441 Θεοῦ
847 1390 916 1442 τὰ
956 1392 1014 1443 ἐν
1047 1392 1204 1462 μυχῷ
1246 1393 1472 1463 καρδίας
1497 1391 1723 1454 εἰδέναι,
1757 1391 1920 1458 γινώ-

343 1498 464 1535 σκει
505 1500 564 1536 τε
586 1485 653 1537 τὰ
683 1483 827 1538 κατὰ
852 1485 953 1555 τὴν
983 1486 1249 1558 παρθένον
1278 1486 1354 1556 τῷ
1380 1487 1649 1556 πνεύματι
1679 1487 1772 1538 καὶ
1797 1485 1918 1539 ὅσον

340 1573 477 1644 αὐτῇ
516 1575 728 1645 φρενῶν
763 1576 924 1646 βάθος
949 1577 1052 1631 ὑπὸ
1083 1579 1364 1648 πλάσματι
1390 1579 1489 1648 τῆς
1519 1563 1730 1648 μωρίας
1753 1579 1919 1647 ἐκρύ-

341 1680 509 1716 πτετο
554 1665 804 1730 συνιδὼν,
841 1667 1006 1729 αὐτὸς
1071 1667 1173 1738 μὲν
1206 1668 1428 1736 σιωπῶν
1458 1668 1734 1740 εἱστήκει,
1761 1669 1853 1720 καὶ
1883 1668 1916 1737 ἡ

341 1754 610 1826 παρθένος
644 1757 701 1809 δὲ
735 1757 934 1828 ὁμοίως
964 1759 1149 1813 ίδοῦσα
1204 1759 1296 1812 τὸν
1341 1761 1600 1831 ίεράρχην
1652 1760 1804 1814 οὐδὲν
1833 1759 1914 1812 ἔτι

2032 568 2102 622 do
2145 568 2404 623 dicuntur
2437 583 2653 630 sanare,
2695 575 2750 620 et
2800 565 2983 619 facere
3024 572 3083 617 ut
3121 564 3231 618 sint
3269 577 3413 616 sana:
3453 577 3606 615 men-

2033 662 2120 726 tis,
2173 660 2287 715 Hoc
2323 661 2399 714 illi
2457 660 2679 728 quidem
2705 674 2802 728 pro
2855 672 2913 712 se
2964 655 3264 725 petierunt,
3320 652 3606 722 cupientes

2031 753 2251 807 liberari
2292 753 2359 806 ab
2391 753 2539 805 omni
2579 752 2850 812 molestia;
2895 748 3038 802 Deus
3089 757 3270 801 autem
3329 747 3402 806 id,
3455 747 3602 815 quod

2029 847 2180 916 virgo
2229 845 2474 912 impense
2525 843 2803 911 cupiebat,
2857 841 2985 895 facit
3041 849 3095 894 ut
3134 840 3186 894 ei
3233 839 3493 893 succedat
3537 854 3603 891 ex

2029 940 2110 991 sui
2143 936 2308 990 animi
2351 935 2645 991 sententia.
2687 933 3017 987 Nesciebant
3073 932 3221 986 enim
3259 946 3340 996 se,
3376 942 3435 983 ut
3465 931 3606 984 dici-

2031 1039 2138 1094 tur,
2180 1043 2383 1098 equum
2414 1026 2470 1080 in
2513 1039 2767 1096 campum
2816 1024 3136 1084 immittere,
3176 1029 3234 1076 et
3277 1021 3602 1091 delphinum

2026 1120 2085 1173 in
2130 1135 2349 1189 aquam.
2402 1118 2569 1172 Audit
2602 1118 2718 1172 haec
2755 1115 3070 1188 praefectus,
3116 1123 3172 1168 et
3205 1113 3434 1182 cupiens
3488 1113 3605 1182 ipse

2026 1228 2245 1282 quoque
2278 1212 2501 1275 liberari
2538 1212 2642 1265 hac
2678 1211 2796 1279 ejus
2827 1224 2976 1269 cura,
2997 1207 3187 1262 statim
3221 1215 3468 1261 sanctum
3496 1207 3608 1260 An-

2029 1298 2263 1358 thimum
2295 1304 2432 1373 (crat
2461 1311 2644 1358 autem
2675 1302 2766 1357 hic
2800 1311 2930 1355 tunc
2953 1299 3286 1354 Nicomediae
3312 1300 3608 1368 episcopus

2027 1405 2148 1466 post
2171 1371 2470 1466 Cyrillum)
2501 1394 2753 1448 accersit.
2787 1392 2888 1458 Qui
2917 1408 3042 1446 cum
3065 1389 3244 1444 statim
3263 1390 3606 1456 accessisset,
3657 1371 3677 1434 ί

2025 1497 2189 1552 etut,
2239 1485 2400 1555 quia
2452 1485 2562 1538 Deo
2612 1482 2916 1550 accepisset
2961 1479 3215 1534 notitiam
3249 1494 3440 1533 eorum
3485 1495 3609 1548 qua:

2025 1589 2184 1637 erant
2229 1579 2283 1632 in
2332 1576 2607 1647 profundo
2657 1575 2864 1638 cordis,
2915 1573 3114 1642 spiritu
3185 1572 3472 1640 cognoscit
3538 1570 3607 1624 de

2025 1671 2261 1737 virgine;
2293 1677 2347 1723 et
2391 1682 2540 1728 cum,
2570 1679 2734 1734 quam
2771 1662 3042 1732 profunda
3080 1661 3351 1730 sapientia
3383 1663 3484 1715 sub
3529 1661 3604 1714 si~

2025 1761 2328 1817 mulatione
2386 1757 2630 1813 stultitiae
2681 1756 2896 1818 lateret,
2931 1753 3312 1816 intellexisset,
3344 1752 3458 1819 ipse
3482 1750 3608 1820 qui-

340 1845 657 1915 παράφορον
687 1846 718 1917 ἢ
747 1849 972 1916 μανικὸν
998 1850 1304 1912 ἐπεδείκνυ,
1334 1852 1449 1904 ἀλλ’
1501 1851 1690 1920 ὥσπερ
1724 1850 1790 1903 ἂν
1823 1855 1914 1903 καὶ

2026 1853 2144 1908 dem
2178 1861 2364 1906 tacens
2395 1849 2662 1912 constitit;
2702 1846 2856 1919 virgo
2920 1860 3050 1899 vero
3087 1859 3210 1898 cum
3243 1842 3496 1896 similiter
3525 1842 3607 1894 vi-

340 1936 509 2006 αύτὴν
535 1938 745 1992 ἐκείνου
775 1938 874 2010 τὴν
920 1939 1042 2010 ὄψιν
1068 1941 1450 2012 δυσωπηθεῖσα
1497 1943 1558 1994 τδ
1585 1941 1723 2010 μετὰ
1746 1941 1917 1995 ταῦτα

341 2030 636 2097 σωφρόνως
663 2026 776 2101 εἷχε
809 2032 900 2085 καὶ
920 2033 1210 2104 γαληνίως,
1243 2033 1318 2096 ὡς
1341 2035 1435 2086 καὶ
1465 2035 1658 2097 αὐτοὺς
1685 2034 1918 2105 ἐκπλήτ-

338 2119 528 2173 τεσθαι
557 2124 684 2185 τοὺς
740 2126 1014 2194 παρόντας
1063 2126 1542 2196 ἐπιλογιζομένους
1573 2127 1695 2181 ὅσον
1729 2127 1917 2196 ἴσχυσε

337 2211 432 2263 καὶ
455 2211 617 2278 μόνον
643 2214 869 2283 εὐσεϐὴς
894 2215 1081 2284 ὀφθεὶς
1105 2217 1405 2285 ὀφθαλμός.
1457 2217 1521 2273 Ὀ
1561 2219 1658 2287 μὲν
1698 2214 1790 2271 οῦν
1816 2219 1916 2288 ἇρο

336 2320 449 2372 χων
486 2304 821 2374 παραλαϐεῖν
839 2307 930 2360 τὸν
955 2309 1256 2363 ἐπίσκοπον
1300 2309 1397 2380 τὴν
1428 2309 1698 2379 παρθένον
1723 2311 1877 2378 ⁴ἠξίου
1899 2328 1912 2340 ·

338 2395 440 2449 σὺν
469 2395 640 2469 ταύτῃ
667 2397 721 2449 δὲ
749 2398 842 2449 καὶ
870 2399 960 2451 τὸν
993 2401 1169 2470 Ἶνδην
1194 2401 1287 2453 καὶ
1318 2401 1668 2470 ἀμφοτέρους
1701 2401 1914 2473 φυλακῇ

335 2488 520 2542 δοῦναι
565 2491 852 2562 πρεπούσῃ
889 2493 1038 2562 παρὰ
1101 2511 1206 2546 τινι
1239 2495 1346 2546 τῶν
1380 2497 1544 2547 οἴκων
1578 2495 1689 2548 τῶν
1723 2497 1912 2565 ίερῶνο

337 2579 434 2633 καὶ
459 2581 718 2650 χρήματα
756 2581 813 2634 δὲ
859 2585 1264 2654 συμπαρεδίδου
1299 2587 1366 2640 τά
1391 2603 1454 2653 γε
1482 2589 1562 2649 εἰς
1591 2587 1796 2658 τροφὴν
1825 2589 1917 2640 καὶ

340 2672 526 2742 χρείαν
553 2673 805 2741 σώματος
858 2674 1038 2731 ίκανά.
1082 2675 1145 2728 Ὃ
1190 2676 1246 2729 δὲ
1274 2677 1500 2741 τούτους
1535 2679 1634 2748 μὲν
1674 2679 1766 2731 καὶ
1795 2678 1918 2731 λίαν

337 2763 609 2833 ἀσμένως,
640 2766 700 2817 οὐ
729 2766 836 2838 μὴν
870 2766 1089 2831 ἐδέξατο
1113 2769 1210 2822 καὶ
1239 2769 1306 2821 τὰ
1330 2772 1611 2841 χρήματα,
1635 2771 1750 2824 ἀλλ’
1774 2772 1918 2824 ἐκεί-

337 2868 414 2920 νῳ
450 2855 771 2926 ἀσκητηρίῳ
827 2857 934 2908 τινὶ
999 2857 1362 2927 παρέπεμψεν
1412 2861 1513 2913 οὐκ
1559 2860 1703 2912 ἐστιν
1743 2862 1918 2914 εἰπεῖν

338 2945 461 2999 ὅσον
489 2945 783 3016 ἡδομένους
810 2948 905 3002 ἅτε
959 2952 1102 3004 κατᾶ
1144 2951 1270 3004 νοῦν
1306 2953 1487 3015 αὐτοῖς
1527 2953 1770 3024 ἐκϐάσης
1819 2957 1918 3024 τῆς

341 3037 704 3106 μεταθέσεως.

385 3225 442 3278 Θ⁹
471 3259 488 3276 .
509 3215 620 3276 Ἦν
643 3219 700 3274 δὲ
719 3221 838 3276 τότε
871 3221 967 3275 καὶ
994 3221 1137 3286 Meg.
1149 3223 1325 3292 μιανῷ
1354 3223 1592 3293 τρόπαια
1621 3225 1763 3279 κατὰ
1818 3228 1928 3282 τῶν

336 3312 596 3369 ἐναντίων
607 3312 1028 3383 ἐξειργασμένα,
1041 3314 1134 3367 τοῦ
1151 3315 1286 3368 Θεοῦ
1299 3315 1464 3370 αὐτοῦ
1479 3318 1656 3385 σοφῶς
1674 3337 1745 3372 πα
1751 3327 1930 3390 pavo!-

337 3420 527 3472 γοντος
541 3404 638 3474 τὴν
652 3405 790 3473 πρὸς
803 3406 1076 3476 σωτηρίαν
1089 3407 1229 3472 ὁδὸν,
1247 3408 1332 3460 ἵνα
1356 3400 1648 3480 οὗτινοςχει
1659 3410 1709 3480 pi
1726 3429 1929 3482 κατορ-

338 3496 526 3551 θοῦται
549 3494 721 3550 ταῦτα
743 3496 985 3568 ζητήσας
1013 3498 1314 3566 ἐπιγνῶναι
1339 3499 1438 3571 τὴν
1474 3501 1752 3568 ἀλήθειαν.
1787 3504 1927 3557 Ἀλλ’

337 3591 544 3652 ἐκεῖνος
558 3589 886 3658 τυφλώττων
904 3591 1151 3661 ἀκριϐῶς
1169 3593 1228 3644 ἐν
1259 3592 1772 3666 τούτοιςέπικουρίᾳ
1790 3597 1929 3650 θεῶν

337 3680 703 3751 ψευδωνύμων
727 3680 826 3751 τὴν
856 3681 1014 3752 νίκην
1036 3683 1360 3754 ἐπιγράφων
1388 3681 1477 3754 ἦν,
1534 3687 1629 3739 καὶ
1675 3687 1929 3740 τοσοῦτον

338 3773 562 3841 ἀπεῖχεν
585 3770 776 3840 ἀληθεῖ
791 3772 1022 3843 Θεῷῖτὴν
1048 3774 1207 3843 χάριν
1227 3775 1533 3843 ὁμολογεῖν,
1555 3777 1678 3830 ὅσον
1706 3780 1801 3831 καὶ
1819 3779 1930 3831 θεο-

341 3863 534 3930 μαχεῖν
553 3860 815 3928 ἠπείγετο
832 3862 930 3914 καὶ
948 3863 1116 3916 τᾶλλα
1131 3865 1360 3933 δεύτερα
1375 3865 1484 3928 θεὶς
1513 3867 1767 3934 ἐκθύμως
1786 3869 1927 3922 κατὰ

341 3951 683 4021 Χριστιανῶν
713 3953 1000 4020 ὡπλίζετο,
1034 3955 1225 4026 ἑορτάς
1250 3973 1309 4008 τε
1342 3958 1453 4018 τοῖς
1469 3957 1685 4024 δαίμοσι
1717 3962 1811 4013 καὶ
1831 3963 1926 4014 θυ-

345 4043 467 4108 σίας
500 4045 788 4110 ἐπιτελῶν,
821 4046 926 4099 κᾶν
955 4045 1024 4098 τὰ
1048 4046 1239 4116 πρῶτα
1271 4048 1371 4117 τὴν
1401 4049 1696 4118 ἀλωπεκῆν
1727 4051 1928 4115 ὑποδὺς

344 4134 538 4206 δώροις
567 4153 628 4188 τε
658 4139 755 4190 καὶ
786 4139 974 4204 τιμαῖς
1003 4137 1320 4190 ὑπεποιεῖτο
1348 4138 1408 4190 τὸ
1432 4138 1638 4208 πλῆθος
1669 4143 1760 4193 καὶ
1789 4143 1928 4210 ἀφα-

345 4226 440 4296 νὴς
481 4221 622 4279 εἶναι
653 4227 750 4296 τὴν
773 4227 972 4279 κακίαν
1001 4225 1284 4294 ἠϐούλετο.
1329 4225 1570 4296 Θέατρον
1623 4225 1715 4280 οὖν
1761 4229 1926 4281 πολυ-

341 4317 759 4388 ανθρωπότατον
799 4317 948 4386 αύτῷ
977 4316 1377 4387 συνηθροίζετο,
1403 4319 1498 4371 καὶ
1542 4320 1572 4371 ὁ
1597 4318 1746 4387 ἀγὼν
1776 4315 1928 4382 οὗτος

342 4410 478 4479 πρὸς
502 4409 864 4478 Χριστιανοὺς
891 4411 952 4464 οὐ
970 4409 1132 4479 δῆλος
1155 4406 1223 4481 ἦν
1245 4409 1364 4462 κατ’
1393 4409 1516 4478 ὄψιν
1548 4413 1732 4473 αὐτοῖς
1779 4429 1926 4464 συνιο

347 4478 636 4569 στᾶμενος,
688 4498 824 4552 ἀλλὰ
879 4478 1104 4552 πολὺίτὸ
1151 4478 1361 4566 άσαφὲς
1404 4498 1542 4566 ἔχων
1582 4500 1677 4552 καὶ
1710 4499 1924 4569 δολερὸν
1959 4478 2004 4536 ί)

344 4590 440 4643 καὶ
471 4589 797 4657 κακότεχνον
826 4607 841 4622 ο
889 4588 926 4642 ἃ
965 4589 1076 4659 γὰρ
1103 4589 1296 4642 εἴδωλα
1341 4591 1410 4643 τὰ
1443 4591 1628 4660 χρυσῷ
1661 4593 1759 4661 μὲν
1813 4595 1924 4657 τοῖς

346 4681 570 4736 ἀσεϐέσι
604 4683 914 4752 τιμώμενα,
948 4682 1170 4752 βόθυνον
1211 4682 1267 4734 δὲ
1297 4682 1572 4745 ἀπωλείας
1613 4685 1793 4747 αὐτοῖς
1834 4687 1927 4738 ἁν-

347 4775 754 4843 τιχαριζόμενα,
803 4774 978 4827 ταῦτα
1014 4774 1077 4841 δὴ
1127 4775 1197 4827 τὰ
1231 4774 1419 4844 χρυσῷ
1461 4775 1555 4827 καὶ
1615 4777 1714 4829 ὅσα
1766 4777 1925 4829 πάλιν

349 4863 592 4932 ἀργύρου
627 4865 890 4932 πεποίητο
925 4866 1214 4934 προφέρων
1239 4868 1268 4918 ὁ
1300 4865 1562 4936 δυσσεϐὴς
1593 4867 1673 4929 είς
1703 4866 1925 4934 θρόνους

350 4954 616 5023 προετίθη
652 4955 987 5025 βασιλικοὺς,
1012 4961 1105 5010 καὶ
1134 4958 1443 5027 στέμμασιν
1477 4959 1790 5024 ἐστεφάνου,
1835 4961 1926 5012 καὶ

345 5046 505 5108 τέλος
538 5047 776 5114 ταύρους
792 5047 989 5109 αὐτοὺς
1021 5049 1310 5101 καταθύων
1364 5050 1807 5120 περιρραντίζειν
1860 5051 1926 5102 τὰ

349 5135 532 5204 πλήθη
569 5137 680 5197 τοῖς
712 5138 929 5205 μιαροῖς
957 5137 1283 5190 ἐπέτταττεν
1309 5137 1515 5210 ἱερεῦσι
1551 5138 1745 5208 βοηθοῦ
1799 5156 1929 5206 τυγο

349 5225 530 5295 χάνων
555 5225 648 5276 καὶ
677 5224 770 5278 τοῦ
804 5226 1019 5295 καιροῦ.
1057 5229 1164 5280 Καὶ
1192 5228 1300 5299 γὰρ
1326 5225 1466 5298 ἦσαν
1506 5229 1625 5282 τότε
1677 5232 1928 5300 τερπνοῖς

351 5313 781 5383 ἀκούσμασιτοῦ
816 5317 1046 5388 θεάτρου
1099 5321 1554 5390 προσκεχηνότες.
1610 5321 1767 5372 Ὅσοι
1828 5320 1927 5387 μὲν

349 5405 444 5458 οὖν
472 5402 612 5475 ἦσαν
641 5409 901 5476 ἀσφαλεῖς
927 5410 1026 5479 τὴν
1058 5411 1341 5464 εὐσέϐειαν
1372 5415 1465 5466 καὶ
1485 5413 1554 5465 τὰ
1588 5411 1928 5479 Χριστιανῶν

353 5497 538 5560 αὐτοῖς
561 5498 620 5549 οὐ
661 5499 821 5566 μόνον
853 5500 964 5550 τῶν
1008 5500 1307 5568 ὀνομάτων,
1357 5502 1491 5554 ἀλλὰ
1520 5505 1615 5556 καὶ
1662 5505 1739 5564 είς
1793 5520 1928 5572 καρ-

351 5589 472 5644 δίαν
492 5588 828 5655 ἐνδεδυκότα,
860 5585 1004 5644 οῦτοι
1038 5592 1393 5663 φωράσαντες
1422 5595 1482 5648 τὸ
1525 5596 1805 5662 γινόμενον
1837 5595 1930 5650 καὶ

425 5771 502 5840 (Β)
541 5772 735 5827 Daren.
771 5774 836 5827 ad
866 5790 954 5827 an.
999 5772 1122 5827 501.

2019 1944 2188 1998 disset
2233 1940 2567 2010 pontiﬁcem,
2604 1939 2810 1992 nullum
2866 1933 3099 2005 amplius
3162 1949 3273 2003 prae
3306 1947 3362 1986 se
3397 1931 3606 1986 ferebat

2019 2035 2264 2090 furorem
2284 2041 2378 2086 aut
2408 2033 2728 2092 amentiam,
2753 2029 2847 2083 sed
2879 2026 3108 2097 perinde
3139 2041 3202 2080 ac
3235 2026 3414 2094 ipsum
3456 2024 3606 2078 illius

2022 2136 2306 2196 aspectum
2341 2123 2596 2186 reverita,
2633 2137 2690 2176 se
2719 2119 2999 2174 moderate
3025 2118 3252 2187 gerebat
3285 2127 3339 2170 et
3367 2115 3605 2190 placide,

2020 2219 2158 2274 adeo
2191 2226 2251 2271 ut
2293 2216 2395 2285 ipsi
2432 2215 2525 2284 qui
2561 2215 2791 2268 aderant
2825 2217 3134 2279 stuperent,
3185 2207 3607 2262 considerantes

2020 2319 2282 2381 quantam
2342 2308 2455 2362 vim
2506 2305 2708 2360 habeat
2756 2305 2840 2358 vel
2874 2303 3052 2357 solum
3105 2309 3436 2368 conSpectus
3485 2300 3609 2367 pius

2020 2401 2260 2467 oculusJ
2318 2399 2614 2454 Praefectus
2669 2413 2802 2465 ergo
2869 2393 3088 2464 rogavit
3139 2393 3483 2462 episcopum,
3550 2399 3608 2442 ut

2019 2500 2326 2548 assumeret
2366 2488 2655 2559 virginem,
2697 2501 2821 2540 cum
2877 2499 2940 2538 ea
2981 2493 3164 2536 autem
3199 2481 3364 2534 etiam
3417 2479 3606 2532 lndem

2019 2593 2076 2638 et
2117 2593 2175 2636 ut
2223 2597 2320 2636 eos
2379 2581 2434 2634 in
2494 2594 2650 2633 sacra
2697 2577 2876 2644 aliqua
2925 2573 3042 2627 aede
3097 2571 3342 2625 traderet
3400 2570 3454 2622 in
3506 2585 3608 2622 cu-

2024 2675 2262 2732 stodiam
2288 2674 2599 2726 honestam.
2629 2668 2803 2722 Simul
2825 2667 2989 2720 etiam
3017 2664 3164 2718 dedit
3189 2661 3469 2732 pecunias,
3487 2674 3610 2728 qua:

2019 2768 2086 2822 ad
2115 2767 2438 2821 alimentum
2468 2762 2780 2817 sullicerent
2807 2767 2862 2813 et
2895 2772 3024 2811 usus
3056 2755 3309 2824 corporis
3344 2767 3605 2806 necessao

2019 2861 2153 2914 rios.
2182 2859 2277 2912 llle
2297 2865 2476 2910 autem
2509 2855 2612 2907 hos
2646 2851 2865 2919 quidem
2892 2848 3052 2902 valde
3075 2847 3313 2900 libenter
3340 2842 3604 2910 suscepit,

2021 2953 2114 3007 sed
2149 2967 2256 3005 non
2291 2948 2454 3004 etiam
2501 2944 2785 3016 pecunias.
2822 2941 2928 2994 Eos
2981 2953 3112 2992 vero
3152 2937 3297 2989 misit
3327 2935 3394 2988 ad
3431 2933 3610 3003 quod-

2022 3045 2148 3099 dam
2185 3040 2580 3098 monasterium
2605 3080 2618 3103 ,
2657 3035 2769 3090 dici
2808 3050 2915 3088 non
2950 3038 3152 3104 potest,
3191 3039 3460 3098 quantum
3512 3026 3607 3080 la:-

1943 3139 1990 3202 C
2025 3147 2224 3195 tantes,
2252 3132 2395 3203 quod
2431 3129 2790 3185 successisset
2817 3127 2898 3180 eis
2928 3131 3168 3193 emptum
3207 3137 3272 3175 ex
3314 3116 3607 3173 sententia.

2101 3227 2171 3282 lx
2193 3228 2312 3283 Jam
2341 3233 2523 3279 autem
2553 3220 2878 3277 Maximiano
2923 3226 3054 3270 tunc
3084 3223 3267 3269 erecta
3299 3221 3454 3266 erant
3494 3218 3610 3263 tro-

2031 3335 2142 3390 νεα
2195 3317 2460 3372 adversus
2483 3312 2737 3369 inimicos
2789 3309 2891 3378 (5),
2922 3308 3033 3361 Deo
3078 3305 3132 3360 ei
3161 3304 3441 3372 sapienter
3465 3299 3609 3353 viam

2029 3410 2312 3481 aperiente
2361 3406 2430 3461 ad
2482 3405 2738 3467 salutem,
2787 3410 2845 3455 ut
2885 3415 3009 3453 cum
3065 3395 3388 3468 quaesiisset,
3429 3391 3613 3461 cujus-

2029 3518 2157 3558 nam
2194 3517 2358 3556 manu
2396 3500 2513 3554 haec
2543 3505 2689 3550 recte
2721 3501 3068 3564 gererentur,
3101 3495 3423 3558 agnosceret
3458 3483 3610 3537 veri-

2031 3601 2219 3647 tatem.
2272 3589 2377 3644 Sed
2429 3588 2519 3642 ille
2573 3587 2626 3638 in
2683 3583 2768 3637 his
2814 3583 2972 3651 plane
3021 3577 3337 3647 ca'cutiens,
3380 3573 3427 3626 di
3450 3585 3610 3624 orum

2029 3686 2121 3755 qui
2156 3683 2289 3738 falso
2317 3681 2599 3741 dicuntur,
2637 3675 2839 3729 auxilio
2882 3669 3191 3726 ascribcbat
3223 3665 3532 3728 victoriam,
3554 3671 3611 3718 et

2031 3783 2244 3827 tantum
2293 3770 2502 3831 aberat,
2559 3777 2618 3820 ut
2665 3779 2799 3818 vero
2858 3763 2968 3815 Deo
3024 3767 3211 3829 ageret
3264 3757 3490 3824 gratias,
3551 3763 3612 3807 ut

2028 3864 2196 3918 etiam
2243 3866 2564 3931 prepcraret
2612 3857 2873 3910 adversus
2909 3853 3080 3907 Deum
3129 3849 3332 3902 bellum
3381 3859 3608 3915 gerere;

2029 3963 2086 4008 et
2112 3953 2234 4006 aliis
2259 3949 2601 4022 postpositis,
2635 3947 2751 4001 acri
2776 3945 2960 3998 animo
2991 3939 3310 3995 armabatur
3345 3936 3611 3990 adversus

2029 4043 2390 4100 Christianos.
2431 4037 2773 4093 daemonibus
2817 4035 2953 4088 festa
3015 4043 3283 4102 peragens
3314 4034 3369 4081 et
3401 4023 3611 4080 sacrifi-

2034 4135 2138 4198 cia,
2171 4131 2386 4187 etiamsi
2423 4128 2601 4200 primo
2629 4126 2910 4193 vulpinam
2935 4124 3130 4193 pellem
3163 4120 3420 4186 induens,
3453 4115 3612 4170 donis

2031 4239 2086 4286 et
2117 4227 2421 4283 honoribus
2455 4224 2596 4278 clam
2624 4237 2683 4276 se
2721 4216 3042 4273 insinuahat
3067 4214 3119 4267 in
3148 4210 3331 4281 populi
3366 4209 3612 4262 benevo-

2032 4323 2278 4382 lentiam,
2317 4326 2371 4372 et
2391 4329 2546 4372 suam
2587 4327 2711 4367 esse
2764 4317 2970 4363 rectam
3022 4304 3241 4359 volebat
3293 4298 3612 4368 improbita-

2032 4425 2164 4469 tem.
2203 4412 2504 4466 Theatrum
2541 4406 2726 4474 itaque
2760 4397 3265 4468 frequentissimum
3299 4394 3367 4446 ab
3411 4407 3476 4446 eo
3509 4391 3610 4444 fuit

2032 4512 2444 4576 congregatum.
2483 4499 2600 4553 Non
2637 4502 2825 4564 aperte
2858 4499 3040 4544 autem
3075 4485 3471 4542 ostendebatur
3505 4485 3611 4538 hoc

2033 4608 2310 4653 certamen
2369 4589 2681 4658 comparari
2748 4585 3012 4639 adversus
3078 4579 3442 4641 Christianos,
3514 4575 3607 4629 sed

2033 4691 2288 4749 obscure,
2331 4684 2518 4738 dolose
2552 4688 2606 4734 et
2638 4678 2906 4732 malitiose
2937 4671 3336 4727 instruebatur.
3372 4668 3610 4722 Simula-

2032 4798 2124 4838 cra
2153 4779 2325 4841 enim,
2355 4789 2476 4841 quae
2521 4787 2658 4828 auro
2714 4767 2935 4836 quidem
2967 4762 3386 4817 honorabantur
3413 4760 3479 4811 ab
3514 4759 3613 4810 im.

2033 4872 2163 4942 piis;
2199 4871 2397 4922 fossam
2441 4879 2574 4919 vero
2614 4861 2872 4915 interitus
2923 4856 3006 4910 eis
3033 4855 3274 4908 vicissim
3306 4849 3612 4919 largieban-

2031 4941 2144 5024 tur,
2209 4960 2348 5020 haec,
2410 4957 2652 5024 inquam,
2705 4965 2892 5008 aurea,
2950 4956 3004 5000 et
3049 4960 3170 5014 qua:
3223 4957 3415 4995 rursus
3473 4941 3608 4991 facta

2030 5052 2249 5106 fuerant
2281 5064 2345 5102 ex
2394 5054 2642 5116 argento,
2699 5043 3010 5111 producens
3045 5036 3268 5102 impius,
3325 5030 3507 5100 posuit
3551 5029 3607 5083 in

2029 5143 2159 5198 sede
2215 5139 2402 5210 regali,
2462 5145 2517 5190 et
2566 5133 2788 5188 coronis
2845 5127 3108 5187 redimiit;
3165 5136 3221 5179 et
3262 5123 3480 5177 tandem
3527 5121 3610 5173 eia

2032 5246 2220 5291 tauros
2260 5229 2593 5286 sacriﬁcans,
2643 5225 2806 5294 jussit
2850 5217 3197 5274 exsecrandis
3229 5211 3609 5269 sacerdotibus

2031 5341 2321 5395 aspergere
2364 5321 2648 5392 populum,
2699 5312 2958 5378 temporis
3015 5323 3232 5377 quoque
3269 5321 3332 5359 ea
3366 5319 3422 5358 re
3448 5313 3609 5356 utens

2033 5415 2258 5470 auxilio.
2301 5413 2454 5466 Tune
2493 5409 2638 5462 enim
2685 5419 2781 5457 ore
2817 5400 2993 5455 hianti
3020 5396 3379 5452 attendebant
3405 5395 3606 5464 jucun-

2036 5507 2104 5559 da
2155 5502 2353 5557 theatri
2409 5505 2743 5554 acroamata.
2768 5493 3093 5558 Quicunque
3134 5504 3266 5556 ergo
3315 5485 3615 5554 inpietate

2037 5594 2258 5663 quidem
2288 5598 2443 5646 erant
2496 5587 2634 5640 lirmi
2667 5594 2722 5638 ct
2749 5582 2990 5644 stabiles,
3042 5591 3097 5633 et
3129 5592 3364 5647 quorum
3392 5573 3616 5627 animos

3743 3873 3760 3904 Ι
