4126 6382
575 297 712 364 3.051
1713 312 2098 383 ADDENDA.
2132 343 2149 355 -

2255 321 2496 388 DECEM
2504 326 2680 390 BER.
3722 341 3864 407 1052

570 416 768 488 teligio
791 416 1108 478 Christiana
1170 437 1282 479 non
1324 425 1504 480 solum
1564 442 1740 500 usque
1787 432 1855 487 ad
1907 435 2149 502 nomina,

2271 440 2409 511 μηδὲ
2431 440 2603 510 αὐτὴν
2626 440 2725 512 τὴν
2757 441 2949 514 ὅρασιν
2973 444 3289 515 ἐνεγκόντες
3320 447 3524 520 ᾤχοντο
3579 451 3675 506 τοῦ
3735 457 3869 511 θεα-

572 508 669 565 sed
713 511 880 566 etiam
916 513 983 568 ad
1013 528 1111 570 cor
1160 531 1333 587 usque
1384 527 1795 592 penetraverat;
1832 527 1890 591 ii,
1943 542 2067 583 cum
2122 529 2149 582 it

2274 508 2433 596 τρου,
2459 531 2519 585 τὸ
2549 508 2761 588 ἑαυτῶν
2785 508 2925 604 αἷμα
2950 508 3135 590 δοῦναι
3155 508 3409 610 μᾶλλον
3442 541 3637 606 αἵμασι
3666 508 3865 615 μολυν-

571 604 718 669 quod
759 602 945 667 ﬁebat,
992 606 1513 679 deprehendissmt,
1570 623 1755 672 etnec
1783 619 1903 689 ejus
1949 620 2149 690 quiden

2282 619 2441 690 θῆναι
2470 622 2731 687 τοιούτοις
2763 602 2998 691 εὐγενῶς
3026 602 3409 699 προελόμενοιί
3443 602 3633 696 "deos;
3666 602 3757 689 ’δὲ
3801 602 3864 708 ἦ-

570 701 927 763 conspectum
962 697 1107 753 ferre
1142 700 1472 768 potuissent,
1499 719 1527 757 a
1563 704 1780 762 theatro
1798 722 2148 767 recesserunt

2273 713 2399 783 δονὴ
2415 714 2509 768 καὶ
2538 714 2723 780 ἄνεσις
2759 718 2890 787 περὶ
2930 697 3173 783 πλείονος
3222 697 3310 791 ἦν,
3340 715 3487 776 οὗτοι
3542 726 3639 778 καὶ
3680 697 3864 798 ψυχας

570 797 730 838 suum
780 788 967 855 potius
1040 793 1369 859 sanguinem
1432 795 1795 863 profundere,
1850 815 2013 870 quam
2074 803 2145 857 tal

2273 805 2588 876 ὲχραίνοντο
2620 810 2713 862 καὶ
2734 809 2804 864 τὰ
2837 809 3067 881 σώματα
3097 788 3482 883 μετριοτάτης,
3521 815 3674 886 οἴμοι
3694 788 3721 870 'l

569 877 841 943 sanguine
872 880 1068 948 pollui,
1113 884 1374 952 praeclare
1404 886 1694 953 eligentes.
1737 890 1952 957 Quibus
1979 902 2149 949 auten

2273 897 2559 966 χαγωγιας
2588 897 2902 969 βαρυτάτας
2922 877 3147 957 *ἐκεῖθεν
3182 877 3283 967 τὰς
3314 877 3590 977 τιμωρίας
3643 877 3861 973 ἑαυτάς

567 968 745 1036 pluris
778 970 945 1027 ﬂebat
992 975 1247 1045 voluptas
1299 985 1354 1031 et
1395 981 1686 1046 recreatio,
1726 981 1792 1036 iis
1841 985 2149 1053 pollueban-

2272 1005 2338 1040 τα
2347 989 2688 1057 μιεόσαντες.

569 1068 663 1114 tur
744 1065 943 1120 animae
992 1072 1050 1121 et
1103 1081 1358 1139 corpora,
1415 1085 1483 1126 ex
1539 1073 1776 1141 modica,
1829 1076 1971 1146 proh
2018 1076 2217 1146 dolor,
2259 1078 2625 1139 delectatione
2701 1085 2809 1142 sibi
2878 1087 3205 1160 gravissima
3263 1089 3635 1147 recondentes
3717 1097 3857 1164 snp‘

569 1154 735 1225 plicia
759 1195 772 1209 .

639 1247 708 1302 Χ.
733 1247 839 1304 Sed
874 1251 1021 1305 enim
1055 1251 1440 1326 Maximianus,
1472 1260 1566 1329 qui
1614 1269 1726 1315 toto
1760 1261 1927 1317 animi
1955 1264 2161 1335 impetu

571 1338 855 1395 ferebatur
910 1344 977 1397 ad
1032 1344 1394 1416 impietatem,
1448 1367 1558 1406 non
1611 1354 1851 1422 amplius
1902 1356 2160 1425 latenter,

566 1430 662 1484 sed
700 1443 889 1502 aperte
920 1436 1113 1492 volens
1141 1453 1200 1494 se
1229 1440 1395 1511 impie
1428 1458 1641 1513 gerere,
1677 1446 1780 1500 bos
1813 1447 2005 1504 habuit
2043 1466 2160 1506 ser-

565 1537 762 1578 mones
786 1526 929 1594 apud
959 1541 1075 1595 eos,
1112 1531 1205 1599 qui
1234 1544 1394 1588 erant
1427 1538 1766 1608 congregati,
1802 1540 1898 1609 qui
1928 1538 2153 1611 quidem

566 1615 945 1685 gravissimam
978 1620 1301 1678 redolebant
1348 1623 1685 1696 impietatem
1732 1649 1745 1685 :
1796 1629 1916 1698 Quo
1965 1634 2146 1701 abitis,

566 1705 777 1773 (licens,
816 1724 849 1762 ο
892 1710 1303 1780 homines,luci
1353 1719 1611 1777 tenebras
1663 1722 2042 1792 praeferentes,
2093 1737 2150 1783 et

2339 1266 2394 1321 1⁸⁸
2427 1271 2589 1324 Ἀλλὰ
2610 1271 2719 1343 γὰρ
2743 1272 2772 1325 ό
2802 1273 2969 1338 πολὺς
2999 1266 3154 1338 οὗτος
3174 1276 3271 1329 καὶ
3302 1275 3579 1346 πρόθυμος
3598 1277 3698 1348 τὴν
3726 1280 3857 1335 ἀσέ’

2265 1358 2419 1413 ϐειαν
2453 1359 2790 1430 Μαξιμιανδς
2830 1363 3014 1417 οὐκέτι
3042 1363 3338 1435 λαθραίως,
3368 1364 3504 1420 ἀλλὰ
3542 1367 3639 1421 καὶ
3686 1386 3853 1437 (pave-

2264 1451 2375 1521 ρῶς
2417 1450 2633 1505 ἀσεϐεῖν
2671 1451 3018 1523 βουλόμενος,
3046 1453 3237 1523 λόγους
3273 1455 3482 1527 καθῆκε
3536 1457 3675 1528 πρὸς
3722 1462 3852 1523 τοὺς

2264 1543 2755 1613 συνειλεγμένους,
2801 1546 3045 1616 χαλεπῆς
3098 1549 3234 1619 ὅσης
3287 1550 3591 1615 ἀπόζοντας
3640 1552 3850 1618 ἀθεῖας,

2260 1632 2378 1694 Ποῖ,
2420 1631 2616 1699 λέγων,
2650 1633 2903 1704 φέρεσθε,
2938 1636 3241 1707 ἄνθρωποι,
3274 1637 3337 1692 τὸ
3401 1638 3588 1702 σκότος
3615 1640 3712 1694 τοῦ
3741 1659 3853 1708 φω-

2256 1723 2345 1787 τὸς
2373 1724 2751 1795 προτιμῶντες
2779 1728 2871 1780 καὶ
2900 1729 2976 1798 μὴ
3000 1729 3155 1791 θεοὺς
3187 1725 3328 1784 εἶναι
3388 1731 3720 1799 νομίζοντες,
3752 1727 3831 1788 ὧν

566 1816 677 1856 ιιοη
727 1802 861 1858 deos
912 1820 1033 1860 esse
1082 1818 1357 1877 putantes,
1394 1827 1424 1866 a
1466 1814 1670 1882 quibus
1718 1816 1990 1887 dependet
2043 1820 2148 1875 hoc

2255 1814 2373 1869 τόδε
2402 1816 2463 1869 τὸ
2503 1818 2612 1870 πᾶν
2642 1816 2937 1888 ἐξήρτηται
2965 1836 2981 1883 ;
3009 1819 3122 1889 Οὐχ
3162 1821 3327 1889 ὁρᾶτε
3373 1822 3529 1884 νίκας
3584 1826 3681 1876 καὶ
3726 1825 3855 1894 τρό³

568 1892 923 1950 universum?
964 1897 1083 1952 Non
1135 1900 1337 1955 videtis
1364 1903 1627 1960 victorias
1667 1920 1722 1962 et
1777 1918 1980 1979 tropa’a
2039 1911 2160 1983 (4)?

565 1982 686 2038 Non
714 1985 912 2042 videtis
952 1989 1096 2045 bona
1148 1993 1387 2062 plurima
1418 2012 1541 2067 qum
1588 1998 1751 2055 bonis
1795 1982 2152 2074 adjiciuntur,

565 2082 623 2129 et
672 2078 1138 2145 quemadmodum
1189 2102 1313 2155 qua:
1344 2099 1496 2152 sunt,
1530 2098 1684 2146 recte
1718 2092 1942 2163 quidem
1968 2112 2027 2152 se
2058 2097 2158 2155 ha-

566 2166 719 2232 bent,
756 2179 965 2227 etsunt
1010 2173 1067 2229 in
1098 2183 1237 2244 tuto,
1270 2179 1379 2233 alia
1412 2196 1544 2236 vero
1577 2185 1850 2242 accedunt
1883 2190 2153 2258 quotidie,

564 2267 623 2313 et
654 2275 889 2329 quorum
927 2279 1037 2320 non
1091 2281 1315 2324 eramus
1344 2271 1501 2341 prius
1540 2272 1776 2343 domini,
1806 2277 1862 2332 in
1897 2294 1963 2334 ea
2008 2296 2160 2338 nunc

566 2348 915 2408 dominatum
971 2356 1333 2415 obtinemus?
1382 2363 1500 2418 Non
1546 2366 1797 2436 gloriam,
1837 2387 1960 2440 quae
2004 2389 2167 2445 auge-

566 2443 700 2496 tur?
727 2458 835 2498 non
869 2445 1183 2518 imperium,
1214 2454 1362 2522 quod
1404 2456 1707 2515 dilatatur?
1734 2461 1855 2518 Non
1882 2443 2160 2535 civitates,

563 2548 686 2601 quae
758 2539 959 2605 partim
1033 2543 1256 2612 quidem
1332 2558 1461 2603 sunt
1523 2553 1873 2621 tributariae,
1951 2561 2157 2631 partim

565 2635 749 2681 autem
794 2639 924 2685 sunt
956 2631 1195 2702 futurre;
1238 2647 1290 2693 et
1342 2642 1543 2709 partim
1581 2647 1808 2714 quidem
1840 2650 1951 2720 jam
1985 2660 2160 2721 capta:

562 2728 724 2783 sunt,
773 2720 970 2789 partim
1024 2738 1155 2779 vero
1206 2738 1339 2783 sunt
1385 2732 1609 2805 jamjam
1650 2738 1973 2807 capiendae?
2024 2720 2150 2797 Non

561 2809 807 2876 gentium
862 2829 1037 2884 reges,
1099 2819 1194 2885 qui
1245 2831 1376 2877 sunt
1401 2827 1639 2894 reputati
1683 2845 1783 2899 pro
1815 2833 2151 2903 mancipiis?

562 2898 680 2952 Non
715 2902 933 2970 omnia,
989 2921 1112 2974 quae
1163 2911 1425 2969 eveniunt
1481 2917 1643 2973 nobis
1686 2898 1771 2975 ex
1829 2898 2151 2978 sententia?

560 2987 855 3059 Cuiusnam
891 3011 1022 3066 ergo
1052 2998 1169 3055 haec
1202 3004 1529 3075 contingunt
1560 3012 1949 3078 providentia?
1982 3014 2150 3071 Vobis

2263 1923 2436 1973 παιας
2462 1909 2562 1978 οὐχ
2601 1908 2764 1977 ὁρᾶτε
2795 1907 3000 1976 πλῆθος
3025 1907 3248 1976 ἀγαθῶν
3276 1908 3363 1962 ἐπ’
3378 1909 3603 1978 ἀγαθοῖς
3630 1927 3858 1979 προστι-

2264 1998 2511 2068 θέμενον,
2538 2000 2632 2053 καὶ
2660 1999 2809 2064 ὅπως
2829 1999 2896 2054 τὰ
2929 2000 3027 2070 μὲν
3052 1999 3185 2053 ὅντα
3209 2002 3390 2064 καλῶς
3417 2002 3529 2074 ἔχει
3547 2002 3640 2056 καὶ
3672 2004 3852 2070 ἀσφα‹

2261 2091 2389 2158 λῶς,
2439 2091 2508 2145 τὰ
2545 2092 2603 2145 δὲ
2658 2092 3012 2162 προσγίνεται
3069 2093 3191 2147 καθ’
3218 2093 3479 2164 ἑκάστην,
3513 2094 3608 2148 καὶ
3662 2088 3737 2148 ὧν
3788 2096 3851 2149 οῦ

2265 2182 2530 2253 πρότερον
2559 2178 2701 2255 ἦμεν
2724 2182 2926 2255 κύριοι,
2954 2183 3288 2254 δεσπόζομεν
3320 2184 3415 2240 νῦν
3440 2202 3455 2249 ;
3480 2186 3543 2239 οῦ
3573 2186 3674 2257 την
3690 2186 3852 2250 δόξαν

2267 2273 2684 2345 αὐξανομένηνς
2738 2276 2799 2329 οὗ
2850 2274 2950 2345 τὴν
3007 2275 3287 2347 βασιλείαν
3340 2277 3755 2349 εὐρυνομέγηνς
3787 2280 3848 2333 οὐ

2269 2366 2476 2431 πόλεις,
2510 2367 2610 2431 τὰς
2636 2367 2734 2435 μὲν
2769 2368 3078 2439 ὑποφόρους
3108 2367 3295 2434 οὔσας,
3317 2368 3417 2433 τὰς
3437 2369 3494 2422 δὲ
3523 2368 3848 2440 μελλούσαςς

2265 2460 2357 2511 καὶ
2387 2459 2484 2521 τὰς
2512 2459 2612 2530 μὲν
2672 2459 2979 2523 ἑαλωκυίας
3005 2460 3131 2530 ἤδη,
3154 2460 3252 2523 τὰς
3279 2461 3338 2514 δὲ
3386 2461 3481 2514 καὶ
3514 2461 3640 2515 ὅσον
3695 2460 3852 2515 οῦπω

2264 2551 2685 2622 ληφθησομένας
2716 2568 2733 2618 ;
2767 2551 2870 2605 οῦκ
2899 2551 3070 2605 ἐθνῶν
3103 2552 3347 2622 βασιλεῖς
3396 2553 3455 2605 ὲν
3489 2552 3848 2623 ἀνδραπόδων

2266 2644 2434 2716 μοίρᾳ
2454 2645 2874 2715 λογιζομένους;
2906 2645 2969 2700 οὐ
3005 2645 3185 2700 πάντα
3238 2646 3380 2698 κατὰ
3438 2645 3666 2716 γνώμην
3718 2648 3853 2717 ἡμῖν

2258 2737 2574 2807 ἁνυόμενα;
2620 2737 2798 2791 Τίνων
2852 2738 2960 2807 ἄρα
3010 2737 3241 2807 προνοίᾳ
3283 2740 3608 2809 παραχωρεί
3653 2738 3849 2802 ταῦτα,

2259 2831 2608 2885 πεισάτωσαν
2634 2831 2777 2902 ὑμᾶς
2807 2829 2969 2901 ὡρῶν
3018 2829 3329 2900 εὑκρασίαι,
3364 2830 3588 2899 ὄμϐρων
3639 2848 3854 2902 συμμε-

2258 2922 2430 2995 τρίαι,
2464 2922 2693 2994 καρπῶν
2714 2922 2989 2993 εὐφορίαι,
3020 2920 3221 3009 μᾶλλον
3249 2921 3306 2976 δὲ
3332 2923 3359 2976 ὁ
3387 2922 3616 3003 σύμπας
3648 2925 3849 2994 χρόνος

2259 3015 2628 3085 καρποφορῶν
2659 3016 2751 3068 καὶ
2778 3017 2957 3068 πάντα
2986 3013 3122 3083 πρὸς
3149 3012 3407 3084 εὐθηνίαν
3441 3015 3740 3088 βλέποντα.

559 3087 931 3151 lersuadeant
982 3096 1291 3162 temporum
1352 3103 1800 3168 temperationes.
1857 3107 2156 3162 moderatae
2192 3106 2409 3177 pluviae,
2455 3107 2738 3162 fructuum
2787 3105 3120 3171 fertilitates;
3152 3104 3265 3161 imo
3330 3121 3464 3163 vero
3522 3108 3849 3165 universum

561 3188 776 3247 tempus
803 3180 1014 3237 fructus
1049 3184 1382 3253 producens,
1432 3199 1488 3245 et
1514 3195 1823 3260 spectantia
1861 3198 2044 3253 omnia
2078 3200 2148 3254 ad
2186 3199 2603 3257 abundantiam.
3236 3258 3241 3259 ,

627 3271 720 3326 XI.
742 3271 877 3327 Cum
916 3273 1005 3329 ille
1025 3275 1246 3344 cepiosa
1271 3278 1459 3349 lingua
1492 3282 1575 3337 sic
1606 3284 1955 3356 loqueretur,
1977 3297 2034 3344 ct
2056 3290 2148 3357 iis,

2330 3292 2434 3351 IA'.
2471 3292 2660 3358 Οὕτως
2688 3294 2898 3349 ἐκείνου
2925 3296 3150 3372 γλώσσῃ
3174 3302 3404 3371 περιττῇ
3439 3299 3847 3369 φθεγγομένου,

558 3359 654 3429 qui
704 3374 813 3415 non
857 3371 1006 3424 sunt,
1068 3378 1132 3417 ea
1185 3380 1308 3433 quae
1347 3378 1497 3435 sunt,
1546 3371 1683 3427 falso
1720 3377 2047 3444 ascriberet,
2095 3388 2149 3433 et

2257 3387 2484 3449 καὶτοῖς
2512 3388 2600 3458 ,μὴ
2629 3383 2748 3442 οὖσι
2781 3390 2849 3454 τὰ
2874 3359 3006 3444 ὄντα
3026 3359 3702 3464 ψεόδῶξὲπιγρόιφοντος,
3762 3393 3847 3446 ἑτι

558 3451 665 3507 alia
706 3467 735 3506 a
758 3452 886 3506 lhnc
924 3453 1094 3508 vellet
1128 3465 1445 3524 contexere,
1487 3476 1598 3516 non
1635 3467 1888 3532 permisit
1924 3484 1990 3523 ex
2037 3471 2149 3527 alto

2255 3496 2314 3533 τε
2350 3480 2443 3534 καὶ
2464 3451 2600 3535 ἄλλα
2633 3451 2905 3553 συνείρειν
2938 3451 3235 3549 ἐθέλοντος,
3273 3451 3608 3556 obit-quer
3636 3451 3847 3540 ένωθεν

561 3543 608 3598 is
631 3542 788 3613 cujus
830 3543 1194 3612 sunt‘judicia
1242 3560 1369 3599 vera
1426 3548 1745 3619 justilicata,
1797 3556 2149 3613 mendacium

2255 3564 2314 3625 οὗ
2341 3571 2410 3624 τὰ
2439 3573 2683 3641 κρίματα
2712 3542 2945 3644 ἀληθινὰ
2975 3542 3371 3647 δεδικαιῶ-μένα
3397 3578 3460 3631 τδ
3488 3542 3688 3648 ξιιεῦδος
3718 3580 3844 3633 ἔπι-

557 3633 795 3703 amplius
830 3633 1056 3704 gloriari
1090 3635 1361 3693 adversus
1398 3639 1715 3710 veritatem,
1744 3660 1815 3699 ne
1855 3647 1979 3703 aliis
2008 3665 2148 3718 quo-

2255 3662 2419 3717 πλέον
2572 3633 2829 3734 ἀληθείας
2858 3633 3411 3738 κατακαυχήσασθαι,
3475 3633 3564 3725 ἵνα
3616 3633 3694 3743 μί]
3747 3673 3847 3726 καὶ⁵

558 3741 686 3792 que,
723 3727 817 3795 qui
864 3734 1023 3781 erant
1067 3727 1135 3781 ad
1162 3730 1588 3797 pervertendum
1618 3733 1830 3802 faciles,
1865 3752 2031 3793 causa
2056 3753 2149 3794 es-

2255 3754 2435 3819 ἄλλοις
2458 3727 2591 3825 πρὸς
2618 3727 2946 3831 διαστροφὴν
2977 3727 3225 3824 εὐκόλοίς
3264 3727 3546 3827 ἀπωλείας
3582 3727 3848 3833 πρόξενον

558 3826 642 3871 Set
689 3818 966 3873 interitus.
1004 3817 1112 3874 Sed
1166 3820 1387 3877 interim
1452 3824 1583 3878 dum
1631 3826 1972 3897 loqueretur,
2024 3846 2148 3886 cum

557 3919 702 3967 esset
729 3910 850 3965 dies
878 3926 1132 3976 serenus,
1168 3923 1226 3969 et
1261 3915 1342 3969 sol
1392 3916 1671 3987 regionem
1705 3931 1891 3975 ureret
1920 3922 2148 3979 meridi-

557 4019 739 4069 anam,
774 4014 999 4075 repente
1034 4006 1214 4077 erupit
1251 4022 1421 4062 sonus
1480 4010 1784 4066 multorum
1817 4013 2147 4090 tonitruum,

556 4106 610 4152 et
646 4096 819 4152 elisus
849 4097 957 4151 fuit
986 4097 1129 4167 ignis
1173 4113 1241 4156 ex
1271 4098 1535 4163 nubibus,
1569 4109 1625 4157 et
1655 4103 1940 4172 profunda:
1986 4106 2148 4163 simul

558 4190 825 4255 tenebrae,
857 4200 912 4245 ct
943 4191 1114 4246 densa
1171 4192 1382 4262 grando
1416 4208 1540 4249 cum
1591 4197 1772 4250 ventis
1803 4197 2150 4260 vehementi-

557 4283 755 4348 bus,et
784 4283 986 4338 malum
1013 4284 1116 4340 hoc
1136 4285 1494 4353 horrendum,
1526 4301 1717 4342 vocem
1750 4291 2147 4359 propemodum

556 4376 868 4443 emittebat,
912 4391 1033 4433 esse
1067 4393 1287 4447 gravem
1334 4378 1436 4434 Dei
1491 4380 1754 4434 commoti
1807 4380 1968 4437 iram.
2010 4382 2147 4438 Nam

557 4468 650 4523 alii
703 4468 927 4538 quidem
959 4468 1075 4523 solo
1107 4469 1312 4525 tonitru
1345 4470 1578 4526 auribus
1606 4481 1664 4528 et
1702 4472 1890 4528 animo
1931 4474 2152 4543 percul-

557 4557 628 4621 si,
661 4556 737 4611 ibi
779 4556 834 4611 in
872 4566 1074 4612 terram
1118 4558 1393 4615 cadebant
1437 4563 1825 4630 semimortui;
1879 4564 1977 4619 alii
2016 4580 2149 4623 vero

558 4647 614 4702 in
643 4646 825 4717 fugam
857 4647 1079 4717 quidem
1108 4662 1169 4704 se
1210 4651 1592 4721 coniecerunt,
1643 4667 1702 4708 se
1738 4664 1925 4709 autem
1972 4655 2147 4711 multo

556 4737 781 4806 gravius
827 4737 1169 4802 aﬂ‘ecerunt,
1210 4747 1272 4792 ut
1317 4739 1411 4811 qui
1464 4740 1672 4796 fuerint
1701 4757 1731 4795 a
1787 4757 1846 4797 se
1905 4743 2141 4799 invicem

555 4828 956 4893 conculcati,et
995 4830 1077 4886 sic
1122 4830 1251 4886 vitae
1299 4832 1606 4887 violentum
1661 4833 1982 4891 invenerint
2026 4836 2145 4892 exi-

556 4930 694 4975 tum.
732 4920 865 4992 ,lpse
907 4937 1129 4992 quoque
1161 4922 1364 4992 impius
1400 4924 1702 4993 imperator
1742 4926 2141 4998 propemodum

555 5013 745 5083 periit,
777 5014 1061 5083 periturus
1083 5013 1339 5078 fortasse,
1368 5017 1475 5073 nisi
1530 5017 1677 5072 Deus
1723 5018 2029 5087 judicassct
2085 5020 2141 5075 id

554 5105 740 5160 minus
792 5121 915 5165 esse
965 5106 1333 5176 supplicium,
1384 5123 1548 5179 quam
1589 5109 1738 5180 quod
1787 5111 1879 5167 ille
1940 5112 2140 5183 dignus

555 5206 676 5254 erat
707 5198 842 5268 pati.
871 5199 991 5255 Non
1026 5214 1203 5269 usque
1229 5211 1412 5256 autem
1452 5202 1520 5257 ad
1553 5218 1616 5257 ea
1651 5219 1771 5275 qum
1804 5204 1949 5260 dicta
1986 5214 2137 5274 sunt,

554 5290 698 5346 stitit
756 5290 907 5348 Deus
958 5300 1221 5358 terrores,
1275 5293 1373 5349 sed
1403 5293 1554 5349 ﬂuvii
1609 5311 1831 5367 quoque
1863 5312 2136 5368 aquarum

554 5383 764 5455 impetu
794 5384 1151 5451 inundantes,
1180 5392 1237 5441 et
1258 5396 1474 5456 segetes
1504 5386 1753 5445 funditus
1798 5389 2133 5459 evellentes,

554 5475 919 5546 agricolarum
950 5476 1172 5534 labores
1209 5477 1266 5534 in
1309 5495 1462 5537 mare
1515 5481 1882 5551 deportarunt
1915 5497 1932 5537 :
1970 5481 2138 5551 idque

554 5582 681 5624 cum
713 5578 864 5626 esset
902 5579 1084 5638 astas,
1107 5578 1165 5626 et
1192 5583 1510 5643 speraretur
1540 5574 1680 5642 fore,
1713 5584 1775 5630 ut
1805 5574 1969 5646 longo
2002 5583 2141 5631 tem~

2252 3850 2499 3918 καταστῇ
2525 3863 2540 3877 ·
2561 3848 2698 3903 ἀλλὰ
2746 3850 2949 3918 μεταξὺ
2979 3850 3251 3920 λέγοντος,
3286 3853 3509 3926 αἰθρίας
3551 3854 3719 3924 οὔσης
3751 3857 3847 3912 καὶ

2253 3939 2407 4011 ἡλίου
2439 3941 2501 3994 τὸ
2525 3941 2897 4012 μεσημϐρινὸν
2931 3943 3223 4011 φλέγοντος
3246 3946 3399 4013 ἄφνω
3418 3946 3625 4009 κτύπος
3657 3963 3716 4000 τε
3743 3965 3845 4001 πο-

2252 4031 2349 4094 λὺς
2382 4033 2700 4103 κατερράγη
2731 4032 2992 4103 βροντῶν,
3025 4034 3121 4087 καὶ
3150 4035 3262 4105 πῦρ
3284 4037 3349 4090 ὲκ
3378 4038 3619 4106 νεφελῶν
3639 4038 3849 4110 ἑξετρί-

2253 4123 2343 4192 ϐη,
2372 4123 2469 4177 καὶ
2505 4122 2697 4183 σκότος
2731 4122 2852 4194 ἅμα
2876 4124 3041 4193 βαθὺ,
3073 4124 3170 4179 καὶ
3197 4126 3407 4195 χάλαζα
3432 4129 3571 4198 μετὰ
3595 4129 3848 4201 πνευμά-

2250 4231 2361 4269 των
2414 4214 2605 4284 συχνὴ,
2658 4213 2755 4268 καὶ
2807 4214 2869 4268 τὸ
2902 4215 3076 4270 δεινὸν
3108 4218 3312 4289 μικροῦ
3352 4220 3449 4272 καὶ
3478 4221 3663 4290 φωνὴν
3688 4222 3845 4291 ἠφίει

2250 4305 2496 4378 χαλεπὴν
2522 4301 2665 4359 ε’ίναι
2698 4305 2835 4360 Θεοῦ
2877 4307 3191 4379 κινηθέντος
3219 4310 3416 4382 ὀργήν.
3463 4314 3530 4365 Ut
3578 4314 3678 4383 μὲν
3732 4315 3845 4386 γὰρ

2252 4395 2348 4450 καὶ
2386 4396 2524 4471 μόνῃ
2546 4398 2612 4467 τῇ
2636 4396 2835 4469 βροντῇ
2876 4402 2973 4452 καὶ
3021 4399 3193 4470 ἀκοὴν
3231 4402 3325 4455 καὶ
3367 4402 3548 4474 ψυχὴν
3598 4403 3842 4475 πληγέν-

2251 4503 2344 4550 τες
2380 4485 2549 4542 αὕτοῦ
2577 4505 2680 4541 που
2701 4489 2854 4558 παρὰ
2875 4488 2974 4560 τὴν
3001 4491 3107 4560 γῆν
3132 4491 3432 4564 ἡμιθνῆτες
3467 4482 3840 4551 κατέπιπτον·

2252 4577 2301 4630 oi
2332 4578 2388 4631 δὲ
2416 4578 2685 4650 ὥρμησαν
2716 4580 2816 4649 μὲν
2842 4582 2923 4644 είς
2957 4582 3162 4653 φυγὴν,
3202 4582 3385 4656 πολλῷ
3416 4586 3475 4639 δὲ
3527 4588 3845 4656 χαλεπῶτεο

2254 4685 2347 4739 ρον
2401 4669 2629 4734 ἑαυτοὺς
2673 4670 2929 4742 διέθηκαν
2971 4673 3064 4726 ὑπ’
3089 4675 3334 4746 ἀλλήλων
3359 4679 3835 4751 συμπατηθέντες,

2255 4760 2353 4813 καὶ
2383 4761 2566 4829 βιαίαν
2606 4760 2781 4825 οὕτως
2826 4763 3080 4832 εὑρόντες
3117 4766 3214 4820 τοῦ
3258 4767 3376 4837 βίου
3428 4773 3839 4843 καταστροφήν.

2253 4850 2367 4905 Καὶ
2404 4852 2567 4915 αὐτὸς
2595 4851 2643 4905 δ’
2670 4851 2738 4906 ἂν
2762 4855 2790 4907 ό
2811 4854 3080 4927 δυσσεϐὴς
3110 4856 3369 4927 βασιλεὺς
3417 4862 3617 4932 μικροῦ
3664 4879 3842 4935 παρα·

2251 4940 2482 5006 πώλετο,
2509 4943 2560 4995 εί
2582 4942 2657 5012 μὴ
2676 4942 2912 4997 ἐλάττων
2935 4945 3066 5008 ἴσως
3094 4947 3127 5015 ή
3156 4948 3396 5018 τιμωρία
3434 4950 3585 5017 παρὰ
3612 4951 3734 5022 Θεῷ
3753 4952 3842 5006 δε-

2250 5029 2566 5101 δοκίμαστο,
2605 5025 2673 5105 ἧς
2706 5030 2855 5097 ἄξιος
2881 5028 2953 5105 ἦν
2984 5035 3191 5100 ἐκεῖνος
3228 5037 3444 5093 παθεῖν.
3469 5040 3546 5093 Οὐ
3579 5043 3742 5112 μέχρι
3778 5042 3838 5096 δὲ

2243 5121 2353 5175 τῶν
2384 5122 2692 5195 εἰρημένων
2717 5124 2787 5177 τὰ
2822 5125 2933 5178 τῶν
2960 5125 3142 5195 φόϐων
3180 5128 3394 5201 ἵστησιν
3421 5130 3449 5183 ό
3497 5132 3649 5198 Θεὸς,
3699 5133 3837 5187 ἀλλὰ

2246 5210 2341 5264 καὶ
2373 5212 2612 5280 ποταμοὶ
2641 5212 2707 5283 τῇ
2735 5211 2845 5265 τῶν
2877 5212 3087 5267 ὑδάτων
3114 5217 3257 5287 φορᾷ
3286 5217 3721 5289 πλημμύραντες
3743 5223 3835 5275 καὶ⁵

2245 5300 2417 5372 ἄρδην
2446 5300 2515 5355 τὰ
2560 5302 2692 5373 λήῖα
2744 5304 3185 5377 παρασόραντες,
3239 5308 3366 5373 τοὺς
3403 5311 3513 5363 τῶν
3570 5313 3836 5384 γεωργῶν

2243 5393 2442 5457 πόνους
2473 5393 2720 5466 θαλάσσῃ
2747 5397 3076 5467 παρέδοσαν,
3121 5400 3217 5453 καὶ
3255 5401 3430 5456 ταῦτα
3465 5403 3657 5473 θέρους
3684 5405 3835 5468 ὄντος

2245 5484 2339 5536 καὶ⁸
2370 5484 2575 5552 πολλῆς
2605 5485 2806 5555 μᾶλλον
2837 5486 3201 5560 ἐλπιζομένης
3223 5492 3322 5561 τῆς
3348 5493 3676 5565 ἀνομϐρίας.
3717 5496 3837 5550 ’Λλ-

2245 5575 2314 5629 λὰ
2341 5576 2437 5646 τῆς
2493 5577 2841 5649 Μαξιμιανοῦ
2872 5579 3198 5635 καθικέσθαι
3244 5581 3427 5655 ψυχῆς
3492 5585 3590 5640 καὶ
3649 5590 3831 5654 πεῖσαι

627 5712 702 5781 (ι)
736 5713 943 5799 alludit
971 5713 1037 5771 ad
1071 5714 1355 5772 victoriam
1392 5715 1457 5772 de
1497 5718 1679 5774 Persis
1741 5725 1803 5789 et,
1825 5717 2044 5775 Parthis
2107 5718 2413 5788 obtentam,
2460 5735 2569 5792 qua
2613 5722 2754 5778 ultra
2817 5722 3230 5795 Ctesiphontem
3323 5729 3616 5799 imperium
3703 5742 3834 5798 pro-

556 5783 778 5855 pagavit
802 5822 818 5839 .
