4142 6380
331 314 353 379 1
364 317 469 383 053

1464 328 1645 388 νΙΤΑ
1684 330 1787 393 SS.
1831 332 2043 395 IND£
2086 336 2185 397 ET
2228 337 2541 399 DOMNJE.

3471 344 3612 411 1054

325 434 426 502 ’.ἧς
457 430 716 493 ἀσεϐείας
741 430 997 500 ἀνεγκεῖν
1027 432 1231 504 κοῦφον
1259 434 1453 504 κομιδῆ
1478 434 1539 488 τὸ
1568 442 1791 508 γεγονὸς
1821 441 1914 494 καὶ

2026 460 2159 514 pore
2186 462 2295 502 non
2347 448 2583 518 plueret.
2632 447 2759 505 Fuit
2806 459 3013 520 tamen,
3051 452 3196 523 quod
3256 454 3461 510 factum
3503 469 3608 512 est.

329 525 550 594 μικρόν.
573 524 699 610 ’ρτι
729 523 841 594 γὰρ
862 523 1025 584 αὐτὸς
1050 526 1257 587 ἐκεῖνος
1284 525 1628 597 Μαξιμιανὸς
1650 525 1718 602 ἦν
1747 533 1917 603 μηδὲν

328 615 621 680 διατεθεὶς,
640 615 864 688 ἄμεινον
907 616 1071 681 δείξει
1100 617 1170 672 τά
1209 619 1360 690 ποιρά
1416 621 1605 685 πόδας.
1662 625 1917 697 Ζητήσας

326 712 434 781 γὰρ
456 710 595 781 μετὰ
624 712 799 764 ταῦτα
827 711 890 763 τὸ
909 712 1287 782 γραμματεῖον
1327 707 1371 781 ᾧ
1397 713 1469 767 τά
1507 716 1750 787 ὀνόματα
1800 719 1912 772 τῶν

326 805 439 867 τοῖς
475 802 712 874 πρώτοις
757 801 867 857 τῶν
896 803 1267 875 ψευδωνύμων
1316 805 1524 861 δώδεκα
1569 808 1710 862 θεῶν
1767 809 1916 880 ὑπη-

330 894 677 966 ρετουμένων
725 895 1021 966 ἐγκείμενα
1065 891 1168 967 ἦν,
1235 897 1358 952 ἐπεὶ
1429 899 1523 952 καὶ¹
1575 898 1650 973 μὴ
1731 903 1912 972 Δόμνα

330 986 429 1041 καὶ
462 987 643 1057 Ἰνδης
697 987 796 1040 σὺν
828 989 940 1050 τοῖς
963 987 1145 1053 ἄλλοις
1184 987 1492 1059 εὑρίσκετο,
1547 992 1643 1046 καὶ
1702 994 1911 1064 σφόδρα

330 1077 637 1141 σπουδαίως
662 1078 811 1143 ὅπως
837 1072 950 1150 εἶχε
976 1078 1042 1134 τὰ
1070 1078 1190 1134 κατ’
1216 1081 1415 1146 αὐτοὺς
1445 1082 1799 1141 ἐπυνθάνετο.

402 1255 501 1311 IB'.
517 1257 607 1322 Ὦς
628 1256 685 1311 δέ
710 1258 877 1330 ἤκουε
909 1260 1060 1331 παρά
1080 1259 1174 1315 τοῦ
1207 1264 1595 1339 ἀρχιευνούχου
1625 1269 1706 1323 ὅτι
1728 1270 1910 1341 Δόμνα

333 1348 436 1419 μὲν
489 1349 599 1403 τῶν
650 1350 865 1420 φρενῶν
915 1353 1165 1417 ἐκπέσοι,
1208 1352 1325 1410 ἐστι
1383 1356 1442 1410 δὲ
1495 1358 1591 1412 νῦν
1615 1361 1766 1429 παρά
1796 1362 1910 1427 τοῖς

329 1442 503 1495 ταῦτα
529 1441 854 1512 θεραπεύειν
889 1446 1296 1518 ἐπισταμένοις,
1326 1447 1542 1505 σύνεστι
1574 1451 1631 1505 δὲ
1674 1453 1768 1507 καὶ
1795 1454 1908 1509 Ἰν-

330 1531 430 1603 δης
460 1531 600 1606 αὐτῇ
630 1534 881 1604 φυλακῆς
909 1537 1070 1608 χάριν
1096 1543 1191 1592 καὶ
1214 1538 1539 1611 ὑπουργίας,
1569 1543 1776 1608 ἐκεῖνος
1806 1546 1908 1616 ἤδη

328 1625 408 1695 τῷ
441 1625 599 1697 θυμῷ
624 1625 975 1699 φλεγμαῖνων
1000 1630 1095 1684 καὶ
1125 1630 1271 1702 μέγα
1316 1633 1664 1705 ἀνακραγὼν,
1707 1631 1779 1690 Ὦ
1809 1638 1911 1691 κά-

331 1734 485 1771 κιστε
514 1718 839 1789 ἀνθρώπων,
876 1719 1003 1793 ἔφη,
1023 1723 1236 1794 Δόμναν
1271 1727 1369 1796 μὲν
1403 1727 1749 1800 δαιμονῶσαν
1775 1731 1908 1795 ἴσως

2024 538 2324 596 admodum
2374 540 2496 596 leve
2556 550 2613 597 et
2671 557 2905 612 parvum
2955 543 3023 599 ad
3062 544 3464 614 penetrandum
3501 547 3614 601 Ma-

2023 631 2254 686 ximiani
2304 633 2584 701 animum,
2632 645 2689 690 et
2728 634 3178 705 persuadendum
3222 647 3284 693 ut
3315 639 3610 707 resipisce-

2022 732 2109 779 ret
2165 725 2235 779 ab
2289 725 2594 796 impietate.
2664 726 2800 781 Nam
2863 741 2990 781 cum
3050 737 3240 798 postea
3305 728 3615 799 quasiisset

2022 815 2341 871 schedulam
2363 859 2378 883 ,
2412 817 2466 872 in
2508 833 2617 889 qua
2669 826 2829 874 erant
2863 820 3090 875 nomina
3133 835 3328 876 eorum
3354 821 3447 892 qui
3477 822 3616 878 falso

2024 904 2285 961 dicuntur
2319 905 2420 972 dii,
2448 906 2862 973 ministrabant,
2896 910 3157 981 quoniam
3189 908 3395 964 Domna
3437 918 3493 965 et
3525 909 3617 964 ln-

2022 995 2121 1052 des
2152 1012 2264 1051 non
2317 997 2748 1054 inveniebantur
2799 1015 2924 1054 cum
2969 1000 3124 1064 aliis,
3157 999 3347 1054 dolore
3381 999 3617 1055 simulet

2019 1085 2099 1141 ira
2130 1086 2483 1156 implebatur,
2512 1096 2569 1144 et
2620 1088 2916 1160 diligenter
2958 1089 3425 1159 percontabatur,
3468 1104 3614 1158 quo-

2020 1175 2185 1231 modo
2214 1191 2303 1232 res
2359 1191 2556 1233 eorum
2593 1193 2652 1234 se
2690 1178 2982 1235 baberent.

2090 1266 2209 1325 XII.
2248 1270 2547 1339 Postquam
2572 1280 2759 1325 autem
2810 1269 3023 1325 audivit
3065 1269 3134 1324 ab
3174 1270 3616 1335 archieunuelio,

2017 1364 2242 1419 Domnae
2289 1361 2514 1433 quidem
2567 1371 2808 1417 emotam
2866 1377 2990 1418 esse
3021 1371 3289 1426 mentem,
3323 1379 3447 1418 eam
3486 1376 3619 1417 vero

2019 1470 2170 1510 nunc
2199 1468 2322 1510 esse
2345 1454 2491 1525 apud
2528 1470 2644 1522 eos,
2682 1454 2776 1524 qui
2812 1470 2877 1509 ea
2910 1455 3099 1511 sciunt
3129 1469 3362 1522 curare;
3394 1470 3521 1510 eum
3552 1470 3617 1512 ea

2020 1556 2205 1602 autem
2251 1561 2373 1603 esse
2406 1544 2617 1613 lndcm,
2651 1557 2713 1602 ut
2759 1562 2881 1601 eam
2923 1547 3220 1615 custodiat,
3255 1557 3312 1603 et
3340 1548 3392 1602 ei
3432 1548 3617 1603 inser-

2017 1641 2134 1696 viat
2165 1679 2180 1704 ,
2219 1640 2312 1695 ille
2354 1639 2468 1712 jam
2514 1640 2599 1694 ira
2628 1647 2909 1703 aestuans,
2952 1646 3009 1693 et
3059 1638 3220 1693 valde
3262 1638 3572 1694 vociferans
3606 1657 3619 1693 :

2017 1732 2062 1788 Ο
2090 1731 2326 1803 pessime
2358 1730 2650 1795 hominun,
2684 1729 2884 1801 inquit,
2918 1730 3188 1785 Domnam
3219 1731 3467 1800 quidem,
3495 1746 3618 1800 quae

331 1808 430 1861 οὐκ
448 1805 556 1862 aut
584 1809 787 1880 τρόπου
820 1811 920 1881 τῆς
947 1811 1057 1866 τῶν
1100 1812 1240 1868 θεῶν
1297 1816 1615 1888 ἀπέστησας
1672 1817 1917 1889 λειτουρ-

2025 1828 2334 1883 vexabatur
2379 1841 2410 1881 a
2440 1825 2716 1901 daemone,
2748 1824 2983 1879 fortasse
3013 1839 3123 1878 non
3159 1823 3438 1878 immerito
3468 1837 3621 1877 amo-

333 1901 496 1968 γίας’
518 1901 647 1955 τίδὲ
677 1902 866 1957 παθὼν
891 1905 987 1959 καὶ
1024 1906 1205 1979 Ἰνδης
1248 1907 1596 1980 θεραπευτὴν
1646 1909 1775 1965 ὄντα
1810 1911 1918 1965 τῶν

2026 1917 2155 1973 visti
2187 1931 2217 1971 a
2250 1915 2481 1972 deorum
2530 1914 2866 1970 ministerio.
2896 1913 3172 1979 Quidnam
3210 1922 3396 1967 autem
3432 1922 3485 1967 te
3510 1927 3626 1966 mo-

336 1990 589 2079 μεγάλων
611 1991 751 2046 θεῶν
780 1996 916 2065 αὐτῇ
953 1998 1371 2069 συναπέστησας
1418 2000 1513 2054 καὶ
1543 2000 1605 2054 τό
1636 2018 1700 2069 γε
1725 2002 1808 2064 εἰς
1859 2001 1919 2055 σὲ

2030 2010 2129 2074 vit,
2163 2020 2224 2066 ut
2270 2010 2463 2066 lndem
2495 2024 2740 2079 quoque,
2797 2021 3126 2075 magnorum
3160 2004 3391 2061 deorum
3445 2006 3625 2060 culto—

331 2076 467 2154 ἧκον
500 2084 744 2155 ἐρήμους
767 2086 1075 2157 ὑπηρεσίας
1101 2090 1311 2158 ἀνῆκας
1356 2092 1554 2156 αὐτούς
1581 2110 1596 2159 ;
1666 2092 1808 2162 Ἐγὼ
1862 2093 1919 2146 δὲ

2029 2118 2170 2168 rem,
2220 2116 2346 2156 cum
2403 2114 2466 2156 ea
2500 2098 2852 2162 amandares,
2884 2104 2941 2152 et
2990 2104 3260 2166 quantum
3296 2094 3349 2149 in
3398 2104 3452 2150 te
3494 2093 3622 2159 fuit,

333 2174 449 2229 ἀλλ’
472 2176 672 2240 αὐτοὺς
706 2178 917 2248 ὄμνυμι
946 2180 1076 2244 τοὺς
1100 2181 1255 2245 θεοὺς
1276 2181 1351 2247 ῶς
1375 2185 1640 2254 οὐμενοῦν
1670 2186 1732 2240 ού
1782 2204 1919 2257 παρ-

2027 2208 2126 2248 eos
2170 2208 2199 2247 a
2244 2191 2553 2247 ministerio
2593 2190 2843 2244 desertos
2897 2186 3262 2243 dimitteres?
3315 2185 3424 2241 Sed
3474 2184 3624 2256 ipsos

334 2266 615 2322 ελεύσεται
645 2269 678 2339 ὴ
703 2269 829 2335 ἀξία
873 2270 966 2324 τοῦ
996 2272 1345 2345 τολμήματος
1372 2275 1521 2348 δίκη,
1549 2272 1672 2331 εἷπε
1703 2279 1800 2332 καὶ
1820 2279 1919 2333 οὐκ

2025 2286 2153 2358 jure
2203 2284 2377 2347 deos,
2448 2292 2502 2338 te
2559 2282 2737 2353 justas
2802 2278 3032 2336 sceleris
3084 2292 3278 2348 poenas
3334 2292 3440 2331 non
3500 2291 3624 2332 esse

333 2359 548 2431 ἠμέλει,
586 2362 722 2416 ἀλλά
751 2362 812 2416 τὸ
834 2363 1215 2437 λειτούργημα
1239 2368 1350 2423 τῶν
1370 2370 1650 2443 ,καμήλων
1680 2373 1739 2427 αἶ
1771 2376 1828 2428 ἐν
1852 2377 1919 2446 τῇ

333 2453 490 2525 χώρᾳ
507 2454 1014 2513 Κλαυδιουπολιτῶν
1044 2459 1343 2532 ἐτύγχανον
1369 2460 1547 2530 οὖσαι,
1578 2466 1923 2538 ἐγχειρισθῆ-

334 2544 420 2599 ναί
466 2545 516 2598 oi
567 2547 861 2601 ἐπέταττεν
919 2547 1084 2617 ὄγκου
1138 2550 1301 2606 αὐτὸν
1351 2553 1676 2623 ἀρχοντικοΰ
1743 2572 1921 2609 κατα-

333 2638 522 2707 γαγὼν
552 2640 646 2693 καὶ
670 2640 807 2712 πρὸς
827 2641 1063 2712 ἐσχάτην
1084 2643 1299 2709 ἀδοξίαν
1335 2645 1622 2715 περιιστάς
1645 2662 1658 2678 ·
1686 2642 1807 2702 εἶτα
1829 2649 1924 2703 καὶ

338 2729 521 2801 ’Ἰνδην
555 2730 810 2784 ἐκέλευσε
845 2733 1194 2803 παραστῆναι
1223 2735 1319 2788 καὶ
1357 2735 1425 2789 τὰ
1453 2734 1591 2804 πρδς
1627 2735 1783 2799 θεοὺς
1807 2739 1925 2797 είω,

335 2821 467 2876 θότα
503 2824 598 2877 καὶ
624 2818 779 2888 αὖθις
802 2824 1003 2879 ποιεῖν.
1085 2822 1143 2877 ’0
1174 2823 1231 2878 δὲ
1259 2823 1549 2894 παρελθὼν
1598 2824 1667 2878 τὰ
1716 2825 1923 2899 συνήθη

334 2918 473 2988 πρὸς
531 2916 795 2986 ἀλήθειαν
851 2917 1024 2971 ποιῶν
1082 2912 1172 2988 ἦν,
1228 2917 1323 2971 καὶ
1351 2917 1494 2981 θεοῖς
1530 2919 1629 2988 μέν
1652 2919 1742 2971 καὶ
1775 2921 1926 2984 θεαῖς

333 2996 561 3075 καὶτοῖς
591 3010 798 3064 τούτων
832 3012 1135 3082 ίερουργοϊς
1165 3010 1336 3063 πολλὰ
1359 3011 1570 3081 χαίρειν
1595 3011 1628 3082 ἢ
1664 3013 1925 3081 οἰμώζειν

335 3101 537 3171 μᾶλλον
561 3100 734 3155 εἰπὼν
759 3101 922 3166 αὐτὸς
976 3103 1301 3172 προσανεῖχε
1340 3101 1489 3173 μόνῳ
1516 3101 1635 3173 Θεῷ
1690 3120 1925 3175 προσευχ

333 3193 459 3262 χαῖς
478 3210 537 3247 τε
577 3192 670 3247 καὶ
716 3193 995 3264 νηστείαις
1024 3193 1314 3266 ἐνασχολού
1324 3211 1507 3265 μενος,
1530 3194 1626 3247 καὶ⁸
1659 3194 1734 3265 μὴ
1756 3196 1920 3263 μόνον

331 3284 486 3339 οὐδὲν
512 3284 650 3355 πρὸς
680 3283 778 3355 τὴν
810 3285 1032 3338 ἐκείνων
1062 3284 1319 3338 ἀσέϐειαν
1343 3286 1632 3354 καθυφεὶς,
1665 3285 1799 3340 ἀλλά
1829 3288 1922 3342 καὶ

334 3375 564 3439 πολλοὺς
594 3376 702 3430 τῶν
719 3376 1087 3447 ἠπατημένων
1118 3378 1198 3438 είς
1225 3375 1324 3447 τὴν
1363 3376 1461 3447 τῆς
1495 3377 1754 3449 ἀληθείας
1799 3378 1922 3431 ἐπί-

333 3485 539 3537 γνωσιν
614 3466 1037 3538 ἐκκαλούμενος.
1098 3469 1420 3537 Ἐπαγωγὸν
1453 3469 1561 3541 γὰρ
1632 3472 1712 3535 είς
1749 3470 1923 3526 πειθὼ

334 3561 526 3628 λόγος,
553 3563 756 3616 ὁπόταν
785 3561 885 3635 ἔχῃ
914 3561 1010 3615 καὶ
1042 3560 1156 3631 βίον
1195 3561 1343 3632 αύτῷ
1402 3562 1911 3633 συμφθεγγόμενον·

334 3655 524 3726 ὥσπερ
545 3657 641 3711 οὖν
659 3651 774 3726 εἶχε
817 3657 912 3709 καὶ
939 3655 1141 3725 Ἵνδης,
1168 3656 1263 3708 καὶ
1290 3654 1379 3708 διὰ
1399 3656 1557 3709 τοῦτο
1586 3656 1817 3720 πολλοὺς
1843 3654 1922 3726 τῷ

335 3751 455 3823 Θεῷ
485 3750 752 3819 προσῆγε,
781 3748 879 3802 καὶ
902 3746 1037 3809 ἀλας
1074 3747 1313 3818 ἀτεχνῶς
1336 3748 1478 3801 θεῖον
1515 3743 1585 3818 ἦν
1634 3748 1828 3802 ἐαυτόν
1858 3765 1919 3801 τε

338 3842 664 3915 συγκρατῶν
691 3841 785 3895 καὶ
823 3839 951 3903 τοὺς
989 3838 1188 3903 ἄλλους
1242 3840 1557 3911 διακρατεῖν
1601 3840 1917 3910 δυνάμενος.

349 3935 509 3989 Ἀλλά
531 3935 601 3988 τὰ
626 3934 724 4004 μὶν
754 3933 963 3988 ἐκείνου
994 3931 1215 3986 τοιαῦτα
1246 3946 1263 3965 ο
1315 3930 1651 4002 Μαξιμιανῷ
1718 3931 1775 3985 δὲ
1819 3931 1920 3984 οὐκ

337 4022 405 4099 ἦν
429 4024 657 4081 ἀνεκτὸν
686 4024 980 4096 βαρδάρων
1014 4023 1113 4094 μὲν
1140 4022 1357 4078 πάντων
1390 4021 1779 4093 περιγενέσθαι
1833 4024 1921 4077 δοο

337 4119 454 4171 κεῖν
480 4116 575 4171 καὶ
598 4114 870 4187 βλέμματι
916 4114 1065 4185 μόνῳ
1099 4113 1369 4185 μυριάδας
1397 4112 1569 4183 ὄχλων
1593 4112 1797 4182 φοϐεῖν,
1824 4114 1920 4183 ἡτ-

335 4208 534 4263 τᾶσθαι
591 4207 649 4263 δέ
680 4202 816 4279 ξτῶν
845 4208 1085 4272 οἰκείων,
1113 4207 1227 4276 καὶ,
1242 4205 1417 4260 ταῦτα
1461 4205 1596 4261 νέων
1631 4204 1776 4260 οὕτω
1823 4205 1917 4259 καὶ

336 4299 545 4353 ἀτελῶν
574 4298 656 4352 ἐτι
688 4298 789 4370 τὴν
818 4297 1060 4368 ἠλικίαν.

407 4390 511 4447 ll".
568 4390 788 4462 ’Δμέλει
838 4390 971 4460 γοῦν
1029 4391 1125 4445 καὶ
1154 4388 1323 4455 λύσας
1349 4391 1492 4445 κατά
1536 4389 1729 4462 μικρδν
1779 4391 1916 4461 ὅπερ

2029 2392 2348 2433 evasurum.
2382 2374 2551 2443 Dixit,
2574 2388 2756 2444 neque
2794 2372 2942 2442 quod
2978 2371 3198 2426 dixerat
3227 2368 3490 2439 neglexit,
3524 2370 3624 2425 sed

2030 2470 2404 2526 ministerium
2479 2468 2844 2529 camelorum,
2912 2464 3010 2535 qui
3076 2474 3239 2519 erant
3302 2463 3358 2517 in
3405 2463 3627 2532 regione

2029 2561 2532 2632 Claudiopolitana,
2571 2563 2623 2615 ei
2680 2558 2823 2613 tradi
2898 2556 3216 2626 imperavit,
3294 2554 3347 2610 ei
3384 2554 3630 2609 auctori-

2033 2661 2204 2732 tatem.
2225 2652 2540 2715 detrahens:
2567 2648 2937 2720 praefecturae,
2977 2655 3034 2703 et
3068 2662 3197 2703 eum
3228 2646 3298 2701 ad
3320 2654 3629 2701 extremam

2031 2744 2241 2800 ducens
2298 2741 2679 2813 ignominiam.
2736 2739 2948 2793 Deinde
2992 2737 3191 2806 lndem,
3211 2751 3435 2807 quoque
3464 2734 3629 2803 jussit

2032 2831 2256 2895 adduci,
2296 2839 2351 2884 et
2390 2844 2454 2883 ea
2488 2841 2685 2882 rursus
2716 2825 2898 2880 facere
2937 2839 3059 2893 qua:
3092 2824 3200 2878 diis
3234 2828 3626 2878 consueverat.

2031 2922 2127 2979 llle
2153 2936 2282 2976 vero
2310 2933 2435 2974 cum
2463 2916 2808 2979 accessisset,
2837 2913 3077 2968 faciebat
3104 2927 3321 2973 revera,
3348 2925 3471 2980 qua:
3492 2924 3629 2964 con-

2033 3021 2309 3077 sueverat,
2337 3010 2583 3080 deosque
2607 3015 2664 3064 et
2690 3006 2822 3062 deas
2858 3014 2916 3062 et
2952 3019 3147 3059 eorum
3170 3002 3491 3057 sacerdotes
3524 3018 3623 3056 va-

2033 3106 2169 3169 lere,
2194 3105 2279 3160 vel
2303 3104 2488 3174 potius
2516 3100 2647 3156 ﬂere
2678 3097 3036 3171 jubens,ipse
3075 3096 3179 3151 soli
3214 3096 3328 3150 Deo
3367 3093 3620 3162 vacabat,

2027 3198 2082 3252 in
2118 3172 2467 3252 orationibus
2488 3206 2717 3247 versans
2753 3188 3077 3260 etjejuniis,
3099 3194 3156 3242 et
3193 3200 3304 3240 non
3338 3185 3518 3240 solum
3560 3185 3627 3241 ad
3678 3172 3685 3179 ’

2024 3305 2219 3349 eorum
2244 3287 2585 3357 impietatem
2625 3284 2851 3338 minime
2882 3295 2941 3336 se
2964 3278 3273 3343 dimittens,
3304 3276 3401 3332 sed
3427 3275 3626 3330 multos

2023 3384 2187 3438 etiam
2212 3397 2281 3438 ex
2310 3380 2379 3436 iis
2410 3378 2505 3449 qui
2536 3376 2753 3445 decepti
2787 3374 3029 3439 fuerant,
3060 3372 3128 3428 ad
3161 3370 3415 3425 veritatis
3464 3367 3628 3437 agni-

2025 3475 2235 3530 tionem
2309 3485 2598 3528 revocans.
2655 3468 2766 3523 Res
2807 3475 2892 3521 est
2920 3464 3115 3534 enimJ
3142 3478 3265 3534 qua:
3317 3460 3386 3516 ad
3426 3459 3629 3515 verita-

2025 3577 2133 3625 tem
2185 3564 2403 3621 inducit
2433 3554 2886 3632 oratio,’quaudo
2933 3558 3102 3613 habet
3133 3558 3300 3614 etiam
3353 3554 3524 3609 vitam
3575 3553 3628 3609 ei

2023 3657 2484 3714 consentientem.
2545 3652 2658 3709 Hac
2718 3653 2908 3722 itaque
2954 3651 3167 3704 ratione
3216 3647 3380 3704 lndes
3428 3646 3630 3701 multos

2021 3751 2088 3805 ad
2122 3751 2295 3804 Deum
2348 3746 2598 3810 adduxit;
2627 3753 2684 3800 et
2711 3753 2833 3799 erat
2869 3757 3063 3797 revera
3101 3740 3181 3795 sal
3247 3738 3491 3799 divinus,
3534 3736 3626 3805 qui

2020 3850 2079 3896 et
2107 3841 2353 3911 seipsum
2416 3836 2756 3902 continebat,
2805 3845 2863 3889 et
2889 3833 3025 3887 alios
3056 3839 3271 3902 poterat
3317 3829 3628 3885 continere.

2022 3928 2129 3984 Sed
2165 3929 2299 3984 tales
2327 3925 2551 3997 quidem
2587 3931 2743 3980 erant
2778 3936 2865 3976 res
2915 3922 3100 3976 illius:
3154 3918 3486 3974 Maximiano
3531 3930 3629 3970 au-

2023 4026 2131 4074 tem
2166 4015 2287 4073 erat
2313 4015 2683 4079 intolerabile,
2718 4012 2898 4067 videri
2950 4011 3173 4081 quidem
3223 4024 3417 4065 omnes
3467 4021 3626 4078 supe-

2019 4128 2169 4168 rasse
2237 4110 2523 4174 barbaros,
2574 4114 2630 4161 et
2659 4092 2789 4162 solo'
2847 4112 3075 4174 aspectu
3146 4112 3359 4157 terrere
3441 4099 3630 4170 populi

2020 4203 2191 4257 multa
2245 4199 2459 4254 m'llia:
2499 4197 2644 4252 vinci
2672 4211 2857 4252 veroa
2888 4196 3028 4258 suis,
3065 4193 3234 4263 idque
3275 4203 3401 4246 cum
3442 4194 3631 4246 essent

2021 4294 2161 4351 adeo
2196 4295 2450 4363 iuvenes,
2486 4298 2544 4344 et
2568 4297 2732 4344 mtate
2767 4284 3121 4356 imperfecta.

2092 4386 2233 4441 Xlll.
2259 4384 2395 4441 Cum
2426 4384 2629 4453 ,itaque
2663 4380 2928 4451 paulatim
2991 4376 3267 4442 solvisset,
3322 4389 3632 4446 quamcun-

336 4481 451 4555 εἶχε
482 4484 780 4557 πρόσχημα
808 4482 940 4553 γοῦν
956 4500 1009 4537 τι
1042 4482 1476 4555 φιλανθρωπίας,
1513 4482 1764 4553 φανερῶς
1815 4484 1916 4554 μὲν

2025 4494 2129 4551 que
2174 4477 2413 4532 habebat
2441 4474 2682 4545 speciem
2718 4469 3101 4530 humanitatis.
3149 4476 3340 4538 aperte
3403 4466 3628 4538 quidem

270 4648 278 4655 ο
339 4572 416 4650 ἦν
445 4576 524 4648 τῷ
540 4575 766 4649 Χριστῷ
801 4577 1132 4647 μαχόμενος,
1156 4574 1319 4638 ναούς
1340 4591 1402 4628 τε
1434 4574 1615 4645 ἱεροὺς
1644 4575 1920 4647 καθαιρῶν

336 4670 432 4724 καὶ
463 4669 651 4732 οἴκους
677 4668 932 4738 δαίμοσιν
958 4665 1350 4736 ἀνοικοδομῶν,
1390 4664 1657 4735 ἄρχοντας
1697 4665 1756 4718 δὲ
1816 4666 1925 4720 δει-

335 4760 461 4823 νοὺς
493 4758 592 4828 μὲν
625 4760 821 4823 εἰπεῖν,
848 4756 1035 4828 ὠμοὺς
1073 4756 1130 4810 δὲ
1158 4756 1387 4811 κολάσαι
1434 4756 1578 4810 κατά
1610 4756 1791 4809 πᾶσαν
1840 4757 1925 4810 ὲκ-

339 4850 583 4920 πέμπων
633 4848 735 4919 τὴν
765 4848 1113 4919 οίκουμένην,
1144 4844 1224 4910 οἷς
1254 4847 1354 4901 οὐκ
1394 4848 1556 4917 ἤρκει
1593 4846 1736 4902 κατά
1784 4848 1923 4918 Χρι-

341 4939 578 4995 στιανῶν
610 4941 646 5011 ἡ
668 4937 799 5010 παρ’
822 4939 1032 4993 ἑαυτῶν
1061 4938 1305 5010 ὠμότης,
1343 4938 1480 4993 ἀλλά
1517 4938 1610 4993 καὶ
1635 4940 1669 5008 ὴ
1698 4938 1793 4993 τοῦ
1822 4938 1923 5009 βα-

338 5033 534 5094 σιλέως
561 5032 801 5102 ἀπήνεια
830 5029 1196 5103 προσετίθετο.
1226 5030 1588 5101 Παρήγγελλε
1612 5032 1722 5101 γάρ
1753 5032 1922 5086 ἀπει-

339 5125 495 5179 θοῦσι
522 5125 874 5196 Χριπιανοίς
902 5123 1069 5195 μηδὲν
1122 5123 1364 5194 ὑφιέναι,
1403 5122 1521 5178 ἀλλ’
1574 5121 1716 5177 οὕτω
1762 5125 1927 5178 κολά-

338 5215 485 5282 ζειν,
517 5215 593 5280 ὡς
637 5215 749 5270 τῶν
805 5214 1104 5286 ὀφθαλμῶν
1175 5216 1391 5272 ἐκείνου
1458 5215 1925 5282 συνεξεταζόντων

336 5305 489 5378 αὕτῷ
527 5308 622 5362 καὶ
671 5307 962 5379 θεωμένων
1010 5308 1111 5380 τὴν
1151 5308 1248 5362 τοῦ
1302 5308 1548 5380 βήματος
1596 5309 1921 5379 αὐστηρίαν,

334 5395 436 5465 τὴν
456 5396 587 5467 περὶ
614 5397 678 5452 τὸ
715 5398 994 5465 ἐξετάζειν
1021 5400 1400 5471 περιέργειαν,
1438 5399 1499 5453 τὸ
1527 5399 1656 5470 περὶ
1688 5399 1789 5462 τὰς
1827 5417 1923 5453 κο-

334 5489 520 5553 λάσεις
545 5491 875 5562 καινουργὸν
908 5492 1004 5545 καὶ
1060 5492 1391 5562 φιλόνεικον,
1445 5493 1540 5545 καὶ
1588 5492 1665 5556 ὡς
1716 5494 1924 5556 ἐκεῖνος

330 5579 399 5635 ἂν
427 5580 515 5651 εἴη
537 5583 565 5634 ό
595 5581 781 5635 πλεῖον
801 5583 952 5654 αὐτῷ
974 5583 1356 5655 χαριζόμενος,
1404 5587 1433 5639 δ
1460 5585 1554 5639 καὶ
1592 5584 1814 5639 πλείονα
1834 5585 1926 5656 6f;-

334 5689 437 5726 mu
466 5672 708 5736 κολάζων
741 5676 1125 5747 Χριστιανούς.
1165 5677 1323 5732 Οὕτω
1344 5679 1472 5743 τοὺς
1499 5679 1768 5748 ἄρχοντας
1813 5680 1922 5734 διε-

337 5764 560 5833 ρεθὲσας
588 5765 917 5837 ἐξέπεμπεν.
948 5769 1045 5844 ,ού
1096 5770 1203 5841 μὴν
1240 5767 1376 5824 ἀλλά
1428 5769 1522 5823 καὶ
1567 5770 1922 5841 παράδειγμα

2025 4571 2301 4641 pugnabat
2343 4582 2469 4624 cum
2519 4565 2775 4628 Christo,
2824 4576 2981 4617 sacra
3027 4559 3232 4630 templa
3271 4558 3523 4625 diruens,
3575 4571 3630 4618 et

2024 4664 2172 4722 ades
2222 4660 2566 4718 damonibus
2601 4656 2916 4720 aedificanti;
2972 4653 3261 4725 praefectos
3322 4662 3532 4718 autem,
3574 4662 3631 4708 et

2029 4760 2087 4815 in
2123 4758 2362 4815 dicendo
2422 4753 2823 4819 formidabiles,
2872 4761 2926 4808 et
2962 4750 3016 4806 in
3050 4748 3340 4821 puniendo
3378 4746 3633 4803 crudeles

2030 4852 2259 4908 mittens
2297 4866 2399 4921 per
2425 4848 2749 4904 universum
2788 4844 2980 4900 orbem
3015 4852 3223 4899 terrae:
3260 4839 3470 4910 quibus
3516 4854 3628 4893 non

2029 4941 2336 5000 subiciebat
2365 4956 2464 4996 sua
2488 4939 2755 4995 adversus
2784 4935 3139 4994 Christianos
3166 4932 3499 4993 crudelitas.
3527 4929 3626 4985 sed

2029 5034 2328 5091 accedebat
2378 5032 2547 5087 etiam
2587 5029 2903 5086 immanitas
2960 5024 3336 5097 imperatoris.
3385 5022 3627 5079 Jubehat

2029 5126 2199 5192 enim,
2233 5132 2294 5179 ut
2330 5122 2665 5180 Christianis
2696 5137 2808 5176 non
2850 5118 3241 5175 obedientibus
3280 5115 3425 5170 nihil
3460 5114 3625 5169 cede-

2029 5230 2174 5283 rent,
2220 5215 2319 5273 sed
2366 5215 2448 5272 sic
2492 5213 2778 5285 punirent,
2832 5222 3094 5281 tanquam
3136 5208 3285 5265 oculi
3323 5207 3475 5263 illius
3513 5221 3620 5262 una

2030 5309 2414 5366 examinarent
2443 5316 2500 5361 et
2529 5312 2849 5376 spectarent
2893 5301 3187 5357 tribunalis
3216 5300 3621 5364 austeritatem.

2029 5412 2087 5460 et
2118 5406 2171 5458 in
2201 5400 2573 5457 examinanda
2602 5397 3001 5460 curiositatem,
3032 5403 3090 5450 et
3123 5395 3178 5448 in
3207 5393 3494 5465 puniendo
3525 5406 3626 5447 no-

2029 5509 2152 5549 vam
2216 5490 2593 5547 inventionem
2662 5498 2829 5558 atque
2890 5488 3351 5544 vehementiam:
3413 5486 3610 5541 dicens

2029 5603 2155 5642 etim
2174 5586 2254 5641 illi
2286 5583 2586 5656 plurimum
2607 5582 3182 5653 gratificaturum,qui
3203 5580 3457 5652 pluribus
3490 5594 3625 5649 sup‘

2031 5677 2212 5749 pliciis
2244 5676 2485 5733 adiceret
2508 5674 2874 5737 Christianos.
2910 5675 3003 5733 Sic
3037 5674 3295 5731 incitatos
3323 5672 3625 5730 emittebat

2031 5769 2339 5842 praefectos,
2393 5783 2587 5825 verum
2636 5769 2782 5826 enim
2815 5783 2946 5826 vero
2972 5768 3213 5840 seipsum
3265 5781 3484 5840 quoque
3529 5765 3625 5822 eis
