4142 6380
535 284 672 352 10.35

1689 281 2078 344 ADDENDA.
2122 305 2188 316 —
2233 282 2483 344 DECEM
2495 285 2663 345 BER.

3656 277 3798 345 1056

531 398 856 456 ostendebat
909 396 1190 467 exemplar
1224 395 1583 468 archetypum
1620 396 1688 450 ad
1739 396 2107 451 inhumanita-

2217 394 2405 451 ἑαυτὸν
2429 399 2597 453 ἐδίδου
2657 398 2752 452 καὶ
2793 395 3148 469 πρωτότυπον
3200 395 3282 458 είς
3344 393 3744 464 ἀπανθρωπίαν
3777 411 3793 425 ·

533 503 640 544 tem
662 531 676 551 ,
709 490 783 558 (5)
831 489 968 544 Nam
1001 490 1118 557 ipse
1165 504 1384 557 quoque
1415 498 1538 542 erat
1572 488 1785 557 primus
1816 487 2074 543 occidens
2095 528 2109 552 ,

532 576 788 645 puniens,
821 575 890 630 de
923 575 1104 630 medio
1140 577 1358 641 tollens,
1405 577 1706 646 expellens,
1737 578 1867 648 quid
1901 592 2007 631 non
2035 576 2114 630 vi-

529 664 776 717 olentum
811 679 978 732 agens
997 672 1054 719 et
1077 668 1425 736 tyrannieum
1447 669 1469 719 ?
1494 667 1606 721 imo
1638 683 1772 722 vero
1797 684 1939 736 swpe
1971 683 2112 736 quo-

529 769 640 824 que
667 769 778 808 non
827 755 937 808 vim
968 772 1172 810 meram
1205 757 1462 821 atl‘erens,
1509 756 1602 811 sed
1637 773 1754 812 eam
1787 760 1950 813 etiam
1985 759 2116 813 mis‘

531 862 665 900 cens
716 847 1104 917 persuasione,
1163 859 1219 902 et
1268 849 1442 919 ipsam
1502 851 1792 920 porrigens
1849 857 2113 920 tanquam

2214 487 2335 540 ἐπεὶ
2375 490 2470 542 καὶ
2497 489 2712 560 πρῶτος
2744 488 2906 551 αὐτὸς
2945 483 3011 560 ἦν
3051 486 3298 551 κτείνων,
3328 486 3592 550 κολάζων,
3636 488 3795 539 ἀναι-

2217 577 2348 648 ρῶν,
2379 580 2712 644 ὲλαύνων,τί
2742 581 2818 651 μὴ
2847 580 3018 649 βίαιον
3058 578 3154 632 καὶ
3204 576 3529 647 τυραννικὸν
3561 576 3796 648 ἐργαζό-

2219 689 2418 746 μενος;
2460 671 2661 740 μᾶλλον
2696 672 2751 725 δὲ
2784 669 2880 723 καὶ
2915 669 3180 732 πολλάκις
3218 669 3319 722 οὐκ
3369 669 3606 737 ἄκρατον
3659 670 3796 721 ἐπά-

2217 785 2330 836 γων
2355 765 2456 836 τὴν
2479 764 2620 836 βίαν.
2662 763 2797 816 ἀλλὰ
2821 762 2916 816 καὶ
2956 760 3136 814 πειθοῖ
3161 761 3428 830 κεραννὺς
3476 760 3572 811 καὶ
3629 759 3797 813 οίονεὶ

2216 858 2407 928 δέλεαρ
2430 855 2598 924 αὐτὴν
2625 853 3065 922 προτεινόμενος,
3117 851 3202 904 ἵνα
3235 853 3330 904 καὶ
3379 850 3578 920 μᾶλλον
3620 849 3797 914 οὕτως

529 952 737 1002 escam,
799 950 858 994 ut
912 941 993 995 sic
1044 955 1267 1010 quoque
1313 943 1468 998 ﬁeret
1526 945 1742 1007 saevior,
1797 955 1851 999 et
1887 944 2107 1000 baberel

2218 948 2554 1017 ἀγριώτερος
2577 945 2814 1014 γίνηται,
2846 943 2939 996 καὶ⁸
2977 942 3071 995 τοῦ
3119 940 3369 1003 κολάζειν
3416 940 3798 1009 εὐλογωτέρας

531 1028 938 1097 probabiliores
965 1032 1232 1100 puniendi
1259 1035 1600 1100 occasiones,
1632 1037 1777 1105 quod
1805 1037 2017 1091 nollent
2041 1038 2107 1106 pii

2219 1036 2318 1108 ἔχῃ
2335 1036 2431 1097 τὰς
2460 1033 2716 1104 ἀφορμὰς
2734 1031 2812 1101 τῷ
2843 1031 2920 1101 μὴ
2954 1031 3134 1099 λόγοις
3161 1029 3367 1084 ἐθέλειν
3422 1031 3608 1100 μόνοις
3667 1031 3796 1094 τοὺς

534 1135 729 1188 parere
776 1122 963 1177 verbis
1009 1124 1163 1178 solis.
1197 1125 1246 1179 ls
1295 1141 1419 1180 cum
1465 1129 1872 1183 sanctissimum
1925 1130 2107 1183 Antbi-

2219 1129 2465 1189 εὐσεϐεῖς
2489 1125 2798 1180 πείθεσθαι.
2829 1116 3016 1187 Οὗτος,
3049 1123 3235 1194 ἐπειδὴ
3259 1125 3354 1178 καὶ
3375 1124 3467 1177 τὸν
3491 1123 3797 1192 ἁγιώτατον

532 1225 680 1263 mum
713 1211 803 1264 diu
845 1214 1135 1282 quaesitum
1164 1231 1272 1269 non
1321 1217 1644 1284 invenisset,
1682 1220 1800 1289 ipse
1836 1219 2107 1290 ingressus

2223 1221 2492 1289 ,Ανθιμον
2523 1217 2700 1271 πολλά
2729 1216 2976 1286 ζητήσας
3015 1216 3089 1286 μὴ
3121 1215 3273 1287 εὖροι
3298 1217 3464 1280 αὐτὸς
3507 1217 3639 1270 εἵσω
3695 1217 3798 1286 τῆς

531 1301 820 1355 ecclesiam
846 1343 859 1365 ,
921 1313 1179 1374 tanquam
1214 1306 1331 1360 fera
1367 1307 1550 1378 aliqua
1588 1309 1738 1364 varia
1779 1322 1836 1365 et
1888 1311 2107 1378 dolosa,

2219 1311 2538 1382 ἐκκλησίας,
2570 1306 2682 1364 οἷόν
2710 1328 2762 1364 τι
2788 1309 2975 1380 θηρίον
2998 1309 3244 1362 ποικίλον
3299 1310 3394 1362 καὶ
3426 1309 3646 1380 δολερὸν
3686 1312 3797 1362 είσ-

531 1407 656 1446 cum
689 1395 1034 1449 exercituum
1066 1405 1122 1450 et
1151 1398 1446 1453 satellitum
1479 1401 1832 1458 multitudine
1859 1420 1978 1458 eam
2011 1406 2107 1459 cir-

2218 1402 2386 1458 ελθὼν
2420 1403 2616 1474 πλήθει
2645 1420 2702 1456 τε
2728 1401 3152 1471 στρατευμάτων
3189 1401 3283 1454 καὶ
3315 1401 3628 1472 δορυφόρων
3663 1404 3798 1455 ταύ-

530 1487 919 1552 cumdedisset,
973 1499 1028 1542 et
1073 1489 1272 1545 deinde
1309 1491 1475 1546 etiam
1527 1493 1770 1550 lenitatis
1826 1511 2107 1564 personam

2217 1512 2315 1564 την
2353 1492 2686 1565 περιλαόὼν,
2745 1488 2865 1546 εἶτα
2895 1493 2988 1545 καὶ
3040 1493 3342 1544 ἐπιείκειαν
3382 1493 3604 1557 ὐποδύς,
3642 1493 3707 1544 ἵν’
3743 1492 3794 1543 οἱ

529 1576 812 1642 subiisset,
850 1588 910 1634 ut
943 1581 1034 1634 alii
1077 1582 1300 1651 quidem
1343 1583 1706 1640 formidarent
1735 1587 1844 1641 vim
1883 1597 1936 1642 et
1979 1589 2107 1642 mul-

2219 1585 2320 1656 μὲν
2347 1585 2406 1638 τὸ
2435 1584 2639 1654 πλῆθος
2696 1585 2794 1637 καὶ
2835 1581 2936 1654 τὴν
2971 1584 3129 1652 ίσχύν
3195 1581 3600 1662 ὑποπτήξωσιν,
3637 1583 3684 1634 οἱ
3733 1583 3791 1634 δὲ

533 1669 848 1735 titudinem,
897 1673 989 1726 alii
1028 1683 1210 1728 autem
1243 1676 1310 1729 ad
1341 1676 1444 1730 sibi
1482 1678 1672 1732 utilem
1710 1679 1989 1735 iutuentes
2013 1681 2114 1736 bes

531 1761 876 1829 uignitalem,
928 1764 1341 1819 abducerentur
1384 1782 1412 1820 a
1446 1769 1828 1837 persuasione,
1886 1780 1941 1824 et
1989 1787 2116 1826 cum

528 1851 610 1906 sic
657 1863 916 1921 tanquam
964 1855 1179 1909 duobus
1225 1856 1465 1912 fortibus
1499 1858 1752 1920 vinculis,
1809 1868 2006 1916 timore
2059 1873 2116 1918 et

530 1945 885 2011 persuasione
921 1947 1038 2014 pios
1089 1948 1422 2017 eolligasset,
1475 1953 1726 2018 captivos
1772 1951 2014 2007 ducebat
2044 1954 2113 2008 ad

528 2035 812 2103 pietatem.
839 2037 975 2091 Cum
1017 2038 1132 2092 haec
1168 2039 1311 2107 apud
1375 2055 1432 2094 se
1471 2041 1782 2112 cogitasset,
1836 2043 1902 2098 ad
1937 2059 2114 2114 popu-

525 2127 638 2180 lum
667 2127 827 2182 talem
857 2128 1049 2182 habuit
1081 2130 1408 2184 orationem.

599 2221 737 2275 XIV.
770 2222 885 2290 Ego
921 2223 1087 2276 etiam
1127 2225 1393 2280 adversus
1430 2237 1622 2296 gentes
1671 2228 1956 2294 barbaras,
1990 2246 2113 2300 quas

529 2327 710 2365 meum
737 2311 928 2380 jugum
976 2311 1124 2367 ferre
1169 2324 1453 2379 recusant,
1525 2325 1582 2369 et
1617 2332 1726 2370 non
1757 2327 1952 2386 parent
1998 2321 2110 2374 Ro-

528 2418 813 2457 manorum
845 2403 1079 2473 legibus,
1128 2419 1238 2459 non
1271 2407 1457 2460 statim
1505 2423 1699 2463 moveo
1746 2410 1978 2474 hastam,
2011 2426 2111 2466 ne-

525 2508 634 2560 que
683 2503 809 2545 utor
850 2494 1070 2562 jaculis,
1119 2508 1301 2564 neque
1353 2496 1533 2566 gladio
1563 2497 1645 2552 eis
1675 2499 1877 2554 caedem
1912 2501 2106 2565 all'ero,

525 2584 623 2639 sed
655 2585 831 2640 bonos
874 2585 1059 2641 imitor
1092 2587 1358 2651 medicos,
1406 2589 1668 2646 mollibus
1705 2592 1944 2661 primum
1985 2610 2109 2648 ver-

524 2675 610 2730 bis
628 2685 684 2731 et
703 2677 976 2748 benignis,
1001 2678 1227 2747 perinde
1250 2693 1313 2732 ac
1336 2680 1476 2745 oleo,
1500 2690 1770 2736 tumorem
1797 2685 2102 2740 emolliens.

527 2767 732 2824 Deinde
762 2779 1050 2839 postquam
1070 2771 1261 2826 videro
1278 2787 1375 2827 eos
1399 2789 1520 2829 esse
1543 2775 1702 2829 valde
1722 2776 2106 2833 immedicabi-

523 2863 607 2917 les
630 2863 896 2933 ulcusque
928 2879 1120 2918 eorum
1161 2865 1320 2919 valde
1347 2866 1643 2936 malignum
1667 2877 1721 2922 et
1748 2869 2104 2938 profundum,

524 2963 657 3012 tunc
687 2965 815 3010 utor
852 2957 1123 3022 cauterio,
1173 2967 1225 3012 et
1249 2958 1357 3026 jam
1386 2972 1578 3027 aspera
1610 2969 1666 3014 et
1716 2961 1909 3015 acerba
1944 2963 2109 3016 secti-

2219 1674 2353 1747 πρὸς
2387 1673 2489 1744 τὴν
2524 1672 2857 1744 ὲπίχρηστον
2882 1671 3120 1742 ὁρῶντες
3170 1671 3583 1742 φιλανθρωπίαν
3613 1673 3796 1725 πειθοῖ

2219 1767 2698 1837 συναρπάζωνται,
2758 1766 2851 1820 καὶ
2904 1764 3078 1828 οὕτως
3142 1763 3332 1834 ὥσπερ
3366 1765 3579 1836 ἆμμασι
3636 1765 3793 1818 δυσὶν

2221 1861 2480 1930 ίσχυροῖς,
2520 1858 2668 1928 φόϐῳ
2693 1858 2786 1910 καὶ
2839 1857 3017 1910 πειθοῖ
3049 1857 3178 1919 τοὺς
3236 1856 3481 1920 εὐσεϐεῖς
3528 1857 3794 1926 συνδήσας

2216 1949 2596 2022 αἰχμαλώτους
2660 1950 2842 2016 ἀγάγῃ
2905 1948 3042 2018 πρὸς
3088 1948 3188 2019 τὴν
3243 1948 3517 2012 ἀσέῦειαν,
3565 1949 3795 2002 τοιαῦτα

2219 2042 2558 2113 σκεψάμενος
2597 2041 2754 2109 λόγου
2779 2040 2913 2112 πρὸς
2943 2041 3002 2094 τὸ
3033 2039 3234 2112 πλῆθος
3284 2040 3488 2112 ἤρξατο
3519 2039 3790 2096 τοιούτου.

2287 2225 2386 2275 IA'.
2443 2219 2586 2290 Ἐγὼ
2616 2219 2710 2272 καὶ
2739 2217 2874 2287 πρδς
2908 2217 3035 2286 ἔθνη
3067 2217 3318 2289 βάρϐαρα
3351 2216 3442 2268 τὸν
3471 2215 3600 2285 ὲμδν
3628 2213 3793 2282 ζυγὸν

2213 2313 2639 2384 δυσχεραίνοντα
2686 2312 2782 2364 καὶ
2831 2311 3117 2380 Ῥωμαίων
3179 2310 3365 2379 νόμοις
3427 2308 3502 2377 μὴ
3560 2305 3796 2374 πειθαρ-

2213 2407 2415 2478 χοῧντα
2455 2406 2557 2460 οὐκ
2603 2403 2768 2466 εὐθὺς
2822 2403 2883 2455 τὸ
2913 2403 3044 2472 δόρυ
3075 2401 3210 2460 κινῶ
3254 2401 3378 2454 οὐτε
3437 2399 3543 2470 μὴν
3571 2397 3794 2469 χρῶμαι

2211 2501 2324 2562 τοῖς
2357 2497 2598 2568 βέλεσιν,
2633 2497 2755 2549 οὐδὲ
2792 2497 2894 2566 τὴν
2928 2496 3013 2548 διά
3075 2494 3261 2562 ξίφους
3293 2494 3484 2559 ἐπάγω
3516 2491 3733 2559 σφαγήν
3772 2503 3791 2522 ο

2212 2589 2347 2644 ἀλλά
2388 2589 2514 2653 τοὺς
2575 2589 2814 2657 ἀγαθοὺς
2881 2587 3154 2657 μιμοῦμαι
3178 2585 3287 2638 τῶν
3333 2585 3794 2654 ίατρῶν,ρήμασι

2217 2682 2484 2755 μαλακοῖς
2515 2681 2576 2735 τὸ
2615 2681 2832 2752 πρῶτον
2869 2683 2961 2732 καὶ
2995 2678 3398 2750 φιλανθρώποις
3430 2677 3618 2744 ὥσπερ
3657 2674 3795 2744 ἐλέῳ

2213 2774 2598 2846 διαμαλάσσων
2655 2771 2715 2824 τὸ
2772 2772 2993 2840 οἴδημα.
3045 2765 3157 2822 Εἶθ’
3189 2767 3364 2830 οὕτως
3420 2767 3638 2820 ἐπειδὰν
3697 2765 3794 2818 ἴδω

2217 2867 2422 2936 σφόδρα
2451 2865 2712 2930 δυσιάτως
2743 2865 2964 2934 ἔχοντας
2995 2864 3090 2918 καὶ
3137 2864 3196 2916 τὸ
3229 2863 3385 2925 ἕλκος
3440 2857 3676 2913 ὓπουλον
3697 2861 3794 2912 καὶ

2211 2960 2352 3014 πάνυ
2383 2957 2541 3029 βαθὺ,
2581 2958 2701 3010 τότε
2739 2957 2803 3027 δὴ
2834 2958 2928 3010 καὶ
2977 2957 3210 3025 καυτῆρι
3270 2955 3513 3024 χρῶμαι,
3571 2953 3666 3004 καὶ
3719 2953 3791 3020 τῇ

520 3061 648 3110 one,
710 3055 771 3099 ut
822 3062 1000 3116 neque
1028 3047 1097 3101 ab
1141 3046 1299 3102 initio
1329 3063 1414 3101 me
1451 3048 1704 3102 videatur
1758 3051 1957 3119 aliquis
2001 3052 2102 3106 hu-

2213 3054 2353 3123 τομῇ
2380 3049 2527 3104 οὕτω
2557 3049 2676 3102 λίαν
2710 3049 3001 3118 αὐστηρῶς
3033 3048 3128 3100 καὶ
3160 3046 3506 3116 περιωδύνως
3541 3045 3617 3107 ὡς
3649 3044 3792 3113 μήτε

522 3137 758 3200 manior,
792 3152 972 3206 neque
1008 3147 1130 3206 post
1161 3137 1598 3193 misericordiam
1632 3148 1688 3194 et
1724 3143 2104 3197 mansuetudi-

519 3244 645 3282 nem
682 3228 995 3284 violentior.
1053 3229 1213 3284 Absit
1247 3240 1454 3296 autem,
1497 3241 1558 3285 ut
1586 3247 1680 3286 vos
1729 3247 1817 3287 me
1863 3250 2104 3302 unquam

519 3320 771 3374 sentiatis
807 3322 1193 3376 conturbatum
1245 3331 1302 3377 et
1341 3323 1540 3378 iratum
1569 3341 1582 3390 ;
1616 3325 1712 3379 sed
1743 3326 2104 3394 accedentes,

519 3411 690 3465 libate
719 3413 933 3481 magnis
956 3412 1084 3477 diis,
1118 3423 1174 3468 et
1209 3423 1416 3484 rogate,
1448 3425 1507 3469 ut
1541 3432 1637 3471 vos
1678 3417 1931 3489 benignis
1961 3419 2108 3474 intu-

519 3511 718 3556 eantur
747 3503 947 3567 oculis,
987 3511 1046 3558 ut
1077 3504 1157 3560 sic
1183 3521 1213 3560 a
1246 3507 1409 3562 nobis
1447 3524 1667 3578 quoque
1690 3513 2104 3581 eonsequamini

523 3593 786 3656 honores,
817 3597 1170 3666 magistratus
1201 3607 1255 3653 et
1280 3601 1564 3667 pecunias,
1597 3610 1650 3655 et
1676 3601 1797 3656 sitis
1828 3603 1971 3659 inter
1991 3619 2106 3661 me-

522 3700 584 3738 os
650 3687 857 3754 primos
911 3687 1117 3743 amicos
1156 3698 1212 3744 et
1261 3690 1577 3748 familiares.
1634 3692 2105 3758 Quemadmodum

521 3777 668 3830 enim
695 3794 802 3832 non
826 3789 909 3834 est
932 3781 1254 3848 absurdum,
1284 3782 1556 3838 Barbaros
1579 3787 1826 3855 quidem,
1849 3789 1941 3859 qui
1974 3799 2106 3844 sunt

522 3869 750 3924 alterius
779 3870 1001 3938 linguae,
1035 3882 1223 3928 nostra
1253 3882 1361 3927 tam
1393 3891 1550 3944 aequo
1597 3879 1780 3932 animo
1806 3879 1972 3947 ferre,
2004 3897 2107 3936 vos

523 3975 654 4014 vero
684 3960 739 4013 in
773 3959 1145 4017 Romanorum
1184 3964 1400 4035 legibus
1458 3968 1744 4046 educatos,
1778 3980 1833 4024 et
1863 3971 1916 4024 iu
1943 3972 2108 4028 rebus

519 4052 835 4108 Grmcorum
880 4056 1149 4120 eruditos,
1183 4068 1238 4110 et
1267 4059 1398 4112 mihi
1440 4059 1738 4130 subjectos,
1769 4078 1878 4117 non
1917 4064 1970 4118 in
1992 4080 2110 4119 om-

521 4144 690 4199 nibus
726 4161 946 4201 servare
978 4147 1374 4212 obedientiam,
1422 4151 1517 4204 sed
1553 4152 1605 4204 in
1641 4154 1809 4208 rebus
1843 4155 2110 4226 pra-cipu-

2208 3143 2330 3198 τινὰ
2366 3142 2465 3212 τὴν
2485 3142 2662 3213 ἀρχὴν
2703 3140 2836 3210 ἐμοῦ
2865 3138 3103 3209 φανῆναι
3140 3137 3656 3209 φιλανθρωπότερον
3685 3136 3797 3204 μή-

2207 3250 2266 3287 τε
2331 3231 2468 3302 μετὰ
2522 3232 2616 3284 τὸν
2664 3230 2814 3283 ἔλεον
2844 3229 2938 3283 καὶ
2992 3230 3092 3300 τὴν
3129 3229 3429 3281 ἐπιείκειαν
3462 3225 3789 3297 βιαιότερον.

2217 3325 2394 3394 ’Υμᾶς
2425 3324 2482 3376 δὲ
2509 3323 2584 3394 μὴ
2610 3323 2822 3391 γένοιτό
2851 3339 2978 3375 ποτε
3001 3321 3328 3391 πειραθῆναί
3367 3338 3468 3390 μου
3520 3335 3796 3389 τεταραγ-

2212 3413 2375 3484 μένου
2407 3413 2499 3466 καὶ
2526 3411 2663 3481 πρὸς
2701 3410 2875 3482 ὀργὴν
2903 3409 3120 3480 ἔχοντος
3158 3425 3172 3440 ·
3203 3409 3338 3463 ἀλλὰ
3395 3407 3795 3479 προσελθόντες

2205 3504 2320 3566 τοῖς
2353 3502 2607 3572 μεγάλοις
2628 3502 2771 3563 θεοῖς
2799 3501 3059 3554 σπένδετε
3087 3502 3182 3553 καὶ
3208 3500 3493 3570 εὐμενέσιν
3527 3500 3673 3568 ὑμᾶς
3688 3499 3793 3567 όφ-

2208 3593 2433 3662 θαλμοῖς
2458 3591 2585 3644 ἰδεῖν
2608 3590 2946 3655 ὲκκαλεῖσθε,
2981 3589 3206 3644 ῐνόὐτω
3237 3593 3331 3643 καὶ
3364 3590 3432 3642 τὰ
3460 3589 3592 3660 παρ’
3631 3591 3794 3659 ἡμῶν

2207 3684 2591 3757 προσυπάρξῃ,
2619 3686 2777 3754 τιμαὶ
2818 3686 2913 3738 καὶ
2942 3682 3110 3753 ἀρχαὶ
3134 3683 3228 3737 καὶ
3258 3683 3518 3753 χρήματα
3583 3684 3678 3736 καὶ
3727 3682 3792 3734 τὸ

2207 3780 2267 3832 ὲν
2299 3777 2540 3847 πρώτοις
2569 3777 2715 3848 ὑμᾶς
2745 3771 3018 3829 εἶναιτῶν
3045 3775 3195 3846 ὲμῶν
3219 3776 3452 3844 ἑταίρων
3480 3775 3572 3829 καλ⁸
3595 3775 3790 3843 φίλων.

2209 3869 2335 3932 Πῶς
2359 3869 2467 3939 γάρ
2499 3869 2599 3921 οὐκ
2631 3869 2832 3922 ἄτοπον
2866 3867 3180 3938 βαρϐάρους
3236 3867 3335 3938 μὲν
3375 3866 3789 3934 ἀλλογλώσσους

2208 3961 2477 4029 τοσαύτης
2524 3960 2656 4030 παρ’
2703 3960 2863 4030 ἡμῶν
2918 3959 3217 4014 ἀπολαύειν
3246 3962 3346 4030 τῆς
3409 3958 3788 4026 ἀνεξικακίας,

2208 4055 2357 4124 ἡμᾶς
2379 4053 2436 4105 δὲ
2485 4053 2776 4123 Ῥωμαίων
2799 4053 2988 4123 νόμοις
3015 4053 3521 4124 ὲντεθραμμένους,
3569 4055 3664 4107 καὶ
3719 4056 3791 4105 τὰ

2221 4144 2489 4215 Ἐλλήνων
2523 4144 3014 4214 πεπαιδευμένους,
3042 4146 3175 4215 πρὸς
3203 4143 3259 4197 δὲ
3308 4147 3404 4199 καὶ
3438 4145 3608 4215 ἐμοὺς
3657 4146 3792 4214 ὐπηο

523 4237 570 4289 is
601 4235 777 4291 videri
822 4238 1230 4306 inobedientes,
1266 4251 1316 4296 et
1345 4243 1550 4297 bellum
1585 4254 1771 4314 aperte
1830 4249 2107 4318 suscipere

2213 4238 2369 4301 κόους
2422 4237 2604 4302 ὂντας,
2647 4237 2722 4308 μὴ
2764 4237 2853 4291 διὰ
2907 4238 3126 4294 πάντων
3168 4237 3364 4302 σώζειν
3409 4238 3468 4291 τὸ
3514 4237 3790 4302 εὐπειθὲς,

520 4335 711 4380 contra
742 4338 985 4382 vestrum
1034 4331 1444 4399 imperatorem,
1485 4342 1544 4387 ut
1590 4335 1716 4390 ideo
1749 4337 2014 4392 excidatis
2043 4339 2107 4393 ab

2213 4327 2347 4381 ἀλλά
2370 4329 2498 4398 περὶ
2530 4327 2599 4381 τὰ
2617 4326 2956 4398 καιριώτατα
3014 4327 3216 4396 μᾶλλον
3279 4327 3528 4381 ἀπειθεῖν
3575 4327 3796 4380 δείκνυ-

520 4418 875 4488 imperatoris
926 4422 1335 4486 benevolentia,
1371 4433 1427 4479 et
1488 4427 1636 4496 larga
1690 4428 2107 4483 muniﬁcentia?

2217 4419 2361 4484 σθαι,
2387 4396 2483 4472 καὶ
2513 4396 2750 4488 πόλεμον
2777 4419 3038 4488 ἄντικρυς
3091 4419 3228 4488 πρὸς
3257 4419 3347 4472 τὸν
3386 4419 3651 4490 ὑμέτερον
3708 4418 3795 4471 αῖ-

521 4510 780 4565 Recedite
834 4527 987 4583 ergo,
1033 4514 1272 4568 recedite
1330 4518 1399 4568 ab
1449 4516 1551 4570 bac
1619 4517 1753 4574 falsa
1815 4520 2104 4589 religione.

522 4602 617 4655 Sin
663 4605 865 4670 minus,
901 4620 1060 4673 paena
1112 4621 1220 4659 non
1255 4608 1442 4674 procul
1491 4607 1691 4662 aberit.
1745 4609 1931 4665 Videte
1965 4612 2106 4668 banc

519 4692 716 4757 aedem,
782 4693 838 4747 in
907 4710 1014 4764 qua
1080 4695 1409 4752 co'nﬁdistis.
1450 4697 1582 4751 Eam
1635 4699 1744 4768 igni
1800 4701 2104 4769 mandans,

516 4800 614 4838 vos
667 4800 886 4854 quoque
939 4787 1103 4839 simul
1172 4786 1418 4855 perdam,
1486 4797 1542 4842 et
1596 4790 1782 4844 scietis
1848 4791 2104 4857 omnino,

517 4887 802 4943 quamium
837 4876 910 4930 sit
949 4877 1174 4940 malum,
1201 4894 1231 4931 a
1287 4881 1501 4934 ratione
1533 4880 1710 4935 aliena
1745 4881 1996 4948 audacia,
2050 4892 2106 4938 et

519 4968 722 5022 mentis
752 4967 1082 5038 pervicacia.

590 5143 850 5200 XV.Cum
894 5145 1048 5201 dirus
1092 5145 1451 5201 Maximianus
1479 5147 1559 5201 sic
1610 5146 1936 5204 immanitati
1969 5166 2099 5205 con-

513 5237 789 5309 junxisset
818 5239 1238 5308 humanitatem,
1271 5248 1327 5293 et
1358 5239 1624 5294 [natorum
1652 5241 1815 5295 minis
1844 5252 1898 5297 et
1935 5243 2105 5298 bono-

517 5344 638 5384 rum
667 5328 953 5398 promissis
983 5330 1250 5384 variasset
1278 5332 1603 5397 orationem,
1647 5333 1741 5400 qui
1766 5332 1937 5387 instar
1965 5335 2103 5387 mel-

517 5421 586 5475 lis
615 5421 830 5476 dulcem
861 5421 1103 5476 habebat
1127 5423 1367 5492 linguam
1407 5423 1627 5493 sapiens
1659 5424 1964 5495 Glycerius,
2009 5427 2100 5494 qui

513 5522 636 5567 erat
695 5529 886 5568 revera
916 5513 1138 5568 divinus
1171 5515 1456 5569 sacriﬁcus
1495 5524 1550 5569 et
1581 5517 1859 5582 sacerdos,
1909 5529 1964 5570 et
2005 5532 2101 5571 sua

520 5619 548 5656 v
569 5603 683 5658 :rba
707 5605 964 5659 studebat
996 5604 1305 5660 sacrificare
1339 5605 1584 5672 Christo,
1638 5607 1727 5659 cui
1764 5607 2106 5661 sacriﬁcabat

2218 4511 2407 4583 ρεσθαι
2440 4511 2688 4581 βασιλέα,
2714 4512 2790 4574 ὡς
2851 4509 3102 4564 ἐντεῦθεν
3169 4511 3456 4581 βασιλικῆς
3503 4511 3796 4564 ἐκπίπτειν

2216 4603 2504 4674 εὐμενείας
2525 4603 2617 4655 καὶ
2637 4602 2930 4655 πλουσιοδώ
2941 4620 3032 4674 pou
3058 4603 3420 4674 χρηστότητος
3445 4619 3460 4668 ;
3495 4603 3794 4671 Ἀπόστητε

2215 4694 2504 4766 τοιγαροῦν
2527 4695 2622 4764 τῆς
2653 4695 2852 4747 ἀτόπου
2884 4695 3084 4764 ταύτης
3112 4695 3426 4766 θρησκείας,
3469 4695 3744 4763 ἀπόστητε
3775 4708 3792 4723 ·

2215 4786 2263 4837 εί
2288 4785 2334 4838 δ’
2361 4780 2476 4848 οὖν,
2507 4783 2623 4836 ἀλλ’
2658 4785 2718 4835 οὐ
2754 4781 2975 4853 μακρὰν
3028 4786 3060 4854 ἡ
3120 4783 3264 4854 δίκη.
3333 4783 3529 4852 Ὁρᾶτε
3579 4783 3795 4835 τουτονὶ

2214 4877 2306 4930 τὸν
2328 4873 2479 4930 οἷκον
2503 4876 2589 4945 ἐφ’
2632 4869 2796 4944 ᾧικαὶ
2833 4875 3323 4946 πεποίθατε,”πυρὶ
3345 4875 3467 4938 δοὺς
3497 4875 3658 4929 αὐτὸν
3699 4875 3793 4926 καὶ

2215 4966 2358 5036 ὑμᾶς
2383 4965 2516 5032 ὁμοῦ
2545 4963 2940 5033 συνδιαφθερῶ,
2979 4965 3072 5016 καὶ
3122 4964 3335 5017 εῖσεσθε
3392 4965 3610 5027 πάντως
3667 4963 3797 5016 ὅσον

2206 5058 2375 5109 κακὸν
2401 5056 2599 5126 θράσος
2624 5055 2815 5123 ἄλογον
2849 5056 2943 5108 καὶ
2990 5053 3218 5125 γνώμης
3258 5055 3571 5110 ἀντιτυπία.

2274 5148 2378 5202 ΙΕ’.
2441 5147 2595 5201 Οὐτω
2642 5147 2734 5200 τοῦ
2769 5147 2942 5200 δεινοῦ
2976 5148 3315 5217 Μαξιμιανού
3338 5147 3662 5218 ιὲπιείκειαν
3688 5147 3798 5199 άπ-

2204 5240 2365 5312 ηνείᾳ
2389 5240 2727 5309 συνάψαντος
2757 5245 2944 5294 κακῶν
2994 5258 3052 5294 τε
3107 5241 3358 5304 ἀπειλαῖς
3420 5242 3510 5293 καὶ
3567 5239 3796 5307 ἀγαθῶν

2209 5334 2534 5403 ὑποσχέσεσι
2557 5332 2646 5384 τὸν
2675 5333 2834 5401 λόγον
2859 5334 3224 5400 ποικίλα-νιος,
3243 5334 3534 5405 Γλυκέριος
3559 5333 3584 5385 ὀ
3607 5332 3792 5399 σοιρδς,

2205 5425 2233 5474 ό
2261 5422 2400 5485 θεῖος
2430 5421 2603 5484 ὅντως
2638 5421 2802 5490 θύτης
2835 5424 2928 5476 καὶ
2959 5424 3161 5492 ἱερεὺς,
3196 5427 3286 5476 καὶ
3317 5425 3443 5487 τούς
3470 5424 3664 5490 λόγους
3691 5423 3789 5474 αὐ·

2206 5515 2333 5576 τοὺς
2360 5514 2664 5568 καταθῦσαι
2700 5516 2949 5570 σπεύδων
2990 5517 3068 5587 τῷ
3115 5517 3205 5569 ὐπ’
3251 5518 3416 5570 αὐτοῦ
3471 5519 3791 5587 ἱερουργου-

2218 5607 2366 5677 μένῳ
2404 5605 2622 5679 Χριστῷ
2650 5608 2908 5680 ἐπίτομον
2964 5610 3104 5663 πάνυ
3142 5610 3230 5664 καὶ
3258 5612 3474 5680 καιρίαν
3533 5609 3656 5672 (τοὺς
3690 5607 3791 5677 τὴν

584 5718 663 5787 (5)
711 5719 784 5774 De
829 5719 929 5775 hac
977 5722 1360 5788 persecutione
1394 5721 1699 5778 instaurata
1731 5724 1957 5781 consule
2001 5725 2202 5782 B'tron.
2227 5740 2317 5781 an.
2363 5726 2489 5783 501.
