4142 6380
320 333 454 396 um
490 412 495 417 _

1458 330 1643 392 VITA
1684 328 1790 391 SS.
1832 327 2043 389 ΙΝΒίΕ
2074 329 2170 389 ΕΤ
2206 327 2519 392 ΒΟΜΝΑΞ.

3468 337 3608 404 1058

309 447 610 516 ἀπολογίαν
663 449 761 517 τήν
830 464 889 500 τε
943 447 1197 517 γλῶσσαν
1260 446 1494 516 ἐπέδησε
1546 443 1900 515 Μαξιμιανῷ,

2011 440 2232 496 brevem
2262 450 2319 497 et
2350 449 2716 511 opportunam
2747 441 2884 497 dans
2914 444 3366 512 responsionem;
3406 457 3461 504 et
3497 452 3605 507 lin-

312 540 407 596 καὶ
461 539 560 603 τὰς
624 539 830 609 φρένας
872 538 1133 606 διέσεισε,
1164 538 1258 615 καὶ
1294 539 1390 591 σὺν
1436 538 1572 608 ὀργῇ
1619 534 1900 605 θαύματος

311 626 602 702 ἐπλήρωσε
624 631 722 701 τὴν
747 630 950 701 ψυχήν.
976 631 1122 703 Ἔφη
1155 632 1266 702 γάρ
1298 650 1313 663 ο
1337 629 1476 684 Οὔτε
1500 630 1610 684 τῶν
1658 632 1903 699 ὲπαγγε·

311 724 442 777 λιῶν
470 741 565 778 σου
595 725 691 777 καὶ
709 723 930 794 δωρεῶν
953 723 1242 793 ἐφιέμεθα,
1301 723 1546 793 βασιλεῦ,
1603 721 1729 775 οὕτε
1789 722 1901 775 τῶν

311 811 552 866 ἀπειλῶν
573 813 711 875 ὅλως
740 812 1210 882 ὲπιστρεφόμεθα.
1268 813 1376 872 Τὰς
1414 811 1513 878 μὲν
1561 810 1668 881 γὰρ
1728 813 1901 873 πόσας

310 902 379 957 ἂν
399 902 494 957 καὶ
516 902 677 966 ποίας
702 901 910 973 ὀρέξεις
942 902 1019 966 ὡς
1047 902 1345 973 δυνηθῆναι
1379 901 1561 967 θέλξαι
1591 900 1771 971 ψυχήν
1793 898 1903 953 τῶν

317 998 409 1049 ίσα
448 995 543 1049 καὶ
572 996 803 1065 ὀνείροις
834 996 945 1057 τοῖς
983 993 1075 1047 τοῦ
1101 993 1308 1062 κόσμου
1349 994 1483 1045 πᾶσι
1523 990 1902 1061 προσεχόντων

311 1089 586 1156 τερπνοῖς,
620 1086 791 1139 κακὸν
812 1086 868 1139 δὲ
899 1085 952 1138 τί
978 1086 1043 1139 ἂν
1071 1085 1167 1138 καὶ
1198 1083 1524 1155 ἀπειλήσαις
1552 1086 1668 1147 τοῖς
1696 1082 1900 1154 ζημίαν

316 1180 518 1250 μᾶλλον
548 1177 918 1248 λογιζομένοις
946 1178 1005 1231 τὸ
1029 1180 1105 1248 μὴ
1128 1179 1198 1232 τὰ
1246 1176 1610 1248 χαλεπώτατα
1664 1176 1904 1245 ὑποστῆ-

313 1289 401 1325 ναι
430 1271 519 1324 διὰ
548 1269 821 1339 Χριστόν;
852 1272 921 1322 Ἀ
948 1269 1004 1322 δὲ
1037 1254 1216 1336 λέγεις
1249 1269 1344 1323 καὶ
1381 1266 1465 1337 ἐφ’
1518 1261 1601 1331 οἷς
1645 1268 1755 1338 ἄρα
1812 1267 1905 1320 καλ⁸

315 1363 584 1432 ὲγκαυχᾷ,
614 1364 728 1424 τοῖς
757 1361 898 1414 κατὰ
924 1361 1033 1415 τῶν
1067 1359 1238 1414 ἐθνῶν
1257 1360 1430 1430 δήπου
1458 1359 1741 1429 τροπαίοις
1769 1357 1901 1411 ταῦ-

313 1472 384 1510 τα
416 1456 618 1526 μᾶλλον
654 1455 790 1524 πρὸς
816 1455 975 1524 ἡμῶν
1006 1452 1244 1519 ἔσονται,
1280 1452 1514 1517 καὶτοῖς
1555 1451 1709 1522 ἐμοῖς
1758 1467 1894 1520 συμ·

316 1545 642 1615 φθέγξονται
655 1544 1031 1613 λόγοις.⁶ὐταν
1051 1546 1161 1616 γὰρ
1180 1547 1245 1599 σὺ
1260 1544 1581 1607 όπλείστους
1601 1539 1903 1612 νενικηκὼς

315 1639 440 1693 ὅσον
461 1636 616 1691 οὔπω
643 1636 919 1706 γυναικῶν
951 1638 1046 1691 καὶ
1079 1638 1287 1692 παίδων
1339 1636 1514 1709 ὀφθῇς
1558 1635 1864 1707 ἡττημένος
1886 1672 1902 1697 ,

313 1727 426 1782 τῶν
459 1727 529 1781 τὰ
571 1727 937 1798 Χριστιανῶν,
996 1729 1163 1800 φημὶ,
1230 1728 1577 1798 σεϐομένων,
1612 1727 1729 1790 πῶς
1781 1724 1903 1795 οὐχὶ

319 1819 501 1891 πολλῷ
550 1819 712 1874 πλέον
758 1821 793 1890 ή
853 1819 949 1873 τοῦ
995 1819 1131 1890 ἐμοῦ
1186 1819 1426 1890 Χριστοῦ
1482 1818 1713 1889 δύναμις
1748 1818 1902 1873 ἔσται

316 1910 672 1981 καταφανήςς
703 1911 812 1964 Καὶ
842 1910 979 1981 πρὸς
1008 1908 1221 1973 τούτοις
1238 1911 1338 1979 ,τίς
1370 1906 1542 1971 οὕτως
1601 1906 1905 1977 ἐμϐρόντη-

314 2018 407 2067 τος
438 2003 534 2055 καὶ
561 2001 790 2070 ἠλίθιος,
817 2002 894 2065 ὡς
923 2000 1085 2065 εὐθὺς
1117 1999 1443 2054 ἐκλαθέσθαι
1488 1999 1597 2054 τῶν
1652 1999 1757 2069 πρὸ
1808 2015 1899 2068 μι-

318 2093 453 2166 κροῦ
508 2094 745 2166 βροντῶν
786 2111 844 2148 τε
890 2094 987 2148 καὶ
1030 2093 1337 2164 κεραυνῶν,
1372 2092 1468 2146 καὶ
1515 2091 1618 2154 τῆς
1667 2090 1905 2160 φρικτῆς

316 2185 535 2257 ἐκείνης
564 2186 893 2258 θεοσημείας
920 2186 1166 2241 θανάτων
1195 2202 1254 2238 τε
1287 2184 1395 2237 τῶν
1431 2182 1622 2254 βιαίων
1668 2181 1763 2235 καὶ
1806 2179 1902 2233 τοῦ

320 2280 519 2352 μικροῦ
576 2281 688 2336 δεῖν
737 2279 1182 2349 καταποντισμοῦ
1234 2279 1330 2332 καὶ
1384 2280 1483 2347 τῆς
1521 2275 1630 2329 τῶν
1672 2274 1904 2346 καρπῶν

316 2371 614 2436 ἀπωλείας,
682 2376 779 2427 καὶ
828 2370 970 2435 θεοῖς
986 2370 1158 2426 ταῦτα
1187 2371 1300 2433 τοῖς
1349 2370 1485 2432 σοῖς,
1531 2366 1671 2420 ἀλλὰ
1721 2365 1798 2436 μὴ
1825 2364 1904 2436 τῷ

314 2465 512 2535 ἀληθεῖ
549 2464 751 2534 μᾶλλον
778 2461 1083 2534 ἐπιγράψαι
1128 2461 1270 2532 Θεῷ,
1320 2460 1617 2527 εὐκαίρως,
1674 2451 1720 2512 ὧ
1753 2457 1907 2526 βασι-

315 2555 434 2617 uo,
476 2554 575 2625 τὴν
596 2553 773 2625 ἀργὴν
796 2553 1056 2622 ιπάγοντι
1085 2551 1228 2604 κατὰ
1254 2551 1364 2604 τῶν
1392 2549 1635 2609 ἐκείνους
1679 2549 1774 2602 καὶ
1826 2565 1908 2600 τι-

321 2647 550 2718 μώντων
584 2647 682 2699 καὶ
715 2644 1027 2714 σεϐομένων
1055 2659 1071 2712 ;
1105 2644 1197 2715 Μὴ
1231 2643 1364 2711 γοῦν
1421 2641 1566 2695 οὕτω
1623 2640 1906 2713 θαρρήσῃς

315 2740 409 2793 τὸν
434 2738 554 2792 καθ’
582 2735 743 2807 ἡμῶν
783 2737 1048 2806 πόλεμον
1076 2735 1194 2789 ἐστι
1240 2735 1335 2788 καὶ
1358 2734 1488 2805 ἡμῖν
1505 2732 1715 2790 ἄνωθεν
1739 2734 1904 2796 ὅπλα,

314 2826 398 2895 οἷς
432 2830 624 2902 ῶσπερ
651 2829 702 2881 el.
736 2827 821 2881 σοὶ
845 2826 1138 2900 δορυφόροι
1169 2825 1324 2897 παρὰ
1345 2825 1439 2878 σοῦ
1473 2826 1734 2897 σήμερον,
1765 2821 1907 2876 οὕτω

314 2923 380 2994 δὴ
404 2922 498 2975 καὶ
518 2921 672 2991 παρὰ
700 2918 797 2972 τοῦ
838 2918 1109 2990 βασιλέως
1135 2917 1244 2973 τῶν
1275 2918 1413 2971 ὅλων
1432 2919 1594 2987 ἡμεῖς
1642 2914 1911 2985 φυλαττό-

319 3017 481 3088 μεθα,
501 3016 568 3071 δι’
593 3011 667 3071 ὧν
697 3017 793 3071 καὶ
817 3013 1216 3083 ἀντιταξόμεθὰ
1245 3030 1327 3067 σοι
1373 3013 1469 3067 καὶ
1497 3012 1797 3082 νικήσομεν
1830 3009 1907 3064 νί-

2007 548 2169 603 guam
2219 533 2399 588 vinxit
2454 532 2807 601 Maximiano,
2839 544 2897 589 et
2947 549 3045 589 cor
3088 538 3210 608 ejus
3247 539 3604 598 conturbavit

2003 633 2061 677 et
2086 623 2363 686 labefecit,
2406 633 2464 677 et
2494 623 2657 678 simul
2716 638 2842 678 cum
2874 623 2955 677 ira
2994 626 3114 695 ejus
3141 629 3385 682 animum
3419 630 3602 700 reple-

2005 718 2085 772 vit
2114 719 2505 773 admiratione.
2530 720 2681 774 Dixit
2710 720 2858 774 enim
2895 738 2907 775 :
2954 720 3144 790 Neque
3205 733 3296 777 tua
3330 724 3604 793 promissa

2005 817 2063 864 et
2108 811 2252 864 dona
2299 811 2723 876 desideramus,
2772 828 2805 865 ο
2859 812 3181 882 imperator,
3239 830 3419 884 neque
3480 826 3604 871 tuas

2005 903 2186 977 minas
2231 903 2459 957 omnino
2492 919 2774 958 curamus.
2821 903 2915 957 illa
2945 905 3093 958 enim
3121 909 3403 975 quomodo
3433 924 3604 979 appe—

2007 1002 2278 1059 teremus,
2313 1002 2409 1049 aut
2443 995 2721 1064 quomodo
2751 1011 2814 1051 ea
2848 1007 3099 1050 nostrum
3136 998 3436 1054 delinirent
3484 1003 3604 1056 ani-

2007 1101 2182 1152 mum,
2231 1086 2349 1156 qui,
2392 1103 2737 1157 quaecunque
2780 1097 2914 1142 sunt
2957 1088 3173 1154 mundi,
3203 1090 3476 1145 habemus
3500 1107 3603 1161 pro
3656 1076 3661 1081 ⁷

2007 1178 2284 1233 somniis?
2323 1178 2523 1233 Malum
2559 1190 2744 1235 autem
2780 1179 2909 1249 quid
2943 1179 3009 1233 iis
3030 1181 3322 1248 miniteris,
3352 1182 3445 1251 qui
3482 1196 3603 1250 pm-

2007 1284 2133 1323 nam
2164 1270 2350 1339 potius
2375 1271 2713 1336 existimant,
2744 1287 2856 1326 non
2888 1272 2972 1326 vel
2998 1271 3325 1341 gravissima
3361 1275 3603 1328 sustine—

2007 1377 2066 1416 re
2097 1376 2324 1434 propter
2368 1363 2695 1419 Christum?
2735 1362 2864 1428 Quae
2894 1378 3027 1417 vero
3064 1363 3225 1430 dicis,
3268 1373 3326 1420 et
3368 1364 3436 1420 de
3482 1368 3607 1436 qui-

2006 1453 2111 1510 bus
2136 1456 2391 1526 gloriaris
2433 1456 2501 1510 de
2559 1455 2800 1525 tropaais,
2842 1457 3088 1529 inquam,
3146 1456 3416 1513 adversus
3465 1475 3603 1528 gen-

2011 1554 2094 1601 tes
2123 1548 2348 1612 erectis,
2380 1563 2443 1601 ea
2478 1548 2651 1618 magis
2680 1547 2907 1602 stabunt
2944 1562 2976 1602 a
3005 1548 3190 1614 nobis,
3220 1559 3276 1603 et
3307 1551 3445 1605 meis
3479 1566 3603 1606 ver-

2008 1637 2095 1693 bis
2135 1638 2608 1709 sulfragahuntur.
2639 1639 2872 1705 Quando
2895 1640 3045 1695 enim
3087 1641 3181 1711 qui
3210 1642 3393 1696 vicisti
3428 1643 3602 1712 pluri-

2010 1747 2129 1786 mos
2170 1747 2296 1786 mox
2333 1744 2666 1802 conspectus
2699 1748 2759 1786 es
2802 1732 2983 1788 victus
3021 1749 3052 1789 a
3098 1735 3322 1789 feminis
3361 1745 3416 1790 et
3463 1752 3603 1806 pue-

2007 1824 2105 1886 ris,
2131 1824 2200 1877 ah
2236 1824 2326 1888 iis,
2368 1824 2617 1893 inquam,
2668 1823 2763 1892 qui
2798 1825 2992 1880 colunt
3016 1826 3336 1896 religionem
3363 1827 3604 1883 Christi-

2005 1932 2190 1983 anam,
2232 1916 2700 1987 quemadmodum
2732 1933 2842 1971 nou
2889 1917 2997 1971 erit
3043 1919 3152 1973 mei
3185 1919 3393 1973 Christi
3422 1922 3604 1976 virtus

2005 2010 2181 2065 multo
2212 2009 2583 2065 manifestior?
2612 2011 2679 2064 Et
2709 2020 2975 2077 praeterea
3009 2015 3136 2082 quis
3179 2025 3264 2069 est
3290 2016 3428 2070 adeo
3461 2025 3607 2072 atto-

2006 2103 2163 2157 nitus
2192 2112 2248 2157 et
2279 2104 2502 2166 stultus.
2537 2113 2595 2159 ut
2649 2105 2723 2159 sit
2750 2104 2957 2159 oblitus
2985 2105 3290 2159 tonitruum
3332 2115 3390 2162 et
3414 2106 3604 2162 fulmi-

2005 2208 2162 2256 num,
2192 2208 2315 2263 quae
2348 2195 2534 2274 paulo
2577 2204 2705 2250 ante
2738 2194 2989 2260 fuerunt,
3041 2205 3098 2250 et
3131 2197 3278 2252 illius
3308 2197 3606 2254 horrenda:
3681 2236 3709 2261 .

2006 2285 2105 2340 Dei
2152 2286 2596 2357 signiﬁcationis,
2638 2287 2946 2358 mortisque
3018 2289 3295 2367 violenta,
3354 2299 3411 2344 et
3460 2292 3604 2360 ejus,

2007 2392 2130 2446 qua:
2158 2391 2328 2446 prope
2347 2376 2893 2440 fuit,submersionis
2911 2386 2967 2433 et
2988 2377 3270 2433 fructuum
3296 2378 3559 2433 interitus
3586 2395 3602 2433 :

2006 2478 2061 2522 et
2102 2466 2248 2537 quod
2285 2469 2399 2522 haec
2431 2468 2540 2523 tuis
2581 2468 2712 2532 diis,
2741 2484 2853 2523 non
2885 2478 3070 2523 autem
3100 2483 3232 2523 vero
3263 2468 3448 2536 potius
3492 2469 3606 2523 Deo

2007 2556 2351 2626 ascrip>eris,
2377 2558 2472 2625 qui
2497 2567 2832 2627 opportune,
2862 2573 2895 2612 ο
2922 2559 3246 2627 imperator,
3269 2559 3439 2614 infert
3464 2558 3603 2613 iram

2008 2652 2277 2702 adversus
2323 2662 2440 2711 eos,
2473 2649 2570 2716 qui
2603 2648 2724 2702 illos
2753 2649 3030 2703 honorant
3074 2657 3132 2703 et
3154 2649 3377 2704 colunt?
3417 2649 3497 2706 Ne
3524 2653 3606 2706 sic

2009 2755 2142 2809 ergo
2192 2738 2400 2793 bellum
2440 2747 2634 2793 contra
2668 2755 2770 2793 nos
2792 2740 3124 2810 susceperis.
3166 2739 3309 2795 Sunt
3332 2743 3495 2799 nobis
3519 2757 3609 2797 ar-

2010 2846 2097 2884 ma
2125 2846 2348 2901 quoque
2383 2829 2642 2900 desuper,
2671 2830 2876 2899 quibus
2899 2830 3048 2886 sicut
3071 2830 3236 2885 hodie
3273 2832 3351 2886 tui
3379 2849 3409 2887 a
3438 2842 3490 2888 te
3517 2848 3608 2888 sa-

2014 2923 2235 2988 tellites,
2271 2923 2346 2977 ita
2386 2938 2487 2977 nos
2511 2939 2540 2976 a
2576 2937 2702 2991 rege
2734 2921 3020 2977 munimnr
3066 2923 3474 2986 universorum.
3508 2941 3606 2995 per

2009 3029 2133 3085 quae
2176 3023 2232 3068 et
2277 3024 2466 3070 contra
2502 3023 2552 3068 te
2609 3014 2662 3068 in
2717 3013 2894 3067 aciem
2960 3015 3333 3084 prodihimus,
3386 3027 3443 3072 et
3487 3019 3608 3074 adi--

316 3126 421 3181 κην
445 3110 643 3181 κομιδῆ
671 3107 1144 3183 παραδοξοτάτῃν.
1193 3104 1520 3175 Βαλλόμενοι
1554 3105 1663 3173 γὰρ
1689 3101 1905 3156 ἀνελοῦ-

2014 3111 2293 3179 piscemur
2341 3109 2627 3163 victoriam
2691 3108 2853 3165 valde
2897 3110 3302 3171 admirabilem.
3346 3114 3601 3171 Percussi

318 3216 440 3271 μεν,
501 3201 595 3254 καὶ
641 3199 929 3262 πίπτοντες
988 3198 1050 3251 τὸ
1105 3195 1245 3251 κατὰ
1291 3195 1387 3250 σοῦ
1432 3191 1749 3265 στησόμεθα
1769 3191 1899 3264 τρό-

314 3307 501 3345 παιον.

390 3381 511 3451 1G".
546 3384 787 3439 Ἤκουσε
810 3384 984 3441 ταῦτα
1011 3388 1039 3440 ὁ
1071 3384 1349 3456 βασιλεὺς,
1373 3385 1469 3440 καὶ
1499 3384 1575 3456 τῷ
1605 3381 1758 3455 τομῷ
1792 3382 1900 3436 τῶν

314 3476 491 3545 λόγων
512 3475 704 3548 ὥσπερ
735 3477 814 3536 είς
849 3478 1021 3547 μέσην
1053 3478 1330 3542 διακοπεὶς
1362 3479 1458 3548 τὴν
1493 3476 1722 3548 καρδίαν
1768 3474 1903 3545 κρύ-

312 3569 415 3638 ψαι
438 3568 534 3622 νῦν
562 3568 623 3621 τὸ
648 3568 818 3631 πάθος
843 3569 902 3621 ἐν
930 3570 1228 3641 ἀπορρήτῳ
1247 3571 1344 3635 τῆς
1372 3569 1551 3640 ψυχῆς
1600 3570 1901 3640 διανοηθεὶς

314 3661 468 3715 οὐδὲν
521 3662 684 3713 πλέον
729 3658 902 3714 είπὼν
961 3660 994 3731 ἢ
1063 3662 1268 3732 δράσας
1293 3661 1386 3714 τοῦ
1421 3660 1550 3714 ναοῦ
1579 3661 1799 3726 ἔξεισιν.
1842 3660 1900 3713 ὐ

318 3756 501 3824 μέντοι
574 3753 808 3824 εὐσεϐὴς
869 3755 1078 3817 ἐκεῖνος
1146 3753 1275 3818 λαὸς
1321 3754 1400 3823 τῷ
1432 3755 1533 3824 μὲν
1571 3752 1692 3823 Θεῷ
1719 3751 1899 3819 δόξαν,

315 3844 672 3915 Γλυκερίῳδὲ
701 3844 779 3913 τῷ
812 3845 962 3915 σοφῷ
982 3843 1242 3909 τοιαύτας
1300 3845 1531 3907 ἕκαστος
1583 3843 1903 3914 προσιόντες

316 3936 556 3989 εδίδοσαν
587 3937 685 3999 τὰς
719 3936 904 4005 φωνὰς
951 3937 1038 4000 Ὠς
1078 3935 1285 4005 γλυκέα
1326 3935 1404 4005 τῷ
1429 3934 1665 4003 λάγυγγί
1697 3951 1800 4003 μου
1833 3934 1904 3986 τὰ

314 4027 469 4097 λόγιά
501 4045 616 4092 σου,
648 4029 788 4097 ὑπὲρ
844 4029 965 4099 μέλι
989 4029 1065 4099 τῷ
1091 4029 1319 4098 στόματί
1384 4045 1485 4098 μου
1511 4029 1525 4082 ι
1570 4024 1903 4096 Μαξιμιανῷ

315 4122 375 4176 δὲ
424 4123 525 4175 οὐκ
580 4122 807 4192 ἔμελλεν
838 4123 866 4175 ὁ
893 4122 1067 4192 θυμὺς
1127 4123 1219 4174 ἐπὶ
1261 4121 1397 4175 πολὺ
1431 4121 1695 4183 καθεκτὸς
1737 4115 1901 4181 εἶναι,

316 4213 452 4268 ἀλλὰ
476 4213 692 4282 σφύξων
714 4218 771 4267 ὲν
809 4214 961 4283 αὐτῷ
987 4212 1166 4267 πείθει
1186 4212 1344 4283 χερσὶ
1369 4212 1804 4284 ςστρατιωτικαῖς
1834 4213 1902 4282 τῇ

316 4306 585 4377 ικκλησίᾳ
612 4307 912 4378 προσιόντα
959 4305 1253 4375 Γλυκέριον
1291 4304 1690 4374 συλληφθῆναι,
1734 4304 1905 4374 ἀνάρ-

316 4399 525 4451 παστόν
554 4415 615 4451 τε
644 4400 781 4470 πρὸς
814 4399 976 4452 αὐτὸν
1012 4397 1242 4468 ἀχθῆναι
1276 4413 1292 4427 θ
1332 4396 1392 4449 ὃν
1420 4396 1485 4466 δὴ
1517 4396 1612 4449 καὶ
1649 4395 1728 4465 τῷ
1759 4396 1903 4448 ὲκείο

2006 3202 2177 3265 enim,
2228 3202 2647 3257 interimemus:
2694 3210 2751 3256 et
2784 3201 3065 3270 cadentes,
3093 3214 3287 3259 contra
3321 3215 3372 3261 te
3402 3216 3603 3277 tropae-

2009 3309 2100 3348 um
2132 3294 2209 3348 eri
2218 3309 2431 3361 genius.

2076 3386 2223 3443 XVI.
2269 3388 2398 3443 Haec
2439 3387 2621 3443 audiit
2671 3388 2993 3458 imperator,
3033 3396 3090 3443 et
3116 3390 3435 3445 secantibus
3474 3406 3601 3446 ver-

2009 3477 2093 3532 bis
2132 3481 2188 3533 in
2219 3480 2401 3534 medio
2439 3477 3058 3549 corde'quodammodo
3096 3485 3398 3548 sauciatus,
3433 3484 3603 3538 animi

2009 3580 2219 3624 motum
2258 3577 2315 3626 in
2357 3574 2652 3642 praesentia
2702 3574 2885 3628 celare
2944 3574 3158 3630 habens
3209 3576 3263 3628 in
3300 3577 3505 3643 animo,
3549 3584 3606 3631 et

2010 3663 2150 3717 nihil
2173 3664 2412 3734 amplius
2439 3665 2631 3719 dicens
2660 3676 2756 3719 aut
2789 3665 3019 3729 faciens,
3045 3680 3076 3719 e
3147 3669 3357 3737 templo
3387 3668 3608 3737 egredi-

2010 3762 2127 3808 tur.
2159 3755 2294 3810 Pius
2319 3765 2505 3810 autem
2534 3757 2625 3810 ille
2659 3758 2923 3826 populus,
2954 3758 3068 3811 Deo
3098 3759 3322 3827 quidem
3349 3759 3603 3829 gloriam,

2009 3848 2246 3917 sapienti
2288 3862 2423 3902 vero
2468 3847 2745 3917 Glycerio,
2768 3863 2872 3917 pro
2903 3863 2962 3903 se
2993 3849 3227 3917 quisque
3264 3851 3399 3903 tales
3440 3865 3607 3904 voces

2009 3939 2230 3994 edidit:
2271 3957 2289 3991 ι
2336 3940 2511 4005 Quam
2561 3938 2745 3992 dulcia
2791 3939 3006 4009 gutturi
3052 3955 3175 3993 meo
3222 3941 3440 4009 eloquia
3487 3953 3601 4006 tua,

2010 4045 2176 4100 supra
2212 4032 2319 4085 mel
2361 4032 2447 4084 ori
2476 4044 2600 4083 meo
2634 4032 2694 4084 ’ί
2738 4050 2756 4081 ι
2787 4032 2909 4084 Non
2953 4032 3198 4086 futurqu
3233 4040 3417 4085 autem
3458 4042 3602 4096 erat,

2013 4133 2072 4177 ut
2103 4121 2467 4176 Maximianus
2498 4121 2751 4176 iram'diu
2782 4123 3089 4185 cohiberet,
3119 4124 3212 4177 sed
3246 4123 3392 4192 apud
3416 4139 3475 4177 se
3512 4123 3603 4177 fu-

2012 4231 2136 4270 rcre
2177 4215 2443 4285 percitus.
2482 4214 2641 4283 jubet
2678 4214 2995 4284 Glycerium
3049 4225 3274 4269 euntem
3314 4215 3382 4268 ad
3422 4217 3606 4271 eccle-

2012 4312 2150 4361 siam
2216 4305 2616 4376 comprehendi
2667 4320 2836 4361 manu
2884 4305 3137 4369 militari,
3172 4315 3227 4360 et
3258 4315 3602 4378 correptum,

2013 4398 2082 4452 ad
2121 4413 2181 4453 se
2214 4396 2439 4452 adduci.
2466 4397 2570 4462 Qui
2608 4412 2734 4451 cum
2767 4396 2836 4450 ad
2882 4396 3032 4457 illius
3068 4399 3308 4454 tribunal
3330 4411 3478 4457 esset
3505 4403 3606 4456 ad-

318 4504 411 4541 νου
447 4488 653 4559 βήματι
685 4488 1070 4559 παραστάντα,
1103 4486 1274 4558 μηδὲν
1294 4486 1584 4556 ἑρωτήσας
1612 4485 1905 4540 τύπτεσθαι

2021 4491 2243 4555 ductus,
2280 4490 2419 4543 nihil
2459 4489 2863 4560 interrogatum
2904 4490 3071 4559 jussit
3118 4493 3401 4548 verberari
3430 4494 3602 4550 boum

319 4578 633 4651 βουνεύροις
666 4580 922 4635 ἐκέλευεν
952 4578 1097 4634 οὕτω
1159 4577 1429 4649 σφοδρῶς,
1490 4577 1597 4642 ἕως
1625 4579 1749 4642 τοὺς
1813 4579 1914 4649 μὲν

317 4673 619 4738 τύπτοντας
652 4675 686 4745 ή
750 4676 929 4745 ίσχὺς,
964 4676 1174 4726 ἐκεῖνον
1206 4671 1266 4725 δὲ
1297 4670 1693 4742 μαστιζόμενον
1743 4670 1915 4735 ἐξέλι-

317 4776 419 4815 πεν
451 4761 485 4829 ἡ
511 4761 664 4830 φωνή
698 4777 713 4792 ο
749 4762 848 4814 καὶ
873 4761 1074 4831 κύρυκι
1099 4759 1158 4813 δὲ
1196 4757 1423 4813 τοιαῦτα
1458 4760 1735 4828 ἐπιλέγειν
1764 4760 1913 4829 αὐτῷ

317 4852 669 4921 τυπτομένῳ,
702 4852 888 4905 Φείδου
919 4853 987 4907 τὰ
1009 4852 1180 4906 πολλὰ
1203 4851 1474 4923 γλώττης,
1507 4850 1789 4922 Γλυκέριε.
1820 4852 1912 4924 Μὴ

320 4940 562 5005 ἀλαζὼν,
603 4941 679 5013 μὴ
731 4942 1081 5013 στασιαστὴς,
1132 4943 1206 5014 μὴ
1261 4942 1521 5012 αὐθάδης.
1581 4941 1729 5013 Τίμα
1776 4942 1912 4997 Ῥω-

325 5031 503 5102 μαίων
523 5028 643 5098 ἒθη,
683 5030 836 5084 αἰδοῦ
869 5031 1127 5103 βασιλεῖς.
1148 5030 1307 5086 Οὕτω
1337 5033 1438 5104 μὲν
1493 5032 1758 5087 ἐπέταττε
1796 5034 1916 5087 Μα-

324 5121 574 5191 ξιμιανός
598 5138 613 5155 ο
640 5122 756 5175 ἀλλ’
786 5120 908 5176 οὔτε
942 5122 1245 5193 βασανίζων
1275 5124 1516 5191 ἔπεισεν,
1573 5123 1695 5178 οὗτε
1741 5125 1915 5180 ταῦτα

325 5217 541 5290 ἐπᾴδων
569 5218 1046 5292 κατεδυσώπησεν,
1100 5220 1238 5274 ἀλλὰ
1284 5222 1551 5293 κρείττων
1606 5224 1637 5277 δ
1703 5223 1915 5293 μάρτυς

325 5310 421 5363 καὶ
448 5309 556 5363 τῶν
583 5309 794 5381 δημίων
819 5311 1041 5381 χειρῶν,
1074 5312 1175 5367 καὶ
1203 5312 1312 5367 τῶν
1335 5314 1690 5385 ὲπᾳδομένων
1722 5316 1915 5381 φωνῶν

322 5399 414 5454 τὸν
441 5399 634 5455 ἑαυτοῦ
668 5400 895 5473 βασιλέα
922 5402 1130 5472 ἐζήτει,
1156 5404 1253 5458 καὶ
1304 5405 1404 5477 τὴν
1458 5406 1669 5459 ἐκεῖθεν
1723 5407 1914 5473 ἐξεκα-

323 5489 468 5543 λεῖτο
496 5489 748 5561 βοήθειαν
777 5492 924 5554 ὅπως
954 5489 1069 5563 εἶχε
1106 5496 1202 5548 καὶ
1241 5498 1426 5568 φωνῆς
1475 5495 1571 5549 καὶ
1609 5494 1915 5568 δυνάμεως,

323 5580 499 5651 Κύριε
533 5580 705 5652 Ἰησοῦ
736 5584 959 5655 Χριστὲ,
990 5584 1190 5655 λέγων,
1218 5586 1407 5658 ῶσπερ
1439 5587 1500 5659 δή
1552 5605 1620 5658 με
1654 5589 1795 5661 ὑπὲρ
1823 5589 1916 5643 σοῦ

325 5670 507 5740 λέγειν
536 5672 807 5744 ἔρρωσας,
841 5673 984 5728 οὕτω
1006 5675 1071 5746 δὴ
1096 5677 1191 5732 καλ⁵
1218 5677 1360 5749 ὑπὲρ
1388 5679 1483 5731 σοῦ
1538 5678 1771 5750 πάσχειν
1828 5683 1916 5739 ὲν-

393 5786 636 5847 ‘Psalm.
665 5806 862 5864 οιιιιι,
898 5791 1025 5850 103.

2018 4584 2207 4639 nervis
2227 4592 2336 4637 tam
2358 4583 2735 4647 vehementer,
2765 4582 2943 4638 donec
2969 4587 3328 4641 verberantes
3351 4588 3601 4656 quidem,

2019 4676 2187 4740 vires,
2213 4674 2367 4729 illum
2405 4683 2618 4738 autem,
2648 4674 2745 4743 qui
2792 4674 3132 4738 caedebatur,
3167 4693 3272 4731 vox
3315 4679 3597 4734 deficeret.

2016 4761 2266 4819 Praeconi
2306 4779 2528 4834 quoque
2574 4764 2648 4828 ei,
2686 4763 2818 4819 dum
2868 4766 3289 4832 verberabatur,
3312 4770 3479 4838 jussit
3510 4770 3617 4824 di-.

2017 4870 2146 4911 cere
2181 4873 2196 4910 :
2227 4855 2440 4925 Lingua
2481 4856 2706 4926 parcius
2746 4865 2924 4923 utere,
2952 4872 2984 4912 ο
3015 4857 3253 4929 Glyceri.
3284 4860 3364 4914 Ne
3402 4861 3481 4914 sis
3511 4877 3603 4916 ar-

2019 4962 2243 5017 rogans,
2285 4962 2390 5002 nec
2439 4948 2761 5013 seditiosus,
2815 4962 2920 5003 nec
2967 4949 3232 5005 insolens.
3277 4950 3337 5005 lu
3389 4952 3602 5010 honoro

2020 5037 2161 5092 habe
2198 5051 2382 5091 mores
2423 5036 2853 5119 .Romanorum;
2904 5055 3160 5095 reverere
3207 5040 3598 5110 imperatores.

2019 5127 2112 5184 Sic
2164 5128 2386 5198 quidem
2445 5129 2739 5197 imperavit
2792 5129 3156 5187 Maximianus
3209 5151 3221 5186 :
3265 5134 3363 5187 sed
3415 5150 3601 5203 neque

2020 5230 2290 5290 torquens
2374 5222 2688 5290 persuasit,
2752 5236 2930 5291 neque
2991 5222 3109 5278 haec
3180 5235 3408 5281 cantans
3474 5245 3602 5285 cum

2020 5313 2208 5369 atl'ecit
2243 5313 2477 5384 pudore,
2511 5315 2609 5370 sed
2653 5330 2779 5368 cum
2814 5322 2964 5369 esset
2999 5324 3209 5387 martyr
3247 5320 3502 5388 superior
3546 5331 3605 5378 et

2026 5404 2285 5460 manibus
2320 5406 2604 5471 lictorum,
2626 5414 2683 5459 et
2723 5406 2960 5462 vocibus
2999 5424 3121 5477 quae
3151 5410 3203 5464 ei
3241 5410 3604 5471 incauti-bau-

2025 5506 2132 5561 tur,
2157 5497 2441 5567 quaerebat
2463 5512 2624 5552 suum
2658 5498 2883 5567 Regem,
2912 5509 2967 5554 et
3004 5512 3113 5555 tota
3151 5517 3284 5559 voce
3312 5513 3367 5559 et
3395 5507 3605 5565 viribus

2026 5590 2176 5646 illius
2216 5590 2506 5644 invocabat
2548 5588 2863 5644 auxilium:
2914 5591 3144 5649 Domine
3187 5594 3318 5651 Jesu
3363 5596 3603 5664 Christe,

2023 5681 2238 5752 dicens,
2272 5680 2551 5754 quomodo
2590 5695 2701 5749 me,
2730 5689 2790 5735 ut
2824 5697 2927 5753 pro
2968 5691 3018 5739 te
3049 5684 3315 5752 dicerem,
3344 5690 3609 5748 corrobo-
