4140 6382
1769 303 2160 364 ΑΒΒΕΝΒΑ.

2312 300 2742 362 DECEMBER.
2784 333 2788 337 ~
3736 297 3879 364 106]

595 308 736 379 1059

598 431 753 493 rasti,
785 429 859 484 ita
893 429 1086 492 etiam,
1126 442 1158 482 ο
1210 427 1379 491 bone,
1414 425 1481 479 da
1521 424 1656 479 mihi
1707 422 1878 487 vires,
1903 431 1962 477 ut
1997 437 2098 492 pro
2139 429 2188 476 te

2299 421 2536 493 ίσχυσον,
2565 419 2759 488 ἀγαθὲ,
2792 420 2879 473 ἵνα
2905 420 2972 489 τῇ
3008 416 3296 490 προσθήκῃ
3322 415 3431 469 τῶν
3460 413 3729 482 ἀλγεινῶν
3755 416 3884 483 μεί-

595 521 797 593 patiar,
839 529 899 572 ut
948 517 1266 572 accessione
1309 531 1501 571 eorum
1551 530 1673 585 qua:
1705 525 1837 570 sunt
1877 514 2076 579 tristia,
2109 513 2180 567 sit

2294 517 2392 581 ζων
2417 533 2505 584 μοι
2525 516 2666 583 καὶὴ
2697 513 2804 567 τῶν
2830 509 3102 582 βραϐείων
3124 509 3389 572 ἀντίδοσις
3417 507 3666 578 γένηται.
3706 505 3883 561 Τοῦτο

595 612 730 666 mihi
769 609 1120 680 praemiorum
1149 610 1324 680 major
1348 607 1746 662 remuneratio.
1771 606 1887 660 IIoc
1919 618 2179 676 tanquam

2294 608 2540 674 καθάπερ
2573 607 2707 677 πυρὶ
2738 606 2851 676 πῦρ
2907 603 3212 676 προστεθὲν
3267 601 3606 673 Μαξιμιανῷ
3655 600 3884 654 πλείονα

594 703 739 772 ignis
760 703 867 773 igni
888 702 1164 765 additum,
1186 701 1517 755 Maximiano
1541 700 1808 769 majorem
1828 698 1964 752 iram
1985 714 2182 753 accen-

597 798 700 863 dit;
747 798 860 866 ipse
892 805 1074 851 autem
1110 811 1229 856 eos.
1257 796 1352 862 qui
1397 795 1801 865 percutiebant,
1834 809 2081 863 eousque
2126 803 2184 846 ut

596 890 962 944 verberarem
993 890 1264 953 incitavit,
1297 889 1478 943 donec
1507 903 1707 956 corpus
1744 886 1998 957 martyris
2027 883 2181 939 humi

595 983 824 1052 jaceret,
858 981 996 1035 nihil
1031 980 1294 1036 diﬁerens
1317 981 1386 1035 ab
1424 981 1685 1034 inanimis
1714 997 1726 1032 :
1766 978 2031 1049 sanguine
2064 977 2184 1047 qui-

601 1073 725 1127 dem
754 1073 866 1142 jam
909 1071 1214 1136 exinanito,
1249 1071 1391 1140 pelle
1421 1085 1554 1125 vero
1583 1079 1748 1125 vento
1779 1069 2098 1132 tumefacta,
2129 1076 2186 1122 et

603 1164 716 1234 ipsa
748 1179 913 1218 carne
945 1163 1098 1232 prius
1140 1172 1466 1232 consumpta
1500 1169 1556 1216 et
1592 1162 1760 1217 nudis
1794 1161 1930 1216 solis
1966 1161 2186 1216 ossibus

603 1255 1022 1325 apparentibus.
1074 1253 1229 1320 Quod
1285 1254 1508 1324 quidem
1573 1253 1746 1308 movit
1807 1253 2187 1308 misericordia

606 1363 714 1403 non
740 1349 916 1402 solum
950 1347 1068 1416 pios
1095 1356 1152 1402 et
1183 1348 1454 1401 humanos
1482 1347 1720 1412 animos,
1757 1345 1849 1400 sed
1880 1345 2046 1400 etiam
2072 1344 2190 1398 ani-

606 1455 724 1494 mos
760 1439 1089 1492 inﬁdelium.
1115 1437 1186 1492 At
1210 1453 1318 1491 non
1343 1437 1756 1504 Maximianum,
1789 1436 1948 1507 cujus
1969 1435 2189 1489 animus

604 1541 724 1584 erat
757 1531 936 1599 lapide
975 1530 1186 1584 durior.

678 1623 842 1677 XVII.
883 1623 987 1678 Sed
1031 1631 1318 1690 postquam
1367 1624 1444 1677 sie
1475 1620 1731 1677 aﬁ‘ectnm
1765 1619 2101 1693 Glycerium,
2135 1627 2193 1674 et

609 1730 638 1769 a
671 1724 889 1769 mortuo
931 1714 1154 1783 quidem
1196 1715 1333 1768 nihil
1387 1730 1557 1785 prepe
1605 1715 1980 1781 diﬁ‘erentem,
2015 1713 2186 1768 solam

2285 701 2374 753 τὸν
2399 699 2570 768 θυμὸν
2600 697 2826 767 ἀνῆψεν.
2850 697 3022 759 Αὐτὸς
3047 696 3105 749 δὲ
3131 697 3257 758 τοὺς
3293 694 3557 757 παὶσντας
3581 696 3664 757 είς
3690 691 3882 746 τοσοῦ-

2285 810 2374 844 τον
2404 790 2628 859 ἠρέθισε
2659 789 2907 853 τύπτειν,
2936 789 3043 852 ἕως
3073 788 3133 841 τδ
3159 788 3320 858 σῶμα
3343 786 3439 840 τοῦ
3473 787 3755 858 μάρτυρος
3785 786 3882 838 οὐ·

2283 885 2370 936 δὲν
2396 884 2505 935 τῶν
2537 881 2760 952 ἀψύχων
2788 881 3044 944 ἀπεοικὸς
3065 880 3159 933 ἐπὶ
3180 880 3282 949 γῆς
3320 878 3499 933 ἔκειτο
3520 879 3614 932 τοῦ
3645 879 3881 948 αἵματος

2288 976 2385 1046 μὲν
2408 975 2508 1046 ἤδη
2533 974 2884 1038 κενωθέντος,
2913 973 3084 1042 αὐτῆς
3110 972 3170 1026 δὲ
3201 971 3403 1042 σαρκὸς
3437 970 3879 1040 προδαπανηθεί-

2287 1087 2414 1137 σης,
2451 1069 2545 1124 καὶ
2596 1068 2706 1121 τῶν
2760 1066 2936 1120 ὀστῶν
2967 1068 3144 1136 μόνων
3185 1063 3358 1132 ψιλῶν
3401 1059 3876 1130 ὐποφαινομένων,

2285 1163 2424 1232 ὅπερ
2449 1156 2629 1214 οἶκτον
2660 1159 2912 1214 ἐνέϐαλεν
2936 1158 2998 1211 οὐ
3031 1161 3151 1220 ταῖς
3177 1154 3431 1209 εὐσεϐέσι
3463 1154 3625 1224 μόνον
3652 1153 3748 1204 καὶ
3787 1169 3878 1220 φι-

2286 1253 2631 1324 λανθρώποις
2652 1251 2874 1321 ψυχαῖς,
2907 1249 3042 1303 ἀλλά
3075 1249 3140 1320 δὴ
3176 1247 3272 1301 καὶ
3306 1247 3425 1309 ταῖς
3459 1245 3571 1296 τῶν
3606 1243 3877 1296 ἀπίστων

2289 1346 2402 1400 ἀλλ’
2455 1347 2574 1415 οὐχὶ
2627 1345 2721 1399 καὶ
2768 1341 3096 1412 Μαξιμιανῷ
3145 1340 3224 1412 τῷ
3267 1339 3362 1394 καὶ
3389 1336 3555 1394 αὐτοῦ
3595 1334 3745 1388 λίθου
3777 1334 3878 1403 τὴν

2289 1438 2466 1510 ψυχὴν
2506 1437 2769 1509 σκληροτέ
2781 1453 2879 1508 ρῳ.

2363 1621 2464 1676 ῙΖ’.
2507 1619 2649 1673 Ἀλλ’
2680 1619 2805 1673 ἐπεὶ
2823 1617 3115 1688 Γλυκέριον
3145 1614 3294 1687 ἑώρα
3322 1612 3418 1668 καὶ
3454 1611 3627 1672 οὐτως
3657 1609 3873 1680 ἔχοντα,

2294 1711 2390 1765 καὶ
2419 1709 2612 1782 νεκροῦ
2653 1709 2752 1780 μὲν
2769 1709 2923 1762 οὐδὲν
2958 1707 3155 1779 μικροῦ
3181 1705 3528 1775 διαφέροντα,
3555 1705 3655 1771 τὴν
3697 1699 3875 1770 γλῶτο

609 1817 793 1862 autem
849 1808 1091 1876 linguam
1147 1815 1458 1861 moventem
1505 1807 1821 1862 vehementi
1873 1807 2094 1877 spiritu,
2135 1813 2189 1860 et

2296 1820 2396 1856 ταν
2453 1802 2509 1855 δὲ
2567 1800 2820 1854 κινοῦντα
2878 1801 3046 1871 μόνην
3084 1800 3143 1851 tv
3195 1795 3410 1868 θερμῷ·
3443 1793 3716 1862 πνεύματι
3758 1791 3873 1854 καὶ,

608 1899 926 1955 dicentem:
972 1899 1104 1952 Sum
1156 1898 1530 1968 Christianus,
1579 1915 1772 1954 servus
1813 1898 2040 1964 Christi,
2092 1897 2188 1969 qui

604 1992 756 2047 solus
794 2001 880 2046 est
920 2007 1084 2046 verus
1133 1992 1310 2056 Deus;
1371 2007 1516 2046 unus
1591 2001 1678 2046 est
1719 1992 1852 2046 mihi
1900 1992 2185 2058 Dominus,

608 2100 754 2140 unus
803 2088 940 2140 Rex.
989 2087 1111 2139 Non
1165 2085 1350 2141 ferens
1407 2088 1497 2140 ille
1536 2086 1798 2156 loquendi
1848 2087 2184 2152 libertatem,

599 2174 757 2240 jubet
801 2191 928 2228 eum
1013 2175 1238 2245 quidem
1290 2177 1428 2232 solvi
1477 2193 1506 2232 a
1563 2178 1841 2244 vinculis,
1887 2177 2187 2232 abductum

603 2281 739 2320 vero
781 2276 935 2320 extra
981 2267 1286 2333 civitatem,
1329 2269 1451 2338 igne
1487 2278 1791 2322 crematum
1829 2278 2062 2324 mortem
2097 2285 2189 2324 su-

606 2356 744 2411 bire.
781 2358 990 2412 Ductus
1021 2372 1152 2425 ergo
1194 2372 1499 2426 generosus
1538 2358 1628 2414 ille
1659 2359 1726 2412 ad
1757 2359 1940 2412 locum
1977 2357 2188 2413 consti-

606 2456 826 2513 tutum,
872 2458 928 2503 et
982 2459 1134 2503 stans
1197 2449 1266 2503 ad
1331 2449 1639 2516 orientem,
1700 2450 1901 2520 partim
1960 2451 2185 2520 quidem

604 2539 826 2594 Christo
862 2541 974 2610 egit
1000 2541 1204 2610 gratias
1234 2541 1328 2611 qui
1359 2557 1481 2597 eum
1517 2558 1548 2596 ιι
1577 2543 1766 2598 multis
1791 2542 2056 2597 liberarat
2086 2558 2186 2613 pe-

607 2632 841 2698 riculis;
879 2635 1082 2702 partim
1129 2643 1312 2688 autem
1359 2649 1461 2703 pro
1501 2649 1560 2690 se
1595 2634 1956 2690 vehementer
1984 2636 2185 2700 oravit,

605 2732 662 2778 et
688 2739 788 2794 pro
827 2726 957 2794 piis,
986 2725 1082 2795 qui
1124 2736 1285 2781 erant
1323 2727 1553 2797 ubique.
1578 2727 1788 2783 Deinde
1816 2744 1938 2782 cum
1983 2727 2187 2783 Christi

607 2815 829 2886 signum
871 2831 973 2871 suo
1001 2817 1349 2873 adhibuisset
1387 2818 1627 2888 corpori,
1657 2819 1760 2872 fuit
1792 2819 1984 2875 aﬁixus
2014 2820 2184 2890 ligno,

607 2924 762 2964 saera
793 2909 1034 2974 victima,
1064 2911 1208 2965 aries
1238 2925 1432 2965 carens
1457 2912 1607 2966 omni
1643 2913 1797 2977 vitio,
1829 2914 1880 2968 ei
1909 2913 2004 2983 qui
2035 2914 2184 2984 ligno

607 3008 834 3067 propter
858 3015 956 3054 nos
973 3000 1076 3054 fuit
1099 3000 1316 3056 afﬁxus.
1339 3000 1466 3071 Igne
1490 3009 1673 3054 autem
1700 3003 1899 3057 subtus
1931 3017 2186 3067 accenso,

605 3089 735 3145 Jesu
752 3089 855 3145 fuit
879 3091 1123 3145 oblatum
1145 3092 1527 3149 holocaustum
1560 3103 1616 3148 et
1643 3095 1973 3150 sacriﬁcium
1993 3112 2188 3167 accep-

2296 1895 2621 1967 Χριστιανός
2643 1895 2786 1963 εἰμι,
2807 1894 3056 1961 λέγοντα,
3091 1889 3330 1962 Χριστοῦ
3357 1887 3543 1950 δοῦλος
3580 1887 3674 1939 τοῦ
3711 1885 3879 1955 μόνου

2295 1987 2456 2042 Θεοῦ.
2500 1983 2594 2049 Εἷς
2645 1986 2766 2055 ἐμοὶ
2804 1985 3014 2054 κύριος,
3041 1982 3122 2047 εἷς
3153 1981 3438 2048 δεσπότης,
3465 1974 3548 2040 εἷς
3593 1975 3871 2048 βασιλεύς·

2300 2078 2374 2150 μὴ
2401 2077 2643 2146 ἐνεγκὼν
2675 2079 2877 2140 ἐκεῖνος
2907 2077 3008 2143 τὴν
3028 2073 3346 2146 παρρησίαν
3383 2071 3615 2140 λυθῆναι
3646 2069 3745 2139 μὲν
3773 2069 3878 2122 αὐ-

2296 2170 2386 2222 τὸν
2413 2169 2523 2221 τῶν
2555 2166 2770 2238 δεσμῶν
2812 2164 3046 2232 κελεύει,
3079 2165 3186 2229 ἔξω
3219 2164 3278 2217 δὲ
3330 2162 3434 2232 τῆς
3478 2161 3684 2222 πόλεως
3733 2159 3877 2212 ἀττα-

2296 2261 2494 2332 χθέντα
2523 2262 2613 2314 τὸν
2631 2261 2720 2314 διὰ
2742 2260 2914 2328 πυρὸς
2937 2259 3241 2328 ὑποστῆναι
3271 2256 3525 2310 θάνατον.
3541 2252 3754 2324 Ἀχθεὶς
3778 2251 3875 2308 οὖν

2295 2358 2322 2408 ὁ
2351 2355 2614 2423 γεννάδας
2638 2353 2732 2407 ἐπὶ
2751 2353 2842 2406 τὸν
2881 2352 3168 2422 ὁρισθέντα
3233 2351 3420 2415 τόπον,
3482 2348 3578 2403 καὶ
3618 2347 3751 2420 πρὸς
3797 2346 3876 2399 ξω

2299 2446 2450 2514 στὰς,
2474 2445 2633 2498 τοῦτο
2669 2445 2768 2515 μὲν
2789 2444 2953 2516 χάριν
2977 2442 3246 2513 ὡμολόγει
3273 2441 3350 2511 τῷ
3381 2443 3446 2495 ὲκ
3471 2439 3682 2493 πολλῶν
3710 2437 3877 2492 αὐτὸν

2297 2542 2538 2609 παγίδων
2570 2540 2860 2610 ῥυσαμένῳ
2893 2537 3136 2610 Χριστῷ,
3159 2536 3318 2590 τοῦτο
3347 2535 3404 2588 δὲ
3437 2535 3532 2589 καὶ
3564 2531 3758 2587 ἑαυτοῦ
3785 2531 3880 2586 καὶ

2295 2636 2402 2688 τῶν
2434 2633 2746 2702 ἁπανταχοῦ
2779 2632 2995 2704 θερμῶς
3021 2629 3369 2701 ὐπερηύξατο
3417 2625 3679 2680 εὐσεϐῶν.
3741 2622 3876 2678 Elea.

2294 2728 2394 2798 τὴν
2423 2726 2516 2780 τοῦ
2548 2726 2785 2796 Χριστοῦ
2814 2723 3086 2795 σφραγῖδα
3119 2721 3197 2792 τῷ
3225 2718 3418 2774 ἑαυτοῦ
3468 2715 3744 2771 ἐπιϐαλὼν
3773 2715 3881 2768 σῶ-

2301 2837 2432 2891 ματι
2461 2816 2793 2889 προσηλώθη
2820 2817 2900 2886 τῷ
2933 2816 3098 2882 ξύλω,
3134 2813 3279 2882 ἱερὸν
3309 2811 3458 2881 θῦμα
3502 2810 3656 2881 κριδς
3723 2809 3880 2878 ἄμω-

2301 2929 2398 2982 μος
2428 2911 2505 2980 τῷ
2533 2911 2599 2963 δι’
2630 2911 2778 2980 ἡμᾶς
2820 2907 2962 2978 ξύλῳ
3002 2904 3432 2978 προσηλωθέντι·
3461 2903 3558 2956 καὶ
3587 2902 3680 2954 τοῦ
3705 2900 3877 2970 πυρὸς

2294 3004 2350 3057 δὲ
2383 3001 2626 3057 κάτωθεν
2658 3000 2991 3068 ἀναφθέντος
3017 2999 3062 3050 ὼ
3093 2995 3412 3065 λοκαυτώθη
3439 2993 3518 3064 τῷ
3555 2991 3733 3063 Ἰησοῦ
3785 2990 3880 3044 θυ-

2297 3096 2386 3149 σία
2411 3094 2824 3164 εὐπρόσδεκτος,
2859 3091 3205 3162 καλλιέρημα
3243 3088 3390 3143 θεῖον
3419 3087 3496 3158 τῷ
3525 3085 3637 3140 ἄνω
3667 3083 3879 3155 προσῆ-

610 3183 801 3249 tabile,
833 3191 889 3238 et
921 3184 1105 3239 divina
1139 3185 1316 3238 hostia
1356 3201 1611 3254 supernae
1656 3190 2016 3243 conveniens.
2043 3190 2185 3255 Quid

2294 3207 2389 3243 κον
2418 3187 2656 3257 Χριστοῦ
2696 3185 3087 3255 θυσιαστηρίῳ.
3122 3183 3186 3236 Τί
3219 3181 3282 3253 δὴ
3321 3180 3381 3233 τὸ
3412 3178 3666 3233 ἐντεῦθεν
3693 3193 3712 3242 ;
3765 3171 3877 3246 ἆρα

610 3291 739 3330 vero
769 3275 791 3327 ?
824 3276 1023 3330 hincne
1081 3277 1350 3333 intellexit
1381 3277 1742 3332 Maximianus
1776 3280 1896 3348 pios
1935 3294 2056 3334 esse
2082 3279 2186 3333 im-

607 3367 945 3422 mutabiles?
993 3368 1224 3422 Multum
1280 3369 1470 3437 abest;
1534 3369 1630 3424 sed
1662 3384 1787 3424 cum
1837 3373 2190 3428 exsecrandae

605 3461 726 3530 ejus
753 3460 941 3513 hostiae
975 3459 1310 3514 ducerentur
1337 3459 1404 3514 ad
1437 3461 1700 3530 templum
1735 3461 2026 3518 duodecim
2055 3464 2184 3519 deo.

605 3567 750 3616 rum,
812 3550 956 3620 quod
1011 3558 1132 3604 erat
1189 3549 1337 3606 intra
1398 3553 1628 3623 regiam,
1681 3553 1915 3610 aderant
1963 3555 2188 3627 quidem

607 3643 784 3713 impii,
814 3642 1066 3696 candidis
1104 3651 1162 3696 et
1210 3643 1519 3713 magnilicis
1559 3645 1803 3700 vestibus
1844 3647 2190 3703 celebrantes

603 3735 809 3791 festum
856 3736 940 3792 sui
977 3735 1258 3792 interitus.
1291 3737 1454 3793 Solus
1487 3747 1673 3794 autem
1715 3740 1883 3795 Indes
1925 3741 2064 3797 atris
2108 3741 2189 3796 in-

609 3827 775 3883 dutus
807 3828 1074 3896 vestibus,
1105 3837 1312 3886 etcum
1342 3831 1460 3886 ha-e
1491 3832 1923 3901 celebrarentur,
1949 3836 2191 3888 maximo

607 3920 800 3976 dolore
837 3921 1092 3988 aﬁ‘ectus,
1133 3937 1261 3977 cum
1292 3939 1351 3978 se
1401 3926 1458 3978 in
1486 3925 1641 3978 valde
1686 3926 1980 3981 tenebrosa
2009 3927 2190 3982 inclu-

609 4014 773 4066 sisset
803 4014 1158 4078 domuncula,
1193 4014 1489 4084 impiorum
1521 4015 1760 4072 deﬂebat
1783 4019 2090 4075 interitum.

681 4105 866 4160 XVIII.
905 4105 1312 4160 Itennnliantur
1363 4107 1480 4162 haec
1511 4124 1732 4178 quoque
1763 4110 2110 4181 imperatori,
2135 4124 2192 4169 et
2234 4143 2250 4152 -

611 4197 659 4252 is
684 4198 868 4252 statim
896 4201 964 4252 ab
994 4197 1115 4267 ipso
1147 4199 1434 4268 arripitur,
1461 4208 1518 4254 et
1548 4202 1764 4256 sistitur
1795 4203 1864 4258 ab
1887 4204 1980 4258 illo
2005 4206 2191 4274 judice

607 4287 960 4356 judicandus.
998 4290 1133 4341 Cum
1165 4298 1352 4344 autem
1385 4291 1552 4346 etiam
1581 4303 1877 4362 antequam
1937 4297 2190 4367 loquere:

613 4389 723 4442 tur,
750 4380 803 4433 ei
840 4380 1187 4434 renuntiaret
1219 4383 1407 4450 vestis,
1443 4382 1588 4452 quod
1620 4399 1742 4452 qua:
1764 4385 1991 4451 ﬁebant,
2023 4388 2093 4444 ab
2121 4405 2188 4444 eo

2296 3285 2495 3354 συνῆκε
2526 3279 2867 3350 Μαξιμιανῖς
2893 3278 2958 3330 ὲκ
3011 3275 3220 3330 τούτων
3259 3275 3320 3326 τδ
3366 3273 3476 3326 τῶν
3522 3268 3766 3324 εὐσεϐῶν
3812 3268 3879 3320 ἀ-

2298 3375 2628 3447 μετάθετον;
2679 3371 2882 3425 Πολλοῦ
2915 3385 2976 3438 γε
3011 3367 3108 3422 καὶ
3143 3367 3226 3420 δεῖ
3248 3381 3263 3396 ⁸
3294 3365 3408 3421 ἀλλ’
3450 3363 3734 3434 ἀγομένων
3761 3360 3872 3413 τῶν

2297 3466 2508 3536 μιαρῶν
2535 3462 2699 3516 αὐτοῦ
2737 3458 2960 3525 θυσιῶν,
2991 3460 3048 3513 tv
3085 3459 3164 3528 τῷ
3206 3457 3358 3520 ἐντὸς
3403 3454 3513 3509 τῶν
3585 3453 3880 3525 βασιλείων

2293 3557 2499 3610 δώδεκα
2523 3555 2662 3609 θεῶν
2696 3553 2953 3624 παρῆσαν
2995 3551 3094 3621 μὲν
3115 3551 3164 3604 οἱ
3191 3549 3514 3610 ἀσεϐοῦντες
3536 3547 3760 3609 λευκαῖς
3782 3547 3880 3599 καὶ

2295 3651 2598 3720 φιλοτίμοις
2646 3647 2862 3710 στολαῖς
2925 3644 3024 3714 τὴν
3077 3644 3287 3698 ἑαυτῶν
3339 3641 3616 3696 ἀπώλειαν
3683 3639 3879 3708 ἑορτά·

2295 3745 2500 3808 ζοντες.
2560 3740 2735 3802 Μόνος
2763 3739 2820 3792 δὲ
2865 3737 3038 3808 ἰνδης
3073 3733 3502 3806 μελανειμονῶν,
3557 3734 3652 3786 καὶ
3692 3732 3874 3786 αὐτῶν

2296 3837 2500 3906 σφόδρα
2537 3834 2646 3887 τῶν
2667 3829 3000 3901 τελουμένων
3031 3828 3358 3901 ὑπεραλγῶν
3388 3829 3446 3882 tv
3468 3825 3698 3896 οἰκίσκῳ
3744 3827 3876 3878 καθ-

2295 3929 2476 4000 είρξαι,
2501 3925 2692 3980 ἑαυτὸν
2718 3924 2862 3995 μάλα
2891 3920 3152 3992 σκοτεινῷ
3178 3921 3278 3990 τὴν
3297 3920 3406 3974 τῶν
3449 3916 3664 3972 ἀσεϐῶν
3721 3914 3877 3968 ἀπὼο

2294 4025 2441 4077 λειαν
2461 4019 2825 4091 κατωδύρετο.
3419 4055 3424 4057 .

2365 4118 2470 4172 IH'.
2518 4113 2862 4182 Ἀγγέλλεται
2899 4109 2996 4164 καὶ
3029 4108 3200 4162 ταῦτα
3223 4107 3298 4179 τῷ
3329 4107 3556 4179 βασιλεῖ,
3587 4106 3682 4161 καὶ
3711 4105 3881 4175 ἀνάρι-

2296 4225 2496 4270 παστος
2528 4204 2677 4274 αὐτῷ
2701 4203 2795 4256 καλ.
2817 4200 2971 4264 οὗτος
2997 4202 3160 4267 εὐθὺς
3186 4201 3418 4269 γίνεται,
3449 4199 3545 4252 καὶ
3571 4201 3660 4252 ὐπ’
3680 4197 3876 4264 ἐκείνῳ

2293 4302 2520 4372 δικαστῇ
2554 4299 2886 4369 παρίσταται
2914 4296 3334 4368 κριθησόμενος.
3354 4293 3444 4356 Ὠς
3464 4293 3522 4346 δὲ
3546 4291 3639 4346 καὶ
3655 4292 3763 4362 πρὸ
3781 4292 3879 4361 τῆς

2294 4392 2480 4463 φωνῆς
2525 4390 2922 4462 ἀπήγγειλενή
2976 4387 3140 4458 ἐσθὴς
3165 4428 3180 4454 ,
3229 4387 3312 4440 ὅτι
3366 4383 3596 4448 πένθους
3629 4383 3781 4453 αὑτῷ
3810 4382 3883 4437 τὰ

613 4473 981 4525 censebantur
1035 4472 1398 4554 digna‘luctu
1445 4484 1501 4529 et
1558 4477 1805 4544 tristitia,
1852 4478 2017 4548 jussit
2073 4483 2189 4553 ejus

2297 4484 2574 4553 γινόμενα,
2603 4480 2906 4554 κατηφείας
2939 4480 3184 4550 ἐκρίνετο
3237 4477 3384 4544 ἄξια,
3438 4473 3648 4529 κελεύει
3690 4474 3881 4544 χερσὶν
3919 4539 3931 4548 ν

613 4563 867 4618 manibus
889 4573 944 4618 et
965 4549 1226 4633 pedibus‘
1246 4565 1466 4636 injectis
1481 4571 1714 4634 catenis,
1737 4579 1794 4625 et
1816 4573 1960 4627 collo
1977 4549 2195 4638 collari,

612 4670 742 4710 eum
793 4656 1006 4710 servari
1055 4657 1330 4711 inclusum
1393 4659 1451 4712 in
1505 4675 1748 4716 carcere.
1803 4663 1983 4733 Atque
2007 4665 2198 4721 ladem

613 4748 838 4818 quidem
871 4749 1106 4805 habebat
1143 4751 1428 4820 custodia;
1465 4752 1832 4811 Maximianus
1862 4773 1994 4812 vero
2029 4759 2196 4813 Dom-

613 4857 739 4896 nam
777 4857 998 4912 quoque
1026 4844 1328 4914 quaerebat,
1355 4854 1411 4902 et
1452 4846 1640 4904 furore
1671 4849 1900 4918 perinde
1929 4865 1994 4905 ac
2021 4851 2200 4908 ebrie-

615 4941 724 4988 tate
775 4933 905 4989 Lesa
955 4935 1193 5003 ratione,
1237 4947 1294 4992 et
1327 4938 1533 4996 oblitus
1577 4957 1772 4996 eorum
1815 4959 1936 5012 quae
1973 4945 2042 5000 de
2073 4945 2190 5016 ipsa

613 5024 922 5092 audiverat,
967 5025 1186 5082 dicebat
1225 5030 1443 5086 assidue
1477 5049 1490 5086 :
1536 5030 1636 5087 Ubi
1673 5043 1756 5092 est
1801 5035 2051 5092 Domna?
2085 5037 2189 5093 Ubi

613 5125 698 5171 est
742 5118 1002 5173 sacerdos
1051 5119 1236 5174 Dianae
1282 5129 1341 5176 et
1382 5122 1677 5179 Minervae?
1719 5126 1933 5182 Rursus
1965 5144 2095 5200 ergo
2139 5129 2191 5184 ei

613 5208 804 5264 dicunt
855 5209 925 5265 de
957 5210 1192 5281 integro,
1229 5227 1351 5282 quae
1389 5214 1722 5272 videbantur
1769 5219 2038 5276 accidisse
2077 5222 2194 5275 vir-

612 5301 747 5372 gini,
778 5311 834 5358 et
871 5318 994 5373 quae
1023 5305 1233 5361 fecerat
1265 5308 1577 5375 eunuchus,
1616 5310 1689 5364 ita
1720 5321 1779 5366 ut
1808 5327 1897 5368 res
1925 5328 1982 5369 se
2017 5314 2190 5370 habe.

611 5394 706 5452 bat
740 5396 841 5470 (6),
883 5398 1218 5470 signiﬁcant.
1249 5400 1342 5456 Ille
1376 5412 1562 5458 autem
1598 5419 1723 5460 cum
1755 5405 1926 5463 multa
1961 5407 2190 5465 dixisset

721 5583 743 5614 ³
779 5580 926 5636 Psal.
955 5597 1150 5652 cxvm,
1203 5586 1328 5643 105.

689 5763 766 5834 (6)
803 5765 1032 5827 Scilicet
1058 5767 1208 5842 quod
1237 5767 1552 5828 Christiana
1585 5781 1754 5831 esset.

2299 4574 2575 4628 αὐτοῦκαὶ
2609 4575 2767 4626 ποσὶν
2790 4571 3007 4634 ἁλύσεις
3041 4568 3436 4639 περιϐαλόντας
3485 4566 3582 4620 καὶ⁵
3614 4565 3695 4636 τῷ
3744 4581 3880 4636 τρα-

2299 4663 2445 4734 χήλῳ
2491 4663 2668 4716 κλοιὸν
2699 4659 3094 4718 κατάκλειστον
3162 4659 3220 4711 tv
3274 4656 3659 4726 δεσμωτηρίῳ.
3697 4654 3880 4725 Ἰνδην

2301 4755 2399 4826 μὲν
2419 4753 2510 4807 οὖν
2543 4749 2690 4824 εἶχεν
2713 4755 2746 4823 ὴ
2780 4752 2994 4824 φυλακή
3033 4767 3048 4783 ο
3087 4748 3430 4821 Μαξιμιανὺς
3459 4748 3516 4801 δὲ
3542 4749 3635 4801 καὶ
3664 4746 3880 4818 Δόμναν

2298 4853 2502 4920 ἐζήτει,
2526 4850 2622 4901 καὶ
2644 4846 2834 4917 ὥσπερ
2881 4845 3022 4917 μέθῃ
3041 4847 3108 4916 τῇ
3155 4843 3325 4915 μανίᾳ
3348 4843 3450 4906 τὰς
3481 4842 3686 4913 φρένας
3737 4857 3878 4911 σφα-

2296 4943 2407 5008 λεὶς
2439 4943 2533 4997 καὶ
2571 4936 2646 4997 ὧν
2667 4942 2868 5012 ἢκουσε
2925 4942 3056 5010 περὶ
3087 4939 3263 5008 αὐτῆς
3311 4937 3697 5009 ἐκλαθόμενος,
3742 4935 3878 5003 Ποῦ,

2295 5035 2449 5105 ἔλεγε
2481 5035 2710 5106 συχνῶς,
2743 5034 2922 5104 Δόμνα
2949 5048 2964 5098 ;
2996 5030 3099 5086 ποῦ
3151 5033 3186 5102 ἡ
3217 5030 3526 5102 θεράπαινα
3553 5031 3662 5083 τῶν
3694 5028 3874 5094 θεῶνς

2298 5128 2406 5182 ποῦ
2457 5125 2778 5199 ’Δρτέμιδός
2815 5143 2876 5179 τε
2909 5128 3000 5180 καὶ
3041 5124 3277 5197 Ἀθηνᾶς
3325 5126 3534 5198 ίέρεια;
3572 5122 3740 5190 Αὖθις
3783 5121 3878 5180 οῦν

2297 5222 2356 5288 ἐξ
2390 5221 2641 5292 ὑπαρχῆς
2679 5219 2826 5289 αὐτῷ
2859 5219 2927 5272 τὰ
2971 5218 3234 5273 δοκοῦντα
3270 5222 3338 5291 τῇ
3374 5218 3632 5288 παρθένῳ
3664 5217 3879 5288 συμϐῆ-

2298 5331 2386 5370 ναι
2409 5314 2628 5382 λέγουσι
2655 5314 2750 5366 καὶ
2779 5313 2845 5367 τὰ
2879 5317 3018 5367 κατά
3050 5313 3140 5367 τὸν
3163 5312 3419 5383 εὐνοῦχον
3437 5312 3512 5378 ὡς
3542 5310 3652 5383 εἶχε
3679 5310 3878 5381 γνωρί-

2300 5408 2507 5474 ζουσιν.
2551 5406 2608 5460 '0
2645 5405 2702 5459 δὲ
2727 5406 2894 5460 πολλά
2916 5406 3011 5460 τοῦ
3042 5405 3434 5477 ἀρχιευνούχου
3475 5404 3756 5461 κατειπὼν
3779 5405 3878 5458 καὶ
