4142 6380
337 336 471 401 1061

1501 340 1676 402 VITA
1711 340 1815 400 SS.
1856 339 2063 400 lNDzE
2100 340 2192 400 ET
2237 343 2542 406 DOMN/E.

3480 343 3616 408 1002

334 452 434 520 οὐχ
465 451 670 521 ἥκιστα
700 448 1061 520 δυσχεράνας,
1091 447 1172 502 ὅτι
1198 450 1295 502 καὶ
1327 446 1436 512 ζῶν
1463 447 1596 510 ὅλως
1633 449 1921 518 τετήρητο,

2027 447 2095 501 de
2139 428 2576 516 archieunucho,
2612 458 2668 506 et
2717 451 2876 508 valde
2915 467 3056 523 aegre
3108 453 3344 517 tulisset,
3379 455 3524 524 quod
3560 459 3613 512 ei

333 539 547 595 κελεύει
589 540 755 592 αὐτοῦ
792 540 894 610 μὲν
943 539 1332 610 ἀποτμηθῆναι
1374 541 1474 608 τὴν
1521 539 1783 608 κεφαλὴν,
1822 539 1922 610 τὴν

332 633 391 686 δὲ
433 631 705 703 παρθένον
735 632 794 686 έν
839 634 952 696 τοῖς
991 631 1352 704 ἀσκητηρίοις
1389 629 1801 701 ἀναζητεῖσθαι,
1829 633 1922 684 καὶ

333 724 476 795 πρὸς
507 725 634 788 τοὺς
678 727 891 780 ἐκείνου
943 727 1099 791 θεοὺς
1152 727 1555 792 ἀνασώζεσθαι.
1590 727 1773 780 Ταῦτα
1812 745 1921 796 μα-

337 816 506 870 θοῦσα
537 818 570 886 ἡ
599 817 694 870 τοῦ
735 818 1076 890 ἀσκητηρίου
1107 820 1453 890 προεστῶσα,
1482 819 1613 890 παρ’
1638 813 1682 887 ᾧ
1721 820 1754 890 ἡ
1791 819 1924 887 ἁγία

334 907 713 978 ἀνδρικώτατα
747 909 1174 981 διανοησαμένη,
1228 911 1452 983 ἀνδρείᾳ
1484 913 1576 964 καὶ
1625 913 1798 982 κουρᾷ
1830 911 1923 964 καὶ

339 1004 500 1073 στολῇ
535 1004 867 1074 κοσμήσασα
897 1005 994 1073 τὴν
1037 1003 1328 1072 παρθένον,
1373 1004 1542 1072 εὐχάς
1569 1022 1627 1058 τε
1659 1004 1795 1074 αὐτῇ
1828 1003 1923 1056 σὺν

334 1095 570 1166 δάκρυσι
601 1095 701 1166 τῆς
731 1095 851 1148 ὀδοῦ
888 1094 1136 1164 φύλακας
1167 1094 1546 1166 παρασχοῦσα,
1590 1095 1685 1147 καὶ
1715 1093 1923 1164 ἡγεμό-

337 1205 432 1249 νας
460 1187 553 1240 τοῦ
588 1188 736 1256 ίεροῦ
775 1187 1021 1257 θαλάμου
1051 1186 1255 1256 ταύτην
1283 1187 1562 1256 ἐκπέμπει
1593 1187 1850 1244 λαθοῦσα.

409 1280 512 1335 ΙΘ’.
561 1279 701 1332 Ἀλλ’
738 1281 766 1332 ὁ
798 1279 992 1352 μιαρὸς
1022 1279 1201 1348 ζητῶν
1247 1279 1348 1330 οὐκ
1381 1278 1637 1342 ἐπαύετο,
1670 1280 1764 1332 καὶ
1793 1281 1925 1332 ἁπο-

341 1376 449 1446 ρῶν
500 1373 644 1427 κατὰ
693 1374 910 1426 πάντων
946 1372 1142 1426 ὲλύττα
1176 1374 1327 1441 κοινῇ
1386 1371 1494 1422 τῶν
1550 1372 1920 1441 ἀσκητηρίων.

339 1471 577 1539 Σεμνεῖα
615 1469 714 1538 μὲν
759 1468 852 1522 οῦν
888 1469 1007 1538 ἱερὰ
1058 1468 1234 1520 πάντα
1266 1466 1456 1530 δεινῶς
1505 1466 1798 1518 κατελύετο
1821 1482 1832 1494 ·
1868 1465 1924 1516 at

341 1559 607 1631 παρθένοι
647 1561 704 1613 δὲ
757 1562 894 1629 πρδις
936 1560 1092 1629 ὓὸριν
1149 1559 1391 1629 αἰσχρῶς
1430 1559 1743 1622 ὲξεδίδοντο,
1777 1574 1922 1626 παρα

341 1652 484 1706 θένοι
521 1651 623 1720 φεῦ
650 1652 662 1704 l
699 1651 764 1713 ἃς
796 1651 991 1704 οῠποτε
1017 1649 1135 1701 οὐδὲ
1191 1647 1491 1718 όερθαλμοῑς
1521 1646 1765 1716 ἁρῤένων
1797 1646 1923 1697 ἰδεῖν

340 1745 586 1798 ἀνεκτόν.
608 1745 717 1797 Καὶ
747 1740 813 1815 ἦν
835 1744 979 1796 οὕτω
1009 1744 1095 1794 δια
1125 1743 1342 1794 πάντων
1377 1744 1408 1810 ἡ
1441 1739 1717 1810 συμφορὰ,
1747 1738 1916 1791 καθα

340 1853 447 1906 περ
478 1835 581 1888 ὑπὸ
617 1835 891 1906 πολεμίων
917 1834 1280 1902 ἁλισκομένης
1316 1832 1540 1894 πόλεως.
1571 1833 1762 1892 ’Ὀσαις
1792 1829 1920 1897 γοῦν

343 1924 526 1978 αὐτῶν
554 1926 880 1996 ἐρρωμένως
908 1919 1020 1993 εἶχε
1054 1923 1122 1975 τὰ
1163 1924 1413 1986 σώματα,
1455 1922 1550 1974 καὶ
1582 1919 1704 1973 οὔτε
1746 1920 1923 1992 γῆρας

339 2015 465 2068 οὔτε
495 2033 577 2078 τις
605 2016 758 2076 νόσος
785 2015 1014 2084 ἀπεῖργε
1059 2013 1185 2075 τοὺς
1219 2014 1405 2076 πόδας,
1439 2005 1596 2065 αὗται
1642 2012 1778 2082 πρδς
1820 2030 1921 2081 φυ-

340 2108 445 2177 γὴν
484 2107 646 2167 εὐθὺς
674 2099 835 2169 εἶδον,
867 2106 959 2158 καὶ
989 2106 1122 2175 πρὸς
1154 2106 1254 2175 ὄρη
1291 2106 1384 2158 καὶ
1420 2105 1662 2174 σπήλαια
1708 2105 1799 2158 καὶ
1826 2105 1923 2168 τὰς

339 2203 570 2272 ἀδήλους
594 2200 852 2270 ἐσχατιὰς
883 2199 1020 2268 πρὸς
1048 2199 1209 2268 τάχος
1241 2198 1505 2268 ἐχώρουν,
1535 2198 1632 2268 τὴν
1666 2198 1802 2268 μετὰ
1829 2198 1924 2268 οη-

343 2293 472 2360 ρίων
517 2291 794 2362 διαγωγὴν
847 2291 1104 2359 ἑλόμεναι
1137 2291 1338 2359 μᾶλλον
1373 2291 1405 2360 ἢ
1456 2291 1763 2360 ἀνθρώποις
1798 2308 1924 2343 συν-

338 2388 531 2449 οικεῖν,
587 2383 764 2454 πολλῷ
813 2382 1018 2452 θηρίων
1052 2383 1413 2453 ἀγριωτέρως
1441 2383 1534 2435 καὶ
1577 2381 1816 2450 ὑϐρίζειν
1844 2382 1924 2444 είς

342 2477 572 2548 σώματα
630 2477 928 2548 παρθενίαν
1005 2475 1378 2545 μελετήσαντα
1449 2474 1613 2545 μηδὲν
1687 2475 1922 2542 ἄσεμνον

339 2571 686 2641 ἡγουμένοις.
741 2569 886 2622 Ἀλλ’
941 2567 1214 2638 ἐψεύσθης
1265 2568 1431 2631 ὅντως
1475 2569 1571 2637 τῆς
1630 2567 1924 2629 ἐπινοίαςὸ

338 2664 562 2716 πάντων
601 2661 796 2732 ἐχθρός
825 2677 838 2691 ·
874 2664 970 2715 καὶ
1001 2662 1067 2714 δι’
1102 2654 1176 2713 ὧν
1205 2660 1440 2730 ἤλπισας
1470 2661 1828 2729 τυραννῆσαι,
1857 2658 1924 2711 δι’

340 2756 519 2810 αὐτῶν
568 2755 774 2808 τούτων
822 2753 980 2823 ἔσχες
1020 2752 1436 2822 καταλυομένην
1478 2752 1576 2821 τὴν
1610 2750 1922 2821 τυραννίδα.

340 2847 476 2902 Οὐδὲ
502 2848 611 2916 γὰρ
647 2846 920 2916 ἠμέλησεν
945 2848 973 2898 ὁ
1002 2847 1065 2897 ὲκ
1095 2843 1370 2914 Παρθένου
1407 2843 1538 2904 Θεὸς
1571 2841 1644 2912 μὴ
1676 2841 1771 2893 καὶ
1798 2839 1927 2892 ταύ-

339 2960 440 3006 τας
469 2943 526 2994 ὲν
559 2941 708 3010 μέσῳ
735 2939 946 3008 δημίων
977 2937 1078 2999 τὰς
1108 2935 1412 3006 παρθένους
1443 2935 1796 3005 διατηρῆσαι,
1830 2932 1926 2986 καὶ

341 3032 529 3101 ὥσπερ
556 3031 652 3100 τὴν
684 3029 888 3093 πίστιν,
922 3027 1066 3082 οὕτω
1095 3027 1158 3097 δὴ
1209 3028 1299 3078 καὶ
1329 3027 1425 3095 τὴν
1452 3025 1804 3094 σωφροσύνην
1832 3025 1927 3077 αὖ-

2025 541 2133 593 vita
2175 540 2366 595 fuisset
2397 552 2742 608 conservata,
2771 543 2930 612 jubet
2967 546 3016 599 ei
3048 546 3268 616 quidem
3298 555 3462 616 caput
3495 564 3614 602 am-~

2023 632 2204 700 putari
2240 649 2254 686 :
2287 629 2557 703 virginem
2582 651 2713 690 vero
2750 635 2920 706 quaeri
2959 637 3014 690 in
3048 636 3391 702 ministeriis,
3421 647 3477 694 et
3505 639 3613 695 diis

2026 723 2176 779 illius
2202 726 2433 780 servari.
2469 727 2593 782 llaac
2624 743 2749 782 cum
2799 730 3113 784 rescivisset
3171 745 3235 786 ea
3274 747 3396 800 quae
3424 747 3616 787 mona-

2027 816 2196 869 sterio
2231 827 2484 885 praeerat,
2519 819 2573 871 in
2609 834 2718 887 quo
2750 830 2870 875 erat
2903 830 3108 886 sancta,
3143 822 3197 876 in
3239 823 3431 892 primis
3466 824 3612 881 virili

2023 917 2278 974 suscepta
2330 907 2688 976 cogitatione,
2737 908 2883 963 virili
2933 920 3093 964 lonsu
3143 919 3198 966 et
3229 922 3383 968 veste
3417 922 3612 970 ornata

2026 991 2259 1062 virgine,
2307 1005 2362 1048 et
2411 1010 2604 1064 preces
2652 1011 2778 1049 cum
2825 999 3086 1064 lacrymis
3131 1001 3180 1054 ei
3233 1003 3482 1070 praebens
3511 1005 3614 1058 via:

2027 1085 2288 1140 custodes
2340 1095 2394 1141 et
2456 1085 2649 1152 duces,
2699 1102 2818 1142 eam
2875 1089 3014 1142 clam
3073 1091 3277 1148 emittit
3327 1109 3395 1162 ex
3455 1109 3613 1151 sacro

2027 1175 2287 1231 thalamo.

2097 1267 2243 1322 XIX.
2292 1269 2398 1324 Sed
2453 1271 2756 1328 sceleratus
2792 1288 2900 1328 non
2955 1275 3207 1330 cessabat
3239 1292 3518 1347 qumrere;
3557 1289 3614 1334 et

2025 1375 2149 1415 cum
2200 1376 2320 1415 eam
2374 1377 2481 1416 non
2536 1363 2830 1430 inveniret,
2875 1365 3092 1421 furebat
3142 1369 3512 1424 communiter
3557 1372 3611 1425 in

2027 1455 2211 1508 omnia
2245 1457 2601 1512 monasteria.
2638 1457 2816 1527 Atque
2846 1473 3001 1513 sacra
3036 1459 3260 1529 quidem
3285 1463 3467 1517 omnia
3497 1479 3616 1519 mo-

2027 1547 2265 1601 nasteria
2295 1549 2595 1603 crudeliter
2627 1550 3030 1620 diruebantur;
3065 1554 3306 1623 virgines
3334 1571 3465 1611 vero
3497 1567 3617 1611 tur-

2026 1639 2168 1708 piter
2223 1641 2440 1709 probris
2493 1641 2897 1712 aﬂiciebantur,
2944 1647 3186 1716 virgines
3236 1650 3374 1718 proh
3417 1649 3608 1705 dolor!

2027 1748 2164 1801 quas
2195 1749 2264 1787 ne
2303 1736 2670 1790 masculorum
2708 1738 2930 1806 quidem
2959 1739 3133 1794 oculis
3159 1741 3332 1794 videri
3361 1752 3480 1796 erat
3507 1758 3612 1795 un-

2027 1839 2190 1893 quam
2223 1825 2600 1892 tolerandum;
2632 1838 2797 1894 atque
2838 1828 2911 1885 ita
2940 1844 3038 1898 per
3067 1830 3247 1884 omnia
3280 1831 3615 1899 pervadebat

2026 1917 2336 1981 calamitas,
2385 1918 2539 1987 quasi
2575 1928 2730 1989 capta
2777 1929 2922 1975 esset
2973 1921 3167 1974 civitas
3223 1921 3293 1976 ab
3341 1921 3612 1978 hostibus.

2026 2006 2468 2078 Quibuscunque
2503 2025 2634 2081 ergo
2673 2027 2864 2065 earum
2895 2020 3055 2067 erant
3092 2029 3324 2084 corpora
3352 2015 3612 2077 valentia,

2025 2107 2082 2152 et
2120 2114 2298 2168 neque
2343 2111 2620 2162 senectus,
2655 2117 2833 2170 neque
2873 2103 3099 2158 morbus
3127 2104 3330 2174 aliquis
3361 2105 3616 2158 tardabat

2026 2205 2217 2244 earum
2247 2191 2438 2261 pedes,
2476 2192 2606 2260 ipsre
2637 2195 2820 2247 statim
2875 2193 3054 2265 fugam
3089 2197 3426 2266 spei-tabam,
3463 2208 3516 2252 et
3547 2197 3614 2252 ad

2027 2291 2242 2337 montes
2271 2292 2325 2337 et
2355 2284 2647 2352 speluncas
2673 2296 2727 2338 et
2769 2285 2977 2354 ignotas
3007 2288 3334 2344 solitudines
3364 2289 3618 2344 celeriter

2027 2374 2276 2440 abibant,
2311 2377 2575 2431 malentes
2615 2379 2778 2431 vitam
2830 2378 3029 2448 degere
3077 2395 3203 2434 cum
3255 2381 3408 2445 feris,
3451 2396 3616 2450 quam

2027 2468 2277 2522 habitare
2309 2484 2432 2522 cum
2463 2470 2800 2535 hominibus,
2829 2471 2957 2526 feris
2981 2474 3141 2544 longe
3174 2475 3616 2540 immanioribus,

2026 2571 2082 2616 et
2113 2561 2207 2631 qui
2239 2578 2472 2632 corpora
2509 2564 2883 2634 virginitatem
2928 2568 3243 2621 exercentis
3269 2569 3474 2636 probro
3503 2569 3620 2622 arii-

2028 2673 2154 2711 cere
2187 2657 2541 2712 inhonestum
2571 2676 2678 2712 non
2711 2675 2832 2714 esse
2859 2661 3200 2717 existimant.
3224 2662 3331 2717 Sed
3359 2679 3446 2728 eo,
3470 2664 3616 2733 quod

2027 2743 2318 2814 cogitaras,
2351 2747 2642 2801 frustratus
2681 2764 2760 2809 es.
2785 2766 2818 2804 ο
2852 2751 3074 2806 inimice
3109 2753 3354 2806 omnium
3388 2771 3401 2808 :
3434 2763 3489 2808 et
3522 2771 3622 2823 per

2028 2851 2149 2904 qua:
2205 2839 2435 2904 sperasti
2491 2841 2834 2908 tyrannidem
2889 2858 3168 2906 exercere,
3223 2860 3326 2913 per
3375 2861 3438 2900 ea
3501 2846 3617 2916 ipsa

2029 2927 2201 2982 fracta
2243 2928 2344 2982 fuit
2394 2929 2493 2983 tibi
2531 2936 2798 3001 tyrannis.
2834 2932 2950 2987 Non
2991 2936 3138 2988 enim
3172 2935 3412 3005 neglexit
3451 2939 3616 3006 Deus,

2030 3022 2123 3091 qui
2157 3032 2318 3076 natus
2339 3031 2420 3076 est
2445 3038 2507 3075 es
2537 3022 2778 3093 Virgine,
2809 3026 2952 3095 ipsas
2979 3028 3220 3098 virgines
3242 3029 3328 3084 vel
3356 3029 3410 3084 in
3436 3032 3618 3086 medio

340 3123 440 3186 τὰς
491 3120 778 3192 προδοῦναι
832 3119 907 3190 μὴ
947 3116 1316 3187 συγχωρῆσαι.
1358 3115 1444 3167 Ἐν
1482 3114 1703 3175 ταύταις
1738 3112 1921 3182 ὥσπερ

2031 3115 2289 3169 lictorum
2323 3131 2675 3182 conservare,
2714 3126 2769 3170 et
2811 3121 3087 3185 quomodo
3123 3120 3308 3185 ﬁdem,
3347 3121 3419 3175 ita
3450 3123 3616 3177 etiam

340 3215 435 3271 οὖν
481 3217 537 3268 ὲν
590 3214 874 3282 διαφανέσι
923 3212 1018 3265 καὶ
1071 3209 1344 3279 λαμπροῖς
1410 3208 1642 3276 ἀστράσι
1698 3208 1796 3278 μία
1840 3225 1924 3270 τις

341 3305 698 3377 ὐπερέλαμπε
725 3303 1044 3374 θαυμασίως
1065 3303 1159 3356 τὸν
1192 3301 1419 3371 σελήνης
1444 3301 1646 3369 τρόπον
1677 3297 1797 3369 ὥρα
1819 3299 1914 3351 καὶ

341 3398 486 3464 γένει
513 3397 606 3450 καὶ
630 3396 800 3465 ἀρετῇ
827 3394 962 3463 πρὸς
985 3394 1084 3457 τάς
1114 3393 1278 3456 ἄλλας
1303 3391 1670 3462 διαφερόντως
1698 3391 1921 3460 ἔχουσα.

341 3489 489 3559 Αὕτη
526 3489 762 3557 Θεοφίλα
816 3488 914 3558 μὲν
964 3487 1249 3540 ἐκαλεῖτο*
1290 3485 1422 3539 πολὺ
1472 3485 1526 3538 δὲ
1581 3483 1782 3555 μᾶλλον
1832 3485 1924 3537 ἐπὶ

340 3583 450 3637 τῶν
479 3583 657 3652 ἔργων
689 3580 847 3636 τοῦτο
886 3581 1180 3635 ἐδείκνυτο.

411 3761 496 3817 κ’.
539 3763 629 3826 Ὠς
662 3762 771 3834 γὰρ
821 3760 995 3826 οὕτως
1029 3759 1096 3832 ἦν
1142 3763 1322 3832 ἐκείνη
1372 3760 1470 3830 τὴν
1499 3761 1620 3831 δψιν
1656 3761 1923 3832 περικαλ-

342 3857 461 3927 λὴς,
496 3856 708 3911 εἵλκετο
747 3857 805 3909 δὲ
847 3859 958 3920 τοῖς
994 3856 1230 3926 δημίοις,
1279 3859 1374 3908 καὶ
1411 3855 1514 3925 ἢδη
1557 3855 1692 3923 πρὶς
1739 3859 1798 3907 τδ
1824 3857 1920 3919 τῆς

343 3948 554 4019 ὕϐρεως
609 3949 974 4021 ἐργαστήριον
1025 3949 1215 4018 βιαίως
1264 3947 1538 4016 εἰσήγετο,
1585 3948 1772 4017 χεῖρας
1803 3946 1923 4016 ἆμα

340 4041 436 4093 καὶ
483 4039 798 4108 ὀφθαλμοὺς
848 4038 1032 4108 ἄρασα
1077 4038 1172 4090 καὶ
1204 4039 1284 4098 είς
1334 4037 1559 4106 οὐρανὸν
1617 4035 1921 4105 περιπαθὲς

343 4132 608 4202 βλέψασα,
657 4130 834 4201 Ἰησοῦ
884 4147 1008 4200 μου,
1053 4126 1229 4195 εἶπεν,
1272 4131 1300 4182 ὁ
1333 4129 1462 4200 ἐμὸς
1514 4128 1677 4199 ἔρως,
1727 4128 1755 4180 ὁ
1793 4128 1920 4196 ἐμὸς

339 4226 597 4298 ἐραστὴς,
627 4224 688 4279 τὸ
721 4224 853 4294 ἐμὸν
897 4223 1036 4292 φῶς,
1073 4223 1107 4292 ἡ
1138 4222 1295 4291 πνοὴ,
1333 4224 1360 4274 ὁ
1397 4221 1529 4290 ἐμὸς
1558 4223 1657 4290 τῆς
1699 4220 1922 4288 ἁγνείας

341 4319 516 4388 φύλαξ
553 4320 648 4372 καὶ
677 4318 774 4387 τῆς
799 4316 969 4386 ζωῆς,
1005 4315 1081 4368 ῐδε
1105 4313 1206 4384 τὴν
1238 4314 1320 4366 σοὶ
1351 4313 1780 4382 νυμφευθεῖσαν,
1819 4313 1917 4380 ἴδε,

339 4413 541 4484 ἄμωμε
576 4410 800 4481 νυμφίε,
832 4409 926 4463 καὶ
958 4408 1216 4471 σπεῦσον,
1242 4405 1325 4458 ὅτι
1365 4405 1499 4477 μηδὲ
1533 4404 1791 4470 εὔξασθαί
1837 4423 1918 4459 σοι

345 4504 552 4574 καιρός.
586 4503 677 4573 Μὴ
726 4501 952 4571 ψευσθῶ
985 4500 1085 4570 τῆς
1126 4497 1413 4568 ὁμολογίας
1437 4513 1452 4528 ο
1493 4498 1566 4567 μὴ
1600 4496 1812 4568 προδῷς
1849 4512 1918 4566 με

342 4596 597 4668 θηρίοιςο
630 4595 706 4666 μὴ
741 4593 896 4649 λύκοι
945 4593 1008 4648 τὸ
1064 4592 1155 4645 σὺν
1207 4590 1433 4662 θρέμμα
1480 4589 1916 4661 διασπαράξωσι.

341 4687 592 4758 Τήρησον
627 4685 872 4754 ἁγνείαν,
907 4683 1130 4752 ἁγνείας
1173 4681 1350 4753 πηγὴ,
1393 4681 1481 4735 ἵνα
1521 4681 1612 4734 καὶ
1651 4681 1710 4734 τὸ
1749 4680 1921 4750 ὄνομά

341 4794 435 4830 σου
469 4775 565 4828 νῦν
596 4775 827 4844 μάλιστα
877 4774 1133 4846 δοξασθῇ,
1169 4774 1231 4828 τὸ
1274 4773 1363 4827 καὶ⁴
1395 4771 1486 4827 ὑπ’
1533 4771 1778 4839 ἀγγέλων
1807 4789 1921 4826 νοε-

344 4866 451 4936 ρῶς
482 4863 860 4933 δοξαζόμενον.
913 4863 1100 4918 Ταῦτα
1131 4865 1314 4933 ἐκείνη
1364 4863 1460 4934 μὲν
1504 4865 1600 4918 σὺν
1655 4863 1919 4934 δάκρυσιν

340 4949 575 5018 ηΰξατο⁸
604 4950 775 5002 ἐτέλει
808 4949 865 5002 δὲ
899 4950 928 5002 ὁ
958 4950 1112 5015 Θεός.
1151 4953 1312 5007 Ἀλλά
1353 4955 1446 5005 καὶ
1478 4954 1811 5023 προσεκτέον
1840 4953 1919 5023 τῷ

337 5042 658 5113 διηγήματι.
711 5042 1002 5110 Είσάγεται
1044 5043 1178 5113 πρὸς
1218 5043 1278 5098 τὸ
1331 5045 1743 5118 καταγώγιονὴ
1781 5064 1924 5118 παρ-

342 5136 518 5200 θένος,
555 5138 620 5190 Ἠ
646 5137 704 5190 δὲ
729 5139 824 5192 καὶ
850 5138 908 5192 ὲν
933 5139 1112 5210 καιρῷ
1128 5139 1312 5209 τοιῷδε
1340 5141 1434 5194 καὶ
1451 5140 1598 5212 τόπῳ
1623 5141 1731 5195 τῶν
1754 5159 1920 5211 προσ-

341 5231 582 5301 ηκόντων
611 5229 710 5285 οὐκ
760 5229 1052 5295 ἐξελάθετο
1075 5246 1088 5260 ·
1125 5230 1241 5285 ἀλλ’
1268 5231 1404 5302 ὅπερ
1447 5225 1592 5302 εἶχεν
1617 5233 1697 5295 είς
1722 5231 1918 5284 κόλπον

339 5325 500 5390 εὐθὺς
526 5323 832 5381 ἐκϐαλοῦσα
860 5326 922 5381 τὸ
970 5325 1115 5398 ἱερὸν
1149 5326 1326 5395 Εὑαγγ
1343 5325 1484 5381 έλιον
1527 5324 1706 5398 ήνοιξέ
1733 5341 1792 5378 τε
1823 5324 1920 5379 καὶ

338 5417 700 5486 ἀναγνώσεως
746 5419 974 5491 ἧρχετο.
1002 5415 1096 5483 Εἷς
1138 5417 1195 5471 δὲ
1231 5418 1341 5471 τῶν
1375 5417 1697 5472 ἀκολάστων
1722 5418 1921 5488 οἴστρῳ

340 5514 670 5581 κατάσχετος
705 5512 938 5581 ὲκμανεῐ
981 5510 1112 5581 παρ’
1154 5509 1329 5580 αὐτὴν
1360 5507 1555 5580 εἰσῄει,
1585 5507 1644 5572 ὃς
1665 5509 1793 5580 ἄχρι
1823 5508 1922 5579 μέν

337 5616 482 5664 τινος
517 5602 711 5671 ἤκουεν
741 5603 1250 5671 ἀναγινωσκούσης.
1282 5601 1367 5662 Ὠς
1398 5600 1454 5652 δὲ
1490 5601 1654 5669 ἐγγὺς
1701 5600 1800 5671 ἥδη
1831 5594 1919 5671 ἦν»

341 5692 494 5761 ᾳλίϐῳ
522 5710 581 5745 τε
612 5695 839 5766 ἀμέτρῳ
879 5694 1222 5765 παραχρῆμα
1257 5690 1552 5762 συνείχετο,
1605 5692 1699 5745 καὶ
1731 5691 1920 5762 τρόμῳ

317 5783 582 5882 ,ἰσχυρῶς
612 5784 908 5857 ὲκλονείτο,
939 5789 1033 5844 καὶ
1064 5788 1144 5851 εις
1175 5785 1278 5857 γῆν
1309 5783 1501 5855 νεκρὸς
1533 5783 1916 5854 κατεϐάλλετο,

2029 3207 2424 3262 continentiam
2463 3207 2610 3277 ipsas
2666 3210 2900 3279 prodere
2942 3227 3049 3265 non
3102 3213 3621 3280 permittere.lnter

2027 3314 2124 3353 eas
2165 3308 2352 3352 autem
2393 3309 2648 3368 tanquam
2681 3301 2824 3355 inter
2857 3303 3032 3358 claras
3068 3312 3122 3357 et
3171 3305 3382 3360 lucidas
3411 3307 3616 3370 stellas,

2030 3407 2137 3445 una
2166 3391 2477 3445 mirandum
2505 3393 2558 3446 in
2586 3393 2806 3446 modum
2837 3395 3227 3463 resplendebat
3256 3397 3432 3453 inStar
3453 3398 3616 3461 lunae,

2026 3494 2080 3539 et
2109 3485 2527 3555 pulchritudine
2553 3494 2609 3540 et
2650 3501 2849 3555 genere
2877 3495 2932 3540 et
2958 3489 3162 3542 virtute
3185 3489 3309 3544 aliis
3329 3502 3614 3559 przrstans.

2028 3577 2099 3630 Ea
2155 3593 2287 3632 vero
2330 3578 2627 3632 vocabatur
2669 3579 2995 3648 Theophila.
3049 3580 3164 3636 lloc
3220 3591 3403 3638 autem
3457 3585 3619 3656 longe

2027 3666 2227 3720 melius
2259 3684 2344 3720 res
2372 3667 2486 3734 ipsa
2523 3667 2787 3722 ostendit.

2102 3755 2219 3811 XX.
2276 3757 2412 3812 Cum
2456 3758 2602 3811 enim
2655 3759 2741 3812 illa
2792 3768 2936 3813 esset
2974 3759 3128 3814 vultu
3174 3761 3314 3816 adeo
3354 3762 3617 3829 formosa,

2029 3846 2340 3902 traheretur
2371 3859 2556 3902 autem
2585 3864 2614 3902 a
2647 3849 2957 3914 lictoribus,
2997 3860 3052 3904 et
3078 3851 3191 3920 jam
3223 3853 3290 3906 ad
3335 3855 3522 3922 probri
3553 3872 3618 3910 ac

2027 3939 2374 3994 contumelia:
2404 3938 2680 3994 ofﬁcinam
2710 3942 2982 3996 violenter
3005 3944 3477 4011 introduceretur,
3505 3964 3619 4002 ma-

2027 4046 2132 4086 nus
2165 4032 2330 4086 simul
2360 4040 2416 4086 et
2439 4033 2630 4086 oculos
2661 4032 2715 4086 in
2758 4035 2960 4089 caelum
3000 4036 3220 4102 tollens,
3248 4047 3304 4092 et
3330 4039 3618 4095 miserabi-

2025 4125 2153 4181 liter
2181 4124 2454 4195 aspiciens
2481 4142 2495 4179 :
2523 4125 2767 4192 Milesu,
2791 4127 2950 4192 dixit,
2971 4143 3128 4184 meus
3151 4145 3329 4196 amor,
3357 4147 3476 4186 mea
3498 4132 3613 4198 lux,

2028 4231 2185 4272 meus
2228 4216 2478 4287 spiritus,
2519 4233 2678 4273 meus
2706 4226 2893 4272 custos
2933 4219 3203 4276 castitatis
3231 4230 3286 4276 et
3311 4223 3454 4288 vitae,
3489 4223 3617 4279 vide

2025 4324 2147 4364 eam
2173 4326 2295 4380 qua:
2318 4319 2399 4366 est
2429 4310 2528 4364 tibi
2556 4311 2846 4380 desponsa.
2872 4312 3031 4378 Vide,
3061 4331 3094 4368 ο
3124 4331 3346 4385 sponse,
3371 4317 3425 4371 in
3449 4333 3615 4387 quem

2028 4401 2177 4456 nulla
2209 4402 2357 4457 cadit
2402 4403 2782 4474 reprehensio,
2813 4413 2870 4459 et
2914 4403 3112 4460 festina
3163 4424 3177 4460 :
3213 4408 3473 4476 quoniam
3514 4425 3618 4466 nec

2028 4492 2356 4562 estquidem
2405 4504 2622 4564 tempus
2662 4494 2950 4563 precandi,
2989 4509 3058 4549 ne
3111 4507 3330 4566 pactum
3373 4515 3616 4556 conven-

2026 4595 2142 4641 tum
2197 4586 2404 4654 fallam,
2454 4605 2524 4643 ne
2575 4589 2778 4658 prodas
2828 4605 2915 4644 me
2951 4591 3168 4659 bestiis,
3199 4609 3270 4649 ne
3313 4594 3429 4664 lupi
3467 4604 3614 4650 tuam

2024 4679 2293 4748 pecudem
2314 4679 2602 4735 dilanient.
2629 4681 2820 4749 Serva,
2841 4698 3063 4753 sponse,
3100 4699 3357 4756 sponsam
3386 4704 3400 4742 :
3436 4703 3616 4743 meam

2024 4787 2294 4828 conserva
2332 4773 2666 4839 castitatem,
2701 4775 2824 4831 l'ons
2873 4778 3164 4845 castitatis,
3200 4788 3258 4834 ut
3290 4789 3442 4834 tuum
3480 4795 3618 4849 quo-

2023 4878 2133 4934 que
2172 4879 2370 4919 nomen
2411 4881 2560 4919 nunc
2614 4866 2849 4922 maxime
2889 4870 3228 4938 gloriﬁcetur
3279 4872 3346 4924 ab
3383 4871 3616 4940 angelis.

2026 4958 2154 5014 llmc
2188 4959 2279 5014 illa
2324 4961 2548 5030 quidem
2587 4961 2763 5015 oravit
2795 4977 2921 5016 cum
2963 4962 3220 5034 lacrymis
3249 4981 3260 5015 :
3287 4964 3479 5018 etIecta
3511 4979 3616 5016 au-

2026 5058 2135 5103 tem
2196 5051 2340 5105 Deus
2395 5051 2656 5107 reddidit.
2718 5049 2824 5106 Sed
2869 5061 2953 5106 est
2998 5052 3343 5106 adhibendus
3391 5052 3613 5106 animus

2023 5140 2348 5196 narrationi.
2382 5140 2760 5197 lntroducitur
2802 5144 2956 5214 virgo
2996 5143 3051 5197 in
3100 5142 3475 5212 postibulum;
3526 5144 3616 5200 illa

2023 5247 2156 5287 vero
2194 5233 2361 5288 etiam
2405 5235 2460 5288 in
2499 5233 2589 5288 tali
2625 5233 2748 5288 loco
2793 5244 2848 5290 et
2881 5243 3126 5304 tempore
3165 5250 3272 5288 non
3312 5246 3398 5290 est
3434 5235 3612 5292 oblita

2023 5338 2221 5379 eorum
2253 5341 2374 5395 quae
2398 5327 2668 5396 oportuit,
2699 5327 2795 5382 sed
2839 5328 3096 5397 protinus
3121 5326 3346 5398 ejiciens
3379 5327 3432 5383 id
3466 5331 3612 5400 quod

2026 5415 2268 5472 habebat
2335 5417 2392 5472 in
2457 5417 2617 5483 sinu,
2661 5417 2715 5472 id
2800 5429 2984 5473 autem
3043 5429 3161 5475 erat
3204 5435 3613 5480 sacrosanctum

2027 5507 2413 5577 Evangelium.
2461 5509 2703 5578 aperuit,
2745 5519 2802 5565 et
2857 5510 3023 5566 dabat
3080 5528 3304 5582 operam
3360 5515 3612 5572 lectioni.

2030 5599 2184 5656 Unus
2219 5614 2350 5654 vero
2387 5616 2457 5658 ex
2500 5601 3021 5672 intemperantibus.
3049 5616 3218 5662 oestro
3265 5608 3459 5665 insano
3484 5626 3614 5681 per-

2029 5691 2196 5758 citus,
2219 5692 2286 5748 ad
2315 5707 2436 5748 eam
2465 5692 2796 5762 ingreditur,
2825 5696 2923 5765 qui
2952 5696 3354 5770 aliquantisper
3386 5700 3612 5770 quidem

2030 5798 2151 5841 eam
2188 5784 2362 5845 audiit
2391 5785 2688 5859 legentem.
2723 5786 2858 5846 Cum
2891 5797 3071 5846 autem
3099 5789 3208 5862 jam
3237 5806 3408 5864 prope
3439 5803 3612 5863 esset,
