4142 6380
591 285 728 363 1063

1745 271 2133 333 ADDENDA.
2169 294 2239 306 -
2276 267 2709 330 DECEMBER.

3714 256 3865 321 ιοοι

586 403 880 464 amaximo
921 406 1065 453 metu
1101 394 1403 457 invaditur,
1432 399 1488 446 et
1527 400 1767 445 tremore
1808 387 1966 441 valde
1994 386 2166 454 agita-

2281 386 2366 439 καὶ
2398 381 2464 456 ἧν
2485 382 2628 437 οὕτω
2656 381 2790 453 πρὸς
2817 384 2929 444 τοῖς
2979 379 3107 432 ποσί
3149 375 3417 448 Θεοφίλης
3455 374 3718 429 ἀπνευστί
3747 374 3867 427 κεί-

588 504 703 558 tur,
735 501 792 548 et
832 490 984 545 humi
1040 485 1353 557 procumbit
1406 491 1682 544 mortuus,
1731 488 1787 533 ct
1841 477 1924 531 sic
1964 476 2176 547 iacebat

2283 492 2463 544 μενος.
2504 467 2671 543 Ὧραι
2711 469 2991 541 παρῆλθον
3029 468 3245 539 συχναὶ,
3292 467 3528 527 καὶτοῖς
3558 463 3739 526 ἄλλοις
3766 464 3863 517 δό-

586 587 657 641 ad
680 584 850 655 pedes
876 578 1213 650 Theophilus,
1232 594 1344 633 non
1378 577 1615 646 spirans.
1638 572 1818 649 multae
1850 571 2003 623 liora:
2039 582 2179 637 pne-

2281 568 2401 633 ξαν,
2423 566 2541 619 ἐπεὶ
2568 565 2670 634 μὲν
2693 562 2860 635 ἐξῄει,
2886 561 3197 630 ἀκορέστως
3224 559 3370 628 ἔχειν
3395 557 3559 611 αὐτὸν
3585 555 3685 624 τῆς
3710 571 3862 626 παρ-

588 677 884 743 terierant,
914 683 970 730 et
1014 689 1142 729 cum
1193 672 1317 727 aliis
1348 671 1527 725 visum
1557 648 1728 728 esset,
1767 664 2031 732 quoniam
2063 675 2176 715 non

2282 659 2464 712 θένου.
2505 658 2596 720 Ὠς
2631 656 2688 708 δὲ
2722 654 2892 726 εἰσῄει
2926 653 3020 706 καὶ
3065 652 3253 721 ἕτερος
3293 650 3384 703 καὶ
3419 649 3581 711 αὐτὸς
3622 648 3724 718 ήδη
3756 664 3864 699 κα-

586 773 797 836 exibat,
848 787 976 827 eum
1032 785 1143 824 non
1184 783 1345 840 posse
1392 765 1582 821 satiari
1625 760 1861 832 virgine,
1899 758 1993 813 ubi
2027 756 2169 811 alius

588 881 811 936 quoque
857 862 1191 934 ingreditur,
1227 862 1343 929 ipse
1383 871 1604 928 quoque
1646 856 1758 926 jam
1790 865 1962 925 prope
1995 858 2166 915 stans,

586 956 732 1012 lucis
766 954 1018 1025 quidem,
1055 969 1177 1022 qum
1204 951 1387 1004 verbis
1422 947 1658 1018 exprimi
1686 961 1795 1000 non
1834 949 2033 1013 potest.
2063 938 2170 993 ful-

587 1060 721 1113 gore
761 1044 1102 1108 illustratur;
1142 1040 1342 1095 deinde
1372 1054 1498 1093 eum
1529 1053 1560 1091 a
1592 1037 1714 1089 luce
1748 1032 1988 1088 tenebris
2021 1027 2169 1083 exci-

2278 748 2482 805 ταστάς
2510 748 2760 817 πλησίον,
2787 746 2926 816 φωτί
2956 743 3057 814 μὲν
3088 742 3386 812 ἀπορρήτῳ
3419 737 3866 808 περιαστράπτε-

2273 858 2386 907 ται,
2424 835 2540 891 εἶτα
2574 840 2762 901 σκότος
2790 838 2856 889 ἐκ
2884 830 2979 888 τοῦ
3014 836 3191 905 φωτὸς
3216 833 3433 900 δέχεται
3458 831 3550 883 καὶ
3578 825 3863 907 πηρωθεὶς

2277 902 2577 1000 τὰς’δψεις,
2612 929 2792 997 ἐζήτει
2826 902 3054 997 περιιὼν
3085 925 3146 978 οὐ
3183 924 3281 993 τὴν
3312 922 3580 991 παρθένον
3615 920 3718 983 ἔτι,
3742 902 3865 970 ἀλλ’

2277 1021 2425 1083 ὅπως
2455 1020 2520 1072 ἂν
2554 1017 2821 1079 ἀπτώτως
2855 1015 3060 1083 ἐξέλθοι
3088 1014 3189 1082 τὴν
3218 1013 3409 1082 θύραν.

587 1140 769 1210 piunt,
797 1149 854 1195 et
901 1140 1100 1194 obtutu
1150 1137 1398 1201 orbatus,
1455 1131 1738 1204 quaerebat
1783 1128 2003 1194 obiens,
2057 1138 2169 1179 non
2206 1119 2444 1190 amplius
2468 1117 2761 1187 virginem,
2791 1112 2886 1167 sed
2944 1108 3410 1182 quemadmodum
3481 1105 3619 1161 citra
3681 1104 3864 1160 oden-

588 1226 801 1288 8ionem
836 1233 1009 1286 exiret
1039 1239 1195 1285 extra
1222 1227 1393 1284 fores.

658 1324 805 1379 XXI.
848 1324 985 1380 Cum
1043 1322 1200 1379 multi
1250 1320 1473 1391 quidem
1518 1317 1646 1374 talia
1700 1314 1845 1386 passi
1872 1320 2080 1371 essent.
2115 1315 2170 1366 et

586 1416 839 1473 nonnulli
865 1417 1031 1471 etiam
1078 1414 1251 1485 magis
1288 1411 1599 1473 horribilia,
1625 1407 1764 1462 nulli
1799 1406 1905 1461 fuit
1937 1401 2171 1472 amplius

588 1509 741 1564 cordi
802 1507 1041 1579 ingredi,
1083 1506 1178 1560 sed
1214 1512 1267 1559 et
1322 1504 1368 1558 si
1413 1502 1538 1572 quis
1594 1498 2029 1570 ingrediebatur,
2064 1508 2174 1548 non

591 1597 1013 1668 ingrediebatur
1033 1602 1227 1663 captus
1255 1606 1466 1669 amore,
1493 1588 1589 1642 sed
1609 1588 1793 1641 solum
1816 1584 2007 1638 volens
2031 1581 2177 1635 scire

591 1702 657 1743 ea
711 1702 833 1758 quae
876 1685 1016 1740 facta
1075 1684 1315 1739 fuerant.
1376 1682 1674 1748 Postquam
1722 1686 1905 1731 autem
1944 1670 2177 1743 ingressi

2351 1298 2486 1354 ΚΝ.
2527 1297 2714 1352 Ταῦτα
2762 1292 2972 1346 πολλῶν
3005 1290 3104 1360 μὲν
3150 1287 3451 1349 παθόντων,
3478 1285 3633 1338 ἐνίων
3668 1284 3726 1337 δὲ
3751 1283 3861 1337 καὶ

2282 1392 2352 1447 τά
2386 1389 2826 1461 φρικωδέστερα,
2862 1384 3045 1438 οὐκέτι
3091 1382 3278 1435 λοιπὸν
3318 1377 3495 1432 οὐδενὶ
3520 1375 3863 1445 καταθύμιόν

2285 1485 2549 1541 εἰσελθεῖν
2573 1499 2588 1515 ο
2621 1480 2735 1536 ἀλλ’
2766 1479 2926 1548 εἴπερ
2969 1494 3054 1540 τις
3084 1476 3177 1529 καί
3208 1473 3403 1543 εἰσῄει,
3444 1472 3544 1525 οὐκ
3572 1469 3734 1540 ἔρωτι
3754 1468 3861 1538 λη-

2286 1577 2443 1647 φθείς
2486 1573 2713 1633 ἐκεῖνος,
2749 1568 2865 1622 ἀλλ’
2910 1565 3195 1636 ἱστορῆσαι
3241 1563 3401 1633 μόνον
3431 1561 3570 1630 span
3595 1560 3659 1611 τὰ
3694 1574 3861 1626 γεγε-

2285 1667 2517 1739 νημένα.
2567 1662 2721 1717 Ἐπεὶ
2773 1661 2829 1714 δὲ
2864 1660 2957 1713 καὶ
3004 1657 3226 1719 πλείους
3281 1653 3554 1723 εἰσῆλθον,
3597 1647 3865 1720 δρῶσινᾶ

589 1786 719 1834 sunt
768 1776 1105 1846 complures,
1159 1773 1350 1828 vident
1399 1787 1463 1827 ea
1509 1786 1631 1840 quae
1670 1778 1726 1824 et
1773 1769 1837 1821 ad
1880 1762 2176 1819 videndum

2286 1760 2380 1814 καὶ
2418 1759 2546 1813 ἰδεῖν
2575 1753 2804 1826 φοϐερὸν
2833 1755 2927 1806 καὶ
2955 1751 3128 1803 εἰπεῖν
3153 1748 3262 1809 τοῖς
3283 1745 3467 1809 ἄλλοις
3494 1744 3867 1815 παραδοξόταο

500 1927 508 1933 ,
587 1877 748 1925 erant
779 1867 1075 1931 terribilia,
1103 1874 1159 1922 et
1191 1864 1260 1920 ad
1308 1861 1603 1918 dicendum
1645 1859 1772 1914 aliis
1810 1856 2045 1911 maxime
2074 1853 2172 1909 ad-

591 1960 892 2025 mirabilia,
930 1958 1175 2030 puellam
1219 1955 1441 2027 quidem
1493 1954 1728 2007 honeste
1772 1947 2083 2011 sedentem,
2117 1952 2175 2000 et

590 2051 738 2128 libro
785 2049 1222 2113 incumbentem,
1275 2046 1683 2101 adolescentem
1729 2048 1915 2095 autem
1982 2050 2174 2108 quem-

591 2126 715 2199 dam
769 2156 938 2213 prope
993 2156 1114 2195 eam
1164 2147 1425 2199 stantem,
1455 2136 1578 2190 luce
1613 2131 1837 2204 quidem
1884 2126 2173 2191 ineffabili,

590 2234 1009 2304 pulchritudine
1042 2246 1173 2286 vero
1202 2227 1532 2292 incredibili,
1557 2224 1726 2280 veluti
1756 2221 2004 2293 quaedam
2066 2217 2174 2272 tela

591 2322 823 2394 fulguris
856 2322 1201 2378 emittentem
1232 2335 1301 2373 ex
1332 2318 1528 2372 oculis.
1558 2315 1684 2371 llmc
1718 2322 2005 2384 postquam
2031 2309 2179 2364 vide-

591 2423 746 2479 runt,
786 2422 843 2470 et
892 2421 1041 2468 metu
1086 2410 1457 2481 diriguerunt,
1494 2415 1549 2462 et
1595 2405 1686 2459 vix
1742 2402 1960 2459 tandem
1997 2419 2011 2455 :
2043 2399 2177 2466 Quis

590 2513 681 2562 est
719 2504 866 2559 sicut
896 2502 1341 2559 Christianorum
1382 2497 1568 2553 Deus?
1610 2495 2081 2555 exclamaverunt,
2120 2494 2176 2542 et

594 2596 759 2651 simul
791 2611 901 2651 non
946 2595 1189 2650 ferentes
1222 2591 1622 2663 spectaculum,
1667 2596 1816 2642 recte
1868 2598 2053 2639 secum
2092 2579 2178 2652 agi

593 2687 884 2760 putabant,
915 2687 961 2741 si
992 2685 1266 2756 fugerent,
1292 2692 1347 2738 et
1396 2682 1679 2736 celeritate
1731 2677 1968 2732 maxima
2012 2674 2176 2729 domo

593 2778 842 2841 exibant,
895 2790 1088 2831 omnes
1137 2774 1362 2845 quidem
1409 2770 1565 2826 obliti
1613 2766 1883 2830 libidinis,
1921 2763 2176 2820 nonnulli

595 2879 780 2926 autem
833 2868 998 2924 etiam
1049 2868 1166 2938 ipsa
1207 2867 1490 2936 impietate
1517 2863 1788 2933 abjurata.
1834 2857 1939 2914 Sed
1999 2871 2178 2938 neque

594 2963 715 3018 haec
767 2961 1044 3034 ignoravit
1093 2957 1489 3021 Maximianus,
1549 2953 1646 3010 sed
1690 2966 1813 3007 cum
1865 2927 2180 3005 rescivisset

595 3055 866 3124 virginem
914 3052 1136 3123 quidem
1184 3066 1298 3104 non
1337 3061 1498 3117 posse
1524 3044 1645 3115 capi
1673 3044 1742 3099 ab
1779 3042 1845 3098 iis
1880 3041 1971 3112 qui
2004 3039 2178 3112 ipsam

2281 1868 2395 1917 τον,
2423 1849 2523 1921 τήν
2569 1847 2735 1902 παῖδα
2770 1844 2871 1916 μὲν
2913 1841 3200 1910 εὐκόσμως
3248 1835 3626 1906 καθεζομένην
3670 1837 3764 1886 καί
3790 1837 3861 1903 τῇ

2285 1940 2454 2013 βίϐλῳ
2514 1936 2918 2008 ἔγκύπτουσαν,
2962 1929 3246 1985 νεανίσκον
3280 1926 3337 1980 δέ
3385 1941 3505 1979 τινα
3532 1924 3703 1995 ταύτῃ
3749 1940 3859 1974 πσ-

2286 2031 2532 2105 ρεστῶτα
2561 2030 2702 2101 φωτί
2734 2027 2831 2099 μὲν
2857 2024 3107 2097 ἀρρήτῳ,
3145 2018 3333 2074 κάλλει
3358 2018 3414 2071 δὲ
3441 2016 3739 2087 ἀπορρήτῳ
3773 2015 3865 2084 βο-

2282 2125 2436 2189 λίδας
2477 2123 2668 2193 ὥσπερ
2729 2120 3019 2191 ἀστραπῆς
3066 2118 3174 2173 τῶν
3218 2120 3395 2191 ὄψεων
3437 2110 3857 2179 ἀποπέμποντα.

2284 2215 2471 2271 Ταῦτα
2500 2217 2577 2278 ὡς
2603 2213 2743 2268 εἶδον
2777 2212 3145 2283 ἀπεπάγησάν
3169 2230 3225 2265 τε
3257 2212 3335 2282 τῷ
3369 2210 3477 2264 δέει
3503 2210 3596 2262 καὶ
3635 2206 3732 2275 ὀψὲ
3760 2204 3860 2259 καὶ

2288 2311 2463 2382 μόλις,
2496 2307 2592 2372 Τίς
2629 2307 2762 2370 Θεὸς
2796 2306 2874 2369 ὡς
2916 2306 2942 2358 ό
2970 2303 3318 2377 Χριστιανῶν
3349 2303 3502 2366 Θεὸς,
3536 2300 3861 2366 ἐξεϐόησαν,

2286 2403 2383 2455 καὶ
2413 2401 2529 2470 ἅμα
2555 2399 2653 2469 τὴν
2686 2397 2815 2452 θέαν
2841 2398 2902 2451 ού
2931 2396 3190 2469 φέροντες
3222 2395 3445 2464 φεύγειν
3480 2392 3731 2464 ἠγάπων.
3764 2392 3861 2443 καὶ

2288 2492 2387 2546 σὺν
2420 2489 2603 2561 πολλῷ
2626 2488 2704 2561 τῷ
2733 2490 2891 2560 τάχει
2922 2490 3018 2559 τῆς
3043 2489 3222 2551 οἰκίας
3252 2486 3502 2558 ἐξῄεσαν,
3528 2484 3730 2543 πάντες
3761 2481 3861 2549 μὲν

2282 2580 2575 2650 ἀσελγείας
2629 2580 3033 2650 ἐπιλαθόμενοι,
3068 2578 3198 2632 ἔνιοι
3228 2577 3283 2631 δὲ
3324 2578 3419 2629 καί
3451 2573 3621 2642 αὐτὴν
3665 2573 3862 2639 ἐξομο-

2286 2675 2517 2744 σάμενοι
2573 2672 2674 2744 τὴν
2727 2672 3004 2726 ἀσέϐειαν.
3059 2670 3134 2724 Ού
3203 2670 3310 2739 μήν
3365 2667 3488 2720 οὐδὲ
3539 2663 3864 2733 Μαξιμανδς

2283 2767 2520 2839 ἠγνόησε
2555 2764 2765 2819 ταῦτα’
2797 2763 2934 2818 ἀλλά
2977 2762 3169 2833 μαθὼν
3200 2762 3347 2824 ὅπως
3392 2761 3425 2830 ή
3462 2758 3559 2830 μὲν
3592 2756 3861 2828 παρθένος

2286 2858 2587 2931 ἀχείρωτος
2635 2856 2729 2909 καὶ
2764 2854 2948 2918 αὐτοῖς
3003 2853 3113 2925 ἄρα
3164 2855 3279 2915 τοῖς
3324 2851 3654 2921 φυλάττουσι
3694 2862 3862 2915 στρα-

2284 2950 2530 3015 τιώταις,
2561 2948 2747 3002 πολλοὶ
2776 2946 2834 3001 δὲ
2866 2946 2975 3000 τῶν
3007 2945 3219 2999 ἐκείνου
3267 2943 3467 3015 μᾶλλον
3497 2938 3855 3011 κεχείρωνται

2287 3043 2383 3098 καὶ
2414 3041 2689 3096 θεοσεὸεἰν
2740 3039 3125 3110 ἐδιδάχθησαν,
3172 3037 3397 3108 γοητεία
3445 3033 3544 3095 τὴν
3592 3031 3689 3084 τοῦ
3718 3027 3855 3082 Θεοῦ

598 3122 1250 3208 δεῖνοὶιοηιίηιξίἱίίὺυε,
1301 3140 1434 3210 quin
1479 3139 1645 3191 etiam
1687 3134 1890 3188 multos
1943 3148 2010 3187 ex
2060 3130 2175 3185 suis

2281 3134 2438 3204 χάριν
2463 3131 2769 3201 ὲπέγραφε,
2792 3130 2886 3183 καὶ
2910 3130 2990 3182 ὅτι
3013 3129 3230 3198 τέχναις
3255 3127 3305 3180 oi
3326 3122 3665 3196 Χριστιανοὶ,
3683 3122 3858 3189 λέγων

595 3251 719 3290 esse
752 3236 948 3297 vietos,
984 3241 1038 3286 et
1071 3231 1331 3286 didicisse
1365 3230 1536 3282 Deum
1570 3224 1657 3295 pie
1691 3224 1897 3284 colere,
1932 3221 2023 3274 Dei
2061 3234 2181 3289 gra-

597 3321 728 3375 tiam
788 3319 1102 3374 ascribebat
1143 3314 1501 3372 incantationi
1539 3331 1553 3368 :
1595 3312 1786 3367 dicens
1838 3309 2180 3365 Christianos

596 3413 677 3467 uti
716 3412 965 3466 artificiis
1003 3410 1069 3464 ad
1113 3409 1315 3478 vulgus
1348 3403 1761 3475 decipiendum.
1787 3400 1893 3456 Sed
1934 3401 2029 3454 ille
2060 3399 2182 3469 qui-

597 3503 725 3558 dem
779 3503 895 3556 haac
936 3501 1152 3565 dicens,
1204 3498 1448 3567 seipsum
1494 3493 1681 3565 potius
1736 3491 2065 3561 decipiebat,
2123 3496 2180 3544 et

595 3596 917 3666 quicunque
952 3594 1042 3649 his
1073 3591 1233 3662 nugis
1260 3590 1507 3645 animum
1534 3586 1894 3641 adhibebant.

668 3688 838 3743 XXII.
870 3688 965 3742 llle
1005 3693 1189 3740 autem
1242 3685 1437 3753 plenus
1474 3680 1708 3745 lumine,
1753 3678 1849 3749 qui
1882 3675 2179 3731 videbatur

596 3780 798 3851 virgini
856 3779 1139 3841 assistere,
1193 3790 1317 3829 cum
1352 3788 1472 3827 eam
1520 3770 1685 3824 domo
1725 3767 2026 3831 eduxisset,
2078 3779 2179 3820 suo

596 3872 804 3927 lumine
857 3868 1173 3940 praecedens
1227 3863 1556 3919 deducebat.
1598 3859 1805 3916 Deinde
1836 3874 1960 3913 cum
2010 3857 2179 3911 etiam

598 3960 919 4015 adduxisset
968 3971 1142 4027 usque
1195 3953 1262 4008 ad
1307 3967 1518 4007 sacram
1552 3949 1866 4013 ecclesiam,
1903 3961 2023 4000 eam
2067 3959 2180 3999 s'a-

600 4053 703 4109 tuit
736 4051 790 4105 in
816 4048 1124 4110 vestibulo;
1159 4054 1215 4102 et
1244 4060 1390 4109 cum,
1419 4044 1530 4098 Pax
1567 4041 1686 4103 tibi,
1714 4040 1966 4100 dixisset,
1994 4052 2180 4091 reces-

597 4142 690 4196 sit.
739 4142 869 4195 Eam
927 4147 1108 4193 autem
1162 4135 1364 4190 invasit
1421 4141 1479 4188 et
1528 4142 1728 4194 metus,
1779 4138 1837 4184 et
1894 4128 2175 4200 gaudium.

600 4233 778 4289 Metus
800 4232 1047 4301 quidem,
1074 4229 1219 4299 quod
1256 4228 1347 4283 ille
1379 4241 1498 4281 eam
1537 4224 1883 4295 reliquisset;
1916 4220 2177 4291 gaudium

599 4340 753 4389 vero,
794 4324 939 4394 quod
1006 4321 1426 4376 libidinosorum
1486 4330 1684 4370 manus
1737 4315 1816 4369 sic
1869 4311 2176 4381 effugisset,

602 4417 739 4471 nihil
789 4430 945 4485 passa
1014 4414 1359 4467 indecorum.
1418 4407 1703 4464 Accedens
1756 4423 1924 4476 ergo,
1994 4404 2179 4475 pulsat

599 4510 804 4561 ostium
874 4505 1058 4575 populi
1107 4504 1219 4573 jam
1293 4501 1628 4571 congregati,
1680 4510 1738 4555 et
1786 4508 2054 4554 nocturna
2109 4498 2179 4551 de

603 4612 759 4651 more
807 4597 919 4651 Deo
952 4593 1230 4649 canentis.
1262 4593 1401 4648 Cum
1452 4602 1636 4646 autem
1677 4594 1857 4660 ianua:
1888 4589 2176 4659 strepitum

598 4688 870 4744 sensisset
904 4685 1124 4756 quidam
1160 4684 1443 4748 diaconus,
1472 4690 1523 4736 et
1556 4697 1807 4751 quasnam
1832 4688 1978 4734 esset
2003 4677 2177 4731 resci-

601 4782 772 4835 vissct
800 4819 814 4843 ,
851 4774 1187 4833 renuntiavit
1237 4774 1305 4829 iis
1334 4772 1425 4842 qui
1467 4779 1627 4826 erant
1673 4770 1819 4824 intra
1864 4766 2173 4824 ecclesiam.

600 4873 806 4929 Omnes
834 4871 1016 4939 itaque
1044 4867 1110 4920 ad
1132 4881 1252 4921 eam
1285 4864 1591 4920 conﬂuunt.
1632 4863 1769 4918 Nam
1798 4861 2002 4930 alioqui
2060 4870 2179 4916 erat

603 4967 769 5021 etiam
810 4963 1012 5019 illustri
1044 4976 1266 5033 genere,
1301 4960 1443 5014 sicut
1472 4957 1813 5022 audivimus;
1851 4956 2054 5010 virtute
2085 4969 2183 5008 au-

603 5067 716 5114 tem
759 5057 937 5111 multo
980 5055 1270 5109 illustrior.
1297 5050 1435 5107 Cum
1479 5065 1599 5104 eam
1628 5063 1759 5120 ergo
1800 5048 2086 5113 vidissent,
2124 5054 2181 5101 et

602 5166 744 5223 quos
774 5159 830 5205 et
862 5147 1127 5219 quidnam
1154 5146 1401 5199 volentes
1423 5141 1730 5212 eﬂ‘ugisset,
1755 5140 2176 5206 intellexissent,

602 5254 659 5300 et
691 5257 941 5313 quamam
980 5239 1070 5293 illa
1115 5237 1173 5292 in
1206 5252 1304 5292 eos
1338 5234 1559 5290 fecisset
1584 5232 1868 5298 miracula,
1907 5247 2171 5302 quosnam

603 5334 827 5406 quidem
872 5331 1054 5386 fontes
1084 5329 1447 5400 lacrymarum
1494 5339 1605 5379 non
1641 5321 1969 5378 moverunt"!
2006 5337 2169 5392 quas-

602 5438 730 5478 nam
773 5428 955 5475 autem
1009 5433 1175 5473 voces
1219 5417 1288 5472 ad
1348 5417 1519 5470 Deum
1574 5430 1688 5470 non
1734 5412 2082 5469 emiserunt?
2124 5414 2179 5467 in

604 5511 881 5586 principio
919 5511 1147 5581 quidem
1197 5518 1417 5580 raptum
1458 5505 1689 5578 virginis
1739 5505 2088 5568 miserantes,
2120 5502 2180 5557 in

606 5607 714 5661 fine
741 5619 875 5660 vero
923 5603 1124 5673 impios
1169 5600 1392 5672 quidem
1425 5599 1658 5655 miseros
1689 5596 1988 5654 ducentes:
2028 5595 2174 5650 illam

601 5712 739 5777 “vero
768 5694 1099 5770 quibusnam
1132 5707 1240 5748 non
1269 5699 1678 5765 persequuntur
1706 5685 2181 5746 beatitudiuibus?

2283 3223 2424 3296 πρὸς
2460 3223 2678 3293 ἀπάτην
2707 3220 2884 3275 ταῦτα
2913 3221 3025 3273 τῶν
3060 3219 3272 3273 πολλῶν
3320 3217 3674 3287 πράττουσιν.
3714 3211 3860 3266 Ἀλλ’

2281 3319 2488 3379 ἐκεῖνος
2521 3316 2620 3385 μὲν
2649 3313 2820 3367 ταῦτα
2849 3313 3024 3381 λέγων
3053 3312 3246 3366 ἑαυτὸν
3298 3311 3500 3382 μᾶλλον
3528 3308 3737 3381 ήπάτα,
3761 3306 3860 3359 καὶ

2279 3407 2396 3462 ὅσοι
2427 3406 2688 3471 τοιούτοις
2715 3400 2856 3478 ἦσαν
2881 3403 3074 3477 λήροις
3103 3404 3487 3475 προσέχοντες.

2351 3668 2482 3721 KB’.
2526 3667 2585 3720 '0
2615 3666 2672 3720 δὲ
2703 3666 2919 3738 πλήρης
2948 3666 3125 3736 φωτὸς
3159 3665 3387 3733 ἐκεῖνος,
3426 3667 3455 3719 ό
3479 3669 3545 3736 τῇ
3579 3665 3717 3736 κόρῃ
3754 3681 3860 3720 παρ

2283 3761 2538 3832 ρεστάναι
2570 3758 2917 3829 φαινόμενος,
2953 3760 3052 3830 τῆς
3077 3758 3254 3822 οἰκίας
3290 3758 3460 3828 αὐτὴν
3492 3757 3858 3825 ὑπεξαγαγὼν

2279 3852 2356 3921 τῷ
2386 3851 2573 3922 οἰκείῳ
2619 3850 2762 3920 φωτί
2815 3848 3076 3921 προάγων
3121 3849 3359 3920 ὡδήγειο
3405 3845 3525 3902 εἶτα
3556 3850 3652 3902 καί
3696 3849 3856 3919 μέχρι

2279 3947 2379 4015 τῆς
2414 3943 2566 4014 ἱερᾶς
2587 3942 2889 4012 ἐκκλησίας
2908 3940 3215 4011 ἀπαγαγὼν
3240 3941 3317 4007 τῷ
3343 3940 3548 3995 πυλῶνι
3579 3940 3853 4008 ἐφίστησι,

2278 4036 2395 4099 καὶ,
2435 4036 2636 4106 Εἰρήνη
2670 4051 2776 4101 σοι,
2829 4032 3174 4106 προσειπὼν,
3200 4032 3377 4086 ἀπιὼν
3431 4032 3624 4103 ᾤχετο.
3681 4030 3747 4083 Ἥ
3800 4031 3857 4083 δὲ

2281 4128 2430 4199 φόϐῳ
2460 4127 2738 4198 συνείχετο
2769 4126 2861 4180 καὶ
2887 4126 3056 4198 χαρᾷο
3092 4124 3241 4196 φόϐῳ
3275 4124 3376 4194 μὲν
3400 4124 3491 4178 διὰ
3517 4123 3617 4194 τὴν
3646 4123 3857 4176 ἐκείνου

2278 4219 2624 4289 κατάλειψιν,
2673 4218 2819 4288 χαρᾷ
2867 4217 2964 4281 δὲ,
3019 4218 3104 4271 δτι
3152 4212 3401 4285 ἀσελγῶν
3464 4214 3610 4269 οὕτω
3671 4218 3858 4286 χεῖρας

2280 4311 2511 4383 ἐκφύγοι
2551 4310 2720 4382 μηδὲν
2775 4310 3016 4380 ἄσεμνον
3065 4309 3434 4379 ὑπομείνασα.
3478 4305 3859 4378 Προσελθοῦσα

2278 4406 2456 4458 τοίνυν
2501 4404 2691 4458 κόπτει
2723 4402 2823 4473 τὴν
2854 4401 3029 4475 θύραν
3063 4400 3162 4473 ήδη
3210 4399 3303 4455 τοῦ
3336 4400 3467 4454 λαοῦ
3498 4399 3858 4470 ἡθροισμένοι)

2219 4483 2259 4537 ῧ
2287 4497 2381 4551 καὶ
2407 4498 2477 4549 τὰ
2519 4493 2816 4566 νυκτερινὰ
2857 4493 3105 4563 συνήθως
3133 4492 3213 4564 τῷ
3261 4491 3381 4563 Θεῷ
3412 4491 3654 4564 ᾄδοντος.
3693 4490 3780 4553 Ὠς
3800 4489 3860 4543 δὲ

2283 4589 2380 4646 τοῦ
2412 4589 2522 4644 τῶν
2553 4588 2742 4642 πυλῶν
2762 4587 2937 4658 ψόφου
2969 4586 3167 4658 ήσθετό
3204 4603 3290 4650 τις
3309 4586 3421 4640 τῶν
3443 4585 3729 4649 διακόνιον,
3763 4582 3859 4635 καὶ

2284 4682 2408 4753 ἥτις
2464 4676 2532 4753 ἦν
2580 4679 2765 4751 εκείνη
2816 4677 3003 4749 μαθὼν
3053 4681 3168 4741 τοῖς
3216 4677 3365 4731 ἔνδον
3409 4679 3511 4748 τῆς
3564 4677 3860 4746 ἐκκλησίας

2285 4773 2615 4841 ἀπήγγειλε,
2653 4773 2940 4843 συρρέουσι
2972 4769 3074 4840 μὲν
3102 4771 3178 4834 ὼς
3198 4768 3373 4839 αὐτὴν
3396 4769 3598 4831 πάντες
3623 4783 3637 4796 '
3661 4763 3731 4840 ἦν
3749 4766 3860 4837 γὰρ

2287 4868 2385 4921 καί
2428 4866 2605 4930 ἄλλως
2654 4867 2718 4919 ὲκ
2744 4866 2936 4934 γένους
2968 4863 3360 4937 μεμαθηκότες
3389 4862 3500 4916 τῶν
3545 4864 3856 4931 ἐπισήμων,

2286 4957 2475 5028 ὥσπερ
2506 4957 2847 5027 ἠκούσαμεν,
2896 4956 3077 5026 πολλῷ
3109 4955 3167 5010 δὲ
3196 4955 3297 5028 τήν
3339 4954 3544 5026 ἀρετὴν
3583 4954 3860 5023 ἐπισημα·
3912 4942 3923 4950 ’

2282 5052 2438 5120 τέρα.
2480 5049 2699 5119 Ταύτην
2746 5043 2841 5102 οὖν
2887 5047 3108 5113 ἰδόντες,
3140 5051 3232 5103 καὶ
3262 5049 3408 5111 τίνος
3436 5047 3536 5119 μὲν
3560 5045 3764 5116 διέδρα,
3807 5044 3862 5098 τί

2284 5142 2341 5194 δὲ
2381 5141 2476 5194 καὶ
2509 5139 2863 5210 βουλομένους
2905 5138 3311 5208 μεμαθηκότες,
3343 5139 3439 5192 καὶ
3478 5133 3569 5191 οἷα
3611 5136 3732 5189 κατ’
3763 5135 3866 5188 αὖ·

2281 5233 2388 5285 τῶν
2430 5222 2613 5301 ἐκείνη
2640 5231 2750 5285 τῶν
2775 5231 3093 5283 ἀκολάστων
3120 5229 3658 5300 θαυματουργήσειε,
3697 5227 3865 5291 ποίας

2280 5323 2378 5393 μὲν
2399 5323 2499 5376 οὐκ
2524 5321 2738 5374 ικίνουν
2753 5319 3007 5392 δακρύων
3031 5319 3241 5391 πηγὰς,
3264 5320 3424 5382 ποίας
3451 5319 3508 5372 δὲ
3529 5318 3632 5371 οὐκ
3656 5315 3861 5387 ήφίουν

2284 5415 2422 5483 πρὸς
2452 5414 2585 5467 Θεδν
2617 5412 2821 5480 φωνὰς.
2867 5415 2927 5467 ἑν
2958 5413 3101 5483 ἀρχῇ
3159 5411 3261 5480 μὲν
3308 5409 3407 5481 τήν
3457 5408 3730 5480 παρθένον
3760 5410 3865 5478 τῆς

2285 5507 2541 5577 ἁρπαγῆς
2573 5506 2962 5577 οἰκτείροντες,
2991 5506 3085 5558 ἐπὶ
3109 5504 3252 5558 τέλει
3280 5504 3336 5557 δὲ
3361 5503 3486 5566 τοὺς
3519 5502 3620 5572 μὲν
3641 5502 3865 5565 ἀσεϐεῖς

2284 5596 2682 5662 ταλανίζοντις,
2721 5596 2940 5667 δκείνην
2968 5596 3025 5650 δὲ
3056 5594 3220 5649 τίνων
3249 5594 3350 5649 οὐκ
3378 5592 3659 5659 ἀξιοῦντες
3683 5600 3870 5662 μακα-

2290 5688 2539 5761 ρισμῶν;
2574 5685 2643 5742 Ἦ
2669 5686 2728 5741 δὲ
2774 5687 2955 5758 ῥίπτει
2998 5687 3101 5759 μὲν
3142 5686 3343 5758 ἑαυτὴν
3373 5687 3456 5750 εἰς
3499 5686 3605 5759 γῆν
3633 5682 3730 5738 καὶ
3754 5681 3877 5753 in
