4142 6380
390 363 526 430 1065

1527 365 1705 430 νιΤΑ
1730 369 1830 427 SS.
1873 365 2058 427 lNDE
2116 366 2210 426 ET
2257 363 2560 428 DOMNE.

3520 370 3656 438 1086

386 485 550 556 ιερῶν
595 484 987 556 θυσιαστηρίου
1024 485 1256 540 ἅπτεται
1304 483 1620 552 κιγκλίδων,
1653 481 1882 555 δακρύει
1912 481 1970 537 δὲ

2079 479 2174 536 illa
2231 494 2414 537 autem
2463 481 2700 554 seipsam
2755 483 2976 552 quidem
3027 483 3166 555 jacit
3221 483 3400 549 humi,
3448 494 3505 541 et
3551 502 3660 544 ara:

383 578 578 637 οὕτως,
617 577 690 640 ὡς
727 579 818 630 καὶ
850 577 975 640 τοὺς
1007 577 1252 648 ὁρῶντας
1281 577 1362 639 εἰς
1402 577 1589 646 ὅμοιον
1621 578 1838 646 κινῆσαι
1871 575 1978 629 πάο

385 673 474 734 θος
507 671 603 725 καὶ
629 669 884 739 δακρύων
924 669 1076 736 ῥοὰς,
1109 671 1260 738 κοινή
1294 687 1353 722 τε
1398 668 1532 738 πρὸς
1563 667 1696 722 Θεὸν
1749 670 1975 739 εὐχαρι-

386 766 510 817 στία
543 763 609 814 ἐκ
639 762 870 832 καρδίας
903 761 1108 832 θερμῆς
1149 762 1382 830 γίνεται.
1429 761 1594 816 ’Δλλά
1637 762 1706 816 τὰ
1743 762 1844 832 μὲν
1875 763 1976 832 τῆς

386 854 662 925 παρθένου
692 851 920 908 τοιαῦτα
945 855 1041 907 καὶ
1065 851 1238 916 οὕτως
1262 854 1479 925 ἔχοντα.

458 1035 584 1090 Kl".
634 1031 960 1102 Μαξιμιανῷ
1008 1031 1063 1084 δὲ
1121 1031 1229 1102 ἄρα
1277 1031 1354 1102 τῷ
1415 1033 1638 1104 πονηρῷ
1693 1033 1790 1086 καὶ
1843 1036 1969 1098 τοῦς

389 1125 802 1196 ὑπηρετοῦντας
835 1124 941 1178 ἔδει
996 1126 1264 1194 πονηροὺς
1311 1119 1452 1177 εἶναι
1504 1125 1598 1177 καὶ
1644 1125 1740 1194 τῆς
1778 1126 1970 1194 αὐτῆς,

389 1222 416 1274 ὅ
451 1237 604 1287 φασι,
643 1221 966 1287 κεραμείας.
1013 1218 1168 1270 Ὅσοι
1213 1217 1394 1269 τοίνυν
1440 1216 1784 1288 Μαξιμιανὸν
1825 1219 1979 1272 εὐσε-

395 1315 616 1374 ϐοῦντες
651 1312 964 1375 ἐλάνθανον,
993 1306 1140 1366 οῦτοι
1175 1311 1428 1383 καθάπερ
1459 1313 1508 1364 οί
1541 1311 1834 1382 θηρατικοὶ
1865 1313 1976 1366 τῶν

389 1409 566 1464 κυνῶν
594 1405 971 1476 ἀνιχνεύοντες
1000 1399 1369 1475 κατεμήνυον.
1413 1405 1480 1458 Οἵ
1498 1421 1557 1472 γε
1583 1406 1675 1458 καὶ
1704 1406 1843 1458 κατὰ
1868 1407 1980 1458 Δω-

393 1499 578 1569 ροθέου
626 1499 716 1551 τὸν
768 1498 933 1550 αὑτοῦ
982 1497 1152 1566 θυμὸν
1197 1497 1544 1560 ἀνακαίουσι,
1577 1497 1854 1566 Δωροθέου
1879 1497 1974 1550 τοῦ

389 1590 485 1660 τὴν
525 1590 624 1660 μὲν
668 1590 826 1654 δόξαν
877 1588 971 1642 καὶ
1002 1589 1102 1656 τὴν
1145 1587 1430 1657 πολιτικὴν
1472 1589 1632 1653 ἀξίαν
1683 1588 1978 1658 ἐπιφανοῦς

391 1683 774 1754 (πραιπόσιτον
817 1681 1036 1736 Ἰταλῶν
1071 1680 1288 1748 γλῶττα
1331 1681 1534 1751 ταύτην
1585 1677 1694 1734 οἶδε
1744 1682 1972 1750 καλεῖν),

392 1775 822 1843 ὲπιφανεστέρου
859 1773 1034 1844 δὲτὴν
1069 1774 1374 1828 εὐσέϐειαν.
1428 1774 1584 1827 Κατὰ
1621 1774 1812 1829 τούτου
1843 1775 1975 1843 γοῦν

391 1870 484 1921 καὶ
505 1867 813 1937 Μαρδονίου
845 1867 939 1918 καὶ
967 1865 1270 1933 Μυγδονίου
1297 1867 1392 1918 καὶ
1429 1866 1525 1920 τοῦ
1563 1867 1972 1939 προρρηθέντος

393 1959 566 2013 Ἴνδου
599 1959 693 2012 καὶ
724 1957 899 2011 ἄλλων
931 1958 994 2028 δή
1033 1973 1194 2010 τινων
1243 1957 1594 2026 θερμοτάτων
1629 1959 1728 2028 μὲν
1762 1959 1860 2029 τὴν
1894 1961 1974 2022 είς

388 2052 625 2121 Χριστὸν
677 2050 882 2113 πίστιν,
936 2048 1317 2118 περιϐλέπτων
1365 2049 1422 2101 δὲ
1470 2049 1568 2117 τὴν
1617 2051 1696 2114 είς
1749 2049 1976 2119 βασιλέα

387 2146 573 2215 τιμὴν,
619 2144 748 2215 βέλη
805 2143 1062 2213 διαϐολῆς
1107 2144 1420 2212 πέμπουσιν
1453 2159 1466 2173 ο
1496 2136 1639 2197 οῦτοι
1671 2144 1871 2215 δηλαδὴ
1901 2139 1975 2198 ὧν

387 2240 436 2293 ci
466 2239 677 2302 ὀδόντες
731 2237 871 2291 ὅπλα
907 2238 998 2289 καὶ
1045 2235 1200 2306 βέλη,
1235 2238 1326 2290 καὶ
1359 2239 1391 2307 ἡ
1441 2237 1685 2305 γλῶσσα,
1725 2237 1863 2291 κατά
1908 2237 1974 2291 τὰ

392 2331 511 2401 ίερᾶ
549 2331 714 2397 φάναι
749 2329 926 2396 λόγια,
962 2327 1210 2398 μάχαιρα
1244 2327 1415 2392 ὀξεῖα,
1447 2325 1508 2379 Ei
1537 2327 1752 2390 παῖδας,
1789 2326 1976 2395 λέγον-

386 2438 499 2483 τες,
535 2415 580 2474 ὦ
621 2421 867 2491 βασιλεῦ,
899 2420 991 2474 καὶ
1022 2417 1246 2480 τούτους
1284 2418 1567 2482 οἰκοῦντας
1594 2418 1650 2470 ὲν
1681 2420 1790 2482 τοῖς
1824 2419 1978 2488 βασι-

386 2511 553 2575 λείοις
574 2515 683 2574 τοῖς
717 2514 828 2574 σοῖς
853 2512 947 2564 καὶ
977 2511 1084 2563 τῶν
1121 2510 1230 2563 σῶν
1257 2509 1422 2571 ὄντας
1458 2511 1715 2580 ὑπηκόων
1745 2511 1977 2566 ὑποτάτ-

387 2621 500 2657 τειν
531 2605 838 2667 ἀδυνατεῖς,
863 2605 914 2656 τί
945 2605 1008 2674 δὴ
1036 2602 1132 2656 καὶ
1161 2603 1285 2666 τοὺς
1317 2601 1510 2680 ἄλλους
1532 2603 1744 2658 πείθειν
1772 2606 1977 2674 ἐπιχει-

391 2698 528 2766 ρεῖς,
554 2699 797 2765 ἀνήνυτα
851 2697 1074 2763 κάμνων
1125 2695 1219 2748 καὶ
1270 2697 1518 2762 ματαίως
1571 2694 1968 2766 ταλαιπωρῶνς

390 2789 564 2858 Σχολῇ
617 2789 726 2861 γὰρ
774 2787 841 2840 ἂν
885 2781 1032 2840 οὗτοι
1087 2787 1500 2856 μεταπεισθεῖεν
1547 2785 1638 2839 τοῦ
1681 2787 1972 2856 δὸγματος,

391 2880 629 2941 ἐκείνους
659 2879 894 2951 ὁρῶντες
928 2879 1094 2946 ἡδέως
1140 2877 1294 2947 ἡμῶν
1333 2878 1848 2947 καταμωκωμένους
1879 2878 1974 2932 καὶ

391 2973 523 3042 παρ’
541 2972 696 3025 οὐδὲν
720 2973 779 3026 τὸ
812 2971 1086 3039 αὐστηρὶν
1119 2969 1210 3022 τοῦ
1237 2968 1330 3022 σοῦ
1371 2969 1610 3040 βήματος
1634 2969 1970 3041 τιθεμένους.

392 3065 536 3138 Ὅρα
574 3066 684 3135 γὰρ
731 3067 809 3130 είς
850 3065 975 3119 ὅσον
1013 3066 1046 3135 ἡ
1087 3067 1512 3135 περιφρόνησιςο
1564 3063 1646 3116 ὅτι
1691 3065 1765 3135 μὴ
1815 3067 1976 3135 μόνον

2078 588 2269 630 sacros
2298 575 2471 646 tangit
2517 575 2808 639 cancellos,
2830 574 2922 630 ﬂet
2955 592 3088 630 vero
3123 585 3234 630 tam
3280 577 3658 646 vehementer,

2081 675 2142 719 ut
2188 681 2284 720 eos
2335 668 2498 722 etiam
2551 669 2646 739 qui
2695 667 2974 733 videbant,
3007 668 3072 722 ad
3128 667 3365 723 similem
3412 680 3660 726 moveret

2077 756 2425 812 aﬂectioncm
2491 768 2548 814 et
2606 760 2811 814 ﬂuenta
2859 761 3248 828 lacrymarum,
3297 760 3466 830 ﬁtque
3512 778 3660 817 com-

2079 850 2263 902 munis
2290 849 2356 903 ad
2401 850 2572 904 Deum
2608 853 2907 922 gratiarum
2941 854 3086 906 actio
3118 859 3234 907 toto
3268 865 3517 923 pectore.
3552 854 3658 909 Sed

2079 939 2154 994 ita
2183 940 2406 1010 quidem
2441 958 2498 998 se
2528 942 2803 998 habebant
2824 959 2921 998 res
2959 945 3207 1015 virginis.

2152 1028 2342 1085 XXIII.
2379 1033 2632 1102 lmprobo
2655 1043 2838 1090 autem
2870 1036 3198 1092 Maximiano
3235 1037 3522 1107 oportebat
3555 1037 3662 1092 im-

2080 1122 2289 1191 probos
2312 1122 2476 1178 etiam
2501 1139 2621 1178 esse
2654 1126 2958 1191 ministros,
2983 1135 3038 1180 et
3064 1144 3129 1182 ex
3153 1129 3369 1195 eadem,
3394 1139 3453 1184 ut
3481 1130 3656 1194 aiunt,

2079 1213 2287 1269 ﬁdelia.
2315 1214 2642 1286 Quicunque
2665 1233 2796 1288 ergo
2826 1220 2915 1287 pie
2944 1219 3115 1273 Deum
3149 1221 3392 1276 colentes
3420 1223 3662 1278 latebant

2080 1305 2498 1373 Maximianum,
2547 1308 2584 1362 ii
2629 1310 2748 1362 illos
2776 1325 2886 1362 non
2935 1325 3096 1365 secus
3137 1326 3201 1366 ac
3231 1315 3466 1368 venatici
3497 1330 3662 1370 canes

2081 1399 2500 1470 investigantes,
2539 1402 2943 1472 signiﬁcabant.
2976 1403 3078 1470 Qui
3115 1405 3337 1472 quidem
3367 1405 3532 1460 etiam
3563 1407 3663 1462 ad—

2079 1509 2274 1549 versus
2296 1493 2660 1558 Dorotheum,
2679 1495 2768 1562 qui
2795 1495 2964 1565 gloria
2987 1494 3208 1564 quidem
3232 1504 3287 1549 et
3313 1497 3458 1550 civili
3482 1497 3664 1566 digni-

2083 1596 2193 1644 tate
2220 1588 2474 1658 insignis,
2503 1595 2564 1660 ιιι
2596 1588 2690 1657 qui
2718 1588 3048 1659 praepositus
3081 1597 3367 1643 vocaretur
3397 1589 3464 1644 ab
3491 1591 3660 1657 ltalis,

2083 1681 2291 1751 pietate
2323 1691 2512 1737 autem
2545 1691 2663 1737 erat
2703 1683 2990 1754 insignior.
3035 1683 3315 1738 Adversus
3345 1700 3472 1739 eum
3505 1702 3659 1757 ergo,

2063 1782 2138 1841 let
2167 1773 2535 1840 Mardonium,
2561 1784 2616 1831 et
2651 1775 3021 1846 Mygdonium.
3060 1786 3135 1843 et,
3162 1778 3254 1847 qui
3299 1777 3451 1846 prius
3483 1780 3662 1836 dictus

2082 1874 2187 1929 est,
2238 1866 2453 1932 lndem,
2515 1875 2571 1922 et
2620 1869 2885 1938 quosdam
2943 1870 3100 1934 alios,
3165 1869 3270 1926 ﬁde
3321 1873 3544 1942 quidem
3603 1874 3662 1929 in

2081 1955 2360 2012 Christum
2422 1961 2746 2023 acerrimos.
2800 1962 3154 2030 imperatoris
3205 1975 3390 2020 autem
3451 1966 3663 2022 honore

2081 2055 2282 2117 claros,
2321 2051 2628 2107 immittunt
2660 2053 2766 2107 tela
2814 2053 3124 2108 calumniae.
3151 2055 3218 2108 ili
3259 2056 3490 2121 scilicet,
3526 2072 3663 2127 quo-

2083 2159 2204 2198 rum
2237 2143 2433 2198 dentes
2476 2159 2633 2198 arma
2680 2152 2735 2199 et
2776 2144 3006 2214 sagittae,
3038 2155 3095 2199 et
3141 2147 3344 2210 lingua.
3380 2157 3438 2202 ut
3481 2150 3661 2204 dicam

2082 2253 2206 2292 cum
2247 2253 2405 2292 sacra
2440 2235 2726 2306 Scriptura
2753 2237 2795 2304 ‘,
2838 2237 3052 2306 gladius
3095 2247 3314 2303 acutus,
3357 2238 3608 2295 dicentes
3641 2258 3656 2295 :

2083 2329 2138 2384 Si
2169 2344 2381 2391 servos,
2412 2343 2445 2383 ο
2477 2329 2800 2398 imperator,
2833 2339 2889 2384 et
2921 2345 3018 2384 eos
3049 2329 3141 2398 qui
3179 2330 3231 2385 in
3265 2341 3355 2386 tua
3383 2332 3529 2402 regia
3560 2332 3664 2388 ha-

2084 2421 2282 2484 bitant,
2316 2430 2374 2476 et
2401 2429 2530 2476 sunt
2562 2421 2662 2475 tibi
2703 2421 2960 2489 subjecti,
2997 2438 3102 2477 non
3142 2432 3300 2493 potes
3343 2425 3663 2496 subjugare.

2086 2529 2187 2568 cur
2230 2514 2354 2568 aliis
2403 2513 2621 2568 conaris
2671 2515 3030 2582 persuadere,
3069 2515 3344 2572 inutiliter
3381 2516 3662 2582 laborans,

2082 2615 2138 2661 et
2177 2605 2379 2660 frustra
2415 2615 2468 2660 te
2500 2605 2794 2658 crucians?
2832 2606 2874 2659 li
2906 2607 3054 2661 enim
3080 2620 3223 2676 mgre
3254 2609 3532 2676 potuerint
3569 2608 3665 2664 ab-

2083 2698 2210 2753 duci
2262 2713 2292 2750 a
2321 2697 2598 2768 dogmate,
2654 2697 2779 2752 illos
2825 2698 3079 2755 videntes
3105 2714 3206 2755 nos
3251 2701 3494 2756 suaviter
3534 2701 3667 2758 irri-

2083 2793 2296 2851 dentes.
2326 2799 2382 2844 et
2413 2791 2492 2844 tui
2529 2789 2822 2845 tribunalis
2852 2793 3234 2846 austeritatem
3269 2792 3428 2846 nihili
3463 2793 3666 2848 facien-

2083 2889 2185 2934 tes.
2242 2878 2377 2934 Vide
2441 2880 2611 2941 enim,
2649 2895 2939 2950 quousque
2991 2881 3242 2950 procedit
3287 2897 3482 2936 eorum
3535 2898 3666 2940 cono

2085 2981 2344 3043 temptus.
2394 2973 2514 3028 Non
2573 2974 2753 3028 solum
2811 2973 2911 3042 ipsi
2968 2982 3331 3028 contemnunt
3385 2974 3666 3040 contraria

2085 3067 2413 3128 sentientes,
2435 3066 2534 3120 sed
2565 3067 2693 3122 aliis
2722 3081 2967 3136 quoque,
3000 3067 3094 3136 qui
3128 3068 3320 3128 latent.
3347 3069 3442 3137 qui
3470 3067 3665 3126 eadem

391 3158 792 3224 ἀντιδοξοῦντες
870 3157 1025 3210 αὐτοὶ
1105 3155 1604 3225 κατολιγωροῦσιν,
1675 3155 1814 3211 ἀλλὰ
1884 3157 1973 3210 καὶ

2083 3176 2207 3230 qua:
2254 3158 2358 3228 ipsi
2396 3158 2665 3222 sentiunt,
2701 3167 2756 3212 et
2802 3157 3064 3213 alimenta
3099 3158 3477 3227 suppeditant,
3509 3168 3567 3214 et
3596 3159 3666 3214 ad

391 3251 575 3314 ἄλλοις
627 3250 1141 3321 ἀποκρυπτομένοις
1185 3247 1294 3302 τῶν
1341 3248 1612 3318 ὁμοδόξων
1661 3249 1870 3320 τροφάς
1918 3266 1977 3302 τε

393 3345 720 3414 παρέχουσι,
779 3345 875 3397 καὶ
923 3343 1062 3413 πρὸς
1113 3342 1240 3405 τοὺς
1297 3341 1580 3406 κινδύνους
1625 3343 1974 3412 ἀλείφουσινο

398 3438 460 3490 ού
489 3437 595 3508 μὴν
625 3437 758 3489 ἀλλὰ
789 3437 1012 3498 καὶτοῖς
1043 3433 1222 3504 πολλῴ
1252 3433 1506 3488 διεστῶσι
1533 3436 1840 3506 γράμματα
1864 3436 1980 3491 διαη

397 3531 736 3599 πέμπουσιν,
775 3531 889 3600 ἅμα
922 3547 982 3582 τε
1027 3530 1124 3600 τὴν
1151 3530 1311 3595 δόξαν
1355 3531 1536 3592 αὐτοῖς
1571 3531 1977 3601 ὲπιρῤωνύντες

391 3625 488 3678 καὶ
515 3623 959 3693 παρακαλοῦντες
987 3623 1124 3692 πρὸς
1155 3623 1431 3678 ἔνστασιν.
1467 3623 1678 3686 ’Δλλως
1707 3641 1765 3676 τε
1797 3623 1853 3676 δὲ
1884 3628 1976 3679 καὶ

389 3715 419 3769 ὅ
449 3715 515 3768 ἂν
548 3715 666 3768 κατ’
697 3714 874 3767 αὐτῶν
906 3731 963 3766 τε
998 3714 1091 3766 καὶ
1125 3709 1191 3788 ἦς
1227 3714 1440 3784 ἔχονται
1465 3713 1761 3784 θρησκείας
1793 3715 1854 3773 τὸ
1884 3717 1976 3768 σον

392 3809 596 3877 κράτος
629 3807 959 3876 ἐπινοήσειε,
988 3805 1145 3858 τοῦτο
1177 3806 1404 3869 ἐκείνοις
1437 3807 1763 3875 κατάφωρον
1788 3805 1854 3858 δι’
1875 3809 1976 3860 αῦ-

389 3901 498 3952 τῶν
527 3900 686 3962 εὐθὺς
719 3897 949 3966 γίνεται.

463 3989 588 4045 KA'.
631 3991 868 4060 Ἀνήφθη
899 3989 1034 4059 πρὸς
1066 3988 1236 4059 ὀργὴν
1264 3988 1509 4042 ἐντεῦθεν
1543 3990 1570 4042 ὁ
1607 3988 1972 4058 Μαειμιανὶς,

390 4084 486 4136 καὶ
517 4083 706 4136 θᾶττον
751 4082 784 4153 ἢ
835 4082 990 4149 λόγος
1043 4084 1393 4152 παραστῆναι
1438 4081 1586 4152 αὐτῷ
1623 4081 1751 4145 τοὺς
1785 4082 1975 4150 ἁγίους

389 4176 628 4229 ἐκέλευε.
689 4173 790 4228 Καὶ
839 4175 887 4226 oi
940 4175 1040 4243 μὲν
1091 4175 1463 4244 παρέστησαν,
1499 4174 1651 4226 οὐδὲν
1697 4175 1975 4238 δείσαντες

386 4267 510 4320 οὐδὲ
541 4267 683 4333 ἴχνος
712 4283 765 4318 τι
797 4264 964 4334 φόϐου
1006 4266 1117 4327 τοῖς
1160 4265 1474 4334 προσώποις
1504 4267 1970 4335 ὲπισημήναντες.

399 4357 460 4411 Ὀ
481 4357 536 4409 δὲ
561 4356 889 4427 δριμύτατον
934 4357 1211 4426 ἐμϐλέψας
1230 4358 1436 4421 αὐτοῖς,
1470 4353 1541 4412 Ὦ
1569 4359 1806 4411 κάκιστα
1836 4362 1972 4415 ἀπο·

387 4447 660 4517 λούμενοι,
698 4450 826 4519 ἔφη,
860 4441 905 4500 ὦ
939 4448 1156 4502 πάντων
1186 4447 1492 4517 ἀνθρώπων
1529 4448 1969 4519 ἀχαριστότατοι,

2085 3250 2390 3308 certamina
2421 3258 2618 3320 parant
2657 3257 2713 3304 et
2742 3249 3045 3306 instruunt.
3072 3248 3216 3315 Quin
3248 3251 3414 3304 etiam
3443 3251 3664 3306 mittunt

2085 3343 2298 3398 litteras
2321 3340 2390 3396 ad
2420 3355 2517 3396 eos
2539 3340 2634 3410 qui
2662 3339 2853 3410 procul
2883 3339 3110 3404 distant,
3137 3340 3300 3394 simul
3324 3349 3382 3394 et
3408 3355 3506 3395 eos
3535 3356 3666 3395 con-

2087 3434 2370 3500 ﬁrmantes
2403 3431 2458 3486 in
2490 3431 2787 3494 sententia,
2815 3439 2871 3484 et
2919 3431 3285 3486 exhortantes
3307 3430 3376 3486 ad
3407 3441 3667 3487 constan-

2085 3527 2239 3582 tiam.
2271 3525 2339 3580 Et
2373 3523 2579 3593 alioqui
2633 3521 2901 3592 quidquid
2940 3519 3210 3576 adversus
3235 3524 3402 3592 ipsos.
3429 3533 3482 3578 et
3503 3539 3667 3594 quam

2082 3619 2288 3674 habent
2335 3617 2681 3686 religionem,
2716 3625 2808 3669 tua
2873 3615 3271 3685 excogitaverit
3312 3618 3580 3686 potentia,
3611 3615 3666 3671 id

2080 3711 2263 3766 statim
2291 3723 2389 3780 per
2416 3709 2536 3762 illos
2565 3708 2632 3762 ab
2668 3707 2800 3776 ipsis
2826 3707 3281 3776 deprehenditur.

2152 3995 2343 4052 XXIV.
2374 3996 2470 4050 llis
2530 3993 2632 4048 fuit
2680 3995 2747 4048 ad
2794 3993 2932 4047 iram
2968 4005 3236 4046 accensus
3268 3991 3657 4057 Maximianus,

2079 4097 2136 4143 ct
2165 4089 2314 4143 dicto
2345 4086 2508 4141 citius
2534 4085 2698 4156 jussit
2745 4093 2968 4139 sanctos
2998 4083 3064 4137 ad
3097 4098 3156 4138 se
3193 4082 3421 4138 adduci.
3447 4082 3512 4136 Et
3537 4085 3668 4140 ade-

2079 4189 2205 4234 rant
2250 4177 2476 4248 quidem
2512 4176 2587 4231 illi
2621 4176 2759 4230 nihil
2809 4175 3090 4237 timentes,
3137 4189 3318 4244 neque
3349 4175 3520 4228 ullum
3556 4176 3669 4230 l'or-

2079 4271 2305 4328 midinis
2326 4270 2614 4340 vestigium
2637 4267 2794 4321 vultu
2825 4282 2936 4336 pra:
2967 4281 3025 4321 se
3053 4264 3315 4320 ferentes.
3340 4265 3436 4320 Ille
3480 4276 3668 4321 autem

2080 4364 2253 4420 torvis
2297 4363 2447 4433 ipsos
2482 4362 2660 4416 oculis
2718 4361 2964 4424 intuens,
3003 4357 3049 4414 0
3096 4361 3333 4428 pessime
3372 4358 3666 4428 perdendi.

2079 4457 2281 4527 inquit,
2309 4469 2342 4510 ο
2377 4453 2620 4510 omnium
2664 4453 2948 4507 hominum
2987 4449 3382 4522 ingratissimi,
3415 4467 3516 4505 cur
3541 4460 3668 4506 tan-

387 4540 442 4592 τί
469 4540 670 4609 δήποτε
701 4539 967 4610 τοσαύτης
1005 4538 1135 4609 παρ’
1164 4540 1296 4609 ἡμῖν
1326 4539 1691 4603 ἀπολαύοντες
1717 4542 1813 4610 τῆς
1844 4545 1967 4596 ὲπι-

2079 4555 2186 4600 tam
2215 4561 2245 4599 a
2276 4544 2437 4599 nobis
2462 4543 2646 4612 adepti
2682 4543 3015 4604 claritatem,
3046 4550 3104 4596 et
3133 4540 3234 4596 soli
3266 4541 3666 4611 propemodum

388 4633 612 4705 φανείας
665 4633 762 4686 καὶ
816 4631 1014 4702 μικροῦ
1075 4633 1225 4700 μόνοι
1288 4630 1355 4684 τὰ
1420 4630 1667 4702 βασίλεια
1714 4637 1968 4705 σκῆπτρα

390 4726 815 4795 πεπιστευμένοι
842 4724 983 4778 οῦτω
1017 4724 1178 4778 κακοὶ⁸
1208 4730 1336 4795 περὶ
1362 4727 1452 4778 τὸν
1481 4725 1784 4796 εὐεργέτην
1805 4727 1967 4796 ὴλέγ-

391 4818 594 4890 χθητε;
651 4818 706 4869 οἵ
756 4833 819 4884 γε
874 4819 992 4869 ἀντὶ
1053 4817 1263 4870 πολλῶν
1314 4819 1463 4888 ἡμᾶς
1492 4819 1602 4871 τῶν
1637 4820 1966 4889 εὐεργεσιῶν

390 4912 529 4974 οἵαις
582 4909 874 4980 ἀμείὸεσθε
915 4909 1122 4980 Ἰησοῦν
1170 4928 1290 4963 τινα
1355 4911 1579 4981 βασιλέα
1637 4912 1852 4976 ἑαυτοῖς
1909 4930 1966 4966 τε

390 5001 791 5070 ὲπιγράέοντες
854 4999 948 5052 καὶ
1002 5002 1110 5063 τοῖς
1159 5001 1338 5064 ἄλλοις
1394 5001 1824 5072 ἐπιφημίζοντες
1871 5001 1968 5055 καὶ

387 5093 514 5155 τοῦς
546 5090 824 5160 ἡγεμόνας
853 5091 949 5160 τῆς
982 5093 1174 5161 καινῆς
1199 5092 1405 5162 ταύτης
1443 5093 1740 5164 Θρησκείας
1771 5095 1970 5164 ἐπιμε-

385 5181 493 5245 λῶς
534 5184 892 5252 κρύπτοντες,
932 5186 1186 5253 προνοίας
1225 5203 1284 5240 τε
1333 5185 1512 5256 πάσης
1554 5185 1832 5253 ἀξιοῦντες
1873 5187 1969 5239 καὶ

388 5275 837 5344 περιθάλπυντες,
872 5273 965 5338 οῦς
1002 5276 1224 5342 ἐξώλεις
1269 5276 1379 5348 ἐγὼ
1406 5277 1596 5332 θέσθαι
1629 5278 1724 5332 καὶ
1763 5278 1970 5333 ἀνωνύ-

389 5383 520 5436 μους
546 5366 604 5417 τὸ
633 5365 919 5419 κάλλιστόν
968 5384 1027 5420 τε
1081 5368 1178 5421 καὶ
1219 5370 1432 5440 πρῶτον
1479 5370 1587 5424 τῶν
1637 5372 1786 5442 ὲμῶν
1829 5367 1970 5426 εἶναι

383 5458 660 5529 τροπαίων
712 5460 1067 5532 ἐλογισάμην.
1133 5462 1204 5515 Ἥ
1259 5465 1318 5516 οὐ
1374 5463 1549 5518 ταῦτα
1596 5465 1792 5536 ἀληθῆ,
1841 5466 1967 5539 ἢοῦ

384 5551 606 5613 πάντως
639 5548 809 5615 οὕτως
836 5553 949 5622 ἔχει
974 5557 1067 5606 καὶ
1094 5554 1187 5606 τοῦ
1213 5553 1370 5621 λόγου
1408 5555 1608 5623 μᾶλλον
1643 5559 1751 5620 τοῖς
1789 5558 1970 5628 πράγ-

387 5659 584 5713 μασιν;
612 5643 677 5696 0i.
701 5642 758 5695 δὲ
779 5646 938 5706 κυνὸς
963 5645 1152 5716 ὥσπερ
1182 5644 1538 5710 ὑλακτοῦντος
1566 5648 1697 5717 μηδὲ
1731 5651 1967 5721 μετρίως

456 5823 477 5854 ⁸
521 5819 666 5876 Psal.
704 5836 807 5882 Lvt.
841 5820 896 5875 5.

725 5916 995 5974 ίἈτιιοι..
1057 5915 1170 5976 Gn.
1219 5913 1420 5976 CXVI.

2064 4637 2302 4708 sceptris
2322 4635 2563 4707 praefecti
2595 4633 2984 4705 imperatoriis,
3005 4643 3116 4688 tam
3169 4634 3295 4689 mali
3335 4632 3668 4701 deprehensi

2074 4729 2206 4786 estis
2250 4730 2303 4782 in
2351 4725 2761 4782 benefactorem
2790 4741 2804 4777 :
2838 4723 2931 4794 qui
2981 4741 3082 4794 pro
3120 4725 3313 4781 multis
3359 4724 3566 4778 nostris
3610 4721 3667 4775 in

2071 4837 2168 4876 vos
2190 4818 2477 4876 beneﬁciis
2498 4819 2713 4890 qualem
2739 4817 2958 4872 refertis
2978 4817 3230 4888 gratiam,
3251 4816 3436 4872 Jesuui
3473 4829 3666 4886 quem-

2075 4915 2202 4970 dam
2231 4914 2387 4968 vobis
2417 4921 2473 4968 et
2517 4912 2642 4966 aliis
2687 4926 2873 4982 regem
2922 4910 3199 4965 ascribere
3237 4908 3576 4971 dictitantes,
3607 4916 3664 4961 et

2076 5022 2232 5062 nova:
2261 5005 2429 5076 hujus
2461 5004 2747 5075 religionis
2776 5004 2946 5058 duces
2977 5002 3170 5060 sedulo
3199 5001 3461 5064 celantes,
3489 5011 3546 5054 et
3579 5000 3662 5053 eis

2061 5101 2225 5176 omni
2272 5099 2462 5154 studio
2513 5097 2899 5170 providentes,
2950 5111 3157 5165 eosque
3212 5093 3483 5157 foventes,
3518 5106 3662 5162 quos

2075 5193 2328 5251 funditus
2356 5191 2607 5253 interire,
2646 5200 2703 5245 et
2737 5205 2804 5244 ne
2841 5203 3047 5242 nomen
3089 5185 3312 5255 quidem
3345 5199 3538 5240 eorum
3572 5199 3663 5237 re-

2076 5301 2324 5352 manere,
2372 5283 2625 5355 reputavi
2666 5297 2787 5338 esse
2837 5277 3276 5350 pulcherrimum
3312 5287 3368 5331 et
3407 5277 3659 5355 primum

2076 5392 2328 5434 meorum
2384 5353 2760 5444 tropaiorum?
2804 5370 2887 5426 An
2927 5385 3039 5424 non
3077 5369 3195 5424 haec
3236 5377 3366 5422 sunt
3407 5353 3570 5434 'vera,
3605 5375 3665 5422 et

2077 5483 2200 5539 quae
2241 5463 2401 5518 factis
2429 5461 2601 5532 magis
2627 5468 2957 5529 arguuntur,
3005 5473 3166 5528 quam
3202 5456 3421 5511 verbis?
3451 5455 3531 5512 llli
3561 5469 3664 5510 au-

2079 5568 2190 5614 tem
2219 5566 2481 5624 tanquam
2511 5558 2801 5606 latrantem
2827 5565 3019 5607 canem
3045 5565 3114 5605 ne
3141 5549 3410 5604 tantillum
3435 5546 3662 5620 quidem

2079 5655 2357 5709 curantes,
2384 5655 2565 5712 neque
2599 5640 2985 5698 existimantes
3027 5655 3148 5696 csse
3181 5649 3398 5710 tempus
3428 5651 3662 5709 respon—

3211 5908 3284 5968 3i
