4142 6380
513 385 647 451 1067

1660 373 2118 436 ADDENl)A.—-
2165 348 2625 435 DECEMBER.‘

3635 372 3773 436 1088

507 504 701 572 sionis,
730 506 1003 557 steterunt
1055 495 1300 551 silentes.
1343 490 1707 546 Maximianus
1758 504 1912 552 vero,
1952 502 2076 543 cum

2203 490 2647 560 ἐπιστρεφόμενοι
2710 488 2846 560 μηδὲ
2912 486 3018 561 μὴν
3074 488 3423 560 ἀποκρίσεως
3486 484 3631 543 εἶναι
3680 492 3776 544 τὸν

509 598 728 656 silentio
756 593 928 663 magis
946 598 1093 646 esset
1119 590 1239 659 ejus
1269 587 1517 641 irritatus
1540 585 1779 646 animus,
1809 582 1956 646 Non,
1989 596 2086 652 per

510 693 645 747 deos
681 688 1046 751 immortales,
1082 684 1286 752 inquit,
1337 695 1447 734 non
1492 677 1653 733 vobis
1702 692 1951 747 parcam,
1986 673 2082 732 sed

508 797 632 834 cum
669 792 830 834 omne
858 791 1031 847 genus
1060 773 1315 844 supplicii
1342 770 1500 827 vobis
1524 770 1784 836 intulere,
1809 779 1865 824 et
1892 780 2088 823 carnes

509 884 926 940 cunsumpsero,
955 877 1010 922 et
1058 882 1181 922 ossa
1216 865 1557 930 contritero,
1588 870 1645 918 et
1677 865 1800 934 igne
1834 861 2090 916 combus-

510 978 671 1026 sero,
704 961 1005 1031 relinquam
1055 959 1380 1028 insepultos,
1426 971 1456 1011 a
1505 954 1738 1011 canibus
1788 961 1845 1008 et
1894 952 2088 1007 avibus

511 1052 903 1118 comedendos,
936 1061 990 1107 et
1037 1066 1134 1106 vos
1177 1050 1325 1118 ipsos
1369 1045 1605 1117 puniens
1632 1059 1732 1116 pro
1762 1043 1996 1110 meritis,
2033 1051 2090 1097 et

508 1147 633 1203 aliis
660 1155 867 1202 metum
900 1143 1195 1209 incutiens,
1229 1155 1297 1196 ne
1337 1138 1465 1193 talia
1499 1135 1908 1207 aggrediantur.

583 1416 751 1475 XXV.
783 1417 895 1472 Nec
944 1417 1061 1471 haec
1093 1412 1314 1485 quidem
1359 1392 1567 1466 s'anctis
1600 1408 1856 1464 timorem
1892 1407 2093 1462 attule-

514 1522 665 1580 runt,
700 1511 798 1568 sed
841 1509 1027 1565 statim
1060 1516 1116 1562 et
1154 1504 1352 1561 solutis
1397 1506 1573 1571 zonis,
1602 1512 1657 1557 et
1709 1500 2090 1571 chlamydibus

512 1608 716 1668 exutis,
751 1606 971 1661 stabant
1000 1600 1176 1673 parati
1206 1599 1275 1654 ad
1300 1613 1525 1654 cursum
1551 1594 1823 1667 martyrii,
1849 1609 1960 1648 uno
1994 1607 2091 1647 ore

511 1711 567 1759 et
597 1701 784 1758 animo
833 1713 893 1755 se
938 1712 1060 1752 esse
1097 1692 1444 1750 Christianos
1465 1701 1519 1745 et
1542 1689 1750 1745 Christi
1775 1702 1964 1744 servos
1995 1703 2091 1741 au-

513 1795 706 1850 dacter
734 1790 1103 1846 nominantes.
1136 1784 1345 1841 Deinde
1389 1784 1557 1839 etiam
1586 1780 1916 1837 Maximiano
1938 1797 1959 1833 εν
1981 1779 2092 1833 Νο-

2186 582 2384 650 ’καιρὸν
2444 582 2774 653 ἡγούμενοι,
2829 581 3145 645 σιωπῶντες
3194 582 3543 652 εἱστήκεσαν.
3609 579 3668 636 ’0
3714 583 3773 636 δὲ

2193 676 2539 746 Μαξιμιανὸς
2592 676 2686 729 καὶ
2743 675 2824 729 ἔτι
2886 675 2986 743 τὴν
3039 675 3250 745 σιωπὴν
3310 675 3623 745 παράθηξιν
3676 675 3773 729 τοῦ

2195 769 2370 839 θυμοῦ
2405 768 2650 839 θέμενος,
2693 770 2765 821 Οὐ
2801 768 2876 837 μὰ
2914 767 3039 831 τοὺς
3082 766 3409 829 ἀθανάτους,
3439 766 3565 835 ἔφη,
3595 766 3772 830 θεοὺς.

2194 863 2256 916 οὐ
2290 862 2460 931 φειδοῖ
2495 861 2772 933 χρήσομαι
2800 858 2922 914 καθ’
2968 858 3145 928 ὑμῶν,
3183 857 3319 912 ἀλλὰ
3371 859 3479 910 πᾶν
3509 854 3650 920 εἶδος
3684 875 3778 911 κο-

2195 952 2501 1024 λαστηρίων
2522 950 2816 1019 ἐπαγαγὼν
2842 950 3052 1020 σάρκας
3084 967 3140 1004 τε
3172 951 3490 1020 δαπανήσας
3516 951 3611 1003 καὶ
3638 950 3778 1003 ὀστᾶ

2198 1044 2494 1118 συντρίᾲας
2518 1046 2611 1098 καὶ
2642 1044 2776 1113 πυρὶ⁵
2808 1042 3006 1112 φλέξας
3032 1044 3275 1113 ἀτάφους
3298 1044 3425 1096 κυσὶ
3448 1043 3542 1095 καὶ
3567 1043 3772 1114 ὀρνέοις

2195 1134 2422 1190 ἐκδώσω
2475 1135 2661 1205 βορὰν,
2695 1133 2893 1196 αὐτούς
2923 1151 2981 1187 τε
3016 1134 3163 1204 ὑμᾶς
3204 1134 3372 1200 agam
3401 1133 3646 1199 κολάζων
3679 1136 3775 1187 καὶ

2194 1232 2306 1294 τοῖς
2342 1228 2522 1293 ἄλλοις
2552 1228 2718 1293 φόϐον
2752 1227 3039 1299 ἐμϐάλλων
3076 1227 3173 1281 τοῦ
3217 1227 3291 1298 μή
3325 1229 3437 1291 τοῖς
3479 1226 3613 1291 ῐσοις
3657 1228 3779 1280 ἑπι-

2196 1323 2420 1395 χειρεῖν.

2270 1413 2399 1469 κε’.
2435 1414 2569 1469 Οὐδὲ
2592 1414 2763 1469 ταῦτα
2790 1415 2903 1479 τοῖς
2926 1413 3101 1481 ἁγίοις
3134 1414 3217 1476 εἰς
3245 1411 3440 1482 φόϐον·
3470 1410 3586 1465 ἀλλ’
3609 1410 3774 1476 εὐθὺς

2199 1509 2291 1562 καὶ
2313 1507 2490 1572 ξὼνας
2519 1506 2778 1571 λύσαντες
2809 1510 2902 1560 καὶ
2927 1505 3180 1578 χλανίδας
3201 1505 3601 1576 ἀποδυσάμενοι
3636 1507 3773 1575 πρὸς

2197 1600 2289 1654 τὸν
2319 1600 2413 1653 τοῦ
2455 1599 2760 1671 μαρτυρίου
2795 1600 2993 1670 δρόμον
3044 1597 3281 1666 ἔστησαν
3335 1597 3641 1670 εὐτρεπεῖς,
3671 1597 3775 1666 μιᾷ

2196 1696 2294 1750 καὶ
2314 1694 2456 1766 ψυχῇ
2497 1695 2588 1749 καὶ
2612 1693 2827 1765 γλώττῃ
2864 1693 3222 1765 Χριστιανοὺς
3261 1693 3486 1755 ἑαυτοὺς
3510 1693 3605 1745 καὶ
3635 1692 3772 1762 Χρι-

2202 1784 2327 1840 στοῦ
2356 1784 2579 1849 δούλους
2606 1783 2890 1856 εὐθαρσῶς
2927 1781 3308 1854 ὀνομάζοντες.
3350 1780 3481 1837 Εἶτα
3513 1782 3607 1835 καὶ
3638 1781 3776 1853 πρὸς

513 1885 621 1951 bis,
660 1899 694 1938 o
728 1893 979 1954 tyranne,
1014 1882 1292 1945 dixerunt,
1328 1880 1569 1933 honores
1598 1875 1699 1941 tui,
1730 1882 1785 1929 et
1819 1887 1970 1927 vanae
2015 1872 2096 1925 lu:

2203 1876 2291 1931 τὸν
2358 1875 2728 1948 Μαξιμιανδν,
2789 1875 2974 1946 Ἡμῖν,
3027 1868 3073 1929 ὦ
3123 1874 3378 1945 τύραννε,
3443 1871 3616 1941 εἶπον,
3674 1875 3772 1942 τῆς

514 1977 816 2049 dignitates
849 1990 917 2030 ne
949 1974 1228 2029 tantillum
1263 1970 1486 2043 quidem
1528 1983 1771 2039 unquam
1800 1981 1948 2022 cura:
1981 1964 2098 2020 fue-

2203 1966 2352 2039 παρὰ
2395 1966 2488 2020 σοῦ
2512 1966 2691 2036 μτιμῆς
2736 1967 2828 2019 καὶ
2862 1965 2971 2018 τῶν
3019 1963 3262 2034 ματαίων
3291 1964 3496 2019 τούτων
3531 1964 3776 2036 ἀξιωμά-

515 2081 670 2126 runt—.
703 2069 842 2137 Quid
874 2068 1021 2124 enim
1050 2082 1190 2137 opus
1213 2065 1384 2120 fuerit
1412 2063 1503 2118 tali
1534 2062 1765 2126 honore,
1798 2059 1893 2130 qui
1924 2073 1954 2112 a
1984 2057 2098 2112 Deo

2203 2077 2307 2113 των
2357 2058 2512 2112 οὐδὲν
2561 2056 2830 2128 ἐμέλησεν
2877 2055 3133 2111 οὐδέποτε
3183 2057 3276 2111 καὶ
3333 2056 3530 2128 βραχύ.
3570 2057 3637 2109 Τί
3665 2057 3778 2126 γάρ

516 2164 861 2235 disjungens,
911 2167 997 2214 est
1047 2158 1373 2212 redacturus
1417 2154 1471 2209 in
1513 2153 1839 2208 servitutem
1895 2149 2099 2204 daemo-

516 2258 690 2310 num?
718 2253 858 2308 Sunt
888 2251 1035 2305 enim
1072 2249 1204 2304 talia
1238 2259 1420 2304 vestra
1450 2246 1754 2315 impiorum
1778 2243 1944 2304 dona,
1976 2254 2098 2311 qua:

517 2347 815 2418 fugientes,
842 2353 1054 2400 tantum
1109 2342 1269 2395 abest
1311 2347 1367 2393 ut
1417 2343 1835 2409 persequentes,
1860 2348 1971 2388 non
2009 2346 2099 2386 so-

519 2442 636 2496 lum
670 2438 738 2493 iis
764 2437 861 2492 tibi
890 2435 1161 2499 cedimus,
1187 2434 1281 2488 sed
1308 2432 1470 2486 etiam
1503 2430 1620 2501 ipso
1641 2442 1871 2497 corpore
1891 2434 1946 2480 et
1964 2419 2097 2478 vita.

518 2533 656 2588 Cum
687 2529 723 2583 ii
754 2529 830 2583 ita
863 2532 1049 2583 essent
1077 2522 1275 2595 parati,
1298 2530 1354 2577 et
1386 2521 1524 2575 tales
1555 2526 1741 2574 essent
1765 2529 1957 2571 eorum
1990 2511 2102 2581 spi-

521 2623 683 2687 ritus,
714 2619 881 2691 jussit
921 2618 1309 2680 Maximianus,
1347 2622 1405 2668 ut
1449 2610 1695 2667 extensis
1732 2608 1897 2664 simul
1929 2605 2105 2661 mani-

522 2715 627 2770 bus
663 2724 719 2770 et
766 2711 1022 2784 pedibus,
1057 2708 1383 2765 crudelibus
1436 2705 1602 2760 boum
1649 2701 1833 2756 nervis
1888 2698 2102 2753 fortiter

521 2807 974 2864 verberarentur.
1024 2803 1090 2857 Et
1148 2801 1334 2858 statim
1377 2813 1473 2855 sex
1508 2805 1960 2865 unumquemque
1995 2791 2104 2846 cir-

522 2897 916 2956 cumsistentes
934 2896 1177 2961 lictores,
1193 2907 1388 2962 magna
1410 2900 1565 2962 parte
1587 2889 1695 2944 diei
1717 2902 1812 2942 eos
1833 2893 2102 2956 perpetuo

522 2988 915 3053 verberabant,
942 2987 1094 3041 nulla
1117 2983 1368 3040 scelerati
1397 2981 1534 3036 moti
1557 2978 1868 3035 communis
1892 2982 2105 3030 natura:

522 3082 929 3145 misericordia,
979 3077 1147 3149 idque
1195 3091 1320 3132 cum
1369 3073 1627 3130 viderent
1655 3078 1864 3126 terram
1909 3081 2102 3122 eorum

2198 2151 2391 2219 δεήσαι
2422 2150 2678 2219 τοιαύτης
2701 2153 2863 2221 τιμῆς
2885 2191 2900 2215 ,
2932 2149 2968 2222 ἢ
2999 2167 3063 2221 γε
3111 2148 3295 2220 μέλλοι
3338 2149 3474 2203 Θεοῦ
3517 2149 3779 2204 διιστῶσα

2199 2243 2423 2299 δουλοῦν
2451 2243 2674 2314 δαίμοσι
2698 2258 2712 2309 ;
2748 2240 2991 2295 Τοιαῦτα
3022 2242 3130 2311 γάρ
3158 2241 3265 2295 τῶν
3292 2239 3506 2294 ἀσεϐῶν
3530 2240 3684 2311 ὑμῶν
3707 2240 3778 2293 τά

2201 2337 2543 2408 χαρίσματα,
2587 2334 2623 2390 ἃ
2669 2334 2733 2407 δὴ
2778 2336 2869 2388 καὶ
2901 2333 3196 2404 φεύγοντες
3226 2333 3449 2403 μᾶλλον,
3498 2334 3618 2404 οὐχὶ
3649 2332 3779 2387 διῶ-

2202 2447 2411 2494 κοντες,
2454 2429 2514 2483 οὐ
2554 2429 2714 2500 μόνον
2738 2445 2819 2482 σοι
2849 2425 3077 2490 τούτων,
3112 2426 3249 2480 ἀλλὰ
3280 2427 3374 2479 καὶ
3415 2425 3575 2478 αὐτοῦ
3611 2441 3677 2493 γε
3712 2423 3780 2495 δὴ

2205 2521 2456 2590 σώματος
2490 2518 2705 2589 καὶτῆς
2736 2517 2880 2588 ζωῆς
2910 2516 3266 2588 ἑξιστάμεθα.
3303 2514 3455 2570 Ἐπεὶ
3479 2515 3653 2575 ταῦτα
3682 2517 3782 2569 καὶ

2201 2612 2377 2676 οὕτως
2415 2605 2561 2682 εἶχον
2612 2610 2972 2680 παρασκευῆς
3020 2611 3113 2661 καὶ
3154 2610 3520 2680 φρονήματος,
3560 2608 3779 2660 ἐκέλευε

2203 2703 2548 2773 Μαξιμιανὸς
2610 2704 2799 2773 χεῖρας
2858 2700 2995 2769 ὁμοῦ
3053 2701 3146 2754 καὶ
3196 2700 3363 2763 πόδας
3425 2699 3779 2761 διαταθέντας

2206 2796 2520 2867 βουνεύροις
2575 2794 2746 2865 ὠμοῖς
2790 2793 3024 2866 ἰσχυρῶς
3069 2792 3387 2848 τύπτεσθαι.
3424 2793 3533 2847 Καὶ
3583 2792 3784 2846 αὐτίκα

2203 2888 2263 2955 ἓξ
2290 2889 2377 2958 ἐφ’
2407 2889 2489 2941 ἑνὶ
2530 2887 2745 2956 ἑκάστῳ
2776 2885 2960 2957 δήμιοι
3021 2885 3383 2957 περιστάντες
3414 2884 3541 2955 άχρι
3588 2883 3787 2955 πόρρω

2201 2985 2303 3053 τῆς
2339 2980 2558 3053 ήμέρας
2584 2980 2781 3043 αὐτοὺς
2809 2980 3062 3043 ἔτυπτον,
3096 2977 3285 3032 οὐδένα
3311 2971 3491 3030 οἵκτον
3513 2976 3561 3030 οι
3594 2976 3785 3047 μιαροὶ

2203 3075 2304 3145 τῆς
2326 3074 2511 3145 κοινῆς
2538 3072 2907 3142 λαμϐάνοντες
2935 3072 3172 3142 φύσεως,
3215 3071 3309 3124 καὶ
3343 3070 3517 3125 ταῦτα
3547 3070 3647 3139 τὴν
3676 3072 3786 3140 γῆν

527 3178 794 3250 sanguine
820 3176 1071 3231 effectam
1101 3184 1459 3244 purpuream.
1491 3166 1753 3237 Martyres
1777 3171 1962 3217 autem
1988 3158 2102 3214 haec

2205 3167 2441 3238 δρῶντες
2463 3166 2542 3238 τῷ
2576 3166 2801 3219 ἐκείνων
2834 3165 3028 3236 αἵματι
3064 3165 3200 3236 πρὸς
3240 3164 3401 3235 βάθος
3433 3162 3787 3234 φοινισσομὲ-

527 3227 792 3250 ~—--s—----~
825 3227 1067 3231 --ν-κηη
1101 3227 1117 3244 .
1210 3227 1224 3241 .
1631 3227 1647 3237 .

525 3272 748 3342 quidem
789 3266 1043 3324 ferebant
1080 3265 1321 3329 fortiter,
1348 3275 1418 3315 ne
1463 3272 1653 3313 vocem
1685 3255 1908 3327 quidem
1942 3253 2102 3308 emit-

2207 3227 2328 3331 νί,ν.
2369 3227 2434 3313 Ol
2478 3227 2533 3313 δὲ
2587 3259 2863 3331 μάρτυρες
2898 3227 3252 3329 ’ταῦτα’μεν
3288 3227 3480 3327 ἔφερον
3520 3227 3785 3327 γενναίως

529 3376 748 3423 tentes:
782 3363 1018 3420 internis
1061 3377 1191 3417 vero
1238 3356 1409 3414 animi
1455 3354 1698 3410 motibus
1726 3350 2102 3423 glorificabant

2211 3351 2343 3423 μηδὲ
2370 3349 2615 3422 φθογγὴν
2647 3351 2901 3420 ἀφιέντες
2921 3366 2939 3383 ο
2970 3351 3081 3413 τοῖς
3120 3350 3267 3403 ἔνδον
3296 3349 3353 3403 δὲ
3395 3349 3658 3420 κινήμασι
3683 3350 3786 3417 τῆς

525 3473 676 3522 eum,
696 3465 920 3526 propter
945 3467 1108 3522 quem
1140 3451 1255 3504 haac
1291 3445 1658 3504 sustinebant.
1694 3439 1928 3512 Flagella
1957 3437 2107 3493 exci-

526 3551 714 3622 piebat
761 3563 974 3614 carcer,
998 3560 1123 3600 cum
1158 3550 1344 3598 essent
1373 3555 1565 3596 eorum
1597 3536 1739 3591 colla
1769 3535 1953 3588 vincta
1995 3532 2107 3588 col-

450 3671 457 3677 -
529 3643 759 3705 laribus,
780 3654 974 3696 manus
993 3648 1179 3694 autem
1202 3635 1434 3701 catenis,
1459 3641 1514 3689 et
1536 3633 1702 3703 pedes
1723 3626 2103 3699 compedibus.

527 3737 891 3794 Maximianus
924 3749 1054 3790 vero
1104 3745 1363 3803 tanquam
1399 3740 1634 3791 torrens,
1668 3725 1762 3796 qui
1807 3723 1981 3779 fertur
2006 3736 2107 3792 per

527 3840 761 3902 segetes,
788 3846 888 3901 per
929 3842 1121 3884 omnes
1173 3826 1438 3894 deinceps
1486 3820 1606 3892 pios
1653 3817 2011 3890 pervadebat.
2038 3816 2108 3871 Et

527 3923 597 3979 ad
631 3923 746 3979 haec
775 3921 999 3995 quidem
1042 3918 1381 3991 jubebantur
1445 3915 1716 3968 inservire
1758 3908 2021 3980 praasides
2043 3921 2107 3962 ac

426 4053 441 4068 .
528 4015 794 4088 ριωΐεριί.
842 4014 935 4083 qui
983 4021 1143 4069 erant
1185 4009 1470 4080 impietate
1517 4004 1730 4060 eximii.
1776 4001 2107 4070 Quicunque

492 4095 711 4165 °aute.n
744 4108 865 4178 ejus
912 4105 1180 4176 parebant
1227 4101 1480 4174 imperio,
1512 4098 1606 4171 qui
1658 4096 1939 4151 Christum
1984 4107 2107 4149 esse

498 4188 702 4257 ‘Deum
749 4199 1178 4262 confitebantur,
1210 4181 1518 4249 tortoribus
1549 4189 1715 4247 simul
1749 4186 2107 4243 tradebantur

527 4304 582 4349 et
609 4292 778 4350 variis
802 4290 1092 4347 tormentis
1120 4288 1474 4344 laniabantur
1498 4281 1906 4338 miserabiliter.
1931 4276 2000 4332 Et
2025 4276 2106 4331 sic

527 4386 752 4458 quidem
783 4384 1032 4455 quotidie
1063 4382 1136 4447 ei,
1176 4382 1268 4451 qui
1303 4379 1543 4450 seipsum
1577 4389 1677 4445 pro
1712 4371 1875 4429 nobis
1900 4368 2107 4426 sacriﬁ-

528 4477 696 4541 cavit,
727 4476 1013 4531 rationalia
1044 4472 1426 4530 offerebantur
1455 4466 1747 4533 sacrificia,
1778 4465 1870 4538 pio
1901 4472 2107 4534 marty-

530 4569 611 4623 rio
639 4569 832 4624 cfl'ecta
866 4565 1266 4622 holocaustum.

599 4661 791 4718 XXVI.
862 4646 1163 4730 Oportebat
1230 4667 1415 4712 autem
1480 4654 1746 4708 festorum
1805 4649 2103 4705 maximum

528 4756 730 4811 Christi
783 4751 1070 4816 Natalem,
1124 4750 1174 4805 ei
1232 4750 1326 4820 qui
1387 4746 1750 4806 nascebatur,
1796 4741 2106 4812 cepiosiora

529 4850 733 4905 oﬂ'erre
766 4845 1054 4903 sacrificia.
1081 4842 1215 4897 Nam
1267 4849 1425 4897 ortus
1474 4838 1697 4909 quidem
1742 4833 1949 4892 Christi
1989 4833 2108 4889 dies

529 4940 703 4996 festus
735 4938 1024 5008 agebatur:
1047 4931 1314 5005 quidquid
1347 4940 1529 4985 autem
1567 4936 1648 4984 est
1674 4927 1843 4997 pium,
1874 4941 2107 4996 congre-

530 5033 762 5103 gabatur
790 5028 856 5084 azl
886 5026 1362 5099 glorificationem.
1396 5020 1618 5077 Profani
1644 5035 1774 5074 vero
1794 5017 2107 5072 Maximiani

530 5123 748 5194 profani
799 5118 1036 5175 ministri
1087 5117 1460 5172 accedentes:
1492 5112 1785 5180 Quoniam,
1831 5110 2106 5179 inquiunt,

529 5233 563 5269 ο
593 5216 916 5286 imperator,
957 5207 1432 5266 liodie.fcstorum
1487 5222 1611 5277 qua:
1656 5212 1897 5269 norunt,
1932 5202 2107 5256 maxi—

529 5323 681 5362 mum
747 5306 1031 5361 celebrant
1078 5300 1406 5368 Christiani,
1436 5307 1496 5355 ut
1556 5299 1651 5370 qui
1712 5298 1875 5354 hodie
1936 5297 2109 5353 Deum

528 5416 692 5456 suum
727 5406 919 5453 natum
949 5413 1070 5452 eSse
1100 5395 1436 5460 fabulentur,
1464 5403 1519 5450 et
1549 5393 1915 5465 celeberrimo
1942 5392 2111 5445 totius

529 5491 719 5564 populi
748 5506 1022 5548 concursu
1057 5488 1123 5543 ad
1162 5489 1364 5544 festum
1418 5485 1783 5546 conveniunt.
1805 5499 1905 5554 age
1944 5496 2013 5537 ne
2043 5496 2110 5535 ex

508 5587 713 5657 ,tnedia
763 5599 963 5655 sagona
1009 5598 1110 5639 nos
1160 5582 1340 5653 praeda
1390 5580 1633 5653 effugiat.
1680 5578 1788 5635 Sed
1841 5576 2112 5632 militibus

531 5679 754 5748 quidem
811 5685 1261 5747 praeoccupeutur
1306 5674 1493 5744 templi
1541 5673 1752 5737 aditus;
1793 5677 1899 5725 stet
1928 5679 2110 5723 autem

533 5785 627 5823 ara
682 5779 809 5824 ante
855 5778 1073 5836 portas;
1121 5766 1446 5823 accedentes
1492 5780 1625 5820 vero
1675 5777 1957 5834 praecones
2023 5762 2112 5832 ju-

527 5859 701 5915 beant
750 5858 972 5926 quidem
1025 5871 1219 5914 omnes
1267 5872 1297 5913 e
1357 5856 1559 5927 templo
1606 5855 1815 5926 egredi,
1865 5864 1921 5911 et
1976 5852 2110 5910 nihil

2206 3442 2388 3515 ψυχῆς
2423 3443 2516 3498 τὸν
2546 3442 2616 3498 δι’
2655 3442 2715 3498 ὃν
2753 3443 2928 3497 ταῦτα
2969 3443 3242 3514 ὑπέμενον
3273 3441 3592 3507 δοξάζοντες
3619 3436 3781 3512 ἦσαν.

2204 3536 2425 3609 Φρουρά
2473 3539 2572 3600 τὰς
2621 3535 2897 3606 μάστιγας
2948 3537 3219 3607 διεδέχετο
3256 3534 3456 3598 κλοιοῖς
3506 3535 3609 3604 μὲν
3655 3533 3787 3595 τοὺς

2207 3628 2536 3699 τραχήλους,
2580 3628 2806 3683 ἁλύσεσι
2845 3629 2903 3682 δὲ
2952 3627 3052 3691 τὰς
3092 3629 3280 3700 χεῖρας
3321 3611 3414 3681 καὶ
3450 3626 3581 3689 τοὺς
3617 3624 3788 3687 πόδας

2211 3718 2352 3790 ξύλῳ
2378 3718 2743 3783 διαδεθέντας.
2787 3716 3125 3789 Μαξιμιανὸς
3162 3719 3217 3771 δὲ
3253 3715 3505 3785 καθάπερ
3549 3713 3785 3785 χειμάρο

2211 3814 2339 3883 ρους
2371 3812 2511 3865 κατὰ
2555 3811 2725 3883 ληῖων
2768 3812 3067 3881 φερόμενος
3100 3808 3201 3881 ήδη
3240 3807 3384 3862 κατὰ
3422 3808 3640 3861 πάντων
3675 3805 3786 3858 λοι.

2208 3907 2310 3959 πὸν
2329 3905 2437 3959 τῶν
2466 3904 2836 3960 εὐσεϐούντων
2858 3902 3076 3975 ιχὼρει.
3098 3903 3208 3957 Καὶ
3232 3901 3493 3973 ἄρχοντες
3527 3901 3627 3970 μὲν
3648 3899 3784 3970 πρὸς

2206 3998 2384 4052 ταῦτα
2419 3997 2713 4069 ὑπηρετεῖν
2745 3995 3059 4050 ἐκελεύοντο
3087 3994 3142 4048 οῖ
3166 4011 3230 4063 γε
3259 3992 3653 4066 διαφορώτατοι
3685 3992 3784 4063 τὴν

2208 4090 2488 4155 ἀσέϐειαν,
2516 4091 2626 4143 πᾶν
2655 4090 2711 4144 δὲ
2734 4089 2794 4143 τὸ
2827 4090 3126 4161 ἀρχόμενον
3152 4087 3180 4142 δ
3199 4086 3333 4141 Θεὸν
3365 4081 3506 4140 εἶναι
3531 4087 3624 4139 τὸν
3646 4084 3785 4157 Χρι·

2210 4183 2334 4239 στὸν
2358 4182 2654 4253 ὡμολόγει,
2687 4184 2800 4247 τοῖς
2837 4182 3128 4246 κολασταῖς
3170 4197 3228 4235 τε
3259 4179 3398 4251 ὁμοῦ
3443 4179 3781 4252 παρεδίδοτο,

2207 4277 2301 4331 καὶ
2354 4276 2577 4340 πολλαῖς
2625 4276 2880 4347 βασάνοις
2917 4275 3175 4339 ἐλεεινῶς·
3227 4272 3620 4330 κατεκόπτετο.
3671 4272 3784 4327 Καὶ

2206 4370 2351 4426 οὕτω
2398 4370 2497 4440 μὲν
2551 4368 2898 4439 καθεκάστην
2944 4368 3023 4439 τῷ
3068 4368 3207 4439 ὑπὲρ
3240 4367 3401 4439 ἡμῶν
3439 4366 3636 4422 ἑαυτὸν
3693 4367 3787 4420 θύ-

2209 4481 2363 4518 σαντι
2404 4462 2623 4533 θύματα
2675 4462 2870 4530 λογικὰ.
2921 4461 3261 4533 προσήγοντο
3308 4460 3388 4530 τῷ
3457 4460 3785 4531 μαρτυρικῷ

2136 4588 2183 4645 D
2209 4556 2470 4626 φιλοθέως
2501 4552 2959 4626 δλοκαυτούμενα.

2283 4650 2430 4717 κςν.
2460 4647 2610 4703 Ἔδει
2641 4648 2697 4701 δὲ
2728 4648 2834 4719 ἄρα
2861 4648 2956 4701 καὶ
2994 4648 3094 4718 τὴν
3138 4645 3404 4718 μεγίστην
3442 4650 3553 4702 τῶν
3582 4648 3788 4719 ἑορτῶν

2207 4744 2307 4815 τὴν
2333 4741 2568 4813 Χριστοῦ
2593 4741 2785 4809 γένναν
2809 4738 3163 4810 ἀφθονώτερα
3184 4739 3259 4809 τῷ
3287 4740 3593 4811 τικτομένῳ
3622 4757 3790 4810 προσ-

2209 4838 2453 4905 ενεγκεῖν
2483 4834 2722 4903 θύματα.
2760 4835 2964 4902 Ἤγετο
3000 4832 3098 4905 μὲν
3126 4833 3235 4903 γὰρ
3280 4834 3313 4904 ή
3346 4832 3456 4887 τῶν
3492 4832 3788 4901 γενεθλίων

2211 4930 2351 4996 αῦτη
2387 4929 2482 4982 τοῦ
2518 4925 2758 4998 Χριστοῦ
2800 4927 2986 4998 ἑορτὴ,
3035 4928 3141 4980 πᾶν
3181 4926 3239 4980 δὲ
3289 4926 3413 4980 ὅσον
3447 4926 3671 4989 εὐσεϐὲς
3709 4929 3792 4988 εἷς

2211 5022 2523 5091 δοξολογίαν
2556 5019 2867 5093 ἠθροίζετο.
2891 5020 2954 5075 Οἱ
2986 5021 3043 5074 δὲ
3073 5024 3199 5076 ὅσον
3227 5019 3320 5075 τοῦ
3355 5020 3584 5092 βεϐήλου
3610 5019 3794 5086 Μάξι-

2215 5115 2410 5188 μιανοῦ
2447 5115 2784 5187 θεραπευταὶ
2826 5113 3046 5186 βέϐηλοι
3096 5115 3509 5188 προσελθόντες,
3543 5114 3791 5183 Ἐπειδὴ,

2213 5208 2399 5278 φασὶν,
2430 5206 2475 5261 ὦ
2508 5205 2754 5279 βασιλεῦ,
2793 5207 2937 5261 κατὰ
2986 5207 3144 5278 τήνδε
3193 5206 3290 5276 τὴν
3322 5205 3535 5277 ἡμέραν
3582 5204 3793 5276 ἑορτῶν

2210 5295 2288 5354 ὧν
2319 5299 2496 5353 οἴδασι
2524 5302 2625 5372 τήν
2654 5300 2928 5371 μεγίστην
2952 5298 3167 5355 τελοῦσι
3197 5300 3535 5370 Χριστιανοὶ,
3574 5294 3669 5351 ἅτε
3695 5297 3798 5351 καὶ

2210 5391 2301 5443 τὸν
2325 5391 2456 5443 Θεὸν
2485 5390 2665 5443 αὐτῶν
2700 5390 2961 5462 τεχθῆναι
3003 5391 3245 5461 σήμερον
3275 5388 3658 5460 μυθευόμενοι,
3698 5391 3797 5441 καὶ

2214 5481 2490 5552 πανδημεὶ
2527 5483 2728 5545 πάντες
2777 5484 2855 5548 εἰς
2916 5484 3015 5555 τὴν
3064 5482 3260 5557 ἑορτὴν
3311 5480 3792 5553 συναθροίζονται·

2213 5574 2314 5641 ἄγε
2342 5573 2406 5643 δὴ
2440 5573 2515 5643 μὴ
2556 5575 2618 5627 ἐκ
2653 5574 2825 5645 μέσης
2860 5576 3008 5645 ἡμᾶς
3040 5576 3139 5645 τῆς
3182 5572 3533 5644 σαγήνης-τὸ
3564 5570 3793 5645 θήραμα

2212 5664 2527 5734 διαδράσει·
2576 5666 2712 5720 ἀλλὰ
2749 5668 3116 5737 στρατιώταις
3151 5667 3250 5737 μὲν
3296 5667 3355 5721 αῖ
3385 5665 3478 5719 τοῦ
3514 5664 3647 5718 ναοῦ
3679 5665 3803 5719 εἷσ-

2164 5838 2177 5847 ῌ
2213 5761 2324 5815 οδοι
2350 5760 2995 5832 προκαταληφθήτωσαν,
3034 5760 3219 5832 βωμὸς
3250 5760 3309 5814 δὲ
3332 5760 3514 5830 στήτω
3548 5759 3657 5829 πρὸ
3684 5756 3802 5813 τῶν

2216 5853 2422 5923 πυλῶν,
2474 5856 2568 5910 καὶ
2622 5854 2864 5926 κήρυκες
2909 5855 3292 5926 παραστάντες
3333 5853 3805 5926 ὐποςωδείτωσαν
