4142 6380
401 405 540 470 ιοες)

1526 398 1702 461 VITA
1740 397 1842 457 SS.
1888 388 2076 457 INDE
2128 393 2223 453 ET
2258 392 2566 454 ΠΟΜΝίΕ.

3515 387 3655 446 10Ἷο

394 523 595 587 ἐξιέναι
631 518 732 588 μὲν
760 518 853 574 τοῦ
899 519 1032 574 ναοῦ
1068 519 1276 584 πάντας
1321 519 1414 575 καὶ
1464 518 1635 590 μηδὲν
1665 515 1972 586 ἀναδυομέ-

2088 519 2406 568 cunctantes
2431 525 2540 564 ara:
2561 505 2895 564 sacriﬁcare.
2919 504 3016 561 Sin
3046 511 3231 560 autem
3264 517 3373 557 non
3401 492 3653 591 pareant,

394 624 518 669 νους
566 604 644 676 τῷ
694 606 866 677 βωμῷ
899 606 1072 668 θύειν.
1112 608 1176 662 Et
1222 607 1278 661 δέ
1313 610 1389 681 μὴ
1434 610 1728 673 πείθοιντο,
1780 610 1873 663 σὺν
1918 606 1977 661 τὸ

395 699 536 769 μετά
583 698 760 752 ταῦτα
792 701 1019 770 καὶτῆς
1062 701 1161 771 σῆς
1203 702 1379 772 ἀρχῆς
1405 719 1465 755 τε
1498 701 1593 755 καὶ
1635 701 1804 771 σοφῆς
1849 701 1974 772 κρί-

395 809 555 871 σεως.
578 791 641 845 El
677 791 732 844 δὲ
759 793 854 846 καὶ.
889 791 1046 846 τοῦτο
1078 792 1259 861 λέγειν
1287 794 1607 865 ἐπιτρέπεις
1637 794 1792 866 ἡμῖν,
1816 810 1977 864 περι-

395 880 581 948 κύκλῳ
636 879 730 934 τὸν
778 882 905 935 ναδν
958 882 1009 934 οί
1064 882 1392 954 στρατιῶται
1448 883 1795 950 διαλαϐόντες
1846 884 2015 950 τοὺςο

395 972 645 1036 ἀπειθεῖς
681 973 886 1038 εὐθέως
923 974 1419 1045 διαφθειράτωσαν,
1469 975 1566 1029 καὶ
1611 975 1786 1040 οὕτως
1827 975 1978 1030 ἐκεί-

396 1082 517 1128 νους
551 1066 650 1135 μὲν
695 1068 758 1119 ἐκ
792 1066 960 1141 μέσου
1009 1069 1259 1135 ποιήσεις
1301 1066 1477 1139 λύπην
1521 1068 1682 1131 ὄντας
1729 1068 1860 1140 περὶ
1906 1069 1978 1124 τὰ

396 1158 737 1229 καιριώτατα
761 1158 871 1212 τῶν
905 1158 1015 1211 σῶν
1044 1159 1324 1229 ὑπηκόων,
1368 1161 1565 1214 σαυτὸν
1598 1160 1656 1213 δὲ
1693 1162 1975 1232 φροντίδος

398 1246 733 1313 ἀπαλλάξεις
761 1248 862 1321 τὴν
908 1248 1005 1320 σὴν
1052 1249 1342 1320 πιεζούσης
1391 1250 1569 1324 ψυχὴν
1612 1256 1675 1306 οὐ
1714 1254 1974 1324 μετρίως,

399 1338 588 1410 ὥσπερ
612 1342 720 1412 ἄρα
753 1342 850 1395 καὶ
884 1343 1016 1412 ἡμῖν
1040 1340 1336 1414 γνώριμον.
1374 1342 1543 1398 Οὔπω
1570 1346 1741 1416 πέρας
1761 1346 1789 1399 ό
1817 1346 1978 1415 λόγος

396 1433 694 1502 ἐλάμϐανε,
752 1434 851 1489 καὶ
912 1435 1199 1488 ὑπολαϐὼν
1252 1436 1636 1507 Μαξιμιανὸς,
1700 1440 1971 1509 Ὄμνυμι,

397 1526 527 1596 ἔφη,
560 1528 687 1591 τοὺς
718 1528 1014 1599 μεγίστους
1054 1530 1209 1591 θεοὺς
1257 1531 1322 1584 ἐκ
1362 1530 1560 1585 πολλοῦ
1599 1532 1697 1601 μὲν
1730 1531 1798 1586 τὰ
1821 1532 1976 1604 είρη-

400 1618 541 1687 μένα
576 1625 673 1674 καὶ
720 1619 881 1684 αὐτὸς
914 1621 1168 1692 στρέφειν
1210 1622 1291 1685 είς
1319 1622 1463 1690 νοῦν,
1497 1624 1597 1677 οὐκ
1630 1619 1751 1679 οῖδα
1795 1624 1842 1679 δ’
1865 1626 1894 1679 ὃ
1921 1642 1975 1679 τι

397 1709 588 1762 παθὼν
616 1710 694 1773 είς
752 1709 917 1781 ἔργον
962 1712 1063 1766 οὐκ
1113 1712 1328 1785 ἦνεγκα
1371 1715 1469 1784 τὴν
1500 1715 1770 1785 ἐπίνοιαν.
1814 1715 1976 1770 Ἀλλά

397 1801 559 1869 χάρις
610 1802 759 1870 ὑμῖν,
799 1797 843 1857 ὧ
878 1803 1011 1867 θεολ,
1062 1803 1180 1858 ἀνθ’
1224 1799 1299 1859 ὧν
1352 1806 1605 1875 ἐννοῆσαι
1640 1805 1734 1861 καὶ
1776 1806 1974 1870 αὐτοὺς

2079 604 2212 674 quid
2242 607 2314 660 sit
2342 602 2602 673 deinceps
2629 599 2926 671 agendum.
2957 606 3202 653 statuere
3263 595 3342 651 tui
3379 602 3463 651 est
3488 597 3661 665 impe-

2082 700 2150 755 rii
2190 708 2245 754 et
2268 698 2486 768 judicii.
2518 697 2672 766 Quod
2704 697 2749 752 si
2784 696 2889 751 hoc
2928 709 3149 764 quoque
3190 692 3350 749 nobis
3386 691 3660 762 permittis

2080 793 2290 857 dicere,
2318 790 2443 861 igne
2472 789 2736 859 templum
2784 786 3147 842 circumcirca
3188 782 3664 852 comprehenden-

2082 894 2170 941 tes
2191 884 2416 949 milites,
2451 882 2700 952 protinus
2721 878 2956 948 perdant
2985 893 3081 932 eos
3110 876 3203 947 qui
3233 892 3341 930 non
3372 874 3663 944 obtempe-

2083 986 2227 1032 rant.
2264 977 2331 1032 Et
2379 975 2458 1031 sic
2495 975 2616 1029 illos
2647 971 2870 1043 quidem
2909 970 2977 1025 de
3027 969 3211 1025 medio
3248 969 3428 1031 tolles,
3459 966 3553 1037 qui
3609 966 3662 1019 in

2080 1064 2250 1128 rebus
2273 1068 2567 1139 praecipuis
2590 1065 2894 1137 perniciem
2924 1062 3163 1118 all‘erunt
3192 1060 3300 1115 tuis
3324 1060 3577 1129 populis;
3611 1067 3665 1112 te

2079 1174 2264 1219 autem
2294 1160 2559 1218 liberabis
2584 1176 2612 1215 a
2638 1174 2794 1223 cura,
2819 1173 2942 1228 qua:
2987 1165 3142 1210 tuum
3174 1153 3418 1207 animum
3462 1150 3668 1221 premit

2076 1270 2190 1311 non
2220 1253 2596 1316 mediocriter,
2618 1251 2763 1306 sicut
2787 1265 2888 1305 nos
2908 1264 3018 1304 non
3049 1249 3380 1319 ignoramus.
3409 1244 3667 1300 Nondum

2078 1347 2245 1404 tinem
2293 1354 2582 1417 acceperat
2612 1346 2811 1408 oratio,
2838 1341 3121 1412 excipiens
3164 1349 3349 1395 autem
3383 1336 3668 1393 Maximia-

2078 1454 2188 1496 nus
2214 1456 2230 1494 :
2256 1437 2414 1504 Juro,
2442 1437 2642 1508 inquit,
2677 1437 2946 1490 maximos
2969 1433 3125 1498 deos,
3158 1446 3243 1485 me
3284 1430 3401 1484 haec
3425 1431 3537 1499 jam
3569 1429 3664 1482 diu

2076 1546 2331 1589 versasse
2362 1532 2417 1587 in
2445 1531 2654 1586 animo.
2681 1529 2879 1584 Nescio
2927 1542 3082 1589 vero,
3115 1524 3210 1594 qui
3258 1524 3462 1578 factum
3493 1523 3587 1587 sit,
3609 1530 3671 1576 ut

2077 1640 2141 1681 ea
2194 1640 2323 1696 quae
2373 1624 2698 1695 cogitaram,
2746 1620 2995 1676 nondum
3044 1618 3147 1674 sim
3201 1626 3517 1673 exsecutus.
3559 1614 3669 1671 Sed

2075 1713 2236 1770 vobis
2270 1728 2515 1785 magnas,
2551 1727 2585 1767 ο
2624 1712 2722 1774 dii,
2753 1727 2854 1782 ago
2888 1710 3113 1783 gratias,
3157 1708 3303 1780 quod
3343 1707 3665 1767 eﬂ‘eceritis.

2077 1816 2140 1862 ut
2162 1806 2250 1863 his
2278 1821 2501 1877 quoque
2552 1815 2863 1876 opportune
2890 1804 3102 1859 veniret
3139 1802 3192 1857 in
3228 1812 3491 1862 mentem,
3518 1799 3669 1872 quod

396 1895 677 1964 εὐκαίρως
706 1897 767 1949 τὸ
793 1896 1107 1951 λυσιτελοῦν
1137 1897 1457 1970 προέθεσθε.
1487 1900 1596 1954 Καὶ
1624 1900 1739 1971 ἃμα
1761 1900 1973 1954 κελεύει

2088 1904 2223 1959 esset
2255 1901 2629 1967 conducibile,
2660 1912 2717 1957 et
2744 1901 2907 1957 simul
2948 1899 3127 1972 jubet,
3154 1910 3216 1955 ut
3258 1898 3420 1967 primi
3448 1914 3515 1953 ex
3542 1911 3671 1968 pro-

396 1986 922 2061 τῶνπροτεκτόρων
953 1990 1081 2056 τοὺς
1112 1991 1363 2063 πρώτους
1402 1994 1546 2064 χειρί⁸
1573 1995 1783 2067 μεγάλῃ
1813 2013 1976 2067 στρα-

398 2079 608 2132 τιωτῶν
666 2080 769 2152 τὴν
802 2083 1105 2153 ἐκκλησίαν
1140 2084 1537 2156 περιλαϐόντας
1572 2087 1823 2158 φρύγανα
1878 2071 1976 2141 καὶ

400 2173 509 2224 πᾶν
534 2173 559 2224 ὅ
584 2189 635 2225 τι
665 2173 794 2226 ἀλλο
812 2172 1119 2246 εὔπρηστον
1146 2176 1280 2248 ὕλης
1302 2177 1488 2250 κύκλῳ
1513 2179 1978 2249 συμφορήσαντας

400 2259 496 2312 καὶ
524 2259 962 2331 παραθεμένους,
996 2263 1180 2334 βωμὸν
1213 2265 1412 2336 στῆσαι
1451 2269 1590 2340 πρὸς
1620 2272 1685 2340 τῇ
1719 2269 1813 2323 τοῦ
1844 2268 1977 2323 ναοῦ

401 2352 578 2423 πύλῃ·
630 2350 752 2408 εἶτα
799 2357 923 2419 τοὺς
975 2357 1221 2428 κήρυκας
1277 2360 1381 2414 ὑπὸ
1431 2360 1662 2434 λαμπρᾷ
1709 2364 1774 2433 τῇ
1825 2357 1976 2433 φωνῇ

322 2512 328 2517 θ
401 2445 700 2515 κηρύττειν
732 2447 935 2513 ἐξιέναι
978 2468 1038 2503 τε
1083 2453 1289 2516 πάντας
1324 2454 1416 2507 καὶ
1467 2455 1872 2526 προσέρχεσθαι
1905 2456 1982 2527 τῷ

403 2535 576 2609 βωμῷ
607 2538 906 2606 θύσοντας.
951 2543 1014 2598 Ei
1041 2544 1097 2600 δὲ
1141 2545 1236 2599 καὶ
1274 2546 1519 2610 ἀπειθῶς
1543 2547 1739 2618 ἔχοιεν,
1784 2549 1983 2602 αὐτίκα

401 2628 499 2689 τὰς
533 2628 704 2697 θύρας
739 2632 921 2696 αὐτοῖς
948 2634 1207 2701 ἀσφαλῶς
1235 2635 1657 2701 ἑπικλείσαντας
1689 2638 1785 2693 καὶ
1821 2639 1985 2693 ἀλλα-

403 2720 564 2791 χόθεν
600 2722 727 2777 ὅθεν
774 2725 842 2779 ἂν
873 2727 966 2780 καὶ
996 2728 1079 2799 εἴη
1111 2726 1291 2794 ἔξοδος
1333 2730 1817 2801 ἐπιφραξαμένους
1848 2734 1987 2802 ὑφά-

401 2811 502 2882 ψαι
531 2816 591 2868 τὸ
619 2816 751 2888 πῦρ,
782 2818 857 2882 ὡς
897 2820 964 2873 ἂν
998 2820 1141 2875 οὕτω
1174 2822 1373 2886 πάντες
1403 2824 1583 2877 αὐτῶν
1619 2826 1736 2896 ἅμα
1775 2826 1988 2881 συνδια-

406 2907 685 2979 φθαρετεν,
747 2912 841 2966 καὶ
893 2913 985 2966 τοῦ
1026 2914 1198 2985 πυρὸς
1239 2916 1367 2981 ἀξία
1418 2916 1634 2990 δαπάνη
1690 2920 1984 2988 γένωνται.

404 2998 519 3053 Καὶ
545 3001 717 3057 ταῦτα
754 3003 854 3074 μὲν
878 3006 905 3059 ό
943 3005 1216 3075 βασιῖεύς.

479 3094 605 3149 ΚΖ’.
641 3096 909 3165 Ἀγγελος
934 3098 991 3151 δὲ
1026 3100 1371 3171 παραχρῆμα
1403 3101 1541 3173 πρὸς
1562 3103 1658 3174 τὴν
1690 3105 1989 3177 ἐκκλησίαν

404 3185 751 3256 ἐκπέμπεται
777 3189 844 3244 τὰ
876 3191 1284 3262 κεκελευσμένα
1315 3195 1464 3262 παρά
1490 3194 1753 3265 βασιλέως
1787 3200 1987 3254 είπεῖν.

406 3276 702 3348 Παρελθὼν
739 3281 831 3336 οὖν
861 3285 942 3347 είς
970 3285 1169 3354 μέσους
1196 3287 1291 3341 καὶ
1320 3288 1465 3359 μέγα
1492 3289 1714 3361 βοήσας,
1745 3293 1993 3363 Ἀνθρω-

404 3385 522 3436 ποι,
549 3370 915 3442 Μαξιμιανδς,
945 3372 1120 3439 εἶπεν,
1153 3379 1181 3430 ό
1218 3378 1315 3447 τῆς
1345 3380 1672 3451 οἰκουμένης
1698 3382 1992 3455 δεσπότης,

406 3465 507 3536 ἐμὲ
539 3467 674 3536 πρὸς
705 3467 849 3538 ὑμᾶς
879 3471 1168 3542 ἐκπέμψας
1193 3474 1341 3529 δυοῖν
1383 3475 1513 3544 ὑμῖν
1540 3476 1725 3531 δίδωσι
1756 3478 1991 3549 αἵρεσιν,

404 3557 439 3629 ἢ
482 3558 624 3623 θεοῖς
664 3558 825 3615 θῦσαι
854 3561 1107 3632 (πάρεστι
1133 3563 1243 3636 γὰρ
1273 3566 1365 3619 καλ⁸
1396 3566 1580 3637 βωμὸς
1614 3568 1932 3641 εὐτρεπὴς).
1956 3568 1992 3640 ἢ

408 3649 778 3717 ἀπειθοῦντας
822 3654 958 3724 ὁμοῦ
1000 3656 1324 3727 σύμπαντας
1353 3659 1751 3733 διαφθαρῆναι’
1795 3661 1857 3715 τὸ
1882 3662 1994 3733 γὰρ

408 3744 521 3815 πῦρ
549 3744 796 3815 ἕτοιμον.
835 3747 902 3800 Ὃ
925 3748 1107 3803 τοίνυν
1133 3749 1416 3819 βούλεσθε,
1437 3753 1498 3806 τὸ
1529 3753 1692 3824 τάχος
1724 3754 1989 3824 αἱρεῖσθε.

418 3834 479 3891 '0
515 3835 613 3906 μὲν
643 3838 887 3894 τοσαῦτα
915 3839 1088 3894 εἰπὼν
1113 3843 1372 3899 ἐπαύετο.
1403 3845 1462 3897 Ὀ
1488 3846 1544 3898 δὲ
1570 3849 1670 3918 τῆς
1696 3847 1993 3918 ἐκκλησίας

408 3930 789 4001 ἀρχιδιάκονος
827 3936 962 4006 πυρὶ
1003 3935 1154 4000 θείας
1186 3939 1412 4010 χάριτος
1455 3940 1555 4010 τὴν
1606 3942 1837 4013 καρδίαν
1879 3944 1995 3998 δια-

410 4016 687 4088 φλεχθεὶς,
723 4021 856 4087 στὰς
913 4024 1064 4095 παρὰ
1117 4027 1178 4080 τὸ
1221 4027 1316 4081 τοῦ
1367 4029 1761 4104 θυσιαστηρίου
1797 4034 1991 4105 κέρας,

409 4108 482 4168 Ὦ
511 4113 735 4180 πάντες,
776 4113 952 4185 εἶπεν,
987 4121 1112 4190 ἐμοὶ
1144 4121 1240 4175 καὶ
1272 4121 1522 4195 ἀλλήλοις
1548 4125 1813 4199 ὀμόψυχοι
1840 4130 1995 4184 ἀδελ-

414 4206 525 4273 φοὶ,
578 4207 678 4261 οὐκ
733 4209 850 4262 ἴστε
902 4210 1052 4274 ὅπως
1099 4211 1226 4283 ἄρτι
1274 4215 1368 4269 καὶ
1398 4217 1552 4273 αὐτοὶ
1582 4218 1651 4273 τά
1679 4220 1788 4273 τῶν
1823 4221 1992 4291 τριῶν

413 4298 623 4353 παίδων
658 4301 910 4366 ἐπιόντες
943 4303 1044 4358 οὐκ
1073 4304 1223 4358 ἔστιν
1257 4308 1431 4360 εἰπεῖν
1459 4310 1584 4363 ὅσον
1613 4311 1813 4376 αὐτοὺς
1833 4313 1992 4366 ἐθαυ-

416 4391 665 4462 μάζομέν
687 4411 745 4446 τε
781 4395 880 4463 τῆς
912 4395 1135 4466 ἀνδρίας
1160 4400 1255 4452 καὶ
1285 4398 1385 4469 τῆς
1410 4401 1546 4471 πρὸς
1574 4402 1674 4473 τὴν
1703 4404 1990 4458 εὐσέϐειαν

414 4484 703 4555 ἀκριϐείας
734 4484 1200 4560 ἐξεπληττόμεθα,
1233 4493 1345 4545 ’καὶ
1379 4494 1529 4558 ὅπως
1572 4496 1671 4567 ούχ
1701 4496 1778 4560 ῶς
1818 4498 1992 4567 πυρὸς

2079 1994 2407 2061 tectoribus,
2453 2008 2580 2048 cum
2627 2009 2821 2064 magna
2882 2009 3049 2048 manu
3099 1991 3336 2045 militum
3379 1990 3671 2045 ecclesiam

2078 2088 2607 2154 circumdedissent,
2638 2087 2932 2142 sarmentis
2960 2093 3016 2141 et
3050 2099 3381 2156 quacunque
3420 2083 3527 2138 alia
3558 2097 3675 2137 ma-

2082 2179 2242 2245 teria,
2264 2196 2385 2251 quae
2440 2180 2598 2237 facile
2630 2178 2976 2246 accenditur,
3004 2178 3061 2233 in
3094 2177 3286 2233 orbem
3328 2166 3585 2246 congesta
3615 2185 3674 2231 et

2080 2279 2354 2349 apposita,
2409 2279 2479 2335 ad
2527 2278 2720 2348 templi
2789 2285 3001 2347 portam
3074 2291 3229 2333 aram
3293 2284 3605 2337 statuerent
3654 2289 3670 2327 :

2082 2368 2307 2434 deinde,
2346 2378 2409 2425 ut
2457 2384 2743 2441 praecones
2774 2368 2921 2424 clara
2968 2382 3104 2424 voce
3150 2367 3583 2438 proclamarent,
3611 2372 3674 2420 ut

2082 2479 2278 2520 omnes
2328 2463 2566 2527 exirent,
2595 2472 2653 2519 et
2704 2462 2772 2518 ad
2817 2477 2970 2516 aram
3008 2460 3345 2517 accederent
3389 2457 3676 2514 sacriﬁca-

2086 2555 2221 2610 turi.
2257 2554 2416 2622 Quod
2469 2554 2657 2611 sinon
2699 2560 2975 2624 parerent,
3012 2554 3186 2625 portis
3236 2552 3424 2608 statim
3466 2551 3675 2622 optime

2085 2646 2314 2711 clausis,
2367 2656 2423 2703 et
2475 2648 2627 2703 omni
2678 2647 2790 2703 alio
2839 2648 2925 2704 eis
2951 2647 3239 2703 obstructo
3270 2645 3453 2717 exitu,
3490 2643 3675 2715 ignem

2087 2740 2481 2806 accenderent,
2509 2750 2570 2797 ut
2621 2740 2702 2797 sic
2732 2755 2929 2797 omnes
2972 2756 3084 2796 una
3136 2754 3262 2795 cum
3301 2738 3420 2808 ipso
3467 2736 3675 2806 templo

2086 2833 2358 2903 perirent,
2388 2843 2446 2889 et
2476 2843 2536 2889 ut
2567 2833 2718 2905 digni
2747 2842 2897 2899 sunt,
2923 2832 2995 2889 ab
3029 2833 3155 2903 igne
3188 2840 3673 2887 consumerentur.

2088 2926 2158 2982 Et
2184 2928 2300 2983 haec
2333 2927 2555 2999 quidem
2581 2927 2906 2998 imperator.

2163 3102 2378 3162 XXVII.
2408 3104 2651 3161 Nuntius
2680 3114 2864 3161 autem
2895 3106 3083 3162 statim
3129 3105 3369 3161 mittitur
3399 3105 3469 3161 ad
3495 3104 3677 3161 eccle-

2093 3196 2254 3262 siam,
2288 3204 2348 3252 ut
2375 3197 2608 3264 diceret,
2640 3214 2761 3268 qure
2779 3198 2973 3270 jussus
3011 3198 3192 3255 fuerat
3221 3199 3291 3254 ab
3316 3199 3672 3269 imperatore.

2015 3257 2062 3320 Ο
2094 3290 2153 3345 In
2187 3290 2431 3346 medium
2468 3257 2977 3360 itaque-accedens,
3015 3300 3072 3347 et
3116 3306 3314 3361 magna
3362 3257 3499 3346 voce
3561 3291 3677 3345 cla-

2092 3394 2282 3436 mans:
2316 3379 2361 3437 0
2384 3381 2660 3448 homines,
2692 3382 3074 3446 Maximianus,
3101 3382 3301 3453 inquit,
3338 3380 3490 3436 orbis
3520 3388 3679 3435 terra:

2094 3472 2375 3536 dominus.
2400 3489 2489 3529 me
2521 3473 2590 3528 ad
2621 3489 2720 3530 vos
2751 3475 2944 3537 misso.
2985 3473 3218 3530 alterius
3244 3488 3313 3528 ex
3342 3473 3561 3530 duobus
3585 3472 3681 3528 dat

2093 3563 2255 3621 vobis
2276 3567 2580 3635 Optioncm,
2607 3577 2665 3621 ut
2692 3577 2789 3622 aut
2818 3566 2927 3622 diis
2948 3566 3273 3623 sacriﬁcetis
3298 3566 3317 3636 (
3342 3565 3499 3622 adest
3530 3564 3678 3621 enim

2093 3673 2187 3712 ara
2217 3656 2470 3729 parata),
2508 3669 2625 3721 aut.
2680 3658 2727 3714 si
2782 3674 2894 3714 non
2952 3659 3216 3729 pareatis,
3273 3673 3467 3715 omnes
3514 3657 3683 3714 simul

2094 3750 2354 3820 pereatis,
2376 3761 2580 3820 prazsto
2614 3750 2762 3805 enim
2793 3761 2880 3806 est
2919 3749 3081 3820 ignis.
3115 3749 3274 3814 Quod
3312 3765 3443 3818 ergo
3485 3749 3680 3813 vultis,

2093 3840 2500 3909 quamprimum
2534 3839 2746 3911 eligite.
2803 3837 3201 3906 Cessavit‘rlie,
3241 3855 3367 3895 cum
3429 3840 3548 3895 haec
3597 3841 3684 3895 di-

2093 3930 2284 3991 xisset.
2322 3928 2582 3985 Ecclesiae
2620 3937 2806 3984 autem
2835 3928 3282 3991 archidiaconus,
3306 3943 3431 3983 cum
3461 3928 3512 3984 ei
3534 3936 3685 3983 esset

2092 4037 2189 4078 cor
2219 4036 2515 4077 accensum
2546 4021 2673 4093 igne
2704 4021 2906 4077 divinae
2938 4022 3149 4093 gratiae,
3199 4029 3353 4075 stans
3386 4020 3455 4075 ad
3510 4035 3681 4075 cornu

2093 4113 2305 4180 altaris,
2335 4112 2379 4169 Ο
2407 4129 2525 4176 vos,
2551 4113 2753 4185 inquit,
2778 4113 2885 4169 mei
2919 4112 3139 4179 fratres,
3164 4121 3220 4167 et
3241 4112 3387 4167 inter
3414 4128 3512 4167 vos
3541 4111 3686 4167 invi-

2092 4220 2212 4261 cem
2238 4205 2550 4272 unanimes,
2568 4205 2799 4262 nescitis
2818 4204 3281 4277 quemadmodum
3302 4220 3423 4275 quze
3452 4220 3481 4258 a
3506 4203 3687 4260 tribus

2092 4298 2279 4369 pueris
2302 4298 2445 4354 facta
2471 4307 2620 4367 sunt,
2649 4299 2811 4368 paulo
2835 4312 2961 4354 ante
2982 4305 3402 4368 persequentes,
3428 4294 3539 4353 dici
3570 4312 3682 4352 non

2092 4402 2293 4464 potest,
2318 4402 2584 4465 quantum
2635 4409 2828 4450 eorum
2883 4392 3596 4456 admirabamnrvirtutem,
3628 4399 3688 4446 et

2092 4501 2283 4542 corum
2308 4487 2362 4541 in
2386 4486 2586 4556 pietate
2601 4485 2957 4555 stupebamus
2995 4485 3401 4550 fortitudinem,
3422 4494 3479 4541 et
3495 4498 3686 4554 quem-

416 4576 582 4648 μέσον
611 4576 865 4645 ἑστῶτες,
894 4579 1012 4633 ἀλλ’
1033 4581 1092 4634 ἐν
1121 4580 1341 4652 μαλακῇ
1372 4599 1479 4637 τινι
1515 4584 1621 4656 πόᾳ
1646 4585 1988 4657 χορεύοντες,

2099 4577 2395 4633 admodum
2462 4593 2571 4634 non
2616 4588 2878 4649 tanquam
2931 4586 3144 4634 stantes
3172 4578 3227 4633 in
3278 4577 3460 4632 medio
3521 4575 3684 4645 ignis.

413 4668 569 4722 αὐτοί
592 4686 653 4723 τε
684 4670 910 4740 ὕμνουν,
939 4675 1034 4727 καὶ
1064 4672 1164 4743 τὴν
1198 4673 1377 4727 κτίσιν
1406 4675 1535 4744 ὅλην
1563 4680 1642 4740 εἰς
1668 4677 1839 4748 ὕμνον
1861 4680 1995 4734 ἐκά-

414 4758 546 4815 λουν
577 4760 673 4815 τοῦ
702 4761 810 4816 τῶν
859 4763 996 4816 ὅλων
1029 4762 1202 4830 Θεοῦ;
1245 4765 1479 4830 Τούτους
1510 4768 1672 4837 ἡμεῖς
1706 4769 1768 4824 ού
1816 4788 1997 4841 μακα-

419 4849 570 4922 ρίους
624 4853 784 4919 μόνον
817 4855 1130 4925 ἐκρίνομεν,
1161 4856 1300 4911 ἀλλά
1329 4858 1422 4911 καὶ
1466 4860 1715 4915 κοινωνοὶ
1742 4864 1996 4930 γενέσθαι

415 4945 527 4999 τῶν
555 4946 834 5014 στεφάνων
876 4948 1062 5012 αὐτοῖς
1102 4949 1514 5022 ἐπιθυμητικῶς
1562 4946 1804 5025 εἴχομεν.
1847 4957 2000 5012 Ἐπεὶ

417 5036 554 5105 γοῦν
595 5038 690 5091 καὶ
723 5039 818 5092 νῦν
840 5040 1030 5109 καιρός
1065 5042 1211 5095 ἐστιν
1246 5045 1272 5096 ό
1309 5043 1495 5097 καλῶν
1527 5046 1622 5097 καὶ
1650 5045 1851 5118 τρόπος
1892 5048 1999 5101 τῶν

419 5127 772 5205 κρατούντων
809 5130 995 5201 ὅμοιος
1024 5133 1098 5201 (εἰ
1126 5134 1239 5206 γὰρ
1274 5136 1367 5189 καὶ
1405 5139 1517 5200 τοῖς
1556 5138 1785 5209 ὀνόμασι
1810 5140 2000 5210 διαφέ-

420 5238 628 5293 ρουσιν,
685 5221 820 5275 ἀλλά
870 5226 938 5294 τῇ
990 5241 1052 5294 γε
1090 5225 1336 5298 ὠμότητι
1391 5230 1485 5282 καὶ
1518 5234 1582 5300 τῇ
1631 5231 1860 5300 ἀσεϐείᾳ
1906 5234 2001 5286 καὶ

422 5312 630 5385 σφόδρα
665 5313 1071 5387 συμϐαίνουσι),
1128 5318 1416 5391 γενώμεθα
1474 5324 1566 5375 καὶ
1616 5324 1777 5393 ἡμεῖς
1825 5323 2002 5394 ὅμοιοι

419 5403 518 5475 τὴν
547 5405 831 5460 εὐσέϐειαν
860 5410 976 5474 τοῖς
1010 5412 1133 5464 τότε
1180 5412 1690 5484 διαγωνισαμένους.
1732 5416 1858 5481 Πῶς
1890 5418 2002 5488 γάρ

420 5496 524 5549 οὐκ
551 5495 756 5554 ἄτοπον
786 5500 1027 5565 ἐκείνους
1067 5502 1167 5572 μὲν
1203 5505 1296 5556 καὶ
1335 5504 1533 5567 παῖδας
1557 5492 1716 5570 ὄντας
1748 5509 1843 5563 καὶ
1879 5507 2003 5562 οὐδέ

419 5585 530 5638 τῶν
567 5591 738 5658 τριῶν
771 5590 1055 5661 πλείονας,
1093 5594 1270 5661 ἄλλως
1307 5614 1365 5651 τε
1400 5596 1456 5651 δέ
1501 5598 1600 5654 καὶ
1637 5599 1807 5669 μήπω
1837 5601 2004 5671 μηδὲν

424 5677 737 5751 ὑπόδειγμα
761 5684 1185 5757 παραλαϐόντας
1214 5689 1296 5752 είς
1336 5690 1619 5755 εὐσεϐείας
1634 5692 2002 5762 παράστασιν,

422 5768 570 5824 οὕτω
596 5775 976 5845 περιϐλέπτως
1006 5779 1455 5848 διαγωνίσασθαι,
1497 5784 1647 5853 ἡμᾶς
1687 5783 1744 5837 δέ
1788 5785 1884 5839 καὶ
1944 5784 2006 5838 τὸ

427 5862 630 5932 πλῆθος
698 5865 798 5920 οὐκ
851 5868 1259 5940 εὐαριθμήτους
1307 5868 1673 5940 ὑπάρχοντας,
1727 5870 1865 5925 ἀλλά
1911 5868 2005 5923 καὶ

2101 4673 2196 4728 sed
2224 4673 2279 4728 in
2308 4672 2461 4728 molli
2490 4673 2672 4741 aliqua
2706 4672 2880 4729 herba
2917 4672 3120 4728 choros
3167 4671 3456 4732 ducentes,
3494 4669 3601 4739 ipsi
3629 4679 3687 4724 et

2102 4769 2365 4841 hymnum
2424 4768 2730 4837 canebant,
2762 4778 2818 4825 et
2856 4784 3076 4825 omnem
3130 4776 3368 4822 creatam
3428 4771 3683 4817 naturam

2100 4862 2169 4916 ad
2202 4863 2588 4918 universorum
2616 4863 2788 4918 Deum
2849 4860 3186 4917 laudandum
3211 4854 3527 4914 vocabant?
3574 4852 3688 4908 llos

2100 4968 2206 5008 nos
2236 4966 2349 5007 non
2395 4952 2575 5008 solum
2623 4952 3005 5024 judicabamus
3048 4951 3276 5015 beatos,
3335 4946 3429 5002 sed
3488 4960 3688 5001 eorum

2102 5059 2323 5115 quoque
2342 5059 2676 5101 coronarum
2694 5044 3055 5116 cupiebamus
3078 5057 3199 5097 esse
3225 5040 3390 5096 socii.
3412 5037 3688 5105 Quoniam

2102 5152 2234 5208 ergo
2263 5144 2320 5190 et
2353 5152 2505 5192 nunc
2524 5152 2628 5192 nos
2658 5146 2816 5194 vocat
2846 5146 3086 5205 tempus,
3116 5144 3173 5189 et
3197 5140 3327 5188 sunt
3370 5146 3558 5187 mores
3583 5130 3689 5186 im-

2105 5234 2420 5297 peratorum
2453 5226 2701 5293 similes;
2731 5242 2857 5282 nam
2889 5226 2993 5281 etsi
3032 5223 3353 5280 nominibus
3397 5221 3686 5283 diﬂ‘erunt,

2105 5331 2160 5376 at
2202 5320 2529 5376 crudelitate
2591 5329 2648 5375 et
2701 5318 2982 5389 impietate
3033 5316 3267 5372 maxime
3322 5314 3685 5379 conveniunt;

2104 5413 2408 5470 eﬂiciamur
2438 5427 2539 5468 nos
2564 5425 2783 5482 quoque
2814 5409 3017 5481 pietate
3045 5408 3254 5464 similes
3302 5406 3373 5463 iis
3418 5406 3515 5478 qui
3557 5415 3689 5461 tunc

2105 5506 2490 5561 decertarunt.
2514 5503 2804 5572 Quomodo
2834 5502 2984 5559 enim
3014 5517 3124 5557 non
3156 5509 3307 5557 esset
3359 5500 3685 5563 absurdum,

2108 5596 2237 5652 illos
2259 5594 2505 5664 quidem,
2533 5607 2661 5650 cum
2689 5600 2877 5649 essent
2906 5592 3086 5663 pueri.
3121 5600 3180 5647 et
3209 5606 3315 5648 nec
3351 5590 3541 5662 plures
3589 5590 3688 5645 tri-

2109 5690 2232 5752 bus,
2274 5695 2332 5743 et
2371 5686 2577 5756 alioqui
2636 5700 2763 5740 cum
2840 5684 3050 5740 nullum
3115 5682 3298 5739 adhuc
3350 5684 3689 5755 accepissent

2109 5778 2420 5850 exemplum
2480 5778 2650 5833 animi
2711 5776 3106 5853 magnitudinis
3148 5776 3433 5832 intuenda
3460 5776 3684 5846 pietate,

2113 5882 2221 5928 tam
2249 5870 2508 5948 praeclare
2536 5870 2885 5929 decertasse?
2915 5870 3027 5929 Nos
3080 5885 3237 5938 vero,
3267 5869 3359 5940 qui
3400 5875 3458 5925 et
3494 5868 3685 5927 multie
