4140 6382
565 399 697 468 1071

1746 413 2001 475 ADDEN
2014 415 2137 475 DA.
2168 440 2235 453 --
2280 419 2534 481 DECEM
2547 421 2719 484 BER.

3688 425 3838 492 1072

564 522 758 578 tudine
805 536 996 577 sumus
1027 538 1200 593 prope
1232 524 1684 588 innumerabiles,
1711 534 1765 579 et
1804 525 1984 591 multi,
2033 526 2129 596 qui

2257 531 2719 604 παραδειγμάτων
2749 532 3121 605 εὐποροῦντας
3160 532 3451 607 τοσούτων,
3482 533 3713 605 ὀφθῆναι
3746 554 3840 605 φι-

562 614 667 670 bus
699 613 836 669 nihil
862 614 1014 695 deest
1049 615 1117 670 ad
1150 616 1453 686 perfectam
1477 625 1718 682 aetatem,
1743 624 1800 672 et
1839 617 2041 686 quibus
2060 627 2147 674 est

565 704 728 763 etiam
764 714 915 762 tanta
940 708 1319 780 exemplorum
1347 710 1528 779 c0pia,
1555 709 1731 764 videri
1767 709 1891 764 vitae
1915 709 2146 780 cupidos

564 808 620 853 et
650 798 849 870 ignavo
876 799 1207 870 abjectoque
1243 815 1366 856 esse
1389 798 1597 866 animo,
1651 807 1706 853 et
1747 816 1856 854 non
1902 800 2144 856 oblatam

563 894 913 947 occasionem
966 898 1227 963 tanquam
1291 894 1506 948 lucrum
1550 894 1818 963 arripere,
1867 903 1926 948 et
1974 893 2142 958 hanc,

562 1001 686 1053 quae
721 979 804 1039 est
839 984 906 1038 ad
939 996 1182 1056 tempus,
1206 984 1376 1040 vitam
1409 984 1695 1055 despicere
1730 1000 1831 1056 pro
1872 984 2013 1051 Deo,
2048 984 2143 1055 qui

561 1089 664 1131 nos
686 1074 838 1143 fecit,
869 1085 928 1131 et
952 1092 1106 1132 suam
1137 1077 1377 1130 animam
1409 1076 1560 1131 dedit
1582 1091 1683 1145 pro
1708 1076 1869 1131 nobis
1898 1075 1965 1131 ad
1997 1080 2145 1130 mor-

563 1175 710 1232 tem;
749 1168 1125 1223 testimonium
1156 1179 1340 1223 autem
1377 1168 1546 1222 ﬁrma:
1574 1178 1632 1224 et
1666 1167 1912 1224 infracta:
1938 1170 2145 1224 nostra:

563 1260 689 1317 ﬁdei
748 1269 995 1316 nostram
1024 1261 1270 1332 praebere
1301 1260 1584 1317 mortem?
1620 1258 1753 1315 Haec
1785 1266 1966 1316 autem
1997 1260 2142 1327 dico,

560 1354 775 1410 etiamsi
806 1353 952 1409 nulla
977 1365 1125 1409 esset
1159 1353 1367 1425 pro'his
1401 1354 1798 1409 remuneratio.
1836 1351 1978 1409 Cum
2008 1367 2142 1408 vero

560 1446 673 1502 sint
702 1445 861 1501 valde
890 1458 1072 1517 parvae
1104 1446 1274 1517 hujus
1306 1445 1578 1515 temporis
1607 1445 1913 1515 passiones,
1940 1442 1985 1499 si
2012 1456 2147 1497 con-

563 1542 812 1600 feranthr
846 1550 971 1597 Cum
1010 1541 1078 1597 iis
1107 1554 1230 1611 quae
1271 1549 1401 1597 sunt
1433 1539 1543 1595 illic
1570 1538 2142 1602 remunerationibus;

558 1651 616 1695 ct
646 1639 758 1693 vita
793 1635 1016 1707 quidem
1042 1636 1242 1704 expers
1269 1633 1535 1689 molestiae
1570 1634 1627 1688 et
1653 1644 1881 1697 :cterna,
1902 1647 2012 1703 ’pro
2041 1634 2146 1689 hac

560 1729 715 1785 brevi
742 1736 797 1785 et
826 1728 1138 1795 laboriosa;
1188 1725 1361 1797 gloria
1393 1734 1575 1781 autem
1611 1740 1893 1795 nunquam
1921 1740 2145 1783 cessans

2248 621 2619 693 λοψυχοῦντας
2648 625 2744 677 καὶ
2795 625 3039 693 ἀγεννῶς
3068 625 3320 697 ἔχοντας,
3355 626 3452 680 καὶ
3485 626 3559 696 μὴ
3600 625 3838 697 ἕρμαιόν

2246 729 2301 766 τι
2331 713 2424 766 τὸν
2457 716 2652 786 καιρὸν
2668 715 2942 786 ἁρπάσαι,
2973 719 3069 770 καὶ
3091 716 3508 787 καταφρονῆσαι
3536 717 3637 787 μὲν
3666 734 3840 789 προσ-

2248 807 2447 877 καίρου
2484 807 2630 877 ζωῆς
2668 804 2805 878 ὖπὲρ
2845 807 2944 863 τοῦ
2984 796 3352 879 πεποιηκότος
3387 811 3533 880 ἡμᾶς
3573 810 3710 863 Θεοῦ
3737 811 3838 865 καὶ

2244 898 2346 970 τὴν
2378 897 2572 952 ἑαυτοῦ
2600 900 2776 971 ψυχὴν
2804 901 2944 972 ὑπὲρ
2966 902 3124 972 ήμῶν
3148 904 3228 965 είς
3255 901 3484 955 θάνατον
3510 902 3832 967 δεδωκότος,

2250 989 2553 1062 μαρτύριον
2581 990 2637 1045 δὲ
2677 992 2777 1063 τῆς
2808 994 3088 1064 ἀρῤαγοῦς
3114 994 3275 1064 ἡμῶν
3308 994 3547 1056 πίστεως
3582 993 3675 1047 τὸν
3706 995 3837 1046 ἐαυ-

2245 1082 2355 1135 τῶν
2378 1082 2609 1136 Οάνατον
2634 1088 2972 1155 παρασχεῖνς
3002 1084 3190 1139 Ταῦτα
3221 1086 3279 1139 δέ
3309 1103 3452 1155 φημι
3479 1085 3585 1139 κᾶν
3615 1087 3665 1139 εί
3693 1085 3832 1156 μηδὲ

2249 1174 2347 1242 μία
2376 1191 2458 1236 τις
2504 1174 2644 1246 ὑπὲρ
2674 1176 2880 1231 τούτων
2910 1178 3179 1241 ἀντίδοσις
3225 1173 3333 1248 ἦν·
3383 1179 3509 1231 ἐπεὶ
3552 1177 3610 1231 δὲ
3657 1179 3832 1248 μικρά

2243 1262 2367 1318 λίαν
2415 1266 2485 1319 τὰ
2533 1266 2837 1339 παθήματα
2869 1269 2962 1322 τοῦ
3012 1268 3107 1322 νῦν
3140 1269 3336 1342 καιροῦ
3389 1269 3527 1339 πρὸς
3573 1268 3670 1332 τὰς
3716 1269 3837 1323 ἐκεῖ

2248 1356 2682 1427 μισθαποδοσίας
2735 1359 3230 1431 παραϐαλλόμενα,
3272 1359 3366 1413 καὶ
3406 1359 3520 1431 ζωὴ
3568 1359 3667 1429 μιν
3697 1360 3833 1414 ἄλυ-

2247 1466 2348 1514 πος
2380 1451 2474 1503 καὶ
2505 1450 2726 1515 αἰώνιος
2755 1451 2877 1505 ἀντὶ
2898 1453 2999 1522 τῆς
3029 1454 3291 1506 ἐπιπόνου
3324 1451 3530 1524 ταύτης
3565 1453 3658 1506 καὶ
3690 1453 3831 1523 βρα-

2244 1542 2422 1612 χείας,
2462 1541 2584 1607 δόξα
2618 1542 2675 1595 δὲ
2714 1542 2976 1613 οὐδαμῶς
3021 1544 3264 1615 λήγουσα
3295 1543 3415 1597 ἀντὶ
3454 1545 3553 1612 τῆς
3585 1544 3822 1597 ἀπίστου

2245 1635 2341 1689 καὶ⁵
2377 1636 2577 1708 ῥᾳδίως
2610 1636 3087 1707 μεταπιπτούσης,
3129 1635 3361 1700 πλοῦτός
3401 1653 3461 1688 τε
3490 1635 3689 1699 ἄσυλος
3734 1636 3833 1690 καὶ

2243 1726 2408 1799 ἡδονὴ
2458 1727 2734 1800 μηδέποτε
2782 1729 2921 1801 πρὸς
2966 1729 3148 1800 λύπην
3202 1727 3627 1799 μεταχωροῦσα·
3666 1729 3831 1797 ἡμεῖς

558 1838 659 1894 pro
696 1821 861 1877 inﬁda
909 1828 964 1877 et
1007 1834 1130 1890 quae
1170 1818 1329 1875 facile
1380 1818 1621 1885 excidit;
1682 1829 1740 1874 et
1769 1819 1973 1874 divitiae
2021 1832 2131 1889 qua

2246 1819 2328 1874 ἔτι
2368 1823 2827 1894 συμπαραμένειν
2875 1823 3240 1892 ἀγαπήσομεν
3279 1826 3394 1887 τοῖς
3438 1821 3697 1893 παροῦσι,
3731 1820 3831 1875 καὶ

552 1887 765 1987 surripi
795 1887 1101 1985 nequeunt,
1120 1922 1177 1969 et
1192 1911 1468 1982 voluptas,
1488 1927 1609 1983 quae
1630 1927 1915 1983 nunquam
1939 1887 2131 1968 transit

2246 1913 2368 1985 οὐχὶ
2394 1887 2670 1985 πρόφασιν
2704 1917 2905 1988 μᾶλλον
2925 1887 3076 1987 *πρὸς
3104 1887 3203 1987 τὴν
3236 1918 3357 1970 ἐκεῖ
3383 1887 3541 1980 seem}
3567 1913 3658 1968 τδν
3684 1914 3827 1985 ὑπὲρ

548 2008 986 2074 ad.mole‘stiam,
1032 2018 1134 2065 nos
1192 2006 1375 2061 adhuc
1424 2005 1479 2060 in
1505 2004 1874 2075 praesentibus
1918 2018 2131 2062 manere

2249 2007 2487 2079 Χριστοῦ
2519 2009 2750 2064 θάνατον
2789 2009 3038 2080 εὑρόντες
3070 2011 3145 2072 ὡς
3174 2008 3339 2080 τάχος
3366 2008 3825 2079 μεταϐησόμεθας

554 2102 1033 2171 concupiscemus,
1061 2108 1118 2154 et
1153 2113 1262 2153 non
1307 2098 1494 2163 rotius
1516 2111 1640 2151 cum
1668 2095 1736 2151 ad
1759 2106 1879 2151 eam
1907 2112 2029 2167 qua
2056 2106 2131 2152 est

2247 2100 2351 2156 Kal.
2372 2101 2432 2154 τί
2454 2100 2522 2154 ἂν
2551 2099 2678 2155 ἄλλο
2707 2099 3008 2165 ποιοῦντες,
3033 2093 3174 2165 ἄξιοι
3208 2098 3523 2169 θρηνεῖσθαι
3549 2097 3698 2169 παρὰ
3719 2099 3829 2150 τῶν

558 2194 671 2251 illic
714 2193 972 2264 gloriam,
1002 2207 1101 2262 pro
1124 2188 1348 2247 Christo
1373 2187 1663 2244 subeundo
1694 2198 1951 2253 mortem,
1984 2189 2131 2244 inve-

2247 2193 2589 2265 φρονούντων
2620 2189 2678 2249 εὖ
2713 2193 3129 2265 κριθησόμεθας
3168 2192 3487 2263 Μνήσθητε,
3533 2191 3733 2260 μᾶλλον
3767 2190 3826 2244 δέ

558 2286 804 2341 nerimus
861 2283 1223 2355 perveniendi
1299 2283 1668 2347 occasionem,
1732 2281 2131 2352 quamprimum

2241 2287 2338 2342 καὶ
2372 2287 2510 2358 πρὸς
2547 2287 2610 2341 τὸ
2640 2287 3032 2359 θυσιαστήριον
3069 2287 3437 2358 ἀποδλέψατε.
3461 2286 3701 2339 Τέθυται
3733 2283 3828 2337 καὶ

552 2376 908 2433 'subibimus?
939 2376 1005 2431 Et
1033 2376 1297 2444 quidnam
1338 2374 1488 2429 aliud
1521 2375 1806 2439 facientes,
1830 2374 1998 2432 abiis
2045 2376 2131 2446 qui

2242 2379 2382 2450 ὑπὲρ
2420 2379 2577 2448 ἡμῶν
2625 2382 2653 2433 ὁ
2680 2380 2949 2451 ἡμέτερος
2978 2379 3185 2452 ἀληθὴς
3211 2380 3514 2448 Δεσπότης.
3555 2380 3694 2447 Οὐχὶ
3734 2376 3825 2430 καὶ

544 2466 796 2537 sapiunt.
836 2468 1228 2540 iudicabimur,
1282 2467 1389 2522 nisi
1438 2467 1613 2537 digni,
1673 2469 1768 2538 qui
1815 2467 2131 2538 lugeamuri

2242 2472 2407 2541 ἡμεῖς
2440 2471 2580 2541 ὑπὲρ
2619 2472 2810 2526 τούτου
2856 2472 2916 2524 ἐν
2963 2471 3117 2542 τόπῳ
3156 2470 3292 2542 τῷδε
3322 2470 3467 2541 ἁγίῳ
3509 2473 3605 2532 τὰς
3646 2467 3827 2539 ψυχὰς

553 2560 920 2628 πίεωεηιοιε,
979 2561 1090 2617 imo
1136 2570 1280 2616 vero
1333 2560 1563 2630 aspicite
1618 2560 1686 2616 ad
1744 2577 1921 2616 aram.
1963 2561 2131 2618 Verus

2247 2561 2629 2635 προησόμεθα,
2659 2561 2759 2616 καὶ
2795 2561 2872 2625 ῶς
2903 2577 3029 2615 τινα
3078 2560 3274 2614 θυσίαν
3324 2560 3521 2630 ἐκείνῳ
3564 2557 3644 2629 τῷ
3691 2557 3826 2628 πυρὶ

550 2651 703 2708 enim
728 2650 919 2709 noSter
968 2652 1233 2709 Dominus
1276 2650 1393 2706 fuit
1449 2667 1552 2722 pro
1582 2652 1745 2707 nobis
1773 2651 2131 2708 sacriﬁcatus.

2241 2653 2448 2716 ταύτας
2484 2651 2932 2722 ὁλοκαυτώσομεν
2957 2668 2972 2718 ;

549 2744 675 2805 Non
705 2743 1052 2821 nos‘quoque
1084 2764 1183 2820 pro
1204 2763 1271 2804 eo
1297 2747 1355 2803 in
1384 2747 1509 2803 loco
1540 2758 1732 2804 sancto
1763 2749 1974 2805 animas
2003 2747 2401 2820 profundem‘us
2421 2757 2477 2803 et
2509 2748 2680 2805 veluti
2709 2746 2983 2820 quoddam
3043 2747 3372 2805 sacriﬁcium
3430 2762 3526 2803 eas
3564 2744 3645 2802 illi
3713 2741 3827 2814 igni

542 2836 848 2898 offeramus
873 2843 927 2897 in
958 2840 1393 2899 'ltolocaustuml

622 2935 861 2993 XXVIII.
892 2935 1029 2992 Cum
1074 2938 1153 2992 sic
1200 2936 1457 3002 dixisset,
1520 2950 1716 2991 omnes
1754 2935 2027 3000 incitavit,
2075 2944 2132 2993 et

546 3027 730 3085 effecit
753 3038 813 3084 ut
835 3028 1103 3084 moriendi
1136 3028 1449 3085 vehementi
1480 3036 1803 3083 tenerentur
1825 3027 2128 3085 desiderio.

2306 2930 2449 2988 κη’.
2482 2932 2677 2996 Οὕτως
2708 2930 2904 2997 εἰπὼν,
2950 2930 3232 3005 παρέθηξε
3262 2931 3472 2995 πάντας
3503 2930 3686 2999 εὐθὺς,
3729 2933 3826 2988 καὶ

2242 3027 2491 3099 ἠρέθισε,
2541 3027 2637 3080 καὶ
2686 3025 2824 3094 πρὸς
2874 3024 2966 3078 τὸν
3006 3024 3239 3078 θάνατον
3280 3024 3517 3092 ἑτοίμως
3547 3024 3692 3093 ἔχειν
3730 3025 3826 3078 καὶ

547 3120 730 3177 Simul
784 3120 967 3189 itaque
1000 3135 1126 3175 cum
1162 3121 1256 3175 illo
1288 3120 1504 3175 beatam
1539 3117 1912 3174 illam'vocein
1944 3119 2127 3173 excla-

2239 3119 2541 3191 διψητικῶς
2594 3116 3035 3190 παρεσκεύασεν.
3076 3117 3288 3171 Αὐτίκα
3317 3117 3504 3170 τοίνυν
3535 3117 3673 3188 ὁμοῦ
3724 3117 3825 3172 σὺν

552 3224 863 3277 maverum,
894 3200 1195 3269 Christiani
1224 3227 1442 3277 sumus,
1498 3210 1829 3276 ChriStiani,
1888 3218 1945 3266 et
1996 3208 2130 3266 deos

2237 3212 2433 3282 ἐκείνῳ
2484 3209 2584 3281 τὴν
2647 3210 2928 3280 μακαρίαν
2983 3209 3191 3281 φωνὴν,
3254 3209 3577 3282 Χριστιανοί
3631 3212 3819 3282 ἐσμεν,

550 3308 1246 3376 ιυοε,οὶῐηροι·αιοι·,“ηοη
1297 3304 1561 3359 colemus.
1620 3303 1749 3357 [hac
1800 3302 2131 3357 Maximiano

551 3399 776 3470 quidem
806 3397 1321 3462 annunti'abantur;
1356 3395 1452 3451 ille
1479 3402 1666 3451 autem
1700 3408 1827 3449 cum
1852 3410 1921 3449 ne
1962 3393 2128 3449 ﬁnem

548 3491 772 3561 quidem
798 3494 1173 3559 exSpeétdSsct
1196 3484 1494 3551 “orationis,
1538 3486 1706 3559 jussit
1736 3486 1793 3540 in
1817 3501 1914 3541 eos
1945 3485 2128 3555 ignem

549 3580 805 3647 accendi,
842 3588 900 3635 et
924 3593 1022 3635 eos
1046 3575 1161 3634 una
1192 3593 1317 3633 cum
1336 3576 1554 3647 .templo
1607 3575 1789 3641 exuri,
1821 3587 1883 3632 ut
1941 3575 2128 3630 nullus

544 3680 737 3729 eorum
775 3675 875 3729 nec
910 3670 1368 3728 'misericor'diam
1415 3678 1769 3733 consecutus,
1822 3683 2003 3738 neque
2052 3667 2130 3722 la-

543 3773 667 3820 tens
705 3772 890 3835 posset
917 3762 1182 3834 effugere.
1216 3760 1300 3817 Pii
1329 3775 1462 3816 vero
1486 3776 1612 3816 cum
1659 3772 1852 3815 omnes
1901 3772 2131 3829 congre-

541 3864 766 3928 gassent
797 3855 962 3912 simul
995 3854 1447 3919 catechumenos,
1484 3852 1637 3907 viros
1659 3859 1716 3907 et
1744 3851 2031 3917 mulieres,
2071 3861 2131 3907 et

542 3956 765 4016 pueros,
782 3942 999 4018 eosque
1026 3948 1081 4002 in
1105 3956 1346 4019 quatuor
1367 3944 1708 4011 divisissent,
1743 3951 1934 4015 utpote
1970 3943 2128 4014 quod

544 4040 1104 4110 te‘mpus‘postularet
1131 4034 1497 4101 celeritatem,
1520 4051 1617 4092 eos
1646 4036 1836 4090 divino
1853 4036 2127 4106 baptismo

544 4128 879 4198 perﬁciunt,
933 4137 990 4185 et
1034 4127 1337 4183 chrismate
1400 4133 1638 4195 ungunt,
1697 4132 1754 4179 et
1818 4140 1916 4180 eos
1978 4124 2126 4179 inte-

544 4219 770 4275 meratis
837 4218 1167 4290 impertiunt
1203 4216 1586 4274 sacramentis.
1607 4212 1882 4272 'Protiuus
1941 4222 2125 4270 autem

542 4304 1295 4382 aderant'mhtistri‘quoque
1328 4308 1705 4379 imperatoris,
1738 4312 1793 4364 et
1822 4309 2003 4379 ignem
2037 4324 2127 4366 ac-

540 4403 882 4468 cendebant;
912 4402 1119 4473 illeque
1148 4402 1297 4457 omni
1323 4419 1390 4458 ex
1421 4410 1576 4473 parte
1608 4401 1924 4458 *tollehatur
1950 4401 2126 4457 inal-

2232 3305 2425 3366 ἐδόων,
2459 3302 2801 3375 Χριστιανοὶ,
2843 3303 2938 3357 καὶ
2974 3305 3088 3367 τοῖς
3130 3303 3273 3367 θεοῖς
3322 3320 3441 3366 σου,
3479 3302 3726 3374 βασιλεῦ,
3758 3306 3821 3358 οὗ

2232 3395 2629 3466 λατρεύσομεν.
2681 3394 2868 3449 Ταῦτα
2915 3394 3212 3465 ἠγγέλλετο
3248 3396 3348 3465 μὲν
3395 3395 3753 3467 Μαξιμιανῷο
3792 3398 3823 3451 ό

2230 3487 2288 3540 δὲ
2320 3488 2457 3557 μηδὲ
2488 3487 2550 3541 τὸ
2575 3486 2668 3541 τοῦ
2705 3487 2869 3557 λόγου
2910 3488 3087 3558 πέρας
3128 3488 3429 3557 ἀναμείνας
3462 3488 3522 3541 τὸ
3553 3487 3666 3559 πῦρ
3691 3488 3815 3542 ἐκέ-

2230 3576 2356 3630 λευε
2387 3579 2510 3632 κατ’
2554 3578 2735 3633 αὐτῶν
2764 3579 2990 3648 ἀνάψαι,
3032 3580 3252 3635 καὶσὺν
3285 3580 3364 3648 τῷ
3394 3579 3506 3651 ναῷ
3538 3580 3820 3635 κατακαῦ-

2236 3687 2327 3724 σαι
2364 3671 2595 3735 πάντας,
2626 3671 2704 3735 ὼς
2738 3670 2947 3742 μηδένα
2976 3672 3182 3725 τούτων
3216 3672 3344 3743 μήτ’
3372 3672 3557 3737 ἐλέους
3587 3673 3821 3743 τυχόντα

2239 3765 2378 3834 μήτε
2414 3765 2522 3835 μὴν
2564 3764 2741 3827 ἄλλως
2781 3764 3035 3827 λαθόντα,
3070 3764 3297 3817 δυνατὸν
3342 3764 3596 3833 γενέσθαι
3625 3765 3818 3831 διαφυ-

2234 3858 2370 3924 γεῖν.
2407 3857 2473 3911 Οί
2515 3854 2648 3924 γοῦν
2684 3855 2930 3918 εὐσεδείς
2964 3855 3090 3919 τοὺς
3130 3856 3577 3927 κατηχουμένους
3603 3858 3815 3918 πάντας

2232 3947 2636 4015 συναγαγόντες
2675 3947 2873 4017 ἄνδρας
2915 3963 2975 4000 τε
3006 3947 3102 4001 καί
3137 3951 3404 4014 γυναῖκας
3444 3950 3539 4002 καὶ
3585 3949 3709 4002 ὅσον
3754 3947 3814 4001 ἐν

2228 4038 2421 4091 παισὶν
2450 4033 2541 4107 ἦν,
2561 4038 2657 4091 καὶ
2681 4038 2906 4101 τούτους
2932 4039 3009 4099 είς
3036 4038 3277 4109 τέσσαρα
3302 4040 3719 4109 διαστήσαντες,
3738 4039 3817 4104 ὥς

2228 4124 2296 4180 ἂν
2321 4127 2625 4197 ταχυτῆτος
2659 4126 2757 4180 τοῦ
2810 4127 3007 4198 καιροῦ
3037 4127 3316 4198 δεομένου,
3346 4128 3424 4199 τῷ
3460 4129 3588 4201 θείῳ
3623 4129 3817 4191 βαπτί-

2230 4238 2399 4291 σματι
2428 4219 2721 4287 τελειοῦσι,
2770 4219 2926 4290 μύρῳ
2964 4235 3024 4273 τε
3064 4220 3304 4291 χρίουσι,
3333 4222 3427 4275 καὶ
3461 4223 3569 4275 τῶν
3602 4222 3817 4293 ’ἀχράν-

2227 4329 2339 4367 των
2367 4311 2683 4383 μυστηρίων
2706 4311 3086 4376 νμεταδιδοῦσι.
3139 4313 3404 4383 Παρῆσαν
3433 4312 3488 4368 δὲ
3515 4314 3608 4368 καὶ
3642 4316 3691 4367 οἱ
3717 4312 3814 4367 τοῦ

2236 4405 2506 4476 βασιλέως
2559 4405 2782 4469 αὐτίκα,
2835 4405 2930 4459 καὶ
2977 4404 3040 4457 τὸ
3098 4403 3209 4474 πῦρ
3250 4405 3532 4473 ⁴ὀινῆπτον·
3593 4406 3815 4458 κάκεῖνο

541 4502 786 4561 tum;’et
823 4510 947 4553 cum
999 4505 1172 4551 totam
1233 4496 1751 4565 comprehendisset
1806 4495 2120 4562 ecclesiam,

2236 4496 2577 4566 πανταχόθεν
2608 4498 2687 4560 εἰς
2709 4494 2845 4564 θψος
2878 4495 3059 4567 ᾔρετο,
3099 4497 3193 4549 καὶ
3226 4495 3326 4566 τὴν
3358 4495 3659 4567 ἐκκλησίαν
3684 4497 3813 4568 ὅλην

544 4590 598 4643 in
631 4603 803 4642 unum
848 4581 1197 4642 'aécendebat
1248 4589 1546 4654 'verticem,
1607 4589 1792 4643 omnia
1830 4598 1938 4642 tam
1997 4603 2122 4658 quas

538 4689 700 4737 erant
726 4689 878 4735 extra
910 4694 1030 4736 eam
1076 4694 1240 4750 quam
1266 4688 1397 4751 quae
1442 4683 1608 4748 intra,
1643 4680 1964 4750 depascens.
1993 4680 2125 4736 Frc-

542 4787 699 4829 mens
727 4772 915 4842 itaque
954 4771 1160 4828 malum
1218 4772 1512 4842 ingruebat
1562 4770 1996 4841 gravissimam;
2043 4771 2123 4826 illi

542 4860 725 4921 autem
755 4864 905 4921 intus
959 4872 1156 4935 magna
1189 4880 1325 4922 voce
1359 4864 1427 4919 ad
1458 4864 1628 4919 Deum
1681 4864 2014 4930 clamabant,
2069 4873 2125 4920 et

540 4961 1139 5017 canebant'canticum
1196 4976 1525 5031 puerorum,
1586 4968 1808 5015 omnem
1873 4968 2119 5015 creatam

539 5054 794 5108 naturam
822 5059 1083 5107 vocantes
1116 5050 1183 5107 ad
1217 5052 1521 5116 choream;
1558 5065 1742 5121 neque
1791 5052 1948 5122 prius
2000 5067 2124 5108 ces-

537 5153 733 5201 sarunt
761 5142 1092 5216 glorificare,
1120 5158 1286 5215 quam
1315 5136 1496 5199 oblata
1532 5153 1721 5200 essent
1774 5154 2003 5212 accepta
2031 5160 2122 5199 sa-

541 5234 748 5293 criﬁcia
774 5279 789 5304 ,
840 5234 1006 5292 casae
1042 5237 1238 5292 hostiae
1283 5251 1446 5308 agno.
1490 5236 1585 5308 qui
1632 5235 1737 5291 fuit
1776 5244 1879 5308 pro
1913 5235 2122 5293 mundo

542 5334 835 5384 mactatus.

613 5410 1096 5491 XXlX.‘Quinque
1126 5419 1246 5475 dies
1272 5420 1628 5487 transierant,
1659 5429 1716 5477 et
1742 5420 1892 5491 ignis
1950 5420 2121 5488 depa-

542 5513 729 5570 scebat
752 5513 1067 5569 materiam.
1088 5511 1237 5569 Cum
1268 5518 1405 5568 vero
1429 5504 1653 5570 ﬂamma
1682 5514 1793 5585 jam
1824 5508 2120 5580 cenasset,

543 5606 733 5662 nullus
755 5606 979 5677 quidem
996 5612 1138 5662 teter
1159 5604 1298 5663 odor
1317 5607 1798 5672 sentieliaturmcc
1824 5621 1891 5661 ex
1921 5620 2122 5677 corpo-

545 5696 852 5759 ribus,‘nec
881 5712 948 5755 ex
984 5698 1135 5754 fumo
1159 5714 1175 5765 ;
1201 5699 1445 5769 spirabat
1468 5704 1653 5754 autem
1678 5697 1866 5767 potius
1897 5696 2121 5768 quidam

532 5790 727 5845 suavis
756 5801 812 5847 ct
836 5792 977 5846 mire
1001 5792 1251 5864 fragrans
1274 5791 1431 5847 odor.
1466 5790 1782 5862 Apparebat
1825 5804 1956 5846 vero
1988 5793 2116 5861 qui-

532 5882 668 5934 dam
702 5881 908 5949 radius,
938 5883 1058 5939 auri
1095 5882 1373 5940 rutilantis
1404 5884 1643 5954 speciem
1675 5899 1787 5954 prce
1814 5898 1873 5941 se
1910 5882 2114 5950 ferens,

2235 4586 2528 4659 περιλαδδν
2570 4589 2649 4651 είς
2682 4587 2812 4658 μίαν
2871 4585 3118 4658 κορυφὴν
3171 4587 3352 4658 ἀνῄει,
3386 4587 3559 4641 πάντα
3604 4587 3672 4641 τὰ
3709 4586 3814 4652 ἔξω

2231 4694 2295 4732 τε
2335 4679 2430 4733 καὶ
2472 4679 2540 4733 τὰ
2589 4679 2738 4734 ῑνδον
2787 4677 3206 4748 ἐπινεμόμενον.
3255 4678 3327 4729 To
3364 4679 3466 4745 μὲν
3506 4673 3599 4730 οὖν
3642 4677 3814 4730 δεινδν
3863 4663 3871 4666 ’

2235 4770 2440 4842 βρέμον
2470 4769 2630 4842 ἐπῄει
2651 4785 2665 4801 ·
2692 4764 2743 4822 oi
2772 4769 2829 4822 δέ
2871 4768 3020 4822 ἔνδον
3054 4769 3202 4839 μέγα
3242 4767 3386 4836 πρὸς·
3408 4766 3542 4819 Θεὸν
3575 4767 3814 4835 ἀνέκρα-

2233 4862 2353 4930 ζον,
2394 4865 2491 4917 καὶ
2523 4862 2622 4932 τὴν
2665 4861 2778 4915 τῶν
2821 4860 3030 4915 παίδων
3076 4855 3200 4934 ᾖδον
3227 4859 3408 4930 φωνὴν
3450 4861 3632 4913 πᾶσαν
3672 4860 3813 4929 πρὸς

2233 4955 2457 5026 χορείαν
2485 4953 2779 5016 καλοῦντες
2820 4952 2919 5024 τὴν
2957 4952 3137 5006 κτίσιν
3158 4968 3173 4983 ·
3220 4951 3321 5005 καὶ
3349 4953 3410 5005 οὐ
3443 4955 3574 5021 πρὶν
3604 4951 3812 5016 δοξολο-

2226 5047 2453 5115 γοῦντες
2497 5044 2874 5115 ἐπαύσαντοῆ
2917 5044 3101 5099 τέλεον
3144 5043 3598 5115 ὁλοκαρπωθῆναι
3644 5042 3810 5097 δεκτά

2225 5142 2466 5211 θύματα,
2497 5141 2672 5209 ίερεῖα
2700 5138 2863 5207 ἁγνὰ,
2901 5137 2980 5210 τῷ
3023 5138 3164 5208 ὑπὲρ
3197 5136 3294 5191 τοῦ
3333 5137 3540 5208 κόσμου
3566 5150 3810 5206 σφαγιαο

2228 5232 2409 5286 σθέντι
2441 5231 2622 5303 ἀμνῷ.

2286 5418 2449 5471 'KB'.‘
2470 5416 2637 5469 Πέντε
2663 5413 2879 5483 διῆλθον
2909 5415 3134 5485 ἡμέραι,
3164 5414 3258 5467 καὶ
3285 5413 3348 5465 τὸ
3380 5411 3492 5482 πῦρ
3529 5410 3630 5483 τὴν
3672 5408 3807 5481 ὓλην

2232 5510 2478 5578 ἐνέμετο.
2519 5506 2661 5575 Ἤδη
2710 5506 2772 5560 δὲ
2812 5508 2912 5578 τῆς
2973 5507 3172 5575 φλογὸς
3232 5505 3597 5574 παυσαμένης
3645 5501 3807 5572 ἀηδία

2236 5601 2338 5670 μὲν
2367 5598 2488 5654 οὒδὶ
2535 5597 2633 5669 μία
2661 5593 2731 5668 ἦν
2757 5597 2864 5651 ἀπό
2902 5615 2960 5651 τε
2986 5598 3091 5665 τῆς
3117 5594 3507 5658 καύσεωςιτῶν
3535 5593 3806 5664 σωμάτων

2211 5695 2323 5748 ἐκαὶ
2371 5691 2466 5746 τοῦ
2486 5689 2762 5745 “aidmoﬁ'
2792 5690 2989 5743 εὐωδία
3047 5691 3104 5742 δὲ
3168 5688 3370 5759 μᾶλλον
3412 5687 3657 5742 -ὑπέπντι
3709 5686 3807 5740 καὶ

2224 5786 2437 5856 σφόδρα
2480 5784 2663 5857 ἡδεῖα,
2711 5783 2873 5844 dicti;
2913 5799 2972 5836 τε
3009 5782 3318 5851 διεφαίνετο
3358 5780 3805 5851 χρυσαυγίζουσα

2230 5878 2473 5936 ποικίλον
2522 5896 2573 5932 τι
2631 5877 2723 5932 καὶ
2773 5876 3015 5947 χαρίτων
3065 5874 3262 5946 μεστὸν
3299 5871 3502 5945 ἱλαρῶς
3551 5871 3805 5942 ἀπολάμ-
