4140 6382
414 271 589 361 ιστο-

1520 274 1700 335 VITA
1737 274 1842 334 SS.
1887 272 2074 335 1ND!
2134 276 2229 336 ET
2274 279 2585 342 DOMNIE.

3540 281 3683 355 IO'M

411 408 612 454 πουσα,
645 383 757 444 οἷον
789 390 933 460 ήλιοέ
959 390 1264 460 διαυγάζει.
1300 392 1647 469 Μαξιμιανὺς
1680 390 1736 445 δὲ
1769 389 1990 445 πάντων

2100 395 2312 450 varium
2346 399 2643 467 quemdam
2675 400 2846 458 edens
2870 410 2923 456 et
2954 400 3111 461 valde
3145 409 3363 471 gratum
3416 400 3681 469 splendo-

410 485 513 555 ήδη
568 483 797 557 νομίσας
866 486 1270 555 κεκρατηκέναι
1326 486 1421 540 καὶ
1475 484 1584 541 τῶν
1636 483 1729 537 τοῦ
1786 483 1994 550 ἀγῶνος

412 574 676 646 ἀνεθῆναι
713 576 1033 644 φροντίδων,
1071 576 1325 647 θεάτροις
1380 574 1560 630 είστία
1612 574 1740 638 τοὺς
1792 574 1997 644 ὀφθαλ-

414 671 554 741 μοὺς
586 671 677 724 καὶ
707 670 930 740 δρόμοις
962 672 1146 725 ἳππων
1177 671 1379 741 δηλαδὴ
1412 669 1508 725 καὶ
1548 666 1873 741 ἀνθρώπιον.
1923 669 1997 723 Τὸ

411 763 470 818 δὲ
507 764 614 834 ἀρα
647 764 711 816 οὑ
744 763 1042 833 κρατῆσαι,
1084 763 1223 818 άλλά
1248 765 1592 836 κρατηθῆναι
1625 762 1808 834 πολλῷ
1834 762 1996 818 πλέον

411 852 502 929 ἦν,
524 857 621 911 καὶ
655 856 855 926 μᾶλλον
879 857 961 910 ἔτι
992 858 1120 921 τοὺς
1153 856 1402 921 εὐσεϐεῖς
1436 858 1649 929 προῆγε
1685 855 1999 928 παρρησιά-

324 953 340 962 ’
412 949 630 1015 ζεσθαι.
658 949 904 1019 Δηλώσει
931 951 989 1004 δὲ
1030 951 1095 1005 τὰ
1126 949 1276 1021 ἑξῆς.
1317 950 1788 1023 Προσῳκοδόμητο
1812 949 1912 1020 μὲν
1936 947 2000 1002 τὸ

375 1044 643 1139 ἲθέατρον
682 1046 941 1113 μέγιστον
981 1045 1131 1115 ἱερὸν
1174 1046 1466 1115 Δήμητρος
1503 1045 1604 1114 τῆς
1647 1043 1780 1115 παρ’
1811 1044 1998 1107 αὑτοῖς

416 1136 684 1208 μεγίστης
714 1136 864 1200 θεᾶς.
897 1136 1190 1205 Παρελθὼν
1227 1136 1286 1190 δὲ
1328 1137 1536 1202 έκεῖνος
1569 1136 1669 1190 σὺν
1712 1136 1881 1189 ’παντὶ⁴
1921 1132 1998 1204 τῷ

363 1254 385 1294 ι
414 1229 573 1300 δήμῳ
602 1231 697 1284 καὶ
729 1230 808 1299 τῷ
842 1230 1058 1300 στρατῷ
1081 1230 1150 1284 τά
1170 1230 1279 1284 τῶν
1310 1229 1511 1284 θυσιῶν
1542 1228 1689 1300 μύση
1708 1227 1881 1281 τελῶν
1906 1222 1996 1299 ἦν.

416 1318 509 1384 Εἷς
534 1320 591 1375 δέ
608 1340 691 1385 τις
719 1321 812 1375 τοῦ
836 1321 1231 1393 στρατιωτικοῦ
1249 1322 1575 1389 καταλόγου,
1595 1321 1782 1392 Ζήνων
1803 1320 2003 1392 δνομαε

416 1414 584 1485 ζήλου
616 1416 792 1470 πνέων
822 1415 965 1470 κατά
993 1415 1105 1468 τῶν
1134 1414 1503 1485 ἀσεϐούντωνι
1538 1415 1599 1470 οὑ
1646 1412 1829 1485 φέρων
1856 1412 2009 1471 οὑτω,

413 1509 516 1578 τὴν
553 1508 840 1562 εὐσέϐειαν
889 1508 1261 1579 ὑϐριζομένην
1291 1510 1447 1580 ὁρᾷν,
1472 1507 1558 1576 ἐφ’
1591 1505 1801 1578 ὑψηλοῦ
1843 1506 1996 1571 στάς.

415 1598 622 1670 Πλανᾷ,
655 1598 898 1669 βασιλεῦ,
948 1598 1076 1669 ἔφη,
1122 1599 1293 1665 λίθοις
1333 1600 1678 1671 ἀναισθήτοις
1713 1599 1857 1655 θύων
1904 1599 2001 1667 καὶ

415 1691 600 1761 ξύλοις
632 1694 838 1761 κωφοῖς
860 1710 873 1724 ·
912 1691 1074 1745 τοῦτο
1102 1693 1209 1763 γὰρ
1236 1692 1297 1746 τὸ
1337 1693 1662 1764 φαινόμενον
1682 1709 1698 1728 ο
1739 1692 1800 1746 τὸ
1845 1692 1903 1747 δέ
1933 1708 1999 1761 γε

413 1784 474 1841 ζν
528 1783 747 1855 ἀληθῶς
803 1783 897 1838 καὶ
952 1783 1247 1856 νοούμενον
1302 1784 1493 1858 ἀπάτη
1547 1783 1822 1855 δαιμόνων
1871 1784 1998 1847 τοὺς
2030 1783 2053 1805 ’

414 1877 718 1949 λατρευτάς
768 1878 1065 1946 ἀπάγουσα
1132 1877 1269 1947 πρὸς
1315 1876 1619 1932 ἀπώλειαν.
1668 1875 1880 1940 Σύνες,
1953 1870 1999 1931 ὦ

415 1972 754 2041 Μαειμιανδ,
784 1972 876 2026 καὶ
901 1971 1027 2034 τοὺς
1057 1970 1378 2042 ὀφθαλμοὺς
1406 1971 1629 2035 τούτους
1654 1970 1720 2041 δὴ
1753 1968 1848 2026 καὶ
1874 1972 1999 2034 τοὺς

417 2066 568 2120 ἔνδον
589 2066 784 2133 διάρας
815 2067 895 2132 είς
921 2065 1174 2137 οὐρανὸν,
1204 2064 1444 2135 ζήτησον
1471 2065 1537 2119 ὲκ
1572 2065 1679 2120 τῶν
1704 2065 2000 2137 ὁρωμένων

415 2160 510 2215 τδν
537 2160 785 2230 κτίστην.
814 2158 908 2212 τὸν
936 2159 1271 2231 δημιουργόν
1307 2160 1489 2223 ὁποῖός
1523 2160 1675 2213 ἔστιν
1695 2173 1711 2190 ⁸
1752 2160 1861 2213 ἀπὸ
1891 2157 1999 2211 τῶν

416 2251 738 2318 κτισμάτων
767 2249 1080 2321 κατάμαθε,
1114 2251 1212 2304 καὶ
1261 2251 1444 2306 σέϐειν
1473 2251 1609 2306 Θεὸν
1647 2251 1890 2315 εὑσεὸὧς
1917 2250 2000 2303 δι-

414 2343 667 2415 δάχθητι,
700 2344 798 2415 οὑχ
824 2343 1023 2416 αἵμασι
1055 2344 1148 2401 καὶ
1166 2345 1416 2408 κνίσσαις
1453 2344 1688 2413 ἀλόγων,
1721 2344 1859 2400 ἀλλὰ
1901 2345 2001 2414 ψυ-

415 2435 539 2508 χαῖς
571 2433 879 2505 ἀνθρώπων
924 2435 1193 2504 καθαραῖς
1233 2436 1292 2490 δὲ
1336 2436 1591 2506 καρδίαις
1621 2437 1999 2507 ἀγναῖς,ρήδόο

419 2542 603 2596 μενον.

485 2700 568 2755 Δ’.
614 2701 804 2754 Ταῦτα
853 2701 1221 2770 Μαξιμιανὸς,
1264 2704 1504 2769 ἀκούσας
1565 2705 1729 2760 λίθων
1779 2706 1999 2763 ἐκέλευε

396 2793 577 2865 ’βάρει
601 2795 703 2858 τάς
738 2793 996 2862 σιαγόνας
1022 2795 1190 2849 αὑτοῦ
1218 2796 1563 2867 θλάττεσθαι,
1598 2801 1694 2853 καὶ
1723 2800 1840 2871 ἅμα
1868 2804 2000 2858 ίὸὀα

414 2889 529 2952 τοῖς
557 2888 658 2960 μὲν
680 2887 899 2960 δημίοις
933 2889 1307 2961 εὐτονωτέρας
1339 2900 1439 2955 τὰς
1470 2897 1790 2965 καταφοράς
1828 2900 2000 2952 ποιεί-

418 2976 566 3041 σθαι,
595 2978 675 3048 τῷ
697 2978 754 3033 δὲ
784 2979 949 3050 ἁγίῳ,
984 2979 1061 3051 μὴ
1090 2980 1449 3053 λοιδορεῖσθαι
1482 2983 1644 3049 θεοῖς.
1678 2986 1837 3042 Οὕτω
1865 2988 1998 3058 γοῦν

2098 501 2235 551 rem,
2296 489 2573 559 quomodo
2632 490 2711 547 sol
2758 491 2924 561 lucet,
2984 491 3078 562 qui
3126 488 3291 553 modo
3337 497 3566 563 apparet
3620 488 3678 544 in

2066 654 2071 659 _
2102 575 2350 634 Oriente.
2381 580 2747 641 Maximianus
2770 594 2955 641 autem
2986 582 3310 647 existitmns
3337 597 3398 641 Se
3417 581 3530 652 iam
3555 594 3677 641 οωο

2098 685 2198 724 nes
2224 671 2422 727 vicisse
2452 674 2553 744 (7),
2586 680 2660 738 et;
2683 676 2984 743 relaxatum
3028 689 3152 741 esse
3182 689 3214 728 a
3242 673 3393 738 curis
3424 672 3683 737 certami-

2099 764 2206 828 nis,
2243 764 2475 827 theatris
2506 768 2766 836 pascebat
2793 769 3012 835 oculos,
3046 776 3102 822 et
3142 781 3412 837 equorum
3470 764 3684 831 scilicet

2097 863 2152 910 et
2178 854 2465 912 hominum
2490 859 2802 927 curriculis.
2828 860 2967 916 Illud
2992 876 3125 915 vero
3149 875 3257 923 non
3290 868 3409 921 erat
3432 858 3679 923 vincere,

2099 948 2194 1002 sed
2220 946 2406 1018 potius
2428 950 2633 1022 victum
2670 966 2813 1019 esse,
2849 951 3014 1021 idque
3060 951 3233 1021 magis
3260 948 3476 1013 ὶιιόιιιίι
3536 948 3680 1018 Pii”.

2100 1050 2161 1097 ut
2191 1041 2363 1096 libere
2392 1042 2773 1113 loquerentur.
2813 1043 3121 1101 Ostendent
3146 1052 3357 1109 autem,
3420 1056 3545 1111 quae
3597 1054 3686 1095 se-

2100 1145 2368 1207 quuntur.
2422 1136 2561 1193 Ante
2596 1136 2873 1193 theatrum
2928 1138 3153 1207 quidem
3183 1144 3306 1199 erat
3352 1132 3686 1195 aediﬁcatum

2099 1231 2400 1293 maximum
2456 1228 2647 1289 fanum
2696 1229 2916 1285 Cereris
2945 1244 3070 1300 quis
3126 1238 3249 1287 erat
3273 1225 3417 1296 apud
3455 1240 3550 1285 eos
3579 1224 3685 1289 dea

2100 1322 2360 1383 maxima.
2387 1320 2672 1391 Accedens
2700 1331 2885 1379 autem
2909 1321 2999 1377 ille
3022 1335 3151 1377 cum
3187 1320 3448 1383 universo
3478 1315 3687 1387 popqu

2099 1424 2157 1470 et
2196 1415 2468 1481 exercitu,
2502 1415 2838 1479 exsecranda
2887 1414 3189 1486 peragebat
3227 1410 3515 1475 sacriﬁcia.
3553 1409 3688 1477 Qui-

2101 1506 2227 1560 dam
2255 1520 2391 1562 vero
2413 1521 2482 1567 ex
2511 1522 2746 1569 numero
2775 1507 3022 1575 militari,
3057 1506 3208 1563 Zeno
3256 1490 3505 1569 nomine,
3565 1502 3686 1563 telo

2100 1598 2300 1669 plenus
2329 1597 2597 1663 adversus
2654 1599 2873 1669 impios.
2911 1613 3023 1659 non
3073 1598 3256 1657 ferens
3297 1598 3378 1655 sic
3424 1596 3687 1668 pietatem

2102 1691 2240 1748 allici
2271 1692 2629 1757 contumelia.
2686 1702 2838 1751 stans
2867 1693 2924 1749 in
2974 1693 3121 1749 alto:
3177 1692 3368 1757 Erras,
3411 1689 3615 1760 inquit,
3650 1702 3686 1741 ο

2104 1787 2426 1855 imperator,
2477 1784 2897 1845 insensibilihus
2942 1786 3262 1845 sacrificans
3306 1781 3583 1853 lapidibus
3628 1786 3688 1837 et

2100 1882 2272 1937 mutis
2304 1880 2511 1952 lignis;
2552 1878 2659 1935 hoc
2687 1878 2837 1936 enim
2871 1888 2977 1945 est,
3009 1878 3159 1950 quod
3194 1885 3452 1948 apparet;
3479 1875 3535 1931 id
3586 1890 3685 1931 au-

2103 1984 2237 2042 tem,
2270 1974 2418 2046 quod
2447 1982 2535 2031 est
2563 1989 2752 2029 revera
2794 1982 2851 2028 et
2882 1971 3229 2042 intelligitur,
3260 1978 3346 2027 est
3376 1969 3529 2025 fraus
3574 1964 3689 2023 da:-

2099 2082 2349 2135 monum,
2378 2082 2501 2138 quae.
2539 2080 2671 2122 suos
2700 2067 2949 2122 cultores
2992 2064 3222 2120 abducit
3251 2063 3319 2118 ad
3370 2060 3684 2117 interitum.

2099 2160 2369 2231 lntellige,
2401 2174 2435 2215 ο
2467 2158 2822 2221 Maximiane,
2869 2167 2926 2213 et
2958 2158 3069 2214 bos
3096 2156 3290 2213 oculos
3321 2164 3379 2209 et
3432 2154 3688 2208 internus

2099 2252 2156 2311 in
2215 2252 2419 2309 catlum
2465 2252 2687 2313 tollens.
2746 2266 2930 2321 quaere
2981 2265 3048 2305 ex
3097 2249 3167 2303 iis
3223 2264 3346 2319 qua:
3394 2246 3684 2307 videntur.

2097 2354 2402 2402 creatorem
2425 2361 2441 2411 ;
2468 2345 2649 2415 qualis
2677 2345 2755 2400 sit
2782 2344 2988 2415 opifex,
3017 2343 3168 2399 disce
3197 2359 3261 2397 ex
3286 2339 3571 2412 operibus,
3629 2348 3690 2396 et

2098 2437 2250 2495 disce
2280 2436 2454 2493 Deum
2481 2436 2571 2506 pie
2600 2437 2806 2501 colere,
2837 2436 2934 2505 qui
2961 2451 3071 2490 non
3093 2433 3367 2505 sattguine
3403 2441 3462 2488 et
3490 2429 3688 2486 nidore

2101 2530 2334 2587 rationis
2384 2529 2695 2600 expertium
2738 2527 3126 2590 animantium,
3163 2526 3259 2585 sed
3318 2523 3544 2580 mundis
3582 2522 3687 2577 ho-

2100 2621 2312 2685 minum
2343 2619 2655 2681 delectatur
2683 2619 2905 2685 animis,
2937 2627 2994 2673 et
3024 2615 3231 2676 inundo
3259 2613 3447 2671 corde.

2171 2713 2343 2770 XXX.
2392 2712 2523 2775 Haec
2568 2727 2697 2768 cum
2740 2710 3009 2767 audiisset
3076 2706 3481 2771 Maximianus,
3527 2704 3684 2775 jubet

2098 2807 2344 2880 pondere
2370 2805 2614 2875 lapidum
2646 2804 2769 2875 ejus
2788 2801 3038 2859 maxillas
3083 2798 3361 2868 confringi
3407 2805 3465 2853 et
3509 2794 3676 2850 simul

2099 2898 2374 2963 clamabat
2412 2895 2708 2955 lictoribus
2751 2893 3003 2964 quidem,
3052 2899 3112 2949 ut
3148 2888 3368 2949 fortiter
3423 2897 3687 2957 percute-

2101 3004 2249 3059 rent,
2275 3000 2474 3048 saneto
2506 2999 2717 3053 autem,
2752 3001 2823 3043 ne
2847 2985 2982 3043 deos
3034 2981 3342 3039 maledictis
3374 2989 3681 3055 appeteret.

414 3068 681 3139 πάσχοντι
710 3067 789 3139 τῷ
837 3070 985 3139 ἀγίω
1026 3071 1230 3136 πάντες
1267 3072 1368 3142 μὲν
1415 3075 1464 3129 οί
1517 3075 1732 3143 ὀδόντες
1770 3077 1999 3149 ἀπηνῶς

2105 3084 2199 3147 Sic
2226 3098 2357 3153 ergo
2383 3080 2611 3153 patienti
2644 3088 2837 3149 sancto
2864 3091 3059 3135 omnes
3083 3075 3308 3146 quidem
3339 3072 3534 3133 dentes
3555 3079 3687 3127 sunt

414 3154 877 3228 ἐξεκρούσθησαν,
914 3160 969 3212 σί
1018 3159 1268 3229 σιαγόνες
1298 3163 1719 3235 συνετρίϐησαν,
1753 3167 1850 3221 καὶ
1896 3168 2001 3241 ήδη

419 3250 594 3320 μικρά
624 3251 859 3304 πνέοντα
889 3248 983 3309 καὶ
1016 3249 1141 3303 ὅσον
1174 3250 1331 3307 οὑπω
1379 3254 1518 3323 πρὸς
1551 3256 1612 3308 τὸ
1661 3257 1844 3311 θανεῖν
1877 3276 2005 3315 συν-

414 3339 728 3410 ωθούμενον
764 3339 870 3405 ἔξω
900 3340 1003 3409 τῆς
1040 3341 1255 3406 πόλεως
1287 3343 1603 3417 ἀπαχθῆναι
1637 3347 1875 3413 κελεύει,
1908 3352 2004 3405 καὶ

418 3428 561 3499 ξέφει
596 3429 697 3503 τὴν
752 3434 1296 3506 παῤῥησιασαμένην
1340 3437 1586 3511 κεφαλὴν
1633 3441 1999 3514 ἐκτμηθῆναι.

416 3528 527 3581 Καὶ
578 3526 752 3592 οὑτως
824 3530 852 3583 ό
899 3531 1281 3598 γενναιότατος
1327 3533 1514 3598 Ζήνων
1584 3537 1740 3608 τάχει
1822 3538 2003 3610 πολλῷ

415 3621 480 3674 τὸ
513 3620 789 3694 μακάριον
835 3622 1097 3687 διανύσας
1155 3625 1244 3679 τοῦ
1296 3628 1605 3698 μαρτυρίου
1644 3631 1856 3686 στάδιον
1901 3633 2003 3703 τὴν

418 3712 661 3784 κεφαλὴν
706 3715 1104 3783 ἀποτέμνεται,
1159 3716 1258 3771 καὶ
1288 3718 1425 3789 πρὸς
1457 3722 1699 3791 Χριστὸν
1733 3724 1829 3794 τὴν
1860 3725 2002 3787 πάν-

414 3823 526 3860 των
562 3807 805 3879 κεφαλὴν
833 3808 1188 3879 ἀναφέρεται.
1222 3810 1458 3878 Ἔμελλε
1489 3814 1545 3866 δὲ
1570 3814 1666 3868 καὶ
1688 3818 1716 3870 ό
1747 3818 1877 3887 περὶ
1909 3818 2004 3872 τὸν

417 3899 698 3970 Δωρόθεον
739 3900 884 3971 ἱερὸς
925 3900 1109 3971 χορὸς,
1166 3902 1255 3969 ὑφ’
1281 3901 1423 3958 οὑτω
1470 3905 1623 3976 καλῷ
1673 3910 2005 3980 ταττόμενος

416 3991 747 4060 διδασκάλῳ,
784 3990 864 4062 τῷ
924 3990 1083 4063 θείῳ,
1139 3992 1308 4063 φημὶ,
1381 3994 1641 4066 ’Δνθίμιρ,
1702 3997 1778 4068 μη
1828 3999 2003 4062 οὕτως

416 4083 837 4155 ἀστεφανώτους
872 4084 1022 4155 ἔχειν
1076 4084 1175 4147 τὰς
1211 4086 1455 4157 κεφαλάς
1481 4104 1496 4120 ⁸
1525 4089 1642 4144 ἀλλ’
1670 4090 2004 4164 ᾠκονομεῖτο

418 4177 513 4234 καὶ
551 4176 726 4232 ταῦτα
781 4176 937 4249 παρά
987 4178 1085 4247 τῆς
1132 4176 1284 4243 θείας
1344 4179 1556 4235 ἀνωθεν
1589 4183 1848 4254 χάριτοςο
1906 4186 2003 4242 καὶ

416 4271 723 4340 γράμματα
769 4269 869 4338 μὲν
901 4268 995 4322 τοῦ
1042 4268 1190 4341 ίεροῦ
1242 4268 1503 4342 Ἀνθίμου
1543 4274 1828 4345 ἐπέμπετο
1864 4277 2002 4348 πρὸς

415 4362 635 4426 αὑτοὺς,
673 4362 731 4415 ὲν
756 4361 921 4433 κώμη
955 4362 1054 4432 μέν
1083 4378 1188 4414 τινι
1221 4362 1390 4418 αὑτοῦ
1424 4367 1828 4437 κρυπτομένου.
1859 4371 2005 4424 εκεί-

414 4472 527 4516 νοις
571 4453 628 4507 δὲ
676 4453 928 4524 φανερῶς
966 4454 1396 4525 ἀγωνιζομένοις
1435 4458 1566 4529 εὐχῇ
1621 4459 1729 4514 τῶν
1773 4461 2003 4530 ἀγώνων

413 4546 611 4616 ἄριστα
637 4548 1142 4615 συνεφαπτομένου.
1171 4548 1341 4602 Τοῦτο
1362 4548 1488 4604 ἐπεὶ
1516 4553 1626 4616 τοῖς
1647 4551 1741 4606 τοῦ
1767 4557 2006 4625 παρανό-

416 4656 519 4709 μου
555 4637 823 4708 βασιλέως
868 4638 1244 4704 ὑπασπισταῖς
1281 4640 1446 4711 δῆλον
1484 4643 1730 4711 γέγονεν,
1764 4647 1904 4705 αὑτά
1944 4665 2004 4703 τε

411 4734 481 4789 τὰ
517 4734 828 4802 γράμματα
854 4732 953 4786 καὶ
986 4731 1079 4785 τὸν
1108 4732 1297 4785 ἐκεῖνα
1323 4737 1762 4805 πεπιστευμένον
1788 4736 1867 4806 τῷ
1901 4738 2004 4810 βα-

414 4825 556 4877 σ;λεῖ
600 4824 968 4896 παριστῶσιν.
1004 4823 1067 4878 '0
1102 4822 1158 4876 δὲ
1211 4823 1402 4877 τοῦτον
1456 4825 1603 4891 ίδὼν,
1660 4827 1910 4884 ἐπελθὼν
1943 4831 2000 4888 δὲ

412 4916 508 4967 καὶ
538 4914 605 4967 τά
633 4915 1003 4985 γεγραμμένα
1036 4916 1414 4986 (ὲγγέγραπτο
1440 4915 1499 4970 δὲ
1528 4911 1615 4970 οἶα
1645 4919 1792 4982 elui);
1831 4919 1998 4973 ἀδού-

409 5008 551 5077 λητα
579 5008 680 5080 μὲν
710 5005 929 5079 ἐκείνῳ.
970 5008 1236 5080 χαρίεντα
1266 5008 1324 5061 δὲ
1372 5009 1467 5064 καὶ
1512 5011 1804 5083 σωτήρια),
1835 5012 1995 5084 θυμῷ

409 5102 596 5173 πολλῷ
637 5102 781 5174 ῥέων
843 5104 1107 5158 επέταττε
1137 5104 1238 5172 τὴν
1282 5105 1365 5167 εἰς
1403 5103 1566 5175 τάχος
1598 5105 1782 5161 αὑτῶν
1816 5107 1997 5180 παρά-

412 5211 628 5249 στασιν.
656 5193 834 5259 Εύθὺς
859 5190 954 5253 οὖν
982 5195 1179 5250 ὲκείνοι
1200 5195 1564 5265 παρίσταντο.

479 5287 609 5341 AA'.
646 5288 757 5342 Καὶ
781 5289 811 5341 ὁ
841 5286 1123 5358 pacato:
1160 5284 1309 5358 'Apa
1342 5289 1418 5359 μὴ
1450 5293 1682 5361 μάταιος
1712 5291 1813 5365 τὴν
1838 5293 1993 5347 είκα-

412 5378 537 5435 σίαν
565 5379 677 5449 ἑγὼ
707 5380 998 5450 προλέγων
1029 5381 1104 5446 ὡς
1135 5381 1269 5451 ἐμοῦ
1304 5382 1404 5453 μὲν
1434 5384 1712 5455 ἀπέστητε
1743 5400 1759 5451 ;
1787 5384 1989 5456 μᾶλλον

407 5469 465 5527 δὲ
497 5471 620 5542 ἥδη.
657 5472 982 5545 κατάρατοι,
1025 5479 1119 5528 καὶ
1159 5476 1610 5549 κατεξανέστητε,
1642 5478 1779 5550 πρὸς
1800 5479 1990 5552 ἔτερον

407 5560 466 5614 δὶ
521 5562 645 5617 λίαν
701 5565 1233 5639 ἐκπεπολεμωμένον
1280 5570 1418 5641 ἡμῖν
1466 5572 1822 5632 ὰπεκλίνατε.
1879 5573 1990 5630 Καὶ

476 5742 555 5814 (7)
592 5744 791 5800 Baron.
820 5746 886 5801 ad
917 5763 1005 5803 an.
1034 5744 1159 5803 302.

2103 3177 2418 3237 immaniter
2449 3173 2695 3241 excussi,
2741 3171 2978 3229 maxillae
3024 3183 3157 3225 vero
3203 3174 3334 3223 sunt
3385 3162 3682 3221 contritae:

2101 3280 2159 3325 et
2182 3270 2295 3341 iam
2323 3283 2517 3338 parum
2548 3267 2849 3336 spirantem
2885 3270 2945 3319 et
2987 3276 3113 3322 mox
3162 3259 3492 3318 moriturum
3521 3255 3684 3327 jubet

2102 3361 2302 3425 abduci
2334 3370 2487 3417 extra
2541 3359 2849 3424 civitatem,
2879 3365 2935 3412 et
2963 3355 3240 3425 amputari
3295 3358 3484 3422 caput,
3530 3348 3679 3419 quod

2101 3455 2279 3511 libere
2305 3460 2425 3515 erat
2447 3452 2714 3511 locutum.
2771 3450 2842 3506 Et
2870 3449 2952 3506 sic
2995 3449 3145 3503 Zeno
3203 3442 3684 3517 generosissimus.

2102 3561 2231 3605 cum
2270 3559 2464 3615 magna
2502 3543 2786 3599 celeritate
2817 3541 3121 3612 peregisset
3177 3538 3399 3603 beatum
3442 3534 3683 3591 stadium

2104 3637 2379 3709 martyrii,
2409 3643 2730 3703 :truucatur
2783 3633 2984 3703 capite,
3030 3640 3087 3686 et
3135 3626 3586 3685 sursum-fertur
3615 3624 3686 3681 ad

2103 3730 2385 3790 Christum
2439 3737 2609 3799 caput
2647 3727 2917 3783 ninnium.
2974 3727 3143 3780 Sacer
3190 3737 3410 3793 quoque
3455 3720 3683 3776 chorus.

2105 3824 2201 3895 qui
2232 3831 2355 3879 erat
2386 3823 2533 3879 circa
2565 3819 2922 3883 Dorotheum,
2952 3819 3045 3888 qui
3067 3833 3098 3873 s
3126 3827 3236 3872 tam
3259 3819 3403 3881 bono
3426 3813 3683 3869 institue-

2104 3917 2267 3972 batur
2300 3915 2586 3984 magistro,
2619 3913 2830 3978 divino,
2859 3912 3107 3982 inquam,
3155 3911 3435 3971 Antliimo.
3469 3927 3579 3963 non
3605 3909 3688 3963 sic

2102 4016 2222 4063 erat
2253 4005 2545 4060 habiturus
2564 4002 2744 4072 capita
2791 4002 3135 4065 incoronata,
3183 4002 3280 4056 sed
3314 4002 3432 4054 haec
3463 4014 3687 4069 quoque

2104 4112 2344 4167 superne
2373 4095 2837 4166 dispensabantur
2870 4109 2934 4149 ac
2976 4094 3419 4164 providebantur
3441 4108 3471 4146 a
3501 4091 3685 4147 divina

2105 4188 2299 4262 gratia.
2332 4188 2401 4244 Et
2427 4204 2458 4243 a
2488 4197 2842 4243 sacrosancto
2902 4186 3126 4257 quidem
3186 4185 3453 4241 Anthimo
3483 4184 3554 4239 ad
3592 4199 3690 4238 eos

2106 4284 2469 4339 mittebantur
2499 4283 2715 4347 litteris,
2743 4283 2862 4352 ipso
2892 4281 3115 4352 quidem
3160 4280 3213 4335 in
3267 4280 3507 4350 quodam
3564 4277 3689 4332 vico

2105 4377 2484 4441 delitescente,
2551 4375 2678 4431 illos
2731 4386 2915 4430 autem
2978 4384 3170 4446 aperte
3227 4373 3572 4429 decertantes
3620 4373 3686 4427 ad

2108 4468 2464 4539 suscipienda
2495 4478 2721 4523 strenue
2746 4468 3048 4523 certamina
3085 4466 3344 4539 precibus
3369 4465 3686 4538 adiuvante.

2112 4559 2229 4615 Iloc
2254 4569 2544 4631 postquam
2598 4560 2774 4615 evasit
2806 4560 3159 4616 manifestum
3220 4559 3475 4615 scelerati
3515 4559 3687 4629 impe—

2109 4651 2316 4707 ratoris
2352 4651 2704 4718 satellitibus,
2735 4659 2792 4706 et
2839 4651 2986 4722 ipsas
3017 4650 3255 4715 litteras,
3304 4659 3362 4705 et
3409 4664 3561 4711 eum.
3594 4650 3683 4703 cui

2106 4753 2267 4800 erant
2297 4742 2460 4809 data),
2499 4743 2785 4798 adducunt.
2825 4744 2893 4799 ad
2923 4746 3334 4815 imperatorem.
3377 4743 3472 4798 Ille
3500 4749 3684 4797 autem

2104 4850 2231 4890 cum
2260 4850 2388 4890 eum
2428 4835 2660 4891 vidisset
2710 4844 2769 4890 et
2802 4836 3023 4901 legisset
3074 4852 3197 4906 qua:
3224 4835 3430 4905 scripta
3478 4843 3638 4889 erant
3668 4852 3682 4888 :

2103 4927 2310 4998 scripta
2335 4944 2470 4983 vero
2494 4936 2675 4993 erant,
2712 4937 2772 4984 ιιι
2809 4938 2895 4984 est
2925 4929 3253 4993 verisimile,
3285 4943 3409 4999 qua:
3437 4927 3530 4983 ille
3561 4928 3686 4999 qui-

2102 5022 2227 5079 dem
2258 5023 2501 5089 nolebat,
2530 5024 2762 5095 pulchra
2810 5035 2994 5081 autem
3052 5031 3213 5080 erant
3269 5033 3326 5079 et
3377 5023 3680 5079 salutaria:

2103 5114 2185 5171 ira
2242 5125 2502 5181 aestuans,
2539 5117 2706 5188 jussit
2754 5133 2852 5173 eos
2900 5116 3310 5188 quamprimum
3340 5113 3559 5171 adduci.
3597 5116 3682 5172 Illi

2099 5222 2233 5278 ergo
2258 5208 2441 5263 statim
2473 5216 2603 5263 sunt
2631 5207 2876 5264 adducti.

2170 5297 2366 5355 XXXI.
2402 5299 2711 5370 Imperator
2738 5308 2964 5355 autem:
3012 5299 3260 5363 Vanane,
3312 5299 3513 5369 inquit,
3577 5298 3684 5354 fuit

2099 5404 2221 5445 mea
2278 5390 2617 5460 conjectura,
2666 5406 2793 5447 cum
2848 5389 3224 5461 praedicerem,
3260 5405 3359 5447 vos
3385 5406 3416 5447 a
3450 5406 3538 5446 me
3583 5390 3682 5447 de-

2100 5482 2296 5542 fecisse
2314 5486 2339 5537 ?
2366 5484 2481 5540 Imo
2509 5498 2663 5548 vero.
2693 5483 3046 5550 exsecrandi,
3072 5484 3185 5555 jam
3215 5483 3382 5541 etiam
3413 5482 3679 5539 adversus

2100 5592 2186 5634 me
2216 5576 2613 5644 insurrexistis,
2650 5576 2718 5633 sd
2769 5576 2936 5633 alium
2987 5588 3194 5649 autem,
3249 5594 3376 5636 eum
3421 5590 3531 5648 quo
3574 5589 3679 5632 nos
