4140 6382
403 291 405 293 ’
453 277 592 341 1075
1610 281 1992 341 ADDENDA.

2143 283 2575 346 DECEMBER.
3577 280 3717 345 1076

449 405 579 445 acre
606 389 809 445 bellum
844 390 1104 462 gerimus,
1166 393 1559 467 transfugistis.
1609 398 1679 451 Et
1734 397 1895 452 simul
1938 395 2025 451 dat

2137 396 2253 466 ἅμα
2294 395 2392 469 τὴν
2428 395 2720 467 ἐπιστολὴν
2747 396 3144 466 ἀναγινώσκειν
3172 391 3369 450 ἐδίδου.
3414 392 3716 466 Ἐπίτρεπε

451 481 532 535 eis
555 481 838 551 legendam
859 482 1503 551 epistolamJussitvero
1518 504 1644 544 eum
1668 505 1910 560 quoque,
1932 487 2025 560 qui

2133 488 2189 542 δὲ
2217 489 2315 542 καὶ
2342 488 2432 544 τὸν
2462 488 2861 560 ἐπιφερόμενον
2903 488 3223 560 εἰσαχθῆναι
3252 501 3268 516 ⁸
3299 486 3360 539 δν
3400 487 3509 555 ἄρα
3541 488 3638 540 καὶ
3665 488 3721 540 οί

446 582 845 642 apportaverat
870 574 1017 629 illam
1053 576 1349 633 introduci.
1383 577 1555 645 Quem
1586 594 1710 635 cum
1764 580 2025 636 Vidissent

2137 583 2417 655 μάρτυρες
2446 582 2777 648 θεασάμενοι
2813 583 2954 635 πάνυ
2990 580 3088 653 τὴν
3112 580 3293 650 ψυχὴν
3321 578 3594 650 ἥσθησαν,
3623 580 3718 675 irai.
3760 662 3773 675 ⁸

451 674 741 735 martyres,
771 666 929 722 valde
978 669 1149 724 laetati
1208 678 1338 725 sunt
1394 673 1600 739 animo,
1634 689 1894 743 eumque,
1922 675 2025 730 etsi

2131 675 2308 740 οὕτως
2352 678 2429 741 ὡς
2475 673 2623 749 εἶχον
2678 680 2770 730 καὶ
2800 676 3086 749 πόρρωθεν
3132 674 3287 736 ὅντες
3334 673 3575 743 σχήματι
3623 670 3720 723 καὶ

452 758 647 827 procul
680 767 914 824 starent,
941 761 1096 816 vultu
1129 770 1185 818 et
1207 771 1342 817 nutu
1372 764 1703 821 salutarunt.
1742 765 2025 820 Maximia-

2132 767 2365 839 νεύματι
2396 768 2836 840 κατησπάζοντο.
2874 767 3219 838 Μαξιμιανδς
3251 765 3307 820 δὲ
3333 765 3497 834 δγκον
3532 762 3715 834 ἑαυτῷ

450 866 558 907 nus
584 859 767 906 autem
795 851 995 907 fastum
1020 855 1313 924 quemdam
1340 863 1396 911 et
1430 858 1686 928 spiritum
1712 858 2025 929 suscipiens

2132 861 2378 931 περιθεὶς
2405 861 2631 932 ἀρχικὸν
2651 901 2665 926 ,
2687 864 2781 915 καὶ
2830 861 3040 930 ἀπηνὲς
3079 859 3216 930 πρὸς
3255 859 3461 912 ἐκεῖνον
3493 855 3716 926 βλέψας,

450 943 738 1013 principis,
771 953 827 999 et
849 945 1167 1001 immaniter
1223 964 1351 1004 eum
1387 950 1646 1006 intuens:
1704 950 1804 1006 Dic
1868 952 2025 1018 mihi,

2132 951 2275 1019 Λέγε
2314 969 2426 1022 μοι,
2455 952 2583 1022 ἔφη,
2619 952 2874 1023 δύστηνε,
2913 953 2998 1011 τίς
3029 954 3056 1006 ὁ
3097 950 3272 1006 ταῦτά
3311 968 3393 1004 σοι
3439 950 3585 1013 δοὺς,
3620 949 3718 1003 καὶ

450 1035 655 1107 inquit,
684 1037 891 1103 infelix,
927 1040 1052 1109 quis
1075 1049 1181 1104 est,
1234 1043 1328 1111 qui
1362 1042 1478 1098 haec
1539 1043 1640 1098 tibi
1675 1044 1922 1110 tradidit,
1973 1053 2025 1100 et

2132 1044 2236 1097 ποῦ
2279 1045 2481 1115 δήποτε
2518 1047 2618 1114 γῆς
2668 1044 2754 1117 εἴη
2805 1046 3210 1116 κρυπτόμενος.
3255 1042 3317 1097 '0
3363 1041 3423 1097 δὲ
3467 1042 3719 1103 διάκονος

452 1128 677 1183 ubinam
709 1129 843 1185 latet
870 1132 1191 1187 terrarum?
1224 1133 1498 1190 Diaconus
1543 1151 1694 1199 vero,
1727 1151 1853 1191 cum
1909 1152 2025 1192 ma-

2134 1138 2275 1207 μέγα
2326 1137 2463 1210 πρὶς
2492 1137 2626 1192 Θεὸν
2676 1137 2949 1210 πρότερον
2996 1140 3173 1207 σιωπῇ
3227 1135 3454 1207 βοήσας,
3490 1134 3721 1203 αἰτησά-

451 1227 559 1288 gna
587 1233 721 1275 voce
745 1221 908 1277 tacite
940 1223 1005 1276 ad
1034 1225 1203 1279 Deum
1232 1227 1388 1295 prius
1410 1228 1720 1293 clamasset,
1749 1237 1803 1283 et
1834 1230 2025 1298 petiis-

2135 1230 2295 1301 μενός
2323 1249 2384 1283 τε
2419 1230 2684 1300 στόματος
2722 1231 2975 1302 παροχὴν
3010 1232 3151 1284 κατὰ
3184 1230 3284 1298 τὴν
3309 1227 3718 1299 ἀψευδεστάτην

453 1319 555 1376 set,
603 1321 665 1366 ut
692 1315 1088 1371 convenienter
1117 1318 1420 1373 verissime
1456 1320 1813 1388 promissioni
1869 1322 2025 1379 dare-

2131 1322 2497 1389 ὲπαγγελίαν,
2536 1322 2598 1375 '0
2634 1322 2733 1393 μὲν
2755 1323 2823 1376 τὰ
2848 1323 3158 1393 γράμματα
3184 1322 3329 1386 δοὺς,
3356 1322 3483 1391 ἔφη,
3511 1320 3719 1390 ποιμὴν

450 1404 673 1458 tursibi
705 1406 818 1461 oris
841 1408 1094 1475 apertio:
1143 1408 1247 1475 Qui
1302 1411 1534 1474 litteras,
1590 1413 1789 1482 inquit,
1852 1415 2027 1478 dedit,

452 1506 576 1547 cum
600 1493 673 1548 sit
703 1503 912 1563 pastor,
943 1506 1000 1551 et
1030 1498 1224 1567 procul
1254 1499 1421 1564 absit,
1456 1515 1674 1571 gregem
1707 1502 2030 1558 cohortatur

451 1592 506 1638 et
538 1583 730 1639 incitat
751 1585 818 1639 ad
858 1585 1160 1656 pietatem:
1192 1598 1248 1665 et
1275 1590 1511 1645 maxime
1536 1607 1660 1646 cum
1679 1595 1913 1648 senserit
1947 1596 2030 1648 in-

2129 1410 2206 1466 ὣν
2240 1413 2335 1467 καὶ
2372 1414 2594 1485 μακρὰν
2622 1414 2886 1484 ὑπάρχων
2919 1414 2981 1467 τὸ
3020 1413 3274 1482 ποίμνιον
3305 1412 3598 1481 συγκροτεῖ
3617 1411 3716 1464 καὶ

2131 1504 2448 1576 παραθήγει
2482 1505 2621 1576 πρὸς
2650 1506 2752 1578 τὴν
2778 1506 3082 1569 εὐσέϐειαν,
3114 1505 3209 1558 καὶ
3258 1505 3500 1574 μάλιστα
3544 1503 3621 1556 ὅτ’
3646 1503 3715 1557 ἂν

2130 1599 2228 1652 καὶ
2285 1598 2468 1652 λύκων
2520 1597 2775 1670 αἴσθηται
2833 1598 2926 1652 καὶ
2955 1597 3166 1668 Θηρίων
3214 1596 3552 1667 ἐπιδρομῆςο
3591 1596 3713 1650 τότε

450 1677 764 1732 cursionem
796 1677 1050 1748 luporum
1076 1688 1133 1735 et
1162 1680 1429 1737 ferarum.
1461 1682 1617 1740 Tunc
1648 1686 1794 1740 enim
1827 1687 1935 1740 alta
1970 1696 2025 1741 et

459 1768 1127 1788 Δημηηηηνξ..
1330 1783 1341 1788 -
1440 1783 1452 1788 -
1670 1777 1873 1788 .
1973 1780 1985 1788 .

2130 1692 2238 1763 γάρ
2270 1693 2363 1746 καὶ
2392 1692 2639 1763 διάτορόν
2676 1708 2730 1746 τι
2772 1691 3027 1763 σημαίνει
3057 1691 3135 1760 τῷ
3168 1689 3408 1762 ποιμνίῳ
3439 1689 3536 1743 καὶ
3566 1689 3710 1788 πάνυ

450 1768 600 1823 clara
635 1783 773 1825 voce
798 1785 900 1825 suo
926 1772 1075 1842 gregi
1098 1773 1367 1852 imperat,
1402 1783 1458 1830 et
1490 1791 1611 1846 quae
1641 1777 1750 1833 sint
1772 1778 2023 1834 facienda

2128 1782 2403 1854 λαμπρόν.
2445 1786 2511 1838 Ἀ
2537 1783 2592 1838 δὲ
2626 1784 2722 1838 καὶ
2745 1785 2892 1853 λέγει
2913 1783 3015 1854 οὐχ
3038 1782 3253 1845 ἑαυτοῦ,
3284 1781 3421 1835 ἀλλά
3443 1781 3538 1834 τοῦ
3567 1778 3715 1851 πρώ-

449 1856 739 1929 signiticat.
770 1859 900 1926 Qua
924 1848 1110 1917 autem
1140 1863 1295 1928 dicit,
1328 1881 1440 1919 non
1475 1875 1607 1921 sunt
1651 1884 1772 1935 sua,
1812 1870 1907 1924 sed
1958 1886 2022 1926 ea

2128 1848 2219 1928 του
2252 1848 2509 1945 ποιμένος
2538 1875 2651 1946 ἔχει
2694 1848 3054 1946 παραλαϐὼν,
3093 1892 3112 1925 ι
3153 1875 3245 1944 Μὴ
3296 1848 3716 1943 φοϐηθῆτείλέ-

450 1951 664 2021 accepit
691 1967 721 2007 a
748 1953 922 2023 primo
946 1965 1187 2024 pastore,
1215 1957 1307 2026 qui
1340 1957 1509 2012 dicit:
1545 1978 1564 2011 ι
1595 1959 1776 2015 Nolite
1827 1961 2023 2019 timere

2128 1984 2335 2037 γοντος,
2371 1968 2480 2023 ἀπὸ
2517 1969 2630 2021 τῶν
2693 1968 3129 2022 ἀποκτεινόντων
3192 1965 3251 2020 τὸ
3288 1966 3467 2034 σῶμα,
3510 1964 3607 2035 τὴν
3653 1963 3713 2016 δὲ

448 2054 545 2094 eos
571 2041 665 2110 qui
695 2042 958 2099 occidunt
984 2060 1205 2116 corpus,
1246 2049 1486 2103 animam
1519 2059 1703 2106 autem
1755 2067 1863 2107 non
1894 2070 2025 2123 pos-

448 2141 578 2187 sunt
607 2134 860 2192 occidere
893 2138 936 2193 ".
970 2157 989 2192 ι
1018 2138 1196 2209 Atque
1227 2140 1341 2196 dixi
1368 2142 1616 2214 quidem,
1649 2145 1903 2215 quisnam
1928 2146 2027 2202 de-

447 2222 595 2278 derit
641 2225 902 2283 litteras:
939 2229 1164 2284 ubinam
1224 2244 1408 2287 autem
1467 2234 1579 2301 sit,
1659 2251 1770 2291 non
1819 2237 2020 2293 dicam.

447 2315 653 2387 Aperta
679 2320 826 2374 enim
862 2320 1031 2377 fuerit
1066 2323 1305 2388 insania,
1337 2326 1577 2395 pastoris
1625 2343 1746 2384 esse
1782 2331 2027 2399 prodito-

447 2423 567 2463 rem
597 2425 725 2464 eum
751 2412 843 2481 qui
873 2428 939 2467 ex
993 2413 1086 2468 illo
1117 2416 1410 2471 maximam
1442 2419 1657 2488 accepit
1686 2421 1979 2477 utilitatem
2007 2439 2020 2475 :

447 2501 544 2571 qui
578 2502 747 2558 etiam
777 2504 986 2575 absque
1031 2507 1189 2563 nobis
1216 2524 1343 2563 mox
1377 2509 1472 2566 ﬁet
1494 2512 1841 2570 manifestus.
1904 2513 2025 2570 Non

447 2612 612 2668 posse
636 2600 783 2654 enim
814 2601 1083 2658 abscondi
1110 2604 1390 2660 civitatem
1424 2622 1594 2675 supra
1627 2616 1875 2664 montem
1926 2624 2029 2681 po-

449 2687 635 2754 sitam,
670 2705 775 2745 vox
805 2690 992 2757 divina
1018 2692 1177 2761 dixit,
1207 2703 1263 2751 et
1294 2697 1410 2751 veri
1437 2698 1672 2753 amatrix
1700 2699 1744 2754 ³.

520 2779 740 2836 XXXII.
780 2780 908 2839 Haec
940 2800 1063 2839 cum
1099 2784 1398 2843 fortissime
1430 2788 1660 2846 dixisset
1687 2790 1868 2867 lingua
1905 2809 2032 2850 san-

449 2883 693 2937 cta,non
732 2875 913 2932 ferens
934 2875 1297 2935 Maximianus
1340 2881 1558 2937 dicendi
1590 2883 1923 2952 libertatem,
1970 2899 2031 2945 ut

450 2964 569 3034 ipsa
590 2975 990 3037 amputaretur,
1014 2984 1138 3025 eum
1166 2971 1518 3029 condemnat.
1546 2974 1753 3032 Deinde
1780 2977 2032 3049 sicjubet

2123 2060 2305 2131 ψυχὴν
2344 2060 2418 2130 μὴ
2470 2060 2786 2130 δυναμένων
2810 2061 3150 2114 ἀποκτεῖναι.
3187 2077 3205 2111 ι
3233 2058 3330 2123 Τίς
3379 2058 3480 2127 μὲν
3517 2055 3612 2111 οὖν
3641 2055 3715 2108 τὰ

2125 2153 2434 2223 γράμματα
2484 2152 2608 2215 δοὺς
2641 2153 2878 2224 εῐρηκα·
2915 2154 3049 2208 ὅπου
3098 2152 3154 2206 δὲ
3199 2152 3295 2206 καὶ
3336 2150 3482 2204 ἐστιν
3511 2150 3612 2203 οὐκ
3647 2148 3714 2202 ἀν

2126 2245 2374 2313 εἴποιμι·
2415 2246 2580 2316 μανία
2614 2247 2726 2314 γὰρ
2773 2247 2841 2299 ἂν
2872 2246 2958 2316 εἴη
3012 2244 3193 2315 σαφὴς
3224 2244 3484 2315 ποιμένος
3516 2241 3715 2314 atpode

2124 2353 2226 2406 την
2270 2336 2523 2406 γενέσθαι
2553 2336 2647 2389 τὸν
2706 2337 2929 2406 πολλῆς
2957 2338 3302 2402 ἀωνάμενον
3342 2334 3560 2387 ἑκείνου
3613 2332 3718 2402 τῆς

2126 2430 2414 2500 ὠφελείας·
2438 2432 2497 2494 ὃς
2529 2447 2593 2500 γε
2626 2431 2718 2484 καὶ
2758 2430 2933 2501 χωρὶς
2962 2430 3122 2502 ἡμῶν
3141 2430 3266 2483 ὅσον
3295 2427 3451 2482 οὔπω
3481 2426 3716 2497 φανερὶς

2129 2523 2554 2592 καταστήσεται.
2610 2522 2762 2582 Μηδὲ
2795 2523 2904 2594 γὰρ
2941 2521 3203 2576 δύνασθαι
3235 2520 3391 2575 πόλιν
3442 2519 3717 2589 κρυϐῆναι

2138 2614 2328 2668 ἐπάνω
2358 2613 2520 2684 ὅρους
2580 2615 2841 2684 κειμένην
2891 2616 2925 2686 ἡ
2970 2614 3089 2669 θεία
3138 2615 3232 2670 καὶ
3282 2612 3580 2686 φιλαλήθης
3610 2612 3714 2682 ἔφη

2129 2709 2305 2779 φωνή.

2201 2802 2324 2856 ΔΒ’.
2357 2801 2543 2855 Ταῦτα
2570 2802 2668 2871 τῆς
2704 2802 2863 2870 ἁγίας
2895 2800 3142 2871 γλώττης
3173 2800 3529 2868 ἀνδρειότατα
3555 2793 3718 2862 λεξαο

2134 2892 2302 2964 μένης
2326 2895 2354 2948 ό
2388 2892 2756 2963 Μαξιμιανδς,
2787 2894 2884 2965 οὐχ
2919 2893 3219 2963 ὑπομείνας
3248 2893 3347 2962 τὴν
3376 2889 3712 2962 παρρησίαν,

2132 2983 2373 3055 ἐκτομὴν
2405 2985 2574 3053 αὐτῆς
2625 2984 2946 3055 κατακρίνει
2971 3001 2985 3016 ο
3022 2980 3122 3037 εἷθ’
3176 2981 3318 3036 οὕτω
3343 2981 3513 3044 λίθοις
3552 2979 3715 3033 αύτδν

448 3073 574 3112 eum
602 3058 762 3114 obrui
792 3060 1088 3129 lapidibus.
1113 3064 1181 3119 Et
1210 3065 1299 3120 ille
1326 3067 1550 3137 quidem
1573 3079 1697 3138 post
1719 3086 1891 3129 sacra
1918 3073 2025 3128 lin-

2132 3074 2345 3128 κελεύει
2401 3073 2860 3146 καταλευσθῆναι.
2920 3074 3028 3127 Καὶ
3059 3074 3088 3126 ό
3147 3074 3246 3143 μὲν
3281 3071 3422 3127 οὕτω
3454 3069 3591 3142 μετά
3616 3069 3716 3140 τὴν

449 3165 570 3220 gua:
601 3151 934 3209 ablationem
964 3154 1044 3210 sic
1081 3155 1316 3213 obrutus
1346 3158 1640 3229 lapidibus,
1672 3162 1778 3218 tela
1805 3163 2029 3232 quidem

448 3241 587 3296 nihil
626 3244 855 3301 curabat
882 3261 897 3310 ;
929 3247 1024 3302 sed
1054 3263 1288 3318 corpore
1329 3251 1555 3320 quidem
1571 3253 1685 3322 jam
1730 3256 1921 3311 attrito
1946 3256 2031 3325 ia-

449 3332 846 3401 culationibus,
872 3338 1071 3406 partim
1095 3349 1278 3394 autem
1302 3342 1503 3397 obruto
1528 3342 1824 3412 lapidibus,
1845 3348 2027 3405 adhuc

455 3424 631 3494 magis
681 3424 1018 3496 erigebatur,
1036 3437 1089 3484 et
1146 3431 1201 3485 in
1236 3434 1405 3488 etelos
1429 3436 1797 3493 extollebatur
1818 3441 2022 3508 anima,

448 3512 673 3570 Christo
708 3516 956 3585 angulari
989 3518 1161 3589 lapidi
1188 3523 1588 3594 coniungenda,
1614 3528 1809 3585 Adhuc
1862 3532 2028 3589 vehe-

448 3615 664 3661 menter
722 3606 1063 3665 irascebatur
1119 3612 1499 3672 Maximianus.
1530 3618 1797 3685 Quocirca
1848 3624 2027 3680 Doro-

449 3698 640 3753 theum
665 3714 789 3754 cum
819 3700 936 3758 suis
965 3703 1287 3773 multiplicia
1309 3710 1577 3778 excepere
1607 3712 1899 3782 supplicia.
1918 3715 2029 3773 Illis

447 3803 582 3844 vero
598 3788 823 3846 minime
856 3801 1120 3863 perpetua
1150 3794 1328 3850 defuit
1373 3801 1701 3868 constantia,
1746 3801 2026 3861 Christum

448 3883 860 3951 invocantibus,
890 3894 947 3941 et
1008 3896 1279 3945 tormenta
1304 3899 1359 3946 et
1387 3892 1528 3947 levia
1552 3906 1606 3948 et
1631 3894 1903 3953 ititbeeilla
1927 3900 2027 3954 mi-

448 3973 600 4030 nime
622 3976 968 4041 curantibus,
996 3979 1086 4034 vel
1136 3981 1324 4052 potius
1354 3987 1742 4053 reputantibus
1772 3989 1865 4045 illa
1925 4006 2030 4061 pro

449 4065 686 4133 deliciis,
717 4077 774 4123 et
801 4076 1033 4141 tyranno
1063 4070 1398 4142 impietatem
1413 4078 1670 4133 acerbius
1684 4082 2028 4151 exprobran-

450 4158 619 4216 tibus.
650 4160 1017 4227 Quamobrem
1059 4164 1148 4219 ille
1168 4166 1279 4236 jam
1328 4166 1598 4234 defessus,
1652 4176 2027 4232 communiter

448 4241 675 4312 quidem
703 4259 895 4301 omnes
920 4255 1097 4303 morte
1124 4249 1480 4316 condemnat,
1539 4254 1786 4312 diversas
1838 4270 2025 4315 autem

2131 3165 2229 3235 τῆς
2262 3166 2412 3236 ἱερᾶς
2458 3164 2705 3237 γλώττης
2759 3165 3070 3237 ἀφαίρεσιν,
3101 3160 3227 3218 εἶτα
3254 3164 3351 3218 καλ⁴
3397 3165 3512 3227 τοῖς
3541 3161 3715 3224 λίθοις

2132 3257 2486 3328 βαλλόμενος,
2526 3259 2639 3311 τῶν
2691 3254 2791 3329 μὲν
2843 3258 3013 3329 βελῶν
3056 3257 3369 3330 ἐφρόντιζεν
3418 3254 3712 3325 οὐδαμῶς*

2132 3348 2268 3401 ἀλλά
2301 3348 2392 3402 τοῦ
2419 3342 2670 3421 σώματος
2689 3349 2784 3404 τοῦ
2816 3349 2915 3420 μὲν
2942 3350 3041 3421 ἤδη
3073 3352 3193 3413 ταῖς
3228 3347 3411 3419 βολαῖς
3435 3346 3716 3418 ἒκτριδέν-

2129 3456 2220 3503 τος
2249 3441 2282 3511 ἡ
2320 3440 2466 3512 ψυχὴ
2526 3440 2607 3495 ἔτι
2656 3443 2751 3496 καὶ
2783 3442 2983 3512 μᾶλλον
3031 3441 3216 3513 ᾔρετο,
3250 3441 3344 3494 καὶ
3372 3439 3593 3510 bal/(.510,
3618 3437 3715 3492 καὶ

2130 3532 2263 3603 πρὸς
2295 3530 2556 3603 οὐρανοὺς
2584 3534 2899 3604 ἀνεφέρετο,
2926 3534 3002 3605 τῷ
3025 3532 3407 3603 ἀκρογωνιαίῳ
3430 3531 3563 3602 λίθῳ
3581 3531 3714 3598 Χρι-

2131 3624 2239 3696 στῷ
2270 3627 2876 3698 συναφθησομένη.⁹Ετι
2898 3627 3224 3698 Μαξιμιανῷ
3248 3625 3415 3688 πολὺς
3447 3626 3475 3678 δ
3503 3623 3706 3693 θυμός·

2128 3718 2208 3772 διὸ
2241 3719 2331 3771 καὶ
2363 3719 2489 3782 τοὺς
2517 3721 2646 3788 περὶ
2671 3720 2946 3793 Δωρόθεον
2981 3720 3211 3789 βάσανοι
3236 3716 3533 3780 πολυειδεῖς
3568 3730 3710 3781 παρ·

2128 3810 2454 3881 ελάμὸανον.
2485 3812 2595 3865 Καὶ
2624 3813 2736 3876 τοῖς
2767 3813 2866 3883 μὲν
2898 3811 3112 3883 δημίοις
3151 3812 3205 3865 ai
3239 3813 3421 3881 χεῖρες
3455 3808 3710 3879 ἔκαμνον,

2129 3905 2355 3970 ἐκείνοις
2392 3906 2448 3960 δὲ
2491 3911 2523 3977 ἡ
2560 3906 2808 3971 ἔνστασις
2841 3906 3091 3977 οὐδαμῶς
3139 3905 3327 3975 ἔληγε,
3369 3903 3461 3956 τὸν
3489 3901 3709 3973 βασιλέα

2127 3997 2523 4067 ἐπιϐοωμένοις
2552 3998 2808 4070 Χριστὸν,
2841 4000 2935 4051 καὶ
2959 3998 3068 4051 τῶν
3098 3998 3343 4068 βασάνων
3371 3991 3459 4048 οἷα
3491 3993 3710 4064 φαύλων

2128 4091 2223 4144 καὶ
2252 4089 2496 4144 ἀσθενῶν
2529 4091 2733 4161 ἥκιστα
2763 4091 3275 4162 ἐπιστρεφομένοις.
3307 4090 3508 4160 μᾶλλον
3530 4087 3587 4142 δὲ
3615 4086 3710 4141 καὶ

2125 4180 2202 4245 ὡς
2223 4182 2439 4252 τρυφὰς
2476 4182 2691 4247 ὲκείνας
2720 4182 3093 4254 λογιζομένοις
3123 4183 3216 4237 καὶ
3242 4181 3317 4252 τῷ
3342 4181 3593 4251 τυράννῳ
3624 4175 3722 4232 πι-’

2127 4272 2384 4341 κρότερον
2416 4270 2519 4340 τὴν
2551 4272 2807 4326 ἀσέϐειαν
2837 4271 3340 4341 ὀνειδίζουσιν.Ἐφ⁹
3371 4266 3454 4335 οἷς
3487 4272 3583 4325 καὶ
3606 4270 3710 4323 αὖ·

446 4335 771 4401 pronuntiat
798 4339 1123 4406 sententias,
1154 4333 1431 4398 Dorothéo
1452 4344 1675 4414 quidem
1701 4364 1831 4404 ense
1860 4358 2024 4420 caput

2128 4333 2218 4427 τδς
2249 4333 2349 4435 ήδη
2378 4333 2593 4436 καμὼν,
2628 4333 3040 4436 ἀπαγορεύσας,
3069 4366 3129 4420 τὺ
3177 4367 3276 4438 μὲν
3296 4333 3484 4420 ’θανείν
3512 4362 3711 4428 κοινῶς

446 4427 744 4494 amputari,
792 4427 1134 4486 Mardonium
1187 4442 1372 4490 autem
1421 4436 1607 4493 vivum
1662 4442 1919 4509 cremari,
1968 4457 2023 4500 et

2131 4422 2387 4510 ἁπάντων
2409 4422 2864 4528 κάταιῖληφίζεταιι,
2882 4422 3191 4528 διαιρόρονς.
3207 4458 3263 4511 δὲ
3280 4459 3379 4517 τὰς
3406 4422 3711 4526 ἀποφάσεις

446 4518 798 4591 Mygdonium
831 4520 888 4576 in
916 4521 1116 4580 fossam
1143 4526 1448 4597 projectum
1482 4530 1664 4597 obrui,
1687 4533 2022 4605 Gorgonium

352 4657 362 4670 ,
444 4625 584 4665 vero
630 4617 687 4665 et
732 4609 920 4667 ladem
984 4619 1042 4668 et
1087 4615 1334 4681 Petrum,
1400 4619 1702 4679 molaribus
1745 4625 2023 4695 lapidibus

434 4716 640 4758 eorum
666 4702 824 4757 collis
848 4703 1105 4775 alligatis,
1132 4705 1189 4762 in
1246 4723 1396 4765 mare
1429 4712 1560 4780 jaci.
1609 4714 1679 4770 Et
1738 4716 1813 4771 ita
1864 4708 2017 4785 sunt,

448 4795 850 4851 consummatis
900 4797 1152 4854 victoriis
1207 4800 1451 4874 insignes
1498 4804 1703 4861 Christi
1754 4819 2022 4882 martyres

441 4887 595 4942 vario
620 4902 821 4958 genere
848 4891 1065 4957 mortis,
1090 4908 1200 4948 una
1231 4894 1318 4951 via
1353 4896 1580 4968 ingressi
1611 4900 1681 4955 ad
1705 4902 2022 4962 Dominum.

444 4976 577 5034 llaec
602 4994 727 5035 cum
754 4993 904 5037 casta
952 4984 1270 5043 rescivisset
1302 4988 1534 5055 Domna,
1570 4993 1771 5061 partim
1802 4996 2025 5065 quidem

441 5071 731 5152 laetabatur
762 5076 972 5141 animo,
1011 5088 1069 5133 et
1101 5080 1340 5136 maxime
1389 5091 1613 5152 propter
1662 5085 1872 5152 Itidem,
1928 5091 2022 5159 qui

444 5173 567 5219 erat
601 5166 768 5222 unius
805 5183 930 5223 cum
961 5168 1077 5236 ipsa
1111 5171 1280 5226 animi
1311 5180 1367 5227 ct
1409 5175 1675 5243 spiritus;
1710 5180 1904 5246 partim
1928 5197 2028 5237 au-

443 5264 558 5312 tem
592 5258 662 5313 ad
687 5260 1051 5317 imitationem
1083 5278 1305 5334 quoque
1331 5264 1687 5335 incitabatur,
1718 5279 1774 5324 et
1800 5271 2017 5336 eadem,

442 5367 567 5422 qua
596 5353 731 5424 ipsis
757 5366 1075 5423 evenerant,
1097 5357 1354 5426 cupiebat
1372 5362 1675 5417 certamina
1693 5373 1750 5419 et
1773 5367 2018 5435 praemia.

443 5443 601 5513 Unde
635 5461 740 5503 nec
787 5446 1039 5519 despexit
1071 5446 1337 5505 Dominus
1369 5466 1524 5507 suam
1555 5468 1854 5524 sponsam:
1895 5472 2020 5527 qua:

443 5546 653 5596 Vestem
682 5540 905 5614 quidem
934 5541 1173 5599 habebat
1200 5544 1459 5603 mundam
1490 5563 1521 5603 a
1542 5550 1772 5622 nuptiis,
1813 5551 1896 5613 sic
1922 5568 2025 5613 au-L

520 5716 539 5754 ²
591 5718 786 5784 Matth.
842 5740 895 5794 χ,
936 5726 1025 5785 28.
1107 5728 1550 5799 'Mattb.v,tt.

2132 4545 2378 4615 ἐκφέρει,
2421 4547 2696 4617 Δωρόθεον
2730 4549 2827 4617 μὲν
2859 4546 3001 4615 ξίφει
3029 4546 3129 4619 τὴν
3161 4545 3406 4616 κεφαλὴν
3430 4543 3712 4615 ἐκτμηθῆ-

2129 4655 2237 4701 ναι,
2265 4637 2567 4709 Μαρδόνιον
2589 4638 2645 4692 δὲ
2668 4637 2846 4702 ζῶντα
2864 4638 3169 4707 καυθῆναι,
3195 4639 3290 4691 καὶ
3312 4635 3611 4702 Μυγδόνιον
3630 4635 3712 4696 είς

2131 4730 2324 4802 βόθρον
2379 4730 2648 4801 βληθέντα
2692 4729 3159 4801 καταχωσθῆναι,’
3193 4728 3481 4800 Γοργόνιον
3525 4725 3581 4779 δὲ
3618 4725 3713 4778 καὶ

2130 4822 2307 4892 Ἴνδην
2334 4824 2427 4876 καὶ
2480 4823 2685 4894 Πέτρον
2735 4822 2904 4886 λίθοις
2963 4821 3210 4889 μυλικοῖς
3239 4822 3364 4884 τοὺς
3406 4817 3713 4889 τραχήλους

2126 4914 2511 4984 περιδεθίντας
2572 4915 2652 4977 είς
2700 4914 2980 4968 θάλασσαν
3034 4915 3347 4983 ἐκριφῆναι.
3380 4910 3493 4965 Καὶ
3536 4908 3713 4972 οὕτως

2125 5006 2520 5075 ἐτελειώθησαν
2548 5008 2597 5059 οἱ
2622 5004 2922 5059 καλλίνικοι
2947 5004 3043 5058 τοῦ
3070 5002 3309 5075 Χριστοῦ
3340 5002 3619 5074 μάρτυρες
3649 5002 3709 5053 ὲν

2126 5095 2403 5166 διαφόροις
2437 5097 2537 5166 τῆς
2562 5094 2822 5165 τελευτῆς
2852 5094 3076 5165 τρόποις
3108 5095 3209 5166 μιᾷ
3236 5095 3300 5164 τῇ
3329 5092 3462 5161 πρὸς
3495 5090 3588 5144 τὸν
3611 5093 3709 5143 Δε-

2131 5186 2338 5255 σπότην
2390 5185 2491 5256 ὁδῷ
2525 5185 2882 5256 χρησάμενοι.
2937 5183 3122 5238 Ταῦτα
3148 5185 3246 5238 καὶ
3292 5183 3326 5255 ὴ
3355 5181 3493 5254 ἀγνὴ
3525 5183 3711 5251 Δόμνα

2133 5277 2378 5349 μαθοῦσα
2408 5279 2565 5333 τοῦτο
2603 5282 2702 5351 μὲν
2741 5278 2843 5350 τὴν
2894 5278 3075 5350 ψυχὴν
3115 5278 3295 5350 ἥδετο,
3327 5278 3422 5332 καὶ
3469 5276 3705 5347 μάλιστα

2128 5371 2307 5425 Ἴνδου
2333 5372 2522 5429 ἕνεκεν
2548 5373 2642 5426 τοῦ
2664 5373 2842 5427 πάντα
2865 5374 3003 5446 αὑτῇ
3026 5373 3276 5443 σύμπνου
3294 5380 3388 5426 καὶ
3408 5368 3708 5441 δμοψύχου,

2129 5465 2289 5520 τοῦτο
2317 5466 2374 5520 δὲ
2404 5467 2501 5521 καὶ
2556 5470 2694 5540 πρὸς
2726 5469 2961 5540 μίμησιν
2987 5467 3277 5539 ἠρεθίζετο
3314 5465 3408 5519 καὶ
3435 5463 3545 5516 τῶν
3577 5461 3712 5515 ἴσων

2127 5557 2305 5615 ἄθλων
2343 5559 2527 5625 αὐτοῖς
2556 5561 2644 5615 καὶ
2677 5560 2787 5616 τῶν
2820 5559 3067 5618 ἐπάθλων
3096 5556 3362 5628 ἐγλίχετο.
3393 5556 3558 5611 Ὅθεν
3585 5551 3709 5613 ούδὶ
