4142 6380
363 320 501 389 10⁸17

1482 319 1661 380 VITA
1707 319 1816 378 SS.
1865 315 2057 377 INDE
2116 312 2213 375 ET
2249 313 2575 376 DOMNAE.

3513 313 3645 373 ΠΓὸ

360 433 589 507 παρεῖδε
619 431 823 503 Κύριος
855 430 952 503 τὴν
980 430 1143 484 αὐτοῦ
1169 428 1388 500 νύμφην
1413 427 1560 481 οὕτω
1585 428 1689 481 καθ
1704 427 1834 500 χρᾶν
1865 428 1959 498 μὲν

2068 434 2177 481 tem
2207 440 2329 481 eam
2364 428 2532 482 etiam
2562 425 2822 497 lacrymis
2850 424 3098 496 quotidie
3126 425 3439 495 dealbabat,
3466 416 3643 499 'qnod

364 526 461 581 τοῦ
492 525 670 597 γάμου
711 524 807 593 τὴν
847 521 1035 594 στολὴν
1073 522 1324 591 ἔχουσαν,
1357 520 1499 574 οὕτω
1524 520 1579 574 δὲ
1619 522 1713 574 καὶ
1752 520 1953 588 δάκρυ-

367 638 453 674 σιν
486 618 655 689 αὐτὴν
676 616 1023 685 καθεκάστην
1045 614 1559 677 ὲπιλευκαίνουσαν,
1591 614 1666 682 μὴ
1690 612 1782 665 καὶ
1809 628 1951 683 μαρο

363 708 790 778 τυρικῷαῖματι
849 707 1053 776 ταύτην
1093 704 1327 773 φοινίξαι
1367 704 1464 757 καὶ
1502 705 1632 774 ὃλην
1663 702 1822 768 ἀξίαν
1859 700 1952 755 τοῦ

366 801 596 864 κάλλους
631 797 798 852 αὐτοῦ
850 797 1023 863 δείξαι
1078 795 1179 868 τὴν
1216 796 1460 869 νύμφην,
1496 797 1671 851 καίτοι
1719 797 1816 853 καὶ
1858 794 1953 851 τοῦ

368 892 636 963 παρόντος
680 890 816 960 αὐτῇ
849 888 967 960 βίου
1004 888 1172 959 μηδὲν
1208 890 1647 961 ἀπολειπομένου
1685 908 1956 962 μαρτυρι-

368 983 469 1039 κοῦ
499 982 841 1054 ἀξιώματος,
862 981 957 1047 άτε
987 982 1053 1052 δὴ
1079 981 1157 1052 τῷ
1184 981 1525 1055 πολυχρονίῳ
1552 1000 1612 1037 τε
1644 982 1746 1053 τῆς
1779 984 1956 1055 ἀσκή-

370 1096 508 1140 σεως
534 1077 629 1131 καὶ
652 1074 729 1146 τῷ
756 1074 975 1146 σκληρῷ
1002 1076 1098 1147 τῆς
1133 1075 1348 1147 διαίτης
1380 1075 1658 1141 πιέζοντος
1694 1075 1955 1146 ίσχυρῶς,

332 1213 345 1243 ,
371 1170 550 1240 ἄντρῳ
583 1169 681 1238 μὲν
709 1168 1092 1238 κρυπτομένης
1117 1167 1291 1237 αὐτῆς
1321 1166 1595 1238 ὕπογαίῳ,
1636 1168 1730 1221 καὶ
1774 1166 1955 1234 τοῦτο,

368 1262 443 1324 ὡς
470 1260 534 1314 ἂν
561 1259 759 1323 εἴποις,
780 1259 937 1330 τάφῳ
968 1257 1327 1330 καταχθονίῳ,
1352 1259 1514 1313 ποτὸν
1544 1260 1599 1314 δὲ
1625 1259 1957 1330 ποιουμένης

368 1350 468 1424 τὴν
504 1350 651 1406 ἔνδον
705 1345 871 1405 οὖσαν
930 1350 1136 1422 πηγὴν,
1196 1356 1290 1408 καὶ
1345 1353 1551 1423 τροφὴν
1625 1354 1827 1425 ὁμοίως
1862 1352 1957 1417 τὰς

372 1446 524 1516 παρὰ
554 1445 614 1499 τὸ
642 1445 819 1514 χεῖλος
852 1444 1022 1516 δήπου
1052 1444 1145 1499 τοῦ
1170 1445 1367 1518 άντρου
1408 1445 1656 1516 βοτάνας.

448 1536 574 1593 AI".
621 1538 778 1592 Οὕτω
818 1536 953 1609 πρὸς
979 1537 1215 1608 ἄσκησιν
1249 1539 1471 1610 ἔχουσα,
1521 1539 1640 1593 τότε
1674 1538 1766 1591 τοῦ
1797 1538 1957 1609 δρους

370 1633 587 1705 κατῄει,
615 1634 707 1686 καὶ
738 1629 1014 1701 παριοῦσα
1036 1630 1133 1701 τὴν
1163 1630 1319 1686 πόλιν
1355 1633 1411 1686 ὲν
1440 1630 1679 1703 ἀνδρικῷ
1709 1632 1951 1702 σχήματι

2057 532 2168 572 non
2199 532 2321 573 eam
2357 517 2624 589 sanguine
2677 516 2927 588 martyrii
2968 516 3229 572 redderet
3280 532 3640 588 purpuream,

2056 619 2112 664 et
2136 617 2307 664 totam
2341 624 2598 680 sponsam
2627 608 2869 679 efﬁceret
2897 609 3114 680 dignam
3150 610 3272 682 ejus
3329 611 3645 681 pulchritu-

2056 701 2206 767 dine,
2242 701 2345 758 etsi
2386 715 2628 772 praesens
2658 703 2778 773 ejus
2802 702 2913 757 vita
2965 703 3105 756 nihil
3145 704 3367 760 abesset
3396 719 3427 759 a
3459 703 3643 775 digni-

2059 803 2169 850 tate
2200 796 2470 866 martyrii,
2507 805 2569 850 ut
2592 811 2714 866 quae
2745 806 2855 851 tam
2880 805 2937 851 et
2977 796 3341 853 diuturnitate
3370 800 3645 854 exercita-

2060 884 2227 941 tionis
2274 894 2331 942 et
2392 900 2584 956 aspera
2627 887 2846 943 vivendi
2903 890 3116 944 ratione
3160 905 3281 945 eam
3344 903 3640 959 premeret,

2058 990 2186 1032 cum
2219 975 2338 1046 ipsa
2382 977 2519 1032 etin
2561 986 2722 1033 antro
2782 979 2977 1035 lateret
3032 980 3414 1047 subterraneo,
3465 997 3643 1055 eoque

2057 1068 2358 1142 ejusmodi,
2389 1081 2450 1125 ut
2486 1079 2750 1127 terrestre
2808 1072 2918 1127 dici
2978 1082 3165 1143 posset
3217 1075 3560 1145 sepulcrum.
3587 1085 3644 1131 et

2059 1171 2223 1233 potus
2280 1163 2403 1235 ejus
2448 1168 2595 1243 esset
2648 1163 2795 1229 fons,
2843 1164 2938 1234 qui
2984 1164 3038 1219 in
3072 1181 3139 1219 eo
3188 1177 3329 1234 erat,
3377 1178 3433 1222 et
3484 1167 3645 1223 cibus

2060 1252 2316 1310 similiter
2364 1253 2567 1321 berbw,
2620 1254 2713 1325 qui
2760 1266 2918 1311 erant
2958 1256 3011 1312 in
3046 1259 3290 1332 margine
3342 1259 3640 1329 spelunca.

2134 1527 2374 1585 XXXIII.
2404 1527 2541 1584 Cum
2573 1542 2638 1584 ea
2671 1527 2749 1584 sic
2783 1543 2840 1584 se
2865 1537 3085 1600 gereret
3114 1529 3168 1585 in
3220 1531 3641 1598 exercitatione.

2064 1630 2194 1676 tunc
2235 1621 2524 1677 descendit
2556 1621 2625 1676 de
2655 1628 2862 1685 monte,
2907 1631 2965 1676 et
3002 1620 3230 1676 veniens
3263 1622 3316 1675 in
3361 1622 3644 1678 civitatem

371 1726 584 1795 (τούτῳ
612 1724 721 1797 γὰρ
762 1724 979 1795 Ἀγάπη
1015 1726 1049 1797 ἠ
1105 1725 1246 1780 κατὰ
1298 1724 1516 1795 πνεῦμα
1563 1725 1748 1796 μήτηρ
1784 1725 1957 1796 αὐτὴν

2064 1711 2245 1769 adhuc
2307 1712 2363 1766 in
2407 1722 2558 1768 veste
2613 1712 2760 1768 virili
2817 1714 2921 1777 (ea
2973 1713 3119 1767 enim
3174 1713 3347 1783 ipsam
3394 1714 3644 1771 indutam

371 1783 702 1890 ἐμφιάέέή
719 1783 1164 1877 τῶνῡάκολάστων
1184 1818 1412 1873 ἐκείνων
1436 1783 1640 1889 ξειρίῖδν
1669 1783 1952 1887 ἐξέκλεψε)

2064 1804 2267 1875 Agape,
2303 1804 2425 1876 ejus
2471 1815 2645 1860 mater
2688 1804 2993 1860 secundum
3043 1804 3324 1875 spiritum,
3375 1806 3644 1863 suﬂ‘urata

372 1911 470 1983 τὴν
508 1911 784 1982 μακαρίαν
810 1910 1014 1980 ταύτην
1068 1911 1315 1981 Ἀγάπην
1344 1909 1548 1981 ἐζήτει.
1591 1911 1744 1964 Ἐπεὶ
1770 1910 1827 1965 δὲ
1859 1914 1957 1967 καὶ

373 2004 576 2077 ἔμαθεν
607 2004 681 2067 ὡς
716 2005 810 2057 καὶ
832 2004 970 2073 αὐτὴ
1008 2003 1099 2055 τὸν
1140 2003 1478 2074 μαρτυρικὸν
1512 2003 1678 2073 ἧνυσε
1731 2005 1955 2075 δρόμον,

370 2093 730 2166 ὁλοκαύτωμα
775 2095 853 2164 τῷ
883 2097 1073 2167 Κυρίῳ
1111 2094 1328 2166 σύναιμα
1381 2095 1475 2150 καὶ
1508 2095 1693 2160 ἄλλαις
1730 2097 1953 2163 πολλαῖς

374 2190 664 2264 παρθένοις
706 2192 765 2245 ὲν
795 2190 873 2262 τῷ
904 2190 1265 2262 πυριφλέκτῳ
1291 2191 1557 2261 γενομένη
1589 2189 1721 2261 ναῷ,
1753 2191 1956 2260 πάσχει

371 2286 473 2356 τὴν
496 2283 674 2355 ψυχὴν
721 2286 754 2355 ὴ
786 2286 1031 2352 γενναία,
1097 2284 1195 2354 οὐχ
1223 2285 1304 2337 ὅτι
1355 2282 1618 2352 τέθνηκεν
1662 2285 1699 2349 ἡ
1736 2284 1956 2352 Ἀγάπη

374 2379 814 2449 περιαλγήσασα,
842 2377 956 2433 ἀλλ’
981 2378 1064 2432 ὅτι
1098 2377 1175 2449 μὴ
1235 2376 1329 2430 καὶ
1361 2375 1501 2448 αὐτὴ
1535 2376 1735 2446 μᾶλλον
1769 2376 1955 2429 συντέ-

376 2471 545 2541 θνηκε
575 2472 641 2541 τῇ
684 2469 925 2542 ’Δγάπῃ,
957 2468 1053 2521 καὶ
1105 2468 1227 2538 ῐσης
1257 2466 1623 2536 κεκοινώνηκε
1659 2466 1919 2535 τελευτῆς
1940 2483 1952 2496 ·

378 2564 474 2618 καὶ
501 2563 674 2616 στᾶσα
707 2560 840 2631 πρὸς
874 2559 952 2630 τῷ
972 2558 1230 2614 καυθέντι
1260 2557 1373 2628 ναῷ
1397 2556 1664 2628 κλαυθμῷ
1688 2558 1787 2629 τὴν
1822 2574 1955 2612 σπο-

375 2652 466 2707 δὸν
500 2652 708 2723 ἐκίρνα.
743 2651 883 2720 Ἤδη
938 2649 995 2701 δὲ
1029 2648 1320 2719 κλινοὺσης
1374 2647 1587 2720 ἡμέρας
1628 2646 1746 2720 θείᾳ
1772 2647 1961 2718 χάριτι

382 2742 517 2815 πρὸς
564 2746 665 2810 τὴν
696 2740 815 2794 ὁδὸν
842 2738 935 2793 τοῦ
966 2738 1268 2811 μαρτυρίου
1307 2738 1651 2810 φωτιζομένη
1707 2742 1802 2792 καὶ
1831 2739 1959 2807 ἀγο-

384 2837 525 2906 μένη
559 2835 693 2904 πρὸς
718 2832 877 2886 τοῦτο
903 2832 1189 2897 πάντοθεν,
1209 2832 1401 2905 κατῄει
1427 2832 1522 2884 ὲπὶ
1548 2831 1647 2902 τὴν
1666 2830 1957 2886 θάλατταν.

386 2932 493 2985 Καὶ
528 2930 639 2984 ίδοῦ
688 2929 840 2999 παρὰ
870 2929 961 2981 τὶν
1018 2928 1265 2995 αἰγιαλὸν
1323 2925 1494 2990 ἁλιεῖς
1534 2925 1635 2998 ἠδη
1668 2926 1736 2980 τὰ
1767 2926 1959 2980 δίκτυα

383 3026 822 3099 καταρτίζοντες,
844 3025 939 3079 καὶ
968 3025 1065 3088 τὰς
1092 3024 1280 3086 κώπας
1304 3022 1518 3094 ἔχοντες
1543 3022 1959 3094 εὖτρεπεῖς.Ἢν

2064 1906 2152 1953 est
2172 1900 2239 1952 ab
2270 1898 2381 1953 illis
2406 1897 2706 1970 impudicis
2727 1906 2785 1953 et
2813 1896 3311 1969 intemperantibus
3340 1901 3643 1971 manibus).

2065 1990 2280 2045 beatam
2319 1990 2466 2046 bane
2509 1990 2788 2059 quaerebat
2813 1990 3057 2062 Agapen.
3106 1993 3402 2064 Postquam
3454 2005 3643 2049 autem

2066 2080 2336 2135 intellexit
2373 2095 2495 2134 eam
2530 2097 2752 2151 quoque
2776 2096 2998 2137 cursum
3038 2081 3341 2139 confecisse
3367 2086 3640 2156 martyrii.

2064 2171 2317 2227 ell‘ectam
2347 2172 2732 2228 holocaustum
2765 2173 2996 2229 Domino
3023 2190 3148 2230 cum
3173 2175 3359 2231 multis
3388 2177 3511 2231 aliis
3534 2178 3642 2231 vir-

2064 2261 2284 2330 ginibus
2315 2262 2368 2316 in
2401 2265 2625 2335 templo,
2652 2264 2798 2334 quod
2835 2264 3013 2321 fuerat
3044 2276 3322 2334 exustum,
3379 2284 3636 2339 magnum

2066 2352 2250 2407 animo
2294 2352 2539 2408 dolorem
2584 2354 2828 2424 accipit,
2896 2370 3008 2410 non
3073 2371 3215 2426 aegre
3263 2356 3449 2413 ferens
3492 2359 3642 2429 quod

2067 2454 2285 2500 mortua
2307 2455 2453 2502 esset
2475 2446 2678 2517 Agape,
2706 2447 2804 2502 sed
2834 2448 3014 2517 potius
3047 2448 3195 2517 quod
3231 2463 3340 2504 non
3369 2466 3497 2505 cum
3524 2451 3644 2521 ipsa

2065 2536 2250 2607 Agape
2275 2546 2421 2594 esset
2444 2548 2686 2605 mortua,
2714 2548 2770 2594 et
2804 2539 2955 2610 paris
2983 2539 3178 2595 fuisset
3207 2542 3402 2598 mortis
3453 2544 3600 2599 socia
3625 2562 3643 2601 :

2066 2639 2332 2701 stansque
2360 2631 2428 2687 ad
2464 2632 2725 2703 templum
2756 2643 3038 2699 exustum,
3080 2631 3210 2688 ﬂetu
3251 2634 3517 2691 miscebat
3563 2636 3648 2692 ci-

2066 2738 2276 2778 uerem.
2306 2722 2408 2777 Diu
2439 2739 2569 2779 vero
2591 2725 2703 2795 jam
2745 2724 2929 2779 divina
2957 2725 3131 2795 gratia
3159 2740 3281 2780 eam
3312 2738 3542 2783 vocante
3573 2728 3643 2784 ad

2067 2815 2211 2870 viam
2245 2816 2514 2887 martyrii,
2536 2817 2847 2872 illuminata
2877 2826 2934 2873 et
2967 2817 3036 2871 ad
3068 2816 3135 2871 id.
3177 2818 3327 2872 omni
3358 2833 3426 2872 ex
3486 2829 3642 2889 parte

2068 2909 2252 2975 ducta,
2283 2908 2569 2964 descendit
2617 2908 2684 2965 ad
2717 2924 2889 2964 mare.
2922 2909 3067 2966 Ecce
3098 2918 3280 2965 autem
3334 2911 3644 2980 piscatores

2070 2998 2124 3053 in
2154 2998 2341 3054 littore
2371 3007 2603 3064 stantes,
2633 3000 2744 3070 jam
2772 3007 3031 3069 parantes
3074 2999 3235 3064 retia,
3287 3010 3344 3055 et
3372 3000 3643 3057 habentes

384 3092 583 3183 ίδόντες
614 3119 813 3171 ἐκείνοι
860 3117 1000 3170 οὕτω
1050 3132 1108 3169 τε
1141 3092 1480 3184 ὲσταλμένην
1510 3114 1605 3167 καὶ
1645 3092 1765 3166 κατ’
1791 3111 1957 3182 ἄνδρα

2071 3106 2252 3148 remos
2274 3102 2512 3162 paratos.
2552 3092 2725 3160 Quam
2754 3108 2880 3148 eum
2922 3092 2999 3147 illi
3037 3101 3168 3149 tunc
3193 3093 3462 3149 vidissent
3489 3108 3643 3151 veste

2066 3184 2209 3208 -.τ-ξιξ
2256 3185 2333 3208 -2-
2365 3184 2611 3208 !_.I--n-_
2664 3201 2775 3208 ..-μ
2833 3200 2894 3208 ι...
2947 3201 3005 3208 ,Α
3055 3186 3196 3208 ---ΑΛ
3248 3196 3358 3208 Α--.
3437 3187 3528 3208 --Δ
3579 3204 3634 3208 ,μ

381 3212 479 3280 τὴν
508 3210 776 3279 ἀναϐολὴν
806 3210 1037 3279 ἔχουσαν
1090 3207 1191 3260 οὐκ
1224 3205 1330 3258 ἀπὸ
1376 3204 1472 3257 τοῦ
1502 3202 1673 3268 ὄντος,
1708 3203 1823 3257 ἀλλ’
1852 3203 1959 3258 ἀπὸ

380 3302 475 3356 τοῦ
496 3301 781 3361 δοκοῦντος
805 3300 1025 3370 μᾶλλον,
1056 3299 1308 3362 ἐκάλουν,
1347 3296 1523 3360 Ἐλθὲ,
1551 3296 1961 3365 λέγοντες,νεα-

382 3395 558 3462 νίσκε,
579 3394 673 3448 τοῦ
701 3394 861 3448 πόνου
884 3394 1017 3462 ἡμῖν
1050 3392 1474 3463 συλληψόμενος,
1510 3392 1597 3446 ἶνα
1637 3392 1732 3445 καὶ
1768 3408 1960 3445 κοινω-

382 3485 472 3539 νόν
499 3502 558 3539 σε
591 3485 772 3555 Θῶμεν
788 3485 883 3555 τῆς
906 3485 1097 3552 ἄγρας.
1117 3484 1247 3538 Ἡδὲ
1268 3484 1544 3555 πράθυμον
1566 3485 1735 3552 ἀκοὴν
1752 3485 1958 3554 snsi/5,

382 3580 478 3633 καὶ
512 3577 729 3647 ὲμὸᾶσα
758 3576 885 3641 τοὺς
916 3576 1026 3628 τῶν
1053 3576 1248 3629 ἁλιέων
1276 3577 1371 3630 καὶ
1418 3574 1730 3644 ὀφθαλμοὺς
1760 3576 1965 3629 αὐτίκα

383 3672 478 3727 καὶ
509 3671 688 3743 ψυχὴν
716 3670 1000 3742 ἐθραττεν.
1026 3669 1267 3741 ὁρῶντας
1290 3668 1461 3741 ἄνδρα
1488 3669 1586 3740 μὲν
1615 3670 1676 3722 τὸ
1700 3669 1959 3740 φαινόμε-

383 3784 493 3831 νον,
526 3761 656 3837 ἦθος
684 3764 739 3817 δὲ
772 3764 866 3817 καὶ
898 3763 1091 3826 κάλλος
1117 3763 1465 3834 παρθενικδν,
1512 3763 1605 3817 καὶ
1636 3763 1839 3833 πολλὴν
1864 3763 1961 3833 τὴν

385 3857 521 3912 αίδὼ
562 3861 681 3921 ταῖς
718 3856 905 3926 ὄψεσιν
956 3857 1123 3925 αὑτῆς
1159 3854 1596 3929 ἐπικαθημένην.
1628 3853 1775 3924 Πλὴν
1825 3852 1962 3907 ἀλλὰ

385 3948 639 4012 καθέντες
681 3949 817 4017 πρὸς
878 3948 1055 4017 ἄγραν
1112 3948 1271 4011 εὐθὺς
1306 3946 1373 4001 τὰ
1400 3946 1617 4010 δίκτυα,
1650 3945 1747 3999 σὺν
1782 3942 1961 4014 πολλῷ

385 4040 616 4111 καμάτῳ
646 4041 742 4111 τῆς
765 4043 866 4111 γῆς
893 4041 1135 4094 ἀνεῖλκον
1175 4040 1248 4103 ὡς
1284 4038 1349 4092 ἂν
1396 4038 1632 4109 μεγάλου
1666 4036 1809 4100 τινὸς
1833 4035 1963 4108 περὶ

384 4134 523 4189 αὐτὰ
580 4133 779 4205 βάρους
828 4132 1160 4199 αἰςοᾶμενοι.
1209 4131 1350 4201 ’Ἤδη
1406 4130 1462 4183 δὲ
1519 4128 1613 4183 καὶ
1668 4129 1818 4199 παρὰ
1872 4129 1962 4182 τὸν

385 4226 630 4296 αἰγιαλὸν
686 4224 953 4289 ἐλθόντες,
1007 4225 1203 4294 ὁρῶσιν
1239 4223 1342 4275 ἀνὰ
1384 4220 1482 4293 τὴν
1504 4222 1696 4286 νύκτα,
1733 4220 1962 4294 σελήνης

386 4323 476 4373 τὸν
502 4319 661 4386 ζόφον
695 4316 1087 4387 διασαφούσης,
1126 4317 1218 4369 καὶ
1264 4314 1467 4383 πλῆθος
1504 4314 1601 4384 μὲν
1636 4314 1833 4385 ἰχθύων
1867 4331 1964 4367 πε-

389 4410 674 4483 ριληφθὲν,
749 4410 839 4462 καὶ
906 4408 1132 4479 σώματα
1218 4407 1346 4478 περὶ
1400 4408 1497 4477 τὴν
1554 4407 1798 4477 γαστέρα
1866 4406 1959 4460 τοῦ

386 4503 607 4557 δικτύου
640 4503 828 4573 νεκρά.

464 4598 584 4652 AA'.
629 4596 859 4650 Ἐκεῖνοι
895 4596 992 4667 μὲν
1018 4590 1111 4648 οὖν
1148 4594 1276 4664 περ)⁸
1304 4593 1404 4665 τὴν
1432 4592 1555 4662 ὄψιν
1594 4591 1963 4662 ἐκταραχθέν-

383 4708 495 4753 τες,
531 4689 678 4761 λύπῃ
704 4705 765 4742 τε
812 4687 907 4742 καὶ
934 4688 1043 4741 δέει
1077 4687 1145 4742 τὰ
1172 4684 1402 4756 σώματα
1428 4684 1537 4739 τῶν
1560 4684 1791 4738 δικτύων
1817 4686 1962 4737 ἐκτι-

386 4784 701 4849 ναξάμενοι,
726 4782 821 4835 καὶ
844 4783 911 4850 τῇ
941 4784 1011 4849 γῇ
1039 4780 1397 4850 παραθέντες,
1422 4777 1562 4831 αὑτά
1591 4795 1647 4830 τε
1678 4778 1748 4831 τὰ
1770 4775 1963 4829 δίκτυα

392 4870 777 4938 συλλεξάμενοι
817 4871 895 4931 είς
920 4871 1019 4941 τὴν
1054 4868 1351 4938 ἀντιπέραν
1377 4867 1670 4937 ἠπείγοντο
1694 4864 1966 4935 μεθορμί-

394 4963 611 5027 σασῦαι,
656 4959 938 5030 σύμπλουν
973 4962 1152 5023 αὐτοῖς
1215 4959 1363 5030 ἔχειν
1397 4956 1677 5023 ἀξιοῦντες
1712 4957 1807 5009 καὶ
1864 4953 1965 5026 τὴν

388 5054 682 5125 παρθένον.
727 5053 879 5104 Ἑπεὶ
914 5052 968 5105 δὲ
1018 5053 1092 5121 μὴ
1121 5050 1365 5115 ἔπειθον,
1398 5051 1565 5123 ἄρτον
1592 5048 1728 5116 αὐτῇ
1758 5046 1847 5100 τὸν
1878 5063 1968 5115 μι-

391 5143 516 5197 σθὸν
557 5143 654 5197 καὶ
701 5140 890 5211 ίχθύας
936 5141 1210 5205 ἐπιδόντες
1241 5141 1537 5196 ἀπέπλεον.
1594 5137 1659 5191 Ἦ
1706 5137 1763 5205 δὲ
1789 5138 1962 5191 Ἰνδου

388 5234 616 5289 καὶτῶν
673 5234 865 5305 ἐκείνῳ
926 5234 1203 5288 συνάθλων
1237 5234 1328 5286 τὸν
1376 5230 1605 5287 θάνατόν
1651 5248 1709 5283 τε
1743 5230 1835 5285 καὶ
1872 5231 1966 5283 τὸν

384 5325 478 5378 τοῦ
510 5325 743 5380 θανάτου
775 5325 994 5396 τρόπον,
1024 5323 1213 5396 ὥσπερ
1242 5325 1476 5395 ἔφημεν,
1529 5322 1630 5393 ἤδη
1686 5320 1961 5390 μαθοῦσα,

388 5417 589 5489 ἐπέστη
651 5418 748 5487 μὲν
796 5419 907 5481 τοῖς
946 5417 1215 5488 σώμασιν,
1265 5417 1558 5471 άνεσκόπει
1587 5415 1643 5468 δὲ
1681 5415 1774 5467 καὶ
1810 5431 1966 5484 περι-

386 5509 648 5581 έστρεφεν
680 5510 903 5575 ἱκανῶς,
946 5506 1065 5561 εἶτα
1109 5510 1203 5562 καὶ
1238 5508 1376 5578 πρὸς
1418 5508 1706 5578 ἀκρίϐειαν
1757 5507 1964 5559 ἕκαστα

388 5602 815 5670 κατεμάνθανεν.
870 5603 1027 5655 Ἐπεὶ
1048 5597 1144 5655 οὖν
1165 5602 1214 5654 ei
1244 5602 1591 5673 χαρακτῆρες
1611 5600 1750 5669 αὐτῇ
1783 5602 1871 5653 καὶ
1897 5598 1964 5651 τὰ

389 5694 633 5765 σύμϐολα
662 5697 782 5749 ὅλου
811 5695 875 5767 δὴ
900 5694 994 5748 τοῦ
1038 5695 1286 5765 σώματος
1312 5695 1436 5758 τοὺς
1473 5692 1662 5760 ἁγίους
1689 5688 1829 5745 εἶναι
1866 5707 1963 5743 σα-

389 5787 502 5863 ιιῖὦὲ
538 5788 894 5864 ὑπηγόρευον,
926 5789 1083 5861 χερσὶ
1101 5787 1271 5843 ταῦτα
1300 5782 1671 5859 περιδαλοῦσα
1703 5784 1793 5838 καὶ
1812 5783 1963 5854 χείλη

2066 3184 2213 3240 virili
2254 3185 2333 3241 sic
2364 3184 2638 3253 indutam,
2664 3201 2780 3240 non
2828 3200 2896 3241 ex
2941 3201 3009 3241 eo
3049 3186 3198 3256 quod
3243 3196 3383 3251 erat,
3433 3187 3532 3242 sed
3571 3204 3640 3243 ex

2063 3293 2132 3333 eo
2165 3279 2373 3348 potius,
2404 3279 2550 3348 quod
2607 3278 2929 3345 videbatur.
2980 3294 3102 3336 eam
3135 3291 3441 3336 vocarunt:
3481 3282 3638 3349 Veni,

2062 3368 2332 3435 dicentes,
2365 3368 2706 3436 adolescens,
2749 3369 2906 3424 nobis
2957 3384 3118 3439 opem
3182 3370 3416 3434 laturus.
3472 3382 3533 3426 ut
3586 3381 3641 3429 te

2062 3461 2228 3516 etiam
2254 3465 2450 3530 prwda:
2477 3462 2742 3518 faciamus
2781 3463 3135 3532 participem.
3167 3465 3262 3518 Hla
3310 3474 3496 3522 autem
3524 3466 3641 3521 ala-

2062 3554 2141 3608 cri
2177 3553 2365 3610 animo
2388 3554 2472 3609 eis
2513 3554 2938 3623 obtemperavit.
2984 3554 3230 3623 [agressa
3260 3572 3413 3621 vero,
3460 3558 3641 3627 pisca-

2064 3655 2246 3702 torum
2276 3647 2463 3703 statim
2505 3646 2859 3704 conturbavit
2893 3650 3086 3704 oculos
3117 3658 3175 3704 et
3223 3649 3460 3714 animos,
3513 3666 3640 3705 cuin

2066 3739 2318 3795 viderent
2347 3755 2468 3795 eam
2517 3740 2692 3795 videri
2728 3742 2951 3810 quidem
2982 3742 3188 3809 virum,
3240 3758 3425 3799 mores
3459 3755 3643 3801 autem

2065 3844 2121 3892 et
2142 3833 2465 3904 virginalem
2485 3832 2956 3902 pulchritudinem
3002 3843 3059 3890 et
3090 3835 3359 3904 pudorem
3413 3837 3467 3891 in
3521 3840 3649 3908 ejus

2063 3926 2238 3983 oculis
2266 3926 2526 3982 insidere.
2564 3926 2765 3981 Verum
2804 3925 3089 3981 enimvero
3136 3942 3262 3982 cum
3301 3928 3367 3983 ad
3424 3930 3642 3997 piscan-

2064 4021 2192 4076 dum
2214 4019 2350 4074 retia
2373 4018 2747 4083 demisissent,
2766 4032 2890 4072 cum
2915 4033 3115 4089 magno
3136 4019 3326 4075 labore
3340 4021 3418 4075 nd
3440 4032 3638 4076 terram

2065 4111 2397 4173 avellerunt.
2459 4109 2687 4179 perinde
2733 4124 2797 4164 ac
2838 4109 2886 4165 si
2938 4124 3197 4180 magnum
3227 4110 3453 4180 aliquod
3500 4128 3639 4181 pon-

2064 4203 2169 4256 dus
2193 4201 2247 4256 in
2292 4201 2375 4256 eis
2400 4200 2703 4273 sentirent.
2747 4197 2867 4256 Jam
2919 4216 3052 4258 vero
3103 4218 3228 4258 cum
3274 4218 3442 4274 prope
3486 4204 3647 4259 littus

2063 4294 2360 4358 venissent,
2389 4300 2555 4347 noctu
2580 4292 2788 4359 vident,
2815 4293 2947 4348 luna
2977 4292 3288 4365 dcp’ellente
3314 4295 3632 4366 caliginem,

2063 4394 2119 4442 et
2142 4385 2596 4456 comprehensam
2624 4384 2857 4454 piscium
2878 4385 3310 4456 multitudinem,
3334 4398 3388 4445 et
3409 4404 3642 4458 corpora

1996 4493 2039 4548 υ
2071 4488 2289 4533 mortua
2321 4479 2376 4533 in
2409 4486 2603 4532 ventre
2638 4477 2793 4533 retis.

2138 4592 2376 4647 XXXIV.
2412 4591 2593 4662 Atque
2613 4592 2694 4648 illi
2751 4594 2974 4664 quidem
3032 4595 3245 4652 visione
3305 4601 3640 4667 conturbati,

2066 4700 2193 4739 cum
2227 4699 2340 4754 pra:
2369 4684 2562 4740 dolore
2594 4692 2650 4741 et
2680 4695 2829 4741 metu
2866 4702 3099 4757 corpora
3149 4690 3545 4756 excussissem.
3582 4706 3640 4749 et

2067 4778 2123 4832 in
2154 4787 2299 4835 terra
2324 4778 2733 4848 deposuissent,
2764 4778 2978 4832 retibus
3028 4779 3293 4845 collectis,
3341 4785 3638 4837 contende-

2068 4872 2196 4924 bant
2233 4871 2609 4925 transmittere
2659 4869 2714 4923 in
2752 4870 3060 4939 regionem,
3115 4887 3238 4941 quae
3272 4881 3394 4927 erat
3423 4888 3490 4926 ex
3545 4874 3642 4927 ad-

2068 4977 2250 5025 verso,
2300 4963 2550 5017 volentes
2580 4962 2637 5016 in
2690 4962 2819 5016 navi
2871 4977 3059 5017 secum
3111 4965 3315 5020 vehere
3344 4964 3631 5035 virginem.

2068 5054 2206 5108 Cum
2236 5063 2421 5107 autem
2455 5069 2565 5108 non
2628 5054 3041 5123 persuaderent,
3108 5055 3237 5110 dato
3264 5057 3317 5112 ei
3358 5072 3458 5125 pro
3497 5072 3642 5112 mers

2067 5146 2204 5201 cede
2254 5160 2394 5215 pane
2427 5156 2480 5200 et
2538 5144 2806 5214 piscibus,
2859 5146 3141 5202 abierunt.
3187 5147 3279 5204 Illa
3334 5164 3467 5204 vero
3513 5164 3639 5206 cum

2072 5238 2217 5293 Indae
2250 5247 2307 5292 ct
2341 5237 2489 5292 illius
2521 5240 2796 5294 sociorum
2826 5246 2884 5292 et
2914 5247 3146 5295 mortem
3180 5245 3239 5293 et
3275 5254 3447 5310 genus
3495 5255 3646 5295 mor-

2071 5330 2161 5396 tis,
2219 5339 2280 5384 ut
2329 5329 2483 5398 prius
2541 5330 2804 5393 diximus,
2855 5332 2968 5401 jam
3030 5331 3353 5401 accepisset,
3410 5334 3649 5390 accessit

2067 5418 2290 5486 quidem
2324 5419 2394 5474 ad
2428 5433 2659 5489 corpora
2688 5439 2702 5476 :
2735 5421 3030 5492 diligenter
3058 5431 3242 5478 autem
3284 5437 3349 5478 ea
3384 5424 3647 5481 conside-

2069 5510 2213 5565 ravit
2240 5519 2294 5565 et
2325 5512 2588 5576 versavit,
2615 5520 2672 5566 et
2702 5511 2904 5568 deinde
2932 5514 3100 5568 etiam
3127 5514 3342 5585 singula
3390 5524 3657 5571 accurate

2070 5598 2284 5655 didicit.
2331 5599 2628 5670 Postquam
2690 5616 2823 5656 vero
2870 5602 3055 5671 figurae
3082 5613 3138 5659 et
3173 5603 3344 5659 totius
3394 5603 3661 5675 corporis.

2072 5693 2227 5764 signa
2260 5691 2381 5747 illos
2406 5707 2529 5748 esse
2551 5702 2772 5749 sanctos
2798 5704 2984 5763 aperte
3010 5694 3414 5766 signiﬁcabant,
3437 5711 3499 5752 ea
3532 5713 3661 5753 ma—~

2072 5786 2235 5843 nibus
2265 5785 2568 5860 accipiens,
2593 5796 2647 5844 et
2673 5788 2755 5846 eis
2782 5787 2933 5845 labra
2967 5804 3162 5862 magno
3212 5788 3514 5848 admovens
3541 5791 3659 5847 de,»-
