4142 6380
469 252 602 319 ῙΟὯ

1110 234 1757 324 SUPPLEMENTUM.
1790 280 1856 299 --
1890 260 1952 321 s.
2008 261 2387 322 DEMETRII
2421 261 2819 323 MARTYRIS
2858 264 3071 322 ACTA-

3593 268 3729 329 1132

467 366 676 428 ικείνος
707 363 950 436 διδαχαῖς
973 383 1033 421 τε
1056 367 1153 421 καὶ
1192 373 1552 440 παραινέσεσι
1577 374 1861 444 μάρτυρας
1890 390 2056 446 προσ.

2158 372 2246 428 nis
2276 383 2332 428 et
2360 373 2585 428 monitis
2616 373 2822 429 multos
2849 374 3007 444 prius
3024 372 3247 431 Christo
3273 381 3544 447 martyres
3565 374 3729 433 obtu-

466 455 709 525 ινεγκὼν
732 457 813 529 τῷ
850 458 1095 531 Χριστῷ.
1120 461 1220 514 Διά
1243 463 1363 532 γὰρ
1379 464 1470 516 τὸν
1492 464 1663 518 πολὺν
1685 465 1895 520 ἐκείνου
1920 468 2049 536 περὶ

466 547 566 618 τὴν
593 548 881 603 εὐσέϐειαν
928 551 1093 620 ζῆλον
1112 551 1217 622 οὐχ
1260 553 1462 623 ἣκιστα
1488 556 1832 625 Μαξιμιανδς
1854 557 2049 611 διαπο-

468 640 677 709 νηθεὶς,
710 640 882 712 ὀργῆς
908 659 967 694 τε
1010 642 1104 695 καὶ
1141 644 1337 713 μανίας
1367 646 1707 717 πληρωθεὶς,
1733 648 1833 719 τὴν
1868 648 2055 720 ψυχὴν

469 731 730 800 βασάνοις
784 733 884 804 μὲν
915 734 1138 796 πολλαῖς
1162 738 1327 791 αὐτοῦ
1380 741 1649 810 πρότερον
1680 742 2049 811 ἀποπειρᾶται

468 825 777 892 ἀποστῆσαι
816 825 1032 891 πάντως
1081 829 1181 899 τῆς
1222 829 1514 899 ὁμολογίας
1555 834 1801 901 οἰόμενος
1826 850 1840 864 ⁸
1883 833 1959 896 ὡς
1992 834 2049 888 δὲ

470 918 672 970 ἀπεῖπε
706 918 909 986 μᾶλλον
934 919 1184 983 κολάζων
1217 923 1381 986 αὐτὸς
1402 923 1490 976 τὸν
1512 925 1603 978 διὰ
1634 926 1822 996 ξίφους
1852 928 2050 993 ἐπάγει

469 1007 547 1079 τῷ
575 1009 784 1081 ἀθλητῇ
817 1010 1070 1066 θάνατον.
1100 1014 1320 1080 Ἔξεστι
1360 1015 1417 1068 δὲ
1449 1018 1542 1070 καὶ
1591 1017 1691 1090 τὴν
1721 1019 1842 1072 κατ’
1888 1018 2051 1074 αὐτὸν

473 1102 717 1172 ἱστορίαν
739 1105 1227 1175 μεταχειρίσαντας
1249 1108 1382 1177 πρὸς
1399 1109 1541 1174 λέξιν
1564 1110 1780 1165 ἅπαντα
1797 1113 2047 1171 διελθεῖν.

540 1192 662 1249 AZ".
700 1195 930 1263 τούτοις
960 1198 1365 1270 ήΝικομήδους
1397 1200 1589 1273 ὥσπερ
1641 1203 1785 1259 τισὶν
1817 1204 2051 1277 ἄστρασι

473 1286 617 1359 μέγα
648 1306 701 1341 τι
729 1290 824 1343 καὶ
855 1291 1051 1361 χάριεν
1079 1293 1174 1345 καὶ
1203 1293 1301 1364 ἡδὺ
1332 1294 1645 1365 λάμπουσιν
1670 1297 2051 1369 ὲλλαμπρύνε-

468 1396 580 1446 ται,
605 1381 703 1434 καλ⁵
724 1380 909 1442 αὐτοῖς
944 1382 1147 1452 μᾶλλον
1181 1384 1648 1452 ἒγκαλλωπίζεται
1680 1388 1713 1457 ἢ
1739 1389 1928 1460 χρυσῷ
1957 1390 2051 1446 καὶ

470 1469 640 1533 λίθοις
670 1472 765 1525 καὶ
808 1474 1112 1544 μαργάρων
1135 1474 1443 1544 διαυγείαις
1471 1496 1531 1532 τε
1564 1479 1655 1533 καὶ
1684 1478 2047 1550 κομψότησιν,

472 1564 551 1626 είς
577 1564 822 1634 χιλιάδας
855 1565 954 1635 μὲν
975 1567 1147 1621 εἴκοσι
1176 1568 1391 1623 τελοῦσι
1433 1571 1524 1624 τὸν
1553 1572 1807 1644 ἀριθμὸν,
1850 1575 2049 1643 ἐπιφα-

2154 465 2315 520 lerat.
2343 463 2478 519 Nam
2512 476 2737 536 propter
2765 465 2917 521 illius
2955 465 3132 522 zelum
3157 466 3224 521 ad
3257 466 3536 537 pietatem,
3569 471 3727 527 valde

2155 566 2387 611 vexatus
2415 556 2798 624 Maximianus,
2826 559 3022 629 iraque
3053 568 3109 613 et
3139 559 3326 614 furore
3374 559 3560 616 animo
3613 561 3728 630 ple-

2157 662 2289 711 nus,
2317 648 2508 702 multis
2537 649 2761 718 quidem
2794 650 3081 705 tormentis
3118 665 3244 704 eum
3306 652 3462 721 prius
3498 662 3730 707 conatur

2156 740 2382 792 omnino
2414 739 2690 796 abducere
2732 757 2761 795 a
2789 742 3171 821 confessione;
3210 741 3345 797 Cum
3406 751 3589 797 autem
3641 743 3730 798 ille

2157 832 2394 899 puniens
2417 841 2565 886 esset
2579 832 2852 893 defessus.
2879 848 3012 888 ense
3044 844 3272 888 mortem
3297 833 3460 889 affert
3485 835 3727 889 athletae.
3770 867 3775 871 -

2155 919 2312 975 Licet
2370 937 2507 975 vero
2556 922 2610 976 in
2666 938 2863 976 manus
2905 922 3176 977 sumendo
3240 925 3361 994 ejus
3422 922 3730 988 historiam,

2156 1012 2338 1069 omnia
2368 1014 2437 1069 ad
2467 1014 2693 1069 verbum
2716 1028 3059 1085 percurrere.

2228 1195 2490 1251 XXXVII.
2530 1194 2630 1250 His
2654 1196 2825 1251 veluti
2865 1196 3194 1266 quibusdam
3221 1206 3384 1250 astris
3409 1195 3732 1250 l‘ttcomedia

2157 1302 2416 1358 magnum
2442 1287 2859 1358 jucundumque
2887 1296 2944 1342 et
2971 1296 3185 1358 gratum
3215 1287 3423 1342 emittit
3470 1286 3732 1356 splendo-

2157 1394 2291 1442 rem,
2329 1388 2386 1434 et
2410 1381 2589 1446 maius
2611 1395 2681 1435 ex
2713 1380 2794 1436 eis
2817 1390 3202 1434 ornamentum
3232 1381 3453 1450 accipit.
3487 1395 3650 1449 quam
3670 1395 3735 1434 ex

2152 1487 2316 1538 auro,
2344 1482 2398 1526 et
2429 1471 2684 1542 gemmis,
2707 1483 2764 1527 et
2786 1487 2852 1526 ex
2884 1473 3314 1542 margaritarum
3368 1473 3644 1526 nitoribus
3671 1488 3736 1527 ac

2158 1562 2588 1635 splendoribus;
2657 1563 2754 1633 qui
2803 1572 2933 1618 sunt
2981 1564 3204 1633 quidem
3258 1579 3487 1643 numero
3538 1563 3734 1634 viginti

472 1653 574 1714 min,
605 1652 660 1706 δὲ
682 1655 773 1706 καὶ
803 1653 998 1724 πλήθει
1048 1656 1141 1710 καὶ
1174 1656 1358 1711 κάλλει
1409 1657 1485 1730 τῷ
1531 1662 1854 1732 μαρτυρικῷ
1904 1658 2051 1732 χορῷ

2159 1657 2329 1712 millia
2354 1675 2370 1723 ;
2401 1666 2529 1713 sunt
2551 1665 2738 1712 autem
2768 1658 2821 1712 in
2852 1656 3023 1713 choro
3054 1667 3356 1728 martyrum
3380 1656 3734 1712 multitudine

471 1743 859 1814 διαπρέπουσι,
895 1720 990 1802 -ὧν
1023 1748 1055 1817 ή
1089 1749 1284 1820 μνήμη
1328 1720 1469 1818 μετά
1523 1720 1654 1821 pinv
1679 1720 2053 1808 τελεῖταῖτιῦν

2157 1759 2217 1805 et
2252 1749 2668 1819 pulchritudine
2724 1750 2985 1821 insignes.
3017 1749 3264 1816 Quorum
3298 1748 3579 1818 peragitur
3610 1762 3734 1804 me-

471 1836 566 1890 τοῦ
594 1835 831 1909 Χριστοῦ
864 1838 1159 1908 γενεθλίων
1185 1841 1319 1912 ἄλλη
1343 1842 1450 1912 πρὸ
1476 1843 1587 1897 τῶν
1617 1845 1826 1915 νηπίων
1866 1847 2050 1918 ἑορτὴ,

471 1928 662 2001 ὥσπερ
693 1931 917 1987 ἐκείνων
960 1934 1045 1987 διὰ
1079 1934 1286 2004 ξίφους,
1315 1934 1489 2000 οὕτως
1541 1936 1721 1989 αὐτῶν
1759 1936 1847 1991 διὰ
1882 1938 2054 2009 πυρὸς

472 2021 591 2093 Θεῷ
618 2021 695 2093 τῷ
733 2023 1075 2096 σαρκωθέντι
1096 2026 1588 2098 προσενεχθέντων,
1619 2020 1699 2093 οἷς
1725 2029 1819 2083 καὶ
1858 2030 1885 2082 ὀ
1919 2030 2054 2083 θαυ-

476 2113 679 2183 μαστὸς
732 2115 1038 2187 προσετέθη
1072 2117 1595 2188 Γλυκέριος,Ζήνων
1621 2136 1682 2172 τε
1726 2121 1755 2175 ὁ
1787 2120 1931 2192 ἱερδς
1961 2121 2056 2176 καὶ

472 2202 750 2272 Θεόφιλος,
788 2205 870 2260 ἔτι
904 2207 960 2261 δὲ
984 2208 1082 2261 σὺν
1122 2211 1414 2281 Μαρδονίῳ
1452 2211 1731 2283 Δωρόθεος
1778 2212 1828 2265 οἱ
1862 2213 2051 2284 μακά·

474 2312 604 2367 ριοι,
629 2298 807 2368 Ἰνδης
832 2316 891 2352 τε
916 2300 1005 2353 καὶ
1028 2300 1234 2371 Πέτρος
1261 2303 1475 2373 σύναμα
1505 2303 1582 2373 τῷ
1609 2302 1917 2377 Μυγδονίῳ,
1961 2306 2053 2360 καὶ

475 2389 529 2440 αἱ
559 2392 709 2458 τρεῖς
750 2390 1016 2461 παρθένοι
1058 2392 1298 2465 Ἀγαπη,
1328 2396 1493 2466 φημὶ,
1535 2395 1631 2449 καὶ
1681 2396 1917 2465 Θεοφίλα
1955 2399 2052 2451 καὶ

474 2480 659 2549 Δόμνα
708 2478 741 2553 ἡ
774 2483 950 2536 πάντα
1004 2484 1342 2555 περικαλλὴς
1390 2488 1484 2541 ttat
1513 2487 1758 2559 ἀοίδιμος
1787 2490 1869 2553 είς
1892 2489 2050 2555 δόξαν

475 2566 715 2642 Χριστοῦ
751 2572 1007 2644 ἀληθινοῦ
1037 2575 1172 2631 Θεοῦ
1205 2574 1381 2650 ἡμῶν,
1501 2582 1704 2651 πρέπει
1734 2578 1885 2636 πᾶσα
1913 2582 2048 2654 τιμὴ

477 2665 571 2717 καὶ
602 2666 996 2741 προσκύνησις,
1031 2669 1127 2724 νῦν
1163 2673 1257 2725 καὶ
1287 2673 1395 2739 ἀεὶ,
1430 2671 1526 2727 καὶ
1573 2675 1655 2738 είς
1693 2675 1818 2738 τοὺς
1843 2676 2047 2739 αἰῶνας

476 2754 586 2811 τῶν
616 2759 848 2816 αίὼνων.
893 2761 1090 2835 Ἀμήν.

2159 1845 2331 1899 moria
2363 1860 2470 1899 uno
2498 1845 2588 1900 die
2618 1854 2740 1913 post
2777 1844 2981 1900 Christi
3035 1843 3303 1910 Natalem,
3358 1851 3487 1897 ante
3531 1841 3734 1897 festum

2159 1936 2480 2004 infantium,
2508 1948 2569 1991 ut
2592 1937 2709 2007 qui,
2734 1937 3011 2007 quomodo
3039 1936 3116 1990 illi
3150 1950 3304 1998 ense,
3328 1934 3401 1988 ita
3434 1935 3600 1988 etiam
3636 1935 3735 2005 ipsi

2159 2028 2286 2100 igne
2313 2029 2448 2095 Deo,
2471 2029 2566 2099 qui
2603 2044 2829 2084 carnem
2853 2027 3053 2093 induit,
3102 2037 3230 2083 sunt
3284 2026 3471 2081 oblati.
3522 2026 3736 2093 Quibus

2160 2120 2327 2176 etiam
2353 2121 2590 2176 accessit
2630 2119 2978 2174 admirabilis
3030 2118 3336 2191 Glycerius,
3362 2128 3417 2173 et
3446 2131 3738 2173 sacrosan-

2158 2221 2284 2268 ctus
2309 2212 2477 2276 Zeno,
2530 2220 2588 2267 et
2633 2211 3010 2281 Theophilus:
3065 2220 3326 2280 praeterea
3380 2218 3563 2263 autem
3610 2223 3736 2263 cum

2157 2302 2441 2359 Mardonio
2472 2303 2803 2366 Dorotheus.
2826 2314 2885 2358 et
2912 2302 3059 2356 beati
3086 2300 3243 2356 ludes
3265 2311 3321 2356 et
3351 2301 3541 2358 Petrus
3571 2300 3735 2355 simul

2156 2411 2282 2451 cum
2311 2395 2626 2467 Mygdonio.
2652 2404 2707 2451 et
2763 2404 2876 2449 tres
2911 2393 3175 2465 virgines,
3228 2393 3431 2463 Agape,
3490 2392 3734 2461 inquam,

2156 2498 2212 2542 et
2242 2487 2569 2559 Theophila,
2614 2496 2670 2543 et
2715 2488 2943 2552 Damna,
2980 2503 3100 2557 qua:
3127 2497 3245 2540 erat
3276 2486 3434 2552 longe
3474 2484 3732 2553 pulcher-

2157 2582 2319 2648 rima,
2361 2595 2416 2637 et
2460 2584 2695 2639 maxime
2739 2581 3077 2655 veneranda,
3126 2581 3194 2635 ad
3255 2580 3483 2650 gloriam
3531 2577 3734 2632 Christi

2154 2675 2271 2732 veri
2299 2675 2397 2731 Dei
2433 2676 2629 2738 nostri,
2662 2690 2827 2744 quem
2871 2674 3031 2728 decet
3080 2672 3262 2727 omnis
3315 2671 3509 2741 gloria,
3552 2672 3729 2722 honor

2151 2776 2208 2823 et
2239 2768 2512 2833 adoratio,
2547 2783 2692 2824 nunc
2735 2777 2792 2823 et
2833 2767 2888 2823 in
2920 2768 3119 2823 saecula
3151 2765 3503 2819 saeculorum.
3533 2763 3733 2818 Amen.

1033 2934 1062 2945 :1

1327 3059 2458 3217 SUPPLEMEN
2472 3061 2871 3216 TUM
2889 3168 2932 3210 .

476 3288 556 3352 Ut
587 3288 774 3351 ﬁdem
815 3288 1165 3373 liberemus
1191 3306 1380 3373 quam
1414 3298 1586 3353 tomo
1617 3293 1968 3373 superiori,
2004 3292 2124 3355 col.
2161 3295 2338 3365 1031,
2372 3289 2705 3373 dedimus,
2728 3290 3067 3373 corodinis
3091 3289 3229 3373 rice
3268 3289 3713 3373 subnectimus

555 3374 710 3430 Acta
748 3368 1148 3452 celeberrimi
1180 3368 1346 3452 apud
1382 3373 1633 3433 Graecos
1665 3368 1960 3452 martyris
1989 3372 2326 3444 Demetrii,
2364 3372 2652 3434 Cornelii
2694 3370 2874 3451 Byei,
2910 3369 3072 3432 socii
3095 3369 3521 3444 Bollandiani,
3556 3385 3731 3430 com-

569 3448 911 3512 mentariis
940 3449 1283 3513 illusit-ato.
1318 3451 1496 3512 EDIT.

1097 3749 1278 3859 DE
1358 3747 1478 3859 S.
1578 3746 2328 3859 DEMETRIO
2424 3740 3119 3860 MABTYRE

1464 3926 1768 3993 THESSA
1782 3929 2098 3992 LONIC/E
2142 3932 2224 3992 ΙΝ
2273 3930 2781 4011 MACEDONIA,

1712 4055 1923 4134 (anno
1968 4071 2260 4117 cracrrnn
2299 4056 2503 4136 cccvr)

775 4197 1349 4294 CORNELII
1431 4200 1711 4294 BYEl
1806 4199 2772 4294 COMMENTARIUS
2848 4207 3447 4299 PRIEVIUS.

1405 4353 1557 4413 (Acta
1584 4353 1675 4404 SS.
1706 4353 1932 4404 Bollaud.
1954 4354 2015 4402 ad
2047 4351 2181 4403 diem
2211 4353 2242 4401 8
2273 4351 2521 4414 Octobris,
2562 4360 2679 4403 tom.
2701 4353 2810 4420 ιγ.)

479 4552 506 4624 ς
542 4553 585 4610 l.
617 4548 959 4621 Multiplioia,
995 4566 1112 4626 quoe
1157 4548 1221 4605 de
1240 4547 1332 4626 AS.
1379 4548 1644 4603 Demetrio
1687 4549 2048 4617 reperiuntur,
2083 4566 2126 4619 α
2162 4552 2245 4607 vel
2282 4551 2520 4621 denique
2550 4551 2838 4616 miracula,
2873 4566 2996 4621 quae
3046 4567 3246 4621 magno
3279 4570 3514 4610 numero
3547 4566 3733 4626 patra-

683 4619 910 4694 seripta,
938 4624 1204 4693 praecipue
1228 4619 1443 4684 Creon,
1475 4634 1844 4675 recensentur.

552 4740 607 4794 Ι.
634 4739 897 4795 Sanctum
947 4737 1100 4793 hunc
1144 4745 1466 4808 martyrem,
1503 4750 1666 4805 quem
1703 4735 2059 4807 μεγαλομὰρ-

479 4850 641 4904 τυρα,
661 4831 712 4885 id
735 4840 839 4891 est.
856 4846 1106 4901 magnum
1124 4839 1435 4898 martyrem,
1456 4837 1681 4893 vocant,
1702 4827 2060 4898 pluribusque

480 4924 1058 4983 honoriﬁcentiSsimis
1099 4925 1308 4990 titulis,
1355 4922 1499 4977 infra
1538 4937 1639 4977 suo
1684 4922 1806 4977 loco
1849 4936 2061 4976 nicmo-

479 5020 704 5085 randis,
754 5019 925 5074 Graeci
975 5017 1175 5089 passim
1232 5017 1645 5077 condecorant,
1694 5015 1866 5069 fuisse
1909 5013 2055 5083 apud

479 5113 647 5169 hosce
682 5111 884 5181 insigni
916 5110 1075 5179 plane
1108 5119 1223 5166 tum
1253 5108 1632 5171 veneratione,
1664 5116 1779 5161 tum
1812 5107 2059 5162 nominis

478 5207 799 5265 celebritate
827 5205 1093 5277 gavisum,
1130 5202 1214 5258 vel
1248 5203 1363 5258 sola
1412 5201 1736 5271 multiplicia
1760 5239 1777 5266 ,
1827 5215 1952 5270 quae
1975 5275 1977 5277 ι
1999 5200 2055 5255 in

477 5300 940 5356 bibliothecarum
976 5293 1174 5352 forulis
1212 5295 1485 5364 hodieque
1516 5295 1898 5364 reperiuntur,
1924 5309 2053 5364 par-

480 5394 687 5463 timque
718 5393 883 5446 etiam
908 5388 977 5446 ad
1009 5404 1206 5443 manus
1229 5397 1446 5443 nostras
1471 5379 1793 5456 pervenere.
1821 5387 2053 5458 antiqua

390 5478 393 5479 ⁷
478 5486 683 5540 d.versi
720 5484 942 5555 generis
994 5482 1198 5550 scripta
1229 5479 1439 5547 Graeca,
1474 5494 1759 5535 sermones
1803 5479 2061 5535 videlicet

480 5591 577 5631 seu
628 5576 889 5641 hominm,
936 5575 1215 5653 orationes
1258 5572 1601 5642 panegyricre
1632 5587 1730 5626 seu
1766 5573 2017 5626 encomia
2044 5612 2059 5636 ,

479 5669 700 5737 aliaque
731 5669 1023 5738 Opuscula,
1054 5667 1259 5738 quibus
1280 5665 1364 5721 vel
1389 5665 1628 5734 ipsemet
1658 5663 1715 5719 S.
1747 5664 2059 5718 Demetrius

482 5757 820 5825 celebratur,
854 5759 940 5819 vel
977 5755 1323 5827 martyrium,
1350 5753 1499 5826 quod
1521 5751 1713 5823 subiit,
1738 5753 2059 5825 exponitur,

2158 4646 2257 4709 vit,
2283 4655 2602 4710 narrantur,
2633 4648 2766 4700 satis
2796 4659 3077 4715 superque
3108 4650 3429 4704 ostendunt.
3454 4650 3524 4706 Ut
3550 4652 3604 4705 id
3637 4667 3734 4720 pa-

2156 4739 2263 4793 lam
2295 4739 2410 4803 liat,
2444 4747 2615 4809 utque
2657 4739 2861 4802 simul,
2897 4755 3020 4810 quia
3045 4755 3109 4793 ac
3145 4741 3326 4810 qualia
3356 4742 3631 4810 hodieque
3665 4743 3733 4798 de

2161 4831 2363 4887 Sancto
2410 4842 2768 4887 monumenta
2822 4833 3091 4888 litteraria
3137 4835 3453 4903 supersint.
3503 4836 3572 4889 ab
3612 4834 3733 4906 ipso

2159 4923 2344 4978 statim
2384 4925 2798 4989 commentarii,
2834 4925 2889 4979 in
2937 4940 3049 4995 quo
3084 4940 3192 4978 non
3226 4940 3396 4994 pauca
3427 4941 3492 4979 ex
3525 4927 3610 4981 his
3639 4936 3736 4982 aut

2156 5016 2513 5085 expendenda
2541 5026 2636 5072 aut
2670 5018 2793 5072 usni
2836 5018 3030 5071 saltem
3082 5026 3361 5085 utcunque
3392 5028 3598 5083 erunt,
3631 5020 3737 5075 ini-

2160 5108 2238 5163 tio
2260 5109 2566 5166 studiosum
2596 5113 2860 5167 lectorem
2887 5110 3172 5173 edoceam,
3200 5109 3405 5179 scripta
3433 5112 3523 5166 illa
3546 5114 3735 5169 omnia

2158 5216 2224 5257 ac
2256 5201 2469 5272 singula
2493 5243 2508 5267 ,
2550 5218 2785 5272 quorum
2816 5203 3106 5272 acquirere
3157 5203 3601 5274 qualemcunque
3635 5223 3735 5263 no-

2158 5293 2335 5347 titiam
2360 5293 2584 5363 quivi,§
2615 5295 2871 5363 praesenti
2906 5308 3192 5359 recenseo,
3223 5296 3478 5365 sequenti
3505 5298 3731 5364 deinde,

2162 5399 2412 5453 quamam
2447 5399 2513 5439 ex
2545 5384 2631 5438 his
2663 5384 2883 5439 edenda
2930 5385 3077 5449 sint,
3110 5386 3485 5455 expositurus,
3514 5388 3736 5443 πόλεω-

2165 5491 2369 5545 rusque
2402 5476 2588 5541 etiam,
2614 5491 2736 5546 quae
2771 5476 2855 5530 vel
2898 5487 3090 5547 aperte
3113 5481 3367 5547 prodant,
3399 5491 3498 5536 aut
3536 5483 3732 5537 saltem

2166 5568 2403 5623 collectu
2433 5583 2669 5639 pronum
2691 5567 2956 5631 eﬂiciant,
2979 5579 3184 5638 quanta
3216 5583 3446 5640 quaque
3471 5588 3533 5626 ac
3562 5575 3736 5629 maxi-

2162 5674 2251 5715 me
2282 5675 2347 5714 ea
2371 5676 2497 5731 quae
2540 5662 2684 5730 typis
2734 5659 3075 5731 subjicienda
3121 5663 3323 5727 dicam,
3363 5664 3607 5733 polleant
3639 5679 3736 5720 seu

2163 5753 2269 5811 title
2305 5767 2402 5810 seu
2429 5752 2777 5811 auctoritate.
2812 5753 2897 5811 Ab
2932 5755 3210 5827 opusculis
3258 5770 3355 5813 seu
3398 5757 3733 5815 lucubratiu-
