4142 6380
468 320 609 387 1083

1803 296 2461 364 SUPPLEMENTUM.

3607 288 3751 357 1034

469 433 656 496 nibus,
692 428 895 502 quibus
923 421 1009 478 vel
1046 418 1282 476 Sanctus
1322 416 1440 486 ipse
1475 414 1562 469 vel
1614 413 1884 469 miracula
1924 428 2049 482 qua:

2178 413 2320 467 tisce
2345 408 2556 475 verbis,
2588 407 2733 476 Ἔφη
2763 408 2791 460 ὁ
2829 407 3103 476 σωτήριος
3135 405 3313 474 λόγος.
3343 404 3558 477 incipit,
3581 418 3749 479 alque

418 570 425 581 .
476 523 737 596 patravit,
770 515 1148 575 celebrantur,
1182 509 1326 566 duco
1356 506 1599 562 initium.

541 617 596 671 Ξ.
628 614 737 667 Leo
755 605 988 664 Allatius
1014 604 1089 658 De
1118 600 1423 657 Simeonum
1451 599 1662 668 scriptis
1706 595 1845 651 tales
1866 595 2061 651 decem

472 709 754 769 diversas,
805 713 1041 770 quarum
1094 697 1269 766 prima
1301 691 1655 747 Philotheum
1689 689 2061 760 patriarcltam

473 789 1153 863 ConstantinOpolitanum
1182 828 1196 851 ,
1237 783 1480 841 secunda
1514 782 1852 839 Demetrium
1876 780 2063 851 Chry-

476 894 737 954 soloram,
774 887 961 947 tertia,
986 891 1182 954 quarta
1208 888 1265 935 et
1293 878 1527 949 septima
1552 876 1792 931 Leonem
1822 874 2061 943 impera-

477 999 677 1045 torem.
704 987 1069 1052 cognomento
1100 973 1441 1044 Sapientem,
1469 969 1664 1040 quinta
1695 982 2057 1039 anonymnm,

477 1092 629 1137 sexta
659 1079 926 1134 Joannem
968 1069 1319 1127 Stauracium
1368 1063 1852 1133 chartophylacem
1885 1061 2063 1116 Thes-

479 1172 885 1230 salonicensem
915 1207 929 1232 ,
959 1174 1153 1220 octava
1200 1161 1468 1217 Joannem
1503 1155 2056 1211 Thessalonicensem

479 1267 823 1339 episcopum,
859 1274 1003 1314 nona
1040 1253 1363 1325 Gregorium
1400 1250 1718 1316 diaconum,
1754 1264 1817 1303 ac
1848 1247 2063 1303 decima

480 1359 720 1428 denique
766 1352 1048 1409 Nicolaum
1097 1344 1405 1403 Cabasilam
1477 1342 1680 1397 habeat
1733 1351 2062 1403 auctorem,

480 1468 638 1524 pagg.
671 1447 762 1514 85,
791 1445 880 1512 94,
913 1445 1002 1507 96,
1028 1442 1118 1507 97,
1148 1437 1271 1503 102,
1303 1439 1426 1500 105,
1452 1436 1554 1493 105
1584 1446 1641 1491 et
1668 1436 1766 1490 l07
1789 1440 2063 1490 recenset.

480 1546 770 1605 Fabricius
804 1544 857 1595 in
892 1537 1218 1594 Bibliotheca
1251 1530 1435 1587 erca
1461 1531 1613 1585 hisce
1644 1537 1936 1599 praeterea,
1962 1525 2069 1580 ibi-

481 1641 607 1696 dem
635 1636 800 1694 etiam
829 1649 859 1689 a
882 1646 1005 1688 sese
1026 1639 1164 1684 tom.
1190 1625 1278 1691 Vl,
1307 1639 1433 1696 pag.
1466 1623 1567 1678 521
1596 1630 1650 1676 et
1675 1637 1819 1692 seq.,
1843 1629 1899 1675 et
1928 1629 2064 1675 tom.

484 1733 580 1800 IX,
610 1747 735 1803 pag.
768 1729 831 1783 7i
862 1736 917 1782 et
945 1740 1061 1794 seq.
1082 1720 1439 1784 enumeratis,
1467 1718 1602 1773 alias
1632 1724 1871 1788 quatuor
1892 1729 2069 1787 gene-

483 1827 561 1881 ris
588 1822 839 1896 ejusdem
867 1815 1309 1877 lucubrationes,
1335 1826 1568 1882 quarum
1588 1810 1767 1880 prima
1799 1823 1831 1864 a
1859 1809 2070 1878 Grego-

482 1919 568 1972 rio
592 1915 830 1979 Palama,
856 1908 1271 1978 archiepiscopo
1295 1901 1799 1968 Thessalonicensi,
1824 1900 2073 1956 secunda

483 2026 515 2066 a
540 2004 754 2072 Niceta,
779 2002 1193 2072 archiepiscopo
1223 1994 1409 2051 itidem
1433 1993 1932 2059 Thessalonicensi,
1964 2003 2075 2049 ter-

484 2103 670 2172 tiaque
703 2107 758 2154 et
789 2105 987 2168 quarta
1039 2093 1106 2148 ab
1157 2090 1447 2163 anonymis
1493 2087 1663 2143 fuerit
1695 2088 2027 2143 concinnata
2055 2126 2070 2150 ,

484 2189 781 2265 posteriori
808 2204 839 2243 e
877 2186 1026 2242 binis
1057 2184 1309 2255 proxime
1340 2181 1502 2236 dictis
1534 2179 1698 2234 tomis
1727 2194 1853 2250 pag.
1878 2176 2070 2232 itidem

486 2285 738 2357 proxime
771 2282 865 2338 cit.
906 2291 961 2335 ct
995 2295 1114 2347 seq.
1168 2274 1437 2347 adiungit.
1466 2274 1542 2328 Ac
1569 2271 1819 2342 apprime
1845 2269 2073 2340 quidem

486 2381 728 2435 Leonem
754 2374 1017 2431 Allatium
1054 2372 1196 2425 inter
1227 2377 1281 2424 et
1309 2367 1618 2422 Fabricium
1650 2367 1704 2419 in
1731 2363 2073 2421 lucubratio—

480 2444 641 2535 iiutn,
669 2483 807 2539 quas
833 2465 993 2520 ambo
1018 2471 1329 2522 recensent.
1363 2458 1690 2515 auctoribus
1718 2457 2067 2529 assignandis

483 2561 776 2624 convenit;
831 2572 1023 2612 verum
1078 2566 1191 2610 tum
1251 2569 1373 2623 quae
1428 2550 1621 2621 incipit
1660 2550 2075 2620 Μιριανόςιτις

484 2657 626 2726 ἀνὴρ
684 2652 795 2706 τῶν
851 2654 908 2703 ὲν
940 2650 1111 2720 γένει,
1158 2654 1561 2717 postremarum
1621 2653 1883 2715 quatuor,
1939 2659 2077 2715 quas

488 2747 645 2803 solus
691 2743 983 2800 Fabricius
1036 2742 1310 2804 recenset,
1371 2737 1821 2793 lucubrationum
1871 2737 2074 2803 tertia,

488 2852 604 2896 tum
636 2854 760 2910 qum
783 2836 997 2906 incipit,
1023 2833 1234 2903 Καιρὸς
1266 2832 1323 2887 δὲ
1348 2831 1560 2895 λοιπόν,
1589 2830 1780 2886 decem
1801 2831 2074 2901 priorum,

489 2948 630 3003 quas
666 2940 723 2986 et
754 2929 843 2984 hic
866 2937 923 2983 ct
949 2927 1183 2982 Allatius
1218 2933 1681 2985 commemorant,
1726 2923 2078 2978 lucubratio-

492 3039 625 3080 num
654 3022 849 3095 quinta
876 3020 1087 3075 auctori
1125 3033 1401 3088 anonymo
1426 3032 1714 3087 perperam
1750 3017 2073 3072 ascribitur:

490 3117 723 3187 inceptae
742 3115 890 3170 enim
913 3113 1069 3168 hisce
1100 3111 1306 3175 verbis,
1337 3108 1553 3173 Παντὸς
1583 3109 1747 3179 ἔργου
1774 3127 1831 3162 τε
1863 3110 1958 3163 aut
1985 3111 2071 3163 λό-

2184 3144 2364 3198 notari
2400 3108 2693 3214 contigerit

489 3228 613 3278 γου,
636 3208 957 3264 earumdem
988 3204 1177 3260 decem
1210 3203 1658 3258 lutubratinnum
1704 3214 1932 3263 octavae.
1955 3217 2079 3272 quae

486 3299 752 3355 Joannem
800 3295 1350 3351 Thessalonicensem
1401 3294 1571 3348 habet
1598 3303 1905 3359 auctorem,
1946 3310 2078 3365 par~

490 3401 601 3448 tem
631 3392 902 3445 duntaxat
931 3398 1167 3457 utraque
1204 3387 1517 3442 constituit.

563 3487 620 3539 3.
653 3482 855 3539 Adhazc
880 3483 984 3537 erit
1017 3480 1289 3543 fortassis,
1336 3478 1448 3544 cui,
1496 3495 1564 3535 an
1603 3479 1862 3535 inchoata
1918 3479 2075 3538 hisce

490 3574 700 3640 verbis,
750 3574 898 3643 Ἔφη
930 3572 959 3624 ὁ
993 3570 1266 3639 σωτήριος
1296 3569 1456 3638 λόγος
1478 3609 1494 3637 ,
1541 3572 1863 3627 earumdem
1907 3572 2072 3628 etiam

493 3670 686 3724 decem
725 3664 973 3735 priorum
1007 3659 1459 3717 lucubrationum
1498 3661 1681 3728 tertia,
1708 3675 1870 3732 quam
1910 3663 2076 3720 ambo

494 3762 793 3832 scriptores
817 3756 1025 3812 laudati
1058 3754 1231 3811 Leoni
1263 3754 1511 3824 Sapienti
1544 3755 1866 3825 imperatori
1908 3757 2074 3813 attri-

495 3857 696 3919 buunt,
724 3866 851 3907 vere
884 3849 1052 3904 etiam
1086 3850 1237 3903 hunc
1268 3848 1470 3902 habeat
1499 3856 1802 3914 auctorem,
1841 3844 2073 3904 dubium

493 3943 692 3999 elliciet
724 3956 827 3996 ms.
860 3939 1021 4002 1517,
1053 3937 1148 4007 qui
1190 3936 1243 3991 in
1294 3936 1642 3993 bibliotheca:
1695 3937 1879 4009 Regia:
1919 3938 2076 3994 Pari-

494 4035 694 4091 siensis
719 4032 973 4088 codicum
1008 4044 1141 4084 mss.
1175 4040 1323 4083 tomo
1344 4028 1410 4093 ll,
1437 4044 1584 4082 anno
1622 4030 1757 4083 Πιίο
1792 4029 2079 4100 typisvul-

492 4140 642 4200 gato,
673 4124 942 4188 occurrit,
992 4133 1253 4191 totusque
1303 4119 1373 4176 de
1419 4130 1613 4175 sancto
1651 4121 1934 4178 Demetrio
1964 4133 2074 4189 est,

495 4223 950 4276 membranaceus
975 4212 1185 4277 smeuli,
1227 4220 1288 4266 ut
1333 4220 1580 4281 apparet,
1617 4227 1691 4276 stt
1736 4212 1933 4280 codex,
1979 4229 2076 4269 seu

496 4312 683 4383 potius
711 4307 1184 4369 lucubrationum,
1231 4319 1354 4373 quae
1390 4304 1443 4357 in
1485 4303 1613 4369 hoc,
1667 4302 1800 4359 olim
1850 4304 2079 4360 Mazari-

498 4420 638 4468 meo,
668 4402 1050 4462 continentur,
1094 4395 1363 4452 elencbus
1395 4393 1599 4450 ibidem
1643 4397 2073 4467 suppeditatus;

2161 504 2232 560 ab
2263 502 2469 559 Allatio
2495 510 2554 557 et
2576 499 2832 555 Fabricio
2855 497 3029 553 Leoni
3056 497 3374 567 imperatori
3409 499 3749 557 ascribitur.

2160 593 2477 650 lucubratio
2533 590 2734 648 Joauni
2789 588 3277 649 Thessalonicensi
3328 589 3750 661 archiepiscopo

2165 686 2373 741 diserte
2392 685 2489 740 hic
2523 682 2869 739 attribuitur.

2236 824 2288 878 4.
2320 820 2526 877 Verum
2551 820 2609 875 in
2639 820 2805 876 allato
2835 819 3069 876 elencho
3098 835 3210 876 non
3257 835 3433 875 unum
3482 819 3751 876 duntaxat

2165 922 2413 970 erratum
2446 912 2649 981 cubat;
2686 928 2752 969 ac
2775 913 2960 984 primo
2991 912 3218 984 quidem
3254 912 3589 978 lucubratio,
3628 931 3753 986 quae

2166 1010 2223 1064 in
2254 1009 2360 1064 hoc
2395 1007 2582 1064 Sancti
2612 1007 2940 1080 martyrium
2968 1008 3220 1077 proxime
3267 1009 3497 1079 excipit,
3550 1024 3755 1064 secun-

2166 1087 2351 1173 doque
2384 1101 2506 1171 loco
2536 1109 2862 1165 memorata,
2891 1101 2998 1156 alia
3030 1116 3143 1157 non
3171 1110 3279 1167 est,
3312 1116 3478 1172 quam
3502 1116 3534 1156 e
3561 1101 3752 1157 decem

2167 1208 2336 1265 supra
2362 1194 2653 1250 recensitis
2679 1192 3166 1249 lucubrationibus
3197 1193 3483 1264 prioribus
3514 1202 3708 1249 octava
3741 1236 3754 1260 ,

2166 1285 2335 1340 vitam
2363 1284 2538 1340 sancti
2569 1284 2832 1340 Demetrii
2864 1299 2972 1339 una
3004 1300 3131 1341 cum
3168 1284 3417 1355 ejusdem
3449 1286 3752 1349 miraculis,

2171 1378 2253 1433 uti
2294 1378 2351 1435 in
2376 1377 2610 1434 elencho
2633 1378 2931 1442 indicatur,
2956 1393 3065 1436 non
3091 1378 3499 1448 complectitur,
3528 1377 3622 1434 sed
3651 1395 3757 1432 una

2170 1486 2297 1525 cum
2326 1471 2500 1537 hisce,
2524 1471 2991 1543 quemadmodum
3015 1474 3300 1542 praelatum
3332 1472 3603 1539 codicem,
3628 1472 3758 1527 olim

2170 1561 2579 1627 Mazarinteum,
2616 1579 2764 1618 nunc
2814 1563 3051 1635 regium,
3096 1564 3405 1619 evolvendo
3445 1562 3635 1631 didici,
3667 1580 3760 1635 pa-

2172 1656 2484 1726 negyricam
2514 1655 2803 1721 duntaxat,
2829 1670 2952 1726 qua:
2974 1655 3311 1727 praelationis
3329 1657 3759 1726 quodammodo,

2173 1746 2454 1802 miraculis
2484 1748 2782 1817 praemissa:
2806 1791 2821 1814 ,
2855 1747 3035 1802 locum
3074 1756 3264 1814 tenet,
3302 1748 3615 1804 orationem
3642 1789 3657 1814 ,
3704 1749 3760 1803 in

2180 1839 2275 1894 Dei
2299 1849 2354 1895 et
2382 1840 2561 1896 sancti
2587 1839 2876 1908 Demetrii,
2901 1840 3067 1895 nullis
3091 1854 3483 1911 prorsus,qua:
3503 1841 3569 1896 ad
3596 1842 3762 1912 hujus

2180 1933 2350 1987 vitam
2414 1933 2809 2005 martyriumve
2859 1941 3149 2002 spectent,
3198 1932 3625 2004 particularibus
3663 1949 3761 1989 seu

2181 2026 2343 2083 factis
2382 2042 2478 2081 seu
2509 2025 2789 2097 adiunctis
2820 2024 2874 2079 in
2928 2022 3174 2080 medium
3210 2024 3488 2090 adductis,
3522 2025 3760 2097 elogium

2176 2129 2525 2189 contextam;
2558 2119 2761 2175 deinde
2808 2128 2995 2174 autem
3032 2118 3227 2174 eadem
3272 2118 3611 2183 lucubratio,
3644 2135 3762 2190 quae

2176 2223 2498 2285 sequentem
2531 2213 2682 2268 hunc
2711 2213 2956 2280 titulum,
2989 2211 3096 2265 Τοῦ
3134 2212 3294 2283 ἁγίου
3336 2211 3585 2267 Ἰωάννου
3611 2214 3759 2284 ἀρχι·

2176 2305 2483 2358 επισκόπου
2516 2301 2928 2375 Θεσσαλονίκης
2978 2302 3150 2374 ὕμνος
3201 2305 3282 2367 εἰς
3338 2302 3474 2357 Θεὸν
3534 2306 3628 2359 καὶ
3675 2306 3764 2358 τὶν

2179 2397 2504 2462 πανένὸοξον
2540 2395 2845 2466 ἀθλοφόρον
2884 2392 3200 2466 Δημήτρὶον
3250 2398 3309 2448 ὲν
3343 2399 3547 2468 μερικῇ
3578 2398 3755 2469 διηγή-

2178 2506 2262 2542 σει
2310 2487 2420 2541 τῶν
2469 2486 2791 2559 Θαυμάτων,
2828 2507 2847 2542 ι
2897 2488 3085 2545 Sancti
3133 2487 3384 2556 Joannis,
3412 2488 3766 2546 Thessaloni-

2178 2582 2363 2637 censis
2396 2581 2823 2654 archiepiscopi,
2872 2583 2927 2639 itt
2982 2583 3157 2639 Deum
3194 2593 3251 2639 et
3303 2583 3766 2655 gloriosissimum

2178 2674 2444 2730 victorem
2480 2674 2822 2730 Demetrium
2847 2692 2975 2732 cum
3016 2677 3339 2749 particulari
3370 2678 3766 2745 miraculorum

2179 2770 2498 2824 narratione
2524 2769 2823 2838 laudatio,»
2848 2771 2903 2826 in
2925 2772 3104 2842 capite
3130 2772 3374 2844 praal'ert,
3404 2781 3585 2829 totum
3606 2791 3767 2846 pror-

2179 2877 2274 2917 sus
2304 2863 2567 2933 spatium,
2599 2864 2656 2917 in
2700 2864 2927 2920 laudato
2957 2865 3153 2942 codice
3179 2866 3312 2920 olim
3342 2866 3695 2929 Mazarinaeo,
3735 2883 3769 2922 e

2184 2968 2296 3025 quo
2326 2955 2565 3011 subinde
2606 2956 2800 3011 folium
2847 2972 3020 3012 unum
3065 2957 3409 3025 alterumve,
3444 2961 3771 3030 paginarum

2182 3056 2391 3114 tamen,
2420 3050 2567 3119 quod
2594 3048 2693 3104 has
2727 3064 2835 3104 non
2870 3050 3048 3120 prius,
3077 3067 3243 3122 quam
3280 3053 3487 3107 factum
3519 3053 3572 3107 id
3596 3062 3768 3114 esset,

2716 3178 2734 3209 ι
2768 3145 2913 3200 serie
2962 3161 3075 3199 non
3129 3145 3432 3216 interrupta
3460 3184 3477 3211 ,
3508 3153 3592 3200 cst
3620 3145 3769 3200 exci-

2182 3248 2324 3301 sum,
2353 3236 2497 3290 inter
2522 3237 2806 3308 inceptum
2836 3239 2936 3294 abs
2969 3236 3122 3294 hisce
3150 3237 3356 3302 verbis,
3388 3237 3768 3307 Μαξιμια-ιὸς,

2184 3330 2212 3381 ὁ
2238 3327 2337 3381 καὶ
2374 3328 2711 3399 Ἐρκούλιος,
2733 3332 2912 3387 sancti
2943 3331 3201 3387 Demetrii
3229 3331 3551 3402 martyrium
3576 3340 3634 3386 et
3666 3330 3770 3385 ho-

2182 3420 2414 3480 miliam.
2443 3422 2609 3477 tertio
2629 3423 2753 3479 loco
2783 3424 2838 3479 in
2863 3424 3104 3479 adducto
3122 3423 3356 3479 elencho
3378 3432 3765 3484 memoratam,

2183 3515 2557 3583 intercedcns,
2606 3527 2773 3588 atque
2813 3535 2842 3573 a
2877 3534 3001 3589 pag.
3041 3518 3108 3572 l2
3154 3533 3331 3589 usque
3377 3518 3446 3572 ad
3505 3531 3627 3588 pag.
3658 3517 3769 3570 216

2181 3624 2510 3675 excurrens.
2539 3612 2871 3680 certissime,
2912 3622 3104 3668 contra
3148 3627 3213 3668 ac
3255 3611 3443 3668 dictus
3496 3610 3769 3666 elenchus

2180 3699 2371 3769 exigit,
2402 3715 2512 3756 non
2544 3711 2797 3773 occupat,
2828 3718 2950 3770 seu,
2981 3703 3129 3774 quod
3161 3703 3357 3759 eodem
3390 3700 3609 3769 recidit,
3640 3716 3767 3758 sese

2186 3806 2365 3863 usque
2403 3791 2473 3849 ad
2506 3792 2790 3851 homiliam
2823 3795 2974 3850 illam
2999 3810 3111 3853 non
3143 3794 3409 3851 extendit.

2257 3931 2310 3987 5.
2345 3930 2561 3988 Etenim
2584 3973 2599 4000 ,
2642 3935 2725 3990 uti
2770 3935 2973 4012 ipsum,
3008 3935 3076 3992 de
3104 3951 3216 4007 quo
3243 3935 3358 3998 hic,
3388 3934 3637 3990 codicem
3681 3935 3767 3988 in.

2183 4024 2438 4094 spicienti
2475 4036 2744 4098 patescet,
2775 4044 2806 4083 a
2839 4044 2966 4100 pag.
2997 4028 3121 4094 135,
3151 4045 3259 4100 qua
3298 4030 3648 4094 terminatur,
3676 4044 3766 4082 us-

2182 4132 2293 4187 que
2322 4116 2389 4172 ad
2427 4134 2550 4189 pag.
2578 4118 2685 4174 206
2713 4118 2819 4176 sibi
2844 4119 3026 4176 adhuc
3055 4121 3166 4176 duo
3195 4121 3323 4185 alia,
3362 4136 3598 4191 quorum
3628 4121 3767 4175 alte-

2188 4226 2337 4277 rum,
2381 4212 2543 4267 tittth
2567 4212 2734 4268 simul
2759 4222 2815 4267 et
2840 4213 3066 4269 nomine
3090 4213 3337 4269 auctoris
3371 4213 3427 4268 in
3458 4214 3639 4277 capite
3668 4212 3767 4267 de-

2186 4303 2587 4368 stitutum,sex
2625 4304 2843 4359 diversa
2899 4306 3076 4360 sancti
3118 4304 3385 4359 Demetrii
3426 4304 3689 4359 miracula
3734 4320 3765 4357 a

2184 4410 2313 4466 pag.
2344 4396 2446 4451 155
2471 4412 2645 4468 usque
2667 4398 2737 4453 ad
2762 4397 2872 4453 205
2901 4397 3146 4469 exponit.
3174 4398 3436 4462 alterum,
3458 4399 3623 4453 titulo
3655 4414 3766 4452 non

496 4496 587 4551 hic
614 4494 763 4549 enim
792 4491 877 4546 sic
905 4489 1072 4544 habet
1100 4507 1113 4541 :
1152 4505 1169 4538 ι
1201 4486 1320 4553 Quo
1345 4484 1557 4556 (codice
1576 4503 1777 4558 nempe
1806 4489 2078 4545 membra-
2115 4493 2153 4546 D
2188 4498 2399 4544 tantum
2424 4498 2481 4544 et
2514 4490 2739 4545 nomine
2767 4491 3013 4546 auctoris
3031 4490 3378 4557 destitutum,
3400 4489 3496 4546 sed
3518 4498 3594 4555 et,
3619 4491 3766 4561 quod

494 4602 668 4643 naceo
692 4584 905 4647 Graeco,
959 4581 1093 4636 olim
1143 4578 1512 4647 Mazarinaeo.)
1542 4584 1898 4637 continentur
1928 4583 2078 4637 lDe—

496 4677 683 4734 metrii
723 4673 1072 4747 martyrium.
1106 4672 1304 4742 Incipit
1330 4672 1731 4742 εΜσξιμιανὸς,
1765 4676 1792 4726 ὁ
1823 4675 1918 4727 καὶ
1949 4675 2076 4745 Ἑρ-

500 4764 736 4826 κούλιος.
785 4762 843 4817 2.
894 4762 1155 4832 Ejusdem
1214 4760 1334 4815 Vita
1387 4770 1445 4816 et
1494 4761 1798 4826 miracula,
1846 4772 2075 4819 auctore

492 4857 707 4917 Joanne
735 4853 1157 4924 archiepiscopo
1184 4851 1690 4908 Thessalonicensi.
1721 4853 1777 4908 3.
1811 4854 2072 4926 Ejusdem

445 4972 452 4979 -
493 4949 722 5005 Joannis
754 4946 1010 5012 Humilia,
1042 4960 1170 5001 eum
1216 4944 1365 5000 aedes
1399 4944 1455 4999 in
1484 4944 1635 5015 regia
1661 4953 1850 5002 sancto
1884 4950 2076 5005 Deme-

497 5041 605 5096 trio
640 5039 745 5096 luit
769 5046 1006 5095 sacrata.
1038 5037 1276 5108 Incipit:
1307 5036 1458 5108 Ἔφη
1481 5039 1509 5091 ὀ
1530 5040 1800 5110 σωτήριος
1820 5040 1995 5108 λόγος.
2015 5040 2072 5098 Δ.

497 5132 891 5187 Mirm-olorum
926 5145 954 5184 a
995 5136 1187 5185 sancto
1211 5130 1491 5184 Demetrio
1518 5138 1856 5199 patratorum
1900 5132 2072 5188 histo-

498 5226 600 5280 ria.
634 5223 832 5294 lncipit
863 5240 879 5277 :
908 5223 1099 5277 Ἄλλοι
1131 5222 1231 5291 μὲν
1263 5221 1402 5276 ἄλλοι
1436 5222 1548 5275 τῶν
1581 5222 1677 5275 τοῦ
1717 5226 2074 5297 μεγαλομάρ-

494 5333 682 5387 τυρος.
726 5316 781 5371 5.
817 5316 1066 5381 Joannis,
1095 5315 1606 5372 Thessalonicensis
1656 5317 1925 5387 episcOpi,
1966 5318 2074 5373 Ho-

500 5408 653 5468 milia
686 5407 745 5462 in
788 5407 1006 5463 laudem
1036 5408 1215 5463 sancti
1244 5408 1530 5465 Demetrii.
1568 5407 1765 5478 incipit
1787 5423 1807 5462 :
1836 5410 2075 5482 Μνήμην

496 5500 711 5552 δικαία)
751 5499 903 5567 (imo
926 5498 1191 5565 δικαίων)
1225 5501 1347 5569 μετ’
1380 5501 1697 5569 ἐγκωμίων.
1735 5501 1788 5556 6.
1822 5501 2071 5573 Iosephi,

500 5589 1015 5646 Thessalonicensis
1045 5591 1472 5662 arcltiepiscOpi,
1505 5592 1735 5649 llomilia
1769 5592 1823 5648 in
1856 5595 2072 5651 laudent

496 5680 761 5737 Demetrii
787 5682 1020 5737 inedita.
1042 5681 1243 5752 incipit
1267 5683 1477 5752 Φαιδρὰ
1508 5685 1609 5754 μὲν
1638 5684 1731 5739 οὖν
1755 5688 1788 5756 ἡ
1823 5689 2072 5757 πανήγυ-

501 5786 608 5842 ρις.
644 5771 1212 5843 l-‘inisdesidcratur;
1244 5793 1263 5828 ι
1301 5774 1405 5832 ista
1432 5785 1615 5833 autem
1650 5778 1816 5847 dicta,
1851 5792 1972 5851 qua:
2002 5781 2073 5838 ab

2102 5879 2133 5886 ρ..

2186 4590 2311 4650 post
2338 4596 2461 4652 pag.
2491 4581 2598 4635 ἓοὸ
2628 4583 2820 4638 folium
2856 4584 2930 4638 sit
2965 4584 3213 4639 excisum
3235 4625 3251 4652 ,
3283 4583 3443 4639 initio
3471 4585 3725 4639 mutilum
3749 4625 3765 4648 ,

2184 4674 2498 4742 quampiam
2533 4673 2603 4729 ad
2642 4676 2820 4730 sancti
2874 4676 3132 4731 Demetrii
3172 4678 3373 4731 festum
3432 4692 3559 4733 cum
3602 4677 3768 4745 Spiri.

2189 4767 2328 4820 tuali
2366 4767 2571 4836 potius,
2615 4782 2783 4838 quam
2819 4769 3091 4840 corporali
3121 4769 3322 4841 gaudio
3368 4769 3766 4825 celebrandum

2187 4856 2557 4913 hortationem
2591 4875 2636 4914 a.
2656 4875 2781 4931 pag.
2802 4860 2913 4936 205
2940 4877 3115 4932 usque
3145 4863 3212 4916 ad
3240 4878 3359 4934 pag.
3391 4862 3499 4917 206
3524 4863 3772 4931 comple-

2182 4949 2372 5014 ctitnr,
2411 4951 2677 5021 opuscula
2725 4952 2891 5008 habet
2934 4954 3222 5025 subjecta,
3269 4971 3336 5011 ac
3381 4966 3495 5010 tum
3543 4955 3768 5010 demum

2184 5043 2458 5112 sequitur,
2487 5043 2557 5099 de
2600 5045 2760 5115 cujus
2788 5053 3016 5102 auctore
3047 5047 3139 5103 hic
3170 5048 3541 5119 disputamus,
3580 5048 3771 5104 homi-

2183 5133 2279 5188 lia.
2308 5134 2426 5190 Jatu
2452 5151 2606 5203 vero,
2639 5152 2762 5193 cum
2802 5138 2858 5192 id
2904 5139 2981 5197 ita
3014 5140 3235 5209 habeat,
3276 5142 3501 5213 haecque
3545 5141 3770 5196 titulmn

2183 5237 2528 5298 sequentem,
2580 5231 2688 5283 Τοῦ
2732 5230 2899 5285 αὑτοῦ
2942 5231 3150 5304 ὁμιλία,
3182 5235 3270 5289 ὅτε
3300 5235 3377 5304 τῷ
3404 5233 3635 5305 ἀοιδίμῳ
3667 5235 3772 5303 τῆς

2182 5320 2469 5385 εὐσεϐείας
2512 5322 2820 5393 ἀγωνιστῇ.
2867 5326 2964 5377 καὶ
3010 5326 3080 5377 τὰ
3110 5325 3339 5396 οὐράνια
3381 5326 3771 5394 περιπολοῦντι

2183 5415 2463 5484 ἀνάκτορα
2486 5413 2788 5485 Δημητρίῳ
2824 5418 2849 5469 ὁ
2884 5411 3034 5480 οἶκος
3067 5418 3125 5470 ἐν
3157 5420 3269 5478 τοῖς
3297 5417 3594 5489 βπσιλείοις
3620 5419 3771 5470 ἀνιε-

2187 5505 2361 5575 ρώθη,
2404 5524 2423 5557 ι
2458 5506 2718 5578 Ejusdem
2768 5509 3017 5573 ltomilia,
3059 5511 3283 5579 quando
3326 5510 3557 5572 celebri,
3603 5509 3773 5565 carie-

2181 5607 2433 5667 stemque
2476 5599 2657 5653 aulam
2707 5601 2917 5656 tenenti
2972 5601 3193 5671 pietatis
3245 5602 3419 5672 pugili
3484 5602 3768 5656 Demetrio

2180 5688 2327 5743 tedcs
2355 5689 2408 5744 in
2442 5689 2589 5759 regia
2620 5690 2727 5744 fuit
2759 5700 3080 5746 consecrata
3106 5733 3121 5758 ,
3165 5711 3184 5744 ι
3222 5692 3328 5747 sibi
3382 5691 3580 5746 habeat
3629 5708 3772 5763 prm-

2182 5783 2373 5855 ﬁxum,
2408 5799 2521 5841 non
2551 5782 2653 5842 luit
2675 5802 2826 5856 sane,
2855 5802 2976 5856 cur,
3000 5786 3098 5858 qui
3123 5785 3773 5860 opusculoruttt,itt,ute-
