4140 6382
373 303 515 372 1085

1378 306 1444 369 S.
1485 302 1883 367 DEMETRII
1922 298 2327 365 MARTYRIS
2366 302 2580 364 ACTA.

3500 293 3635 360 1086

370 433 588 482 morato
618 424 812 483 codice
844 440 949 484 ms.
984 426 1053 484 de
1095 434 1286 483 sancto
1330 427 1613 484 Demetrio
1664 433 1955 482 contento—
1983 436 2025 489 Α
2059 423 2216 479 scuto
2247 432 2524 494 separato,
2549 423 2708 496 cujus
2737 438 2909 479 unum
2941 408 3116 493 penes
3136 437 3223 477 me
3247 429 3426 477 exstat
3452 435 3638 476 exem-

370 533 518 582 rum,
558 518 858 576 elenchum
882 519 1135 592 digessit,
1165 519 1709 576 lucubratiunculam
1746 519 1907 575 istam
1930 561 1950 586 ,

371 625 495 680 quae
524 624 556 664 a
587 625 711 680 pag.
747 608 855 666 206
880 627 1054 682 usque
1076 611 1141 667 ad
1171 629 1295 682 pag.
1326 612 1433 667 208
1466 612 1736 667 duntaxat
1759 626 1957 667 excur-

372 702 470 767 rit,
510 701 712 758 Joanni
749 702 1227 760 Thessalonicensi
1254 704 1673 775 archiepiscopo
1711 703 1955 760 ascribe-

374 805 479 850 ret.
512 793 629 849 lino
662 810 818 860 vero,
852 810 977 850 cum
1004 796 1194 852 eadem
1222 796 1701 854 lncubratiuncula
1723 838 1737 861 ,
1774 796 1853 851 uti
1885 811 1953 851 ex

369 884 481 954 jam
518 883 665 947 dato,
697 900 859 953 quem
904 884 1144 955 praefert,
1190 887 1351 942 titulo
1391 887 1609 959 liquet,
1642 888 1711 943 ab
1754 887 1950 943 eodem

371 983 622 1040 auctore,
660 991 689 1030 a
719 992 850 1046 quo,
874 978 1021 1048 quod
1056 979 1303 1047 proxime
1326 981 1378 1035 ei
1409 981 1786 1051 praemittitur,
1810 996 1948 1051 Opu-

373 1068 611 1133 sculum,
647 1069 874 1125 indubie
905 1072 976 1125 sit
1007 1082 1289 1140 contexta,
1316 1074 1564 1145 nihilque
1598 1074 1825 1131 omnino
1854 1075 1959 1132 ob-

373 1169 503 1228 stet,
534 1164 834 1232 quominus
885 1164 1011 1232 boc,
1047 1175 1237 1237 utpote
1318 1168 1564 1224 auctoris
1609 1169 1837 1224 nomine
1888 1184 1955 1225 ex

374 1253 539 1309 dictis
572 1255 628 1309 in
650 1255 841 1311 codice
868 1258 1096 1326 prmfato
1127 1260 1477 1327 destitutum,
1508 1262 1680 1318 Leoni
1709 1263 1955 1334 Sapienti

373 1347 727 1414 attribuatur,
771 1350 905 1405 mihi
948 1366 1102 1417 sane,
1150 1352 1220 1408 ab
1255 1354 1456 1409 illustri
1503 1356 1609 1411 hoc
1657 1359 1953 1426 scriptore,

373 1439 463 1495 cui
489 1439 559 1494 ab
597 1439 798 1494 Allatio
826 1454 884 1496 et
931 1441 1185 1499 Fabricio
1211 1444 1530 1511 ascribitur,
1562 1445 1736 1503 fuisse
1785 1448 1953 1503 etiam

374 1530 523 1587 illam
559 1532 904 1601 adornatam,
932 1536 1431 1603 verosimiilimum,
1458 1555 1527 1594 ne
1558 1539 1761 1607 dicam,
1794 1541 1958 1596 indu-

377 1623 530 1679 bium
561 1637 809 1696 apparet,
847 1637 903 1682 ut
934 1628 1071 1684 adeo
1097 1628 1152 1685 in
1185 1630 1441 1695 elencho,
1473 1634 1677 1702 saepius
1701 1634 1811 1705 jam
1840 1651 1956 1691 me-

375 1725 619 1776 morato.
664 1719 912 1787 Joannis,
952 1721 1361 1794 archiepiscOpi
1401 1723 1953 1796 Thessalonicensis,

376 1809 600 1864 nomine
632 1825 922 1880 perperam
949 1813 1021 1868 sit
1047 1815 1287 1885 signata.

448 1902 501 1958 6.
524 1903 727 1960 Verum
759 1906 861 1960 etsi
894 1905 947 1961 id
983 1907 1055 1963 ita
1081 1906 1173 1975 sit,
1204 1910 1259 1965 in
1292 1910 1489 1967 eodem
1520 1911 1778 1982 equidem
1806 1911 1959 1968 elen-

375 1994 502 2059 cho,
542 2012 665 2066 qua:
693 1997 948 2064 alteram,
981 1999 1051 2054 ab
1095 2000 1183 2055 his
1219 2003 1429 2069 verbis,
1458 2003 1644 2057 Ἄλλοι
1671 2005 1771 2074 μὲν
1798 2004 1955 2071 ἄλλα,

378 2086 651 2159 inceptam
688 2099 854 2159 atqne
885 2108 913 2145 a
947 2106 1070 2165 pag.
1095 2092 1202 2149 208
1232 2111 1406 2166 usque
1432 2097 1500 2151 ad
1537 2112 1661 2169 pag.
1686 2097 1794 2154 226
1826 2114 1957 2169 pro-

377 2188 613 2247 tensam,
662 2185 910 2240 auctoris
938 2187 1198 2258 anonymi
1233 2189 1300 2244 de
1330 2191 1510 2246 sancti
1558 2191 1820 2246 Demetrii
1858 2191 1962 2246 mi-

377 2274 582 2329 raculis
600 2273 1039 2334 lucubrationem
1066 2283 1313 2351 proxime
1340 2286 1569 2355 excipit,
1603 2284 1832 2340 homilia
1857 2301 1957 2342 seu

377 2367 588 2435 potius,
626 2379 795 2437 prout
834 2372 887 2424 in
923 2370 1104 2437 titulo,
1131 2389 1305 2443 quem
1331 2375 1577 2444 praefert,
1611 2376 1956 2444 inscribitur,

375 2469 696 2516 contextum
731 2462 785 2516 in
814 2463 993 2518 sancti
1030 2464 1291 2522 Demetrii
1322 2468 1564 2534 laudem,
1598 2470 1745 2539 quod
1772 2474 1803 2525 a
1831 2485 1957 2543 pag.

373 2550 482 2607 226
502 2568 674 2621 usque
698 2554 765 2606 ad
809 2569 931 2625 pag.
968 2556 1075 2611 2i7
1101 2572 1311 2613 versam
1348 2560 1616 2629 excurrit,
1642 2562 1957 2617 encomium

374 2645 597 2709 Joanni,
620 2644 1102 2704 Thessalonicensi
1133 2651 1575 2723 archiepiscopo,
1602 2663 1753 2710 recte
1780 2656 1959 2710 ascri-

375 2737 548 2805 l-itur,
589 2738 664 2793 uti
702 2748 759 2793 et
800 2738 1061 2807 Josepho,
1108 2741 1599 2801 Tliessalonicensi
1638 2747 1831 2803 itidem
1865 2763 1959 2803 ar-

377 2827 754 2899 chiepiscopo,
784 2830 930 2885 aliud
955 2831 1144 2888 Sancti
1175 2836 1513 2902 encomium,
1534 2838 1681 2907 quod
1708 2840 1959 2895 encomio

379 2937 505 2977 mox
534 2922 683 2978 dicto
710 2927 961 2994 proxime
1005 2926 1380 2997 subiungitur,
1410 2931 1693 3000 quodque,
1720 2932 1828 2987 line
1858 2948 1957 2989 ex-

376 3016 579 3072 sistens
609 3018 882 3081 mutilum,
919 3032 950 3074 a
990 3036 1112 3090 pag.
1161 3021 1264 3076 247
1301 3038 1459 3077 versa
1502 3040 1677 3095 usque
1730 3025 1799 3081 ad
1832 3042 1955 3098 pag.

375 3123 592 3164 versam
619 3109 746 3175 255,
774 3110 985 3167 codicis
1014 3113 1316 3184 saepissime
1344 3116 1455 3187 jam
1505 3117 1738 3184 laudati,
1784 3134 1815 3173 e
1845 3133 1957 3189 quo

376 3201 589 3272 aliquot
648 3201 737 3257 hic
773 3201 903 3257 folia
962 3203 1146 3259 excisa
1190 3215 1356 3269 sunt,
1400 3206 1647 3262 ultimam
1693 3208 1960 3265 duntaxat

377 3293 715 3348 extenditur.
744 3295 922 3363 Atque
954 3293 1030 3350 ita
1070 3295 1235 3350 simul
1272 3312 1338 3351 ex
1374 3297 1573 3352 eodem
1620 3299 1724 3353 hoc
1766 3299 1959 3356 codice

378 3394 495 3441 tres
528 3390 788 3456 praeterea
812 3388 970 3453 alias,
995 3403 1119 3458 quae
1144 3389 1227 3445 vel
1259 3389 1558 3460 ipsummet
1583 3390 1847 3448 Sanctum
1870 3393 1957 3449 vel

378 3486 591 3548 patrata
622 3478 692 3533 ab
714 3495 782 3534 eo
814 3480 1076 3535 miracula
1114 3480 1419 3546 celebrant,
1446 3493 1611 3556 atque
1640 3485 1732 3541 hic
1761 3502 1956 3551 recen-

377 3571 563 3625 senda:
598 3571 779 3625 adhuc
814 3572 1120 3637 restabant,
1164 3573 1583 3632 lucubrationes
1625 3593 1789 3650 supra
1822 3593 1958 3635 enu-

380 3666 606 3720 meratis
663 3665 946 3721 addendas
1002 3666 1297 3724 habemus.
1354 3670 1676 3726 Proximum
1725 3683 1849 3738 est,
1899 3683 1961 3730 ut

379 3761 666 3828 opuscula,
691 3761 896 3830 quibus
921 3763 1098 3816 sancti
1125 3762 1385 3818 Demetrii
1427 3780 1523 3820 seu
1549 3766 1657 3820 vita
1689 3782 1782 3821 seu
1810 3782 1959 3821 mar-

382 3852 587 3922 tyrium
622 3853 941 3923 exponitur,
976 3855 1142 3909 modo
1172 3856 1342 3911 etiam
1375 3873 1782 3913 recenseamus.
1811 3859 1960 3913 Alla-

385 3943 496 3997 tius
519 3942 597 3998 De
653 3943 965 4000 Simeonum
1002 3948 1215 4016 scriptis
1250 3948 1360 4002 duo
1405 3947 1622 4003 diversa
1648 3989 1665 4016 ,
1722 3966 1959 4019 quorum

390 4043 501 4089 tam
530 4051 703 4090 unum
728 4077 743 4101 ,
774 4052 939 4106 quam
970 4037 1120 4091 aliud
1145 4075 1162 4103 ,
1192 4039 1368 4093 sancti
1405 4037 1668 4093 Demetrii
1700 4040 1962 4094 inscribit

381 4127 727 4198 martyrium,
755 4142 877 4198 pag.
905 4128 1007 4184 i23
1031 4139 1087 4185 et
1110 4143 1232 4200 pag.
1264 4129 1363 4184 i26
1390 4138 1658 4185 recenset.
1684 4129 1956 4196 Primum,

381 4215 529 4286 quod
580 4217 728 4273 inter
772 4227 1093 4273 sanctorum
1133 4217 1308 4285 Vitas,
1355 4235 1385 4274 a
1437 4220 1807 4291 )letaphraste
1845 4237 1956 4276 non

381 4308 746 4377 conscriptas,
789 4309 980 4377 refert,
1034 4311 1149 4367 haec
1183 4312 1373 4375 verba,
1407 4313 1541 4366 Ὀτε
1583 4315 1895 4385 Μαξιμῖνος
1929 4315 1960 4368 ό

384 4402 644 4473 βασιλεὺς
673 4406 732 4458 ὲν
765 4407 832 4475 τῇ
869 4405 1316 4461 Θεσσαλονικέωι
1341 4406 1496 4476 διῆγε
1526 4409 1717 4475 πόλει,
1757 4423 1955 4463 secun-

2058 517 2201 586 plar,
2244 516 2542 572 Bollandus
2573 528 2783 582 noeter,
2816 516 3121 572 Laurentio
3156 515 3376 572 Coccho
3409 521 3635 585 rogante

2058 618 2421 681 sumptusque
2449 610 2929 674 subministrante,
2955 625 3101 665 anno
3132 609 3267 665 1655
3286 608 3428 678 typis
3453 607 3635 662 Meur-

2059 700 2235 755 sianis
2270 701 2651 756 excudendam
2683 703 2935 767 curavit;
2975 702 3123 777 quod
3169 712 3352 756 autem
3387 701 3453 755 ad
3483 700 3632 771 prio-

2062 808 2177 847 rem
2214 802 2447 863 spectat,
2481 795 2623 850 hauc
2647 810 2767 850 esse
2795 804 2930 866 puto
2957 797 3103 851 illam
3140 797 3351 865 ipsam,
3380 809 3502 865 qua:
3552 795 3635 848 la-

2061 884 2278 939 tinitate
2313 884 2384 938 ab
2425 885 2719 943 Anastasio
2750 886 3184 943 Bibiiotheeario
3213 888 3417 942 donata
3460 886 3638 956 pluri-

2062 974 2278 1045 busque
2313 976 2474 1031 libris
2520 993 2651 1033 mss.
2707 979 2944 1049 aliisque
2989 979 3189 1034 deinde
3231 980 3440 1035 inserta
3486 980 3640 1035 hisee

2062 1067 2359 1122 inchoatur
2388 1068 2614 1124 verbis:
2646 1089 2667 1117 ι
2705 1072 2842 1125 Cum
2873 1071 3174 1141 imperator
3196 1071 3557 1126 Maximianus
3584 1071 3637 1125 in

2062 1158 2643 1216 Thessalonicensium
2698 1162 2921 1233 degeret
2977 1164 3224 1218 civitate.
3277 1181 3303 1214 ι
3353 1165 3427 1217 Ea
3485 1163 3641 1217 sedet

2062 1254 2363 1319 sententia,
2396 1255 2543 1325 quod
2588 1256 2669 1311 sic
2720 1273 2891 1311 unum
2942 1257 3196 1327 idemque
3236 1257 3529 1324 utriusque
3566 1256 3641 1310 sit

2063 1344 2304 1400 initium.
2357 1346 2472 1401 Nec
2515 1347 2707 1411 refert,
2761 1348 2907 1417 quod
2941 1349 3130 1404 Graece
3177 1348 3320 1418 apud
3375 1348 3641 1402 Allatinm

2063 1436 2393 1507 Μαξιμῐνος,
2439 1439 2636 1494 Latine
2679 1441 2824 1510 apud
2876 1442 3228 1496 Anastasium
3272 1439 3641 1497 Maximianus

2063 1529 2362 1585 scribatur.
2380 1530 2754 1601 Praeterquam
2783 1533 2934 1586 enim
2954 1532 3101 1603 quod
3123 1533 3312 1589 Graece
3332 1534 3645 1603 Μαξιμίνος

2064 1635 2165 1690 pro
2194 1620 2562 1691 Μαξιμιανὸς,
2594 1624 2679 1678 vel
2711 1633 2924 1688 contra,
2960 1639 3074 1679 non
3107 1640 3235 1679 raro
3265 1622 3530 1694 scriptum
3560 1626 3647 1678 in-

2062 1714 2338 1777 veniatur,
2366 1714 3003 1772 FabriciusBibliothecw
3027 1716 3227 1771 Cra-cae
3250 1726 3386 1773 tom.
3407 1718 3495 1782 IX,
3513 1733 3639 1789 pag.

1904 1822 1911 1830 '
1992 1808 2034 1866 Β
2065 1806 2154 1872 72,
2199 1806 2387 1862 laudat
2417 1808 2470 1864 in
2499 1809 2834 1865 bibliotheca
2868 1811 3207 1865 Coisliniana
3256 1820 3479 1866 exstans
3532 1826 3641 1865 ms.

2062 1897 2199 1952 Vita!
2221 1913 2318 1953 seu
2354 1899 2631 1956 Passionis
2656 1901 2830 1956 sancti
2855 1901 3136 1964 Demetrii,
3156 1899 3349 1956 Latine
3379 1916 3477 1970 per
3498 1902 3643 1955 Ana-

2060 1991 2292 2045 stasium
2321 1990 2811 2049 Bibliothecarium
2858 1994 3089 2049 redditae
3113 2034 3128 2058 ,
3170 1993 3419 2050 Graecum
3451 2008 3638 2048 exem-

2064 2084 2203 2155 plar,
2232 2085 2286 2140 in
2316 2102 2427 2159 quo
2474 2103 2586 2144 non
2616 2090 2946 2158 MaEthvog,
2976 2089 3074 2144 sed
3104 2088 3448 2157 Μαξιμιανδς
3469 2088 3643 2143 eﬂ'ero

2062 2188 2169 2233 tur.
2196 2180 2308 2235 Nec
2347 2181 2509 2237 aliter
2539 2183 2643 2239 hoc
2682 2198 2884 2238 nomen
2914 2192 3176 2238 exaratur
3195 2184 3252 2238 in
3281 2182 3491 2246 Cra-ca,
3514 2198 3641 2252 quae

2064 2281 2123 2329 et
2153 2275 2208 2327 in
2248 2274 2556 2331 substantia
2594 2285 2652 2332 et
2688 2292 2743 2331 ιη
2777 2278 3052 2349 adjunetis
3081 2278 3197 2333 fere
3226 2277 3484 2332 omnibus
3510 2290 3637 2331 cum

2062 2365 2446 2423 lucubratione
2472 2370 2856 2437 Anastasiana,
2890 2370 3074 2425 verbis
3111 2371 3241 2425 licet
3276 2370 3346 2423 ab
3374 2370 3477 2424 hac
3500 2368 3643 2423 mul-

2065 2467 2179 2513 tum
2212 2460 2455 2527 diversa,
2489 2464 2735 2531 apprime
2765 2463 3045 2533 congruit,
3079 2464 3343 2519 Demetrii
3376 2463 3639 2519 Passieno

2063 2548 2193 2612 alia,
2228 2564 2255 2604 a
2293 2551 2492 2608 Photio
2540 2554 2595 2607 in
2642 2553 2976 2609 bibliotheca
3022 2555 3212 2611 codice
3235 2555 3344 2610 255
3372 2555 3641 2612 exhibita.

2061 2641 2265 2697 Adhaec
2289 2643 2344 2698 in
2371 2645 2631 2702 omnibus
2656 2662 2881 2716 prorsus
2903 2646 3139 2713 Latinis,
3163 2663 3284 2718 qua!
3304 2649 3527 2718 quidem
3555 2648 3639 2700 vi-

2063 2730 2198 2787 dere
2224 2734 2357 2787 mihi
2388 2735 2569 2802 licuit,
2599 2737 2734 2793 Vita:
2754 2753 2852 2807 per
2877 2738 3225 2793 Anastasium
3253 2754 3427 2793 versm
3447 2753 3640 2793 exem-
3708 2748 3713 2751 ‘

2063 2823 2312 2893 plaribus
2332 2825 2717 2893 Maaimianus,
2748 2843 2858 2884 non
2893 2829 3243 2892 Maximinus,
3278 2829 3564 2884 scribitur.

2135 2915 2190 2970 8.
2226 2916 2332 2972 Sed
2362 2918 2431 2974 de
2468 2934 2526 2975 re
2555 2920 2657 2977 hac
2683 2922 2795 2990 jam
2833 2923 2990 2977 satis.
3019 2923 3225 2978 Praeter
3250 2922 3390 2978 duas
3415 2937 3512 2977 seu
3541 2937 3640 2992 po-

2066 3011 2179 3067 tius
2209 3022 2343 3081 tres,
2368 3029 2431 3069 ea
2464 3015 2699 3081 scilicet,
2721 3032 2885 3086 quam
2916 3033 2947 3072 a
2987 3018 3185 3073 Photio
3237 3018 3487 3074 exhiberi
3514 3034 3640 3076 mox

2063 3107 2277 3172 monui,
2315 3109 2938 3175 annumerata,Graeeas
2973 3110 3163 3168 Sancti
3191 3114 3340 3167 Vitas
3368 3128 3465 3168 seu
3507 3112 3642 3168 Pas-

2064 3200 2249 3255 siones
2285 3200 2458 3257 altera
2510 3204 2691 3259 adhuc
2720 3203 2909 3261 Graeca
2961 3205 3150 3261 itidem
3186 3207 3438 3262 inchoata
3486 3208 3640 3263 hisce

2059 3290 2270 3358 verbis,
2297 3294 2645 3363 Μαξιμιανδς
2676 3297 2704 3348 ὁ
2725 3298 2820 3349 καὶ
2850 3296 3165 3362 Ἐρκούλιος
3200 3298 3472 3363 ὑποτάξας
3507 3299 3638 3351 [‘61:-

2062 3384 2213 3452 θους,
2257 3385 2613 3444 bibliothecae
2668 3389 2873 3445 Graeca
2905 3401 3039 3445 tom.
3070 3391 3141 3446 lX
3167 3407 3197 3446 a
3229 3390 3507 3456 Fabricio,
3541 3392 3637 3462 qui

2061 3475 2268 3532 ibidem
2289 3478 2426 3534 duas
2447 3483 2662 3550 priores
2686 3497 2750 3537 ex
2770 3482 2969 3537 Allatio
2987 3484 3096 3554 jam
3122 3494 3451 3539 memoratas
3471 3484 3638 3539 etiatn

2061 3582 2340 3635 recenset,
2384 3588 2508 3643 pag.
2547 3574 2615 3629 72
2649 3575 2939 3641 laudatur,
2978 3576 3296 3647 integraque
3340 3577 3534 3633 eadem
3583 3577 3638 3632 in

2061 3662 2253 3717 codice
2283 3664 2412 3718 olim
2440 3663 2786 3730 Mazarinaao,
2823 3667 3024 3736 saepius
3047 3682 3211 3736 supra
3240 3668 3428 3723 citato.
3455 3683 3484 3721 a
3513 3683 3638 3736 pag.

2062 3754 2088 3806 1
2129 3770 2304 3825 usque
2338 3756 2404 3811 ad
2432 3772 2557 3826 pag.
2590 3756 2657 3811 l0
2683 3773 2895 3812 versam
2929 3760 3242 3824 exhibetur,
3278 3761 3356 3814 uti
3380 3769 3436 3813 et
3467 3762 3520 3814 in
3547 3777 3641 3815 coo

2061 3846 2184 3903 dice
2212 3858 2403 3903 nostro
2430 3850 2648 3921 signato
2685 3856 2742 3914 ᾗ
2783 3866 2887 3905 ms.
2926 3851 3027 3907 195
3059 3868 3089 3906 a
3124 3868 3243 3922 pag.
3273 3852 3343 3906 38
3370 3868 3541 3922 usque
3571 3853 3639 3910 ad

2061 3954 2165 4010 pag
2201 3941 2290 3996 42.
2322 3942 2596 3998 Caeterum
2643 3954 2706 4000 ut
2737 3945 3106 3999 contractiora
3146 3945 3333 3999 Sancti
3359 3946 3555 4015 elogia,
3584 3946 3639 4002 in

2062 4033 2446 4087 commentarii
2482 4032 2749 4088 duntaxat
2778 4035 3017 4089 decursu
3040 4077 3053 4097 ,
3085 4036 3131 4090 si
3163 4035 3295 4103 quid
3325 4044 3515 4089 notatu
3555 4035 3640 4089 di-

2062 4139 2229 4195 gnum
2281 4125 2643 4192 contineant,
2696 4126 2783 4181 vel
2844 4128 3260 4183 transcribenda
3312 4129 3394 4182 vel
3443 4129 3638 4183 saltem

2061 4218 2565 4280 commemoranda.
2592 4219 2880 4274 brevitatis
2907 4234 3040 4288 ergo
3064 4229 3411 4289 praeteream.
3435 4220 3641 4277 Graecis

2063 4307 2324 4364 Demetrii
2357 4310 2499 4366 Vitis
2534 4311 2646 4381 jam
2693 4312 3033 4366 enumeratis
3062 4311 3310 4367 addenda
3348 4314 3530 4370 adhuc
3558 4323 3642 4370 est

2064 4399 2332 4469 prolixior
2354 4401 2475 4457 Vita
2503 4402 2697 4458 Latina
2729 4418 2822 4458 seu
2851 4404 3031 4473 potius
3055 4405 3187 4460 Vita:
3217 4403 3440 4470 Graecae,
3475 4421 3638 4475 quam

383 4496 517 4552 dum
562 4506 774 4564 autem,
823 4498 968 4570 quod
1009 4498 1164 4554 Actis
1201 4512 1299 4554 seu
1326 4497 1487 4563 Vitis,
1528 4515 1558 4554 a
1593 4499 1958 4570 Metaphraste
1988 4511 2038 4572 ι)
2064 4492 2260 4562 priori,
2296 4493 2657 4565 alteriusque,
2686 4511 2850 4566 quam
2882 4497 3174 4566 posteriori
3210 4498 3333 4553 loco
3364 4500 3640 4565 recensui,

383 4592 678 4657 contextis,
711 4598 983 4656 accenset,
1014 4591 1306 4662 sequentia
1352 4591 1563 4656 isthaec,
1594 4591 1719 4664 Εἱχε
1759 4594 1859 4663 μὲν
1890 4593 1961 4646 τὰ

394 4680 689 4751 Ῥωμαίων
721 4681 983 4753 σκῆπτρα
1025 4682 1371 4751 Μαξιμιανὸς
1410 4682 1439 4735 ὁ
1498 4682 1836 4755 Ἑρκούλιος,
1859 4698 1967 4754 pro

386 4770 553 4829 initio
579 4774 769 4829 habet.

456 4866 510 4920 7.
544 4867 723 4937 Atque
767 4869 910 4924 hanc
943 4866 1167 4938 quidem
1203 4870 1571 4939 posteriorem
1618 4869 1966 4925 lucubratio-

386 4971 537 5021 nem,
565 4972 708 5025 quae,
744 4972 773 5012 a
807 4957 1114 5029 Lipomano
1157 4959 1212 5013 in
1260 4959 1502 5029 linguam
1550 4959 1800 5015 Latinam
1850 4959 1964 5031 pri-

386 5064 538 5103 mnm
566 5064 853 5116 conversa,
900 5061 1056 5107 sexto
1096 5051 1371 5115 Vitarnm,
1423 5051 1723 5108 Latinitate
1762 5053 1832 5107 ab
1895 5067 1965 5108 eo

384 5141 741 5206 donatarum,
778 5153 927 5198 temo
950 5142 1019 5198 ad
1055 5143 1126 5201 26
1164 5142 1419 5201 Octobris
1441 5145 1610 5210 diem,
1641 5155 1831 5201 sancto
1856 5145 1964 5201 De-

386 5237 588 5291 metrio
629 5237 775 5306 apud
824 5238 1045 5292 Graecos
1076 5251 1320 5302 sacrum,
1353 5237 1458 5291 fuit
1503 5240 1734 5303 inserta,
1765 5237 1965 5295 Surius

384 5327 668 5383 deindein
694 5330 964 5391 Vitarum,
991 5344 1153 5399 quam
1185 5329 1525 5399 compilavit,
1555 5329 1963 5397 collectionem,

387 5419 542 5474 nulla
570 5421 802 5475 omnino
834 5421 890 5474 in
922 5419 1208 5490 Lipomani
1242 5420 1758 5491 interpretationem
1785 5432 1964 5479 muta-

388 5511 538 5568 tione
578 5512 815 5577 invecta,
845 5511 914 5566 ad
952 5513 985 5566 8
1019 5512 1278 5568 Octobris
1325 5514 1494 5578 diem,
1542 5514 1724 5571 eidem
1752 5515 1960 5571 Sancto

386 5604 535 5674 apud
565 5603 791 5660 Latinos
815 5604 1085 5670 dicatum,
1119 5604 1329 5669 intulit,
1361 5614 1655 5678 denuoque
1694 5608 1762 5663 ad
1791 5607 1933 5663 ledi
1954 5638 1970 5651 -

387 5712 561 5751 catum
625 5696 975 5752 bibliothecae
1019 5696 1473 5753 Cliristianissimi
1521 5715 1665 5771 regis
1710 5699 1963 5756 Gracnm

386 5789 676 5862 exemplar
724 5788 1050 5847 recensitam
1081 5788 1268 5845 GI‘tCCC
1313 5790 1476 5846 simul
1508 5800 1566 5847 et
1592 5789 1791 5849 Latine
1834 5806 1969 5860 opu-

2064 4585 2439 4654 paraphrasis,
2466 4586 2520 4640 in
2553 4596 2865 4643 sanctorum
2890 4587 3154 4654 Polonias,
3189 4588 3496 4660 llungariae.
3536 4590 3642 4644 Bo-

2064 4678 2281 4741 hemim,
2326 4679 2600 4745 Moraviae,
2632 4681 2866 4735 Prussiae
2916 4692 2974 4737 et
3019 4682 3228 4737 Silesia:
3279 4691 3639 4751 patronorum

2063 4769 2423 4841 Legendam,
2475 4788 2505 4827 a
2560 4773 2771 4829 Joanne
2820 4774 3092 4845 Longino,
3141 4775 3280 4830 alias
3331 4774 3639 4841 Duglossio,

2063 4879 2213 4919 anno
2247 4865 2471 4921 circiter
2502 4866 2659 4932 1470,
2694 4868 2773 4922 uti
2815 4883 2916 4922 nis.
2962 4867 3250 4923 adnotatio
3302 4866 3355 4922 ei
3423 4866 3641 4936 praeﬁxa

2064 4958 2249 5024 docet,
2283 4959 2707 5025 concinnatam,
2757 4961 3149 5029 Craeoviaeque
3218 4975 3366 5015 anno
3412 4960 3638 5015 demum

2066 5051 2201 5106 1511
2235 5066 2517 5116 excusam,
2568 5053 2738 5116 illata,
2787 5062 2952 5125 atque
2979 5069 3009 5108 a
3041 5053 3297 5108 Peibarto
3330 5052 3643 5108 'l‘emeswa-

2066 5144 2259 5209 riensi,
2297 5146 2391 5214 qui
2444 5146 2648 5201 saeculo
2704 5146 2897 5216 quinto
2944 5145 3163 5201 decimo
3214 5154 3536 5200 senescente
3584 5146 3641 5200 iu

2064 5235 2264 5292 ordine
2296 5234 2566 5291 Minorum
2598 5234 2806 5301 tloruit,
2856 5235 2909 5288 in
2951 5233 3278 5288 Sermonqu
3310 5230 3383 5285 de
3433 5231 3643 5287 sanctis

2068 5329 2322 5385 Pomerio
2357 5338 2500 5399 part.
2530 5345 2589 5393 ll,
2617 5343 2876 5383 sermone
2904 5325 2971 5381 79
3001 5324 3332 5394 compendio
3367 5324 3639 5379 exhibita.

2066 5423 2248 5494 Atque
2274 5424 2346 5478 ita
2368 5423 2595 5493 scripta,
2621 5438 2744 5492 qua
2766 5422 2834 5477 de
2854 5431 3052 5477 sancto
3079 5420 3358 5475 Demetrio
3380 5428 3640 5483 tractant.

2067 5512 2271 5582 bicque
2303 5526 2593 5567 recensere
2629 5520 2954 5573 statueram,
2991 5512 3103 5581 jam
3146 5512 3401 5566 recensui
3426 5528 3441 5574 ;
3471 5525 3640 5581 quam

2068 5613 2253 5658 autem
2286 5618 2518 5673 quaeque
2553 5603 2715 5657 iidem
2771 5612 3123 5668 mereantur,
3179 5603 3479 5674 simulque,
3524 5619 3647 5667 qua:

2070 5712 2138 5750 ex
2175 5696 2369 5750 iisdem
2394 5696 2608 5751 edenda
2641 5695 2777 5759 sint,
2803 5697 2831 5765 ς
2860 5696 3141 5764 sequenti,
3169 5710 3200 5751 a
3220 5695 3359 5753 Vitis
3390 5710 3489 5752 seu
3515 5695 3647 5752 Pas-

2071 5789 2325 5846 sionibus
2359 5789 2525 5847 ducto
2566 5789 2749 5856 initio,
2780 5803 3074 5856 exponam.
