4142 6380
541 262 662 329 [087

1837 230 2496 319 SUPPLsnENTUM.

3654 244 3790 312 10⁵8

533 378 654 442 Ml.
687 379 947 444 οαωηαηι
992 396 1022 433 c
1049 377 1281 450 scriptis,
1340 374 1369 449 ᾗ
1423 374 1740 450 ρνωᾳάεηιὶ
1789 372 2061 429 recensitis
2088 411 2104 438 ,
2134 368 2342 439 Adum
2378 364 2685 437 praemittit.
2716 364 2970 425 oratione
3016 380 3141 437 pag.
3190 364 3254 419 l7
3305 360 3530 437 (codicis
3580 363 3796 418 scilicet

595 451 797 575 edenda
833 451 963 513 sint,
988 457 1039 503 et
1067 445 1172 519 qua
1202 445 1311 516 ﬁde
1346 445 1735 502 auctoritate”
1755 460 1971 517 qua'qtte
2013 460 2109 498 va-

619 530 764 575 cant.
1019 532 1025 537 '

619 530 764 576 eant.
1019 532 1025 537 '

593 656 650 712 9.
688 653 1053 717 Lucubratio,
1077 654 1467 727 §praccedenti
1501 664 1787 726 postremo
1810 650 2109 715 recensita,

530 757 609 803 est
631 761 787 813 sane,
816 747 965 817 quod
986 747 1056 802 ab
1079 758 1308 804 auctore
1333 748 1605 804 duntaxat
1630 747 1963 808 recentiore.
1993 746 2112 802 sive

529 839 577 895 is
598 841 819 895 interim
841 841 1171 910 Duglossius
1192 843 1425 912 ipsemet
1443 841 1538 908 sit,
1561 842 1696 901 sive.
1725 840 1875 912 quod
1904 839 2113 895 verosi-

527 934 713 988 utilius
746 949 894 1000 reor,
923 935 1068 989 alius
1106 934 1176 989 ab
1213 934 1317 991 hoc
1335 934 1667 995 distinctus._
1684 933 1947 1005 primitus
1973 948 2108 988 con-

525 1028 734 1097 scripta
776 1027 871 1094 sit,
905 1029 1207 1099 variisque.
1238 1045 1363 1099 qua:
1393 1029 1525 1083 alibi
1560 1044 1671 1085 non
1712 1027 1980 1098 reperias.
2009 1026 2112 1081 ad-

526 1119 758 1191 iunctis,
806 1134 907 1174 seu
956 1122 1164 1189 potius,
1195 1134 1319 1189 quae
1358 1118 1412 1175 in
1450 1119 1604 1173 nullo
1645 1133 1880 1188 prorsus
1909 1133 2105 1171 monu-

526 1216 714 1262 mento
742 1206 877 1262 satis
910 1207 1139 1277 antiquo
1159 1208 1489 1270 fundantur,
1525 1210 1857 1263 commentis
1884 1218 2109 1273 ornata,

525 1299 790 1356 sublestae
831 1300 1129 1356 admodum
1179 1301 1326 1366 lidei,
1369 1313 1795 1372 proptereaque,
1838 1302 1945 1357 etsi
1984 1302 2113 1372 qui-

526 1391 653 1448 dem
686 1393 922 1451 subinde
949 1436 969 1461 ,
1001 1396 1240 1450 maxime
1287 1410 1415 1450 cum
1462 1395 1796 1451 eonfutanda
1835 1395 2110 1453 submini-

528 1486 747 1549 strabit.
799 1485 851 1540 in
912 1487 1016 1543 hoc
1070 1487 1475 1544 commentario
1526 1489 1746 1543 citanda
1796 1488 2113 1559 partimque

529 1576 694 1631 etiam
729 1576 1094 1634 describenda
1128 1578 1257 1644 erit,
1293 1581 1435 1651 typis
1461 1590 1643 1636 tamen
1672 1580 1881 1651 integra
1919 1583 2109 1637 recudi

530 1684 640 1724 non
702 1679 966 1735 meretur,
1010 1688 1179 1742 reque
1227 1676 1393 1729 etiam
1445 1675 1560 1744 ipsa
1606 1689 1717 1730 non
1789 1675 2107 1731 recudctur.

530 1762 681 1830 Quod
730 1774 915 1818 autem
963 1764 1030 1820 ad
1076 1766 1226 1823 Vitas
1272 1782 1372 1823 seu
1419 1768 1710 1823 Passiones
1745 1767 1961 1824 Gnecas
2000 1769 2111 1837 jam

531 1862 762 1922 spectat,
833 1871 955 1925 quze
1006 1856 1369 1927 Metaphrasti
1415 1857 1488 1912 ab
1525 1856 1726 1913 Allatio
1772 1856 1897 1913 loco
1942 1875 2110 1927 supra

532 1944 623 2000 cit.
649 1945 964 2011 ascribitur,
997 1963 1166 2018 reque
1193 1949 1505 2041 etiam/ipsa
1535 1949 1826 2019 scriptoris
1850 1950 1999 2005 illius
2029 1950 2111 2006 te:

532 2046 618 2094 tus
642 2047 745 2104 est,
794 2041 863 2096 ab
910 2041 1170 2097 omnibus
1216 2036 1445 2112 prorsus
1479 2036 1615 2100 artis
1659 2044 1867 2101 critica:
1915 2045 2112 2114 peritis

533 2132 727 2204 exiguo
766 2132 822 2187 in
870 2136 1049 2203 pretio
1094 2136 1261 2192 modo
1311 2136 1570 2202 habetur,
1614 2138 1777 2208 eique
1825 2149 1941 2194 tum
1996 2139 2112 2204 illa,

533 2241 652 2296 quae
680 2243 712 2282 e
741 2227 926 2297 lingua
956 2228 1145 2285 Graeca
1195 2230 1253 2285 in
1302 2229 1555 2286 Latinam
1592 2232 1662 2287 ah
1697 2232 1994 2289 Anastasio
2023 2233 2114 2287 Bi-

533 2319 895 2376 hliothecario
928 2324 1032 2377 fuit
1060 2338 1352 2389 conversa,
1390 2333 1508 2382 tum
1535 2325 1735 2389 altera.
1763 2340 1886 2395 quae
1908 2341 1939 2381 a
1964 2326 2112 2381 Pho-

532 2412 607 2466 tio
636 2413 693 2466 in
725 2412 1071 2470 Bibliotheca
1094 2416 1222 2470 cod.
1244 2417 1341 2472 cit.
1364 2418 1775 2487 suppeditatur,
1792 2416 2113 2489 longissime

531 2503 853 2572 praefertur,
905 2514 962 2559 et
1009 2521 1143 2560 sane
1193 2523 1305 2562 non
1358 2507 1636 2563 immerito
1683 2522 1699 2563 :
1746 2515 2113 2578 praeterquam

530 2595 675 2650 enim
715 2597 885 2666 quod,
920 2614 1041 2668 quae
1066 2599 1191 2654 tidei
1221 2598 1551 2656 Christianae
1575 2601 1876 2667 sanctitati,
1914 2603 1992 2658 uti
2025 2603 2113 2658 iu-

529 2688 610 2744 ira
645 2688 713 2743 de
746 2690 851 2745 hoc
892 2706 1217 2762 argumento
1245 2693 1574 2763 disputanda
1618 2695 1929 2751 luculenter
1961 2694 2118 2750 evin-

530 2794 678 2850 cent,
709 2785 936 2842 omnino
968 2787 1333 2843 adversantur
1357 2828 1373 2854 ,
1405 2799 1600 2845 sancto
1633 2788 1912 2844 Demetrio
1944 2801 2001 2844 et
2027 2788 2118 2858 ju-

530 2880 653 2934 veni
682 2880 902 2935 cuidam
927 2922 942 2945 ,
976 2882 1201 2937 nomine
1244 2881 1502 2946 Nestori,
1549 2896 1711 2952 quem
1762 2881 1928 2936 etiam
1965 2881 2117 2936 velut

530 2980 824 3043 martyrem
852 2974 1134 3042 proponit,
1163 2973 1454 3039 attribuat,
1490 2973 1738 3045 prodigia
1759 2973 1925 3028 etiam
1958 2988 2113 3028 com-

530 3065 809 3135 plectitur,
838 3082 981 3137 quae,
1006 3068 1258 3137 quamvis
1304 3068 1525 3138 quidem
1567 3082 1635 3122 eo
1678 3068 1800 3123 solo
1822 3083 1891 3123 ex
1913 3069 2114 3136 capite,

2212 461 2344 519 olim
2382 459 2691 516 Mazarintei
2734 457 2935 528 saepius
2976 458 3086 531 jam
3125 456 3355 528 laudati)
3388 455 3465 516 ita
3496 456 3745 526 loquitur
3780 474 3792 509 :

2226 554 2392 611 Ἀλλὰ
2440 553 2503 608 τὸ
2533 544 3002 625 μὲν’μνησθῆναι
3057 549 3278 605 πάντων
3326 548 3436 603 τῶν
3479 545 3800 619 θαυμασίων

2213 648 2407 713 αὑτοῦ.
2439 644 2516 704 ὧν
2550 646 2832 719 ἐποίησεν,
2858 646 2959 700 οὑκ
2989 643 3236 708 εὔκολον,
3272 645 3356 699 ὅτι
3385 644 3489 699 καὶ
3515 641 3796 699 ἀδύνατον.

2217 743 2365 797 Ἰστε
2393 741 2504 814 γὰρ
2537 740 2601 796 τὸ
2629 740 3025 813 γεγραμμένον
3051 740 3112 794 ὲν
3143 737 3221 809 τῷ
3251 736 3408 811 ὕμνῳ
3441 740 3536 807 τῆς
3566 752 3801 805 παμμα-

2214 835 2480 906 καρίστου
2520 832 2686 889 αὐτοῦ
2735 834 3041 903 ἀθλήσεως,
3078 831 3154 897 ὡς
3220 833 3286 886 ὲκ
3341 830 3451 884 τῶν
3504 829 3701 897 λόγων,
3736 829 3797 881 οὐ

2218 928 2433 1000 μικρῶν
2461 928 2771 997 δυνάμεων,
2794 926 3187 997 συνθημάτων,
3217 925 3416 983 ἱάσεών
3439 942 3498 978 τε
3518 925 3613 978 καὶ
3639 941 3801 996 χαρι-

2217 1021 2440 1093 σμάτων
2480 1020 2808 1091 περιϐοήτου
2834 1018 3217 1091 γεγενημένης
3259 1021 3357 1089 τῆς
3392 1017 3674 1087 ἐνεργείας
3704 1014 3797 1069 τοῦ

2221 1113 2524 1184 μάρτυρος.
2569 1114 2685 1168 Οὐκ
2739 1114 2926 1167 ἐκεῖνα
2958 1110 3091 1181 γοῦν
3121 1113 3188 1166 τὰ
3213 1110 3519 1181 παμπληθῆ
3572 1109 3667 1163 καὶ
3699 1126 3799 1161 πα-

2213 1205 2475 1274 λαιότερα
2507 1204 2820 1276 διηγεῖσθαι
2860 1205 3218 1278 προῄρημαιο
3252 1220 3377 1274 qua:
3411 1204 3581 1258 verba
3606 1201 3799 1257 Latine

2216 1297 2297 1352 sic
2326 1305 2526 1352 sonant
2562 1313 2574 1349 :
2619 1316 2638 1349 ι
2670 1296 2777 1352 Sed
2807 1297 3205 1352 miraculorum
3236 1296 3506 1360 omnium,
3534 1311 3656 1365 quae
3684 1295 3799 1364 ipse

2218 1401 2468 1461 tsanctus
2494 1391 2711 1450 scilicet
2744 1391 3081 1460 Demetrius)
3112 1391 3266 1455 fecit,
3292 1391 3633 1451 meminisse.
3655 1389 3799 1443 haud

2214 1485 2396 1550 facile,
2428 1484 2559 1556 quia
2579 1494 2636 1541 et
2680 1485 3042 1555 impossibile.
3074 1484 3241 1541 Scitis
3268 1485 3439 1549 enim,
3469 1492 3661 1547 utpote
3686 1484 3801 1538 vir-

2215 1586 2393 1633 tutum
2428 1578 2572 1633 baud
2596 1578 2987 1645 mediocrium,
3010 1578 3316 1650 signorum,
3343 1569 3801 1646 sanationuuique

2215 1677 2272 1724 et
2303 1669 2605 1740 gratiarum
2640 1670 2900 1740 martyris
2928 1669 3171 1726 emcacia
3212 1670 3422 1726 celebri
3462 1685 3494 1725 e
3531 1668 3803 1725 sermoni-

2148 1751 2192 1814 Β
2222 1763 2320 1818 bus
2348 1763 2570 1828 cll‘eeta,
2603 1765 2658 1819 in
2686 1764 2993 1819 beatissimi
3019 1764 3267 1835 ejusdem
3300 1763 3579 1820 Passionis
3606 1763 3798 1821 laudae

2217 1853 2366 1910 tione
2404 1854 2676 1925 scriptum
2705 1855 2840 1926 quid
2870 1855 2964 1912 sit.
3011 1854 3134 1913 Non
3166 1855 3259 1911 illa
3291 1856 3477 1926 itaque
3523 1858 3801 1927 permulta

2213 1961 2277 2001 ac
2308 1946 2621 2013 antiquiora
2657 1960 2887 2001 narrare
2917 1947 3206 2017 proposui.

2288 2039 2373 2095 ll.
2394 2038 2519 2095 Fuit
2543 2053 2695 2110 ergo,
2715 2039 2793 2094 uti
2817 2055 2886 2096 ex
2916 2040 3022 2096 hoc
3042 2048 3191 2096 textu
3224 2051 3471 2111 apparet,
3491 2042 3602 2112 jam
3621 2041 3747 2097 inde
3768 2059 3799 2097 a

2211 2129 2463 2196 Joannis,
2485 2130 2997 2188 Thessalonicensis
3053 2132 3480 2204 archiepiscopi,
3520 2143 3675 2189 aetate
3699 2150 3800 2189 seu

2213 2222 2418 2278 saeculo
2459 2222 2695 2294 septimo
2724 2223 3059 2289 lucubratio.
3094 2242 3204 2297 qua
3254 2243 3363 2282 non
3400 2243 3576 2298 pauca
3617 2228 3797 2284 sancti

2214 2314 2476 2372 Demetrii
2498 2318 2807 2387 patrocinio
2824 2327 3040 2387 patrata
3065 2318 3327 2374 miracula
3349 2318 3797 2377 recensebantur.

2217 2407 2359 2475 Quid
2396 2410 2442 2464 si
2478 2419 2664 2466 autem
2702 2410 2818 2466 haec
2841 2410 3015 2465 luerit
3053 2411 3141 2465 illa
3178 2411 3292 2483 ipsa
3316 2452 3332 2477 ,
3375 2411 3531 2480 cujus
3584 2410 3799 2468 initium

2215 2499 2299 2558 est
2327 2502 2678 2574 Μαξιμιανὸς
2698 2504 2727 2557 ὁ
2752 2504 2845 2558 καὶ
2880 2502 3201 2575 Ἐρκούλιος
3235 2505 3511 2572 ὑποτάξας
3542 2507 3801 2571 Γότθους,

2218 2596 2408 2653 ϐταιοα
2437 2598 2615 2653 sancti
2654 2597 2913 2653 Demetrii
2947 2597 3067 2653 Vita
3100 2612 3200 2653 seu
3230 2598 3422 2655 Passio
3447 2641 3463 2667 ,
3496 2616 3660 2670 supra
3691 2617 3805 2656 me-

2222 2700 2435 2751 morata
2462 2701 2628 2761 atque
2656 2691 2725 2747 ab
2752 2706 3029 2763 anonymo
3048 2692 3406 2761 conscripta?
3428 2692 3485 2748 id
3508 2710 3640 2750 sane
3664 2696 3802 2752 mihi

2220 2798 2356 2838 vero
2388 2782 2535 2841 haud
2569 2792 2802 2854 apparet
2848 2798 3078 2854 prorsus
3111 2783 3386 2839 absimile.
3436 2783 3628 2843 Isthrec
3655 2789 3804 2843 enim

2222 2890 2321 2933 seu
2348 2874 2469 2931 Vita
2496 2891 2591 2931 seu
2621 2875 2817 2931 Passio
2842 2890 2951 2930 non
2980 2891 3154 2944 pauca
3177 2877 3343 2932 etiam
3374 2878 3634 2934 miracula
3656 2896 3807 2935 com-

2218 2968 2498 3037 plectitur.
2536 2967 2742 3022 Adhaac
2772 2969 2978 3038 quibus
3004 2968 3188 3025 verbis
3217 2968 3273 3024 in
3304 2980 3479 3037 textu,
3508 2972 3620 3042 jam
3654 2988 3806 3029 nunc

2220 3061 2373 3128 dato,
2403 3060 2668 3128 Joannes,
2699 3061 3208 3119 Thessalonicensis
3231 3064 3703 3136 archiepiscopus,
3734 3067 3805 3125 de

530 3126 678 3225 quod
710 3126 956 3226 prodigia
994 3126 1127 3223 sint,
1154 3157 1303 3213 haud
1321 3126 1529 3212 umerito
1560 3157 1803 3227 rcjicias,
1838 3126 2001 3213 [idem
2037 3167 2117 3212 ta-
2146 3126 2189 3186 Β
2224 3154 2620 3211 miraculorum
2653 3170 2683 3211 a
2726 3164 2918 3210 sancto
2953 3153 3235 3215 Demetrio
3274 3167 3622 3227 patratorum
3656 3159 3805 3215 cele-

533 3264 683 3311 men.
714 3248 819 3303 nisi
853 3265 919 3302 ex
948 3249 1274 3304 auctoribus
1308 3250 1753 3311 monumentisve
1797 3260 1893 3305 aut
1926 3266 2115 3321 aequae

533 3344 685 3400 libus
719 3356 817 3400 aut
846 3346 1281 3415 subzequalibus,
1312 3347 1460 3425 quod
1489 3358 1757 3416 quantum
1792 3345 1860 3400 ad
1894 3354 2115 3403 narrata

533 3440 586 3495 in
620 3439 1069 3506 Metaphrastica,
1105 3439 1175 3494 de
1199 3454 1308 3508 qua
1340 3439 1452 3503 hic,
1487 3438 1673 3494 Sancti
1703 3439 1825 3493 Vita
1855 3454 1951 3497 seu
1980 3438 2114 3497 Pasv

532 3536 689 3590 sione
728 3541 880 3588 certe
929 3533 1113 3588 locum
1167 3548 1279 3586 non
1329 3531 1531 3596 habet,
1575 3534 1853 3588 memoriae
1898 3531 2116 3601 prodita

534 3627 798 3682 liaustave
861 3640 983 3680 esse
1039 3632 1361 3688 noscantur,
1411 3621 1560 3693 apud
1615 3622 1882 3686 criticos,
1932 3622 2115 3678 minus

530 3723 699 3775 etiam
726 3733 974 3780 severos,
1006 3717 1153 3772 haud
1183 3716 1342 3771 facile
1369 3715 1699 3782 inveniunt;
1728 3727 1789 3771 ut
1825 3716 2114 3771 enimvero

534 3809 973 3879 lletaphrastica'
1009 3809 1197 3865 Sancti
1234 3808 1485 3864 Passieni
1513 3823 1611 3864 seu
1644 3808 1795 3865 Aetis
1837 3806 1978 3861 facta
2013 3805 2115 3862 im-

534 3902 835 3975 probabilia
872 3915 995 3957 esse
1026 3902 1292 3964 immista,
1318 3901 1728 3964 Tillemontius,
1755 3908 1891 3956 tom.
1918 3900 1957 3956 V
1989 3898 2114 3954 Μο-

534 4004 946 4060 numentorum,
990 4011 1114 4065 pag.
1173 3994 1276 4050 H9
1323 4004 1470 4051 recte
1516 4003 1864 4065 pronuntat.
1911 3992 2111 4048 Verum

532 4105 678 4143 anne
718 4090 833 4144 hac
857 4103 962 4158 pro
987 4087 1338 4150 commentis,
1369 4102 1491 4157 quae
1517 4087 1718 4143 sacculo
1746 4086 1963 4142 decimo
1997 4085 2117 4155 pri-

535 4194 685 4235 mum
709 4180 797 4235 vel
818 4180 889 4234 ab
921 4182 1040 4248 ipso
1064 4179 1435 4248 Metaphraste
1458 4180 1544 4235 vel
1572 4196 1601 4234 a
1623 4178 1895 4248 scriptore
1917 4178 2113 4243 altero,

530 4274 685 4328 hunc
725 4287 1050 4342 praegresso.
1086 4272 1290 4328 fuerint
1316 4272 1575 4339 conﬁcta,
1602 4281 1751 4330 recte
1773 4273 1940 4329 etiam
1968 4271 2115 4328 idem

533 4374 729 4420 auctor
766 4366 967 4420 habet?

613 4458 698 4511 l0.
741 4457 851 4512 lies
886 4458 1170 4512 enimvero
1222 4473 1385 4515 secus
1433 4457 1639 4514 habere
1690 4458 1827 4513 mihi
1872 4457 2113 4515 videtur.
2149 4490 2194 4547 υ

533 4550 689 4620 Quod
724 4550 874 4605 enim
923 4549 1247 4606 nominatim
1279 4552 1345 4605 ad
1395 4550 1821 4621 Metaphrastcm
1850 4552 2113 4621 pertinet,

533 4657 677 4698 nova
713 4641 803 4695 hic
836 4642 1102 4710 prodigia.
1138 4640 1465 4710 adjunctave
1513 4657 1649 4696 vero
1695 4641 1966 4696 absimilia
1991 4681 2007 4704 ,
2059 4650 2118 4694 ut

533 4737 770 4806 majores
787 4734 957 4790 nostri
979 4735 1316 4804 experientia
1332 4736 1442 4803 jam
1466 4734 1675 4790 dudum
1697 4735 1964 4801 didicere,
1985 4750 2115 4790 nos-

532 4847 643 4901 que
681 4830 780 4900 ipsi
813 4829 1006 4885 eadem
1042 4828 1570 4899 magistraquotidie
1599 4828 1887 4892 discimus,
1909 4828 1962 4885 in
1986 4844 2117 4887 san-

531 4935 747 4980 ctorum
782 4924 935 4983 Acta,
972 4940 1094 4993 qua:
1126 4923 1266 4995 stylo
1298 4938 1402 4979 suo
1436 4923 1724 4993 expolivit,
1761 4938 1872 4980 non
1901 4924 2112 4987 intulit,

530 5018 630 5074 sed
666 5026 880 5072 tantum
903 5055 920 5081 ,
949 5031 1070 5086 quin
1101 5018 1173 5071 ab
1204 5017 1330 5073 aliis
1356 5018 1411 5072 in
1444 5018 1657 5075 litteras
1684 5017 1793 5087 iam
1827 5019 1997 5074 missa
2029 5018 2116 5075 in-

531 5109 721 5173 venit,
754 5109 1105 5178 trauscripsit
1135 5124 1202 5164 ac
1243 5110 1564 5179 adoptavit;
1603 5119 1663 5166 ut
1694 5121 1878 5168 autem
1907 5151 1921 5174 .
1966 5112 2114 5169 unde

531 5201 720 5264 etiam,
752 5216 781 5254 ο
813 5201 966 5257 nullo
995 5201 1104 5256 alio
1135 5202 1321 5256 saeculi
1350 5202 1552 5257 decimi
1601 5202 1873 5271 scriptore
1908 5202 2115 5272 impro-

531 5295 733 5350 babilia
767 5294 883 5356 illa,
917 5310 1040 5365 quae
1086 5295 1140 5349 in
1173 5295 1596 5366 Metapbrastica
1627 5293 1817 5350 Sancti
1861 5296 1982 5351 Vita
2019 5311 2113 5351 oc-

531 5396 787 5451 currunt,
814 5388 957 5442 facta
975 5387 1147 5443 luisse
1171 5387 1423 5452 conﬁcta,
1451 5400 1701 5459 apparet,
1718 5391 1830 5460 jam
1859 5389 2110 5460 aﬁeram,

527 5481 788 5544 Joannes,
840 5481 1294 5552 archiepiscopus
1352 5481 1908 5549 Thessalonicensis,
1971 5484 2108 5554 qui,

530 5572 997 5642 quemadmodum
1039 5573 1182 5628 infra
1213 5573 1447 5639 docebo,
1494 5574 1697 5630 seculo
1743 5575 1980 5647 septimo
2008 5576 2114 5632 llo-

534 5662 670 5725 ruit,
697 5662 750 5716 in
783 5677 951 5731 supra
978 5672 1280 5718 memorata
1313 5666 1663 5736 panegyrica,
1688 5680 1852 5735 quam
1891 5667 2115 5737 scriptis

538 5765 570 5812 ι
603 5770 662 5811 se
700 5755 877 5813 sancti
911 5756 1174 5813 Demetrii
1217 5757 1493 5840 miraculis
1526 5759 1865 5825 praeiationis
1897 5761 1952 5818 in
1989 5776 2110 5821 mo-

2217 3247 2422 3304 britate
2452 3247 2721 3318 loquitur,
2754 3248 2868 3305 fere
2897 3248 3067 3307 etiam
3094 3248 3284 3305 iisdem
3312 3248 3380 3307 de
3409 3250 3511 3307 hac
3544 3266 3727 3306 sermo
3747 3263 3805 3308 ct

2217 3341 2272 3398 in
2299 3341 2391 3397 illa
2433 3342 2512 3407 tit,
2533 3349 2593 3395 ut
2614 3339 2836 3404 Joanni,
2853 3340 3335 3397 Thessalonicensi
3360 3343 3803 3414 archiepiscopo,

2218 3433 2538 3504 praduxisse
2571 3432 2849 3489 videatur.
2879 3434 3024 3506 ipsa,
3058 3450 3180 3504 quae
3212 3434 3322 3489 huc
3372 3435 3581 3492 faciunt
3603 3479 3622 3504 ,
3669 3438 3805 3494 Vita:

2215 3527 2461 3598 ejusdem
2494 3542 2592 3583 seu
2632 3526 2912 3584 Passionis
2936 3526 3128 3592 verba,
3160 3536 3240 3594 ut,
3275 3527 3417 3587 faeta
3448 3529 3641 3586 borum
3671 3546 3801 3585 cum

2219 3620 2467 3675 recitatis
2484 3619 2716 3676 Joannis
2735 3618 3250 3676 Thessalonicensis
3274 3619 3457 3676 verbis
3485 3621 3800 3687 collatione,

2219 3710 2289 3765 de
2318 3724 2377 3766 re
2402 3709 2657 3779 judicare
2687 3710 2973 3767 studiosus
3005 3710 3180 3767 lector
3218 3720 3403 3782 queat,
3438 3711 3547 3769 huc
3588 3713 3755 3768 etiam
3782 3757 3799 3781 ,

2223 3801 2420 3857 Latina
2480 3801 2936 3872 interpretatione
2991 3802 3289 3873 adjuncta,
3343 3803 3670 3858 transcribo.
3712 3807 3804 3860 Sic

2218 3895 2427 3953 habent
2457 3916 2471 3952 :
2514 3895 2766 3968 Σημείων
2791 3912 2851 3949 τε
2882 3894 3096 3949 πολλῶν
3128 3897 3225 3948 καὶ
3255 3895 3453 3949 ἱάσεων
3494 3898 3803 3968 γενομένων

2218 3990 2278 4043 ὲν
2307 3988 2384 4061 τῷ
2404 3989 2578 4058 τόπῳ,
2604 3991 2700 4045 καὶ
2725 3972 2885 4042 θείων
2919 3988 3282 4060 χαρισμάτων
3334 3989 3650 4059 φοιτώντων
3690 3993 3803 4053 τοῖς

2219 4084 2404 4136 πίστει
2424 4084 2893 4155 προσερχομένοις
2921 4085 2979 4136 ὲν
3008 4083 3179 4154 αὐτῷ.
3205 4120 3222 4136 .
3259 4122 3274 4137 .
3304 4122 3320 4137 .
3363 4084 3693 4156 περιόοήτου
3713 4085 3803 4138 διὰ

2219 4178 2402 4247 πάσης
2433 4175 2784 4240 Μακεδονίας
2814 4178 2911 4231 καὶ
2932 4176 3230 4240 Θετταλίας
3258 4177 3560 4247 γενομένης
3583 4177 3681 4247 τῆς
3706 4178 3802 4230 τοῦ

2222 4271 2503 4342 μάρτυρος
2532 4268 2957 4341 θαυματουργοῦ
3006 4269 3296 4340 ἐνεργείας
3331 4309 3346 4326 .
3375 4311 3390 4325 .
3415 4310 3428 4324 .
3453 4271 3724 4333 Λεόντιος.
3744 4308 3761 4324 .
3786 4309 3800 4324 .

2219 4373 2305 4431 τὶς
2334 4367 2475 4440 ἀνὴρ
2494 4406 2511 4423 .
2532 4407 2546 4423 .
2569 4406 2584 4423 .
2641 4366 2784 4437 νόσῳ
2830 4366 3040 4435 ἀνιάτῳ
3081 4363 3309 4433 ληφθεὶς
3334 4403 3349 4421 .
3370 4403 3387 4421 .
3412 4404 3424 4419 .
3454 4365 3658 4430 εὐθέως
3702 4366 3803 4437 τῆς

2220 4459 2433 4528 ὑγιείας
2475 4460 2771 4531 ἐπέτυχεν.
2816 4478 2836 4511 r
2863 4459 3163 4529 Postquam
3194 4458 3384 4513 multis
3415 4458 3470 4513 in
3501 4459 3624 4516 luco
3656 4461 3804 4530 (quo

2218 4553 2432 4608 scilicet
2464 4551 2701 4609 Sanctus
2733 4561 2897 4609 terra:
2927 4552 3111 4609 luerat
3163 4551 3476 4622 mandatus)
3506 4552 3800 4625 signisque

2217 4657 2274 4701 ct
2303 4645 2686 4702 sanationibus
2717 4646 2894 4711 factis,
2921 4647 3121 4719 iisque.
3144 4646 3238 4714 qui
3263 4660 3387 4701 cum
3419 4646 3523 4703 title
3547 4648 3615 4702 ad
3648 4647 3804 4702 illum

2218 4739 2599 4804 accedebant,
2636 4739 2829 4811 gratiis
2879 4739 3088 4795 divinis
3140 4738 3590 4811 frequentissime
3623 4741 3801 4796 colla-

2219 4829 2434 4892 tis,.....
2472 4829 2751 4903 martyris,
2783 4830 3053 4886 miracula
3088 4829 3368 4896 facientis,
3419 4831 3660 4888 clbcacia
3704 4847 3808 4902 per

2219 4937 2441 4979 omnem
2471 4922 2874 4989 Macedoniam,
2905 4939 2970 4979 ac
2997 4923 3342 4981 Thessaliam
3375 4926 3615 4982 celebris
3655 4935 3807 4982 esset

2216 5015 2509 5078 αἴθοιεν..
2538 5016 2876 5073 Leontius...
2907 5018 2994 5072 vir
3023 5018 3341 5088 quidam....
3380 5020 3578 5077 morbo
3605 5020 3803 5075 imme-

2218 5108 2442 5163 dicabili
2492 5120 2855 5180 correptus...
2889 5112 3184 5168 sanitatem
3217 5113 3405 5169 statim
3449 5112 3690 5183 (positus
3718 5115 3810 5169 ni-

2218 5203 2419 5259 mirum
2477 5218 2641 5274 supra
2698 5202 2883 5258 Sancti
2935 5206 3235 5277 tumulum)
3280 5205 3545 5263 obtinuit.
3600 5228 3621 5261 ι
3692 5208 3805 5267 Ubi

2217 5294 2405 5352 Graca
2439 5297 2556 5352 haec
2581 5296 2746 5352 verba
2767 5337 2780 5358 .
2820 5296 3154 5369 περιΰοήτου
3180 5337 3194 5352 .
3224 5334 3242 5352 .
3264 5337 3281 5354 .
3305 5339 3321 5355 .
3357 5300 3665 5371 γενομένης
3702 5302 3808 5370 τῆς

2217 5391 2315 5447 τοῦ
2363 5393 2646 5462 μάρτυρος
2693 5391 3117 5461 θαυματουργοῦ
3171 5394 3482 5464 ἐνεργείας,
3554 5396 3805 5453 notanda

2219 5486 2496 5555 pra-cipue
2526 5496 2680 5549 sunt,
2708 5483 3157 5554 conferendaquc
3183 5501 3309 5540 cum
3339 5503 3504 5557 supra
3532 5486 3804 5550 recitatis,

2218 5577 2425 5648 quibus
2463 5578 2819 5649 tespondent,
2844 5576 3050 5634 Graecis
3082 5578 3273 5637 itidem
3300 5579 3532 5637 Joannis
3566 5579 3811 5639 Thessa-

2219 5672 2523 5730 lonieeusis
2556 5674 2765 5731 verbis.
3555 5653 3589 5665 “

2294 5767 2383 5824 12.
2413 5765 2569 5829 Quod
2600 5767 2647 5827 si
2680 5778 2888 5832 autem,
2919 5767 3213 5827 collatione
3240 5768 3341 5826 hac
3378 5767 3540 5836 facta,
3565 5768 3810 5825 antistiti
