4142 6380
353 432 493 497 1089

1382 415 1448 476 S.
1487 410 1874 475 DEMETRII
1913 413 1966 474 Μ
1980 413 2317 475 ARTYIUS
2358 412 2579 476 ACTA.

3494 401 3638 468 1090

344 549 479 603 buic
505 538 814 615 praefatam,
840 537 908 593 de
930 549 1040 607 qua
1064 532 1174 598 bic,
1204 530 1466 604 anonymi
1490 528 1937 585 lucubrationem
1970 536 2015 594 it
2047 542 2191 603 ptor,
2230 540 2422 604 utpote
2467 530 2683 600 reliqua
2735 523 2918 581 omnia
2960 539 2992 580 a
3036 522 3412 595 Stetapliraste
3463 520 3636 579 relata

348 638 672 714 praeluxisse
728 631 977 690 tuendum
1032 629 1342 690 existimes,
1375 625 1485 681 erit
1527 624 1791 696 equidem
1838 624 1940 679 ad—

348 736 482 798 huc,
510 748 608 787 cur
639 745 708 785 ex
743 728 847 782 hac
873 721 1355 795 Mrtaphrasticam
1392 718 1579 775 Sancti
1608 720 1785 775 Vitam
1816 735 1946 789 pro.

348 840 608 883 manasse
658 828 948 892 appareat.
974 818 1116 874 Cum
1149 816 1299 872 enim
1330 814 1540 878 omnia,
1576 813 1623 868 si
1652 828 1824 866 unum
1860 821 1945 866 ιιι-

354 936 505 984 men,
538 918 608 973 de
637 928 748 986 quo
773 928 922 975 mox.
969 911 1280 979 exceperis,
1338 916 1455 961 tum
1504 906 1787 977 prodigia,
1834 913 1947 959 turn

356 1012 522 1074 facta,
551 1019 834 1075 utcunque
877 1013 1074 1057 notatu
1113 998 1298 1069 digna,
1330 1012 1453 1066 quae
1478 996 1531 1050 in
1560 994 1951 1065 Metaplirastis

357 1097 656 1170 Opusculo,
684 1094 893 1166 pariter
923 1092 979 1146 in
1034 1087 1294 1160 anouytni
1329 1084 1718 1142 lucubratione
1753 1097 1951 1137 occur-

362 1199 509 1254 rant,
532 1189 667 1259 quin
700 1187 783 1241 vel
821 1188 936 1239 haec
962 1198 1029 1238 ex
1050 1181 1173 1246 illo,
1204 1179 1295 1233 vel
1327 1178 1462 1233 illud
1491 1176 1691 1231 ex'hac
1726 1187 1953 1246 proma-

363 1284 513 1337 uarit
549 1320 563 1342 .
606 1278 1000 1350 ambigendum
1050 1275 1141 1329 vix
1184 1284 1309 1338 est;
1362 1279 1700 1342 postremum
1756 1276 1940 1322 autem

362 1373 718 1431 astruendum
740 1372 981 1434 videtur,
1002 1369 1079 1423 uti
1094 1369 1205 1437 jam
1225 1381 1373 1420 nunc
1387 1362 1620 1419 dicenda
1635 1361 1952 1416 ostendent.

363 1467 635 1522 Leontius
659 1467 911 1535 quidam,
939 1460 1141 1532 Illyrici
1176 1458 1491 1529 praefectus,
1521 1469 1648 1511 eum
1676 1455 1745 1509 ab
1780 1466 1954 1523 appa-

364 1566 523 1612 rente
554 1567 751 1611 sancto
777 1555 1057 1610 Demetrio
1108 1549 1176 1605 ad
1210 1548 1480 1604 ﬁduciam
1510 1548 1789 1601 animatus
1819 1545 1953 1599 fuis-

367 1659 474 1715 set,
529 1656 865 1703 commotum
918 1644 1226 1715 procellosa
1278 1648 1649 1711 tempestate,
1691 1638 1959 1707 alveoque

368 1757 471 1798 suo
499 1754 783 1811 egressum
807 1736 1145 1799 Danubium,
1192 1753 1211 1787 ο
1250 1733 1464 1789 ﬂuento
1501 1733 1665 1787 tacite
1694 1732 1961 1786 receden-

361 1845 451 1899 te,
484 1843 542 1889 et
574 1831 808 1888 cedente
839 1829 1069 1885 nutibus
1095 1870 1110 1893 ,
1144 1827 1238 1899 qui
1270 1843 1382 1881 non
1429 1826 1636 1881 cadunt
1668 1824 1773 1880 sub
1802 1837 1963 1894 aspe-

296 1981 307 1990 ,
368 1936 549 1990 ctum,
597 1943 617 1977 ι
654 1939 823 1980 curru
852 1923 1109 1978 innoxius
1134 1918 1414 1992 traiecisse
1440 1918 1495 1972 in
1530 1915 1960 1988 Metapbrastica

373 2017 561 2073 Sancti
595 2018 715 2074 Vita
740 2017 850 2072 sub
883 2017 1046 2071 linem
1104 2024 1361 2069 narratur
1389 2028 1405 2078 ;
1444 2012 1500 2066 in
1532 2012 1709 2067 altera
1749 2020 1960 2074 autem,

374 2111 444 2166 ab
468 2126 747 2181 anonymo
783 2118 1037 2163 contexta
1064 2147 1077 2168 .
1100 2106 1211 2162 etsi
1245 2105 1470 2177 quidem
1500 2104 1683 2159 oblata
1729 2103 1963 2159 Leontio

376 2203 554 2258 sancti
584 2201 847 2257 Demetrii
878 2199 1156 2271 apparitio
1190 2200 1244 2253 in
1272 2199 1378 2253 line
1411 2206 1773 2260 metueretur.
1810 2195 1966 2251 nulla

377 2307 561 2353 tamen
590 2297 820 2351 omnino
852 2292 1067 2356 liuenti,
1093 2292 1242 2363 quod
1275 2291 1438 2348 tacite
1464 2290 1780 2352 recesserit.
1814 2289 1966 2344 nuti-

377 2393 612 2458 busque,
647 2386 742 2457 qui
779 2385 883 2440 sub
913 2393 1197 2455 aspectum
1249 2394 1359 2438 non
1409 2382 1636 2446 cadunt,
1680 2382 1957 2446 cesserit,

378 2481 591 2534 mentio
625 2479 687 2533 lit
722 2494 753 2532 a
789 2475 1114 2546 scriptionis
1146 2475 1311 2530 istius
1337 2484 1587 2536 auctore,
1614 2473 1711 2543 qui
1759 2482 1966 2537 tamen,

379 2582 572 2644 utpote
595 2571 889 2627 narrandis
910 2569 1186 2639 prodigiis
1214 2566 1515 2624 admodum
1539 2566 1815 2631 addictus,
1842 2564 1969 2619 nul-

370 2668 608 2736 lumque
658 2679 888 2737 prorsus
928 2679 996 2719 ex
1046 2663 1193 2724 aliis,
1252 2676 1284 2716 a
1330 2660 1703 2731 Metapb‘raste
1752 2659 1965 2727 relatis,

377 2766 665 2828 omittens,
693 2761 910 2833 insigne
958 2760 1094 2815 illud
1140 2757 1488 2828 maximeque
1534 2754 1959 2810 memorandum

372 2856 728 2931 prodigium,
757 2855 805 2910 si
846 2853 1147 2923 scriptoris
1189 2852 1357 2923 hujus
1385 2848 1825 2905 lucubrationem
1857 2862 1972 2918 pra:

380 2950 562 3005 oculis
587 2946 899 3011 habuisset,
923 2959 1193 3014 suamque
1222 2958 1289 2997 ex
1306 2957 1370 2997 ea
1397 2941 1795 3004 contexuisset,
1822 2953 1973 2995 com-

382 3055 692 3098 memorare
724 3038 873 3094 haud
910 3036 1372 3109 praetermisisset.
1412 3032 1520 3088 Nec
1553 3042 1663 3099 est,
1688 3030 1839 3101 quod
1878 3045 1971 3084 re-

375 3148 580 3205 ponas,
633 3131 964 3187 miraculum
1015 3129 1208 3184 saltem
1257 3127 1314 3181 in
1364 3125 1491 3181 lstri
1539 3140 1638 3195 per
1676 3123 1972 3179 Leontium

2050 626 2318 682 miracula
2345 623 2591 681 dilucide
2620 637 2925 691 exponens,
2966 634 3078 675 non
3111 618 3456 674 subobscure
3492 615 3635 671 dun-

2056 733 2225 787 taxat,
2255 722 2302 778 si
2334 725 2484 778 hunc
2535 720 2641 776 sibi
2698 719 3094 790 praelucentem
3137 715 3447 780 habuisset,
3489 713 3639 769 indi-

2053 827 2252 879 casset,
2290 815 2384 870 sed
2416 814 2658 869 dilucide
2694 813 2920 882 pariter.
2962 826 3075 864 non
3107 824 3270 864 secus
3295 823 3360 863 ac
3390 807 3507 873 ille,
3535 821 3635 861 ex-

2053 912 2364 980 posuisset;
2401 922 2528 961 cum
2589 918 2773 961 autem
2808 903 2863 959 id
2919 912 3069 958 certe
3101 901 3252 956 haud
3300 900 3489 964 faciat,
3527 914 3638 954 non

2056 1005 2250 1074 utique
2286 1016 2596 1073 anonymus
2648 999 3108 1068 Metaphrastem,
3130 995 3226 1051 sed
3259 995 3351 1049 hic
3377 994 3643 1054 illum.ut

2050 1099 2160 1167 iam
2192 1095 2326 1160 dixi,
2353 1094 2752 1166 praelucentem
2780 1088 3055 1151 habuerit,
3079 1103 3147 1143 ex
3179 1101 3359 1159 eoque
3386 1084 3640 1140 liberiori

2060 1184 2517 1257 interpretatione
2542 1182 2819 1237 intellecto
2843 1176 3300 1241 determinatum,
3320 1192 3431 1246 quo
3462 1175 3642 1231 Leon-

2059 1281 2194 1340 tium
2248 1281 2527 1351 trajeclsse
2574 1276 2773 1331 lstrum
2832 1270 3023 1337 refert,
3073 1272 3401 1325 miraculum
3454 1278 3643 1323 astru—

2055 1378 2226 1434 xerit.

2130 1476 2219 1529 η.
2257 1472 2434 1540 Atque
2480 1469 2553 1523 ita
2600 1469 2768 1525 etiam
2802 1485 2867 1523 ex
2893 1468 3004 1539 jam
3057 1464 3223 1521 dictis
3257 1459 3645 1531 consequitur,

2059 1575 2117 1622 ut
2153 1581 2287 1620 sane
2312 1561 2739 1632 Metapbrastes,
2767 1576 2890 1630 qua“:
2921 1561 2978 1615 in
3007 1559 3335 1614 concinnata
3367 1571 3396 1610 a
3426 1569 3484 1609 se
3508 1554 3648 1609 San-

2060 1660 2132 1716 eti
2151 1658 2272 1714 Vita
2296 1656 2489 1723 refert,
2514 1667 2629 1713 tum
2656 1655 2926 1726 prodigia,
2951 1663 3066 1707 tum
3092 1652 3234 1707 facta
3260 1648 3649 1719 improbabilia

2059 1751 2292 1822 ipsemet
2325 1748 2471 1804 haud
2500 1748 2861 1805 conﬁnxerit.
2884 1745 2979 1801 sed
3010 1761 3077 1800 ex
3101 1744 3327 1815 prmiato
3350 1756 3647 1811 anonymo.

1991 1899 2033 1953 Β
2064 1848 2158 1918 qui
2180 1844 2376 1901 eadem
2403 1843 2611 1906 omnia,
2642 1842 2686 1897 si
2721 1856 2891 1895 unum
2925 1848 3107 1893 tamen
3138 1838 3247 1909 jam
3274 1845 3648 1890 memoratum

2220 1951 2229 1953 Α
2256 1952 2261 1953 ,
2307 1936 2343 1953 9,
2413 1936 2459 1953 I_,
2506 1933 2775 1953 -.A__.‘._.!-
2815 1949 2836 1953 _
2874 1947 2927 1953 ..Α
2972 1930 3236 1953 ἣΑ.-ι--ι..ῗε
3276 1927 3420 1953 .-ιιι-
3457 1940 3617 1953 -ΑΑΑ-α

2063 1936 2375 2007 exceperis,
2412 1936 2467 1990 in
2501 1933 2778 1989 contextis
2811 1949 2841 1986 a
2872 1947 2930 1985 se
2972 1930 3236 1984 Demetrii
3264 1927 3422 1983 Actis
3457 1940 3652 1982 recen-

2062 2040 2172 2095 set,
2206 2027 2624 2085 verosimillime
2652 2022 2953 2094 acceperit.
2983 2022 3183 2077 Verum
3217 2035 3343 2077 cum
3370 2018 3423 2072 id
3455 2017 3530 2072 ita
3555 2015 3651 2079 sit,

2063 2139 2199 2180 num
2218 2136 2419 2192 'ergoa
2450 2118 2757 2189 posteriore
2794 2118 2898 2171 hoc
2945 2114 3218 2183 scriptore
3258 2110 3509 2183 prodigia
3557 2108 3652 2163 illa

2058 2215 2258 2273 omnia
2278 2213 2543 2283 iactaque
2589 2207 2979 2277 improbabilia
3029 2207 3273 2277 primum
3320 2203 3477 2259 fuere
3521 2216 3649 2257 con—

2056 2306 2235 2362 ﬂeta?
2266 2306 2578 2374 Antequam
2608 2301 2742 2372 quid
2776 2300 2844 2354 de
2887 2314 2944 2354 re
2971 2300 3074 2354 hac
3098 2312 3358 2353 censeam
3413 2295 3653 2362 edicam,

2064 2401 2337 2456 nonnulla
2386 2399 2454 2454 de
2491 2398 2678 2455 Sancti
2733 2412 2900 2467 supra
2961 2402 3267 2449 memorata
3319 2390 3511 2447 Graeca
3559 2405 3655 2445 seu

2070 2492 2194 2550 Vita
2229 2508 2326 2547 seu
2352 2492 2645 2557 Passione,
2672 2491 2728 2545 in
2761 2490 3006 2557 linguam
3032 2485 3290 2540 Latinam
3324 2483 3393 2539 ab
3422 2483 3651 2539 Anastao

2070 2589 2156 2643 sio
2204 2585 2638 2641 Bibliothecario
2679 2594 2982 2643 conversa,
3035 2576 3424 2647 praemittenda
3477 2574 3658 2629 adhuc

2067 2689 2227 2734 sunt.
2256 2676 2431 2739 ﬂante.
2463 2692 2587 2747 quae
2616 2674 2898 2744 paululum
2923 2679 3208 2727 contracta
3238 2668 3382 2738 apud
3417 2668 3660 2724 Vincen-

2068 2773 2208 2827 tium
2230 2771 2675 2826 Bellovacensem
2702 2764 2919 2836 Speculi
2946 2764 3240 2819 historialis
3285 2761 3383 2815 lib.
3409 2776 3510 2822 χιι,
3536 2774 3660 2829 cap.

2080 2864 2204 2930 l50,
2242 2872 2291 2919 et
2325 2862 2471 2934 apud
2505 2860 2876 2916 Mombritium
2907 2869 3040 2912 tom.
3089 2856 3106 2911 Ι
3144 2855 3383 2910 Vitarum
3425 2855 3535 2924 jam
3564 2867 3661 2906 ex-

2068 2957 2280 3022 'stabat,
2312 2957 2580 3026 integrant
2614 2952 2834 3007 tandem
2864 2965 2988 3006 cum
3021 2949 3255 3016 Prologo
3281 2947 3350 3000 ab
3377 2944 3666 3000 Anastasio

2083 3049 2132 3104 ei
2160 3047 2470 3120 praemisso,
2516 3043 2913 3113 miraculisque
2961 3042 3027 3096 ad
3070 3041 3280 3095 calcem
3313 3036 3569 3109 adjectis,
3603 3035 3664 3092 in

2072 3138 2743 3197 'VeterumAnalectorum
2778 3146 2910 3191 tom.
2962 3134 2981 3189 l
3027 3131 3384 3188 Maliillonins
3432 3129 3661 3194 intulit,

388 3230 618 3299 trajectu
655 3226 861 3282 factum
894 3223 1090 3289 fuisse,
1130 3222 1201 3278 ab
1239 3236 1518 3293 anonymo
1549 3218 1786 3274 indicari
1822 3217 1969 3273 :etsi

2079 3235 2442 3304 eamdemque
2467 3235 2633 3289 etiam
2666 3246 2795 3293 ms.,
2814 3229 2905 3300 qui
2935 3228 2998 3283 ad
3021 3227 3341 3283 Cornelium
3366 3225 3521 3296 Duyn
3535 3223 3667 3278 olim

387 3320 542 3376 enim
577 3318 635 3374 id
664 3319 740 3373 ita
773 3318 866 3383 sit,
895 3331 1002 3372 nec
1028 3315 1161 3371 hinc
1180 3324 1363 3370 tamen
1387 3313 1688 3384 quidquam
1714 3311 1973 3378 habetur,

393 3411 541 3467 unde
580 3421 884 3481 utcunque,
930 3407 1078 3479 quod
1108 3416 1293 3461 tamen
1326 3405 1470 3462 foret
1490 3419 1812 3470 necessum,
1843 3418 1980 3458 ano-

393 3519 562 3578 nymo
592 3502 1042 3587 Metapbrasmm,
1065 3500 1339 3555 non-huic
1378 3498 1557 3565 illum,
1584 3495 1981 3553 lucubratione

392 3613 490 3655 sua
531 3598 875 3668 praeluxisse,
902 3592 1234 3650 concludas.

470 3690 559 3745 15.
599 3689 670 3746 Ut
694 3686 1102 3743 res-manifesta
1133 3683 1355 3745 evadat,
1382 3682 1677 3754 quidquid,
1697 3683 1846 3753 quod
1871 3682 1983 3737 huc

393 3784 549 3849 facit,
592 3796 904 3853 anonymus
941 3779 1283 3849 suppeditat,
1318 3776 1524 3832 Latine
1578 3776 1670 3831 hic
1717 3775 1980 3831 exhibeo.

400 3876 697 3944 Postquam
729 3880 942 3943 itaque,
973 3871 1307 3934 Danubium,
1342 3872 1473 3925 dum
1515 3869 1583 3924 ad
1611 3869 1761 3922 hunc
1803 3865 1986 3922 Leon-

386 3970 514 4024 tius
535 3967 792 4033 accessit,
826 3966 985 4021 alveo
1007 3980 1112 4021 suo
1157 3965 1256 4027 ita,
1289 3974 1348 4018 ut
1382 3976 1488 4018 nec
1519 3962 1756 4018 navibus
1804 3958 1985 4031 trajici

401 4069 610 4133 posset,
638 4060 813 4115 fuisse
863 4073 1174 4130 egressum,
1221 4056 1569 4126 Leontioque
1599 4053 1987 4117 nihilominus,

405 4164 465 4210 ut
499 4170 628 4210 eum
658 4154 797 4208 citra
827 4151 1226 4206 haesitationem
1255 4149 1556 4218 trajiceret,
1593 4155 1844 4202 sanctum
1884 4145 1992 4200 De-

404 4249 692 4310 metrium,
735 4246 789 4300 iu
826 4244 1045 4300 somnis
1083 4242 1135 4297 ei
1188 4248 1547 4312 apparentem
1573 4278 1589 4306 ,
1638 4240 1940 4309 imperasse
1972 4278 1988 4306 ,

407 4342 674 4403 narravit,
701 4354 827 4394 ntox
850 4337 919 4392 de
943 4335 1179 4391 Leontio
1209 4333 1494 4403 subiungit
1517 4351 1532 4387 :
1564 4331 1753 4386 «Mque
1777 4330 1990 4399 itaque,

408 4448 717 4490 conscenso
746 4447 942 4495 curru,
969 4429 1346 4484 venerandam
1398 4430 1530 4495 (qua
1558 4424 1772 4481 scilicet
1820 4436 1992 4478 sacrae

409 4528 587 4585 sancti
619 4524 1154 4594 Demctriirellquim
1176 4521 1627 4591 continebantur)
1655 4518 1996 4589 lipsanolbe-

394 4640 531 4680 eam
564 4620 823 4677 manibus
844 4630 1045 4675 tenens
1080 4616 1292 4672 ﬂumen
1326 4615 1589 4669 innoxius
1636 4611 1925 4678 transivit;
1951 4607 1989 4663 ⁴ι

410 4718 783 4788 (ιιιὶδιησειιιθ
809 4711 1020 4777 verbis,
1039 4710 1492 4774 determinatum,
1517 4705 1663 4778 quod
1685 4706 1997 4777 Hetapbra—

413 4818 529 4865 stes
573 4807 767 4872 refert,
831 4804 1189 4868 miraculum,
1237 4801 1343 4857 etsi
1390 4800 1607 4855 interim
1648 4800 1756 4855 hoc
1794 4814 1861 4854 ex
1896 4799 2006 4854 illis

414 4900 833 4957 verosimillime
860 4899 908 4953 is
934 4899 1173 4968 scriptor
1188 4903 1436 4961 eruerit,
1465 4893 1521 4948 in
1549 4893 1671 4948 lstri
1701 4908 1800 4963 per
1824 4891 2003 4948 Leon-

420 4996 560 5050 tium
596 4994 828 5065 trajectu
859 4992 1069 5046 iactum
1105 4991 1295 5056 fuisse,
1330 4990 1656 5058 neutiquam
1697 4987 1996 5042 indicatur.

419 5088 564 5155 Quid
591 5087 637 5141 si
667 5085 816 5141 enim
843 5084 1141 5149 Leontius,
1161 5084 1319 5154 aquis
1337 5081 1562 5152 quidem
1587 5095 1719 5147 non,
1740 5088 1801 5134 ut
1824 5079 2004 5134 Israe-

420 5180 556 5247 litis,
589 5194 741 5235 mare
766 5178 1020 5233 Rubrum
1056 5176 1492 5242 transeuntibus,
1523 5174 1730 5236 evenit,
1755 5188 1784 5228 a
1804 5173 2002 5228 'dextra

419 5274 667 5343 lmvaque
700 5270 1115 5336 recedentibus,
1164 5270 1263 5325 sed
1305 5276 1543 5334 tantum,
1581 5264 1900 5323 ut'Christo
1945 5271 2003 5317 et

421 5369 588 5424 Petro
615 5368 761 5438 apud
796 5364 1137 5427 “animum,
1170 5380 1296 5434 cap.
1331 5378 1441 5425 xiv,
1473 5362 1700 5425 factum,
1727 5373 1843 5414 non
1874 5356 2004 5414 sub-

419 5461 759 5523 sidentibus,
792 5458 1110 5514 Danubium
1157 5456 1417 5511 innoxius
1454 5452 1775 5524 traiecerit?
1806 5449 1999 5505 Enim.

420 5570 555 5610 vero
582 5556 751 5610 etiam
782 5553 868 5608 vel
900 5552 984 5607 sic
1008 5551 1217 5606 factum
1249 5549 1416 5604 fuerit
1463 5547 1789 5601 miraculum
1838 5546 2004 5615 plane

424 5649 661 5718 insigne,
692 5645 997 5703 neeiaiiutf
1006 5645 1152 5700 forte
1184 5643 1487 5698 indicatum
1520 5641 1763 5696 voluerit
1786 5654 1990 5712 anony-

426 5741 807 5795 mus.'Verum
837 5739 1036 5794 demus
1068 5738 1234 5792 etiam
1282 5736 1576 5805 tantisper,
1609 5733 1744 5790 illud
1779 5734 1960 5804 ipsum
1987 5776 2002 5801 ,

423 5835 573 5905 quod
602 5834 1002 5905 Metaphrastes
1034 5841 1249 5896 narrat,
1280 5829 1606 5884 miraculum
1633 5827 1821 5883 verbis
1864 5827 2008 5882 reci-

427 5932 557 5988 tatis
598 5931 830 5991 indicari
862 5929 931 5986 ab
966 5940 1264 5997 anonymo,
1293 5925 1428 5983 illud
1463 5921 1719 5992 cqnidem
1755 5921 1843 5975 hic
1866 5920 2006 5977 scri-

2079 3326 2374 3398 spectavit.
2410 3340 2475 3380 ac
2510 3331 2567 3389 >14
2606 3337 2709 3378 ms.
2738 3322 2810 3377 8t
2843 3321 3114 3390 signatur,
3138 3318 3311 3373 codex
3344 3324 3533 3372 noster
3568 3330 3668 3370 ex-

2078 3422 2257 3483 hibet.
2292 3422 2369 3475 uti
2403 3428 2459 3475 et
2486 3418 2622 3483 ‘duo,
2660 3430 2897 3487 quorum
2924 3414 3159 3469 alterum
3187 3428 3216 3465 c
3240 3406 3665 3470 “ubere-Vallis,

2080 3512 2319 3566 alterum
2353 3505 2729 3564 e'Trevirensi
2794 3503 2969 3559 sancti
3014 3501 3293 3558 Maximini
3329 3498 3522 3554 codice
3564 3511 3671 3551 no-

2084 3611 2233 3659 tatur
2263 3603 2637 3671 desumptnm,
2665 3599 2723 3653 in
2749 3594 3105 3652 collectaueis
3137 3592 3343 3647 nostris
3391 3590 3672 3645 exstantia

2081 3710 2241 3759 mss.,
2275 3694 2351 3749 ita
2388 3702 2570 3748 tamen
2599 3700 2662 3745 ut
2693 3690 2893 3747 horum
2920 3695 3263 3757 postremum
3299 3692 3484 3739 careat
3505 3682 3671 3737 simul

2086 3796 2144 3843 et
2172 3785 2480 3849 miraculis,
2510 3794 2566 3838 et
2598 3779 2872 3837 Anastasii
2904 3778 3142 3847 Prologo
3165 3791 3261 3829 seu
3298 3773 3668 3835 dedicatione,

2088 3879 2289 3935 Carolo
2322 3874 2645 3946 imperatori
2675 3872 2836 3938 facta,
2869 3870 3073 3941 quibus
3106 3868 3270 3923 etiam
3294 3907 3309 3930 ,
3345 3867 3391 3921 si
3431 3867 3673 3920 miracu-

2086 3970 2225 4032 lum,
2260 3966 2409 4037 quod
2442 3965 2512 4021 de
2542 3964 2928 4025 Marianoest,
2957 3957 3270 4027 exceperis,
3319 3953 3674 4024 suppeditata

2075 4076 2122 4117 ‘a
2150 4058 2529 4116 Bellovacensi
2566 4065 2623 4113 et
2645 4052 2965 4111 Mombritio
2995 4047 3323 4120 compendia
3352 4044 3669 4101 destituun-

2095 4164 2213 4210 tur.

2166 4246 2255 4303 15.
2281 4247 2454 4302 Porro
2478 4242 2803 4299 Anastasius
2824 4235 3310 4296 Bibliothecarius.
3336 4232 3406 4288 de
3427 4248 3538 4303 quo
3564 4231 3680 4286 Ma-

2098 4338 2365 4395 billoniu's
2421 4334 2673 4390 Veterum
2724 4329 3101 4386 Analectorum
3140 4336 3289 4380 tomo
3331 4322 3352 4377 l
3412 4320 3679 4391 prastato,

2100 4452 2224 4508 pag.
2255 4432 2347 4498 96,
2377 4428 2555 4484 videri
2584 4428 2751 4482 etiam
2801 4432 3003 4495 potest,
3032 4420 3236 4475 dictam
3263 4414 3452 4472 Sancti
3497 4411 3682 4468 Vitam

2100 4506 2198 4585 seu
2231 4526 2576 4586 Passionem,
2611 4519 2884 4576 latinitate
2917 4530 2947 4569 a
2979 4530 3038 4568 se
3079 4512 3365 4575 donatam,
3401 4507 3468 4562 ad
3508 4506 3683 4561 Caro-

2102 4624 2215 4679 lum
2249 4620 2670 4689 imperatorem,
2718 4610 2799 4666 uti
2830 4607 3103 4678 Prologus
3136 4603 3317 4660 eidem
3346 4601 3502 4657 ‘Vltze
3545 4614 3688 4670 prte-

2106 4711 2437 4772 ﬁxus'ﬁdem
2475 4710 2628 4772 facit,
2651 4702 2994 4768 transmisit;
3026 4713 3222 4771 quare,
3242 4712 3367 4753 cum
3402 4695 3492 4749 hic
3521 4692 3686 4755 alius,

2102 4821 2266 4877 quam
2309 4804 2400 4858 ille
2437 4801 2574 4871 ipse,
2600 4798 2691 4854 cui
2721 4795 2868 4851 idem
2891 4791 3215 4849 Anastasius
3243 4786 3353 4861 (adi
3383 4784 3449 4840 ad
3483 4798 3689 4877 annum

2103 4871 2229 4957 έῖϐ.
2261 4910 2418 4951 num.
2459 4888 2799 4960 t2,Pagium
2829 4886 2886 4941 in
2914 4883 3155 4952 Criticis)
3182 4879 3376 4936 Latine
3408 4890 3437 4930 a
3466 4889 3525 4929 se
3562 4871 3663 4928 red

2104 4985 2484 5046 ditamsancti
2511 4982 2757 5054 Dionysii
2796 4977 3141 5048 Areopagitae
3172 4974 3352 5029 Vitam
3402 4981 3551 5022 anno
3585 4962 3693 5019 876

2107 5082 2277 5141 misit.
2302 5081 2604 5149 imperatur
2642 5074 2877 5132 Carolus
2902 5070 3151 5130 ’Calvus,
3184 5079 3330 5121 anno
3358 5057 3693 5116 875'diade-

2109 5185 2255 5231 male
2283 5172 2556 5245 imperiali
2588 5171 2779 5227 Romae
2807 5166 3047 5236 primum
3094 5167 3391 5215 coronatus
3414 5164 3693 5220 'annoque

2110 5270 2212 5326 877
2231 5285 2264 5324 e
2290 5241 2430 5323 vivis
2449 5266 2725 5329 sublatus,
2745 5262 2915 5316 fuisse
2943 5271 3052 5311 non
3078 5251 3349 5312 videatur,
3375 5241 3692 5300 lucubratio

2105 5363 2209 5418 ista
2236 5357 2657 5416 verosimillime
2687 5368 2799 5409 non
2837 5351 3233 5414 serium-quam
3262 5341 3371 5395 hoc
3393 5340 3515 5408 ipso
3541 5349 3689 5389 anno

2106 5455 2177 5510 ab
2211 5449 2504 5508 Anastasio
2534 5448 2705 5503 fuerit
2736 5445 2791 5498 in
2818 5443 3064 5511 linguam
3096 5433 3349 5489 Latinam
3394 5441 3690 5492 conversa,

2084 5559 2393 5615 ‘certeqne,
2421 5554 2547 5597 cmn
2576 5540 2670 5597 hic
2692 5537 2931 5606 scriptor
2958 5541 3087 5588 ante
3110 5522 3555 5587 annum-881m
3577 5518 3697 5575 Mu-

2110 5638 2358 5694 ratorius
2390 5636 2444 5689 in
2482 5631 2833 5694 Pralatione,
2867 5639 3002 5683 tom.
3034 5622 3203 5680 tertio
3240 5617 3579 5688 Scriptorum
3608 5628 3697 5668 re-

2112 5749 2233 5788 rum
2272 5728 2587 5786 Italicarum
2635 5722 2937 5797 praemissa,
2973 5719 3138 5775 docet
3162 5756 3177 5780 ,
3218 5730 3249 5769 ο
3288 5712 3430 5768 vivis
3472 5707 3693 5776 abierit,

2109 5832 2426 5882 contextam
2455 5836 2485 5876 a
2517 5818 2923 5889 Metapbraste,
2952 5809 3154 5870 saeculi
3186 5808 3458 5864 duntaxat
3490 5799 3695 5858 decimi

2105 5919 2401 5983 scriptore.
2436 5915 2617 5973 Vitam
2664 5909 2999 5980 antiquitate
3042 5910 3357 5974 exsuperat.
3391 5893 3691 5967 Nec,quiu
