4142 6380
554 351 688 414 1091

1836 379 2189 446 SUPPLEM
2198 386 2296 448 EN
2302 391 2487 455 TUM.

3679 421 3822 489 1092

3679 465 3822 489 ινδι-

545 465 711 521 etiam
738 482 906 540 supra
934 482 1317 546 memoratam,
1345 494 1490 552 quas,
1521 488 1581 536 ut
1602 481 1792 555 docui,
1814 487 2130 562 Metaphra-
2158 502 2206 561 Α
2234 499 2486 570 Photius,
2512 508 2605 578 qui
2634 512 2840 569 saeculo
2867 531 2919 571 ix
2943 516 3151 587 ﬂoruit,
3183 536 3308 582 sese
3328 540 3452 584 eam
3487 544 3600 588 non
3630 549 3822 595 conte-

648 551 1211 595 nmlli':¢cn.11:lln'n-
1267 566 1489 595 n'l-_-__
1528 576 1595 595 ιι-
1698 584 1712 595 Α
1753 580 1787 595 σο
1818 581 1902 595 πα-

546 554 615 607 sti
647 551 1230 633 prmluxissefv'idetrir,
1264 551 1494 630 alteram
1527 576 1790 639 Demetrii
1818 581 1999 645 Vitam
2038 604 2136 647 ve-

548 746 910 803 tantum'Vita
940 748 1066 818 ista,
1097 771 1219 825 quae
1247 758 1612 833 Metaphrasti
1642 771 1924 839 praeluxit,
1954 779 2130 836 multo

542 843 629 889 est
666 836 917 905 brevior,
950 851 1360 919 verumg-etiam,
1416 872 1539 927 qua:
1570 860 1625 915 in
1661 861 1764 920 hac
1789 879 2093 927 occurrunt
2115 914 2130 938 .

546 932 662 980 tum
694 931 961 1004 prodigia,
992 946 1108 994 tum
1136 939 1278 998 facta
1308 943 1690 1016 improbabilia
1716 955 1860 1012 haud
1884 931 2128 1034 comple;

541 1018 742 1089 ctitur;
777 1025 918 1081 solet
951 1040 1136 1087 autem
1178 1034 1291 1099 illa,
1318 1053 1442 1108 quae
1465 1056 1495 1097 e
1535 1043 1751 1103 duabus
1786 1051 1954 1107 unius
1979 1018 2129 1122 eius-

542 1107 780 1184 demque
810 1116 997 1176 Sancti
1019 1124 1158 1180 Vitis
1183 1107 1468 1189 binisrillis
1489 1137 1907 1200 characteribus
1932 1107 2131 1204 and-

538 1206 745 1271 guitur,
784 1210 855 1265 ab
886 1216 1144 1274 onmibus
1171 1224 1333 1279 modo
1359 1229 1706 1298 antiquitatis
1732 1236 2002 1295 studiosis
2036 1259 2127 1297 ar-

540 1295 719 1368 tisque
747 1305 955 1362 critica;
975 1312 1170 1378 peritis
1200 1317 1374 1374 altera
1405 1321 1726 1382 haberinon
1758 1336 1975 1389 tantum
2009 1336 2129 1393 sin-

535 1392 737 1462 ccriOr,
771 1401 867 1455 sed
903 1406 1071 1458 etiam
1098 1414 1400 1481 antiquior.

611 1486 694 1543 l6.
716 1489 888 1549 Porro
913 1512 1040 1551 cum
1069 1500 1122 1555 id
1144 1504 1217 1559 ita
1243 1508 1336 1574 sit,
1369 1511 1628 1587 idemque
1654 1531 1924 1589 praeterea
1951 1528 2122 1596 ordo,

535 1593 599 1633 ac
638 1583 867 1651 phrases
895 1591 1061 1647 etiam
1103 1599 1219 1659 fere
1253 1617 1448 1662 omnes
1482 1612 1726 1680 easdem,
1780 1618 1985 1687 quibus
2016 1622 2121 1678 Deo

534 1674 717 1728 mctrii
754 1686 1079 1751 martyrium
1132 1689 1408 1767 huiusque
1448 1703 1625 1760 series
1656 1692 1989 1766 in’breviori
2025 1713 2118 1769 illa

530 1777 626 1818 seu
653 1765 772 1823 Vita
814 1786 909 1827 seu
938 1773 1223 1847 Passione,
1246 1787 1317 1842 ab
1345 1805 1622 1866 anonymo
1651 1802 1988 1872 conscripta,
2024 1822 2120 1861 ex-

531 1858 776 1929 ponitur,
816 1868 1025 1937 pariter
1077 1876 1128 1929 in
1163 1877 1282 1935 Vita
1306 1922 1320 1945 .
1356 1885 1425 1940 ab
1458 1858 1735 1962 anonymo
1770 1895 1946 1951 altero
1979 1914 2121 1955 con-
2153 1868 2192 1923 Β
2223 1888 2322 1944 89‘

533 1955 696 2018 texta,
728 1960 1225 2033 quaeMetaphrasti
1260 1975 1535 2042 prmluxit,
1562 1955 1874 2052 serventur,
1907 1988 2023 2045 haec
2045 2008 2114 2047 ex

530 2042 623 2099 ila
658 2052 1091 2124 verosimillimc,
1129 2078 1198 2117 ne
1227 2064 1407 2122 dicam
1455 2071 1707 2143 indubie,
1744 2078 1911 2135 fuerit
1939 2083 2115 2139 ador-

526 2147 676 2202 nata,
710 2151 874 2214 atque
908 2147 960 2203 id
987 2151 1061 2206 ita
1105 2155 1354 2226 quidem,
1389 2172 1448 2217 ut
1475 2176 1671 2224 auctor
1717 2170 2047 2245 anonymus,
2077 2193 2110 2234 a

524 2248 635 2303 quo
670 2236 803 2293 illud
837 2240 1039 2299 factum
1069 2287 1082 2310 ,
1120 2248 1344 2313 inventa
1378 2272 1409 2311 a
1440 2273 1562 2315 sese
1593 2263 1648 2317 in
1684 2264 1826 2320 dicta
1868 2269 2112 2329 breviori

523 2338 621 2380 seu
655 2326 773 2385 Vita
810 2348 906 2388 seu
936 2337 1200 2398 Passione
1249 2344 1394 2403 facta
1419 2392 1435 2417 ,
1484 2353 1790 2414 intersertis
1830 2361 2066 2420 subinde
2088 2405 2106 2430 ,

523 2433 645 2486 qua:
674 2420 726 2475 in
764 2423 851 2478 illa
886 2440 1096 2496 narrat,
1125 2437 1395 2506 prodigiis
1422 2441 1694 2517 factisque
1721 2420 2107 2521 improbabili:

522 2509 649 2577 bus,
690 2519 1134 2594 paraphrastice,
1165 2530 1242 2583 uti
1278 2546 1344 2587 ex
1377 2537 1668 2609 utriusque
1699 2542 2103 2609 lucubrationis

521 2603 817 2664 collatione
850 2623 1115 2684 patescet,
1150 2622 1477 2692 explanarit.
1501 2603 1684 2704 Atque
1708 2635 1797 2692 illa
1833 2603 2101 2710 quidem,

524 2704 605 2765 ut,
627 2698 759 2767 quid
793 2702 861 2755 de
891 2709 1163 2778 scriptore
1197 2714 1288 2769 illo
1323 2698 2103 2801 sentiam,vtandem-edicam,

518 2786 566 2842 si
597 2805 704 2844 non
746 2793 976 2863 ipsemet
1005 2802 1272 2860 conﬁnxit
1296 2846 1309 2867 .
1355 2825 1424 2865 ex
1469 2811 1638 2872 inlida
1667 2824 2103 2886 [verosimillime

519 2881 665 2955 vulgi
701 2883 841 2942 fama
875 2893 1196 2962 pupularive
1232 2901 1531 2962 traditione
1558 2881 1840 2982 acceperit
1877 2934 1890 2970 :
1934 2920 2102 2977 modo

448 2993 452 2997 ⁴
518 2974 702 3032 adhuc
734 3018 749 3040 ,
797 2995 1017 3051 quantm
1067 2990 1292 3059 quidem
1347 2974 1709 3069 antiquitatis
1744 3005 1966 3066 brevior
2010 3011 2100 3069 illa

518 3062 703 3124 Sancti
735 3074 910 3128 nostri
945 3074 1064 3131 Vita
1094 3080 1369 3145 videatur.
1400 3076 1639 3158 expono.
1667 3094 1823 3161 Quod
1861 3102 1906 3155 si
1946 3118 2096 3171 vere,

517 3159 598 3214 uti
630 3159 770 3219 forte
802 3181 869 3220 ex
900 3166 1063 3224 dictis
1099 3171 1327 3236 factum.
1354 3181 1622 3247 prolixior
1652 3192 1912 3262 anonymi
1949 3194 2105 3250 lucu-
2132 3212 2177 3273 ο

517 3252 656 3273 ,μη
904 3259 948 3273 ..
994 3270 1001 3273 .
1086 3264 1096 3273 .
1244 3268 1255 3273 -
1420 3272 1423 3273 ν

513 3252 715 3320 hratio,
751 3273 873 3328 quae
904 3259 1255 3332 Metaphrasti
1295 3272 1572 3341 praeluxit,
1605 3252 1829 3349 Joanni',
1859 3284 2101 3345 Thessa-

512 3349 778 3410 lonicensi
805 3360 1008 3414 saeculo
1029 3364 1274 3433 septimo
1311 3371 1574 3437 antistiti,
1596 3378 1805 3444 pariter
1828 3385 2098 3453 przcluxe-

514 3444 607 3508 rit,
647 3447 889 3515 brevior,
923 3451 991 3506 de
1034 3470 1138 3522 qua
1178 3457 1291 3523 hic,
1344 3461 1533 3520 Sancti
1574 3468 1695 3524 Vita
1742 3444 1842 3528 seu
1887 3477 2099 3545 Passio,

513 3544 702 3604 utpote
733 3537 859 3604 hac,
889 3543 1078 3613 utjam
1101 3545 1289 3614 docui,
1312 3553 1615 3626 antiquior,
1636 3562 1751 3629 jam
1783 3566 1909 3622 inde
1927 3570 2095 3627 etiam

509 3624 579 3678 ah
606 3628 800 3683 eodem
845 3634 1051 3690 sacculo
1106 3641 1366 3709 septimo,
1413 3624 1525 3703 imo
1563 3648 1706 3707 forte
1750 3655 1864 3724 jam
1904 3658 2030 3715 inde
2065 3677 2096 3716 a

508 3715 711 3772 sarculo
738 3729 897 3777 sexto
930 3733 1025 3778 aut
1054 3725 1199 3785 forte
1235 3733 1421 3790 adhuc
1444 3738 1612 3794 cilius
1642 3742 1813 3800 fuerit
1848 3753 2098 3808 conscri-

507 3818 622 3878 pta.
655 3811 724 3865 Et
770 3830 926 3883 vero,
950 3833 1077 3873 cum
1112 3823 1444 3885 Anastasius
1475 3829 1965 3906 Bibliothecarius,
1996 3859 2099 3900 sae-

507 3902 616 3957 culi
660 3906 789 3960 noni
842 3910 1108 3982 scriptor,
1155 3931 1276 3975 sese
1300 3920 1452 3977 illam
1511 3941 1625 3982 non
1668 3940 1803 3988 tunc
1851 3935 2089 4004 primum

505 3996 887 4065 concinnasse,
913 4005 1009 4059 sed
1037 4015 1252 4064 tantum
1300 4013 1413 4084 jam
1438 4019 1825 4079 concinnatam
1853 4040 1882 4079 e
1907 4027 2096 4098 lingua

506 4085 694 4144 Graeca
726 4091 781 4146 in
814 4093 1069 4152 Latinam
1107 4106 1495 4176 transtulisse,
1547 4112 1601 4166 in
1654 4098 1889 4188 Prologo
1923 4120 2096 4193 dicat,

504 4180 643 4236 nihil
685 4199 837 4252 sane,
884 4193 1187 4259 quominus
1223 4204 1332 4253 tam
1368 4202 1482 4258 cito
1522 4215 1748 4262 exarata
1792 4180 2090 4282 statuatur,

505 4271 774 4343 impedire
814 4280 1055 4349 videtur,
1086 4288 1285 4358 vixque
1317 4293 1507 4359 etiam.
1540 4299 1675 4368 quin
1724 4304 1918 4388 saltem
1958 4318 2091 4365 ante

502 4367 766 4425 saaculum
801 4388 1008 4431 nonum
1039 4379 1244 4439 litteris
1273 4384 1444 4444 fuerit
1480 4373 1899 4464 columendata;
1925 4399 2093 4457 dubi-

506 4458 734 4515 tandum
765 4479 1019 4535 apparet.

575 4550 664 4605 17.
703 4552 858 4611 Hanc
880 4558 1069 4631 itaque
1103 4564 1421 4626 breviorem
1451 4577 1717 4648 anonymi
1748 4579 2093 4641 lucubratio-
2128 4560 2169 4614 θ

502 4656 653 4705 nem.
686 4663 809 4718 qum
842 4662 1131 4732 preterea,
1168 4665 1425 4730 quamvis
1448 4668 1696 4736 quidem,
1723 4675 1872 4743 quod
1898 4692 1929 4732 e
1950 4680 2092 4734 scri-

500 4739 759 4806 ptoribus
795 4751 1246 4809 monumentisve
1275 4759 1583 4826 aequalibus
1623 4739 2090 4840 aut—subsequan-

500 4829 607 4888 bus
641 4833 839 4892 hausta
869 4855 980 4895 non
1030 4845 1263 4912 sciatur,
1314 4849 1478 4906 tidem
1530 4854 1895 4917 indubitatam
1925 4829 2092 4920 haud

498 4936 802 4997 mereatur,
831 4932 970 4989 nihil
1003 4946 1186 4992 tamen
1219 4941 1449 4999 omnino
1472 4960 1502 5000 a
1528 4948 1763 5007 veritate
1792 4963 1947 5010 certo
1984 4958 2087 5013 ab-

500 5018 737 5079 horrens
782 5039 984 5081 verove
1032 5028 1201 5084 etiam
1249 5033 1503 5091 absimile
1546 5042 1973 5111 complectitur,
2020 5049 2090 5104 ad

499 5121 887 5176 commentarii
919 5122 1126 5179 calcem
1171 5127 1351 5196 primo
1396 5131 1545 5200 loco,
1591 5137 1739 5204 quod
1773 5147 1830 5193 ct
1877 5140 2021 5210 Vita,
2058 5161 2088 5200 a

498 5208 872 5281 Metaphraste
906 5228 1190 5285 contexta,
1222 5231 1279 5276 et
1314 5224 1513 5289 altera.
1547 5244 1670 5298 qu:e
1712 5232 1845 5288 huic
1879 5237 2084 5304 praelu-

504 5302 609 5367 xit,
657 5303 704 5359 si
747 5306 1054 5379 antiquior,
1106 5314 1367 5370 recudam
1404 5333 1435 5373 e
1471 5319 1771 5379 Mabillonii
1816 5302 2088 5395 editione,

500 5407 627 5449 cum
664 5396 1070 5458 Rubea-Vallis
1103 5419 1211 5460 ms.
1257 5407 1494 5481 aliisque
1531 5428 1702 5484 supra
1746 5423 2089 5489 memoratis,

502 5503 625 5557 qua:
656 5491 728 5544 ad
775 5505 1000 5549 manum
1043 5507 1207 5565 sunt,
1243 5510 1359 5558 tum
1389 5506 1632 5573 excusis,
1662 5517 1802 5566 tum.
1839 5528 1972 5570 mss.
2000 5516 2090 5573 lu-

500 5584 848 5645 cubrationis
877 5591 1127 5661 ejusdem
1174 5599 1587 5669 exemplaribus
1626 5605 1861 5668 collata.
1907 5609 1990 5664 uti
2032 5618 2092 5665 et

498 5687 627 5729 cum
656 5676 927 5736 Photiana
959 5682 1148 5741 Sancti
1182 5687 1325 5753 Vita,
1359 5707 1482 5761 qua:
1521 5709 1648 5748 cum
1679 5697 1785 5753 hac
1828 5714 1938 5754 non
1977 5713 2095 5756 tan-

505 5772 646 5830 tum,
672 5778 737 5824 ut
763 5786 933 5843 supra
963 5774 1175 5834 dictum
1199 5819 1214 5841 ,
1253 5780 1307 5838 in
1352 5785 1661 5840 substantia
1700 5788 2092 5863 adjunctisque

502 5856 621 5915 tere
660 5864 919 5923 omnibus
940 5871 1190 5931 apprime
1215 5876 1492 5939 conﬂuit.
1523 5892 1713 5935 verum
1744 5881 1933 5945 etiam.
1964 5901 2089 5942 cum

2238 596 2445 663 suisse,
2477 602 2572 656 sed
2595 601 2708 673 jam
2742 608 2811 663 ab
2845 609 2953 665 alio
2975 622 3297 672 contextam
3332 620 3389 675 in
3416 621 3820 689 bibliothecam

2241 702 2397 744 suam
2425 693 2700 759 intulisse.
2725 697 2889 757 initio
2918 692 3312 779 innuatfparis
3340 712 3483 770 forte
3514 720 3817 790 antiquitao

2237 777 2308 835 tis
2340 793 2443 838 est.
2476 781 2613 841 Huic
2638 803 2802 858 porro
2841 791 3084 852 breviori
3110 777 3205 868 per
3235 817 3573 877 anonymum
3599 777 3819 883 scripta

2237 869 2424 927 Sancti
2478 875 2609 934 Vita:
2655 880 2792 937 duas
2847 885 3030 943 adhuc
3084 905 3250 961 supra
3295 869 3408 963 jam
3459 869 3814 971 memoratas,

2233 977 2466 1032 quarum
2501 968 2676 1026 altera
2724 975 2890 1030 etiam
2922 977 2992 1034 ab
3018 997 3320 1056 anonymo,
3372 989 3545 1047 altera
3578 1011 3609 1050 a
3646 997 3817 1054 Meta-

2234 1052 2457 1123 phraste
2487 1058 2592 1116 fuit
2620 1066 2976 1134 concinnata,
3003 1052 3296 1133 Passiones
3319 1096 3415 1137 seu
3439 1082 3590 1143 Vitas
3618 1089 3813 1147 Deinc-

2232 1146 2323 1200 trii
2356 1149 2492 1205 alias
2518 1190 2535 1215 ,
2580 1161 2694 1209 tum
2745 1161 2895 1228 quod
2950 1166 3178 1233 prolixa:
3213 1171 3508 1231 admodum
3539 1194 3646 1234 non
3678 1184 3808 1249 sint,

2232 1240 2483 1312 typisque
2507 1244 2795 1316 hactenus,
2824 1269 2986 1325 quam
3017 1273 3325 1333 anonymus
3348 1271 3658 1334 contexuit.
3684 1276 3808 1330 vul-

2230 1340 2357 1403 gata
2392 1336 2539 1393 haud
2572 1340 2761 1410 fuerit,
2790 1354 2904 1401 tum
2934 1351 3079 1418 quod
3111 1354 3163 1408 id
3197 1355 3449 1415 studioso
3476 1363 3688 1433 lectori,
3711 1368 3805 1438 qui

2230 1426 2312 1483 sic
2348 1445 2470 1499 qua:
2502 1430 2572 1489 de
2605 1437 2916 1507 ambarum,
2962 1453 3021 1498 ut
3051 1446 3125 1500 ita
3179 1449 3379 1517 dicam,
3414 1459 3601 1526 genesi
3640 1476 3803 1532 supra

2228 1520 2541 1592 docuimus,
2590 1532 2909 1589 examinare
2945 1541 3232 1596 commode
3281 1549 3505 1615 poterit,
3560 1551 3804 1610 futurum

2227 1624 2414 1682 putem
2456 1633 2566 1673 non
2600 1621 2892 1694 ingratum,
2930 1627 3121 1687 Graece
3158 1634 3323 1691 simul
3349 1649 3405 1694 et
3432 1640 3627 1698 Latine
3671 1649 3804 1704 sub-

2220 1703 2469 1777 iungam,
2506 1712 2749 1780 priorem
2795 1719 3018 1787 quidem
3065 1740 3095 1778 e
3131 1729 3339 1785 codicis
3391 1738 3566 1789 nostri
3606 1743 3664 1800 >1<
3696 1754 3799 1795 ms.

2230 1800 2333 1855 195
2355 1817 2459 1857 ms.
2482 1804 2694 1875 Grazco,
2717 1813 2863 1881 quod
2884 1829 2915 1868 e
2944 1815 3288 1879 bibliothecae
3314 1825 3588 1885 Vaticana:
3615 1836 3803 1891 codice

2366 1892 2718 1967 desumptum
2745 1914 2991 1971 notatur,
3013 1911 3271 1982 quodque
3300 1914 3532 1985 ipsemet
3567 1937 3598 1977 e
3620 1925 3801 1996 lingua

2222 1980 2408 2039 Graeca
2447 1988 2500 2041 in
2547 1988 2800 2049 Latinam
2843 2003 3134 2069 converti;
3191 2012 3556 2075 posteriorem
3607 2032 3741 2073 vero
3769 2035 3801 2075 e

2220 2092 2387 2147 supra
2408 2096 2713 2141 memorata
2742 2088 2989 2148 Bcllandi
3018 2103 3191 2152 nostri
3225 2102 3466 2161 editione
3495 2123 3591 2163 seu
3616 2113 3799 2180 potius

2220 2184 2252 2225 e
2282 2170 2740 2234 Christianissimi
2770 2184 2912 2254 regis
2945 2187 3308 2248 bibliOtheczr
3331 2170 3664 2266 Medicam-re
3691 2219 3799 2274 quo

2217 2263 2485 2322 adornata
2515 2270 2630 2326 haec
2661 2271 2786 2341 luit,
2826 2280 3039 2345 codire,
3063 2299 3187 2339 cum
3218 2285 3501 2357 Lipomani
3552 2304 3607 2349 et
3655 2295 3799 2355 Surii

2217 2355 2559 2416 editionibus
2582 2365 2800 2421 collato.
2820 2370 2997 2438 Atque
3021 2374 3096 2429 ita
3120 2355 3302 2445 modo,
3324 2386 3513 2451 quanti
3543 2401 3797 2458 qumque,

2217 2465 2342 2519 qum
2369 2451 2753 2525 inveniuntur,
2790 2459 2976 2517 Sancti
3012 2463 3148 2523 Vitae
3181 2471 3418 2541 valeant,
3460 2486 3517 2532 et
3544 2451 3794 2548 quaenam

2215 2555 2277 2598 ex
2304 2544 2457 2601 hisce
2484 2556 2881 2610 commentario
2913 2558 3039 2613 huic
3068 2562 3369 2620 subdendae
3406 2569 3668 2641 sint,jam
3696 2588 3800 2629 ex-

2212 2636 2413 2704 posui;
2445 2640 2545 2693 etsi
2571 2651 2775 2708 autern,
2802 2651 3089 2711 utmonui.
3124 2650 3439 2712 Passionem
3487 2675 3583 2715 seu
3621 2662 3798 2720 Vitam

2210 2725 2403 2785 Sancti
2460 2732 2813 2806 breviorem,
2885 2742 2957 2797 ab
3028 2747 3323 2806 Anastasio
3369 2752 3796 2816 Bibliothecario

2214 2819 2412 2880 Latine
2459 2828 2751 2899 redditam,
2795 2849 2826 2888 e
2863 2834 3163 2894 Mabillnnii
3210 2843 3458 2902 editione
3489 2863 3794 2909 recusurus

2210 2915 2341 2982 sim,
2376 2918 2641 2981 miracula
2666 2935 2872 2991 tamen,
2908 2940 3032 2986 utut
3072 2932 3204 2989 Vita:
3224 2936 3299 2991 illi
3331 2937 3386 2992 in
3422 2941 3526 2996 hac
3546 2946 3793 3014 proxime

2211 3009 2479 3071 subnexa.
2539 3030 2648 3069 non
2682 3018 2782 3073 nisi
2824 3022 2890 3074 ad
2945 3023 3180 3080 duarum
3223 3029 3483 3099 aliarum,
3555 3038 3787 3106 pariter,

2210 3110 2271 3157 ut
2322 3104 2438 3173 jam
2470 3107 2608 3175 dixi,
2660 3111 3027 3179 edendarum,
3063 3119 3270 3176 calcem
3319 3104 3596 3195 adjiciam,
3625 3130 3792 3201 idque

2211 3210 2321 3248 non
2364 3211 2430 3251 ex
2484 3213 2676 3255 eorum
2711 3203 2924 3260 editore
2962 3204 3273 3267 labillonio
3307 3214 3667 3275 Auastasiove
3698 3222 3791 3275 in—

2207 3294 2469 3357 terprete,
2503 3292 2600 3347 sed
2630 3308 2695 3349 ex
2724 3294 2881 3366 ipsis,
2907 3314 2940 3353 e
2961 3302 3165 3371 quibus
3187 3305 3440 3375 primitus
3471 3323 3785 3381 manarunt,

2206 3376 2449 3436 fontibus
2476 3382 2702 3441 Graecis.

2275 3471 2363 3528 18.
2397 3473 2632 3541 Quinam
2664 3480 2719 3534 hi
2748 3481 2878 3548 sint,
2920 3500 3160 3557 expono.
3197 3489 3253 3545 ln
3282 3493 3471 3550 codice
3496 3496 3625 3552 olim
3676 3499 3788 3556 lla-

2204 3567 2436 3623 zarinmo
2452 3586 2616 3640 supra
2643 3575 2946 3645 saepissime
2982 3594 3285 3638 memorato
3313 3595 3424 3642 tres
3444 3589 3674 3646 diverse
3693 3608 3787 3647 su-

2202 3674 2301 3728 pra
2334 3664 2539 3731 pariter
2567 3680 2888 3726 memoratae
2932 3685 3156 3730 exstant
3180 3678 3248 3732 de
3277 3681 3506 3749 patratis
3534 3698 3564 3737 a
3594 3695 3784 3741 sancto

2202 3752 2480 3812 Demetrio
2508 3759 2783 3817 miraculis
2809 3764 3242 3834 lucubrationes,
3282 3787 3515 3842 quarum
3548 3777 3782 3846 primam

2199 3843 2505 3903 elaboravit
2549 3849 2815 3920 Joannes,
2852 3858 3302 3931 archiepiscopus
3338 3843 3782 3925 Thessalonicen-

2201 3933 2301 3997 sis,
2345 3939 2643 3996 secundam
2671 3959 3002 4016 attOuymus,
3025 3951 3120 4019 qui
3147 3953 3312 4021 hujus
3341 3956 3779 4017 lucubrationem

2198 4029 2566 4096 continuavit,
2597 4049 2663 4090 ac
2703 4038 2925 4094 tertiam
2974 4042 3212 4113 denique
3265 4061 3571 4120 auonymus
3616 4052 3778 4119 alter.

2197 4122 2318 4191 qui,
2349 4127 2816 4194 quemadmodum
2849 4133 2905 4188 in
2961 4135 3105 4204 ipso,
3158 4154 3323 4208 quem
3365 4141 3482 4197 hac
3534 4144 3777 4215 prefert,

2199 4214 2358 4270 titulo
2392 4216 2689 4287 indicatur,
2743 4222 2964 4281 diversa
3017 4229 3257 4309 diversis
3320 4239 3661 4304 temporibus
3712 4257 3779 4296 ac

2204 4307 2343 4363 locis
2381 4310 2523 4366 facta
2553 4328 2584 4367 a
2626 4324 2821 4373 sancto
2878 4307 3156 4378 Demetrio
3185 4325 3451 4382 miracula
3490 4328 3545 4385 in
3568 4331 3779 4388 litteras

2192 4402 2365 4459 misit.
2395 4405 2538 4471 Quin
2557 4423 2589 4462 e
2615 4410 2914 4479 miraculis,
2947 4415 3032 4470 vel
3088 4416 3144 4471 in
3174 4417 3405 4476 Joannis
3424 4420 3777 4480 Thessalum-

2195 4499 2399 4563 censis,
2433 4500 2516 4554 vel
2544 4500 2599 4556 in
2629 4504 2886 4575 auonymi
2915 4508 3116 4576 prioris
3153 4510 3535 4573 lucubratione
3580 4534 3776 4574 oecur-

2196 4590 2465 4657 rentibus,
2499 4595 2761 4653 miracula
2795 4597 3029 4671 singula,
3056 4617 3177 4671 quae
3203 4604 3524 4663 Anastasius
3578 4611 3768 4668 biblio~

2200 4679 2480 4738 theearius
2502 4682 2699 4741 Latine
2728 4690 2989 4756 reddidit,
3015 4691 3478 4767 Mabilloniusque
3511 4701 3777 4770 vulgavit,

2198 4772 2458 4841 primitus
2510 4777 2707 4834 hausta
2761 4782 2897 4846 sint.
2952 4784 3321 4843 dubitandum
3376 4796 3465 4846 vix
3515 4805 3775 4863 apparet,

2197 4880 2325 4921 cum
2362 4866 2479 4924 haec
2509 4871 2754 4939 illorum,
2804 4876 3010 4946 quibus
3059 4882 3417 4950 respondent.
3454 4890 3774 4957 compendia

2194 4957 2461 5017 duntaxat
2526 4964 2662 5027 sint,
2711 4967 3113 5040 Auastasioque
3156 4971 3397 5031 Joannes
3425 4976 3772 5036 Thessaloni-

2194 5051 2376 5105 censis
2394 5067 2461 5108 ac
2492 5054 2657 5124 hujus
2686 5059 3040 5117 continuatur
3065 5079 3374 5136 anonymus
3420 5071 3774 5140 antiquitate,

2196 5142 2272 5196 uti
2304 5158 2374 5198 ex
2411 5145 2550 5201 intra
2592 5148 2848 5207 dicendis
2893 5153 3188 5227 intelliges,
3249 5162 3589 5229 praecellant.
3632 5163 3773 5236 Sup-

2194 5235 2433 5300 peditata
2494 5236 2678 5308 itaque
2726 5241 2877 5311 apud
2933 5243 3309 5304 Mabillonium
3366 5251 3437 5306 ab
3480 5235 3775 5309 Anastasio

2194 5325 2626 5387 Bibliothecario
2675 5333 2940 5390 miracula
2975 5351 3007 5390 e
3046 5338 3195 5394 binis
3243 5340 3354 5398 illis
3406 5344 3775 5415 scriptoribus

2194 5422 2264 5477 ad
2304 5422 2544 5480 Vitarum
2581 5428 2745 5485 trium
2772 5446 2869 5487 seu
2933 5433 3257 5493 Passionum
3290 5439 3628 5497 edendarum
3658 5440 3772 5496 cal-

2194 5532 2314 5572 cem
2344 5519 2659 5592 adiungam,
2707 5523 2782 5579 ita
2816 5525 2979 5582 modo
3022 5541 3214 5583 eorum
3248 5530 3660 5589 lucubrationes
3679 5549 3771 5589 seu

2198 5611 2378 5678 potius
2401 5651 2417 5676 ,
2452 5627 2573 5681 quae
2625 5614 2779 5673 hisce
2819 5619 3203 5687 continentur,
3256 5623 3525 5681 miracula
3558 5627 3771 5691 omnia,

2197 5717 2303 5757 una
2361 5718 2485 5759 cum
2545 5712 2826 5779 anonymi,
2883 5713 3001 5779 qui,
3061 5722 3122 5768 ut
3179 5713 3295 5786 jam
3350 5717 3488 5784 dixi,
3560 5717 3705 5775 facta
3745 5735 3771 5773 ρ

2198 5803 2389 5850 sancto
2436 5796 2711 5853 Demetrio
2759 5800 2980 5859 diversa
3035 5803 3280 5862 diversis
3326 5808 3672 5878 temporibus
3710 5822 3773 5862 ac

2196 5883 2333 5940 locis
2363 5887 2627 5947 miracula
2656 5888 2852 5947 litteris
2873 5893 3174 5959 mandavit.
3208 5896 3590 5954 lucubratione
3625 5897 3773 5971 typis
