4142 6380
341 376 482 442 1093

1371 375 1432 436 S.
1475 371 1866 434 DEMETRII
1911 371 2312 431 MAllTYRlS
2352 371 2560 432 ACTA.

3473 379 3610 443 1094

340 493 582 564 primum
617 491 825 561 (neque
855 490 1005 546 enim
1038 490 1333 552 hactenus,
1367 487 1515 558 quod
1537 491 1742 552 sciam,
1772 486 1931 541 edita:
1961 488 2007 545 Α
2034 483 2265 542 Joannis
2297 487 2696 559 archiepiscopi
2753 489 3018 546 industria
3070 491 3287 565 egregie
3323 494 3609 565 incumbit,

344 587 590 655 fuerunt)
657 585 849 640 Graece
917 585 1084 638 simul
1158 592 1215 638 et
1281 582 1473 636 Latine
1549 581 1927 650 subjecturus.

344 680 500 745 Quod
540 688 600 734 ut
631 676 698 732 ad
736 692 947 731 morem
1011 686 1260 731 nostrum
1295 675 1514 736 faciam,
1547 689 1686 744 opus
1754 683 1929 728 totum

345 773 397 826 in
463 783 561 837 tot,
597 780 734 842 quot
789 771 1208 825 lucubrationes
1248 779 1398 832 sunt,
1444 769 1617 822 libros
1656 766 1926 831 diversos,

343 865 434 934 qui
477 877 532 918 et
565 865 668 934 ipsi
708 864 762 916 in
795 863 979 932 capita
1011 876 1077 915 ac
1131 874 1395 914 numeros
1435 857 1598 913 divisi
1650 857 1783 919 siut,
1818 855 1932 910 dis-

349 957 615 1027 linguam.
641 955 1206 1021 annotationibusque
1229 953 1418 1016 etiam,
1443 951 1531 1006 ubi
1557 951 1606 1004 id
1626 962 1929 1019 congruum

350 1049 839 1118 necessariumque
861 1048 1201 1117 judicavero,
1240 1045 1307 1099 ad
1330 1045 1666 1115 singulorum
1688 1042 1930 1112 capitum

349 1141 507 1194 linem
545 1142 798 1209 adjectis,
843 1139 1151 1193 illustrabo.

427 1235 510 1288 l9.
545 1233 744 1287 Verum
780 1248 906 1287 eum
943 1247 1041 1301 per
1083 1231 1250 1284 breve
1303 1238 1540 1300 tempus,
1593 1244 1704 1299 quo
1756 1229 1927 1283 codex

347 1327 474 1381 olim
509 1325 864 1380 Mazarinaaus
893 1339 1058 1392 supra
1091 1323 1397 1392 smpissime
1427 1322 1678 1376 laudatus
1710 1321 1776 1375 ad
1815 1335 1932 1374 ma-

352 1436 484 1472 nmn
516 1419 637 1481 fuit,
674 1433 703 1472 e
741 1417 1046 1478 miraculis,
1085 1430 1206 1481 qua:
1243 1414 1419 1468 tribus
1449 1413 1556 1466 illis
1594 1411 1930 1466 lucubratio-

351 1512 516 1565 nibus
548 1508 1122 1578 comprehenduntur,
1152 1506 1398 1575 quaedam
1431 1505 1701 1559 duntaxat
1723 1505 1933 1574 integra

353 1619 460 1656 una
519 1615 641 1655 cum
693 1601 902 1670 aliqum
969 1599 1198 1652 aliorum
1235 1599 1576 1668 fragmentis,
1615 1597 1934 1651 narratione

353 1696 565 1765 reliqua
621 1695 674 1748 in
731 1693 1126 1762 compendium
1185 1700 1492 1755 contracta,
1526 1690 1840 1744 describere
1868 1705 1934 1743 ex

355 1789 461 1842 hoc
493 1787 731 1853 licuerit,
759 1802 864 1855 qua
899 1787 1112 1840 ratione
1151 1785 1452 1839 editionem
1487 1785 1632 1838 illam
1686 1783 1935 1838 adorna-

353 1891 510 1935 turus
543 1879 671 1943 sim,
711 1877 1099 1947 exponendum
1136 1877 1317 1931 adhttc
1354 1887 1456 1932 est.
1495 1876 1777 1941 Miracnla,
1811 1893 1932 1947 qua:
1968 1907 2010 1962 Β

351 1988 382 2027 e
413 1974 602 2028 codice
626 1959 947 2026 M'azarinaro
976 1970 1188 2040 integra
1210 1971 1495 2035 habemus,
1531 1971 1742 2042 integra
1767 1972 1932 2025 etiam

355 2081 420 2120 ex
472 2066 576 2119 hoc
623 2064 898 2119 dabimus.
949 2063 1099 2118 ldem
1157 2063 1322 2118 etiam
1369 2074 1638 2134 quantum
1697 2064 1764 2118 ad
1825 2064 1935 2117 fra-

349 2168 594 2231 gmenta,
651 2174 774 2228 qua:
832 2174 1005 2228 penes
1054 2174 1155 2213 nos
1224 2173 1292 2213 ex
1343 2159 1538 2212 eodem
1592 2158 1782 2213 codice
1833 2158 1928 2213 de-

350 2252 554 2322 scripta
585 2260 828 2315 exstant,
859 2266 1054 2305 sumus
1088 2250 1280 2304 facturi
1310 2253 1420 2317 ;ita
1444 2261 1649 2314 tamen,
1679 2260 1756 2315 ut,
1787 2255 1932 2321 quod

349 2344 420 2398 ab
452 2344 631 2410 hisce,
667 2353 1004 2412 punctorum
1043 2343 1492 2411 interpositione,
1542 2359 1665 2412 quae
1725 2343 1934 2396 hiatum

352 2437 556 2506 signet,
587 2447 879 2507 propterea
914 2438 1151 2492 subinde
1185 2437 1615 2506 distinguendis,
1645 2453 1676 2492 e
1727 2439 1935 2508 reliqua

354 2532 671 2584 narratione
699 2530 1136 2602 abest,.nosque,
1175 2540 1234 2586 ut
1258 2532 1366 2602 jam
1397 2532 1572 2595 innui,
1607 2534 1937 2602 compendio

355 2619 645 2686 habemus,
685 2621 735 2673 in
797 2620 1262 2677 Adnotationibus
1290 2622 1552 2676 lectorem
1584 2622 1684 2675 sim
1716 2623 1941 2678 edoctu-

355 2725 473 2764 rus.
507 2710 664 2776 Quod
720 2723 904 2765 autem
936 2713 1001 2764 ad
1030 2711 1158 2774 alia,
1216 2727 1338 2780 qua:
1371 2712 1545 2766 tribus
1569 2727 1733 2780 supra
1775 2713 1938 2768 dictis

356 2800 833 2856 lucubrationibus
921 2804 1297 2866 continentur,
1362 2804 1626 2857 miracula
1704 2813 1936 2873 spectat,

359 2909 527 2948 unum
561 2909 624 2948 ex
659 2895 742 2948 his
772 2909 801 2946 e
831 2893 1184 2957 Combeiisio,
1219 2894 1308 2965 qui
1345 2895 1396 2948 id
1434 2896 1486 2948 in
1543 2894 1799 2951 Historia:
1830 2897 1940 2967 By-

355 2989 586 3041 zantina:
637 2999 760 3056 post
804 2985 1198 3057 Theophanem
1238 2989 1620 3059 scriptoribus,
1657 3007 1779 3061 pag.
1834 2991 1939 3046 3H

355 3088 410 3130 et
442 3077 586 3131 binis
618 3093 771 3148 seqq.
800 3096 828 3132 e
851 3079 1042 3133 codice
1075 3078 1399 3134 Mazarinteo
1434 3094 1598 3149 supra
1634 3081 1938 3151 saepissime

356 3168 578 3224 laudato
632 3180 906 3234 recenset,
945 3170 1202 3239 vulgabo,
1261 3171 1469 3242 reliqua
1502 3187 1633 3227 vero
1688 3173 1937 3229 ecodice

2038 581 2139 632 etsi
2195 596 2304 634 non
2359 581 2564 636 desunt
2617 582 2876 654 utrinque
2936 593 3345 656 stratagetnata,
3375 586 3614 658 bellique

2033 669 2279 726 facinora
2316 673 2582 742 praeclare
2614 675 2783 739 edita,
2817 691 2939 746 qua:
2968 677 3109 732 forte
3132 679 3316 732 omnia
3349 678 3451 732 alia
3480 695 3508 732 a
3529 693 3616 734 me

2033 763 2326 816 occasione
2357 773 2524 818 erunt
2564 766 2942 834 producenda,
2969 777 3028 821 ut
3061 777 3116 822 et
3144 769 3333 824 ultima
3363 770 3610 840 ejusdem

2036 857 2190 912 urbis
2223 861 2584 932 expugnatio,
2615 877 2645 916 a
2673 861 2888 918 Joanne
2917 865 3230 934 Anagnosta
3263 868 3481 938 egregie
3511 867 3611 922 de-

2034 949 2256 1018 scripta.
2303 970 2321 1001 ι

2038 1095 2044 1100 _
2105 1038 2198 1093 2!.
2248 1057 2267 1090 α
2301 1040 2398 1094 llic
2433 1057 2562 1097 vero
2596 1044 2934 1111 parcendum
2963 1045 3091 1100 moli
3123 1047 3269 1112 libri,
3308 1062 3400 1116 per
3425 1063 3615 1116 quam,

2036 1145 2105 1185 ne
2144 1143 2299 1187 extra
2330 1145 2500 1190 metas
2529 1137 2828 1206 quidquam
2876 1152 3227 1193 excurrerem
3251 1180 3268 1205 ,
3317 1138 3452 1193 mihi
3501 1140 3616 1208 ipse

2036 1224 2207 1295 legem
2245 1225 2504 1295 imposui,
2535 1238 2592 1282 et
2618 1237 2678 1282 ut
2711 1245 2880 1283 unum
2916 1230 3181 1284 duntaxat
3221 1248 3285 1284 ex
3315 1233 3494 1301 spisso
3527 1233 3620 1286 illo

2035 1332 2202 1387 opere
2241 1319 2590 1387 (Mazax-ineo
2634 1337 2835 1391 nempe
2862 1337 3026 1392 supra
3063 1323 3303 1390 laudato,
3330 1324 3422 1392 qui
3471 1333 3620 1379 totus

2036 1411 2105 1465 de
2133 1421 2322 1466 sancto
2354 1411 2630 1468 Demetrio
2658 1422 2762 1478 est,
2800 1415 2988 1470 codice
3019 1415 3145 1484 ms.)
3180 1426 3346 1487 caput
3374 1417 3623 1487 praeliba—

2036 1519 2176 1568 rem,
2207 1506 2353 1572 quod
2397 1507 2540 1562 hanc
2584 1507 2756 1575 ipsam
2789 1509 2983 1562 excisze
3016 1509 3168 1564 urbis
3213 1509 3621 1565 Thessalonicae

2039 1595 2333 1652 Historiam
2365 1608 2612 1653 extremo
2644 1601 2818 1655 limite
2852 1601 3090 1669 attingit.
3130 1602 3240 1655 Cur
3267 1618 3396 1658 vero
3426 1605 3622 1656 Deme-

2039 1691 2198 1754 trius,
2221 1700 2299 1746 tot
2331 1693 2506 1746 modis
2539 1695 2816 1763 tantisque
2846 1695 3096 1748 hostibus
3119 1695 3248 1750 olim
3277 1707 3494 1750 servata
3521 1712 3620 1752 sua

2038 1784 2281 1848 civitate,
2321 1787 2488 1840 semel
2520 1796 2574 1840 ct
2614 1787 2814 1841 iterum
2860 1803 2888 1840 a
2921 1786 3124 1841 Christi
3157 1789 3408 1842 hostibus
3459 1789 3619 1858 diripi

2039 1876 2249 1942 siverit,
2281 1892 2583 1947 eorumque
2616 1886 2896 1946 postremo
2929 1881 3083 1933 ﬁrma
3115 1880 3462 1950 possessione
3487 1881 3626 1947 juris

2039 1969 2179 2032 ﬁeri,
2213 1970 2320 2026 alta
2361 1969 2454 2026 Dei
2479 1971 2684 2040 judicia
2715 1981 2866 2034 sunt,
2909 1988 2937 2025 a
2970 1972 3169 2040 quibus
3203 1982 3258 2026 et
3307 1973 3466 2027 nobis
3511 1987 3626 2028 me-

2040 2065 2147 2119 rito
2182 2065 2486 2119 timendum
2519 2065 2608 2119 sit.
2647 2083 2665 2114 ›
2720 2065 2799 2118 lta
2843 2072 2946 2126 est.
2974 2066 3171 2118 eximia
3206 2066 3386 2134 plane,
3424 2065 3501 2120 uti
3538 2066 3626 2121 hic

2037 2156 2401 2212 Combeiisius
2430 2158 2634 2222 innuit,
2663 2167 2885 2210 narrata
2922 2171 2950 2209 a
2985 2142 3220 2221 Joanne,
3261 2156 3627 2214 Thessaloni-

2039 2253 2190 2306 censi
2219 2251 2651 2320 archiepiscopo,
2689 2251 3070 2320 scriptoreque
3117 2265 3392 2322 anonymo
3420 2253 3622 2322 priore,

2038 2353 2199 2398 antea
2224 2345 2336 2412 jam
2367 2359 2394 2396 a
2415 2343 2574 2397 nobis
2605 2343 2847 2407 laudato,
2872 2343 2962 2412 qui
2996 2342 3625 2413 hujuslucubrationem

2039 2434 2418 2500 continuavit,
2487 2435 2658 2490 sancti
2728 2434 3016 2501 Demetrii,
3075 2437 3265 2506 majori
3323 2439 3513 2492 saltem
3560 2452 3628 2492 ex

2039 2535 2216 2597 parte,
2249 2536 2377 2580 sunt
2422 2528 2713 2592 miracula,
2760 2527 3138 2597 nonnullaque
3175 2532 3338 2582 etiam
3374 2544 3438 2583 ea
3486 2528 3630 2582 inter

2039 2625 2361 2680 occurrunt,
2384 2632 2527 2686 quae,
2551 2631 2677 2670 cum
2711 2626 2965 2670 sanctum
2998 2617 3332 2673 Demetrium
3363 2621 3627 2684 Avaru,

2042 2708 2360 2764 Selavorum
2389 2710 2733 2780 aliorumque
2761 2708 3120 2764 barbarorum
3152 2711 3440 2766 obsidione
3459 2711 3632 2767 Thes-

2040 2804 2338 2860 salonicam
2378 2805 2586 2858 urbem
2633 2819 2788 2858 suam
2847 2803 3086 2857 natalem
3141 2803 3402 2858 liberasse
3447 2804 3630 2874 perhi-

2040 2898 2227 2963 beant,
2260 2898 2327 2952 ad
2359 2900 2603 2968 gentium
2633 2897 2827 2950 harum
2849 2895 3157 2961 historiam,
3181 2912 3276 2951 seu
3303 2912 3390 2952 res
3410 2897 3631 2953 Graecos

2042 2997 2188 3045 Inter
2219 3001 2274 3045 et
2309 2991 2429 3045 illas
2461 2996 2643 3062 gestas
2694 2991 3067 3056 illustrandas,
3099 3002 3382 3061 utcunque
3423 2995 3632 3048 condu-

2041 3094 2205 3152 cunt;
2240 3101 2360 3155 qua:
2405 3099 2540 3139 sane
2585 3085 2725 3146 sola,
2766 3084 2867 3139 etsi
2905 3084 3150 3154 reliquae,
3200 3101 3322 3154 qua:
3365 3101 3394 3139 a
3440 3086 3628 3141 Sancti

2041 3177 2210 3248 gloria
2248 3186 2532 3246 petuntur,
2562 3177 2803 3232 rationes
2831 3177 3196 3241 deessent,ad
3233 3177 3494 3232 miracula
3537 3179 3627 3233 illa

358 3271 548 3314 nostro
581 3261 794 3330 signato
827 3266 886 3324 ›Ῑ‹
940 3276 1044 3314 ms.
1091 3262 1210 3326 195,
1249 3263 1301 3316 in
1334 3278 1464 3332 quo,
1521 3278 1815 3334 suppresso
1853 3279 1951 3318 au-
1978 3272 2020 3330 (ζ.
2055 3269 2175 3322 luce
2204 3269 2446 3339 publica,
2480 3284 2584 3338 qua
2622 3269 2886 3322 hactenus
2918 3278 3234 3334 caruerunt,
3261 3271 3514 3324 donanda
3538 3272 3630 3326 vix

357 3352 551 3417 eloris,
585 3357 674 3422 qui
737 3350 974 3406 Joannes
1003 3351 1516 3410 Thessalonicensis
1549 3364 1652 3419 est.
1693 3356 1942 3423 nomine,

359 3446 632 3499 habentur
685 3444 880 3514 partim
938 3444 1154 3516 integra
1206 3447 1481 3516 descripta
1512 3451 1941 3518 desumptaque,

358 3547 421 3592 ut
477 3545 717 3603 notatur,
774 3551 806 3590 e
857 3537 1046 3590 codice
1107 3536 1453 3594 bibliothecae
1489 3537 1766 3595 Vaticana:
1814 3541 1942 3608 82l,

359 3631 554 3701 partim
587 3630 642 3683 in
689 3631 1079 3699 compendium
1139 3647 1168 3685 a
1221 3631 1434 3686 Joanne
1493 3633 1782 3688 Stauracio
1845 3650 1946 3704 per

359 3723 665 3777 orationem
745 3720 889 3775 infra
962 3721 1293 3775 laudandam
1380 3732 1940 3797 contracta,atque,

357 3817 437 3869 uti
472 3815 527 3868 in
561 3814 804 3884 margine
836 3813 1108 3884 signatur,
1141 3829 1170 3868 e
1227 3813 1426 3868 Leonis
1461 3815 1640 3868 Allatii
1683 3831 1817 3872 mss.
1849 3833 1944 3872 ac-

359 3914 539 3976 cepta.

432 4004 526 4058 20.
557 4004 630 4061 Ut
656 4019 845 4075 porro,
875 4019 996 4075 qua:
1030 4018 1140 4056 non
1169 4019 1388 4073 parum,
1431 4012 1491 4056 ut
1546 4002 1808 4057 miracula
1855 4002 1946 4058 illa

360 4096 602 4159 ederem,
678 4096 1031 4161 contulerint,
1099 4094 1361 4148 lectorem
1422 4091 1583 4147 modo
1655 4093 1944 4158 edoceam,

359 4187 727 4244 Combeﬁsius
773 4187 954 4255 Operis
990 4202 1113 4240 mox
1140 4185 1291 4240 citati
1329 4200 1450 4255 pag.
1485 4185 1612 4242 5H.
1646 4186 1699 4238 in
1742 4184 1947 4240 Praela-

364 4280 531 4346 tione,
561 4295 722 4349 quam
775 4277 1003 4332 Joannis
1061 4275 1394 4331 Cameuiata:
1425 4275 1493 4329 de
1537 4274 1946 4330 Thessalonica:

361 4388 463 4442 per
503 4373 782 4442 Agarcnos
811 4385 956 4424 anno
1005 4370 1109 4423 904
1171 4369 1390 4423 excidio
1443 4365 1754 4422 Narrationi
1809 4384 1948 4438 pra:-

363 4464 556 4527 tnitt't,
593 4471 911 4530 sequentem
965 4460 1020 4514 in
1072 4459 1316 4523 modum,
1352 4457 1474 4512 aliis
1505 4467 1632 4511 ante
1665 4457 1945 4514 nonnullis

365 4554 642 4615 adductis,
681 4553 958 4621 loquitur:
1000 4571 1018 4603 ‹
1057 4551 1188 4604 Erat
1247 4549 1416 4614 aliud,
1466 4549 1610 4618 quod
1649 4563 1944 4603 succurre-

361 4647 458 4705 bat
521 4649 575 4701 in
635 4645 1050 4704 Thessalonica,
1113 4642 1327 4712 imperii
1386 4656 1483 4710 per
1524 4641 1638 4695 lJth
1673 4623 2023 4709 tempora,D

365 4743 595 4811 ipsaque
661 4739 936 4792 anteriora
987 4735 1184 4801 ocello,
1241 4735 1607 4804 secundaeque
1663 4732 1948 4803 dignitatis

365 4836 591 4890 civitate
627 4835 693 4888 ab
725 4833 841 4901 ipsa
874 4833 1218 4901 imperante;
1257 4839 1317 4886 ut
1347 4831 1611 4884 nimirum
1647 4837 1796 4882 tanta
1856 4826 1947 4881 illa

367 4929 542 4984 Sancti
596 4927 845 4990 Joannis,
909 4924 1428 4980 Thessalonicensis
1510 4919 1946 4990 archiepiscopi.

366 5021 684 5077 Justiuiano
732 5017 925 5084 Magno
978 5016 1352 5087 MauriciOque
1406 5013 1857 5084 imperatoribus,
1896 5013 1947 5066 in

369 5129 473 5166 suo
540 5111 814 5166 Demetrio
876 5109 1211 5180 proferrem,
1278 5108 1648 5176 deincepsque
1701 5105 1804 5158 alia
1857 5119 1947 5160 se-

367 5206 514 5258 cutis
571 5203 912 5274 temporibus
951 5200 1060 5256 alio
1111 5211 1340 5256 auctore
1393 5200 1685 5268 producta,
1746 5197 1948 5265 quibus

371 5312 477 5349 non
503 5296 671 5349 semel
690 5302 898 5350 tentata
925 5294 1143 5358 civitas,
1177 5294 1296 5363 ipso
1314 5289 1645 5360 quandoque
1663 5286 1944 5358 Chagano,

369 5388 472 5456 ipsi
511 5387 774 5441 Mauricio
807 5383 1337 5440 formidulosissima
1357 5382 1540 5446 hoste,
1565 5379 1716 5433 omni
1746 5387 1945 5433 conatu

364 5477 807 5547 auxiliorumque
873 5476 1030 5545 copia
1109 5473 1419 5539 obsidente,
1495 5472 1680 5527 divina
1738 5471 1945 5541 potius,

366 5587 528 5642 quam
567 5571 806 5626 humana
843 5585 947 5640 cpe
983 5569 1211 5624 liberata
1235 5575 1341 5631 est,
1373 5565 1580 5636 apertis
1620 5563 1795 5636 Magni
1841 5563 1946 5617 Deo

368 5663 551 5718 metrii
594 5664 872 5719 miraculis
921 5663 1040 5732 ejus
1091 5659 1350 5732 generis;
1403 5668 1464 5714 ut
1495 5673 1594 5714 nec
1620 5657 1951 5727 pervicacis.

370 5756 496 5809 simi
534 5755 877 5826 maximeque
937 5753 1207 5810 increduli
1265 5751 1427 5806 lidem
1486 5749 1642 5804 facile
1704 5750 1951 5802 abnuere

371 5847 621 5917 possint;
677 5864 840 5920 quam
896 5851 952 5904 in
1005 5864 1119 5903 rem
1183 5844 1388 5900 laudati
1453 5843 1560 5900 viri
1618 5839 1948 5896 sanctissimi

2049 3375 2159 3413 non
2194 3375 2281 3412 me
2328 3359 2675 3422 movissent,
2717 3358 2819 3413 etsi
2872 3359 3090 3413 interim
3143 3361 3408 3415 nonnulla
3463 3365 3630 3416 etiam

2047 3453 2234 3506 minus
2264 3451 2494 3506 illustria
2526 3451 2626 3506 sibi
2661 3451 2895 3504 habeant
2929 3451 3194 3504 admista.
3231 3453 3299 3506 At
3326 3467 3457 3506 vero
3486 3455 3632 3523 quod

2046 3553 2257 3614 spectat
2287 3543 2351 3598 ad
2385 3547 2558 3597 sancti
2588 3542 3031 3612 sanctissimique
3058 3544 3159 3597 viri
3199 3527 3406 3610 titulos,
3433 3547 3634 3615 quibus

2043 3637 2335 3702 Joannem,
2372 3635 2918 3692 Thessalonicensem
2951 3637 3444 3707 archiepiscopum,
3471 3641 3634 3695 Com-

2046 3729 2273 3784 belisius
2309 3730 2428 3784 loco
2456 3729 2786 3799 transcripto
2815 3731 3167 3794 condecorat.
3200 3731 3346 3786 hunc
3367 3747 3469 3802 ego
3494 3749 3634 3801 prm-

2046 3821 2223 3876 sulem
2255 3821 2420 3875 nullis
2465 3836 2690 3891 prorsus
2725 3821 2885 3876 fastis
2933 3824 3105 3876 sacris
3142 3823 3488 3892 inscriptum,
3519 3826 3633 3879 cul-

2047 3925 2176 3969 tuve
2215 3915 2590 3968 ecclesiastico
2637 3917 2754 3968 sive
2787 3929 2815 3966 a
2851 3913 3055 3968 Graecis
3079 3917 3194 3968 sive
3230 3930 3257 3966 a
3291 3915 3502 3968 Latinis
3535 3917 3633 3970 ho-

2047 4014 2301 4059 noratum
2333 4005 2572 4059 invenio.
2612 4002 2794 4069 Quare
2827 4019 2952 4074 ego,
2991 4005 3092 4059 etsi
3125 4003 3289 4057 etiam
3322 4019 3473 4058 more
3502 4005 3631 4058 olim

2047 4107 2272 4166 recepto
2302 4095 2592 4166 episc0pos
2634 4110 2848 4158 omnes,
2898 4105 3010 4148 tum
3059 4093 3387 4159 defunctos,
3426 4105 3538 4150 tum
3575 4096 3630 4150 in

2046 4189 2187 4244 vivis
2219 4189 2400 4244 adhuc
2427 4187 2774 4253 superstites,
2804 4188 3028 4242 honoris
3052 4203 3212 4242 causa
3243 4204 3338 4243 seu
3366 4205 3462 4258 per
3489 4191 3630 4244 tituli

2048 4282 2327 4337 honorarii
2371 4281 2590 4336 modum
2636 4293 2858 4336 sanctos
2901 4281 3071 4335 fuisse
3113 4282 3435 4351 appellatos,
3485 4298 3634 4336 com-

2045 4384 2266 4445 pertum
2291 4375 2546 4438 habeam,
2571 4374 2795 4444 ipseque
2824 4374 3008 4437 etiam,
3032 4373 3098 4427 de
3127 4389 3235 4442 quo
3258 4373 3366 4433 hic.
3391 4373 3635 4428 Joannes

2046 4465 2552 4521 Thessalonicensis
2587 4467 2639 4520 in
2674 4467 2982 4535 titulis,qtli
3017 4466 3492 4521 lucubrationibus
3516 4469 3634 4538 ejus

2047 4556 2101 4610 in
2139 4558 2328 4613 codice
2363 4558 2492 4612 olim
2544 4558 2864 4612 Mazarinaeo
2898 4559 3325 4628 praemittuntur,
3356 4564 3530 4616 sancti
3565 4561 3634 4615 ti-

2052 4653 2167 4708 tulo
2198 4653 2320 4722 plus
2365 4652 2534 4706 semel
2585 4651 2875 4714 atiieiatur,
2918 4650 2985 4704 ad
3042 4650 3359 4706 Comhetisii
3415 4664 3632 4717 tamen,

2053 4741 2144 4810 qui
2196 4755 2406 4794 merent
2467 4739 2615 4792 illum
2664 4739 2863 4792 ibidem
2897 4751 3178 4808 spectasse
3233 4756 3344 4793 non
3397 4742 3633 4806 videtur,

2051 4836 2361 4902 exemplum
2397 4829 2592 4888 Joanui
2633 4831 3115 4886 Thessalonicensi
3171 4833 3475 4887 attribuere
3508 4846 3637 4886 san-

2053 4924 2127 4980 cti
2161 4923 2564 4979 sanctissiinive
2593 4923 2692 4976 viri
2729 4923 2942 4976 titulum
2979 4938 3088 4976 non
3122 4923 3320 4976 ausim.

2125 5017 2214 5071 22.
2252 5015 2474 5081 Verum,
2516 5015 2620 5070 etsi
2652 5030 2739 5069 res
2783 5016 2854 5068 ita
2896 5015 3115 5075 habeat.
3149 5029 3177 5067 a
3214 5015 3416 5066 virtute
3453 5021 3635 5067 tamen

2056 5109 2291 5178 vitaeque
2323 5108 2593 5178 probitate
2620 5107 2918 5176 plurimum
2959 5107 3046 5158 hic
3079 5104 3316 5173 scriptor
3349 5119 3635 5157 commen-

2055 5203 2241 5265 datur,
2270 5211 2326 5255 ut
2357 5216 2488 5256 sane
2524 5201 2576 5253 in
2609 5199 2896 5252 narrandis
2927 5196 2991 5250 iis
3027 5210 3148 5263 qua:
3174 5205 3334 5248 aetate
3361 5211 3455 5248 sua
3485 5205 3634 5266 gesta

2055 5301 2204 5355 sunt,
2239 5306 2468 5360 quaeque
2499 5290 2580 5343 vel
2618 5289 2851 5357 ipsemet
2885 5286 3037 5348 vidit,
3070 5285 3153 5338 vel
3196 5300 3226 5339 e
3252 5285 3385 5339 viris
3413 5286 3516 5340 ﬁde
3553 5287 3638 5340 di-

2056 5384 2199 5453 gnis,
2218 5383 2416 5452 quibus
2449 5382 2698 5451 apprime
2725 5388 3005 5448 comperta
3040 5386 3220 5442 erant,
3243 5377 3452 5442 didicit,
3476 5378 3636 5432 [idem

2055 5475 2324 5542 integram
2378 5481 2689 5537 mereatur,
2750 5471 2821 5524 ita
2855 5481 3060 5533 autem,
3110 5469 3213 5524 etsi
3268 5485 3376 5522 non
3429 5470 3635 5532 omnia,

2062 5567 2321 5637 pleraque
2350 5573 2553 5626 tatnen,
2579 5579 2700 5633 qua:
2727 5563 2900 5618 sancti
2931 5561 3187 5616 Demetrii
3207 5564 3407 5617 virtute
3428 5569 3639 5632 patrata

2063 5659 2254 5719 refert,
2280 5656 2538 5709 miracula
2569 5657 2847 5725 explorata
2877 5655 3084 5708 habuit.
3103 5655 3266 5718 Audi,
3291 5655 3383 5725 qui
3407 5654 3640 5725 ipsemet

2062 5748 2117 5802 in
2144 5760 2306 5816 supra
2342 5746 2463 5816 plus
2495 5747 2665 5801 semel
2697 5754 3019 5811 memorata,
3051 5762 3212 5817 quam
3259 5747 3538 5802 miraculis
3559 5787 3572 5812 ,
3607 5761 3640 5801 a

2070 5857 2130 5898 se
2167 5839 2425 5905 narratis,
2459 5838 2720 5909 praemisit
2750 5879 2764 5905 ,
2803 5841 3051 5896 oratione
3084 5841 3410 5918 panegyrica
3437 5853 3652 5914 ορμον-⁸
