4142 6380
415 336 550 403 1097

1455 354 1514 417 S.
1550 355 1931 421 DEMETRII
1968 363 2369 429 MARTYRIS
2408 369 2616 433 ACTA.

3514 387 3647 455 1099

410 471 561 520 nllm,
599 455 667 510 ad
696 454 858 526 hujus
887 458 1087 514 calcem
1118 460 1454 531 adjectarum
1493 468 1668 536 prima
1734 487 1855 545 pag.
1892 475 1980 543 10,
2014 498 2052 553 Α
2086 481 2228 548 aliis,
2266 498 2385 554 quae
2433 488 2517 540 vel
2551 487 2609 541 in
2651 488 2769 557 ipso
2803 490 2965 560 hujus
3000 495 3388 560 Commentarii
3414 508 3645 567 decursu

406 565 527 605 sese
545 550 825 618 dubitare,
856 567 925 605 an
961 552 1274 610 lucubratio
1306 555 1397 611 illa
1442 561 1584 616 edita
1620 579 1728 618 non
1756 567 1849 633 sit,
1885 570 1981 623 de-

404 635 598 701 clarat,
630 652 696 715 eo
737 638 1149 696 verosimillime
1179 643 1471 712 adductus,
1506 652 1650 719 quod
1682 654 1802 723 ejus
1858 673 1981 725 par-

403 738 511 782 tem
547 744 576 781 a
606 714 790 783 Leone
821 730 1020 786 Allatio
1052 732 1107 786 in
1139 732 1297 792 Notis
1323 738 1392 794 ad
1426 714 1758 813 Acropolitie
1786 714 1976 805 Histo-

401 819 538 872 Iiam
557 819 754 873 editam
781 821 1022 891 legisset,
1051 826 1390 899 confusaque
1417 831 1682 888 duntaxat
1713 838 1788 893 rei
1812 839 1975 910 hujus

400 910 765 965 meminisset.
809 912 972 968 Certe
1003 930 1102 986 ego
1158 917 1300 974 istud
1341 925 1668 991 opusculum
1719 930 1856 998 typis
1892 932 1975 983 in-

396 1009 610 1071 tegrum
636 1003 843 1058 editum
880 1003 1074 1069 fuisse,
1109 1010 1353 1064 nondum
1387 1017 1670 1085 comperi;
1707 1020 1850 1086 quod
1884 1021 1972 1075 hic

396 1100 617 1146 notasse
642 1094 1064 1171 sufficiatrEjus
1103 1112 1295 1152 auctor
1327 1104 1526 1158 smculo
1554 1110 1717 1162 tertio
1755 1108 1969 1164 decimo

394 1184 809 1241 verosimillime
860 1186 1065 1243 ﬂoruit.
1122 1191 1342 1246 Etenim
1409 1210 1521 1250 non
1578 1208 1788 1254 tantum
1853 1203 1966 1258 fere

395 1277 605 1339 omnia,
661 1289 783 1344 quzr
842 1276 1086 1334 Joannes
1132 1279 1645 1344 Thessalonicensis
1696 1292 1969 1362 archiepi-

346 1400 350 1404 -
396 1379 618 1436 scopus,
649 1368 867 1438 duoque
900 1373 1193 1441 scriptores
1228 1380 1510 1448 anonymi,
1575 1381 1735 1452 typis,
1768 1392 1825 1438 ut
1882 1386 1965 1439 di-

388 1467 558 1519 ctum,
585 1460 801 1527 edendi,
857 1467 1132 1519 memoriae
1169 1469 1425 1533 produnt,
1452 1472 1709 1526 miracula
1771 1476 1959 1544 refert,

388 1563 573 1601 verum
595 1551 758 1604 etiam
786 1553 889 1606 alia
908 1556 1193 1620 nonnulla,
1229 1568 1289 1611 ut
1315 1560 1516 1616 litteris
1544 1566 1956 1627 commendare,

386 1641 650 1709 quidquid
683 1643 1069 1699 miraculorum
1102 1648 1167 1702 ad
1226 1665 1378 1704 suam
1433 1668 1606 1723 usque
1650 1666 1865 1711 aatatem
1926 1673 1955 1712 a

385 1743 575 1788 sancto
606 1732 881 1790 Demetrio
915 1747 1125 1809 gestum
1179 1740 1391 1807 fuisset,
1428 1760 1627 1815 scopus
1672 1749 1795 1817 ejus
1854 1764 1954 1802 ex-

2083 570 2202 622 usui
2229 581 2503 643 utcunque
2533 588 2717 645 erunt,
2747 583 2832 636 vel
2860 595 3010 639 certe
3041 588 3181 643 inter
3223 608 3389 665 supra
3420 615 3640 658 enume-

2080 669 2227 715 ratas
2283 665 2351 719 de
2404 679 2595 723 sancto
2638 671 2918 730 Demetrio
2979 682 3148 735 variis
3206 700 3236 738 e
3296 688 3644 750 bibliothecis

2078 754 2468 812 auctoribusve
2520 762 2930 823 lucubrationes
2959 786 3335 844 recensentur,
3381 789 3642 840 nonnulla

2076 843 2257 899 adhuc
2282 849 2577 915 proferam.
2608 852 2903 921 Orationis,
2930 861 3093 919 Leoni
3112 868 3376 936 Sapienti,
3394 885 3452 928 ut
3478 893 3640 947 supra

2073 932 2254 996 docui,
2287 938 2667 1009 attribuendae,
2703 948 2858 1015 cujus
2893 950 3107 1008 initium
3137 932 3431 1031 est,'E',ai;6
3460 932 3641 1038 σωξή-

2076 1040 2187 1093 ριος
2217 1024 2539 1098 λόγος,ρτιι·ε
2593 1038 2887 1105 quzepiam,
2927 1056 2958 1096 e
2992 1046 3182 1102 codice
3232 1024 3639 1112 oliiiiualazari-

2070 1129 2190 1168 naeo
2220 1117 2515 1189 descripta,
2545 1139 2710 1192 penes
2736 1143 2836 1181 nos
2865 1142 3066 1199 exstat,
3106 1137 3331 1210 haecque
3359 1162 3463 1200 una
3512 1167 3635 1206 cum

2068 1204 2248 1268 titulo,
2307 1223 2470 1276 quem
2533 1212 3009 1275 htcubratiuncula
3062 1225 3165 1282 ista
3219 1204 3457 1301 prafert,
3515 1204 3635 1296 usui

2065 1297 2431 1367 qualicunque
2486 1303 2539 1357 in
2579 1306 2976 1368 Commentarii
3013 1297 3247 1375 decursu
3279 1327 3404 1386 erit.
3445 1297 3534 1386 tuti
3579 1345 3636 1388 et

2070 1384 2385 1443 inchoatum
2410 1391 2561 1448 hisce
2580 1398 2779 1460 verbis.
2794 1402 3030 1475 Μνήμην
3047 1408 3294 1477 δικαίων,
3310 1384 3450 1484 quod
3470 1384 3632 1477 etiam

2062 1475 2324 1542 Joannes,
2383 1483 2891 1548 Thessalonicensis
2947 1501 3400 1576 archiepiscopus
3448 1518 3632 1584 sapis-

2061 1564 2199 1622 sime
2231 1570 2499 1641 laudatus,
2535 1587 2840 1648 contexuit,
2866 1592 3039 1643 sancti
3073 1592 3332 1652 Demetrii
3362 1564 3625 1672 elogitim,

2060 1659 2220 1727 cujus
2247 1662 2450 1732 aliquot
2500 1685 2668 1737 penes
2723 1689 2818 1729 nos
2850 1679 3013 1733 etiam
3049 1694 3265 1741 exstant
3304 1691 3625 1766 fragmenta,

2063 1762 2128 1801 ex
2163 1754 2351 1807 eodem
2378 1760 2569 1815 codice
2600 1764 2729 1817 olim
2752 1765 3075 1826 Mazarinaeo
3099 1754 3622 1860 paritertlescripta:

2938 1821 3071 1826 νη---
3099 1821 3294 1844 ιν--ι-ιιι
3321 1821 3499 1841 υυουιι
3551 1821 3622 1846 lil-

386 1821 595 1875 Stitisse
628 1822 901 1880 videatur.
936 1826 1301 1899 Quapropter,
1352 1848 1474 1887 eum
1512 1838 1769 1891 miracula
1803 1856 1959 1908 pror-
1990 1848 2033 1904 Β
2061 1844 2262 1901 Adhaec
2290 1847 2345 1907 in
2377 1852 2564 1908 codice
2590 1868 2777 1913 nostro
2820 1860 2859 1930 σι-
2897 1878 2998 1917 ms.
3034 1866 3135 1921 193
3165 1873 3445 1944 diﬂ‘usum,
3479 1821 3624 1951 qluod

386 1928 477 1951 ,ηις
513 1913 654 1951 mm,
707 1917 1085 1951 αωοηιηοο-ιεη
1110 1920 1320 1951 tim-lum
1345 1927 1647 1951 n-~-n-=---
1720 1945 1923 1951 μηθ’
2063 1933 2099 1951 ⁸
2273 1940 2284 1951 '
2367 1942 2401 1951 "

385 1928 478 1965 sus
513 1913 679 1980 nulla,
707 1917 904 1971 saeculo
924 1920 1086 1973 tertio
1109 1920 1321 1977 decimo
1345 1927 1674 1994 posteriora,
1715 1945 1956 1987 commeo

382 2014 576 2068 morct,
608 2005 695 2059 vix
733 2016 837 2071 est,
873 2007 1001 2078 quin
1039 2011 1141 2067 hoc
1188 2014 1381 2070 eodem
1437 2021 1634 2072 saeculo
1683 2020 1951 2087 ﬂoruerit,

382 2111 578 2163 caque,
623 2112 743 2167 quae
820 2110 1027 2169 narrat,
1065 2103 1119 2158 in
1154 2104 1365 2161 litteras
1398 2110 1633 2175 miserit,
1669 2112 1949 2185 ambigen-

380 2185 536 2239 dum.

450 2277 539 2332 27.
568 2276 725 2334 Licet
750 2295 938 2351 porro,
971 2295 1031 2340 ut
1059 2286 1127 2341 de
1163 2288 1453 2359 scriptoris
1489 2293 1592 2348 fide
1606 2295 1716 2363 jam
1747 2296 1948 2359 dicam.

379 2367 434 2420 in
476 2370 763 2427 narrandis
797 2372 864 2429 iis
901 2390 1021 2444 quae
1073 2379 1264 2446 procul
1313 2380 1606 2437 admodum
1661 2385 1730 2441 ab
1790 2396 1949 2442 aetate

377 2472 475 2513 sua
516 2473 667 2531 gesta
694 2472 844 2527 sunt,
904 2466 1066 2522 fidem
1099 2478 1304 2524 certam
1342 2480 1508 2542 atque
1559 2476 1947 2546 indubitatam,

379 2553 615 2607 maxime
643 2569 763 2609 cum
793 2570 823 2609 a
851 2556 1086 2625 Joanne,
1158 2558 1638 2620 Thessalonicensi
1678 2570 1948 2640 archiepi-

376 2656 565 2710 scopo,
644 2645 876 2717 aliisque
931 2650 1298 2718 scriptoribus
1362 2656 1788 2725 antiquioribus.
1868 2664 1945 2717 uti

374 2734 605 2791 subinde
658 2737 736 2801 fit,
794 2740 1235 2807 dissonat,'sola
1292 2759 1389 2801 sua
1451 2751 1779 2807 auctoritate
1833 2770 1944 2809 non

370 2836 675 2893 mereatur,
719 2844 829 2885 non
866 2842 951 2887 est
985 2842 1190 2899 tamen,
1248 2852 1346 2892 cur
1376 2838 1427 2891 in
1460 2840 1526 2894 iis
1558 2857 1677 2910 quae
1711 2844 1792 2898 vel
1831 2846 1942 2909 ipsa

374 2917 492 2983 ejus
522 2927 682 2973 :etate
710 2921 797 2975 vel
830 2922 1016 2977 minus
1045 2924 1114 2978 ab
1139 2924 1242 2981 hac
1278 2938 1486 2982 remote
1517 2946 1772 2995 evenere,
1810 2934 1944 2990 ﬁdes

373 3009 447 3072 ei,
477 3007 580 3063 nisi
623 3010 764 3065 ratio
817 3012 1041 3069 aliunde
1089 3016 1257 3085 petita
1304 3017 1356 3071 id
1410 3020 1661 3087 suadeat,
1701 3022 1940 3095 denege-

376 3106 485 3162 tur,
518 3103 823 3170 praesertim
860 3104 904 3158 si
936 3119 998 3158 ea
1022 3122 1142 3175 quae
1173 3120 1442 3164 memorat
1467 3111 1577 3167 sint
1602 3114 1936 3183 hujusmodi,

373 3198 436 3242 ut
460 3191 709 3262 apprime
739 3194 814 3257 ei,
845 3195 1024 3265 qualia
1057 3211 1188 3252 sane
1224 3207 1377 3265 sunt,
1408 3215 1531 3271 qua:
1563 3202 1630 3259 de
1657 3175 1938 3273 unguento
1965 3175 2009 3232 ε

373 3296 404 3335 e
432 3284 606 3339 sancti
641 3285 901 3341 Demetrii
946 3294 1043 3343 ‘scu
1096 3290 1308 3345 tumulo
1359 3308 1457 3348 seu
1488 3309 1718 3366 corpore
1753 3310 1936 3353 scatu-

372 3374 550 3429 riente
585 3377 769 3442 tradit,
798 3381 1080 3448 potuerint
1131 3396 1252 3436 esse
1283 3396 1591 3455 perspecta.
1626 3388 1706 3442 Ad
1745 3390 1937 3444 Deme-

369 3467 535 3521 trium
567 3467 946 3540 Chrysoloram
976 3473 1087 3541 jam
1126 3476 1309 3529 venio.
1364 3476 1461 3531 Hic
1514 3479 1768 3550 scriptor,
1822 3483 1937 3551 qui,

365 3559 822 3628 quemadmodum
859 3563 912 3616 in
945 3563 1157 3634 adjecta
1190 3568 1255 3621 ad
1283 3566 1608 3638 Scriptorum
1633 3572 1939 3628 ecclesiasti-

363 3647 545 3705 carum
568 3651 821 3708 Historia!
842 3666 1055 3725 partem
1092 3674 1105 3711 l
1132 3656 1450 3731 Appendice
1478 3679 1599 3735 pag.
1628 3666 1685 3718 7t
1712 3665 1937 3721 Guiliel-

364 3757 485 3797 mus
505 3744 720 3800 Caveus
747 3747 928 3811 docet,
949 3749 1091 3804 circa
1115 3767 1318 3806 annum
1345 3753 1482 3808 1450
1503 3758 1722 3821 claruit,
1738 3770 1937 3828 praeter

364 3837 649 3904 opuscula,
695 3838 899 3894 ibidem
940 3856 969 3895 a
998 3841 1179 3898 Caveo
1214 3847 1411 3915 partim
1442 3851 1737 3912 recensita.
1796 3853 1931 3907 scri-

364 3927 473 3996 psit
521 3930 715 3982 etiam,
748 3930 1008 3987 idiomatc
1062 3933 1255 3991 Graeco
1296 3938 1363 3993 de
1416 3949 1610 3993 sancto
1660 3941 1934 3998 Demetrio

361 4020 686 4074 orationem.
727 4022 1230 4082 Lucubratiuncnla
1264 4029 1399 4094 haec,
1432 4046 1551 4098 quae
1586 4032 1933 4090 bibliotheca:

361 4113 629 4169 Medicam
666 4118 840 4171 sancti
895 4117 1175 4175 Laurentii
1226 4122 1411 4189 pluteo
1459 4125 1695 4188 decimo,
1743 4127 1933 4182 codice

359 4205 427 4257 15
460 4222 489 4259 a
518 4206 613 4261 fol.
663 4208 722 4263 tl
762 4209 976 4280 integra
1006 4213 1322 4280 exhibetur,
1373 4215 1508 4269 duas
1539 4228 1725 4285 partes
1778 4233 1930 4274 com-

360 4298 635 4364 plectitur,
672 4317 903 4371 quarum
937 4304 1107 4358 altera
1145 4308 1537 4362 encomiastice
1566 4307 1751 4363 Sancti
1784 4326 1930 4363 mar-

359 4388 559 4456 tyrium
597 4391 823 4461 ejusque
884 4395 1139 4459 adjuncta
1198 4407 1570 4465 exponuntur,
1638 4400 1808 4454 altera
1860 4403 1927 4457 de

354 4476 689 4545 prodigiosa,
713 4482 858 4549 quod
884 4499 913 4538 e
936 4486 1149 4540 tumulo
1169 4486 1289 4555 ejus
1313 4487 1502 4551 stillat,
1524 4502 1618 4543 seu
1650 4501 1927 4560 unguento

355 4582 451 4621 seu
468 4570 589 4623 oleo
610 4581 896 4628 tractatur.
922 4574 1312 4644 Posteriorem,
1334 4595 1455 4650 qua:
1475 4597 1583 4635 non
1611 4583 1738 4647 alia,
1761 4600 1922 4655 quam

356 4676 476 4729 qua:
506 4673 697 4719 auctor
723 4669 931 4736 optime
961 4670 1239 4739 explorata
1267 4675 1682 4732 verosimillime
1712 4677 1924 4743 habuit,

351 4755 685 4822 suppeditat,
721 4759 1009 4830 locumque
1067 4763 1297 4832 proinde
1354 4765 1498 4822 inter
1556 4769 1838 4839 Analecta,
1895 4789 1925 4828 a

350 4846 534 4908 nobis.
564 4855 626 4900 ut
656 4849 884 4915 dictum,
917 4852 1153 4919 edenda,
1213 4867 1517 4917 merentur.
1569 4876 1599 4915 e
1649 4862 1795 4918 dicto
1834 4864 1921 4917 hi-

350 4935 640 4992 bliothecte
694 4938 964 4996 Medicam:
1016 4946 1204 5001 codiCe.
1260 4948 1590 5019 descriptam
1633 4953 1919 5010 habemus.

350 5026 598 5083 Priorem
672 5040 854 5086 autem
914 5050 1024 5089 non
1087 5039 1261 5106 item;
1331 5056 1508 5111 neque
1564 5058 1716 5108 vero,
1771 5060 1917 5110 cum,

349 5130 597 5189 spectata
629 5138 735 5193 qua
768 5135 960 5181 auctor
990 5125 1174 5185 ﬂoruit
1204 5140 1387 5199 aztate,
1427 5134 1633 5189 nullum
1693 5152 1920 5204 prorsus

348 5212 537 5277 rebus,
600 5230 736 5283 quas
807 5218 876 5273 de
926 5218 1198 5276 Demetrio
1244 5236 1659 5288 commemorat,
1707 5231 1922 5298 pondus

345 5318 514 5376 queat
561 5309 886 5382 adjuugere,
921 5316 1280 5371 vehementer
1326 5318 1473 5372 illam
1507 5319 1919 5379 desideramus.
1954 5355 1959 5361 ο

419 5400 510 5455 28.
557 5406 737 5473 Atque
774 5405 847 5459 ita
880 5407 1063 5470 modo,
1111 5424 1221 5463 non
1266 5418 1476 5467 tantum
1512 5429 1632 5484 quae
1667 5415 1917 5486 integrae,

347 5509 538 5550 verum
568 5496 733 5551 etiam
783 5514 905 5567 qua:
954 5514 1019 5553 ex
1052 5511 1205 5570 parte
1240 5514 1475 5569 tantum,
1514 5517 1812 5564 tractantes
1851 5510 1918 5564 de

346 5597 539 5639 sancto
565 5586 840 5641 Demetrio
877 5588 1068 5657 ejusve
1103 5591 1380 5648 miraculis
1404 5595 1814 5652 lucubrationes
1851 5599 1918 5651 ad

348 5675 736 5731 Commentarii
776 5678 942 5749 hujus
976 5682 1183 5736 calcem
1235 5684 1462 5740 edenda:
1508 5688 1641 5755 sint,
1678 5689 1788 5759 jam
1821 5706 1918 5745 ex-

343 5771 523 5840 posui.
583 5770 867 5843 Superest,
931 5785 991 5830 ut
1055 5776 1122 5831 de
1180 5777 1657 5838 lucubrationibus
1707 5786 1918 5855 aliquot

663 5872 939 5933 Paraon.
972 5872 1087 5935 Gn.
1122 5874 1337 5939 CXVI.

2060 1933 2323 2006 Gregorio
2347 1942 2580 1999 diacono
2608 1963 2670 2002 ac
2702 1952 3072 2010 relerendario
3095 1965 3409 2033 ascribitur,
3439 1933 3623 2030 Sancti

2056 2026 2403 2098 Encomium,
2449 2051 2556 2089 non
2594 2048 2803 2096 tantum
2832 2060 2894 2098 ex
2930 2059 3102 2117 parte,
3143 2057 3239 2109 sed
3286 2058 3558 2133 integrum
3594 2086 3624 2123 a

2054 2133 2178 2215 pag.
2236 2123 2339 2179 100
2399 2131 2666 2197 usquead
2726 2148 2847 2204 pag.
2910 2139 3013 2192 106
3043 2158 3254 2201 versam
3312 2123 3621 2215 exhibetur.

2057 2209 2255 2267 Verum
2317 2216 2625 2276 lucubratio
2682 2223 2872 2283 istha-c
2906 2233 3037 2286 nulli
3073 2252 3296 2305 prorsus
3329 2251 3451 2302 usui
3502 2265 3622 2307 esse

2053 2313 2256 2370 potest,
2292 2308 2492 2378 ediqne
2528 2315 2757 2382 proinde
2793 2335 2901 2374 non
2940 2340 3197 2385 meretur.
3232 2333 3430 2391 Praeter
3469 2343 3615 2397 enim

2053 2397 2195 2463 quod
2226 2396 2702 2467 Metaphrastieam
2739 2409 2927 2468 Sancti
2967 2417 3140 2473 Vitam
3168 2436 3262 2477 seu
3296 2396 3617 2487 Passioneui

2052 2575 2382 2635 Demetrium
2419 2587 2682 2646 adversus
2736 2595 3038 2665 Agarenos,
3095 2608 3187 2672 qui
3245 2619 3457 2680 captam
3495 2633 3524 2670 a
3561 2635 3620 2674 se

2050 2666 2501 2729 Thessalonicam
2531 2692 2833 2748 vastarant,
2856 2688 3094 2760 fusoque
3121 2666 3325 2755 civiuni
3354 2711 3619 2777 sanguine

2049 2759 2340 2827 ftedarant,
2376 2768 2430 2820 in
2467 2768 2573 2825 fine
2604 2766 2841 2831 invocat.
2875 2780 3054 2846 Quare
3075 2802 3197 2842 cum
3252 2794 3321 2846 ab
3353 2759 3620 2864 Agali'cnis

2048 2870 2155 2908 non
2192 2860 2353 2912 citius
2383 2877 2543 2929 quam
2579 2880 2723 2919 anno
2754 2868 2858 2925 9οι
2888 2872 3276 2935 Thessalonica
3307 2860 3463 2955 capta
3496 2892 3616 2948 fue-

2046 2946 2135 3011 rit,
2163 2948 2208 3000 is
2240 2952 2646 3011 verosimillimc
2678 2962 2876 3015 smculo
2903 2964 3137 3035 decimo,
3183 2986 3443 3046 certeque
3506 3001 3614 3041 non

2045 3035 2207 3090 citius
2241 3038 2466 3106 floruit;
2530 3054 2613 3104 ut,
2649 3049 2916 3118 quidquid
2971 3055 3038 3110 de
3092 3070 3285 3118 Sancto
3345 3035 3617 3128 Demetrio

2044 3140 2454 3197 commemoret,
2516 3138 2721 3193 nullum
2781 3144 3005 3201 omnino
3053 3147 3496 3222 Metapbrasticis
3544 3165 3613 3221 de

2046 3221 2149 3277 hoc
2174 3231 2401 3283 assertis
2424 3234 2637 3299 pondus
2670 3236 2954 3311 adjungat.

2113 3315 2201 3371 29.
2240 3318 2391 3384 Quod
2425 3337 2585 3390 porro
2611 3325 2676 3378 ad
2702 3328 2835 3383 duas
2870 3346 3032 3402 supra
3063 3339 3226 3396 etiam
3256 3361 3611 3423 memoratas,

2042 3422 2271 3475 quarum
2306 3410 2476 3466 altera
2499 3413 2608 3481 (adi
2636 3416 2944 3476 Fabricium
2977 3425 3030 3479 in
3060 3427 3379 3493 Bibliotheca
3403 3410 3610 3511 Caeca:

2044 3504 2174 3550 tom.
2208 3498 2299 3564 IX,
2328 3518 2442 3572 pag.
2473 3504 2531 3558 7i
2554 3514 2608 3558 et
2633 3513 2772 3576 seq.)
2806 3518 3161 3580 sequentibus
3193 3498 3616 3605 hisce,81uptz:

2044 3588 2166 3650 στὸς
2222 3593 2247 3641 ὁ
2277 3590 2409 3654 Θεός
2438 3633 2452 3654 ,
2490 3596 2660 3650 altera
2693 3599 2835 3667 istis,
2888 3606 3054 3662 Οὐδὲν
3104 3612 3269 3682 οὕτω,
3320 3588 3613 3683 inchoatur

2041 3678 2244 3744 verbis,
2278 3678 2476 3737 Leonis
2517 3686 2867 3756 imperatoris
2897 3696 2964 3750 de
2997 3699 3271 3758 Demetrio
3303 3714 3609 3782 orationes,

2040 3769 2303 3837 aliasque,
2338 3775 2406 3827 de
2436 3776 2639 3843 quibus
2674 3795 2842 3848 pauca
2881 3787 3057 3843 adhuc
3092 3793 3176 3847 hic
3202 3797 3385 3855 dicere
3410 3769 3611 3876 prapo:

2039 3857 2488 3928 sui,scriptorum
2521 3865 2772 3931 aliorum,
2799 3872 3337 3940 videlicetPhilothei
3374 3857 3611 3958 patriar-

2038 3949 2153 4003 chaa
2196 3950 2830 4026 Constantinopolitani,
2870 3972 3327 4045 sequentiumque
3369 3949 3609 4049 quatuor

2038 4041 2573 4112 archiepiscOporum
2660 4041 3277 4134 Thessalonicensiumv,
3356 4041 3604 4145 Josephi.

2037 4130 2283 4203 Gregorii
2318 4133 2573 4203 Palamae,
2611 4139 2821 4198 Nicolai
2848 4148 3115 4208 (labasilze
3162 4167 3217 4211 et
3262 4130 3609 4231 Nicandri-'-

2035 4421 2137 4461 nec
2168 4408 2305 4472 scio,
2341 4425 2407 4465 an
2446 4415 2675 4471 multum
2722 4425 3023 4489 expetenda
3066 4426 3195 4483 sint.
3244 4435 3458 4493 Etenim
3497 4445 3602 4499 nisi

1961 4504 2004 4557 ι)
2037 4499 2196 4563 forte,
2256 4505 2400 4572 quod
2453 4506 2610 4564 facile
2660 4513 2878 4567 interim
2933 4530 3092 4573 secus
3142 4522 3342 4581 habere
3393 4544 3600 4602 potest,

2033 4590 2308 4661 quidpiam
2341 4596 2423 4650 vel
2456 4598 2523 4653 de
2555 4601 2740 4657 Sancti
2783 4607 2929 4661 cultu
2961 4646 2977 4669 ,
3023 4611 3104 4666 vel
3149 4613 3216 4669 de
3261 4590 3597 4693 prodigiosa,

2032 4685 2176 4752 quod
2204 4702 2266 4741 ex
2296 4689 2415 4760 ejus
2449 4706 2545 4745 seu
2578 4696 2784 4751 tumulo
2815 4713 2910 4753 seu
2939 4716 3170 4773 corpore
3200 4708 3602 4774 Thessalonica:

2031 4777 2216 4839 stillat,
2250 4793 2529 4852 unguento
2574 4800 2669 4839 seu
2715 4790 2834 4845 oleo
2874 4794 3315 4866 subministrent,
3351 4817 3604 4863 auctores

2030 4883 2219 4922 eorum
2252 4884 2490 4942 spectata
2516 4892 2621 4946 qua
2647 4877 2953 4938 ﬂoruerunt
3007 4896 3191 4957 :ctate,
3237 4893 3598 4963 illustrandis.

2029 4978 2149 5032 qua:
2181 4965 2248 5018 ad
2283 4965 2540 5023 Sanctum
2589 4984 2839 5030 nostrum
2882 4991 3155 5047 spectant,
3202 4987 3365 5042 rebus
3410 5005 3602 5059 parum

2028 5055 2320 5111 admodum
2363 5061 2619 5117 videntur
2666 5066 2874 5123 idonei.
2910 5070 2977 5126 Ut
3013 5087 3100 5127 res
3131 5055 3427 5134 manifesta
3472 5099 3602 5138 eva—

2027 5147 2139 5209 dat,
2184 5166 2292 5217 quo
2342 5154 2549 5222 quique
2595 5158 2812 5213 circiter
2859 5170 3099 5232 tempore
3134 5164 3442 5235 ﬂoruerint,
3474 5176 3605 5230 sub-

2022 5242 2211 5312 jungo.
2238 5242 2352 5298 Leo
2385 5244 2613 5314 Sapiens
2645 5249 2713 5303 ab
2744 5265 2891 5304 anno
2926 5254 3029 5309 870
3057 5259 3125 5312 ad
3168 5275 3372 5314 annutn
3426 5280 3601 5335 usque

2028 5332 2125 5385 951
2185 5332 2401 5403 imperii
2458 5339 2741 5396 orientalis
2787 5342 3032 5401 habenas
3083 5349 3186 5405 fuit
3236 5332 3598 5417 moderatus.

2025 5419 2350 5476 Philotheus
2402 5426 2471 5479 ad
2520 5427 2705 5481 sedem
2757 5432 3416 5506 Constantinopolitanam
3472 5445 3597 5513 (adi

2024 5512 2463 5585 chronologicam
2491 5522 2924 5586 patriarcharum
2950 5512 3597 5602 Constantinopolitano-

2026 5619 2145 5657 rum
2184 5604 2499 5672 Historiam,
2544 5611 2726 5679 Opetis
2776 5616 2951 5669 nostri
2978 5626 3111 5673 tom.
3140 5620 3160 5675 l
3186 5624 3417 5693 Augusti
3452 5643 3595 5695 prr-

2025 5698 2207 5769 fixam)
2256 5714 2400 5755 anno
2442 5703 2578 5756 1354
2627 5703 2726 5759 fuit
2784 5716 3031 5775 evectus,
3066 5725 3317 5783 annoque
3372 5718 3597 5773 ciretter

2027 5790 2162 5846 l576
2196 5792 2426 5847 excessit
2453 5809 2483 5847 e
2513 5794 2668 5849 vivis.
2711 5795 3007 5869 Gregorius
3034 5799 3297 5869 Palamas,
3328 5807 3597 5880 huiusque

3179 5898 3253 5960 35
