4142 6380
360 349 492 409 illi!

1391 354 1454 415 S.
1493 352 1879 414 DEMETBlI
1920 356 2315 418 MARTYRIS
2353 359 2560 419 ACTA.

3486 358 3623 423 illi!

360 470 534 537 μόνην
557 463 650 518 τοῦ
696 464 995 535 μὰρτυρος.
1032 467 1141 521 Καὶ
1173 467 1289 531 πῶς
1323 467 1388 520 ἂν
1426 470 1626 539 μᾶλλον
1659 471 1942 539 ἐγκωμιά-

2075 489 2166 540 inte
2202 472 2495 550 de.Sancto
2530 471 2805 527 memoriae.
2832 472 3032 543 prodit,
3062 473 3425 544 deprompsit,
3456 476 3509 528 in
3530 492 3622 540 ea,

361 575 452 609 σαι
481 573 562 619 τις
612 556 825 619 τοῦτον,
882 556 914 607 ἢ
954 557 1051 619 τὰς
1094 559 1222 628 περὶ
1274 558 1373 628 τὴν
1403 559 1641 628 πατρίδα
1689 560 1942 628 βοηθείας

360 648 530 703 αὐτοῦ
590 650 687 702 καὶ
749 648 1006 717 προνοίας
1057 650 1564 720 ἀπαριθμούμενος,
1603 653 1651 703 εξ
1707 652 1943 704 καὶτῶν

362 738 767 808 ἀκαταλήπτων
818 737 880 789 τὸ
936 737 1309 808 ὲπιχείρημας
1359 733 1527 793 Abeat:
1580 740 1691 809 γὰρ
1734 740 1809 807 τῷ
1846 740 1944 809 μὲν

2044 574 2166 626 quze
2192 560 2548 623 Demetrium,
2572 561 2782 627 Sirmii,
2806 571 2863 614 ut
2882 563 2995 616 vult
3023 574 3229 624 natum,
3252 561 3435 617 S:rmii
3456 565 3621 617 etiam

2046 651 2337 704 educatum
2358 651 2547 713 fuisse,
2570 653 2780 719 statuit,
2801 654 3062 723 opinione
3090 653 3257 709 fuisse
3286 654 3520 722 videtur,
3550 656 3623 709 ita

2047 750 2229 795 tamen
2267 751 2323 796 ut
2361 758 2485 795 eum
2519 743 2716 798 deinde
2741 744 3038 799 dialectica:
3074 746 3468 816 rhetoricaequc
3491 763 3624 816 ope-

362 829 584 900 ἁριθμῷ
614 831 714 893 τὰς
764 830 1056 900 οὐρανίους
1103 831 1352 898 νιφάδας,
1381 835 1446 902 τῇ
1488 832 1544 885 δὲ
1593 833 1968 901 λαμπρότητιε

2076 848 2162 884 am
2228 833 2281 885 in
2340 834 2470 886 urbe
2506 832 2988 890 Thessalonicensi
3052 837 3268 892 dedisse
3310 839 3623 894 crediderit.

364 926 460 976 καὶ
513 923 641 988 τοῦς
678 925 920 994 ἀστέρας
954 925 1415 993 ὑπερηκόντισαν.
1477 925 1542 978 Τί
1579 926 1691 993 γὰρ
1747 925 1813 978 ἄν
1863 942 1946 987 τις

364 1014 510 1067 εἴποι.
563 1017 657 1068 καὶ
692 1014 932 1085 πρῶτον,
986 1018 1138 1067 ποῖον
1184 1015 1239 1068 δὲ
1276 1016 1369 1069 καὶ
1422 1015 1721 1086 παροφθὲν,
1754 1017 1817 1069 οὐ
1850 1016 1946 1083 ζη-

371 1107 562 1175 μιώσει
599 1107 667 1158 τὰ
720 1108 991 1175 μέγιστας
1034 1108 1185 1159 Εἴπω
1217 1107 1305 1159 τὶν
1341 1107 1645 1176 σύνδεσμον
1679 1109 1777 1177 τῆς
1806 1109 1947 1175 ἀγά-

369 1216 481 1270 πης
511 1200 604 1251 καὶ
654 1200 752 1265 τῆς
788 1200 1041 1268 ὁμονοίας
1075 1203 1174 1269 τῆς
1204 1199 1411 1261 πόλεως
1449 1200 1615 1252 αὑτοῦ
1655 1203 1744 1253 καὶ
1785 1201 1946 1269 μόνου

370 1292 743 1359 πεφοιτηκότα
777 1290 1151 1359 κατόρθωμας
1198 1307 1319 1359 qum
1376 1290 1563 1347 Grzera
1601 1292 1764 1345 verba
1801 1294 1949 1346 hunc

371 1382 426 1435 in
456 1382 676 1436 modum
729 1382 898 1435 reddo
941 1381 1136 1435 Latin:
1178 1403 1196 1433 ι
1235 1381 1356 1445 Quo
1402 1383 1564 1452 igitur
1615 1399 1737 1437 sese
1775 1394 1951 1438 vertet

366 1474 584 1528 oratio?
614 1474 691 1526 Ad
727 1474 940 1527 Iaudem
966 1489 1201 1544 eamque
1238 1476 1409 1529 solum
1441 1478 1695 1547 martyris
1726 1495 1738 1530 :
1768 1487 1819 1529 et
1845 1492 1949 1545 qua

376 1566 586 1620 ratione
617 1567 772 1620 illum
808 1568 992 1636 potius
1016 1571 1139 1636 quis
1170 1567 1378 1632 laudet,
1408 1584 1570 1636 quam
1602 1570 1721 1633 eius
1750 1568 1801 1621 in
1853 1585 1948 1637 pa-

375 1658 535 1713 triam
570 1673 723 1712 suam
750 1658 952 1712 auxilia
995 1674 1059 1713 ac
1093 1676 1277 1719 curas,
1332 1660 1543 1715 etiamsi
1581 1676 1692 1713 rem
1742 1660 1947 1713 incom-

375 1751 803 1822 prehensibiletu
846 1752 919 1813 sit
960 1749 1161 1813 moliri,
1216 1750 1639 1804 enumerando?
1684 1747 1754 1802 Ea
1801 1749 1947 1803 cnim

378 1853 612 1892 numero
651 1839 871 1907 quidem
905 1839 1027 1892 coeli
1061 1839 1287 1903 imbres,
1321 1840 1614 1908 splendore
1646 1854 1776 1892 vero
1806 1848 1949 1892 astra

379 1940 734 1999 exsuperant.
765 1929 904 1994 Quid
928 1932 1073 1985 enim
1112 1941 1166 1986 et
1201 1932 1439 2001 primum
1472 1932 1595 1999 quis
1627 1930 1792 1995 dicat,
1824 1947 1956 1999 qtta—

383 2022 505 2075 leve
548 2021 714 2075 etiam
766 2022 1074 2091 neglectum
1117 2023 1372 2076 maximis
1426 2021 1568 2076 haud
1628 2022 1957 2093 derogabit?

379 2113 683 2168 Cbaritatis
712 2114 1035 2169 continuum
1087 2116 1506 2183 concordiaeque
1562 2115 1806 2168 civitatis
1841 2113 1959 2167 vin-

388 2206 569 2259 culum
595 2206 766 2275 ipsius
781 2207 971 2263 dixero
995 2216 1051 2261 et
1069 2206 1288 2275 quidem
1319 2205 1491 2259 solius
1518 2205 1845 2259 beneﬁcium
1869 2203 1892 2257 ?
1935 2224 1952 2254 ι

383 2299 635 2365 Accedit,
673 2300 817 2354 inter
840 2301 1141 2370 scriptores
1170 2308 1280 2353 tum
1312 2297 1534 2351 Latinos
1587 2305 1701 2350 tum
1741 2295 1960 2351 Graecus

385 2392 594 2446 nullum
646 2407 898 2462 prorsus,
934 2407 967 2465 ιι
1010 2392 1298 2462 Duglossio
1351 2389 1717 2458 Pelbartoque
1758 2388 1958 2441 distin-

385 2488 556 2547 ctum,
586 2480 842 2545 inveniri,
876 2482 1006 2550 quin
1041 2480 1326 2541 Sanctum,
1369 2478 1412 2533 si
1455 2479 1522 2533 de
1551 2480 1666 2532 solo
1710 2479 1830 2547 ejus
1860 2492 1956 2531 na—

387 2570 483 2623 tali
539 2570 812 2641 loquatur,
870 2571 1429 2627 Thessalonicensem
1492 2570 1692 2632 faciat;
1762 2569 1962 2636 quibus

384 2663 644 2718 omnibus
675 2665 951 2734 expensis,
989 2679 1123 2737 vere.
1146 2665 1198 2717 in
1231 2664 1450 2718 civitate
1482 2660 1960 2716 Tltessaloniccnsi

390 2766 574 2811 natum
614 2773 735 2812 esse
761 2757 1097 2813 Demetrium
1128 2758 1180 2809 in
1208 2757 1453 2810 animum
1487 2754 1711 2809 induco.
1784 2802 1793 2825 ι

464 2850 556 2904 54.
613 2849 725 2904 Nec
782 2848 889 2903 hoc
948 2857 1159 2903 tantum
1208 2848 1410 2911 verbis,
1465 2862 1586 2917 quae
1645 2836 1755 2917 jam
1819 2845 1962 2907 dedi,

389 2942 650 3005 Joannes,
710 2940 1217 2999 Thessalonicensis
1262 2940 1726 3009 archiepisc0pus,
1784 2938 1962 2998 docet,

393 3048 583 3087 verum
641 3031 802 3086 etiam
861 3030 1065 3085 ibidem
1118 3028 1410 3084 educatum
1463 3027 1632 3081 luisse
1697 3030 1964 3081 Sanctum

2051 921 2264 974 Etenim
2312 931 2598 992 postquam
2633 924 2894 979 Sanctum
2930 926 3115 980 Sirmii
3150 937 3337 981 natum
3371 945 3492 982 esse
3526 945 3623 998 per

2050 1014 2212 1067 verba
2239 1029 2404 1082 supra
2438 1016 2663 1069 recitata
2690 1017 2944 1079 asseruit,
2976 1018 3166 1086 paucis
3189 1019 3474 1082 duntaxat,
3510 1022 3629 1087 qui-

2052 1103 2174 1167 bus,
2201 1120 2319 1174 qute
2349 1105 2556 1158 fuerint
2582 1106 2702 1173 ejus
2726 1108 3049 1173 parentibus
3075 1109 3321 1174 nomina,
3356 1126 3453 1180 pro
3477 1112 3627 1164 arbi-

2051 1197 2159 1251 trio
2186 1198 2404 1261 astruit,
2461 1198 2825 1266 interpositis,
2874 1201 2995 1269 subj
3011 1201 3202 1270 ungit:
3238 1220 3255 1251 ι
3281 1201 3632 1258 ϐιοιίοείεεὶο

2053 1305 2244 1345 mus...
2288 1290 2603 1346 Demetrius
2642 1293 2963 1348 liberalibus
3024 1297 3225 1350 studiis
3258 1297 3490 1351 traditus
3526 1309 3629 1362 est,

2051 1390 2129 1443 et,
2187 1396 2309 1435 cum
2372 1394 2518 1436 esset
2576 1382 2780 1454 Spiritu
2839 1396 3030 1441 sancto
3088 1388 3300 1455 plenus,
3378 1389 3633 1444 humana;

2052 1473 2363 1542 divinaeque
2396 1474 2608 1546 Pagina:
2647 1476 2878 1530 scientia
2925 1480 3189 1546 perditus
3238 1480 3432 1535 urbem
3461 1483 3632 1536 subiit

2054 1564 2631 1633 Thessalonicensem,
2688 1570 2778 1622 ubi
2812 1570 3134 1625 dialecticus
3188 1586 3383 1629 acutus
3416 1575 3635 1628 rhetor-

2057 1674 2164 1727 que
2196 1659 2622 1715 facundissimus
2656 1661 2888 1715 effertus
2923 1672 3027 1717 est.
3069 1682 3087 1714 ι
3146 1665 3223 1718 Ita
3276 1666 3385 1720 ille.
3418 1665 3626 1720 Verum

2057 1768 2177 1821 qua:
2210 1754 2357 1807 hisce
2395 1753 2571 1808 verbis
2628 1754 2812 1819 tradit,
2841 1763 3199 1824 praeterquam
3230 1760 3375 1825 quod
3436 1760 3632 1828 partim

2056 1844 2253 1900 Joanni
2287 1846 2765 1901 Tliessalonicensi
2802 1848 3078 1901 adversari
3131 1849 3445 1914 videantur,
3480 1851 3633 1905 nullo

2061 1955 2286 2010 prorsus
2318 1939 2665 2007 antiquitatis
2702 1939 3021 1994 testimonio
3055 1941 3334 2005 nituntur,
3392 1944 3633 2014 hincque

2061 2049 2231 2103 parvo
2280 2032 2576 2086 admodum
2608 2033 2663 2085 in
2718 2035 2917 2100 pretio,
2970 2048 3043 2088 ne
3097 2033 3224 2102 quid
3252 2037 3408 2102 pejus
3432 2036 3635 2098 dicam.

2063 2126 2313 2180 habenda
2347 2135 2496 2191 sunt,
2530 2127 2766 2180 maxime
2789 2126 2932 2195 quod
2958 2136 3149 2180 auctor
3170 2128 3424 2182 sublesta:
3449 2129 3635 2191 etiam,

2063 2219 2138 2271 uti
2168 2233 2232 2271 ex
2268 2218 2379 2285 jam
2412 2216 2571 2271 dictis
2604 2217 2798 2285 liquet,
2837 2217 3077 2273 sitﬁdci.
3108 2217 3223 2272 Nec
3252 2218 3428 2273 multo
3467 2221 3639 2286 pluris

2061 2308 2447 2362 mstimandum
2481 2316 2585 2369 est,
2618 2309 2763 2376 quod
2800 2307 2868 2362 de
2909 2309 3092 2378 posito
3141 2324 3168 2362 a
3206 2308 3432 2373 Sancto,
3470 2310 3643 2365 virilis

2063 2400 2372 2468 atlatisjam
2412 2399 2579 2463 facto,
2634 2401 2689 2452 in
2744 2410 2862 2454 arte
2899 2401 3123 2454 militari
3166 2402 3350 2455 studio
3409 2417 3645 2471 procon-

2065 2493 2308 2563 sulisque
2354 2491 2600 2553 Graeciaa,
2656 2491 2721 2544 ad
2756 2507 2918 2560 quam
2959 2491 3158 2547 deinde
3207 2494 3275 2546 ab
3312 2492 3642 2561 imperatore

2066 2585 2393 2640 Maximiano
2425 2591 2648 2638 evectus
2700 2581 2884 2646 fuerit,
2928 2581 3199 2652 dignitate
3242 2582 3645 2652 Metapltrastcs

2068 2678 2253 2738 simul,
2304 2687 2357 2730 et
2404 2690 2715 2746 auonymus
2765 2675 2855 2744 qui
2913 2675 3040 2729 huic
3090 2674 3341 2743 pra‘luxit
3387 2674 3644 2729 Dcmttrii

2068 2769 2397 2840 biographus
2422 2775 2764 2831 asseverant,
2781 2765 2941 2839 ambo
2964 2767 3169 2834 abfejus
3189 2776 3349 2820 relate
3382 2767 3646 2820 remotio-

2071 2879 2177 2923 res,
2211 2876 2373 2929 quam
2406 2868 2463 2913 ut
2504 2860 2587 2913 vel
2618 2859 2718 2912 ista
2746 2859 2828 2912 vel
2861 2859 2985 2922 alia,
3014 2871 3134 2925 quae
3159 2856 3323 2909 etiam
3358 2856 3425 2909 de
3452 2857 3645 2910 eodem

2070 2958 2277 3023 absque
2331 2952 2617 3022 scriptoris
2659 2950 2986 3020 antiquioris
3035 2949 3351 3004 testimonio
3402 2949 3646 3011 tradunt,

2071 3058 2220 3104 certa
2248 3056 2409 3115 atque
2436 3044 2742 3099 indubitata
2774 3044 2989 3112 possint
3015 3042 3248 3098 ellicerc.
3283 3046 3353 3097 At
3376 3058 3527 3107 vero,
3560 3046 3646 3098 in«

392 3125 578 3180 verbis
607 3123 725 3179 aliis
763 3139 884 3193 qu“3
937 3124 1111 3177 subdo
1151 3123 1205 3175 in
1252 3122 1441 3175 COdiCC
1475 3121 1603 3171 “lim
1638 3117 1965 3210 Mawri'm‘?
1993 3143 2034 3197 C
2068 3141 2242 3210 quies,
2272 3137 2647 3191 Mirarulorum
2668 3136 3005 3191 edendorum
3032 3136 3125 3191 lib.
3160 3151 3190 3193 ι,
3222 3151 3347 3206 cap.
3376 3137 3427 3200 5,
3453 3136 3646 3190 Demc-

394 3231 521 3287 pag.
576 3216 680 3269 227
716 3231 870 3270 versa
926 3214 1107 3268 tradit.
1177 3213 1440 3283 Ἐτράςρη,
1497 3210 1895 3279 ἰῑιίιυῖι,τοίνυν
1941 3209 1967 3257 ὁ

399 3311 614 3380 μάρτυς
647 3309 778 3379 παρ’
834 3310 969 3379 ἡμῖν
1000 3310 1111 3370 τοῖς
1143 3305 1493 3373 λειπομένας
1512 3303 1709 3358 τούτου
1740 3302 1884 3356 κατὰ
1915 3302 1973 3353 τὸ

398 3402 658 3471 ἄπειρον.
711 3401 876 3471 Τόπῳ
931 3400 1041 3470 γὰρ
1092 3397 1518 3469 συνετράφημεν
1550 3386 1719 3465 αὐτῷ,
1753 3395 1814 3446 οὑ
1852 3395 1973 3446 κατ’

398 3496 684 3564 ὲνέργέιαν
702 3494 1040 3564 ὁμοιότητος.
1073 3493 1202 3557 Qua:
1236 3491 1401 3544 verba
1432 3492 1505 3543 ita
1541 3488 1710 3543 reddo
1739 3487 1930 3541 Latine
1958 3504 1971 3539 :

404 3609 423 3642 t
449 3588 651 3660 Martyr
677 3584 1157 3659 ergomemetrius
1180 3584 1567 3654 scilicet)apnd
1595 3598 1693 3637 nos
1721 3581 1977 3651 (Thessa-

400 3684 712 3737 lnnicenses
766 3678 1045 3748 nimirum)
1096 3688 1210 3733 toto
1265 3678 1405 3733 etelo
1462 3677 1530 3730 ab
1568 3692 1636 3730 eo
1695 3674 1969 3733 diversos,

402 3774 670 3829 educatus
708 3772 833 3826 fuit.
865 3769 1179 3824 Secundum
1212 3769 1393 3822 locum
1426 3767 1575 3821 enim
1606 3764 1821 3819 educati
1851 3778 1974 3815 cum

405 3864 525 3934 ipso
563 3876 895 3923 sumus,non
916 3859 1216 3914 secundum
1239 3854 1911 3912 similitudiniscll‘ectum.
1954 3871 1971 3902 ι

404 3955 545 4011 Tres
577 3953 794 4023 quidem
830 3951 966 4005 Viue
997 3966 1094 4005 seu
1130 3948 1424 4003 Passiones
1455 3946 1706 4005 edendae,
1744 3943 1980 4011 aliaque,

408 4061 571 4117 quam
604 4046 658 4100 in
689 4039 1317 4098 BibliothecamPhotius
1345 4037 1552 4099 intulit,
1577 4032 1983 4090 Thessalonicae

404 4140 698 4195 educatum
741 4137 910 4191 fuisse
940 4132 1201 4188 Sanctum
1260 4131 1405 4184 haud
1458 4131 1728 4192 edicunt;
1786 4140 1979 4180 verum

412 4247 514 4285 nec
542 4231 666 4294 loci,
698 4246 807 4299 quo
841 4226 1063 4283 educari
1104 4240 1229 4280 eum
1288 4223 1601 4294 contigerit,
1661 4220 1980 4275 meminere.

409 4321 525 4376 lmo
551 4336 683 4375 vero
708 4318 843 4377 Vita:
886 4320 1008 4373 dure
1037 4316 1398 4385 antiquiores,
1430 4312 1699 4367 Photiana
1722 4310 1982 4365 nimirum

412 4430 478 4468 ac
510 4413 868 4467 Anastasiana
902 4453 914 4474 ,
952 4424 1023 4465 ne
1062 4410 1354 4463 obscuram
1408 4405 1630 4474 quidem
1669 4404 1753 4459 vel
1787 4403 1986 4472 ipsius-

2075 3227 2216 3280 trius
2274 3227 2461 3295 pallio,
2521 3240 2630 3279 non
2688 3241 2849 3280 secus
2881 3240 2945 3279 ac
2983 3226 3196 3285 consul,
3230 3225 3455 3280 indutus
3487 3242 3652 3296 appa-

2075 3320 2252 3374 ruisse
2305 3319 2951 3384 narratur;eorumdem
3006 3326 3190 3373 autem
3256 3316 3650 3373 Miraculorttm

2077 3413 2169 3467 lib.
2205 3427 2405 3481 tt,cap.
2433 3413 2486 3475 6,
2510 3412 2610 3465 sub
2643 3411 2866 3464 militari
2923 3410 3111 3464 habitu
3144 3411 3501 3481 spectandum
3530 3424 3654 3465 sesi:

2080 3503 2361 3574 Stephano
2379 3504 2638 3572 episcopo
2654 3501 2931 3562 Africano,
2950 3518 2977 3556 a
2998 3501 3206 3556 Sclavis
3224 3502 3654 3571 eapto,dedisse.

2080 3591 2379 3660 eodemque
2414 3591 2592 3654 modo,
2632 3591 2708 3644 uti
2739 3606 2861 3659 qute
2892 3590 3184 3659 posteriori
3234 3591 3361 3647 loco
3390 3601 3657 3661 praeterea

2081 3693 2404 3745 occurrunt,
2441 3683 2598 3736 tidem
2635 3683 2862 3744 iaciunt,
2898 3684 2950 3734 in
2984 3682 3243 3752 imagine,
3271 3699 3392 3752 quae
3418 3684 3568 3737 illutn
3601 3684 3653 3736 in

2084 3772 2439 3827 Demetriano
2494 3773 2902 3827 Thessalonica:
2934 3775 3137 3842 templo
3170 3774 3529 3843 exprimebat,
3563 3773 3658 3828 dc-

2087 3863 2275 3932 pirtus
2303 3863 2683 3916 exhibebatur.

2154 3956 2244 4007 56.
2279 3954 2495 4013 Fateor,
2517 3952 2597 4005 sic
2628 3952 2813 4013 habet,
2841 3960 3078 4015 suntque
3098 3960 3366 4020 prmtcrea
3387 3952 3440 4005 in
3465 3951 3656 4007 iisdem

2085 4045 2309 4101 edendis
2347 4042 2622 4096 Mli-acutis
2653 4042 2758 4096 loci
2798 4042 2913 4105 alii,
2957 4043 3155 4111 quibus
3188 4042 3390 4113 pariter
3419 4034 3522 4096 sub
3557 4043 3659 4097 mi-

2088 4138 2229 4192 litari
2263 4135 2448 4190 habitu
2482 4134 2794 4189 Demetrius
2834 4135 3157 4203 apparuisse
3188 4143 3282 4188 aut
3313 4134 3516 4189 diserte
3549 4143 3658 4188 tra-

2088 4229 2260 4291 ditur,
2286 4232 2380 4279 aut
2425 4235 2577 4279 certe
2611 4233 2888 4293 utcunque
2920 4224 3184 4277 innititur.
3226 4225 3423 4278 Verum
3463 4225 3657 4280 Sancti

2092 4336 2196 4372 non
2231 4331 2446 4386 semper
2467 4316 2568 4370 sub
2603 4316 2924 4370 indumento
2945 4329 3042 4368 seu
3071 4315 3281 4380 habitu,
3319 4316 3553 4371 ollieium
3581 4318 3662 4371 di-

2092 4414 2441 4481 gnitatemve,
2469 4408 2643 4477 cujus,
2667 4423 2788 4462 cum
2822 4406 2875 4459 in
2900 4406 3036 4461 vivis
3063 4415 3268 4472 essent,
3297 4406 3539 4474 fuerunt,
3568 4425 3665 4464 ex-

415 4511 529 4561 met
554 4503 918 4565 educationis,
953 4518 1116 4572 quam
1146 4502 1381 4555 Sanctus
1410 4498 1704 4568 acceperit,
1752 4496 1987 4551 mentio-
2014 4503 2065 4561 Ι)
2093 4503 2389 4572 primente,
2423 4500 2515 4554 sed
2545 4499 2708 4556 etiam
2731 4497 2839 4552 sub
2883 4496 3010 4561 alio,
3054 4497 3098 4551 si
3130 4498 3360 4553 consilio
3388 4514 3486 4553 suo
3518 4499 3665 4554 hunc

414 4610 542 4650 nem
579 4594 812 4649 faciunt.
845 4590 957 4646 Nec
1002 4593 1077 4653 id,
1116 4606 1239 4645 cum
1262 4590 1518 4644 binarum
1572 4587 1787 4640 illarum
1826 4586 1983 4640 lucu-

415 4686 888 4741 bratiuncularum
932 4692 1184 4737 auctores
1228 4681 1505 4752 annnytni,
1542 4678 1850 4743 occasione,
1883 4692 1987 4746 qua

420 4778 729 4831 Demetrius
760 4775 989 4829 subierit
1037 4774 1379 4844 martyrium,
1413 4778 1656 4834 narrata,
1710 4769 1893 4825 statim
1922 4767 1987 4822 ad

419 4870 526 4924 hoc
567 4867 770 4936 ipsum,
798 4866 920 4922 aliis
948 4866 1134 4931 etiam,
1167 4881 1287 4936 qure
1317 4865 1386 4919 de
1423 4862 1626 4918 Sancto
1659 4874 1993 4916 commemo-

420 4976 544 5017 rare
601 4958 931 5029 potuisseut,
992 4957 1232 5022 omissis,
1284 4955 1624 5011 narrandum
1680 4951 1991 5023 prosiliant,

420 5053 621 5107 mirum
668 5049 927 5117 cuiquam
977 5048 1139 5102 debet
1175 5048 1366 5103 videri.
1419 5046 1757 5101 Demetrium
1812 5045 1995 5112 itaque

421 5142 825 5198 Thessalonica:
874 5140 1165 5194 educatum
1220 5139 1391 5194 fuisse
1451 5137 1647 5191 Joanni
1700 5135 1996 5189 Thessalo-

421 5234 635 5286 nicensi
691 5231 798 5297 (adi
864 5233 986 5302 ejus
1043 5231 1205 5285 verba
1254 5231 1501 5299 proxime
1540 5230 1687 5297 data)
1725 5225 1992 5280 asserenti

424 5323 610 5386 credo,
678 5323 920 5376 maxime
970 5321 1116 5391 quod
1176 5328 1232 5374 et
1288 5320 1345 5373 id
1385 5320 1708 5389 scriptorem
1768 5318 1916 5370 hunc
1964 5330 1994 5367 c

425 5424 783 5468 monumento
846 5412 1143 5481 antiquiori
1194 5412 1472 5475 didicisse,
1530 5419 1583 5465 et
1639 5409 1900 5464 Sanctum
1930 5422 1996 5461 eo

423 5506 566 5569 loco,
608 5506 700 5573 qui
746 5506 796 5559 ei
848 5505 1045 5560 natalis
1084 5504 1298 5572 obtigit,
1328 5505 1532 5571 quique
1580 5510 1639 5555 ut
1680 5502 1792 5570 jam
1835 5500 1997 5555 docui

424 5593 817 5651 Thessalonica
882 5597 1009 5660 fuit,
1073 5597 1367 5650 educatum
1433 5594 1624 5659 fuisse,
1658 5592 2004 5647 verosimilli—

424 5702 572 5741 mum
595 5702 871 5757 appareat.

400 5798 407 5803 λ
495 5779 583 5833 55.
619 5778 937 5853 Duglossius
960 5797 1055 5838 seu
1084 5781 1426 5852 quiscunque
1474 5776 1633 5843 alter,
1668 5793 1698 5832 e
1732 5792 1839 5846 quo
1884 5776 1994 5842 hic,

2095 4606 2263 4659 magis
2297 4590 2516 4644 videant
2546 4589 2825 4651 idoneum,
2855 4588 3088 4642 subinde
3122 4598 3402 4659 apparent.
3429 4587 3502 4643 Ut
3536 4586 3664 4652 alio'.

2093 4695 2202 4750 quo
2241 4679 2293 4734 id
2329 4679 2618 4749 probatum
2662 4678 2809 4742 dem,
2852 4676 3245 4731 recurrendum
3299 4691 3409 4732 non
3460 4677 3551 4741 sit,
3587 4680 3669 4732 fa-

2097 4773 2247 4826 cittnt
2280 4770 2396 4840 ipsa
2417 4768 2629 4825 edenda
2652 4767 2836 4823 Sancti
2864 4765 3148 4821 miracula.
3176 4764 3376 4821 Horum
3400 4768 3544 4821 enim
3565 4766 3665 4822 lib.

2096 4880 2136 4925 t,
2154 4878 2276 4933 cap.
2299 4862 2349 4925 1,
2376 4861 2519 4931 quod
2543 4860 2609 4915 de
2630 4857 2872 4913 Mariano
2894 4858 3091 4929 Illyrici
3119 4858 3393 4928 praefecto,
3426 4874 3455 4910 a
3477 4859 3666 4912 morbo

2098 4952 2485 5007 itnmedieabili
2515 4968 2612 5022 per
2651 4951 2911 5006 Sanctum
2944 4959 3135 5004 sanato
3164 4957 3378 5011 tractat,
3424 4947 3667 5003 Mariano

2094 5044 2187 5098 hic
2217 5043 2318 5097 sub
2364 5043 2567 5111 specie,
2601 5056 2711 5095 non
2756 5044 2999 5111 propria,
3037 5038 3130 5093 sed
3169 5037 3347 5101 amici,
3382 5053 3541 5107 quem
3580 5037 3669 5092 ille

2099 5134 2289 5187 intima
2333 5132 2432 5187 sibi
2457 5132 2785 5186 necessitate
2808 5135 3162 5201 coniunctum
3186 5128 3666 5199 Constantinopoli

2100 5225 2357 5285 habebat,
2389 5224 2745 5292 spectandum
2777 5238 2898 5277 sese
2933 5224 2984 5274 in
3024 5238 3217 5276 somno
3241 5222 3456 5277 dedisse
3486 5240 3673 5277 narra-

2100 5326 2211 5370 tur.
2247 5316 2384 5371 Cum
2413 5332 2567 5386 ergq,
2603 5317 2678 5368 uti
2728 5317 2852 5368 hinc
2897 5316 3102 5384 liquet,
3143 5315 3305 5368 etiam
3354 5316 3455 5370 sub
3501 5316 3675 5370 forma

2101 5425 2200 5463 seu
2231 5408 2435 5477 specie,
2482 5407 2697 5461 diversa
2742 5406 2810 5459 ab
2851 5421 2935 5469 ea,
2978 5421 3081 5474 qua
3133 5406 3188 5459 in
3240 5406 3381 5460 vivis
3430 5406 3674 5473 fuerunt,

2105 5503 2289 5555 Sancti
2320 5513 2584 5569 apparere
2608 5507 2834 5565 queant,
2883 5499 3072 5564 quidni
3122 5507 3176 5552 et
3212 5499 3314 5552 sub
3360 5498 3679 5555 indumento

2107 5608 2199 5646 seu
2234 5592 2445 5654 habitu,
2492 5588 2727 5643 ollicittut
2771 5591 3183 5660 dignitatemve,
3237 5591 3396 5659 cujus
3438 5591 3491 5645 in
3542 5592 3679 5645 vivis

2110 5682 2431 5751 superstites
2461 5681 2703 5744 fuerunt,
2738 5696 2847 5735 non
2882 5681 3243 5749 exprimente,
3268 5682 3450 5737 facere
3476 5682 3525 5737 id
3556 5697 3679 5753 pos-

2113 5776 2246 5841 sint,
2284 5790 2451 5846 reque
2474 5776 2636 5831 etiam
2672 5774 2788 5846 ipsa
2814 5775 3046 5830 subinde
3082 5774 3326 5831 faciant?
3357 5776 3580 5842 Adhmc,
3624 5788 3679 5831 ut
