4142 6380
538 360 672 421 1Ξο3

539 559 859 618 nominatim
896 556 1059 609 etiam
1094 549 1223 620 quid
1266 547 1465 605 dicam,
1497 538 1807 595 Demetrius
1839 535 1940 588 sub
1972 532 2113 585 mili-

539 653 635 707 tari
672 648 863 704 habitu
897 639 1262 713 spectandum
1311 650 1437 690 sese
1487 626 1720 688 subinde
1752 628 1880 681 dare
1913 623 2112 694 potuit,

539 760 645 801 non
679 741 820 811 quod
854 737 1031 806 reipsa
1063 728 1380 802 imperatori
1408 724 1705 784 mundano,
1736 735 1859 774 cum
1890 717 1944 770 in
1982 714 2115 768 vivis

539 844 686 894 esset
720 838 1023 902 superstes,
1075 821 1345 884 militarit,
1398 819 1492 874 sed
1537 815 1682 886 quod
1722 822 1945 867 strenue
2001 817 2120 860 tan-

540 942 705 1001 quam
734 925 915 987 miles,
963 919 1088 975 fuso
1114 916 1279 971 etiam
1327 910 1613 982 sanguine,
1662 921 1757 974 pro
1786 901 1988 958 Christi
2015 898 2120 951 fide

542 994 857 1077 decertarit.
890 1010 1046 1080 Quod
1078 1021 1240 1078 porro
1270 1005 1334 1059 ad
1364 1002 1677 1072 imaginem,
1713 1009 1832 1063 quae
1857 994 2118 1047 Sanctum

542 1120 602 1182 in
652 1108 856 1180 templo
886 1094 1293 1158 TheSsalonica’.
1336 1095 1387 1150 ei
1427 1092 1607 1148 dicato
1651 1085 1873 1142 militari
1930 1080 2121 1135 habitu

548 1172 804 1262 indutum
833 1194 1151 1251 exhibebat.
1185 1189 1294 1259 iam
1336 1189 1567 1256 spectat,
1595 1180 1646 1234 id
1672 1177 1892 1248 quidem
1923 1172 2122 1229 saeculo

544 1315 716 1363 nono,
739 1308 872 1365 quo,
900 1281 1360 1359 quemadmodum
1396 1293 1463 1331 ex
1486 1271 1798 1335 Adnotatis,
1822 1268 1970 1321 dicto
2017 1261 2126 1317 Mi-

546 1355 847 1450 rarnloritm
878 1355 973 1437 lib.
1011 1374 1238 1433 secundi
1280 1369 1446 1441 capiti
1486 1376 1638 1421 sexto
1679 1356 1981 1416 subdendis
2036 1355 2121 1408 in-

546 1448 780 1554 telligcs,
813 1484 989 1546 imago
1018 1473 1108 1526 illa
1140 1467 1341 1521 ibidem
1385 1460 1658 1520 exstabat,
1688 1454 1982 1508 militarem
2022 1448 2126 1502 De-

551 1576 734 1635 metrii
792 1567 1166 1626 conditionem
1228 1556 1492 1611 creditam
1554 1550 1765 1609 fuisse,
1848 1552 2126 1609 utcunque

548 1665 812 1725 ostendit,
842 1668 898 1714 at
929 1655 1154 1711 militem
1202 1648 1350 1702 hunc
1376 1643 1553 1711 reipsa
1599 1639 1769 1692 fuisse
1814 1649 1925 1688 non
1973 1632 2128 1685 evino

554 1763 650 1817 cit.
700 1752 976 1824 Quidquid
1026 1750 1209 1813 itaque
1257 1741 1323 1794 de
1363 1735 1573 1800 habitu,
1605 1746 1702 1785 seu
1749 1742 1857 1799 quo
1889 1726 2123 1781 Sanctus

550 1850 891 1925 apparuerit,
924 1858 1020 1898 seu
1052 1855 1160 1909 quo
1188 1836 1349 1889 fuerit
1388 1831 1660 1899 depictus.
1691 1821 1968 1878 memoriae
1999 1830 2126 1887 pro-

552 1950 727 2004 ditum
761 1937 1098 1995 inveniatur,
1132 1936 1260 1982 sunt
1286 1937 1499 1983 tamen,
1533 1927 1874 1988 qumcunque
1908 1928 1935 1963 a
1963 1908 2130 1962 Meta-

554 2041 800 2112 pbraste,
842 2039 899 2083 et
940 2027 1008 2081 ab
1053 2030 1328 2088 anonymo
1375 2013 1467 2083 qui
1516 2011 1566 2064 ei
1610 2004 1864 2078 prmluxit
1917 2016 2010 2055 seu
2062 1997 2130 2051 de

554 2092 827 2188 consulari
860 2117 1045 2175 Sancti
1084 2112 1372 2184 dignitate,
1413 2121 1510 2162 seu
1543 2104 1613 2158 de
1643 2100 1826 2172 posito
1861 2097 1931 2150 ab
1968 2108 2036 2148 eo
2075 2092 2133 2144 in

556 2233 677 2279 arte
711 2213 932 2275 militari
958 2208 1140 2267 studio
1167 2205 1445 2265 dicuntur,
1492 2194 1719 2251 omnino
1753 2190 1991 2256 incerta.
2032 2184 2135 2237 Ve-

557 2328 680 2374 rum
716 2309 874 2364 aliter
904 2303 973 2359 de
992 2306 1202 2355 asserto
1221 2295 1289 2349 ab
1323 2290 1515 2346 iisdem
1549 2279 1918 2353 imperterrita
1942 2272 2133 2332 Sancti

558 2408 615 2463 in
650 2395 994 2474 praedicanda
1051 2387 1256 2445 Christi
1296 2385 1400 2439 fide
1446 2380 1644 2434 ardore
1690 2374 1979 2439 fructuque
2026 2379 2134 2419 non

558 2460 797 2552 modico.
831 2486 1017 2542 multis
1064 2482 1132 2536 ad
1161 2476 1438 2534 Christum
1490 2464 1794 2530 conversis,
1830 2460 2002 2515 relato
2052 2463 2137 2510 est

559 2584 920 2657 loquendum.

634 2682 725 2735 57.
759 2676 871 2731 liae
892 2672 1038 2727 enim
1066 2668 1121 2721 in
1157 2679 1215 2720 re
1246 2676 1356 2717 non
1388 2665 1604 2714 tantum
1636 2652 1774 2707 duas
1800 2643 2140 2716 antiquiores

563 2770 750 2828 Sancti
777 2767 931 2821 Vitas
986 2777 1081 2818 seu
1124 2756 1441 2819 Passiones,
1483 2747 1805 2803 Pliotianam
1850 2740 2059 2795 scilicet
2086 2744 2140 2789 et

560 2860 1024 2924 Anastasianam,
1082 2849 1187 2905 sibi
1242 2845 1606 2913 Sutl’ragantes
1664 2835 1885 2892 habent.
1944 2843 2137 2883 verum

558 2954 814 3012 etiamin
864 2946 1121 3002 inchoato
1171 2941 1326 2995 hisce
1371 2934 1577 2992 verbis,
1609 2929 1873 2996 ξΜνήμην
1893 2921 2141 2982 δικαίων,

563 3044 756 3104 Sancti
790 3039 987 3103 nostri,
1022 3033 1169 3106 quod
1205 3029 1403 3100 saepius
1436 3025 1546 3096 jam
1595 3021 1811 3078 laudavi
1845 3058 1859 3080 ,
1896 3011 2145 3070 encomio

563 3140 834 3198 Joannem
861 3174 875 3199 ,
906 3124 1459 3185 Thessalonicensem
1515 3112 2008 3182 archiepiscopum.
2067 3106 2142 3158 Ac
2170 3145 2213 3203 ο

1849 316 2492 388 SUPPLEMENTUM.

539 480 728 527 contra
765 467 1026 519 asscrtam
1080 455 1370 511 militarem
1424 444 1687 503 Demetrii
1736 440 2109 498 conditionem
2144 468 2185 521 Α
2217 438 2575 492 decreverim,
2609 424 2864 481 versione

3658 293 3791 361 110i

2918 419 3110 474 Latina
3146 415 3399 485 adjuncta
3431 410 3791 469 describenda

2218 539 2366 585 sunt.

2289 621 2378 675 '58.
2418 617 2543 671 Hinc
2578 614 2762 683 itaque
2793 608 3000 664 codicis
3022 606 3152 661 olim
3187 597 3495 657 Mazarinazi
3524 612 3648 666 pag.
3682 594 3790 648 227

2219 724 2374 765 versa
2404 716 2459 762 et
2487 719 2639 773 seqq.
2673 702 2727 755 in
2769 698 2996 771 pratfato
3035 693 3213 749 sancti
3241 688 3496 745 Demetrii
3538 686 3792 740 encomio

2220 804 2386 859 habet
2422 815 2433 849 :
2473 796 2649 858 Αὐτὸς
2693 794 2751 847 δὲ
2781 790 2965 847 λαϐὼν
3010 788 3071 842 τὸ
3101 784 3479 840 διδασκαλικὸν
3500 779 3660 833 τοῦτο
3697 779 3795 832 καὶ

2222 892 2583 949 ἀποστολικδν
2629 888 2905 958 χάρισμα,
2945 881 3152 950 ἴδωμεν
3191 878 3314 931 τίνα
3370 875 3472 943 τὴν
3521 870 3794 925 ἀντίδοσιν

2224 988 2571 1058 προσήνεγκε
2616 981 2693 1049 τῷ
2719 978 2909 1047 Θεῷ...
2958 973 3249 1028 Δείκνυται
3282 967 3468 1037 χάριτι
3493 961 3632 1016 Θεοῦ
3665 962 3794 1029 περὶ

2221 1055 2319 1147 τῆς
2356 1073 2707 1133 διδασκαλίας
2742 1067 2907 1123 αὐτοῦ
2937 1067 2998 1119 τδ
3023 1062 3321 1119 ἀθόλωτον.
3348 1060 3423 1111 Τὸ
3448 1057 3559 1125 γὰρ
3592 1055 3794 1108 ίουδαῐ-

2225 1173 2327 1242 κήν
2380 1167 2477 1223 καὶ
2529 1162 2815 1234 ἐλληνικὴν
2846 1162 2940 1212 καὶ
2992 1159 3175 1211 πᾶσαν
3232 1152 3400 1220 ἄλλην
3467 1147 3795 1215 θεοπόλεμον

2226 1239 2438 1332 αἰρεσιν
2477 1260 2544 1311 ὲκ
2589 1255 2849 1326 πρέμνων
2878 1250 3068 1305 αὐτῶν
3099 1243 3445 1301 ἀνεσπάσθω
3469 1241 3570 1310 τῆς
3605 1239 3797 1306 θεοφο-

2224 1356 2428 1409 λάκτου
2470 1349 2677 1415 ταύτης
2741 1345 2977 1413 ποίμνης
3033 1340 3129 1394 τοῦ
3169 1336 3408 1410 Χριστοῦ
3455 1334 3599 1396 τίνος
3633 1332 3797 1385 ἀλλου

2228 1448 2564 1517 κατόρθωμα
2616 1442 2650 1511 ἢ
2687 1440 2825 1510 μετά
2869 1437 3003 1491 Θεὸν
3046 1434 3143 1487 τοῦ
3187 1429 3528 1504 ,διδασκάλου
3572 1426 3672 1494 τῆς
3702 1425 3797 1477 πό-

2227 1544 2364 1602 λεως
2529 1536 2665 1605 Περὶ
2700 1533 2757 1586 δὲ
2806 1530 2933 1592 τοὺς
2969 1528 3192 1599 χρόνους
3224 1523 3319 1578 τοῦ
3363 1523 3638 1591 μάρτυρος
3672 1535 3799 1583 σφο-

2228 1632 2371 1704 δρῶς
2458 1631 2525 1698 τῇ
2606 1623 2891 1694 Θεοσεσείςι
2964 1621 2993 1673 6
3042 1615 3421 1686 ἀντικείμενος
3484 1610 3801 1679 πιεζόμενος

2234 1701 2566 1792 σῷοδρότερα
2638 1716 2955 1772 καθώπλισε
3031 1714 3126 1765 καὶ
3184 1710 3252 1762 τά
3304 1705 3578 1760 σκάνδαλα
3603 1721 3616 1734 ο
3672 1701 3798 1783 ἑνβα

2157 1818 2196 1870 Β
2229 1791 2417 1868 λοιπον
2447 1813 2745 1883 κηρύσσων
2776 1809 2805 1860 ὁ
2853 1804 3188 1875 θεοπάροχος
3213 1791 3367 1861 οὗτος
3392 1798 3500 1849 τῶν
3533 1793 3802 1847 Θεσσαλο-

2233 1907 2427 1959 νικέων
2482 1900 2797 1971 προστάτης
2837 1896 2933 1950 κα)⁵
2985 1894 3287 1962 σύντροφος
3339 1890 3436 1943 καὶ
3483 1884 3801 1943 διδασκαλος

2233 1998 2335 2064 (δεῖ
2358 1996 2468 2066 γάρ
2524 2010 2637 2063 μοι,
2684 1989 2780 2044 τοῦ
2822 1988 2984 2052 λόγου
3022 1984 3157 2054 πρὸς
3215 1982 3376 2035 τοῦτο
3429 1979 3802 2048 χωρήσαντος.

2238 2088 2542 2162 μνησθῆναι
2596 2083 2695 2138 ttat
2746 2075 3065 2147 Θαυμαστοῦ
3142 2073 3528 2142 διηγήματος.
3579 2067 3609 2120 δ
3658 2066 3808 2131 παρά

2236 2156 2492 2251 πατέρων
2526 2173 2766 2245 ἀκήκοα)
2812 2170 3052 2238 ἐπλήρου
3109 2166 3208 2234 τὴν
3265 2162 3423 2216 πόλιν
3478 2156 3807 2229 ὀρθοδοξίας,

2237 2250 2489 2334 καὶτοὺς
2540 2263 2956 2330 ἀντιδοξοῦντας
3001 2259 3335 2329 ἐχώννυε....
3369 2253 3436 2306 Τί
3479 2253 3538 2305 δὲ
3594 2250 3687 2304 καὶ
3741 2251 3806 2299 τὺ

2236 2366 2521 2435 διήγημα;
2558 2358 2926 2431 Ἑξῃτεῖτο....
2966 2352 3119 2422 παρά
3152 2349 3261 2402 τῶν
3295 2344 3561 2416 νουνεχῶς
3591 2342 3659 2396 τὰ
3687 2342 3809 2393 θεῖα

2238 2432 2693 2523 διακριόούντων,
2742 2446 2907 2500 πόθεν
2952 2446 2984 2514 ἡ
3040 2443 3168 2511 περὶ
3197 2441 3288 2492 τὸν
3318 2436 3600 2507 φιλόπολιν
3628 2432 3815 2486 τοῦτον

2241 2548 2333 2599 καὶ
2366 2541 2637 2610 Θεοστεφῆ
2672 2537 2923 2609 μάρτυρα
2972 2534 3132 2603 φήμη
3158 2530 3252 2583 ἐπὶ
3284 2527 3540 2581 τοσοῦτον
3595 2523 3816 2583 διέδρα-

2244 2654 2368 2709 μεν⁹
2414 2635 2489 2697 ὡς
2527 2632 2624 2686 καὶ
2657 2625 3102 2700 μεγαλυνομὲνης
3130 2620 3305 2687 αὐτῆς
3337 2619 3395 2670 τὸ
3429 2616 3697 2686 βάσκανον
3722 2609 3820 2675 οὖς

2243 2727 2647 2801 παροξυνθῆναι
2694 2722 2790 2774 τοῦ
2825 2715 3220 2789 τυραννοῦντος
3258 2709 3507 2765 «ἐνταῦθα
3546 2708 3668 2759 τότε
3695 2706 3815 2758 διὰ·

2243 2838 2467 2893 γοντοςο
2522 2819 2615 2874 καὶ.
2662 2816 2903 2883 ἐλέγετο,
2954 2810 3031 2871 ὼς
3074 2808 3138 2860 ού
3174 2804 3429 2859 τοσοῦτον
3480 2803 3543 2854 ὲκ
3591 2800 3701 2853 τῶν
3731 2798 3821 2851 διὰ

2246 2889 2564 2985 προσευχῆς
2622 2909 2871 2979 ἰωμένων
2928 2901 3235 2971 σωμάτων,
3292 2896 3416 2949 ὅσον
3468 2893 3533 2944 ὲκ
3571 2891 3679 2943 τῶν
3730 2889 3822 2941 διὰ

2245 3010 2472 3078 διδαχῆς
2495 2998 2951 3074 καθαριζομένων
2976 2991 3189 3065 ψυχῶν.

2324 3074 2545 3160 ὅθι-Ὠς
2582 3096 2694 3165 γὰρ
2728 3092 2789 3158 ἐξ
2843 3090 3010 3143 ὕπνου
3054 3086 3320 3153 διήγειρε,
3349 3080 3445 3133 καὶ
3481 3078 3556 3141 ὡς
3606 3077 3669 3129 ἔκ
3696 3074 3820 3144 β⁰Ρ’

566 3166 834 3198 δυὶιιιιιῦιιι
861 3174 875 3199 ,
918 3166 936 3185 ι
956 3166 1459 3184 ιιυοσυινιυνν..----
1517 3166 1563 3170 ν-
1588 3166 1621 3167 η
1708 3166 1720 3182 Ι
1862 3166 1876 3179 ⁸

566 3233 747 3302 primo
783 3227 1001 3297 quidem
1053 3215 1429 3273 Anastasianas
1478 3209 1613 3264 Vita:
1644 3206 1842 3269 verba,
1887 3216 2007 3270 qua:
2038 3199 2146 3252 huc

2251 3197 2414 3265 ὁόρου
2451 3187 2682 3243 ἀπέλουε
2715 3185 2814 3245 τὰς
2845 3183 2903 3235 ἐν
2934 3178 3010 3248 τῷ
3038 3178 3228 3243 λάκκῳ
3252 3174 3347 3243 τῆς
3378 3166 3822 3235 εἰδωλολατρείας

2252 3291 2273 3302 -
2398 3284 2475 3302 -ικ
2539 3280 2626 3302 --_\
2665 3277 2810 3302 r1-.-
2845 3269 3226 3302 ..-.........t.....-
3265 3265 3444 3302 ,νηινμιρ
3473 3260 3575 3302 τὴν
3621 3257 3819 3302 νοητὴν

567 3294 813 3391 faciunt,
832 3334 988 3374 num.
1033 3315 1058 3367 1
1098 3315 1216 3367 haec
1241 3316 1411 3364 sunt:
1453 3323 1471 3357 ι
1505 3304 1654 3359 Inter
1686 3313 1823 3369 quos
1856 3294 2144 3357 (Christia-

568 3418 696 3484 nos)
748 3420 863 3477 erat
924 3409 1122 3461 beatus
1175 3397 1481 3454 Demetrius
1535 3390 1882 3447 manifestum
1937 3385 2146 3439 faciens

578 3479 935 3570 semetipsum
967 3495 1173 3561 absque
1204 3488 1313 3542 ullo
1346 3486 1558 3545 timore,
1601 3481 1693 3550 qui
1725 3494 1754 3531 a
1784 3479 2073 3546 juventute
2095 3483 2147 3526 et

571 3599 712 3652 bona
754 3603 939 3659 egerat
964 3598 1128 3654 opera
1159 3589 1214 3635 et
1241 3579 1374 3631 alios
1403 3575 1681 3649 docuerat.
1715 3569 1954 3623 Docebat
1979 3564 2147 3625 enim,

571 3654 815 3756 qualiter:
841 3679 1024 3737 divina
1053 3670 1331 3744 Sapientia
1356 3665 1715 3721 descenderat
1739 3662 1805 3715 ad
1840 3668 2046 3713 terram
2080 3654 2149 3708 de

572 3778 737 3839 cmlo,
775 3781 838 3829 ut
872 3768 1174 3830 hominem,
1219 3762 1312 3832 qui
1350 3769 1603 3813 mortuus
1657 3754 1835 3807 fuerat
1882 3755 2145 3818 peccato,

576 3836 875 3923 vivificaret
898 3859 1164 3930 sanguine
1197 3851 1438 3924 proprio.
1468 3846 1604 3900 Cum
1630 3842 1746 3898 haec
1774 3852 1827 3896 et
1852 3840 1953 3894 alia
1983 3836 2153 3891 multa

572 3958 917 4032 praedicaret.
958 3970 977 4004 ι
1002 3926 1140 4007 etc.:
1175 3933 1454 3999 Photiante
1482 3952 1613 3991 vero
1640 3935 1745 3989 ista
1773 3948 1787 3984 :
1820 3949 1839 3982 ι
1873 3928 1973 3983 Hie
1993 3926 2156 3981 Chri-

578 4018 647 4107 sti
703 4055 910 4116 martyr
948 4035 1278 4096 Demetrius,
1326 4043 1507 4102 praeco
1551 4036 1609 4081 et
1652 4024 1845 4080 doctor
1889 4018 2110 4091 pietatis
2135 4058 2149 4081 ,

577 4108 956 4212 apostolorum
978 4123 1454 4202 peregrinationes
1484 4126 1540 4173 et
1572 4111 1873 4171 certamina
1907 4108 2158 4163 imitaba-

579 4199 688 4296 tur,
724 4238 780 4286 et
819 4199 1368 4283 Thessalonicensem
1415 4210 1607 4265 urbem
1648 4203 1858 4259 lumine
1890 4199 2156 4256 doctrina:

581 4290 695 4380 sua:
725 4322 794 4377 ab
816 4315 1023 4374 erroris
1054 4308 1301 4367 tenebris
1329 4302 1621 4358 abductam
1651 4296 1717 4351 ad
1748 4292 2028 4350 Christum
2059 4290 2159 4344 ad-

581 4414 760 4471 duxit.
798 4430 818 4464 ι
869 4408 964 4464 Hae
1016 4406 1155 4460 bime
1186 4402 1302 4456 ista:
1334 4393 1520 4451 Sancti
1548 4390 1681 4444 Vitae
1724 4401 1821 4442 seu
1872 4383 2162 4439 Passiones

2247 3257 2482 3352 δυσωδίᾳ
2537 3280 2632 3334 καὶ
2662 3277 2813 3346 ζόφῳ
2845 3269 3226 3340 κατεχομένας
3265 3265 3444 3335 ψυχὰς
3473 3260 3575 3327 τὴν
3621 3257 3819 3323 νοητὴν

2249 3378 2431 3436 καὶτὸ
2458 3347 2715 3443 θυμίαμα
2755 3368 2855 3435 τῆς
2907 3363 3161 3434 οὐρανίου
3211 3357 3518 3416 συνθέσεως
3554 3347 3816 3421 Χριστὸν,

2249 3474 2341 3525 τὸν
2367 3439 2617 3537 ἀληθινὸν
2641 3439 2779 3514 -Θεδν
2818 3456 2977 3528 ἡμῶν
2997 3455 3117 3514 ταῖς
3147 3448 3393 3519 καρδίαις
3437 3442 3615 3496 αὐτῶν
3649 3439 3818 3492 είσοιο

2252 3525 2553 3624 adﬁnitde
2587 3553 2688 3622 μὶν
2717 3525 3071 3619 γὰρήίώμενα
3100 3539 3333 3608 σώματα
3383 3534 3484 3603 τὴν
3538 3528 3633 3583 τοῦ
3682 3525 3819 3579 θεοῦ

2251 3619 2460 3720 δωρεὰν
2496 3619 2857 3713 ὲνειράνιζον,
2918 3637 2967 3689 εί
3029 3634 3125 3687 καὶ
3180 3631 3264 3684 ὅτι
3306 3626 3444 3696 πρὸς
3494 3622 3656 3685 ἀξίαν
3689 3619 3827 3672 διδό-

2257 3708 2393 3810 μενα
2427 3735 2523 3790 καὶ
2580 3708 2648 3786 τὰ
2698 3727 2925 3782 τοιαῦτα
2981 3723 3303 3794 χαρίσματα
3353 3717 3414 3769 οὐ
3473 3711 3677 3783 μικρὰν
3713 3708 3823 3761 τῶν

2252 3805 2558 3900 δεχομένων
2585 3824 2684 3892 τὴν
2733 3822 2791 3874 ὲν
2817 3820 2987 3890 ἀρετῇ
3026 3812 3311 3885 προκοπὴν
3361 3805 3819 3873 ἀπαγγέλλουσιν.

2247 3895 2401 3979 nisi.
2424 3919 2596 3990 ψυχαὶ
2628 3916 2738 3968 τῶν
2771 3907 3261 3980 ἑπιστρεφομένων
3289 3904 3370 3964 είς
3395 3897 3708 3952 Θεοσέὸειαν
3732 3895 3826 3947 καὶ

2256 4016 2317 4068 τὸ
2347 3985 2590 4083 ἀτρεμλς
2612 4011 2712 4078 τῆς
2749 4003 2975 4073 διδαχῆς
3027 4001 3122 4054 καὶ
3178 3997 3240 4050 τὺ
3285 3992 3704 4058 ἀκατάπληκτον
3735 3985 3828 4039 τοῦ

2259 4103 2604 4160 ἐπικινδύνου
2664 4098 3029 4168 κηρύγματος
3070 4089 3249 4146 αὐτοῦ
3284 4088 3411 4148 τοὺς
3464 4083 3695 4154 ἱδρῶτας
3732 4077 3828 4131 τοῦ

2257 4195 2561 4267 ἁθλοφόρου
2611 4191 2740 4254 τοὺς
2787 4188 3031 4255 εὐγενεῖς
3061 4180 3496 4236 ὲκκαλύπτουσιν
3526 4175 3629 4226 οὐκ
3673 4174 3729 4222 ὲν
3759 4170 3828 4236 τῇ

2260 4288 2413 4361 χώρα
2445 4266 2625 4358 μόνον,
2651 4282 2786 4340 ἀλλά
2817 4282 2914 4335 καὶ
2944 4280 3058 4340 τοῖς
3094 4269 3413 4341 ἁπανταχοῦ
3441 4268 3501 4321 τὸ
3527 4266 3832 4333 ὑπέρογκοι

2262 4381 2428 4435 αὐτοῦ
2477 4380 2577 4447 τῆς
2625 4375 2828 4446 ἀρετῆς
2884 4367 3302 4441 ἐμφανίζουσαι.
3357 4362 3437 4416 Εη
3472 4373 3642 4421 nunc,
3669 4367 3834 4424 quam

581 4447 760 4471 υυλιιο
798 4447 818 4464 1
872 4447 964 4464 unum
1018 4447 1154 4460 ιιι-..σν
1190 4447 1299 4456 .--π
1349 4447 1417 4451 ,-,
1459 4447 1465 4448 ,

581 4522 694 4563 non
737 4504 969 4559 obscure
996 4511 1151 4560 sane.
1184 4507 1292 4563 qua
1325 4489 1391 4543 de
1418 4486 1514 4542 hic
1543 4495 1745 4544 scrma.
1774 4473 2158 4546 Memphrastis
2185 4471 2238 4532 D
2269 4474 2418 4529 hisce
2449 4468 2678 4526 Joannis
2708 4458 3215 4521 Thessalonicensis
3239 4455 3423 4511 verbis
3447 4449 3717 4519 adaptavi,
3750 4447 3837 4500 in-

586 4596 956 4666 anonymique
1009 4583 1253 4659 quihuic
1297 4578 1545 4651 praelusit
1581 4570 1860 4643 scriptoris
1881 4564 2161 4623 assertioni

586 4693 657 4745 de
694 4656 883 4744 sancto
928 4656 1206 4737 Demetrio
1258 4674 1527 4733 faventes,
1562 4668 1632 4721 ita
1660 4674 1847 4725 tamen
1893 4667 1986 4719 ut.
2021 4656 2166 4727 quod

588 4784 827 4843 vitarem
883 4776 1096 4830 illarum
1150 4769 1300 4840 prior
1334 4778 1442 4818 non
1494 4757 1645 4819 facit,
1691 4762 1856 4809 totam
1898 4765 1992 4823 per
2024 4749 2169 4803 hunc

587 4873 762 4930 fuisse
820 4873 889 4924 ad
942 4862 1220 4923 Christum
1283 4854 1555 4911 civitatem
1625 4845 2168 4902 Thessalonicensem

591 4972 940 5022 conversam,
975 4950 1247 5026 posterior
1276 4953 1464 5016 aperte
1498 4940 1701 4995 edicat.
1729 4938 1796 4991 Et
1822 4950 1952 4991 vero
1983 4934 2174 4987 Deme-

594 5057 794 5111 trium.
822 5051 867 5106 si
895 5061 1007 5102 non
1056 5046 1321 5111 integram
1352 5048 1505 5091 suam
1533 5033 1676 5087 hanc
1710 5028 1985 5083 civitatem
2016 5033 2170 5078 nata-

586 5148 704 5203 lem
738 5145 806 5197 ab
828 5151 1019 5196 errore
1050 5134 1115 5189 ad
1146 5131 1426 5188 Christum
1456 5121 1703 5185 adduxit,
1729 5119 1962 5173 multum
1992 5124 2172 5170 tamen

592 5240 653 5295 in
691 5249 754 5292 ea
809 5232 935 5289 ﬁdei
978 5225 1205 5283 veritate
1235 5235 1344 5278 non
1371 5215 1560 5290 paucis
1591 5212 1817 5268 imbutis
1839 5249 1853 5275 ,
1885 5207 2176 5278 protulisse

594 5331 842 5384 fructum
878 5364 893 5387 ,
946 5321 1142 5377 saltem
1175 5315 1339 5369 etiam
1392 5323 1500 5364 non
1549 5306 1780 5361 obscure
1838 5300 2017 5355 innuit
2073 5313 2177 5352 sae-

597 5420 832 5493 pissime
892 5416 1003 5484 )am
1053 5409 1306 5465 laudatus
1343 5402 1582 5459 Joannes
1631 5389 2175 5450 Thessalonicensis,

597 5485 758 5583 cujus
780 5507 966 5565 Greca
988 5506 1176 5569 verba,
1204 5503 1270 5557 ad
1293 5497 1603 5554 institutum
1629 5501 1871 5561 praesens
1901 5485 2178 5540 facientia.

596 5572 724 5658 utut
770 5596 1063 5655 admodum
1112 5590 1363 5663 prolixa,
1425 5587 1518 5641 hic
1568 5591 1751 5636 tamen
1785 5577 1984 5633 adhuc.
2029 5572 2176 5644 quod

601 5704 939 5763 quaecunque
1005 5687 1073 5743 de
1113 5684 1316 5741 Sancto
1357 5695 1389 5735 e
1434 5677 1623 5732 codice
1667 5673 1799 5729 olim
1864 5666 2185 5723 Mazarinzo

604 5760 875 5854 descripta
917 5780 1217 5844 habemus,
1269 5788 1330 5828 ea
1388 5771 1501 5825 fere
1541 5764 1729 5822 omnia
1776 5764 1918 5835 typis
1964 5760 2185 5832 vulgare

2269 4560 2711 4631 terpretationem
2736 4556 3006 4611 Latinam.
3033 4570 3053 4605 ι
3077 4549 3251 4617 Quam
3275 4561 3405 4601 vero
3442 4544 3561 4611 ipse
3588 4541 3837 4607 (sanctus

2270 4655 2579 4713 Demetrius
2608 4649 2884 4717 videlicet)
2914 4646 3001 4701 illa
3032 4642 3097 4697 ad
3127 4639 3430 4697 docendum
3465 4644 3587 4703 apta
3620 4637 3841 4699 aposto-

2271 4750 2485 4819 licaque
2509 4742 2680 4817 gratia
2708 4747 2931 4808 accepta
2963 4732 3386 4789 retributionem
3423 4728 3535 4781 Deo
3567 4719 3841 4790 repende-

2272 4844 2365 4905 rit,
2396 4841 2772 4894 videamus...
2812 4830 2906 4885 Dei
2934 4840 3165 4882 munere
3194 4820 3456 4878 doctrinae
3483 4817 3604 4882 ejus
3629 4811 3843 4883 puritas

2273 4931 2561 4989 manifesta
2605 4934 2852 4996 apparet.
2891 4919 3175 4974 Iudaicam
3222 4929 3392 4975 enim,
3419 4909 3696 4963 etltnicam
3726 4918 3848 4957 om-

2274 5038 2512 5092 nemque
2571 5018 2730 5095 aliam
2784 5015 2897 5069 Deo
2949 5009 3225 5065 inimicam
3280 5002 3531 5058 haeresim
3587 4996 3856 5051 radicitus

2276 5132 2395 5170 esse
2438 5130 2503 5168 ex
2548 5090 2673 5173 hoc,
2707 5106 2852 5176 quod
2893 5120 2925 5158 a
2972 5103 3083 5156 Deo
3119 5097 3446 5158 custoditur,
3477 5088 3679 5147 Christi
3717 5086 3853 5142 ovili

2279 5208 2546 5266 evulsam,
2579 5200 2865 5271 cuiusnam
2916 5192 3166 5254 alterius,
3207 5202 3372 5259 quam
3403 5193 3524 5255 post
3554 5182 3724 5235 Deum
3754 5179 3857 5233 ci-

2282 5297 2464 5353 vitatis
2522 5291 2767 5363 magistri
2825 5284 3111 5363 (Demetrii
3171 5279 3453 5347 nimirum)
3522 5273 3854 5330 beneﬁcium

2279 5390 2515 5446 est?.....
2550 5382 2798 5453 Martyris
2827 5382 3030 5449 quippe
3057 5374 3398 5444 temporibus
3429 5369 3689 5424 adversus
3725 5365 3861 5419 reli-

2284 5482 2498 5553 gionem
2540 5475 2834 5533 inimicus.
2888 5470 2954 5524 ad
2990 5467 3274 5538 angustias
3315 5464 3563 5522 adactus,
3605 5458 3859 5525 graviora

2287 5546 2449 5627 etiam
2505 5566 2758 5623 scandala
2802 5561 2980 5616 valide
3031 5557 3299 5619 armavit;
3346 5554 3437 5607 ubi
3491 5551 3709 5606 tandem
3768 5546 3868 5601 hic

2287 5662 2615 5729 (Demetrius
2647 5658 2862 5726 nempe)
2899 5657 3140 5706 statutus
3170 5663 3197 5701 a
3238 5647 3346 5701 Deo
3370 5652 3580 5716 pastor,
3617 5638 3866 5693 Thessa-

2289 5751 2648 5809 lonicensium
2685 5756 2966 5818 patronus.
3005 5741 3259 5795 alumnus
3285 5749 3341 5792 et
3377 5736 3632 5805 magister
3667 5731 3875 5802 praedi-
