  <div class='ocr_page' id='page_1' title='image "/cluster/home/n/w/nwhite01/storage/ocr_20150623/116/hvd.32044073502221/558.png"; bbox 0 0 4142 6380; ppageno 0'>
   <div class='ocr_carea' id='block_1_1' title="bbox 370 331 506 397">
    <p class='ocr_par' dir='ltr' id='par_1_1' title="bbox 370 331 506 397">
     <span class='ocr_line' id='line_1_1' title="bbox 370 331 506 397; baseline 0.007 -1"><span class='ocrx_word' id='word_1_1' title='bbox 370 331 506 397; x_wconf 77' lang='lat' dir='ltr'><strong>tlti5</strong></span> 
     </span>
    </p>
   </div>
   <div class='ocr_carea' id='block_1_2' title="bbox 1429 344 2603 407">
    <p class='ocr_par' dir='ltr' id='par_1_2' title="bbox 1429 344 2603 407">
     <span class='ocr_line' id='line_1_2' title="bbox 1429 344 2603 407; baseline 0.004 -5"><span class='ocrx_word' id='word_1_2' title='bbox 1429 344 1486 404; x_wconf 89' lang='lat' dir='ltr'><strong>S.</strong></span> <span class='ocrx_word' id='word_1_3' title='bbox 1527 344 1909 404; x_wconf 78' lang='lat' dir='ltr'><strong>DEMETRII</strong></span> <span class='ocrx_word' id='word_1_4' title='bbox 1958 345 2347 406; x_wconf 80' lang='lat' dir='ltr'><strong>MARTYRIS</strong></span> <span class='ocrx_word' id='word_1_5' title='bbox 2390 346 2603 407; x_wconf 82' lang='lat' dir='ltr'><strong>ACTA.</strong></span> 
     </span>
    </p>
   </div>
   <div class='ocr_carea' id='block_1_3' title="bbox 3489 340 3620 403">
    <p class='ocr_par' dir='ltr' id='par_1_3' title="bbox 3489 340 3620 403">
     <span class='ocr_line' id='line_1_3' title="bbox 3489 340 3620 403; baseline -0.015 0"><span class='ocrx_word' id='word_1_6' title='bbox 3489 340 3620 403; x_wconf 68' lang='lat'><strong>1.06</strong></span> 
     </span>
    </p>
   </div>
   <div class='ocr_carea' id='block_1_4' title="bbox 366 452 3622 529">
    <p class='ocr_par' dir='ltr' id='par_1_4' title="bbox 366 452 3622 529">
     <span class='ocr_line' id='line_1_4' title="bbox 366 452 3622 529; baseline 0.001 -25"><span class='ocrx_word' id='word_1_7' title='bbox 366 467 499 505; x_wconf 74' lang='lat' dir='ltr'><strong>rans</strong></span> <span class='ocrx_word' id='word_1_8' title='bbox 542 460 781 519; x_wconf 65' lang='lat' dir='ltr'><strong>reportet</strong></span> <span class='ocrx_word' id='word_1_9' title='bbox 810 452 978 520; x_wconf 89' lang='lat' dir='ltr'><strong>enim,</strong></span> <span class='ocrx_word' id='word_1_10' title='bbox 1017 470 1269 511; x_wconf 82' lang='lat' dir='ltr'><strong>sermone</strong></span> <span class='ocrx_word' id='word_1_11' title='bbox 1309 457 1371 510; x_wconf 88' lang='lat' dir='ltr'><strong>ad</strong></span> <span class='ocrx_word' id='word_1_12' title='bbox 1424 459 1527 514; x_wconf 88' lang='lat' dir='ltr'><strong>hoc</strong></span> <span class='ocrx_word' id='word_1_13' title='bbox 1564 461 1807 529; x_wconf 87' lang='lat' dir='ltr'><strong>delapso,</strong></span> <span class='ocrx_word' id='word_1_14' title='bbox 1845 462 1942 513; x_wconf 91' lang='lat' dir='ltr'><strong>mi-</strong></span> <span class='ocrx_word' id='word_1_15' title='bbox 1979 465 2019 519; x_wconf 81' lang='grc' dir='ltr'>Α</span> <span class='ocrx_word' id='word_1_16' title='bbox 2053 479 2211 516; x_wconf 91' lang='lat' dir='ltr'><strong>suum</strong></span> <span class='ocrx_word' id='word_1_17' title='bbox 2277 463 2565 517; x_wconf 80' lang='lat' dir='ltr'><strong>consilium</strong></span> <span class='ocrx_word' id='word_1_18' title='bbox 2631 458 2778 513; x_wconf 88' lang='lat' dir='ltr'><strong>felici</strong></span> <span class='ocrx_word' id='word_1_19' title='bbox 2850 474 3111 514; x_wconf 81' lang='lat' dir='ltr'><strong>successu</strong></span> <span class='ocrx_word' id='word_1_20' title='bbox 3175 456 3493 528; x_wconf 82' lang='lat' dir='ltr'><strong>perﬁceret,</strong></span> <span class='ocrx_word' id='word_1_21' title='bbox 3554 456 3622 509; x_wconf 87' lang='lat' dir='ltr'><strong>ad</strong></span> 
     </span>
    </p>
   </div>
   <div class='ocr_carea' id='block_1_5' title="bbox 367 543 1948 617">
    <p class='ocr_par' dir='ltr' id='par_1_5' title="bbox 367 543 1948 617">
     <span class='ocr_line' id='line_1_5' title="bbox 367 543 1948 617; baseline 0.007 -22"><span class='ocrx_word' id='word_1_22' title='bbox 367 543 551 597; x_wconf 74' lang='lat' dir='ltr'><strong>randa:</strong></span> <span class='ocrx_word' id='word_1_23' title='bbox 584 545 937 609; x_wconf 76' lang='lat' dir='ltr'><strong>narrationis,</strong></span> <span class='ocrx_word' id='word_1_24' title='bbox 990 564 1153 611; x_wconf 85' lang='lat' dir='ltr'><strong>quant</strong></span> <span class='ocrx_word' id='word_1_25' title='bbox 1188 566 1216 602; x_wconf 90' lang='lat' dir='ltr'><strong>e</strong></span> <span class='ocrx_word' id='word_1_26' title='bbox 1252 550 1551 617; x_wconf 81' lang='lat' dir='ltr'><strong>majoribus</strong></span> <span class='ocrx_word' id='word_1_27' title='bbox 1603 552 1817 616; x_wconf 91' lang='lat' dir='ltr'><strong>audivi,</strong></span> <span class='ocrx_word' id='word_1_28' title='bbox 1863 568 1948 606; x_wconf 90' lang='lat' dir='ltr'><strong>me</strong></span> 
     </span>
    </p>
   </div>
   <div class='ocr_carea' id='block_1_6' title="bbox 369 632 1966 708">
    <p class='ocr_par' dir='ltr' id='par_1_6' title="bbox 369 632 1966 708">
     <span class='ocr_line' id='line_1_6' title="bbox 369 632 1966 708; baseline 0.004 -23"><span class='ocrx_word' id='word_1_29' title='bbox 369 632 710 699; x_wconf 73' lang='lat' dir='ltr'><strong>meminisse)</strong></span> <span class='ocrx_word' id='word_1_30' title='bbox 746 643 893 687; x_wconf 87' lang='lat' dir='ltr'><strong>recta</strong></span> <span class='ocrx_word' id='word_1_31' title='bbox 926 634 1177 689; x_wconf 78' lang='lat' dir='ltr'><strong>doctrina</strong></span> <span class='ocrx_word' id='word_1_32' title='bbox 1210 637 1488 692; x_wconf 87' lang='lat' dir='ltr'><strong>civitatem</strong></span> <span class='ocrx_word' id='word_1_33' title='bbox 1524 639 1791 708; x_wconf 89' lang='lat' dir='ltr'><strong>implevit,</strong></span> <span class='ocrx_word' id='word_1_34' title='bbox 1818 656 1966 707; x_wconf 83' lang='lat' dir='ltr'><strong>con-_</strong></span> 
     </span>
    </p>
   </div>
   <div class='ocr_carea' id='block_1_7' title="bbox 371 722 1944 797">
    <p class='ocr_par' dir='ltr' id='par_1_7' title="bbox 371 722 1944 797">
     <span class='ocr_line' id='line_1_7' title="bbox 371 722 1944 797; baseline 0.007 -24"><span class='ocrx_word' id='word_1_35' title='bbox 371 722 649 790; x_wconf 84' lang='lat' dir='ltr'><strong>trariaqne</strong></span> <span class='ocrx_word' id='word_1_36' title='bbox 679 722 981 777; x_wconf 68' lang='lat' dir='ltr'><strong>sentientes</strong></span> <span class='ocrx_word' id='word_1_37' title='bbox 1009 726 1403 792; x_wconf 75' lang='lat' dir='ltr'><strong>compressit...</strong></span> <span class='ocrx_word' id='word_1_38' title='bbox 1430 727 1528 781; x_wconf 81' lang='lat' dir='ltr'><strong>Ast</strong></span> <span class='ocrx_word' id='word_1_39' title='bbox 1570 745 1820 797; x_wconf 59' lang='lat' dir='ltr'><strong>quianam</strong></span> <span class='ocrx_word' id='word_1_40' title='bbox 1856 733 1944 784; x_wconf 89' lang='lat' dir='ltr'><strong>illa</strong></span> 
     </span>
    </p>
   </div>
   <div class='ocr_carea' id='block_1_8' title="bbox 368 813 765 865">
    <p class='ocr_par' dir='ltr' id='par_1_8' title="bbox 368 813 765 865">
     <span class='ocr_line' id='line_1_8' title="bbox 368 813 765 865; baseline 0.003 -1"><span class='ocrx_word' id='word_1_41' title='bbox 368 821 452 865; x_wconf 81' lang='lat' dir='ltr'><strong>est</strong></span> <span class='ocrx_word' id='word_1_42' title='bbox 484 813 765 865; x_wconf 77' lang='lat' dir='ltr'><strong>narratio?</strong></span> 
     </span>
    </p>
   </div>
   <div class='ocr_carea' id='block_1_9' title="bbox 442 902 1946 977">
    <p class='ocr_par' dir='ltr' id='par_1_9' title="bbox 442 902 1946 977">
     <span class='ocr_line' id='line_1_9' title="bbox 442 902 1946 977; baseline 0.006 -21"><span class='ocrx_word' id='word_1_43' title='bbox 442 902 527 956; x_wconf 71' lang='grc'><strong>40.</strong></span> <span class='ocrx_word' id='word_1_44' title='bbox 568 922 584 954; x_wconf 76' lang='grc' dir='ltr'>ι</span> <span class='ocrx_word' id='word_1_45' title='bbox 624 903 704 957; x_wconf 78' lang='lat' dir='ltr'><strong>Ab</strong></span> <span class='ocrx_word' id='word_1_46' title='bbox 744 903 883 958; x_wconf 92' lang='lat' dir='ltr'><strong>iis...</strong></span> <span class='ocrx_word' id='word_1_47' title='bbox 918 905 1012 973; x_wconf 91' lang='lat' dir='ltr'><strong>qui</strong></span> <span class='ocrx_word' id='word_1_48' title='bbox 1056 905 1239 960; x_wconf 87' lang='lat' dir='ltr'><strong>divina</strong></span> <span class='ocrx_word' id='word_1_49' title='bbox 1276 910 1577 977; x_wconf 82' lang='lat' dir='ltr'><strong>prudenter</strong></span> <span class='ocrx_word' id='word_1_50' title='bbox 1611 922 1946 977; x_wconf 85' lang='lat' dir='ltr'><strong>scrutantur,</strong></span> 
     </span>
    </p>
   </div>
   <div class='ocr_carea' id='block_1_10' title="bbox 372 994 1952 1063">
    <p class='ocr_par' dir='ltr' id='par_1_10' title="bbox 372 994 1952 1063">
     <span class='ocr_line' id='line_1_10' title="bbox 372 994 1952 1063; baseline 0.008 -18"><span class='ocrx_word' id='word_1_51' title='bbox 372 994 740 1061; x_wconf 66' lang='lat' dir='ltr'><strong>qumrehatur,</strong></span> <span class='ocrx_word' id='word_1_52' title='bbox 771 996 864 1063; x_wconf 86' lang='lat' dir='ltr'><strong>qui</strong></span> <span class='ocrx_word' id='word_1_53' title='bbox 894 996 961 1051; x_wconf 89' lang='lat' dir='ltr'><strong>de</strong></span> <span class='ocrx_word' id='word_1_54' title='bbox 995 997 1087 1051; x_wconf 93' lang='lat' dir='ltr'><strong>illo</strong></span> <span class='ocrx_word' id='word_1_55' title='bbox 1116 997 1352 1052; x_wconf 80' lang='lat' dir='ltr'><strong>civitatis</strong></span> <span class='ocrx_word' id='word_1_56' title='bbox 1390 1013 1606 1055; x_wconf 88' lang='lat' dir='ltr'><strong>amante</strong></span> <span class='ocrx_word' id='word_1_57' title='bbox 1662 1013 1952 1058; x_wconf 88' lang='lat' dir='ltr'><strong>coronato—</strong></span> 
     </span>
    </p>
   </div>
   <div class='ocr_carea' id='block_1_11' title="bbox 374 1083 1951 1161">
    <p class='ocr_par' dir='ltr' id='par_1_11' title="bbox 374 1083 1951 1161">
     <span class='ocr_line' id='line_1_11' title="bbox 374 1083 1951 1161; baseline 0.011 -26"><span class='ocrx_word' id='word_1_58' title='bbox 374 1096 483 1153; x_wconf 87' lang='lat' dir='ltr'><strong>que</strong></span> <span class='ocrx_word' id='word_1_59' title='bbox 505 1100 535 1137; x_wconf 88' lang='lat' dir='ltr'><strong>a</strong></span> <span class='ocrx_word' id='word_1_60' title='bbox 563 1083 672 1138; x_wconf 90' lang='lat' dir='ltr'><strong>Deo</strong></span> <span class='ocrx_word' id='word_1_61' title='bbox 704 1097 943 1155; x_wconf 81' lang='lat' dir='ltr'><strong>martyre</strong></span> <span class='ocrx_word' id='word_1_62' title='bbox 991 1087 1135 1142; x_wconf 89' lang='lat' dir='ltr'><strong>fama</strong></span> <span class='ocrx_word' id='word_1_63' title='bbox 1170 1099 1277 1144; x_wconf 85' lang='lat' dir='ltr'><strong>tam</strong></span> <span class='ocrx_word' id='word_1_64' title='bbox 1317 1092 1422 1146; x_wconf 85' lang='lat' dir='ltr'><strong>late</strong></span> <span class='ocrx_word' id='word_1_65' title='bbox 1452 1104 1598 1149; x_wconf 87' lang='lat' dir='ltr'><strong>esset</strong></span> <span class='ocrx_word' id='word_1_66' title='bbox 1631 1095 1852 1161; x_wconf 72' lang='lat' dir='ltr'><strong>diffusa,</strong></span> <span class='ocrx_word' id='word_1_67' title='bbox 1893 1107 1951 1151; x_wconf 93' lang='lat' dir='ltr'><strong>ut</strong></span> 
     </span>
    </p>
   </div>
   <div class='ocr_carea' id='block_1_12' title="bbox 378 1174 1950 1259">
    <p class='ocr_par' dir='ltr' id='par_1_12' title="bbox 378 1174 1950 1259">
     <span class='ocr_line' id='line_1_12' title="bbox 378 1174 1950 1259; baseline 0.01 -32"><span class='ocrx_word' id='word_1_68' title='bbox 378 1174 528 1229; x_wconf 91' lang='lat' dir='ltr'><strong>illius</strong></span> <span class='ocrx_word' id='word_1_69' title='bbox 554 1184 728 1231; x_wconf 74' lang='lat' dir='ltr'><strong>aucta:</strong></span> <span class='ocrx_word' id='word_1_70' title='bbox 762 1175 969 1232; x_wconf 80' lang='lat' dir='ltr'><strong>invidia</strong></span> <span class='ocrx_word' id='word_1_71' title='bbox 1000 1180 1281 1237; x_wconf 83' lang='lat' dir='ltr'><strong>stimulare</strong></span> <span class='ocrx_word' id='word_1_72' title='bbox 1315 1194 1445 1240; x_wconf 91' lang='lat' dir='ltr'><strong>tunc</strong></span> <span class='ocrx_word' id='word_1_73' title='bbox 1472 1186 1825 1254; x_wconf 79' lang='lat' dir='ltr'><strong>dominantis,</strong></span> <span class='ocrx_word' id='word_1_74' title='bbox 1855 1190 1950 1259; x_wconf 88' lang='lat' dir='ltr'><strong>qui</strong></span> 
     </span>
    </p>
   </div>
   <div class='ocr_carea' id='block_1_13' title="bbox 379 1268 1948 1348">
    <p class='ocr_par' dir='ltr' id='par_1_13' title="bbox 379 1268 1948 1348">
     <span class='ocr_line' id='line_1_13' title="bbox 379 1268 1948 1348; baseline 0.01 -28"><span class='ocrx_word' id='word_1_75' title='bbox 379 1268 490 1322; x_wconf 86' lang='lat' dir='ltr'><strong>illic</strong></span> <span class='ocrx_word' id='word_1_76' title='bbox 513 1268 589 1338; x_wconf 90' lang='lat' dir='ltr'><strong>(in</strong></span> <span class='ocrx_word' id='word_1_77' title='bbox 611 1270 831 1327; x_wconf 85' lang='lat' dir='ltr'><strong>civitate</strong></span> <span class='ocrx_word' id='word_1_78' title='bbox 853 1270 1329 1331; x_wconf 85' lang='lat' dir='ltr'><strong>Thessalonicensi</strong></span> <span class='ocrx_word' id='word_1_79' title='bbox 1361 1278 1579 1348; x_wconf 84' lang='lat' dir='ltr'><strong>nempe)</strong></span> <span class='ocrx_word' id='word_1_80' title='bbox 1611 1282 1948 1345; x_wconf 87' lang='lat' dir='ltr'><strong>versabatur,</strong></span> 
     </span>
    </p>
   </div>
   <div class='ocr_carea' id='block_1_14' title="bbox 379 1362 1952 1434">
    <p class='ocr_par' dir='ltr' id='par_1_14' title="bbox 379 1362 1952 1434">
     <span class='ocr_line' id='line_1_14' title="bbox 379 1362 1952 1434; baseline 0.01 -21"><span class='ocrx_word' id='word_1_81' title='bbox 379 1375 541 1414; x_wconf 80' lang='lat' dir='ltr'><strong>aures</strong></span> <span class='ocrx_word' id='word_1_82' title='bbox 585 1362 840 1431; x_wconf 92' lang='lat' dir='ltr'><strong>potuerit.</strong></span> <span class='ocrx_word' id='word_1_83' title='bbox 880 1364 958 1418; x_wconf 81' lang='lat' dir='ltr'><strong>Ac</strong></span> <span class='ocrx_word' id='word_1_84' title='bbox 992 1366 1427 1434; x_wconf 85' lang='lat' dir='ltr'><strong>respondebatur</strong></span> <span class='ocrx_word' id='word_1_85' title='bbox 1464 1386 1477 1423; x_wconf 89' lang='lat'><strong>:</strong></span> <span class='ocrx_word' id='word_1_86' title='bbox 1511 1369 1628 1426; x_wconf 90' lang='lat' dir='ltr'><strong>Non</strong></span> <span class='ocrx_word' id='word_1_87' title='bbox 1665 1381 1773 1426; x_wconf 89' lang='lat' dir='ltr'><strong>tam</strong></span> <span class='ocrx_word' id='word_1_88' title='bbox 1803 1388 1834 1427; x_wconf 90' lang='lat' dir='ltr'><strong>e</strong></span> <span class='ocrx_word' id='word_1_89' title='bbox 1863 1387 1952 1427; x_wconf 86' lang='lat' dir='ltr'><strong>sa-</strong></span> 
     </span>
    </p>
   </div>
   <div class='ocr_carea' id='block_1_15' title="bbox 381 1453 1953 1530">
    <p class='ocr_par' dir='ltr' id='par_1_15' title="bbox 381 1453 1953 1530">
     <span class='ocr_line' id='line_1_15' title="bbox 381 1453 1953 1530; baseline 0.01 -26"><span class='ocrx_word' id='word_1_90' title='bbox 381 1453 527 1505; x_wconf 85' lang='lat' dir='ltr'><strong>natis</strong></span> <span class='ocrx_word' id='word_1_91' title='bbox 555 1468 652 1519; x_wconf 89' lang='lat' dir='ltr'><strong>per</strong></span> <span class='ocrx_word' id='word_1_92' title='bbox 690 1454 999 1509; x_wconf 87' lang='lat' dir='ltr'><strong>orationem</strong></span> <span class='ocrx_word' id='word_1_93' title='bbox 1034 1459 1380 1526; x_wconf 88' lang='lat' dir='ltr'><strong>corporibus,</strong></span> <span class='ocrx_word' id='word_1_94' title='bbox 1423 1477 1585 1530; x_wconf 90' lang='lat' dir='ltr'><strong>quam</strong></span> <span class='ocrx_word' id='word_1_95' title='bbox 1633 1478 1701 1517; x_wconf 83' lang='lat' dir='ltr'><strong>ex</strong></span> <span class='ocrx_word' id='word_1_96' title='bbox 1747 1465 1953 1520; x_wconf 87' lang='lat' dir='ltr'><strong>anima-</strong></span> 
     </span>
    </p>
   </div>
   <div class='ocr_carea' id='block_1_16' title="bbox 380 1543 1951 1619">
    <p class='ocr_par' dir='ltr' id='par_1_16' title="bbox 380 1543 1951 1619">
     <span class='ocr_line' id='line_1_16' title="bbox 380 1543 1951 1619; baseline 0.012 -24"><span class='ocrx_word' id='word_1_97' title='bbox 380 1543 480 1596; x_wconf 88' lang='lat' dir='ltr'><strong>bus</strong></span> <span class='ocrx_word' id='word_1_98' title='bbox 527 1559 622 1613; x_wconf 89' lang='lat' dir='ltr'><strong>per</strong></span> <span class='ocrx_word' id='word_1_99' title='bbox 641 1545 943 1600; x_wconf 88' lang='lat' dir='ltr'><strong>doctrinam</strong></span> <span class='ocrx_word' id='word_1_100' title='bbox 966 1548 1275 1604; x_wconf 84' lang='lat' dir='ltr'><strong>mundatis:</strong></span> <span class='ocrx_word' id='word_1_101' title='bbox 1295 1553 1512 1619; x_wconf 85' lang='lat' dir='ltr'><strong>quando</strong></span> <span class='ocrx_word' id='word_1_102' title='bbox 1538 1556 1682 1608; x_wconf 87' lang='lat' dir='ltr'><strong>enim</strong></span> <span class='ocrx_word' id='word_1_103' title='bbox 1704 1572 1731 1608; x_wconf 85' lang='lat' dir='ltr'><strong>a</strong></span> <span class='ocrx_word' id='word_1_104' title='bbox 1757 1572 1951 1614; x_wconf 86' lang='lat' dir='ltr'><strong>somno</strong></span> 
     </span>
    </p>
   </div>
   <div class='ocr_carea' id='block_1_17' title="bbox 378 1634 1950 1711">
    <p class='ocr_par' dir='ltr' id='par_1_17' title="bbox 378 1634 1950 1711">
     <span class='ocr_line' id='line_1_17' title="bbox 378 1634 1950 1711; baseline 0.011 -26"><span class='ocrx_word' id='word_1_105' title='bbox 378 1634 653 1695; x_wconf 84' lang='lat' dir='ltr'><strong>excitavit,</strong></span> <span class='ocrx_word' id='word_1_106' title='bbox 688 1643 853 1702; x_wconf 91' lang='lat' dir='ltr'><strong>atque</strong></span> <span class='ocrx_word' id='word_1_107' title='bbox 880 1652 908 1687; x_wconf 88' lang='lat' dir='ltr'><strong>a</strong></span> <span class='ocrx_word' id='word_1_108' title='bbox 945 1636 1061 1691; x_wconf 90' lang='lat' dir='ltr'><strong>luto</strong></span> <span class='ocrx_word' id='word_1_109' title='bbox 1099 1642 1445 1709; x_wconf 72' lang='lat' dir='ltr'><strong>eXpurgavit,</strong></span> <span class='ocrx_word' id='word_1_110' title='bbox 1483 1659 1591 1711; x_wconf 91' lang='lat' dir='ltr'><strong>quo</strong></span> <span class='ocrx_word' id='word_1_111' title='bbox 1629 1645 1681 1697; x_wconf 90' lang='lat' dir='ltr'><strong>in</strong></span> <span class='ocrx_word' id='word_1_112' title='bbox 1722 1646 1950 1701; x_wconf 89' lang='lat' dir='ltr'><strong>idolola-</strong></span> 
     </span>
    </p>
   </div>
   <div class='ocr_carea' id='block_1_18' title="bbox 381 1723 1947 1804">
    <p class='ocr_par' dir='ltr' id='par_1_18' title="bbox 381 1723 1947 1804">
     <span class='ocr_line' id='line_1_18' title="bbox 381 1723 1947 1804; baseline 0.011 -28"><span class='ocrx_word' id='word_1_113' title='bbox 381 1723 498 1777; x_wconf 62' lang='lat' dir='ltr'><strong>tria:</strong></span> <span class='ocrx_word' id='word_1_114' title='bbox 533 1724 649 1778; x_wconf 87' lang='lat' dir='ltr'><strong>lacu</strong></span> <span class='ocrx_word' id='word_1_115' title='bbox 680 1724 852 1780; x_wconf 78' lang='lat' dir='ltr'><strong>fetore</strong></span> <span class='ocrx_word' id='word_1_116' title='bbox 885 1742 949 1780; x_wconf 91' lang='lat' dir='ltr'><strong>ac</strong></span> <span class='ocrx_word' id='word_1_117' title='bbox 992 1728 1226 1798; x_wconf 77' lang='lat' dir='ltr'><strong>caligine</strong></span> <span class='ocrx_word' id='word_1_118' title='bbox 1256 1731 1668 1799; x_wconf 85' lang='lat' dir='ltr'><strong>detinebantur,</strong></span> <span class='ocrx_word' id='word_1_119' title='bbox 1717 1739 1947 1804; x_wconf 85' lang='lat' dir='ltr'><strong>animas,</strong></span> 
     </span>
    </p>
   </div>
   <div class='ocr_carea' id='block_1_19' title="bbox 377 1814 1950 1895">
    <p class='ocr_par' dir='ltr' id='par_1_19' title="bbox 377 1814 1950 1895">
     <span class='ocr_line' id='line_1_19' title="bbox 377 1814 1950 1895; baseline 0.008 -26"><span class='ocrx_word' id='word_1_120' title='bbox 377 1814 712 1883; x_wconf 86' lang='lat' dir='ltr'><strong>spiritualem</strong></span> <span class='ocrx_word' id='word_1_121' title='bbox 725 1815 966 1872; x_wconf 87' lang='lat' dir='ltr'><strong>Orientis</strong></span> <span class='ocrx_word' id='word_1_122' title='bbox 993 1819 1225 1888; x_wconf 86' lang='lat' dir='ltr'><strong>plagam.</strong></span> <span class='ocrx_word' id='word_1_123' title='bbox 1261 1820 1611 1892; x_wconf 75' lang='lat' dir='ltr'><strong>cmlesti&#39;sque</strong></span> <span class='ocrx_word' id='word_1_124' title='bbox 1630 1824 1769 1895; x_wconf 81' lang='lat' dir='ltr'><strong>signi</strong></span> <span class='ocrx_word' id='word_1_125' title='bbox 1804 1828 1950 1881; x_wconf 81' lang='lat' dir='ltr'><strong>suiii-</strong></span> 
     </span>
    </p>
   </div>
   <div class='ocr_carea' id='block_1_20' title="bbox 383 1906 1948 1979">
    <p class='ocr_par' dir='ltr' id='par_1_20' title="bbox 383 1906 1948 1979">
     <span class='ocr_line' id='line_1_20' title="bbox 383 1906 1948 1979; baseline 0.009 -22"><span class='ocrx_word' id='word_1_126' title='bbox 383 1915 626 1962; x_wconf 84' lang='lat' dir='ltr'><strong>mentum</strong></span> <span class='ocrx_word' id='word_1_127' title='bbox 660 1906 962 1973; x_wconf 84' lang='lat' dir='ltr'><strong>Christum,</strong></span> <span class='ocrx_word' id='word_1_128' title='bbox 1004 1924 1195 1964; x_wconf 87' lang='lat' dir='ltr'><strong>verum</strong></span> <span class='ocrx_word' id='word_1_129' title='bbox 1230 1911 1403 1966; x_wconf 88' lang='lat' dir='ltr'><strong>Deum</strong></span> <span class='ocrx_word' id='word_1_130' title='bbox 1436 1924 1684 1968; x_wconf 88' lang='lat' dir='ltr'><strong>nostrum</strong></span> <span class='ocrx_word' id='word_1_131' title='bbox 1714 1956 1729 1979; x_wconf 94' lang='lat'><strong>,</strong></span> <span class='ocrx_word' id='word_1_132' title='bbox 1765 1918 1948 1972; x_wconf 85' lang='lat' dir='ltr'><strong>cordi-</strong></span> 
     </span>
    </p>
   </div>
   <div class='ocr_carea' id='block_1_21' title="bbox 383 1997 1949 2076">
    <p class='ocr_par' dir='ltr' id='par_1_21' title="bbox 383 1997 1949 2076">
     <span class='ocr_line' id='line_1_21' title="bbox 383 1997 1949 2076; baseline 0.007 -25"><span class='ocrx_word' id='word_1_133' title='bbox 383 1997 486 2053; x_wconf 86' lang='lat' dir='ltr'><strong>bus</strong></span> <span class='ocrx_word' id='word_1_134' title='bbox 518 2013 710 2053; x_wconf 89' lang='lat' dir='ltr'><strong>eorum</strong></span> <span class='ocrx_word' id='word_1_135' title='bbox 742 2000 1011 2074; x_wconf 87' lang='lat' dir='ltr'><strong>inserens,</strong></span> <span class='ocrx_word' id='word_1_136' title='bbox 1047 2010 1236 2056; x_wconf 90' lang='lat' dir='ltr'><strong>sanata</strong></span> <span class='ocrx_word' id='word_1_137' title='bbox 1269 2003 1487 2073; x_wconf 87' lang='lat' dir='ltr'><strong>quidem</strong></span> <span class='ocrx_word' id='word_1_138' title='bbox 1538 2020 1765 2076; x_wconf 86' lang='lat' dir='ltr'><strong>corpora</strong></span> <span class='ocrx_word' id='word_1_139' title='bbox 1792 2048 1806 2071; x_wconf 89' lang='lat'><strong>,</strong></span> <span class='ocrx_word' id='word_1_140' title='bbox 1846 2012 1949 2064; x_wconf 86' lang='lat' dir='ltr'><strong>etsi</strong></span> 
     </span>
    </p>
   </div>
   <div class='ocr_carea' id='block_1_22' title="bbox 381 2091 1952 2165">
    <p class='ocr_par' dir='ltr' id='par_1_22' title="bbox 381 2091 1952 2165">
     <span class='ocr_line' id='line_1_22' title="bbox 381 2091 1952 2165; baseline 0.008 -20"><span class='ocrx_word' id='word_1_141' title='bbox 381 2091 546 2146; x_wconf 88' lang='lat' dir='ltr'><strong>etiam</strong></span> <span class='ocrx_word' id='word_1_142' title='bbox 596 2100 652 2146; x_wconf 90' lang='lat' dir='ltr'><strong>et</strong></span> <span class='ocrx_word' id='word_1_143' title='bbox 691 2091 1003 2161; x_wconf 74' lang='lat' dir='ltr'><strong>huiusmodi</strong></span> <span class='ocrx_word' id='word_1_144' title='bbox 1069 2094 1298 2165; x_wconf 68' lang='lat' dir='ltr'><strong>gratiae,</strong></span> <span class='ocrx_word' id='word_1_145' title='bbox 1334 2096 1638 2152; x_wconf 88' lang='lat' dir='ltr'><strong>secundum</strong></span> <span class='ocrx_word' id='word_1_146' title='bbox 1697 2101 1952 2157; x_wconf 89' lang='lat' dir='ltr'><strong>meritum</strong></span> 
     </span>
    </p>
   </div>
   <div class='ocr_carea' id='block_1_23' title="bbox 380 2180 1956 2259">
    <p class='ocr_par' dir='ltr' id='par_1_23' title="bbox 380 2180 1956 2259">
     <span class='ocr_line' id='line_1_23' title="bbox 380 2180 1956 2259; baseline 0.007 -25"><span class='ocrx_word' id='word_1_147' title='bbox 380 2180 540 2247; x_wconf 66' lang='lat' dir='ltr'><strong>data,</strong></span> <span class='ocrx_word' id='word_1_148' title='bbox 575 2197 681 2235; x_wconf 89' lang='lat' dir='ltr'><strong>non</strong></span> <span class='ocrx_word' id='word_1_149' title='bbox 714 2197 940 2251; x_wconf 87' lang='lat' dir='ltr'><strong>parvum</strong></span> <span class='ocrx_word' id='word_1_150' title='bbox 990 2198 1183 2238; x_wconf 89' lang='lat' dir='ltr'><strong>eorum</strong></span> <span class='ocrx_word' id='word_1_151' title='bbox 1211 2185 1306 2255; x_wconf 87' lang='lat' dir='ltr'><strong>qui</strong></span> <span class='ocrx_word' id='word_1_152' title='bbox 1332 2201 1425 2240; x_wconf 90' lang='lat' dir='ltr'><strong>eas</strong></span> <span class='ocrx_word' id='word_1_153' title='bbox 1459 2186 1733 2259; x_wconf 89' lang='lat' dir='ltr'><strong>recipiunt</strong></span> <span class='ocrx_word' id='word_1_154' title='bbox 1763 2190 1817 2245; x_wconf 91' lang='lat' dir='ltr'><strong>in</strong></span> <span class='ocrx_word' id='word_1_155' title='bbox 1850 2191 1956 2245; x_wconf 86' lang='lat' dir='ltr'><strong>vir-</strong></span> 
     </span>
    </p>
   </div>
   <div class='ocr_carea' id='block_1_24' title="bbox 383 2279 1952 2348">
    <p class='ocr_par' dir='ltr' id='par_1_24' title="bbox 383 2279 1952 2348">
     <span class='ocr_line' id='line_1_24' title="bbox 383 2279 1952 2348; baseline 0.009 -24"><span class='ocrx_word' id='word_1_156' title='bbox 383 2281 500 2326; x_wconf 88' lang='lat' dir='ltr'><strong>tute</strong></span> <span class='ocrx_word' id='word_1_157' title='bbox 537 2287 887 2345; x_wconf 90' lang='lat' dir='ltr'><strong>progressam</strong></span> <span class='ocrx_word' id='word_1_158' title='bbox 937 2285 1211 2347; x_wconf 90' lang='lat' dir='ltr'><strong>arguant,</strong></span> <span class='ocrx_word' id='word_1_159' title='bbox 1250 2279 1549 2348; x_wconf 84' lang='lat' dir='ltr'><strong>gratuitum</strong></span> <span class='ocrx_word' id='word_1_160' title='bbox 1604 2279 1700 2337; x_wconf 91' lang='lat' dir='ltr'><strong>Dei</strong></span> <span class='ocrx_word' id='word_1_161' title='bbox 1749 2283 1952 2339; x_wconf 89' lang='lat' dir='ltr'><strong>donum</strong></span> 
     </span>
    </p>
   </div>
   <div class='ocr_carea' id='block_1_25' title="bbox 380 2362 1955 2440">
    <p class='ocr_par' dir='ltr' id='par_1_25' title="bbox 380 2362 1955 2440">
     <span class='ocr_line' id='line_1_25' title="bbox 380 2362 1955 2440; baseline 0.008 -25"><span class='ocrx_word' id='word_1_162' title='bbox 380 2362 751 2420; x_wconf 88' lang='lat' dir='ltr'><strong>manifestant.</strong></span> <span class='ocrx_word' id='word_1_163' title='bbox 785 2367 1190 2422; x_wconf 80' lang='lat' dir='ltr'><strong>Conversorum</strong></span> <span class='ocrx_word' id='word_1_164' title='bbox 1212 2384 1341 2426; x_wconf 89' lang='lat' dir='ltr'><strong>vero</strong></span> <span class='ocrx_word' id='word_1_165' title='bbox 1369 2371 1435 2425; x_wconf 91' lang='lat' dir='ltr'><strong>ad</strong></span> <span class='ocrx_word' id='word_1_166' title='bbox 1472 2371 1727 2440; x_wconf 84' lang='lat' dir='ltr'><strong>pietatem</strong></span> <span class='ocrx_word' id='word_1_167' title='bbox 1761 2374 1955 2428; x_wconf 72' lang='lat' dir='ltr'><strong>anima:</strong></span> 
     </span>
    </p>
   </div>
   <div class='ocr_carea' id='block_1_26' title="bbox 380 2454 1956 2534">
    <p class='ocr_par' dir='ltr' id='par_1_26' title="bbox 380 2454 1956 2534">
     <span class='ocr_line' id='line_1_26' title="bbox 380 2454 1956 2534; baseline 0.008 -28"><span class='ocrx_word' id='word_1_168' title='bbox 380 2454 665 2510; x_wconf 87' lang='lat' dir='ltr'><strong>immotum</strong></span> <span class='ocrx_word' id='word_1_169' title='bbox 690 2456 1227 2529; x_wconf 89' lang='lat' dir='ltr'><strong>imperterritumque</strong></span> <span class='ocrx_word' id='word_1_170' title='bbox 1259 2462 1315 2515; x_wconf 90' lang='lat' dir='ltr'><strong>in</strong></span> <span class='ocrx_word' id='word_1_171' title='bbox 1351 2461 1603 2517; x_wconf 86' lang='lat' dir='ltr'><strong>docendo</strong></span> <span class='ocrx_word' id='word_1_172' title='bbox 1641 2478 1704 2518; x_wconf 90' lang='lat' dir='ltr'><strong>ac</strong></span> <span class='ocrx_word' id='word_1_173' title='bbox 1737 2466 1956 2534; x_wconf 86' lang='lat' dir='ltr'><strong>pericu-</strong></span> 
     </span>
    </p>
   </div>
   <div class='ocr_carea' id='block_1_27' title="bbox 383 2544 1955 2625">
    <p class='ocr_par' dir='ltr' id='par_1_27' title="bbox 383 2544 1955 2625">
     <span class='ocr_line' id='line_1_27' title="bbox 383 2544 1955 2625; baseline 0.008 -27"><span class='ocrx_word' id='word_1_174' title='bbox 383 2544 494 2600; x_wconf 88' lang='lat' dir='ltr'><strong>losa</strong></span> <span class='ocrx_word' id='word_1_175' title='bbox 516 2546 903 2615; x_wconf 66' lang='lat' dir='ltr'><strong>praedicatione</strong></span> <span class='ocrx_word' id='word_1_176' title='bbox 935 2551 1199 2618; x_wconf 87' lang='lat' dir='ltr'><strong>animum,</strong></span> <span class='ocrx_word' id='word_1_177' title='bbox 1228 2567 1637 2623; x_wconf 77' lang='lat' dir='ltr'><strong>generososque</strong></span> <span class='ocrx_word' id='word_1_178' title='bbox 1668 2555 1955 2625; x_wconf 89' lang='lat' dir='ltr'><strong>ipsiusmet</strong></span> 
     </span>
    </p>
   </div>
   <div class='ocr_carea' id='block_1_28' title="bbox 380 2635 1953 2712">
    <p class='ocr_par' dir='ltr' id='par_1_28' title="bbox 380 2635 1953 2712">
     <span class='ocr_line' id='line_1_28' title="bbox 380 2635 1953 2712; baseline 0.008 -24"><span class='ocrx_word' id='word_1_179' title='bbox 380 2635 602 2707; x_wconf 78' lang='lat' dir='ltr'><strong>gloriosi</strong></span> <span class='ocrx_word' id='word_1_180' title='bbox 642 2638 863 2694; x_wconf 78' lang='lat' dir='ltr'><strong>athleta:</strong></span> <span class='ocrx_word' id='word_1_181' title='bbox 895 2641 1127 2697; x_wconf 86' lang='lat' dir='ltr'><strong>sudores</strong></span> <span class='ocrx_word' id='word_1_182' title='bbox 1156 2644 1439 2712; x_wconf 87' lang='lat' dir='ltr'><strong>detegunt,</strong></span> <span class='ocrx_word' id='word_1_183' title='bbox 1474 2660 1582 2700; x_wconf 89' lang='lat' dir='ltr'><strong>non</strong></span> <span class='ocrx_word' id='word_1_184' title='bbox 1622 2645 1711 2701; x_wconf 89' lang='lat' dir='ltr'><strong>hic</strong></span> <span class='ocrx_word' id='word_1_185' title='bbox 1738 2648 1911 2701; x_wconf 91' lang='lat' dir='ltr'><strong>solum</strong></span> <span class='ocrx_word' id='word_1_186' title='bbox 1939 2688 1953 2711; x_wconf 93' lang='lat'><strong>,</strong></span> 
     </span>
    </p>
   </div>
   <div class='ocr_carea' id='block_1_29' title="bbox 381 2728 1953 2803">
    <p class='ocr_par' dir='ltr' id='par_1_29' title="bbox 381 2728 1953 2803">
     <span class='ocr_line' id='line_1_29' title="bbox 381 2728 1953 2803; baseline 0.006 -20"><span class='ocrx_word' id='word_1_187' title='bbox 381 2729 475 2783; x_wconf 81' lang='lat' dir='ltr'><strong>sed</strong></span> <span class='ocrx_word' id='word_1_188' title='bbox 511 2728 711 2800; x_wconf 88' lang='lat' dir='ltr'><strong>ubique</strong></span> <span class='ocrx_word' id='word_1_189' title='bbox 750 2731 967 2786; x_wconf 89' lang='lat' dir='ltr'><strong>virtutis</strong></span> <span class='ocrx_word' id='word_1_190' title='bbox 997 2732 1117 2803; x_wconf 85' lang='lat' dir='ltr'><strong>ejus</strong></span> <span class='ocrx_word' id='word_1_191' title='bbox 1162 2734 1556 2791; x_wconf 85' lang='lat' dir='ltr'><strong>sublimitatem</strong></span> <span class='ocrx_word' id='word_1_192' title='bbox 1605 2739 1953 2794; x_wconf 80' lang='lat' dir='ltr'><strong>manifestam</strong></span> 
     </span>
    </p>
   </div>
   <div class='ocr_carea' id='block_1_30' title="bbox 381 2820 1955 2901">
    <p class='ocr_par' dir='ltr' id='par_1_30' title="bbox 381 2820 1955 2901">
     <span class='ocr_line' id='line_1_30' title="bbox 381 2820 1955 2901; baseline 0.009 -29"><span class='ocrx_word' id='word_1_193' title='bbox 381 2820 726 2877; x_wconf 65' lang='lat' dir='ltr'><strong>reddentes.»</strong></span> <span class='ocrx_word' id='word_1_194' title='bbox 763 2822 890 2878; x_wconf 69' lang='lat' dir='ltr'><strong>Haec</strong></span> <span class='ocrx_word' id='word_1_195' title='bbox 920 2821 1163 2880; x_wconf 84' lang='lat' dir='ltr'><strong>Joannes</strong></span> <span class='ocrx_word' id='word_1_196' title='bbox 1188 2826 1721 2896; x_wconf 81' lang='lat' dir='ltr'><strong>Thessalonicensis,</strong></span> <span class='ocrx_word' id='word_1_197' title='bbox 1756 2831 1955 2901; x_wconf 90' lang='lat' dir='ltr'><strong>quibus</strong></span> 
     </span>
    </p>
   </div>
   <div class='ocr_carea' id='block_1_31' title="bbox 381 2911 1951 2991">
    <p class='ocr_par' dir='ltr' id='par_1_31' title="bbox 381 2911 1951 2991">
     <span class='ocr_line' id='line_1_31' title="bbox 381 2911 1951 2991; baseline 0.007 -26"><span class='ocrx_word' id='word_1_198' title='bbox 381 2925 535 2974; x_wconf 85' lang='lat' dir='ltr'><strong>sane,</strong></span> <span class='ocrx_word' id='word_1_199' title='bbox 581 2911 841 2966; x_wconf 87' lang='lat' dir='ltr'><strong>Sanctum</strong></span> <span class='ocrx_word' id='word_1_200' title='bbox 872 2912 1079 2971; x_wconf 81' lang='lat' dir='ltr'><strong>Christi</strong></span> <span class='ocrx_word' id='word_1_201' title='bbox 1106 2916 1268 2971; x_wconf 81' lang='lat' dir='ltr'><strong>fidem</strong></span> <span class='ocrx_word' id='word_1_202' title='bbox 1301 2932 1425 2972; x_wconf 89' lang='lat' dir='ltr'><strong>cum</strong></span> <span class='ocrx_word' id='word_1_203' title='bbox 1463 2919 1643 2975; x_wconf 86' lang='lat' dir='ltr'><strong>fructu</strong></span> <span class='ocrx_word' id='word_1_204' title='bbox 1677 2921 1835 2991; x_wconf 84' lang='lat' dir='ltr'><strong>plane</strong></span> <span class='ocrx_word' id='word_1_205' title='bbox 1865 2923 1951 2978; x_wconf 84' lang='lat' dir='ltr'><strong>in-</strong></span> 
     </span>
    </p>
   </div>
   <div class='ocr_carea' id='block_1_32' title="bbox 381 3000 1954 3077">
    <p class='ocr_par' dir='ltr' id='par_1_32' title="bbox 381 3000 1954 3077">
     <span class='ocr_line' id='line_1_32' title="bbox 381 3000 1954 3077; baseline 0.006 -20"><span class='ocrx_word' id='word_1_206' title='bbox 381 3000 517 3072; x_wconf 91' lang='lat' dir='ltr'><strong>signi</strong></span> <span class='ocrx_word' id='word_1_207' title='bbox 566 3003 731 3057; x_wconf 90' lang='lat' dir='ltr'><strong>etiam</strong></span> <span class='ocrx_word' id='word_1_208' title='bbox 782 3003 928 3058; x_wconf 89' lang='lat' dir='ltr'><strong>inter</strong></span> <span class='ocrx_word' id='word_1_209' title='bbox 962 3005 1110 3077; x_wconf 83' lang='lat' dir='ltr'><strong>ipsos</strong></span> <span class='ocrx_word' id='word_1_210' title='bbox 1141 3005 1682 3076; x_wconf 72' lang='lat' dir='ltr'><strong>Thessalonicenses,</strong></span> <span class='ocrx_word' id='word_1_211' title='bbox 1737 3012 1837 3066; x_wconf 85' lang='lat' dir='ltr'><strong>etsi</strong></span> <span class='ocrx_word' id='word_1_212' title='bbox 1870 3013 1954 3066; x_wconf 57' lang='lat' dir='ltr'><strong>in.</strong></span> 
     </span>
    </p>
   </div>
   <div class='ocr_carea' id='block_1_33' title="bbox 2053 548 3620 619">
    <p class='ocr_par' dir='ltr' id='par_1_33' title="bbox 2053 548 3620 619">
     <span class='ocr_line' id='line_1_33' title="bbox 2053 548 3620 619; baseline -0.005 -11"><span class='ocrx_word' id='word_1_213' title='bbox 2053 566 2301 608; x_wconf 84' lang='lat' dir='ltr'><strong>sanctum</strong></span> <span class='ocrx_word' id='word_1_214' title='bbox 2341 554 2676 608; x_wconf 84' lang='lat' dir='ltr'><strong>Demetrium</strong></span> <span class='ocrx_word' id='word_1_215' title='bbox 2738 553 2838 607; x_wconf 87' lang='lat' dir='ltr'><strong>sibi</strong></span> <span class='ocrx_word' id='word_1_216' title='bbox 2892 561 3104 611; x_wconf 90' lang='lat' dir='ltr'><strong>notum,</strong></span> <span class='ocrx_word' id='word_1_217' title='bbox 3139 552 3204 605; x_wconf 91' lang='lat' dir='ltr'><strong>de</strong></span> <span class='ocrx_word' id='word_1_218' title='bbox 3238 550 3394 619; x_wconf 86' lang='lat' dir='ltr'><strong>cujus</strong></span> <span class='ocrx_word' id='word_1_219' title='bbox 3428 548 3482 602; x_wconf 87' lang='lat' dir='ltr'><strong>in</strong></span> <span class='ocrx_word' id='word_1_220' title='bbox 3528 566 3620 618; x_wconf 87' lang='lat' dir='ltr'><strong>pa-</strong></span> 
     </span>
    </p>
   </div>
   <div class='ocr_carea' id='block_1_34' title="bbox 2056 640 3615 706">
    <p class='ocr_par' dir='ltr' id='par_1_34' title="bbox 2056 640 3615 706">
     <span class='ocr_line' id='line_1_34' title="bbox 2056 640 3615 706; baseline -0.004 -7"><span class='ocrx_word' id='word_1_221' title='bbox 2056 647 2267 700; x_wconf 85' lang='lat' dir='ltr'><strong>trandis</strong></span> <span class='ocrx_word' id='word_1_222' title='bbox 2301 647 2580 700; x_wconf 84' lang='lat' dir='ltr'><strong>miraculis</strong></span> <span class='ocrx_word' id='word_1_223' title='bbox 2615 646 2815 699; x_wconf 84' lang='lat' dir='ltr'><strong>virtute</strong></span> <span class='ocrx_word' id='word_1_224' title='bbox 2870 646 2977 697; x_wconf 91' lang='lat' dir='ltr'><strong>inat</strong></span> <span class='ocrx_word' id='word_1_225' title='bbox 3001 642 3199 706; x_wconf 72' lang='lat' dir='ltr'><strong>dictat,</strong></span> <span class='ocrx_word' id='word_1_226' title='bbox 3232 657 3354 696; x_wconf 85' lang='lat' dir='ltr'><strong>sese</strong></span> <span class='ocrx_word' id='word_1_227' title='bbox 3383 640 3615 698; x_wconf 83' lang='lat' dir='ltr'><strong>confert.</strong></span> 
     </span>
    </p>
   </div>
   <div class='ocr_carea' id='block_1_35' title="bbox 2051 735 3621 807">
    <p class='ocr_par' dir='ltr' id='par_1_35' title="bbox 2051 735 3621 807">
     <span class='ocr_line' id='line_1_35' title="bbox 2051 735 3621 807; baseline -0.001 -20"><span class='ocrx_word' id='word_1_228' title='bbox 2051 737 2180 807; x_wconf 85' lang='lat' dir='ltr'><strong>quid</strong></span> <span class='ocrx_word' id='word_1_229' title='bbox 2225 737 2328 791; x_wconf 91' lang='lat' dir='ltr'><strong>sibi</strong></span> <span class='ocrx_word' id='word_1_230' title='bbox 2387 738 2456 790; x_wconf 90' lang='lat' dir='ltr'><strong>sit</strong></span> <span class='ocrx_word' id='word_1_231' title='bbox 2513 737 2873 806; x_wconf 89' lang='lat' dir='ltr'><strong>propositum,</strong></span> <span class='ocrx_word' id='word_1_232' title='bbox 2933 735 3198 798; x_wconf 74' lang='lat' dir='ltr'><strong>declarat,</strong></span> <span class='ocrx_word' id='word_1_233' title='bbox 3254 749 3510 801; x_wconf 86' lang='lat' dir='ltr'><strong>eumque,</strong></span> <span class='ocrx_word' id='word_1_234' title='bbox 3564 743 3621 785; x_wconf 89' lang='lat' dir='ltr'><strong>ut</strong></span> 
     </span>
    </p>
   </div>
   <div class='ocr_carea' id='block_1_36' title="bbox 2054 822 3619 897">
    <p class='ocr_par' dir='ltr' id='par_1_36' title="bbox 2054 822 3619 897">
     <span class='ocr_line' id='line_1_36' title="bbox 2054 822 3619 897; baseline -0.005 -18"><span class='ocrx_word' id='word_1_235' title='bbox 2054 828 2306 897; x_wconf 88' lang='lat' dir='ltr'><strong>precibus</strong></span> <span class='ocrx_word' id='word_1_236' title='bbox 2334 828 2448 882; x_wconf 90' lang='lat' dir='ltr'><strong>suis</strong></span> <span class='ocrx_word' id='word_1_237' title='bbox 2476 828 2579 881; x_wconf 89' lang='lat' dir='ltr'><strong>sibi</strong></span> <span class='ocrx_word' id='word_1_238' title='bbox 2611 827 2771 893; x_wconf 88' lang='lat' dir='ltr'><strong>adsit,</strong></span> <span class='ocrx_word' id='word_1_239' title='bbox 2813 827 2971 880; x_wconf 84' lang='lat' dir='ltr'><strong>enixe</strong></span> <span class='ocrx_word' id='word_1_240' title='bbox 3028 836 3195 895; x_wconf 84' lang='lat' dir='ltr'><strong>rogat.</strong></span> <span class='ocrx_word' id='word_1_241' title='bbox 3231 842 3248 873; x_wconf 79' lang='grc' dir='ltr'>ι</span> <span class='ocrx_word' id='word_1_242' title='bbox 3292 822 3619 879; x_wconf 81' lang='lat' dir='ltr'><strong>Demetrius,</strong></span> 
     </span>
    </p>
   </div>
   <div class='ocr_carea' id='block_1_37' title="bbox 2055 914 3619 988">
    <p class='ocr_par' dir='ltr' id='par_1_37' title="bbox 2055 914 3619 988">
     <span class='ocr_line' id='line_1_37' title="bbox 2055 914 3619 988; baseline -0.006 -17"><span class='ocrx_word' id='word_1_243' title='bbox 2055 927 2113 971; x_wconf 92' lang='lat' dir='ltr'><strong>ut</strong></span> <span class='ocrx_word' id='word_1_244' title='bbox 2141 918 2215 971; x_wconf 85' lang='lat' dir='ltr'><strong>ait</strong></span> <span class='ocrx_word' id='word_1_245' title='bbox 2241 917 2663 988; x_wconf 81' lang='lat' dir='ltr'><strong>Metaphrastes,</strong></span> <span class='ocrx_word' id='word_1_246' title='bbox 2693 917 2922 987; x_wconf 87' lang='lat' dir='ltr'><strong>perinde</strong></span> <span class='ocrx_word' id='word_1_247' title='bbox 2952 932 3013 971; x_wconf 90' lang='lat' dir='ltr'><strong>ac</strong></span> <span class='ocrx_word' id='word_1_248' title='bbox 3064 916 3109 969; x_wconf 88' lang='lat' dir='ltr'><strong>si</strong></span> <span class='ocrx_word' id='word_1_249' title='bbox 3174 914 3290 982; x_wconf 90' lang='lat' dir='ltr'><strong>ipse</strong></span> <span class='ocrx_word' id='word_1_250' title='bbox 3354 921 3619 982; x_wconf 89' lang='lat' dir='ltr'><strong>rogasset,</strong></span> 
     </span>
    </p>
   </div>
   <div class='ocr_carea' id='block_1_38' title="bbox 2055 1004 3624 1078">
    <p class='ocr_par' dir='ltr' id='par_1_38' title="bbox 2055 1004 3624 1078">
     <span class='ocr_line' id='line_1_38' title="bbox 2055 1004 3624 1078; baseline -0.006 -15"><span class='ocrx_word' id='word_1_251' title='bbox 2055 1026 2162 1065; x_wconf 88' lang='lat' dir='ltr'><strong>non</strong></span> <span class='ocrx_word' id='word_1_252' title='bbox 2205 1018 2386 1064; x_wconf 89' lang='lat' dir='ltr'><strong>autem</strong></span> <span class='ocrx_word' id='word_1_253' title='bbox 2443 1009 2638 1063; x_wconf 86' lang='lat' dir='ltr'><strong>fuisset</strong></span> <span class='ocrx_word' id='word_1_254' title='bbox 2669 1016 2917 1078; x_wconf 86' lang='lat' dir='ltr'><strong>rogatus,</strong></span> <span class='ocrx_word' id='word_1_255' title='bbox 2954 1004 3304 1074; x_wconf 79' lang='lat' dir='ltr'><strong>exsequendo</strong></span> <span class='ocrx_word' id='word_1_256' title='bbox 3331 1017 3624 1073; x_wconf 91' lang='lat' dir='ltr'><strong>propemo-</strong></span> 
     </span>
    </p>
   </div>
   <div class='ocr_carea' id='block_1_39' title="bbox 2054 1093 3625 1167">
    <p class='ocr_par' dir='ltr' id='par_1_39' title="bbox 2054 1093 3625 1167">
     <span class='ocr_line' id='line_1_39' title="bbox 2054 1093 3625 1167; baseline -0.007 -14"><span class='ocrx_word' id='word_1_257' title='bbox 2054 1099 2183 1153; x_wconf 86' lang='lat' dir='ltr'><strong>dum</strong></span> <span class='ocrx_word' id='word_1_258' title='bbox 2218 1099 2485 1167; x_wconf 61' lang='lat' dir='ltr'><strong>praevenit</strong></span> <span class='ocrx_word' id='word_1_259' title='bbox 2514 1097 2857 1167; x_wconf 87' lang='lat' dir='ltr'><strong>petitionem,</strong></span> <span class='ocrx_word' id='word_1_260' title='bbox 2891 1105 2948 1152; x_wconf 90' lang='lat' dir='ltr'><strong>et</strong></span> <span class='ocrx_word' id='word_1_261' title='bbox 2977 1096 3025 1151; x_wconf 88' lang='lat' dir='ltr'><strong>ei</strong></span> <span class='ocrx_word' id='word_1_262' title='bbox 3062 1095 3323 1150; x_wconf 84' lang='lat' dir='ltr'><strong>velociter</strong></span> <span class='ocrx_word' id='word_1_263' title='bbox 3368 1093 3625 1162; x_wconf 81' lang='lat' dir='ltr'><strong>imposito</strong></span> 
     </span>
    </p>
   </div>
   <div class='ocr_carea' id='block_1_40' title="bbox 2054 1183 3624 1267">
    <p class='ocr_par' dir='ltr' id='par_1_40' title="bbox 2054 1183 3624 1267">
     <span class='ocr_line' id='line_1_40' title="bbox 2054 1183 3624 1267; baseline -0.008 -22"><span class='ocrx_word' id='word_1_264' title='bbox 2054 1205 2139 1256; x_wconf 89' lang='lat' dir='ltr'><strong>eo,</strong></span> <span class='ocrx_word' id='word_1_265' title='bbox 2171 1188 2314 1260; x_wconf 78' lang='lat' dir='ltr'><strong>quod</strong></span> <span class='ocrx_word' id='word_1_266' title='bbox 2340 1198 2424 1245; x_wconf 90' lang='lat' dir='ltr'><strong>est</strong></span> <span class='ocrx_word' id='word_1_267' title='bbox 2453 1189 2508 1245; x_wconf 90' lang='lat' dir='ltr'><strong>in</strong></span> <span class='ocrx_word' id='word_1_268' title='bbox 2555 1189 2801 1267; x_wconf 59' lang='lat' dir='ltr'><strong>Christo,</strong></span> <span class='ocrx_word' id='word_1_269' title='bbox 2852 1190 3134 1259; x_wconf 89' lang='lat' dir='ltr'><strong>signaculo</strong></span> <span class='ocrx_word' id='word_1_270' title='bbox 3169 1195 3278 1241; x_wconf 91' lang='lat' dir='ltr'><strong>tam</strong></span> <span class='ocrx_word' id='word_1_271' title='bbox 3329 1186 3382 1239; x_wconf 92' lang='lat' dir='ltr'><strong>in</strong></span> <span class='ocrx_word' id='word_1_272' title='bbox 3424 1183 3624 1241; x_wconf 68' lang='lat' dir='ltr'><strong>fronte,</strong></span> 
     </span>
    </p>
   </div>
   <div class='ocr_carea' id='block_1_41' title="bbox 2053 1273 3624 1351">
    <p class='ocr_par' dir='ltr' id='par_1_41' title="bbox 2053 1273 3624 1351">
     <span class='ocr_line' id='line_1_41' title="bbox 2053 1273 3624 1351; baseline -0.006 -16"><span class='ocrx_word' id='word_1_273' title='bbox 2053 1297 2215 1351; x_wconf 88' lang='lat' dir='ltr'><strong>quam</strong></span> <span class='ocrx_word' id='word_1_274' title='bbox 2246 1282 2299 1335; x_wconf 90' lang='lat' dir='ltr'><strong>in</strong></span> <span class='ocrx_word' id='word_1_275' title='bbox 2354 1281 2540 1347; x_wconf 89' lang='lat' dir='ltr'><strong>corde,</strong></span> <span class='ocrx_word' id='word_1_276' title='bbox 2569 1296 2693 1336; x_wconf 90' lang='lat' dir='ltr'><strong>eum</strong></span> <span class='ocrx_word' id='word_1_277' title='bbox 2726 1280 2955 1335; x_wconf 88' lang='lat' dir='ltr'><strong>dimittit</strong></span> <span class='ocrx_word' id='word_1_278' title='bbox 3012 1279 3235 1335; x_wconf 88' lang='lat' dir='ltr'><strong>dicens:</strong></span> <span class='ocrx_word' id='word_1_279' title='bbox 3293 1276 3354 1330; x_wconf 85' lang='lat' dir='ltr'><strong>Et</strong></span> <span class='ocrx_word' id='word_1_280' title='bbox 3407 1273 3624 1345; x_wconf 69' lang='lat' dir='ltr'><strong>Lthuttt</strong></span> 
     </span>
    </p>
   </div>
   <div class='ocr_carea' id='block_1_42' title="bbox 2056 1366 3625 1443">
    <p class='ocr_par' dir='ltr' id='par_1_42' title="bbox 2056 1366 3625 1443">
     <span class='ocr_line' id='line_1_42' title="bbox 2056 1366 3625 1443; baseline -0.008 -14"><span class='ocrx_word' id='word_1_281' title='bbox 2056 1374 2264 1439; x_wconf 86' lang='lat' dir='ltr'><strong>vinces,</strong></span> <span class='ocrx_word' id='word_1_282' title='bbox 2331 1382 2387 1427; x_wconf 90' lang='lat' dir='ltr'><strong>et</strong></span> <span class='ocrx_word' id='word_1_283' title='bbox 2439 1374 2552 1427; x_wconf 86' lang='lat' dir='ltr'><strong>eris</strong></span> <span class='ocrx_word' id='word_1_284' title='bbox 2609 1381 2814 1443; x_wconf 85' lang='lat' dir='ltr'><strong>martyr</strong></span> <span class='ocrx_word' id='word_1_285' title='bbox 2856 1372 3084 1427; x_wconf 85' lang='lat' dir='ltr'><strong>Christi.</strong></span> <span class='ocrx_word' id='word_1_286' title='bbox 3130 1391 3146 1422; x_wconf 85' lang='grc'><strong>›</strong></span> <span class='ocrx_word' id='word_1_287' title='bbox 3196 1368 3413 1432; x_wconf 87' lang='lat' dir='ltr'><strong>Nestor,</strong></span> <span class='ocrx_word' id='word_1_288' title='bbox 3476 1366 3625 1419; x_wconf 82' lang='lat' dir='ltr'><strong>hisce</strong></span> 
     </span>
    </p>
   </div>
   <div class='ocr_carea' id='block_1_43' title="bbox 2056 1456 3621 1529">
    <p class='ocr_par' dir='ltr' id='par_1_43' title="bbox 2056 1456 3621 1529">
     <span class='ocr_line' id='line_1_43' title="bbox 2056 1456 3621 1529; baseline -0.007 -11"><span class='ocrx_word' id='word_1_289' title='bbox 2056 1464 2244 1518; x_wconf 91' lang='lat' dir='ltr'><strong>Sancti</strong></span> <span class='ocrx_word' id='word_1_290' title='bbox 2272 1463 2455 1519; x_wconf 87' lang='lat' dir='ltr'><strong>verbis</strong></span> <span class='ocrx_word' id='word_1_291' title='bbox 2489 1463 2802 1529; x_wconf 87' lang='lat' dir='ltr'><strong>roboratus,</strong></span> <span class='ocrx_word' id='word_1_292' title='bbox 2835 1463 2887 1516; x_wconf 90' lang='lat' dir='ltr'><strong>in</strong></span> <span class='ocrx_word' id='word_1_293' title='bbox 2931 1461 3166 1526; x_wconf 83' lang='lat' dir='ltr'><strong>stadium</strong></span> <span class='ocrx_word' id='word_1_294' title='bbox 3208 1460 3358 1513; x_wconf 91' lang='lat' dir='ltr'><strong>illico</strong></span> <span class='ocrx_word' id='word_1_295' title='bbox 3387 1456 3621 1527; x_wconf 78' lang='lat' dir='ltr'><strong>prosilit,</strong></span> 
     </span>
    </p>
   </div>
   <div class='ocr_carea' id='block_1_44' title="bbox 2054 1548 3620 1624">
    <p class='ocr_par' dir='ltr' id='par_1_44' title="bbox 2054 1548 3620 1624">
     <span class='ocr_line' id='line_1_44' title="bbox 2054 1548 3620 1624; baseline -0.005 -15"><span class='ocrx_word' id='word_1_296' title='bbox 2054 1571 2221 1624; x_wconf 89' lang='lat' dir='ltr'><strong>seque</strong></span> <span class='ocrx_word' id='word_1_297' title='bbox 2246 1555 2314 1608; x_wconf 90' lang='lat' dir='ltr'><strong>ad</strong></span> <span class='ocrx_word' id='word_1_298' title='bbox 2336 1553 2607 1624; x_wconf 77' lang='lat' dir='ltr'><strong>singulare</strong></span> <span class='ocrx_word' id='word_1_299' title='bbox 2635 1569 2757 1608; x_wconf 89' lang='lat' dir='ltr'><strong>cum</strong></span> <span class='ocrx_word' id='word_1_300' title='bbox 2776 1552 2933 1624; x_wconf 81' lang='lat' dir='ltr'><strong>Lyaeo</strong></span> <span class='ocrx_word' id='word_1_301' title='bbox 2950 1562 3225 1607; x_wconf 88' lang='lat' dir='ltr'><strong>certamen</strong></span> <span class='ocrx_word' id='word_1_302' title='bbox 3251 1551 3426 1620; x_wconf 85' lang='lat' dir='ltr'><strong>palam</strong></span> <span class='ocrx_word' id='word_1_303' title='bbox 3442 1548 3620 1611; x_wconf 84' lang='lat' dir='ltr'><strong>olIert,</strong></span> 
     </span>
    </p>
   </div>
   <div class='ocr_carea' id='block_1_45' title="bbox 2055 1642 3231 1714">
    <p class='ocr_par' dir='ltr' id='par_1_45' title="bbox 2055 1642 3231 1714">
     <span class='ocr_line' id='line_1_45' title="bbox 2055 1642 3231 1714; baseline -0.003 -16"><span class='ocrx_word' id='word_1_304' title='bbox 2055 1645 2315 1700; x_wconf 89' lang='lat' dir='ltr'><strong>omnibus</strong></span> <span class='ocrx_word' id='word_1_305' title='bbox 2347 1643 2629 1699; x_wconf 87' lang='lat' dir='ltr'><strong>audaciam</strong></span> <span class='ocrx_word' id='word_1_306' title='bbox 2663 1644 2780 1714; x_wconf 89' lang='lat' dir='ltr'><strong>ejus</strong></span> <span class='ocrx_word' id='word_1_307' title='bbox 2808 1642 3231 1697; x_wconf 86' lang='lat' dir='ltr'><strong>admirantibus.</strong></span> 
     </span>
    </p>
   </div>
   <div class='ocr_carea' id='block_1_46' title="bbox 2126 1732 3622 1807">
    <p class='ocr_par' dir='ltr' id='par_1_46' title="bbox 2126 1732 3622 1807">
     <span class='ocr_line' id='line_1_46' title="bbox 2126 1732 3622 1807; baseline -0.005 -18"><span class='ocrx_word' id='word_1_308' title='bbox 2126 1738 2217 1789; x_wconf 60' lang='lat'><strong>4‘2.</strong></span> <span class='ocrx_word' id='word_1_309' title='bbox 2239 1738 2539 1807; x_wconf 86' lang='lat' dir='ltr'><strong>Imperator</strong></span> <span class='ocrx_word' id='word_1_310' title='bbox 2567 1735 2850 1804; x_wconf 83' lang='lat' dir='ltr'><strong>juvenem,</strong></span> <span class='ocrx_word' id='word_1_311' title='bbox 2880 1735 2993 1787; x_wconf 86' lang='lat' dir='ltr'><strong>sola</strong></span> <span class='ocrx_word' id='word_1_312' title='bbox 3022 1740 3341 1803; x_wconf 85' lang='lat' dir='ltr'><strong>paupertate</strong></span> <span class='ocrx_word' id='word_1_313' title='bbox 3366 1732 3622 1801; x_wconf 79' lang='lat' dir='ltr'><strong>adigente</strong></span> 
     </span>
    </p>
   </div>
   <div class='ocr_carea' id='block_1_47' title="bbox 2055 1823 3619 1899">
    <p class='ocr_par' dir='ltr' id='par_1_47' title="bbox 2055 1823 3619 1899">
     <span class='ocr_line' id='line_1_47' title="bbox 2055 1823 3619 1899; baseline -0.007 -14"><span class='ocrx_word' id='word_1_314' title='bbox 2055 1831 2404 1899; x_wconf 86' lang='lat' dir='ltr'><strong>desperatum</strong></span> <span class='ocrx_word' id='word_1_315' title='bbox 2429 1827 2480 1882; x_wconf 92' lang='lat' dir='ltr'><strong>id</strong></span> <span class='ocrx_word' id='word_1_316' title='bbox 2502 1828 2709 1897; x_wconf 87' lang='lat' dir='ltr'><strong>cepisse</strong></span> <span class='ocrx_word' id='word_1_317' title='bbox 2725 1826 3013 1882; x_wconf 87' lang='lat' dir='ltr'><strong>consilium</strong></span> <span class='ocrx_word' id='word_1_318' title='bbox 3033 1825 3312 1894; x_wconf 86' lang='lat' dir='ltr'><strong>opinatus,</strong></span> <span class='ocrx_word' id='word_1_319' title='bbox 3334 1823 3619 1894; x_wconf 84' lang='lat' dir='ltr'><strong>pecuniam</strong></span> 
     </span>
    </p>
   </div>
   <div class='ocr_carea' id='block_1_48' title="bbox 2056 1916 3625 2004">
    <p class='ocr_par' dir='ltr' id='par_1_48' title="bbox 2056 1916 3625 2004">
     <span class='ocr_line' id='line_1_48' title="bbox 2056 1916 3625 2004; baseline -0.006 -27"><span class='ocrx_word' id='word_1_320' title='bbox 2056 1923 2121 2004; x_wconf 68' lang='lat' dir='ltr'><strong>ad</strong></span> <span class='ocrx_word' id='word_1_321' title='bbox 2149 1937 2269 1977; x_wconf 87' lang='lat' dir='ltr'><strong>sese</strong></span> <span class='ocrx_word' id='word_1_322' title='bbox 2301 1921 2564 1976; x_wconf 87' lang='lat' dir='ltr'><strong>arcessito</strong></span> <span class='ocrx_word' id='word_1_323' title='bbox 2588 1928 2781 1989; x_wconf 85' lang='lat' dir='ltr'><strong>sponte</strong></span> <span class='ocrx_word' id='word_1_324' title='bbox 2829 1916 3010 1981; x_wconf 74' lang='lat' dir='ltr'><strong>offert.</strong></span> <span class='ocrx_word' id='word_1_325' title='bbox 3060 1931 3294 1985; x_wconf 88' lang='lat' dir='ltr'><strong>eumque</strong></span> <span class='ocrx_word' id='word_1_326' title='bbox 3330 1931 3397 1969; x_wconf 89' lang='lat' dir='ltr'><strong>ne</strong></span> <span class='ocrx_word' id='word_1_327' title='bbox 3430 1930 3625 1984; x_wconf 74' lang='lat' dir='ltr'><strong>pugna:</strong></span> 
     </span>
    </p>
   </div>
   <div class='ocr_carea' id='block_1_49' title="bbox 2056 2004 3624 2078">
    <p class='ocr_par' dir='ltr' id='par_1_49' title="bbox 2056 2004 3624 2078">
     <span class='ocr_line' id='line_1_49' title="bbox 2056 2004 3624 2078; baseline -0.008 -11"><span class='ocrx_word' id='word_1_328' title='bbox 2056 2028 2179 2067; x_wconf 86' lang='lat' dir='ltr'><strong>cum</strong></span> <span class='ocrx_word' id='word_1_329' title='bbox 2207 2011 2344 2078; x_wconf 89' lang='lat' dir='ltr'><strong>viro,</strong></span> <span class='ocrx_word' id='word_1_330' title='bbox 2375 2011 2462 2067; x_wconf 88' lang='lat' dir='ltr'><strong>cui</strong></span> <span class='ocrx_word' id='word_1_331' title='bbox 2512 2009 2744 2065; x_wconf 89' lang='lat' dir='ltr'><strong>multum</strong></span> <span class='ocrx_word' id='word_1_332' title='bbox 2778 2009 2987 2064; x_wconf 90' lang='lat' dir='ltr'><strong>viribus</strong></span> <span class='ocrx_word' id='word_1_333' title='bbox 3016 2015 3163 2062; x_wconf 87' lang='lat' dir='ltr'><strong>esset</strong></span> <span class='ocrx_word' id='word_1_334' title='bbox 3192 2005 3439 2069; x_wconf 79' lang='lat' dir='ltr'><strong>inferior,</strong></span> <span class='ocrx_word' id='word_1_335' title='bbox 3478 2004 3624 2074; x_wconf 87' lang='lat' dir='ltr'><strong>peri-</strong></span> 
     </span>
    </p>
   </div>
   <div class='ocr_carea' id='block_1_50' title="bbox 2056 2095 3624 2159">
    <p class='ocr_par' dir='ltr' id='par_1_50' title="bbox 2056 2095 3624 2159">
     <span class='ocr_line' id='line_1_50' title="bbox 2056 2095 3624 2159; baseline -0.007 0"><span class='ocrx_word' id='word_1_336' title='bbox 2056 2102 2179 2159; x_wconf 91' lang='lat' dir='ltr'><strong>culo</strong></span> <span class='ocrx_word' id='word_1_337' title='bbox 2220 2118 2341 2157; x_wconf 90' lang='lat' dir='ltr'><strong>sese</strong></span> <span class='ocrx_word' id='word_1_338' title='bbox 2370 2102 2741 2157; x_wconf 88' lang='lat' dir='ltr'><strong>committeret</strong></span> <span class='ocrx_word' id='word_1_339' title='bbox 2778 2100 3119 2154; x_wconf 89' lang='lat' dir='ltr'><strong>adhortatur.</strong></span> <span class='ocrx_word' id='word_1_340' title='bbox 3163 2097 3360 2152; x_wconf 77' lang='lat' dir='ltr'><strong>Verum</strong></span> <span class='ocrx_word' id='word_1_341' title='bbox 3409 2095 3624 2157; x_wconf 86' lang='lat' dir='ltr'><strong>Nestor,</strong></span> 
     </span>
    </p>
   </div>
   <div class='ocr_carea' id='block_1_51' title="bbox 2056 2182 3624 2263">
    <p class='ocr_par' dir='ltr' id='par_1_51' title="bbox 2056 2182 3624 2263">
     <span class='ocr_line' id='line_1_51' title="bbox 2056 2182 3624 2263; baseline -0.01 -15"><span class='ocrx_word' id='word_1_342' title='bbox 2056 2192 2288 2263; x_wconf 80' lang='lat' dir='ltr'><strong>pecunia</strong></span> <span class='ocrx_word' id='word_1_343' title='bbox 2328 2188 2643 2261; x_wconf 74' lang='lat' dir='ltr'><strong>repcdzata,</strong></span> <span class='ocrx_word' id='word_1_344' title='bbox 2698 2189 2859 2243; x_wconf 88' lang='lat' dir='ltr'><strong>unice</strong></span> <span class='ocrx_word' id='word_1_345' title='bbox 2894 2204 3015 2243; x_wconf 85' lang='lat' dir='ltr'><strong>sese</strong></span> <span class='ocrx_word' id='word_1_346' title='bbox 3050 2187 3275 2256; x_wconf 83' lang='lat' dir='ltr'><strong>gloriam</strong></span> <span class='ocrx_word' id='word_1_347' title='bbox 3334 2182 3624 2253; x_wconf 88' lang='lat' dir='ltr'><strong>superandi</strong></span> 
     </span>
    </p>
   </div>
   <div class='ocr_carea' id='block_1_52' title="bbox 2059 2277 3630 2356">
    <p class='ocr_par' dir='ltr' id='par_1_52' title="bbox 2059 2277 3630 2356">
     <span class='ocr_line' id='line_1_52' title="bbox 2059 2277 3630 2356; baseline -0.009 -17"><span class='ocrx_word' id='word_1_348' title='bbox 2059 2284 2273 2356; x_wconf 67' lang='lat' dir='ltr'><strong>Lymum</strong></span> <span class='ocrx_word' id='word_1_349' title='bbox 2333 2282 2533 2338; x_wconf 88' lang='lat' dir='ltr'><strong>sectari</strong></span> <span class='ocrx_word' id='word_1_350' title='bbox 2589 2280 2921 2336; x_wconf 84' lang='lat' dir='ltr'><strong>declarabat.</strong></span> <span class='ocrx_word' id='word_1_351' title='bbox 2977 2280 3219 2350; x_wconf 88' lang='lat' dir='ltr'><strong>Pugnam</strong></span> <span class='ocrx_word' id='word_1_352' title='bbox 3277 2277 3479 2343; x_wconf 88' lang='lat' dir='ltr'><strong>itaque,</strong></span> <span class='ocrx_word' id='word_1_353' title='bbox 3537 2288 3630 2325; x_wconf 80' lang='lat' dir='ltr'><strong>an—</strong></span> 
     </span>
    </p>
   </div>
   <div class='ocr_carea' id='block_1_53' title="bbox 2057 2367 3631 2446">
    <p class='ocr_par' dir='ltr' id='par_1_53' title="bbox 2057 2367 3631 2446">
     <span class='ocr_line' id='line_1_53' title="bbox 2057 2367 3631 2446; baseline -0.009 -16"><span class='ocrx_word' id='word_1_354' title='bbox 2057 2386 2261 2432; x_wconf 89' lang='lat' dir='ltr'><strong>nuente</strong></span> <span class='ocrx_word' id='word_1_355' title='bbox 2294 2376 2651 2446; x_wconf 89' lang='lat' dir='ltr'><strong>imperatore,</strong></span> <span class='ocrx_word' id='word_1_356' title='bbox 2686 2388 2808 2427; x_wconf 87' lang='lat' dir='ltr'><strong>eum</strong></span> <span class='ocrx_word' id='word_1_357' title='bbox 2851 2372 3011 2443; x_wconf 59' lang='lat' dir='ltr'><strong>Lyaeo</strong></span> <span class='ocrx_word' id='word_1_358' title='bbox 3062 2372 3161 2425; x_wconf 90' lang='lat' dir='ltr'><strong>init</strong></span> <span class='ocrx_word' id='word_1_359' title='bbox 3208 2383 3466 2437; x_wconf 89' lang='lat' dir='ltr'><strong>eumque,</strong></span> <span class='ocrx_word' id='word_1_360' title='bbox 3520 2367 3631 2419; x_wconf 70' lang='lat' dir='ltr'><strong>Dm</strong></span> 
     </span>
    </p>
   </div>
   <div class='ocr_carea' id='block_1_54' title="bbox 2061 2461 3627 2533">
    <p class='ocr_par' dir='ltr' id='par_1_54' title="bbox 2061 2461 3627 2533">
     <span class='ocr_line' id='line_1_54' title="bbox 2061 2461 3627 2533; baseline -0.009 -11"><span class='ocrx_word' id='word_1_361' title='bbox 2061 2468 2313 2522; x_wconf 86' lang='lat' dir='ltr'><strong>Demetrii</strong></span> <span class='ocrx_word' id='word_1_362' title='bbox 2349 2468 2621 2530; x_wconf 85' lang='lat' dir='ltr'><strong>invocato,</strong></span> <span class='ocrx_word' id='word_1_363' title='bbox 2662 2467 2769 2521; x_wconf 90' lang='lat' dir='ltr'><strong>ictu</strong></span> <span class='ocrx_word' id='word_1_364' title='bbox 2813 2466 3086 2533; x_wconf 79' lang='lat' dir='ltr'><strong>extemplo</strong></span> <span class='ocrx_word' id='word_1_365' title='bbox 3116 2464 3168 2515; x_wconf 91' lang='lat' dir='ltr'><strong>in</strong></span> <span class='ocrx_word' id='word_1_366' title='bbox 3202 2461 3366 2516; x_wconf 88' lang='lat' dir='ltr'><strong>corde</strong></span> <span class='ocrx_word' id='word_1_367' title='bbox 3403 2473 3627 2529; x_wconf 87' lang='lat' dir='ltr'><strong>percus-</strong></span> 
     </span>
    </p>
   </div>
   <div class='ocr_carea' id='block_1_55' title="bbox 2058 2549 3625 2627">
    <p class='ocr_par' dir='ltr' id='par_1_55' title="bbox 2058 2549 3625 2627">
     <span class='ocr_line' id='line_1_55' title="bbox 2058 2549 3625 2627; baseline -0.007 -15"><span class='ocrx_word' id='word_1_368' title='bbox 2058 2576 2176 2614; x_wconf 90' lang='lat' dir='ltr'><strong>sum</strong></span> <span class='ocrx_word' id='word_1_369' title='bbox 2210 2559 2359 2614; x_wconf 88' lang='lat' dir='ltr'><strong>humi</strong></span> <span class='ocrx_word' id='word_1_370' title='bbox 2396 2569 2670 2613; x_wconf 88' lang='lat' dir='ltr'><strong>mortuum</strong></span> <span class='ocrx_word' id='word_1_371' title='bbox 2748 2556 3067 2627; x_wconf 90' lang='lat' dir='ltr'><strong>prosternit.</strong></span> <span class='ocrx_word' id='word_1_372' title='bbox 3127 2554 3434 2622; x_wconf 88' lang='lat' dir='ltr'><strong>Imperator</strong></span> <span class='ocrx_word' id='word_1_373' title='bbox 3495 2549 3625 2601; x_wconf 83' lang='lat' dir='ltr'><strong>hinc</strong></span> 
     </span>
    </p>
   </div>
   <div class='ocr_carea' id='block_1_56' title="bbox 2059 2640 3628 2720">
    <p class='ocr_par' dir='ltr' id='par_1_56' title="bbox 2059 2640 3628 2720">
     <span class='ocr_line' id='line_1_56' title="bbox 2059 2640 3628 2720; baseline -0.01 -14"><span class='ocrx_word' id='word_1_374' title='bbox 2059 2654 2231 2707; x_wconf 90' lang='lat' dir='ltr'><strong>iratus</strong></span> <span class='ocrx_word' id='word_1_375' title='bbox 2258 2666 2322 2706; x_wconf 90' lang='lat' dir='ltr'><strong>ac</strong></span> <span class='ocrx_word' id='word_1_376' title='bbox 2351 2660 2601 2718; x_wconf 68' lang='lat' dir='ltr'><strong>maestus,</strong></span> <span class='ocrx_word' id='word_1_377' title='bbox 2635 2649 2934 2720; x_wconf 79' lang='lat' dir='ltr'><strong>magiaeque</strong></span> <span class='ocrx_word' id='word_1_378' title='bbox 2965 2662 3076 2701; x_wconf 91' lang='lat' dir='ltr'><strong>rem</strong></span> <span class='ocrx_word' id='word_1_379' title='bbox 3108 2645 3408 2700; x_wconf 76' lang='lat' dir='ltr'><strong>aScribens.</strong></span> <span class='ocrx_word' id='word_1_380' title='bbox 3434 2640 3628 2696; x_wconf 78' lang='lat' dir='ltr'><strong>Nesro-</strong></span> 
     </span>
    </p>
   </div>
   <div class='ocr_carea' id='block_1_57' title="bbox 2059 2729 3627 2807">
    <p class='ocr_par' dir='ltr' id='par_1_57' title="bbox 2059 2729 3627 2807">
     <span class='ocr_line' id='line_1_57' title="bbox 2059 2729 3627 2807; baseline -0.008 -13"><span class='ocrx_word' id='word_1_381' title='bbox 2059 2757 2170 2794; x_wconf 89' lang='lat' dir='ltr'><strong>rem</strong></span> <span class='ocrx_word' id='word_1_382' title='bbox 2205 2740 2271 2793; x_wconf 89' lang='lat' dir='ltr'><strong>de</strong></span> <span class='ocrx_word' id='word_1_383' title='bbox 2308 2740 2410 2795; x_wconf 90' lang='lat' dir='ltr'><strong>hac</strong></span> <span class='ocrx_word' id='word_1_384' title='bbox 2432 2739 2756 2807; x_wconf 88' lang='lat' dir='ltr'><strong>interrogat,</strong></span> <span class='ocrx_word' id='word_1_385' title='bbox 2781 2737 2979 2805; x_wconf 86' lang='lat' dir='ltr'><strong>hicque</strong></span> <span class='ocrx_word' id='word_1_386' title='bbox 3001 2735 3370 2790; x_wconf 89' lang='lat' dir='ltr'><strong>Christianum</strong></span> <span class='ocrx_word' id='word_1_387' title='bbox 3421 2729 3627 2783; x_wconf 79' lang='lat' dir='ltr'><strong>nullum</strong></span> 
     </span>
    </p>
   </div>
   <div class='ocr_carea' id='block_1_58' title="bbox 2060 2816 3625 2901">
    <p class='ocr_par' dir='ltr' id='par_1_58' title="bbox 2060 2816 3625 2901">
     <span class='ocr_line' id='line_1_58' title="bbox 2060 2816 3625 2901; baseline -0.006 -16"><span class='ocrx_word' id='word_1_388' title='bbox 2060 2831 2234 2901; x_wconf 80' lang='lat' dir='ltr'><strong>magia</strong></span> <span class='ocrx_word' id='word_1_389' title='bbox 2264 2830 2363 2895; x_wconf 90' lang='lat' dir='ltr'><strong>uti,</strong></span> <span class='ocrx_word' id='word_1_390' title='bbox 2390 2845 2559 2901; x_wconf 86' lang='lat' dir='ltr'><strong>seque</strong></span> <span class='ocrx_word' id='word_1_391' title='bbox 2597 2846 2625 2883; x_wconf 88' lang='lat' dir='ltr'><strong>a</strong></span> <span class='ocrx_word' id='word_1_392' title='bbox 2659 2816 2920 2885; x_wconf 87' lang='lat' dir='ltr'><strong>Demetrii</strong></span> <span class='ocrx_word' id='word_1_393' title='bbox 2963 2828 3319 2896; x_wconf 87' lang='lat' dir='ltr'><strong>omniumque</strong></span> <span class='ocrx_word' id='word_1_394' title='bbox 3356 2823 3625 2879; x_wconf 83' lang='lat' dir='ltr'><strong>Christia-</strong></span> 
     </span>
    </p>
   </div>
   <div class='ocr_carea' id='block_1_59' title="bbox 2058 2919 3623 2992">
    <p class='ocr_par' dir='ltr' id='par_1_59' title="bbox 2058 2919 3623 2992">
     <span class='ocr_line' id='line_1_59' title="bbox 2058 2919 3623 2992; baseline -0.004 -15"><span class='ocrx_word' id='word_1_395' title='bbox 2058 2937 2253 2977; x_wconf 91' lang='lat' dir='ltr'><strong>norum</strong></span> <span class='ocrx_word' id='word_1_396' title='bbox 2294 2920 2406 2977; x_wconf 86' lang='lat' dir='ltr'><strong>Deo</strong></span> <span class='ocrx_word' id='word_1_397' title='bbox 2439 2921 2689 2991; x_wconf 89' lang='lat' dir='ltr'><strong>adjutum</strong></span> <span class='ocrx_word' id='word_1_398' title='bbox 2742 2921 2810 2976; x_wconf 93' lang='lat' dir='ltr'><strong>de</strong></span> <span class='ocrx_word' id='word_1_399' title='bbox 2849 2920 3008 2992; x_wconf 66' lang='lat' dir='ltr'><strong>Lyaeo</strong></span> <span class='ocrx_word' id='word_1_400' title='bbox 3060 2921 3316 2975; x_wconf 87' lang='lat' dir='ltr'><strong>retulisse</strong></span> <span class='ocrx_word' id='word_1_401' title='bbox 3343 2919 3623 2973; x_wconf 83' lang='lat' dir='ltr'><strong>victoriam</strong></span> 
     </span>
    </p>
   </div>
   <div class='ocr_carea' id='block_1_60' title="bbox 2057 3005 3629 3081">
    <p class='ocr_par' dir='ltr' id='par_1_60' title="bbox 2057 3005 3629 3081">
     <span class='ocr_line' id='line_1_60' title="bbox 2057 3005 3629 3081; baseline -0.003 -17"><span class='ocrx_word' id='word_1_402' title='bbox 2057 3011 2371 3081; x_wconf 90' lang='lat' dir='ltr'><strong>respondet.</strong></span> <span class='ocrx_word' id='word_1_403' title='bbox 2403 3011 2562 3078; x_wconf 85' lang='lat' dir='ltr'><strong>Quod</strong></span> <span class='ocrx_word' id='word_1_404' title='bbox 2619 3025 2743 3066; x_wconf 90' lang='lat' dir='ltr'><strong>cum</strong></span> <span class='ocrx_word' id='word_1_405' title='bbox 2801 3008 3102 3079; x_wconf 87' lang='lat' dir='ltr'><strong>imperator</strong></span> <span class='ocrx_word' id='word_1_406' title='bbox 3158 3007 3464 3063; x_wconf 87' lang='lat' dir='ltr'><strong>audivisset</strong></span> <span class='ocrx_word' id='word_1_407' title='bbox 3524 3005 3629 3061; x_wconf 62' lang='lat' dir='ltr'><strong>Neo</strong></span> 
     </span>
    </p>
   </div>
   <div class='ocr_carea' id='block_1_61' title="bbox 383 3094 3627 3183">
    <p class='ocr_par' dir='ltr' id='par_1_61' title="bbox 383 3094 3627 3183">
     <span class='ocr_line' id='line_1_61' title="bbox 383 3094 3627 3183; baseline 0.001 -35"><span class='ocrx_word' id='word_1_408' title='bbox 383 3094 541 3148; x_wconf 89' lang='lat' dir='ltr'><strong>terim</strong></span> <span class='ocrx_word' id='word_1_409' title='bbox 578 3095 747 3150; x_wconf 86' lang='lat' dir='ltr'><strong>hosce</strong></span> <span class='ocrx_word' id='word_1_410' title='bbox 781 3111 973 3152; x_wconf 88' lang='lat' dir='ltr'><strong>onmes</strong></span> <span class='ocrx_word' id='word_1_411' title='bbox 1011 3099 1107 3153; x_wconf 92' lang='lat' dir='ltr'><strong>ahs</strong></span> <span class='ocrx_word' id='word_1_412' title='bbox 1145 3100 1238 3153; x_wconf 89' lang='lat' dir='ltr'><strong>illo</strong></span> <span class='ocrx_word' id='word_1_413' title='bbox 1281 3100 1449 3157; x_wconf 86' lang='lat' dir='ltr'><strong>fuisse</strong></span> <span class='ocrx_word' id='word_1_414' title='bbox 1495 3117 1788 3157; x_wconf 78' lang='lat' dir='ltr'><strong>conversos</strong></span> <span class='ocrx_word' id='word_1_415' title='bbox 1847 3118 1952 3159; x_wconf 92' lang='lat' dir='ltr'><strong>non</strong></span> <span class='ocrx_word' id='word_1_416' title='bbox 1983 3124 2024 3183; x_wconf 57' lang='grc' dir='ltr'><strong>(χ</strong></span> <span class='ocrx_word' id='word_1_417' title='bbox 2059 3114 2260 3158; x_wconf 78' lang='lat' dir='ltr'><strong>starent</strong></span> <span class='ocrx_word' id='word_1_418' title='bbox 2295 3120 2360 3159; x_wconf 84' lang='lat' dir='ltr'><strong>eo</strong></span> <span class='ocrx_word' id='word_1_419' title='bbox 2391 3105 2529 3174; x_wconf 90' lang='lat' dir='ltr'><strong>ipso,</strong></span> <span class='ocrx_word' id='word_1_420' title='bbox 2580 3117 2687 3173; x_wconf 91' lang='lat' dir='ltr'><strong>quo</strong></span> <span class='ocrx_word' id='word_1_421' title='bbox 2735 3102 2827 3158; x_wconf 90' lang='lat' dir='ltr'><strong>hic</strong></span> <span class='ocrx_word' id='word_1_422' title='bbox 2858 3100 3072 3173; x_wconf 65' lang='lat' dir='ltr'><strong>Lyaeum</strong></span> <span class='ocrx_word' id='word_1_423' title='bbox 3097 3100 3396 3166; x_wconf 90' lang='lat' dir='ltr'><strong>occiderat,</strong></span> <span class='ocrx_word' id='word_1_424' title='bbox 3446 3097 3627 3168; x_wconf 87' lang='lat' dir='ltr'><strong>gladio</strong></span> 
     </span>
    </p>
   </div>
   <div class='ocr_carea' id='block_1_62' title="bbox 381 3184 1949 3259">
    <p class='ocr_par' dir='ltr' id='par_1_62' title="bbox 381 3184 1949 3259">
     <span class='ocr_line' id='line_1_62' title="bbox 381 3184 1949 3259; baseline 0.008 -22"><span class='ocrx_word' id='word_1_425' title='bbox 381 3184 546 3250; x_wconf 89' lang='lat' dir='ltr'><strong>dicat,</strong></span> <span class='ocrx_word' id='word_1_426' title='bbox 584 3187 776 3252; x_wconf 89' lang='lat' dir='ltr'><strong>relato,</strong></span> <span class='ocrx_word' id='word_1_427' title='bbox 805 3190 1125 3259; x_wconf 69' lang='lat' dir='ltr'><strong>praedicasse</strong></span> <span class='ocrx_word' id='word_1_428' title='bbox 1158 3191 1411 3247; x_wconf 71' lang='lat' dir='ltr'><strong>afﬁrmat.</strong></span> <span class='ocrx_word' id='word_1_429' title='bbox 1463 3191 1574 3249; x_wconf 84' lang='lat' dir='ltr'><strong>Nec</strong></span> <span class='ocrx_word' id='word_1_430' title='bbox 1611 3195 1713 3249; x_wconf 90' lang='lat' dir='ltr'><strong>hoc</strong></span> <span class='ocrx_word' id='word_1_431' title='bbox 1740 3204 1949 3251; x_wconf 79' lang='lat' dir='ltr'><strong>tantum</strong></span> 
     </span>
    </p>
   </div>
   <div class='ocr_carea' id='block_1_63' title="bbox 383 3276 1952 3347">
    <p class='ocr_par' dir='ltr' id='par_1_63' title="bbox 383 3276 1952 3347">
     <span class='ocr_line' id='line_1_63' title="bbox 383 3276 1952 3347; baseline 0.01 -20"><span class='ocrx_word' id='word_1_432' title='bbox 383 3276 562 3330; x_wconf 89' lang='lat' dir='ltr'><strong>verbis</strong></span> <span class='ocrx_word' id='word_1_433' title='bbox 602 3278 845 3334; x_wconf 90' lang='lat' dir='ltr'><strong>recitatis</strong></span> <span class='ocrx_word' id='word_1_434' title='bbox 874 3280 1115 3336; x_wconf 75' lang='lat' dir='ltr'><strong>Joannes</strong></span> <span class='ocrx_word' id='word_1_435' title='bbox 1151 3284 1365 3347; x_wconf 88' lang='lat' dir='ltr'><strong>astruit,</strong></span> <span class='ocrx_word' id='word_1_436' title='bbox 1399 3300 1590 3339; x_wconf 89' lang='lat' dir='ltr'><strong>verum</strong></span> <span class='ocrx_word' id='word_1_437' title='bbox 1632 3286 1794 3340; x_wconf 89' lang='lat' dir='ltr'><strong>etiam</strong></span> <span class='ocrx_word' id='word_1_438' title='bbox 1826 3286 1952 3342; x_wconf 88' lang='lat' dir='ltr'><strong>inde</strong></span> 
     </span>
    </p>
   </div>
   <div class='ocr_carea' id='block_1_64' title="bbox 381 3368 1952 3444">
    <p class='ocr_par' dir='ltr' id='par_1_64' title="bbox 381 3368 1952 3444">
     <span class='ocr_line' id='line_1_64' title="bbox 381 3368 1952 3444; baseline 0.008 -24"><span class='ocrx_word' id='word_1_439' title='bbox 381 3368 575 3435; x_wconf 79' lang='lat' dir='ltr'><strong>magis,</strong></span> <span class='ocrx_word' id='word_1_440' title='bbox 607 3385 768 3439; x_wconf 91' lang='lat' dir='ltr'><strong>quam</strong></span> <span class='ocrx_word' id='word_1_441' title='bbox 808 3387 838 3427; x_wconf 93' lang='lat' dir='ltr'><strong>e</strong></span> <span class='ocrx_word' id='word_1_442' title='bbox 883 3373 1199 3438; x_wconf 89' lang='lat' dir='ltr'><strong>miraculis,</strong></span> <span class='ocrx_word' id='word_1_443' title='bbox 1234 3376 1432 3444; x_wconf 90' lang='lat' dir='ltr'><strong>quibus</strong></span> <span class='ocrx_word' id='word_1_444' title='bbox 1480 3391 1604 3431; x_wconf 90' lang='lat' dir='ltr'><strong>eum</strong></span> <span class='ocrx_word' id='word_1_445' title='bbox 1652 3378 1812 3432; x_wconf 87' lang='lat' dir='ltr'><strong>etiam</strong></span> <span class='ocrx_word' id='word_1_446' title='bbox 1840 3378 1952 3432; x_wconf 77' lang='lat' dir='ltr'><strong>cla-</strong></span> 
     </span>
    </p>
   </div>
   <div class='ocr_carea' id='block_1_65' title="bbox 380 3456 1952 3537">
    <p class='ocr_par' dir='ltr' id='par_1_65' title="bbox 380 3456 1952 3537">
     <span class='ocr_line' id='line_1_65' title="bbox 380 3456 1952 3537; baseline 0.008 -27"><span class='ocrx_word' id='word_1_447' title='bbox 380 3456 559 3512; x_wconf 86' lang='lat' dir='ltr'><strong>ruisse</strong></span> <span class='ocrx_word' id='word_1_448' title='bbox 593 3459 794 3527; x_wconf 89' lang='lat' dir='ltr'><strong>innuit,</strong></span> <span class='ocrx_word' id='word_1_449' title='bbox 841 3461 1039 3517; x_wconf 87' lang='lat' dir='ltr'><strong>factum</strong></span> <span class='ocrx_word' id='word_1_450' title='bbox 1087 3479 1228 3531; x_wconf 89' lang='lat' dir='ltr'><strong>esse,</strong></span> <span class='ocrx_word' id='word_1_451' title='bbox 1276 3474 1334 3519; x_wconf 92' lang='lat' dir='ltr'><strong>ut</strong></span> <span class='ocrx_word' id='word_1_452' title='bbox 1381 3466 1748 3535; x_wconf 77' lang='lat' dir='ltr'><strong>imperatoris.</strong></span> <span class='ocrx_word' id='word_1_453' title='bbox 1793 3468 1952 3537; x_wconf 82' lang='lat' dir='ltr'><strong>cujus</strong></span> 
     </span>
    </p>
   </div>
   <div class='ocr_carea' id='block_1_66' title="bbox 378 3548 1951 3625">
    <p class='ocr_par' dir='ltr' id='par_1_66' title="bbox 378 3548 1951 3625">
     <span class='ocr_line' id='line_1_66' title="bbox 378 3548 1951 3625; baseline 0.004 -23"><span class='ocrx_word' id='word_1_454' title='bbox 378 3548 531 3611; x_wconf 87' lang='lat' dir='ltr'><strong>iussu</strong></span> <span class='ocrx_word' id='word_1_455' title='bbox 570 3550 674 3605; x_wconf 90' lang='lat' dir='ltr'><strong>fuit</strong></span> <span class='ocrx_word' id='word_1_456' title='bbox 696 3552 929 3617; x_wconf 85' lang='lat' dir='ltr'><strong>occisus,</strong></span> <span class='ocrx_word' id='word_1_457' title='bbox 958 3553 1387 3625; x_wconf 81' lang='lat' dir='ltr'><strong>indignationem</strong></span> <span class='ocrx_word' id='word_1_458' title='bbox 1418 3557 1727 3611; x_wconf 86' lang='lat' dir='ltr'><strong>incurrerit.</strong></span> <span class='ocrx_word' id='word_1_459' title='bbox 1752 3555 1951 3610; x_wconf 80' lang='lat' dir='ltr'><strong>Verum</strong></span> 
     </span>
    </p>
   </div>
   <div class='ocr_carea' id='block_1_67' title="bbox 379 3642 1955 3714">
    <p class='ocr_par' dir='ltr' id='par_1_67' title="bbox 379 3642 1955 3714">
     <span class='ocr_line' id='line_1_67' title="bbox 379 3642 1955 3714; baseline 0.004 -18"><span class='ocrx_word' id='word_1_460' title='bbox 379 3642 448 3696; x_wconf 90' lang='lat' dir='ltr'><strong>de</strong></span> <span class='ocrx_word' id='word_1_461' title='bbox 479 3644 789 3710; x_wconf 85' lang='lat' dir='ltr'><strong>occasione,</strong></span> <span class='ocrx_word' id='word_1_462' title='bbox 837 3660 943 3714; x_wconf 89' lang='lat' dir='ltr'><strong>qua</strong></span> <span class='ocrx_word' id='word_1_463' title='bbox 975 3648 1209 3701; x_wconf 89' lang='lat' dir='ltr'><strong>Sanctus</strong></span> <span class='ocrx_word' id='word_1_464' title='bbox 1249 3648 1368 3702; x_wconf 88' lang='lat' dir='ltr'><strong>neci</strong></span> <span class='ocrx_word' id='word_1_465' title='bbox 1401 3648 1561 3705; x_wconf 90' lang='lat' dir='ltr'><strong>datus</strong></span> <span class='ocrx_word' id='word_1_466' title='bbox 1590 3649 1776 3710; x_wconf 85' lang='lat' dir='ltr'><strong>fuerit.</strong></span> <span class='ocrx_word' id='word_1_467' title='bbox 1807 3664 1955 3703; x_wconf 89' lang='lat' dir='ltr'><strong>eom-</strong></span> 
     </span>
    </p>
   </div>
   <div class='ocr_carea' id='block_1_68' title="bbox 379 3734 1954 3810">
    <p class='ocr_par' dir='ltr' id='par_1_68' title="bbox 379 3734 1954 3810">
     <span class='ocr_line' id='line_1_68' title="bbox 379 3734 1954 3810; baseline 0.005 -25"><span class='ocrx_word' id='word_1_468' title='bbox 379 3734 594 3788; x_wconf 88' lang='lat' dir='ltr'><strong>modius</strong></span> <span class='ocrx_word' id='word_1_469' title='bbox 633 3737 973 3802; x_wconf 87' lang='lat' dir='ltr'><strong>tractabitur,</strong></span> <span class='ocrx_word' id='word_1_470' title='bbox 1018 3748 1305 3807; x_wconf 85' lang='lat' dir='ltr'><strong>postquam</strong></span> <span class='ocrx_word' id='word_1_471' title='bbox 1347 3738 1374 3809; x_wconf 84' lang='lat'><strong>§</strong></span> <span class='ocrx_word' id='word_1_472' title='bbox 1405 3742 1696 3809; x_wconf 90' lang='lat' dir='ltr'><strong>sequenti,</strong></span> <span class='ocrx_word' id='word_1_473' title='bbox 1733 3757 1852 3810; x_wconf 73' lang='lat' dir='ltr'><strong>qum</strong></span> <span class='ocrx_word' id='word_1_474' title='bbox 1886 3742 1954 3795; x_wconf 90' lang='lat' dir='ltr'><strong>de</strong></span> 
     </span>
    </p>
   </div>
   <div class='ocr_carea' id='block_1_69' title="bbox 379 3818 1954 3902">
    <p class='ocr_par' dir='ltr' id='par_1_69' title="bbox 379 3818 1954 3902">
     <span class='ocr_line' id='line_1_69' title="bbox 379 3818 1954 3902; baseline 0.007 -27"><span class='ocrx_word' id='word_1_475' title='bbox 379 3821 610 3877; x_wconf 80' lang='lat' dir='ltr'><strong>Nestore</strong></span> <span class='ocrx_word' id='word_1_476' title='bbox 641 3823 979 3896; x_wconf 83' lang='lat' dir='ltr'><strong>Sancteque,</strong></span> <span class='ocrx_word' id='word_1_477' title='bbox 1014 3818 1105 3896; x_wconf 87' lang='lat' dir='ltr'><strong>qui</strong></span> <span class='ocrx_word' id='word_1_478' title='bbox 1139 3831 1267 3884; x_wconf 87' lang='lat' dir='ltr'><strong>huic</strong></span> <span class='ocrx_word' id='word_1_479' title='bbox 1290 3871 1303 3896; x_wconf 95' lang='lat'><strong>,</strong></span> <span class='ocrx_word' id='word_1_480' title='bbox 1357 3830 1624 3902; x_wconf 83' lang='lat' dir='ltr'><strong>singulari</strong></span> <span class='ocrx_word' id='word_1_481' title='bbox 1655 3833 1954 3887; x_wconf 89' lang='lat' dir='ltr'><strong>certamine</strong></span> 
     </span>
    </p>
   </div>
   <div class='ocr_carea' id='block_1_70' title="bbox 379 3912 1954 3991">
    <p class='ocr_par' dir='ltr' id='par_1_70' title="bbox 379 3912 1954 3991">
     <span class='ocr_line' id='line_1_70' title="bbox 379 3912 1954 3991; baseline 0.007 -25"><span class='ocrx_word' id='word_1_482' title='bbox 379 3927 506 3967; x_wconf 86' lang='lat' dir='ltr'><strong>cum</strong></span> <span class='ocrx_word' id='word_1_483' title='bbox 531 3912 691 3986; x_wconf 62' lang='lat' dir='ltr'><strong>Lyaeo</strong></span> <span class='ocrx_word' id='word_1_484' title='bbox 727 3916 1029 3988; x_wconf 88' lang='lat' dir='ltr'><strong>gladiatore</strong></span> <span class='ocrx_word' id='word_1_485' title='bbox 1066 3935 1453 3991; x_wconf 88' lang='lat' dir='ltr'><strong>congressuro,</strong></span> <span class='ocrx_word' id='word_1_486' title='bbox 1487 3922 1853 3985; x_wconf 83' lang='lat' dir='ltr'><strong>henedixerit,</strong></span> <span class='ocrx_word' id='word_1_487' title='bbox 1896 3921 1954 3977; x_wconf 86' lang='lat' dir='ltr'><strong>in</strong></span> 
     </span>
    </p>
   </div>
   <div class='ocr_carea' id='block_1_71' title="bbox 381 4004 1954 4083">
    <p class='ocr_par' dir='ltr' id='par_1_71' title="bbox 381 4004 1954 4083">
     <span class='ocr_line' id='line_1_71' title="bbox 381 4004 1954 4083; baseline 0.006 -25"><span class='ocrx_word' id='word_1_488' title='bbox 381 4004 500 4059; x_wconf 80' lang='lat' dir='ltr'><strong>Vita</strong></span> <span class='ocrx_word' id='word_1_489' title='bbox 524 4022 554 4060; x_wconf 91' lang='lat' dir='ltr'><strong>a</strong></span> <span class='ocrx_word' id='word_1_490' title='bbox 585 4006 948 4078; x_wconf 78' lang='lat' dir='ltr'><strong>Metapbraste</strong></span> <span class='ocrx_word' id='word_1_491' title='bbox 980 4020 1233 4067; x_wconf 82' lang='lat' dir='ltr'><strong>contexta</strong></span> <span class='ocrx_word' id='word_1_492' title='bbox 1259 4052 1272 4077; x_wconf 92' lang='lat'><strong>,</strong></span> <span class='ocrx_word' id='word_1_493' title='bbox 1307 4013 1523 4082; x_wconf 88' lang='lat' dir='ltr'><strong>aliaque</strong></span> <span class='ocrx_word' id='word_1_494' title='bbox 1571 4013 1825 4083; x_wconf 83' lang='lat' dir='ltr'><strong>anonymi</strong></span> <span class='ocrx_word' id='word_1_495' title='bbox 1861 4015 1954 4083; x_wconf 90' lang='lat' dir='ltr'><strong>qui</strong></span> 
     </span>
    </p>
   </div>
   <div class='ocr_carea' id='block_1_72' title="bbox 382 4098 1515 4170">
    <p class='ocr_par' dir='ltr' id='par_1_72' title="bbox 382 4098 1515 4170">
     <span class='ocr_line' id='line_1_72' title="bbox 382 4098 1515 4170; baseline 0.007 -20"><span class='ocrx_word' id='word_1_496' title='bbox 382 4098 511 4153; x_wconf 90' lang='lat' dir='ltr'><strong>huic</strong></span> <span class='ocrx_word' id='word_1_497' title='bbox 542 4100 795 4167; x_wconf 78' lang='lat' dir='ltr'><strong>pnelnxit</strong></span> <span class='ocrx_word' id='word_1_498' title='bbox 832 4102 1143 4170; x_wconf 87' lang='lat' dir='ltr'><strong>traduntur,</strong></span> <span class='ocrx_word' id='word_1_499' title='bbox 1177 4106 1515 4159; x_wconf 81' lang='lat' dir='ltr'><strong>examinare.</strong></span> 
     </span>
    </p>
   </div>
   <div class='ocr_carea' id='block_1_73' title="bbox 378 4212 1955 4290">
    <p class='ocr_par' dir='ltr' id='par_1_73' title="bbox 378 4212 1955 4290">
     <span class='ocr_line' id='line_1_73' title="bbox 378 4212 1955 4290; baseline 0.004 -23"><span class='ocrx_word' id='word_1_500' title='bbox 378 4212 540 4290; x_wconf 79' lang='lat' dir='ltr'><strong>§lV._</strong></span> <span class='ocrx_word' id='word_1_501' title='bbox 572 4213 713 4290; x_wconf 76' lang='lat' dir='ltr'><strong>Quid</strong></span> <span class='ocrx_word' id='word_1_502' title='bbox 752 4217 815 4270; x_wconf 84' lang='lat' dir='ltr'><strong>de</strong></span> <span class='ocrx_word' id='word_1_503' title='bbox 846 4217 911 4290; x_wconf 73' lang='lat' dir='ltr'><strong>iis</strong></span> <span class='ocrx_word' id='word_1_504' title='bbox 941 4234 1074 4290; x_wconf 46' lang='lat' dir='ltr'><strong>qua;</strong></span> <span class='ocrx_word' id='word_1_505' title='bbox 1108 4234 1139 4270; x_wconf 90' lang='lat' dir='ltr'><strong>a</strong></span> <span class='ocrx_word' id='word_1_506' title='bbox 1179 4217 1539 4290; x_wconf 70' lang='lat' dir='ltr'><strong>Metaphraste</strong></span> <span class='ocrx_word' id='word_1_507' title='bbox 1594 4222 1955 4290; x_wconf 73' lang='lat' dir='ltr'><strong>anonymoque</strong></span> 
     </span>
    </p>
   </div>
   <div class='ocr_carea' id='block_1_74' title="bbox 448 4285 1957 4360">
    <p class='ocr_par' dir='ltr' id='par_1_74' title="bbox 448 4285 1957 4360">
     <span class='ocr_line' id='line_1_74' title="bbox 448 4285 1957 4360; baseline 0.003 -24"><span class='ocrx_word' id='word_1_508' title='bbox 448 4285 540 4352; x_wconf 80' lang='lat' dir='ltr'><strong>qui</strong></span> <span class='ocrx_word' id='word_1_509' title='bbox 568 4287 698 4360; x_wconf 54' lang='grc' dir='ltr'><strong>βιαία</strong></span> <span class='ocrx_word' id='word_1_510' title='bbox 743 4285 989 4360; x_wconf 58' lang='lat' dir='ltr'><strong>praelusit</strong></span> <span class='ocrx_word' id='word_1_511' title='bbox 1038 4287 1222 4360; x_wconf 70' lang='lat' dir='ltr'><strong>sancti</strong></span> <span class='ocrx_word' id='word_1_512' title='bbox 1282 4285 1568 4360; x_wconf 81' lang='lat' dir='ltr'><strong>biograper</strong></span> <span class='ocrx_word' id='word_1_513' title='bbox 1627 4289 1689 4341; x_wconf 87' lang='lat' dir='ltr'><strong>de</strong></span> <span class='ocrx_word' id='word_1_514' title='bbox 1734 4285 1957 4343; x_wconf 78' lang='lat' dir='ltr'><strong>Nestore</strong></span> 
     </span>
    </p>
   </div>
   <div class='ocr_carea' id='block_1_75' title="bbox 455 4354 1225 4414">
    <p class='ocr_par' dir='ltr' id='par_1_75' title="bbox 455 4354 1225 4414">
     <span class='ocr_line' id='line_1_75' title="bbox 455 4354 1225 4414; baseline 0.014 -11"><span class='ocrx_word' id='word_1_515' title='bbox 455 4354 752 4409; x_wconf 70' lang='lat' dir='ltr'><strong>traduntur</strong></span> <span class='ocrx_word' id='word_1_516' title='bbox 773 4358 841 4410; x_wconf 80' lang='lat' dir='ltr'><strong>sit</strong></span> <span class='ocrx_word' id='word_1_517' title='bbox 881 4358 1225 4414; x_wconf 80' lang='lat' dir='ltr'><strong>censendum.</strong></span> 
     </span>
    </p>
   </div>
   <div class='ocr_carea' id='block_1_76' title="bbox 455 4455 2032 4539">
    <p class='ocr_par' dir='ltr' id='par_1_76' title="bbox 455 4455 2032 4539">
     <span class='ocr_line' id='line_1_76' title="bbox 455 4455 2032 4539; baseline -0.001 -17"><span class='ocrx_word' id='word_1_518' title='bbox 455 4469 544 4522; x_wconf 74' lang='lat' dir='ltr'><strong>4L</strong></span> <span class='ocrx_word' id='word_1_519' title='bbox 580 4466 954 4538; x_wconf 81' lang='lat' dir='ltr'><strong>Suppeditata&#39;</strong></span> <span class='ocrx_word' id='word_1_520' title='bbox 978 4484 1009 4521; x_wconf 85' lang='lat' dir='ltr'><strong>a</strong></span> <span class='ocrx_word' id='word_1_521' title='bbox 1034 4468 1406 4538; x_wconf 80' lang='lat' dir='ltr'><strong>Metaphraste</strong></span> <span class='ocrx_word' id='word_1_522' title='bbox 1451 4485 1833 4539; x_wconf 82' lang='lat' dir='ltr'><strong>anonymoque</strong></span> <span class='ocrx_word' id='word_1_523' title='bbox 1864 4466 1956 4537; x_wconf 91' lang='lat' dir='ltr'><strong>qui</strong></span> <span class='ocrx_word' id='word_1_524' title='bbox 1992 4455 2032 4507; x_wconf 78' lang='grc' dir='ltr'><strong>υ</strong></span> 
     </span>
    </p>
   </div>
   <div class='ocr_carea' id='block_1_77' title="bbox 385 4553 1954 4631">
    <p class='ocr_par' dir='ltr' id='par_1_77' title="bbox 385 4553 1954 4631">
     <span class='ocr_line' id='line_1_77' title="bbox 385 4553 1954 4631; baseline -0.001 -16"><span class='ocrx_word' id='word_1_525' title='bbox 385 4559 513 4615; x_wconf 90' lang='lat' dir='ltr'><strong>huic</strong></span> <span class='ocrx_word' id='word_1_526' title='bbox 555 4559 808 4630; x_wconf 64' lang='lat' dir='ltr'><strong>praeluxit</strong></span> <span class='ocrx_word' id='word_1_527' title='bbox 850 4559 1035 4614; x_wconf 89' lang='lat' dir='ltr'><strong>Sancti</strong></span> <span class='ocrx_word' id='word_1_528' title='bbox 1087 4560 1260 4615; x_wconf 90' lang='lat' dir='ltr'><strong>nostri</strong></span> <span class='ocrx_word' id='word_1_529' title='bbox 1295 4553 1694 4631; x_wconf 86' lang='lat' dir='ltr'><strong>biographo-de</strong></span> <span class='ocrx_word' id='word_1_530' title='bbox 1725 4560 1954 4615; x_wconf 81' lang='lat' dir='ltr'><strong>Nestore</strong></span> 
     </span>
    </p>
   </div>
   <div class='ocr_carea' id='block_1_78' title="bbox 381 4653 1951 4723">
    <p class='ocr_par' dir='ltr' id='par_1_78' title="bbox 381 4653 1951 4723">
     <span class='ocr_line' id='line_1_78' title="bbox 381 4653 1951 4723; baseline 0.002 -17"><span class='ocrx_word' id='word_1_531' title='bbox 381 4653 640 4723; x_wconf 86' lang='lat' dir='ltr'><strong>quodam,</strong></span> <span class='ocrx_word' id='word_1_532' title='bbox 699 4668 821 4722; x_wconf 58' lang='lat' dir='ltr'><strong>quae</strong></span> <span class='ocrx_word' id='word_1_533' title='bbox 876 4654 966 4707; x_wconf 86' lang='lat' dir='ltr'><strong>hic</strong></span> <span class='ocrx_word' id='word_1_534' title='bbox 995 4653 1360 4709; x_wconf 83' lang='lat' dir='ltr'><strong>examinanda</strong></span> <span class='ocrx_word' id='word_1_535' title='bbox 1393 4656 1563 4716; x_wconf 86' lang='lat' dir='ltr'><strong>venit,</strong></span> <span class='ocrx_word' id='word_1_536' title='bbox 1614 4657 1856 4708; x_wconf 85' lang='lat' dir='ltr'><strong>narratio</strong></span> <span class='ocrx_word' id='word_1_537' title='bbox 1896 4653 1951 4709; x_wconf 89' lang='lat' dir='ltr'><strong>in</strong></span> 
     </span>
    </p>
   </div>
   <div class='ocr_carea' id='block_1_79' title="bbox 380 4745 1953 4815">
    <p class='ocr_par' dir='ltr' id='par_1_79' title="bbox 380 4745 1953 4815">
     <span class='ocr_line' id='line_1_79' title="bbox 380 4745 1953 4815; baseline 0.001 -16"><span class='ocrx_word' id='word_1_538' title='bbox 380 4746 769 4815; x_wconf 73' lang='lat' dir='ltr'><strong>Compendium</strong></span> <span class='ocrx_word' id='word_1_539' title='bbox 818 4754 1122 4809; x_wconf 88' lang='lat' dir='ltr'><strong>contracta,</strong></span> <span class='ocrx_word' id='word_1_540' title='bbox 1170 4760 1237 4800; x_wconf 89' lang='lat' dir='ltr'><strong>eo</strong></span> <span class='ocrx_word' id='word_1_541' title='bbox 1267 4745 1380 4801; x_wconf 86' lang='lat' dir='ltr'><strong>fere</strong></span> <span class='ocrx_word' id='word_1_542' title='bbox 1410 4746 1642 4800; x_wconf 90' lang='lat' dir='ltr'><strong>recidit:</strong></span> <span class='ocrx_word' id='word_1_543' title='bbox 1674 4745 1953 4802; x_wconf 86' lang='lat' dir='ltr'><strong>Gladiator</strong></span> 
     </span>
    </p>
   </div>
   <div class='ocr_carea' id='block_1_80' title="bbox 382 4835 1949 4908">
    <p class='ocr_par' dir='ltr' id='par_1_80' title="bbox 382 4835 1949 4908">
     <span class='ocr_line' id='line_1_80' title="bbox 382 4835 1949 4908; baseline 0.003 -21"><span class='ocrx_word' id='word_1_544' title='bbox 382 4842 523 4894; x_wconf 78' lang='lat' dir='ltr'><strong>erat,</strong></span> <span class='ocrx_word' id='word_1_545' title='bbox 569 4835 761 4905; x_wconf 67' lang='lat' dir='ltr'><strong>Lyaeus</strong></span> <span class='ocrx_word' id='word_1_546' title='bbox 810 4838 1148 4901; x_wconf 88' lang='lat' dir='ltr'><strong>nominatus,</strong></span> <span class='ocrx_word' id='word_1_547' title='bbox 1194 4838 1417 4893; x_wconf 89' lang='lat' dir='ltr'><strong>natione</strong></span> <span class='ocrx_word' id='word_1_548' title='bbox 1473 4836 1795 4905; x_wconf 85' lang='lat' dir='ltr'><strong>Wandalus,</strong></span> <span class='ocrx_word' id='word_1_549' title='bbox 1832 4838 1949 4908; x_wconf 89' lang='lat' dir='ltr'><strong>qui,</strong></span> 
     </span>
    </p>
   </div>
   <div class='ocr_carea' id='block_1_81' title="bbox 383 4927 1949 5000">
    <p class='ocr_par' dir='ltr' id='par_1_81' title="bbox 383 4927 1949 5000">
     <span class='ocr_line' id='line_1_81' title="bbox 383 4927 1949 5000; baseline 0.001 -21"><span class='ocrx_word' id='word_1_550' title='bbox 383 4940 508 4979; x_wconf 84' lang='lat' dir='ltr'><strong>eum</strong></span> <span class='ocrx_word' id='word_1_551' title='bbox 556 4927 807 4994; x_wconf 89' lang='lat' dir='ltr'><strong>corporis</strong></span> <span class='ocrx_word' id='word_1_552' title='bbox 833 4927 1028 4983; x_wconf 86' lang='lat' dir='ltr'><strong>robore</strong></span> <span class='ocrx_word' id='word_1_553' title='bbox 1051 4930 1286 4985; x_wconf 78' lang='lat' dir='ltr'><strong>maxime</strong></span> <span class='ocrx_word' id='word_1_554' title='bbox 1345 4939 1631 5000; x_wconf 68' lang='lat' dir='ltr'><strong>prmstaret</strong></span> <span class='ocrx_word' id='word_1_555' title='bbox 1670 4946 1949 5000; x_wconf 84' lang='lat' dir='ltr'><strong>quoscun-</strong></span> 
     </span>
    </p>
   </div>
   <div class='ocr_carea' id='block_1_82' title="bbox 381 5015 1950 5087">
    <p class='ocr_par' dir='ltr' id='par_1_82' title="bbox 381 5015 1950 5087">
     <span class='ocr_line' id='line_1_82' title="bbox 381 5015 1950 5087; baseline 0.004 -19"><span class='ocrx_word' id='word_1_556' title='bbox 381 5030 487 5084; x_wconf 87' lang='lat' dir='ltr'><strong>que</strong></span> <span class='ocrx_word' id='word_1_557' title='bbox 538 5029 727 5069; x_wconf 89' lang='lat' dir='ltr'><strong>secum</strong></span> <span class='ocrx_word' id='word_1_558' title='bbox 768 5015 1034 5087; x_wconf 88' lang='lat' dir='ltr'><strong>singulari</strong></span> <span class='ocrx_word' id='word_1_559' title='bbox 1064 5023 1367 5076; x_wconf 82' lang='lat' dir='ltr'><strong>certamine</strong></span> <span class='ocrx_word' id='word_1_560' title='bbox 1402 5038 1598 5076; x_wconf 87' lang='lat' dir='ltr'><strong>manus</strong></span> <span class='ocrx_word' id='word_1_561' title='bbox 1655 5036 1950 5076; x_wconf 88' lang='lat' dir='ltr'><strong>conseren-</strong></span> 
     </span>
    </p>
   </div>
   <div class='ocr_carea' id='block_1_83' title="bbox 384 5106 1950 5184">
    <p class='ocr_par' dir='ltr' id='par_1_83' title="bbox 384 5106 1950 5184">
     <span class='ocr_line' id='line_1_83' title="bbox 384 5106 1950 5184; baseline 0.003 -22"><span class='ocrx_word' id='word_1_562' title='bbox 384 5118 466 5162; x_wconf 89' lang='lat' dir='ltr'><strong>tes</strong></span> <span class='ocrx_word' id='word_1_563' title='bbox 498 5106 655 5162; x_wconf 91' lang='lat' dir='ltr'><strong>facile</strong></span> <span class='ocrx_word' id='word_1_564' title='bbox 682 5109 998 5178; x_wconf 89' lang='lat' dir='ltr'><strong>superabat,</strong></span> <span class='ocrx_word' id='word_1_565' title='bbox 1018 5110 1252 5183; x_wconf 89' lang='lat' dir='ltr'><strong>hincque</strong></span> <span class='ocrx_word' id='word_1_566' title='bbox 1272 5128 1472 5184; x_wconf 90' lang='lat' dir='ltr'><strong>magno</strong></span> <span class='ocrx_word' id='word_1_567' title='bbox 1494 5114 1547 5167; x_wconf 89' lang='lat' dir='ltr'><strong>in</strong></span> <span class='ocrx_word' id='word_1_568' title='bbox 1575 5129 1757 5168; x_wconf 87' lang='lat' dir='ltr'><strong>amore</strong></span> <span class='ocrx_word' id='word_1_569' title='bbox 1785 5112 1950 5167; x_wconf 89' lang='lat' dir='ltr'><strong>simul</strong></span> 
     </span>
    </p>
   </div>
   <div class='ocr_carea' id='block_1_84' title="bbox 378 5197 1947 5273">
    <p class='ocr_par' dir='ltr' id='par_1_84' title="bbox 378 5197 1947 5273">
     <span class='ocr_line' id='line_1_84' title="bbox 378 5197 1947 5273; baseline 0.004 -21"><span class='ocrx_word' id='word_1_570' title='bbox 378 5207 433 5252; x_wconf 92' lang='lat' dir='ltr'><strong>et</strong></span> <span class='ocrx_word' id='word_1_571' title='bbox 479 5197 850 5254; x_wconf 69' lang='lat' dir='ltr'><strong>aestimatione</strong></span> <span class='ocrx_word' id='word_1_572' title='bbox 895 5202 1040 5270; x_wconf 88' lang='lat' dir='ltr'><strong>apud</strong></span> <span class='ocrx_word' id='word_1_573' title='bbox 1115 5203 1505 5273; x_wconf 87' lang='lat' dir='ltr'><strong>imperatorem</strong></span> <span class='ocrx_word' id='word_1_574' title='bbox 1562 5204 1947 5258; x_wconf 78' lang='lat' dir='ltr'><strong>Maximiannm</strong></span> 
     </span>
    </p>
   </div>
   <div class='ocr_carea' id='block_1_85' title="bbox 379 5290 1949 5367">
    <p class='ocr_par' dir='ltr' id='par_1_85' title="bbox 379 5290 1949 5367">
     <span class='ocr_line' id='line_1_85' title="bbox 379 5290 1949 5367; baseline 0.004 -23"><span class='ocrx_word' id='word_1_575' title='bbox 379 5297 514 5344; x_wconf 88' lang='lat' dir='ltr'><strong>erat.</strong></span> <span class='ocrx_word' id='word_1_576' title='bbox 549 5290 780 5355; x_wconf 79' lang='lat' dir='ltr'><strong>Accidit,</strong></span> <span class='ocrx_word' id='word_1_577' title='bbox 818 5300 881 5346; x_wconf 88' lang='lat' dir='ltr'><strong>ut</strong></span> <span class='ocrx_word' id='word_1_578' title='bbox 908 5292 1409 5351; x_wconf 74' lang='lat' dir='ltr'><strong>hicThessalonicae</strong></span> <span class='ocrx_word' id='word_1_579' title='bbox 1435 5296 1717 5351; x_wconf 78' lang='lat' dir='ltr'><strong>exhiberet</strong></span> <span class='ocrx_word' id='word_1_580' title='bbox 1744 5295 1949 5367; x_wconf 74' lang='lat' dir='ltr'><strong>gladia-</strong></span> 
     </span>
    </p>
   </div>
   <div class='ocr_carea' id='block_1_86' title="bbox 380 5385 1947 5457">
    <p class='ocr_par' dir='ltr' id='par_1_86' title="bbox 380 5385 1947 5457">
     <span class='ocr_line' id='line_1_86' title="bbox 380 5385 1947 5457; baseline 0.007 -27"><span class='ocrx_word' id='word_1_581' title='bbox 380 5388 555 5433; x_wconf 89' lang='lat' dir='ltr'><strong>torum</strong></span> <span class='ocrx_word' id='word_1_582' title='bbox 609 5385 1009 5451; x_wconf 86' lang='lat' dir='ltr'><strong>spectaculum,</strong></span> <span class='ocrx_word' id='word_1_583' title='bbox 1061 5401 1298 5456; x_wconf 89' lang='lat' dir='ltr'><strong>cumque</strong></span> <span class='ocrx_word' id='word_1_584' title='bbox 1370 5387 1560 5456; x_wconf 72' lang='lat' dir='ltr'><strong>Lyaus</strong></span> <span class='ocrx_word' id='word_1_585' title='bbox 1616 5386 1947 5457; x_wconf 86' lang='lat' dir='ltr'><strong>gladiatores</strong></span> 
     </span>
    </p>
   </div>
   <div class='ocr_carea' id='block_1_87' title="bbox 376 5478 1951 5549">
    <p class='ocr_par' dir='ltr' id='par_1_87' title="bbox 376 5478 1951 5549">
     <span class='ocr_line' id='line_1_87' title="bbox 376 5478 1951 5549; baseline 0.006 -25"><span class='ocrx_word' id='word_1_586' title='bbox 376 5480 605 5526; x_wconf 67' lang='lat' dir='ltr'><strong>caeteros</strong></span> <span class='ocrx_word' id='word_1_587' title='bbox 638 5486 959 5543; x_wconf 89' lang='lat' dir='ltr'><strong>provocaret</strong></span> <span class='ocrx_word' id='word_1_588' title='bbox 989 5478 1054 5533; x_wconf 91' lang='lat' dir='ltr'><strong>ad</strong></span> <span class='ocrx_word' id='word_1_589' title='bbox 1087 5489 1388 5539; x_wconf 89' lang='lat' dir='ltr'><strong>certamen,</strong></span> <span class='ocrx_word' id='word_1_590' title='bbox 1418 5479 1777 5549; x_wconf 85' lang='lat' dir='ltr'><strong>omnibusque</strong></span> <span class='ocrx_word' id='word_1_591' title='bbox 1804 5489 1951 5535; x_wconf 87' lang='lat' dir='ltr'><strong>esset</strong></span> 
     </span>
    </p>
   </div>
   <div class='ocr_carea' id='block_1_88' title="bbox 380 5564 1944 5638">
    <p class='ocr_par' dir='ltr' id='par_1_88' title="bbox 380 5564 1944 5638">
     <span class='ocr_line' id='line_1_88' title="bbox 380 5564 1944 5638; baseline 0.009 -27"><span class='ocrx_word' id='word_1_592' title='bbox 380 5564 595 5627; x_wconf 86' lang='lat' dir='ltr'><strong>terrori,</strong></span> <span class='ocrx_word' id='word_1_593' title='bbox 643 5568 862 5632; x_wconf 76' lang='lat' dir='ltr'><strong>quidam</strong></span> <span class='ocrx_word' id='word_1_594' title='bbox 920 5579 1099 5623; x_wconf 89' lang='lat' dir='ltr'><strong>tamen</strong></span> <span class='ocrx_word' id='word_1_595' title='bbox 1157 5569 1393 5638; x_wconf 86' lang='lat' dir='ltr'><strong>juvenis,</strong></span> <span class='ocrx_word' id='word_1_596' title='bbox 1452 5571 1671 5627; x_wconf 89' lang='lat' dir='ltr'><strong>nomine</strong></span> <span class='ocrx_word' id='word_1_597' title='bbox 1727 5573 1944 5635; x_wconf 85' lang='lat' dir='ltr'><strong>Nestor,</strong></span> 
     </span>
    </p>
   </div>
   <div class='ocr_carea' id='block_1_89' title="bbox 380 5649 1947 5737">
    <p class='ocr_par' dir='ltr' id='par_1_89' title="bbox 380 5649 1947 5737">
     <span class='ocr_line' id='line_1_89' title="bbox 380 5649 1947 5737; baseline 0.011 -33"><span class='ocrx_word' id='word_1_598' title='bbox 380 5649 518 5722; x_wconf 81' lang='lat' dir='ltr'><strong>Lyaei</strong></span> <span class='ocrx_word' id='word_1_599' title='bbox 556 5659 867 5725; x_wconf 85' lang='lat' dir='ltr'><strong>superbiam</strong></span> <span class='ocrx_word' id='word_1_600' title='bbox 897 5662 1377 5733; x_wconf 81' lang='lat' dir='ltr'><strong>arrogantiamque</strong></span> <span class='ocrx_word' id='word_1_601' title='bbox 1408 5664 1553 5717; x_wconf 85' lang='lat' dir='ltr'><strong>haud</strong></span> <span class='ocrx_word' id='word_1_602' title='bbox 1606 5664 1808 5734; x_wconf 87' lang='lat' dir='ltr'><strong>ferens,</strong></span> <span class='ocrx_word' id='word_1_603' title='bbox 1847 5684 1947 5737; x_wconf 89' lang='lat' dir='ltr'><strong>pu-</strong></span> 
     </span>
    </p>
   </div>
   <div class='ocr_carea' id='block_1_90' title="bbox 378 5753 1945 5822">
    <p class='ocr_par' dir='ltr' id='par_1_90' title="bbox 378 5753 1945 5822">
     <span class='ocr_line' id='line_1_90' title="bbox 378 5753 1945 5822; baseline 0.011 -23"><span class='ocrx_word' id='word_1_604' title='bbox 378 5758 497 5814; x_wconf 73' lang='lat' dir='ltr'><strong>gnae</strong></span> <span class='ocrx_word' id='word_1_605' title='bbox 527 5762 647 5803; x_wconf 89' lang='lat' dir='ltr'><strong>cum</strong></span> <span class='ocrx_word' id='word_1_606' title='bbox 685 5766 746 5807; x_wconf 84' lang='lat' dir='ltr'><strong>eo</strong></span> <span class='ocrx_word' id='word_1_607' title='bbox 776 5753 953 5809; x_wconf 72' lang='lat' dir='ltr'><strong>aleam</strong></span> <span class='ocrx_word' id='word_1_608' title='bbox 989 5755 1177 5812; x_wconf 78' lang='lat' dir='ltr'><strong>subire</strong></span> <span class='ocrx_word' id='word_1_609' title='bbox 1223 5758 1483 5814; x_wconf 83' lang='lat' dir='ltr'><strong>decrevit.</strong></span> <span class='ocrx_word' id='word_1_610' title='bbox 1519 5755 1699 5822; x_wconf 85' lang='lat' dir='ltr'><strong>Quare</strong></span> <span class='ocrx_word' id='word_1_611' title='bbox 1732 5769 1788 5815; x_wconf 90' lang='lat' dir='ltr'><strong>ut</strong></span> <span class='ocrx_word' id='word_1_612' title='bbox 1843 5760 1945 5816; x_wconf 84' lang='lat' dir='ltr'><strong>hoc</strong></span> 
     </span>
    </p>
   </div>
   <div class='ocr_carea' id='block_1_91' title="bbox 2055 3187 3628 3262">
    <p class='ocr_par' dir='ltr' id='par_1_91' title="bbox 2055 3187 3628 3262">
     <span class='ocr_line' id='line_1_91' title="bbox 2055 3187 3628 3262; baseline -0.003 -17"><span class='ocrx_word' id='word_1_613' title='bbox 2055 3193 2212 3261; x_wconf 86' lang='lat' dir='ltr'><strong>jubet</strong></span> <span class='ocrx_word' id='word_1_614' title='bbox 2251 3192 2511 3259; x_wconf 83' lang='lat' dir='ltr'><strong>interfici,</strong></span> <span class='ocrx_word' id='word_1_615' title='bbox 2534 3193 2744 3262; x_wconf 87' lang='lat' dir='ltr'><strong>sicque,</strong></span> <span class='ocrx_word' id='word_1_616' title='bbox 2777 3191 2957 3261; x_wconf 90' lang='lat' dir='ltr'><strong>inquit</strong></span> <span class='ocrx_word' id='word_1_617' title='bbox 3014 3190 3432 3260; x_wconf 78' lang='lat' dir='ltr'><strong>Metaphrastes.</strong></span> <span class='ocrx_word' id='word_1_618' title='bbox 3470 3206 3485 3238; x_wconf 78' lang='grc' dir='ltr'>ι</span> <span class='ocrx_word' id='word_1_619' title='bbox 3522 3187 3628 3241; x_wconf 76' lang='lat' dir='ltr'><strong>Nc-</strong></span> 
     </span>
    </p>
   </div>
   <div class='ocr_carea' id='block_1_92' title="bbox 2057 3281 3628 3353">
    <p class='ocr_par' dir='ltr' id='par_1_92' title="bbox 2057 3281 3628 3353">
     <span class='ocr_line' id='line_1_92' title="bbox 2057 3281 3628 3353; baseline -0.004 -14"><span class='ocrx_word' id='word_1_620' title='bbox 2057 3294 2175 3339; x_wconf 85' lang='lat' dir='ltr'><strong>stor</strong></span> <span class='ocrx_word' id='word_1_621' title='bbox 2211 3285 2602 3340; x_wconf 82' lang='lat' dir='ltr'><strong>transmittitur</strong></span> <span class='ocrx_word' id='word_1_622' title='bbox 2630 3285 2696 3339; x_wconf 89' lang='lat' dir='ltr'><strong>ad</strong></span> <span class='ocrx_word' id='word_1_623' title='bbox 2730 3284 3038 3348; x_wconf 88' lang='lat' dir='ltr'><strong>Christum,</strong></span> <span class='ocrx_word' id='word_1_624' title='bbox 3073 3299 3235 3353; x_wconf 89' lang='lat' dir='ltr'><strong>quem</strong></span> <span class='ocrx_word' id='word_1_625' title='bbox 3265 3281 3478 3344; x_wconf 88' lang='lat' dir='ltr'><strong>dilexit,</strong></span> <span class='ocrx_word' id='word_1_626' title='bbox 3511 3288 3563 3331; x_wconf 72' lang='lat' dir='ltr'><strong>r-t</strong></span> <span class='ocrx_word' id='word_1_627' title='bbox 3599 3295 3628 3332; x_wconf 89' lang='lat' dir='ltr'><strong>a</strong></span> 
     </span>
    </p>
   </div>
   <div class='ocr_carea' id='block_1_93' title="bbox 2057 3369 3620 3445">
    <p class='ocr_par' dir='ltr' id='par_1_93' title="bbox 2057 3369 3620 3445">
     <span class='ocr_line' id='line_1_93' title="bbox 2057 3369 3620 3445; baseline -0.004 -17"><span class='ocrx_word' id='word_1_628' title='bbox 2057 3391 2165 3445; x_wconf 90' lang='lat' dir='ltr'><strong>quo</strong></span> <span class='ocrx_word' id='word_1_629' title='bbox 2227 3384 2344 3428; x_wconf 85' lang='lat' dir='ltr'><strong>erat</strong></span> <span class='ocrx_word' id='word_1_630' title='bbox 2373 3384 2699 3444; x_wconf 86' lang='lat' dir='ltr'><strong>accepturus</strong></span> <span class='ocrx_word' id='word_1_631' title='bbox 2751 3389 2986 3430; x_wconf 88' lang='lat' dir='ltr'><strong>coronas</strong></span> <span class='ocrx_word' id='word_1_632' title='bbox 3021 3373 3262 3443; x_wconf 87' lang='lat' dir='ltr'><strong>duplicis</strong></span> <span class='ocrx_word' id='word_1_633' title='bbox 3298 3369 3562 3425; x_wconf 66' lang='lat' dir='ltr'><strong>ViClOl‘i&#39;J}.</strong></span> <span class='ocrx_word' id='word_1_634' title='bbox 3604 3388 3620 3413; x_wconf 74' lang='grc' dir='ltr'>ι</span> 
     </span>
    </p>
   </div>
   <div class='ocr_carea' id='block_1_94' title="bbox 2057 3462 3626 3536">
    <p class='ocr_par' dir='ltr' id='par_1_94' title="bbox 2057 3462 3626 3536">
     <span class='ocr_line' id='line_1_94' title="bbox 2057 3462 3626 3536; baseline -0.005 -15"><span class='ocrx_word' id='word_1_635' title='bbox 2057 3467 2206 3521; x_wconf 87' lang='lat' dir='ltr'><strong>&#39;l‘alia</strong></span> <span class='ocrx_word' id='word_1_636' title='bbox 2237 3475 2363 3522; x_wconf 87' lang='lat' dir='ltr'><strong>sunt</strong></span> <span class='ocrx_word' id='word_1_637' title='bbox 2409 3467 2736 3536; x_wconf 90' lang='lat' dir='ltr'><strong>compendio</strong></span> <span class='ocrx_word' id='word_1_638' title='bbox 2771 3468 2857 3522; x_wconf 90' lang='lat' dir='ltr'><strong>hic</strong></span> <span class='ocrx_word' id='word_1_639' title='bbox 2911 3467 3023 3534; x_wconf 91' lang='lat' dir='ltr'><strong>jam</strong></span> <span class='ocrx_word' id='word_1_640' title='bbox 3080 3464 3348 3530; x_wconf 86' lang='lat' dir='ltr'><strong>exhibita,</strong></span> <span class='ocrx_word' id='word_1_641' title='bbox 3388 3479 3510 3533; x_wconf 67' lang='lat' dir='ltr'><strong>quae</strong></span> <span class='ocrx_word' id='word_1_642' title='bbox 3575 3462 3626 3513; x_wconf 87' lang='lat' dir='ltr'><strong>in</strong></span> 
     </span>
    </p>
   </div>
   <div class='ocr_carea' id='block_1_95' title="bbox 2060 3555 3629 3628">
    <p class='ocr_par' dir='ltr' id='par_1_95' title="bbox 2060 3555 3629 3628">
     <span class='ocr_line' id='line_1_95' title="bbox 2060 3555 3629 3628; baseline -0.006 -15"><span class='ocrx_word' id='word_1_643' title='bbox 2060 3559 2470 3628; x_wconf 80' lang='lat' dir='ltr'><strong>Metaphrastica</strong></span> <span class='ocrx_word' id='word_1_644' title='bbox 2506 3557 2694 3613; x_wconf 86' lang='lat' dir='ltr'><strong>Sancti</strong></span> <span class='ocrx_word' id='word_1_645' title='bbox 2728 3559 2844 3613; x_wconf 84' lang='lat' dir='ltr'><strong>Vita</strong></span> <span class='ocrx_word' id='word_1_646' title='bbox 2867 3599 2882 3624; x_wconf 93' lang='lat'><strong>,</strong></span> <span class='ocrx_word' id='word_1_647' title='bbox 2912 3558 3131 3626; x_wconf 88' lang='lat' dir='ltr'><strong>aliaque</strong></span> <span class='ocrx_word' id='word_1_648' title='bbox 3160 3555 3439 3626; x_wconf 87' lang='lat' dir='ltr'><strong>anonymi,</strong></span> <span class='ocrx_word' id='word_1_649' title='bbox 3466 3570 3495 3605; x_wconf 69' lang='grc' dir='ltr'><strong>ι·</strong></span> <span class='ocrx_word' id='word_1_650' title='bbox 3521 3568 3629 3621; x_wconf 81' lang='lat' dir='ltr'><strong>qna</strong></span> 
     </span>
    </p>
   </div>
   <div class='ocr_carea' id='block_1_96' title="bbox 2061 3646 3624 3720">
    <p class='ocr_par' dir='ltr' id='par_1_96' title="bbox 2061 3646 3624 3720">
     <span class='ocr_line' id='line_1_96' title="bbox 2061 3646 3624 3720; baseline -0.006 -15"><span class='ocrx_word' id='word_1_651' title='bbox 2061 3653 2197 3717; x_wconf 66' lang='lat' dir='ltr'><strong>haec,</strong></span> <span class='ocrx_word' id='word_1_652' title='bbox 2229 3653 2308 3706; x_wconf 87' lang='lat' dir='ltr'><strong>uti</strong></span> <span class='ocrx_word' id='word_1_653' title='bbox 2336 3666 2402 3706; x_wconf 86' lang='lat' dir='ltr'><strong>ex</strong></span> <span class='ocrx_word' id='word_1_654' title='bbox 2435 3666 2606 3720; x_wconf 89' lang='lat' dir='ltr'><strong>supra</strong></span> <span class='ocrx_word' id='word_1_655' title='bbox 2665 3651 2919 3707; x_wconf 86' lang='lat' dir='ltr'><strong>adductis</strong></span> <span class='ocrx_word' id='word_1_656' title='bbox 2977 3660 3225 3719; x_wconf 85' lang='lat' dir='ltr'><strong>apparet,</strong></span> <span class='ocrx_word' id='word_1_657' title='bbox 3259 3646 3624 3717; x_wconf 73' lang='lat' dir='ltr'><strong>promanavit,</strong></span> 
     </span>
    </p>
   </div>
   <div class='ocr_carea' id='block_1_97' title="bbox 2058 3741 3627 3813">
    <p class='ocr_par' dir='ltr' id='par_1_97' title="bbox 2058 3741 3627 3813">
     <span class='ocr_line' id='line_1_97' title="bbox 2058 3741 3627 3813; baseline -0.005 -15"><span class='ocrx_word' id='word_1_658' title='bbox 2058 3743 2127 3798; x_wconf 89' lang='lat' dir='ltr'><strong>de</strong></span> <span class='ocrx_word' id='word_1_659' title='bbox 2154 3744 2378 3812; x_wconf 89' lang='lat' dir='ltr'><strong>juvene,</strong></span> <span class='ocrx_word' id='word_1_660' title='bbox 2411 3743 2635 3797; x_wconf 90' lang='lat' dir='ltr'><strong>nomine</strong></span> <span class='ocrx_word' id='word_1_661' title='bbox 2666 3743 2916 3807; x_wconf 84' lang='lat' dir='ltr'><strong>Nestore,</strong></span> <span class='ocrx_word' id='word_1_662' title='bbox 2966 3751 3125 3813; x_wconf 90' lang='lat' dir='ltr'><strong>parte</strong></span> <span class='ocrx_word' id='word_1_663' title='bbox 3150 3742 3317 3798; x_wconf 87' lang='lat' dir='ltr'><strong>etiam</strong></span> <span class='ocrx_word' id='word_1_664' title='bbox 3352 3741 3405 3794; x_wconf 91' lang='lat' dir='ltr'><strong>in</strong></span> <span class='ocrx_word' id='word_1_665' title='bbox 3434 3754 3627 3793; x_wconf 82' lang='lat' dir='ltr'><strong>narra-</strong></span> 
     </span>
    </p>
   </div>
   <div class='ocr_carea' id='block_1_98' title="bbox 2061 3832 3289 3901">
    <p class='ocr_par' dir='ltr' id='par_1_98' title="bbox 2061 3832 3289 3901">
     <span class='ocr_line' id='line_1_98' title="bbox 2061 3832 3289 3901; baseline -0.001 -13"><span class='ocrx_word' id='word_1_666' title='bbox 2061 3834 2129 3889; x_wconf 87' lang='lat' dir='ltr'><strong>tis</strong></span> <span class='ocrx_word' id='word_1_667' title='bbox 2163 3841 2354 3889; x_wconf 87' lang='lat' dir='ltr'><strong>sancto</strong></span> <span class='ocrx_word' id='word_1_668' title='bbox 2388 3832 2668 3889; x_wconf 90' lang='lat' dir='ltr'><strong>Demetrio</strong></span> <span class='ocrx_word' id='word_1_669' title='bbox 2698 3832 2923 3901; x_wconf 89' lang='lat' dir='ltr'><strong>tributa,</strong></span> <span class='ocrx_word' id='word_1_670' title='bbox 2951 3834 3289 3890; x_wconf 87' lang='lat' dir='ltr'><strong>referuntur.</strong></span> 
     </span>
    </p>
   </div>
   <div class='ocr_carea' id='block_1_99' title="bbox 2128 3919 3629 3991">
    <p class='ocr_par' dir='ltr' id='par_1_99' title="bbox 2128 3919 3629 3991">
     <span class='ocr_line' id='line_1_99' title="bbox 2128 3919 3629 3991; baseline -0.004 -14"><span class='ocrx_word' id='word_1_671' title='bbox 2128 3921 2217 3977; x_wconf 68' lang='grc'><strong>45.</strong></span> <span class='ocrx_word' id='word_1_672' title='bbox 2255 3920 2459 3977; x_wconf 82' lang='lat' dir='ltr'><strong>Verum</strong></span> <span class='ocrx_word' id='word_1_673' title='bbox 2487 3921 2637 3984; x_wconf 87' lang='lat' dir='ltr'><strong>audi,</strong></span> <span class='ocrx_word' id='word_1_674' title='bbox 2669 3921 2761 3991; x_wconf 90' lang='lat' dir='ltr'><strong>qui</strong></span> <span class='ocrx_word' id='word_1_675' title='bbox 2792 3921 3181 3975; x_wconf 83' lang='lat' dir='ltr'><strong>Tillemontius</strong></span> <span class='ocrx_word' id='word_1_676' title='bbox 3212 3932 3345 3975; x_wconf 90' lang='lat' dir='ltr'><strong>tom.</strong></span> <span class='ocrx_word' id='word_1_677' title='bbox 3379 3919 3629 3974; x_wconf 70' lang='lat' dir='ltr'><strong>Vﬂonu-</strong></span> 
     </span>
    </p>
   </div>
   <div class='ocr_carea' id='block_1_100' title="bbox 2060 4008 3626 4080">
    <p class='ocr_par' dir='ltr' id='par_1_100' title="bbox 2060 4008 3626 4080">
     <span class='ocr_line' id='line_1_100' title="bbox 2060 4008 3626 4080; baseline -0.003 -15"><span class='ocrx_word' id='word_1_678' title='bbox 2060 4020 2355 4065; x_wconf 84' lang='lat' dir='ltr'><strong>mentorum</strong></span> <span class='ocrx_word' id='word_1_679' title='bbox 2402 4009 2902 4073; x_wconf 75' lang='lat' dir='ltr'><strong>ecclesiasticarum,</strong></span> <span class='ocrx_word' id='word_1_680' title='bbox 2936 4025 3060 4080; x_wconf 87' lang='lat' dir='ltr'><strong>pag.</strong></span> <span class='ocrx_word' id='word_1_681' title='bbox 3108 4008 3210 4062; x_wconf 82' lang='lat'><strong>639</strong></span> <span class='ocrx_word' id='word_1_682' title='bbox 3254 4008 3626 4062; x_wconf 89' lang='lat' dir='ltr'><strong>narrationem</strong></span> 
     </span>
    </p>
   </div>
   <div class='ocr_carea' id='block_1_101' title="bbox 2059 4099 3630 4170">
    <p class='ocr_par' dir='ltr' id='par_1_101' title="bbox 2059 4099 3630 4170">
     <span class='ocr_line' id='line_1_101' title="bbox 2059 4099 3630 4170; baseline -0.003 -13"><span class='ocrx_word' id='word_1_683' title='bbox 2059 4103 2204 4157; x_wconf 91' lang='lat' dir='ltr'><strong>illam</strong></span> <span class='ocrx_word' id='word_1_684' title='bbox 2237 4102 2563 4170; x_wconf 88' lang='lat' dir='ltr'><strong>compendio</strong></span> <span class='ocrx_word' id='word_1_685' title='bbox 2586 4101 2751 4156; x_wconf 89' lang='lat' dir='ltr'><strong>etiam</strong></span> <span class='ocrx_word' id='word_1_686' title='bbox 2781 4100 2988 4155; x_wconf 89' lang='lat' dir='ltr'><strong>ibidem</strong></span> <span class='ocrx_word' id='word_1_687' title='bbox 3012 4116 3042 4154; x_wconf 89' lang='lat' dir='ltr'><strong>a</strong></span> <span class='ocrx_word' id='word_1_688' title='bbox 3065 4114 3188 4154; x_wconf 87' lang='lat' dir='ltr'><strong>sese</strong></span> <span class='ocrx_word' id='word_1_689' title='bbox 3219 4099 3516 4153; x_wconf 84' lang='lat' dir='ltr'><strong>exliibitam</strong></span> <span class='ocrx_word' id='word_1_690' title='bbox 3540 4115 3630 4153; x_wconf 80' lang='lat' dir='ltr'><strong>ex-</strong></span> 
     </span>
    </p>
   </div>
   <div class='ocr_carea' id='block_1_102' title="bbox 2059 4192 3627 4264">
    <p class='ocr_par' dir='ltr' id='par_1_102' title="bbox 2059 4192 3627 4264">
     <span class='ocr_line' id='line_1_102' title="bbox 2059 4192 3627 4264; baseline -0.003 -15"><span class='ocrx_word' id='word_1_691' title='bbox 2059 4194 2225 4264; x_wconf 88' lang='lat' dir='ltr'><strong>cipit:</strong></span> <span class='ocrx_word' id='word_1_692' title='bbox 2260 4192 2515 4249; x_wconf 66' lang='lat' dir='ltr'><strong>«Difficile</strong></span> <span class='ocrx_word' id='word_1_693' title='bbox 2547 4203 2651 4257; x_wconf 89' lang='lat' dir='ltr'><strong>est,</strong></span> <span class='ocrx_word' id='word_1_694' title='bbox 2688 4193 2885 4261; x_wconf 86' lang='lat' dir='ltr'><strong>inquit,</strong></span> <span class='ocrx_word' id='word_1_695' title='bbox 2922 4192 3126 4263; x_wconf 86' lang='lat' dir='ltr'><strong>(verbis</strong></span> <span class='ocrx_word' id='word_1_696' title='bbox 3161 4192 3401 4259; x_wconf 84' lang='lat' dir='ltr'><strong>Gallicis,</strong></span> <span class='ocrx_word' id='word_1_697' title='bbox 3437 4192 3627 4246; x_wconf 83' lang='lat' dir='ltr'><strong>Latine</strong></span> 
     </span>
    </p>
   </div>
   <div class='ocr_carea' id='block_1_103' title="bbox 2060 4284 3626 4352">
    <p class='ocr_par' dir='ltr' id='par_1_103' title="bbox 2060 4284 3626 4352">
     <span class='ocr_line' id='line_1_103' title="bbox 2060 4284 3626 4352; baseline 0 -13"><span class='ocrx_word' id='word_1_698' title='bbox 2060 4287 2148 4341; x_wconf 92' lang='lat' dir='ltr'><strong>hic</strong></span> <span class='ocrx_word' id='word_1_699' title='bbox 2206 4302 2233 4340; x_wconf 90' lang='lat' dir='ltr'><strong>a</strong></span> <span class='ocrx_word' id='word_1_700' title='bbox 2296 4300 2382 4340; x_wconf 91' lang='lat' dir='ltr'><strong>me</strong></span> <span class='ocrx_word' id='word_1_701' title='bbox 2426 4285 2674 4352; x_wconf 90' lang='lat' dir='ltr'><strong>redditis)</strong></span> <span class='ocrx_word' id='word_1_702' title='bbox 2733 4284 2978 4339; x_wconf 85' lang='lat' dir='ltr'><strong>fabulosa</strong></span> <span class='ocrx_word' id='word_1_703' title='bbox 3017 4285 3105 4340; x_wconf 89' lang='lat' dir='ltr'><strong>illa</strong></span> <span class='ocrx_word' id='word_1_704' title='bbox 3163 4287 3506 4347; x_wconf 87' lang='lat' dir='ltr'><strong>narratione,</strong></span> <span class='ocrx_word' id='word_1_705' title='bbox 3571 4285 3626 4339; x_wconf 88' lang='lat' dir='ltr'><strong>in</strong></span> 
     </span>
    </p>
   </div>
   <div class='ocr_carea' id='block_1_104' title="bbox 2059 4376 3630 4449">
    <p class='ocr_par' dir='ltr' id='par_1_104' title="bbox 2059 4376 3630 4449">
     <span class='ocr_line' id='line_1_104' title="bbox 2059 4376 3630 4449; baseline 0.002 -20"><span class='ocrx_word' id='word_1_706' title='bbox 2059 4393 2213 4448; x_wconf 89' lang='lat' dir='ltr'><strong>qua,</strong></span> <span class='ocrx_word' id='word_1_707' title='bbox 2278 4378 2424 4449; x_wconf 85' lang='lat' dir='ltr'><strong>quod</strong></span> <span class='ocrx_word' id='word_1_708' title='bbox 2492 4376 2729 4430; x_wconf 68' lang='lat' dir='ltr'><strong>maxime</strong></span> <span class='ocrx_word' id='word_1_709' title='bbox 2815 4377 3148 4432; x_wconf 85' lang='lat' dir='ltr'><strong>horrendum</strong></span> <span class='ocrx_word' id='word_1_710' title='bbox 3226 4377 3630 4449; x_wconf 84' lang='lat' dir='ltr'><strong>Evangelieque</strong></span> 
     </span>
    </p>
   </div>
   <div class='ocr_carea' id='block_1_105' title="bbox 2064 4465 3631 4539">
    <p class='ocr_par' dir='ltr' id='par_1_105' title="bbox 2064 4465 3631 4539">
     <span class='ocr_line' id='line_1_105' title="bbox 2064 4465 3631 4539; baseline 0.001 -18"><span class='ocrx_word' id='word_1_711' title='bbox 2064 4467 2377 4537; x_wconf 85' lang='lat' dir='ltr'><strong>oppositum</strong></span> <span class='ocrx_word' id='word_1_712' title='bbox 2404 4474 2509 4531; x_wconf 88' lang='lat' dir='ltr'><strong>est,</strong></span> <span class='ocrx_word' id='word_1_713' title='bbox 2543 4480 2640 4535; x_wconf 93' lang='lat' dir='ltr'><strong>pro</strong></span> <span class='ocrx_word' id='word_1_714' title='bbox 2692 4465 2896 4521; x_wconf 81' lang='lat' dir='ltr'><strong>Sancto</strong></span> <span class='ocrx_word' id='word_1_715' title='bbox 2931 4469 3184 4532; x_wconf 87' lang='lat' dir='ltr'><strong>habetur,</strong></span> <span class='ocrx_word' id='word_1_716' title='bbox 3217 4470 3494 4539; x_wconf 87' lang='lat' dir='ltr'><strong>quidpiam</strong></span> <span class='ocrx_word' id='word_1_717' title='bbox 3548 4471 3631 4523; x_wconf 79' lang='lat' dir='ltr'><strong>of-</strong></span> 
     </span>
    </p>
   </div>
   <div class='ocr_carea' id='block_1_106' title="bbox 2064 4557 3631 4631">
    <p class='ocr_par' dir='ltr' id='par_1_106' title="bbox 2064 4557 3631 4631">
     <span class='ocr_line' id='line_1_106' title="bbox 2064 4557 3631 4631; baseline 0.001 -19"><span class='ocrx_word' id='word_1_718' title='bbox 2064 4559 2295 4615; x_wconf 88' lang='lat' dir='ltr'><strong>fensioni</strong></span> <span class='ocrx_word' id='word_1_719' title='bbox 2339 4557 2639 4626; x_wconf 66' lang='lat' dir='ltr'><strong>praebenda:</strong></span> <span class='ocrx_word' id='word_1_720' title='bbox 2679 4558 2849 4628; x_wconf 84' lang='lat' dir='ltr'><strong>magis</strong></span> <span class='ocrx_word' id='word_1_721' title='bbox 2907 4570 3091 4629; x_wconf 87' lang='lat' dir='ltr'><strong>aptum</strong></span> <span class='ocrx_word' id='word_1_722' title='bbox 3155 4563 3436 4631; x_wconf 84' lang='lat' dir='ltr'><strong>magisque</strong></span> <span class='ocrx_word' id='word_1_723' title='bbox 3475 4560 3631 4616; x_wconf 82' lang='lat' dir='ltr'><strong>Citri-</strong></span> 
     </span>
    </p>
   </div>
   <div class='ocr_carea' id='block_1_107' title="bbox 2064 4649 3628 4722">
    <p class='ocr_par' dir='ltr' id='par_1_107' title="bbox 2064 4649 3628 4722">
     <span class='ocr_line' id='line_1_107' title="bbox 2064 4649 3628 4722; baseline -0.001 -17"><span class='ocrx_word' id='word_1_724' title='bbox 2064 4651 2239 4706; x_wconf 90' lang='lat' dir='ltr'><strong>stiano</strong></span> <span class='ocrx_word' id='word_1_725' title='bbox 2272 4650 2493 4705; x_wconf 87' lang='lat' dir='ltr'><strong>homine</strong></span> <span class='ocrx_word' id='word_1_726' title='bbox 2516 4649 2795 4722; x_wconf 83' lang='lat' dir='ltr'><strong>indignum</strong></span> <span class='ocrx_word' id='word_1_727' title='bbox 2829 4651 3096 4707; x_wconf 88' lang='lat' dir='ltr'><strong>invenire.</strong></span> <span class='ocrx_word' id='word_1_728' title='bbox 3132 4652 3452 4708; x_wconf 82' lang='lat' dir='ltr'><strong>Fabulosam</strong></span> <span class='ocrx_word' id='word_1_729' title='bbox 3485 4653 3628 4706; x_wconf 86' lang='lat' dir='ltr'><strong>illam</strong></span> 
     </span>
    </p>
   </div>
   <div class='ocr_carea' id='block_1_108' title="bbox 2061 4742 3631 4815">
    <p class='ocr_par' dir='ltr' id='par_1_108' title="bbox 2061 4742 3631 4815">
     <span class='ocr_line' id='line_1_108' title="bbox 2061 4742 3631 4815; baseline 0.001 -20"><span class='ocrx_word' id='word_1_730' title='bbox 2061 4743 2419 4813; x_wconf 85' lang='lat' dir='ltr'><strong>appellamus,</strong></span> <span class='ocrx_word' id='word_1_731' title='bbox 2469 4742 2596 4810; x_wconf 90' lang='lat' dir='ltr'><strong>quia</strong></span> <span class='ocrx_word' id='word_1_732' title='bbox 2659 4743 2780 4798; x_wconf 87' lang='lat' dir='ltr'><strong>talis</strong></span> <span class='ocrx_word' id='word_1_733' title='bbox 2842 4752 2927 4810; x_wconf 79' lang='lat' dir='ltr'><strong>est</strong></span> <span class='ocrx_word' id='word_1_734' title='bbox 2981 4745 3034 4798; x_wconf 89' lang='lat' dir='ltr'><strong>in</strong></span> <span class='ocrx_word' id='word_1_735' title='bbox 3085 4746 3358 4815; x_wconf 87' lang='lat' dir='ltr'><strong>adjunctis</strong></span> <span class='ocrx_word' id='word_1_736' title='bbox 3437 4754 3631 4798; x_wconf 89' lang='lat' dir='ltr'><strong>notatu</strong></span> 
     </span>
    </p>
   </div>
   <div class='ocr_carea' id='block_1_109' title="bbox 2062 4833 3628 4906">
    <p class='ocr_par' dir='ltr' id='par_1_109' title="bbox 2062 4833 3628 4906">
     <span class='ocr_line' id='line_1_109' title="bbox 2062 4833 3628 4906; baseline 0.002 -19"><span class='ocrx_word' id='word_1_737' title='bbox 2062 4834 2293 4889; x_wconf 71' lang='lat' dir='ltr'><strong>maxime</strong></span> <span class='ocrx_word' id='word_1_738' title='bbox 2330 4835 2527 4906; x_wconf 88' lang='lat' dir='ltr'><strong>dignis.</strong></span> <span class='ocrx_word' id='word_1_739' title='bbox 2584 4833 2813 4890; x_wconf 82' lang='lat' dir='ltr'><strong>Photius</strong></span> <span class='ocrx_word' id='word_1_740' title='bbox 2873 4836 3021 4890; x_wconf 85' lang='lat' dir='ltr'><strong>enim</strong></span> <span class='ocrx_word' id='word_1_741' title='bbox 3076 4844 3152 4890; x_wconf 78' lang='lat' dir='ltr'><strong>et&#39;</strong></span> <span class='ocrx_word' id='word_1_742' title='bbox 3191 4836 3508 4891; x_wconf 79' lang='lat' dir='ltr'><strong>Anastasius</strong></span> <span class='ocrx_word' id='word_1_743' title='bbox 3559 4838 3628 4891; x_wconf 85' lang='lat' dir='ltr'><strong>de</strong></span> 
     </span>
    </p>
   </div>
   <div class='ocr_carea' id='block_1_110' title="bbox 2062 4926 3625 4998">
    <p class='ocr_par' dir='ltr' id='par_1_110' title="bbox 2062 4926 3625 4998">
     <span class='ocr_line' id='line_1_110' title="bbox 2062 4926 3625 4998; baseline 0.003 -19"><span class='ocrx_word' id='word_1_744' title='bbox 2062 4926 2306 4983; x_wconf 77' lang='lat' dir='ltr'><strong>Nestoris</strong></span> <span class='ocrx_word' id='word_1_745' title='bbox 2330 4938 2520 4984; x_wconf 90' lang='lat' dir='ltr'><strong>contra</strong></span> <span class='ocrx_word' id='word_1_746' title='bbox 2572 4927 2788 4998; x_wconf 61' lang='lat' dir='ltr'><strong>Lycum</strong></span> <span class='ocrx_word' id='word_1_747' title='bbox 2840 4928 3140 4984; x_wconf 87' lang='lat' dir='ltr'><strong>certamine</strong></span> <span class='ocrx_word' id='word_1_748' title='bbox 3169 4929 3499 4998; x_wconf 85' lang='lat' dir='ltr'><strong>loquuntur;</strong></span> <span class='ocrx_word' id='word_1_749' title='bbox 3532 4944 3625 4983; x_wconf 89' lang='lat' dir='ltr'><strong>ve-</strong></span> 
     </span>
    </p>
   </div>
   <div class='ocr_carea' id='block_1_111' title="bbox 2065 5019 3625 5092">
    <p class='ocr_par' dir='ltr' id='par_1_111' title="bbox 2065 5019 3625 5092">
     <span class='ocr_line' id='line_1_111' title="bbox 2065 5019 3625 5092; baseline 0.002 -21"><span class='ocrx_word' id='word_1_750' title='bbox 2065 5034 2183 5073; x_wconf 89' lang='lat' dir='ltr'><strong>rum</strong></span> <span class='ocrx_word' id='word_1_751' title='bbox 2231 5034 2261 5071; x_wconf 89' lang='lat' dir='ltr'><strong>a</strong></span> <span class='ocrx_word' id='word_1_752' title='bbox 2316 5019 2546 5075; x_wconf 86' lang='lat' dir='ltr'><strong>Nestore</strong></span> <span class='ocrx_word' id='word_1_753' title='bbox 2573 5019 2888 5075; x_wconf 88' lang='lat' dir='ltr'><strong>Christiano</strong></span> <span class='ocrx_word' id='word_1_754' title='bbox 2907 5020 3230 5084; x_wconf 80' lang='lat' dir='ltr'><strong>asserendo,</strong></span> <span class='ocrx_word' id='word_1_755' title='bbox 3271 5020 3388 5075; x_wconf 89' lang='lat' dir='ltr'><strong>sive</strong></span> <span class='ocrx_word' id='word_1_756' title='bbox 3430 5020 3625 5092; x_wconf 84' lang='lat' dir='ltr'><strong>(certa-</strong></span> 
     </span>
    </p>
   </div>
   <div class='ocr_carea' id='block_1_112' title="bbox 2062 5111 3626 5178">
    <p class='ocr_par' dir='ltr' id='par_1_112' title="bbox 2062 5111 3626 5178">
     <span class='ocr_line' id='line_1_112' title="bbox 2062 5111 3626 5178; baseline 0.001 -14"><span class='ocrx_word' id='word_1_757' title='bbox 2062 5111 2193 5165; x_wconf 91' lang='lat' dir='ltr'><strong>mini</strong></span> <span class='ocrx_word' id='word_1_758' title='bbox 2223 5112 2454 5178; x_wconf 86' lang='lat' dir='ltr'><strong>scilicet)</strong></span> <span class='ocrx_word' id='word_1_759' title='bbox 2486 5120 2676 5166; x_wconf 87' lang='lat' dir='ltr'><strong>sancto</strong></span> <span class='ocrx_word' id='word_1_760' title='bbox 2707 5111 2984 5166; x_wconf 88' lang='lat' dir='ltr'><strong>Demetrio</strong></span> <span class='ocrx_word' id='word_1_761' title='bbox 3028 5112 3383 5166; x_wconf 86' lang='lat' dir='ltr'><strong>admiscendo</strong></span> <span class='ocrx_word' id='word_1_762' title='bbox 3433 5112 3626 5166; x_wconf 88' lang='lat' dir='ltr'><strong>sedulo</strong></span> 
     </span>
    </p>
   </div>
   <div class='ocr_carea' id='block_1_113' title="bbox 2060 5203 3623 5273">
    <p class='ocr_par' dir='ltr' id='par_1_113' title="bbox 2060 5203 3623 5273">
     <span class='ocr_line' id='line_1_113' title="bbox 2060 5203 3623 5273; baseline 0.001 -17"><span class='ocrx_word' id='word_1_763' title='bbox 2060 5203 2357 5257; x_wconf 87' lang='lat' dir='ltr'><strong>abstinent.</strong></span> <span class='ocrx_word' id='word_1_764' title='bbox 2418 5203 2531 5258; x_wconf 87' lang='lat' dir='ltr'><strong>[mo</strong></span> <span class='ocrx_word' id='word_1_765' title='bbox 2584 5219 2652 5256; x_wconf 88' lang='lat' dir='ltr'><strong>ne</strong></span> <span class='ocrx_word' id='word_1_766' title='bbox 2704 5204 2923 5273; x_wconf 79' lang='lat' dir='ltr'><strong>quidem</strong></span> <span class='ocrx_word' id='word_1_767' title='bbox 2983 5203 3375 5257; x_wconf 82' lang='lat' dir='ltr'><strong>Maximianum</strong></span> <span class='ocrx_word' id='word_1_768' title='bbox 3434 5219 3623 5258; x_wconf 84' lang='lat' dir='ltr'><strong>necem</strong></span> 
     </span>
    </p>
   </div>
   <div class='ocr_carea' id='block_1_114' title="bbox 2059 5294 3625 5362">
    <p class='ocr_par' dir='ltr' id='par_1_114' title="bbox 2059 5294 3625 5362">
     <span class='ocr_line' id='line_1_114' title="bbox 2059 5294 3625 5362; baseline 0.003 -17"><span class='ocrx_word' id='word_1_769' title='bbox 2059 5294 2275 5348; x_wconf 89' lang='lat' dir='ltr'><strong>Nestori</strong></span> <span class='ocrx_word' id='word_1_770' title='bbox 2335 5295 2523 5349; x_wconf 90' lang='lat' dir='ltr'><strong>inferri</strong></span> <span class='ocrx_word' id='word_1_771' title='bbox 2566 5296 2796 5362; x_wconf 86' lang='lat' dir='ltr'><strong>jussisse</strong></span> <span class='ocrx_word' id='word_1_772' title='bbox 2862 5304 3203 5361; x_wconf 83' lang='lat' dir='ltr'><strong>asseverant,</strong></span> <span class='ocrx_word' id='word_1_773' title='bbox 3258 5295 3354 5349; x_wconf 89' lang='lat' dir='ltr'><strong>sed</strong></span> <span class='ocrx_word' id='word_1_774' title='bbox 3416 5305 3625 5351; x_wconf 88' lang='lat' dir='ltr'><strong>tantum</strong></span> 
     </span>
    </p>
   </div>
   <div class='ocr_carea' id='block_1_115' title="bbox 2058 5385 3622 5457">
    <p class='ocr_par' dir='ltr' id='par_1_115' title="bbox 2058 5385 3622 5457">
     <span class='ocr_line' id='line_1_115' title="bbox 2058 5385 3622 5457; baseline 0.003 -18"><span class='ocrx_word' id='word_1_775' title='bbox 2058 5385 2325 5456; x_wconf 81' lang='lat' dir='ltr'><strong>promissa</strong></span> <span class='ocrx_word' id='word_1_776' title='bbox 2376 5386 2766 5455; x_wconf 86' lang='lat' dir='ltr'><strong>gladiatoribus</strong></span> <span class='ocrx_word' id='word_1_777' title='bbox 2818 5387 3131 5443; x_wconf 87' lang='lat' dir='ltr'><strong>victoriosis</strong></span> <span class='ocrx_word' id='word_1_778' title='bbox 3166 5387 3389 5457; x_wconf 61' lang='lat' dir='ltr'><strong>praemia</strong></span> <span class='ocrx_word' id='word_1_779' title='bbox 3429 5388 3475 5443; x_wconf 91' lang='lat' dir='ltr'><strong>ei</strong></span> <span class='ocrx_word' id='word_1_780' title='bbox 3507 5404 3622 5443; x_wconf 90' lang='lat' dir='ltr'><strong>non</strong></span> 
     </span>
    </p>
   </div>
   <div class='ocr_carea' id='block_1_116' title="bbox 2059 5477 3624 5548">
    <p class='ocr_par' dir='ltr' id='par_1_116' title="bbox 2059 5477 3624 5548">
     <span class='ocr_line' id='line_1_116' title="bbox 2059 5477 3624 5548; baseline 0.001 -15"><span class='ocrx_word' id='word_1_781' title='bbox 2059 5479 2298 5533; x_wconf 90' lang='lat' dir='ltr'><strong>dedisse.</strong></span> <span class='ocrx_word' id='word_1_782' title='bbox 2370 5477 2719 5532; x_wconf 84' lang='lat' dir='ltr'><strong>Manifestum</strong></span> <span class='ocrx_word' id='word_1_783' title='bbox 2777 5480 2962 5547; x_wconf 89' lang='lat' dir='ltr'><strong>itaque</strong></span> <span class='ocrx_word' id='word_1_784' title='bbox 3032 5491 3117 5534; x_wconf 90' lang='lat' dir='ltr'><strong>est</strong></span> <span class='ocrx_word' id='word_1_785' title='bbox 3172 5480 3379 5548; x_wconf 86' lang='lat' dir='ltr'><strong>reliqua</strong></span> <span class='ocrx_word' id='word_1_786' title='bbox 3440 5481 3624 5535; x_wconf 86' lang='lat' dir='ltr'><strong>omnia</strong></span> 
     </span>
    </p>
   </div>
   <div class='ocr_carea' id='block_1_117' title="bbox 2062 5568 3628 5642">
    <p class='ocr_par' dir='ltr' id='par_1_117' title="bbox 2062 5568 3628 5642">
     <span class='ocr_line' id='line_1_117' title="bbox 2062 5568 3628 5642; baseline 0.003 -20"><span class='ocrx_word' id='word_1_787' title='bbox 2062 5568 2277 5624; x_wconf 87' lang='lat' dir='ltr'><strong>veritati</strong></span> <span class='ocrx_word' id='word_1_788' title='bbox 2322 5569 2489 5624; x_wconf 89' lang='lat' dir='ltr'><strong>fuisse</strong></span> <span class='ocrx_word' id='word_1_789' title='bbox 2536 5569 2768 5640; x_wconf 86' lang='lat' dir='ltr'><strong>adjecta,</strong></span> <span class='ocrx_word' id='word_1_790' title='bbox 2824 5570 2990 5639; x_wconf 89' lang='lat' dir='ltr'><strong>idque</strong></span> <span class='ocrx_word' id='word_1_791' title='bbox 3058 5571 3447 5628; x_wconf 86' lang='lat' dir='ltr'><strong>verosimiliter</strong></span> <span class='ocrx_word' id='word_1_792' title='bbox 3503 5582 3628 5642; x_wconf 89' lang='lat' dir='ltr'><strong>post</strong></span> 
     </span>
    </p>
   </div>
   <div class='ocr_carea' id='block_1_118' title="bbox 2060 5660 3626 5736">
    <p class='ocr_par' dir='ltr' id='par_1_118' title="bbox 2060 5660 3626 5736">
     <span class='ocr_line' id='line_1_118' title="bbox 2060 5660 3626 5736; baseline 0.004 -23"><span class='ocrx_word' id='word_1_793' title='bbox 2060 5661 2314 5713; x_wconf 79' lang='lat' dir='ltr'><strong>S.l&#39;Cltltl‘tt</strong></span> <span class='ocrx_word' id='word_1_794' title='bbox 2358 5677 2583 5721; x_wconf 83' lang='lat' dir='ltr'><strong>nonum.</strong></span> <span class='ocrx_word' id='word_1_795' title='bbox 2618 5660 2683 5714; x_wconf 91' lang='lat' dir='ltr'><strong>ab</strong></span> <span class='ocrx_word' id='word_1_796' title='bbox 2729 5662 3042 5719; x_wconf 86' lang='lat' dir='ltr'><strong>hominibus</strong></span> <span class='ocrx_word' id='word_1_797' title='bbox 3097 5664 3338 5719; x_wconf 65' lang='lat' dir='ltr'><strong>historiae</strong></span> <span class='ocrx_word' id='word_1_798' title='bbox 3384 5680 3535 5736; x_wconf 68' lang='lat' dir='ltr'><strong>teque</strong></span> <span class='ocrx_word' id='word_1_799' title='bbox 3564 5680 3626 5719; x_wconf 83' lang='lat' dir='ltr'><strong>ac</strong></span> 
     </span>
    </p>
   </div>
   <div class='ocr_carea' id='block_1_119' title="bbox 2059 5754 3621 5825">
    <p class='ocr_par' dir='ltr' id='par_1_119' title="bbox 2059 5754 3621 5825">
     <span class='ocr_line' id='line_1_119' title="bbox 2059 5754 3621 5825; baseline 0.001 -15"><span class='ocrx_word' id='word_1_800' title='bbox 2059 5754 2319 5810; x_wconf 65' lang='lat' dir='ltr'><strong>doctrina:</strong></span> <span class='ocrx_word' id='word_1_801' title='bbox 2384 5754 2718 5823; x_wconf 71' lang='lat' dir='ltr'><strong>Evangeliczc</strong></span> <span class='ocrx_word' id='word_1_802' title='bbox 2753 5755 2978 5823; x_wconf 72' lang='lat' dir='ltr'><strong>ignaris.</strong></span> <span class='ocrx_word' id='word_1_803' title='bbox 3017 5776 3032 5811; x_wconf 77' lang='grc' dir='ltr'><strong><em>ι</em></strong></span> <span class='ocrx_word' id='word_1_804' title='bbox 3069 5758 3142 5813; x_wconf 60' lang='grc' dir='ltr'><strong>Ιιτ</strong></span> <span class='ocrx_word' id='word_1_805' title='bbox 3188 5759 3452 5814; x_wconf 76' lang='lat' dir='ltr'><strong>hactenus</strong></span> <span class='ocrx_word' id='word_1_806' title='bbox 3510 5759 3621 5825; x_wconf 80' lang='lat' dir='ltr'><strong>ille,</strong></span> 
     </span>
    </p>
   </div>
  </div>
