4140 6382
515 282 652 345 “("7

1803 286 2453 351 SUPPLEMENTUM.

3623 279 3762 347 1108

507 398 564 442 et
592 402 724 444 sane
747 390 891 445 haud
923 391 1216 450 immerito.
1247 393 1501 452 Attamen
1557 395 1702 465 quod
1734 396 1802 448 de
1833 396 1922 459 iis,
1955 414 2076 466 quae
2109 410 2150 463 Α
2181 400 2392 455 fortans
2426 414 2683 454 coronam
2716 397 2883 468 capiti
2912 397 3031 465 ejus
3080 394 3358 465 imposuit.
3396 394 3599 448 Verum
3628 393 3760 447 dum

510 478 733 533 veritati
777 494 807 533 a
842 480 1041 535 Photio
1073 490 1128 535 et
1157 481 1447 538 Anastasio
1508 484 1692 538 relatae
1745 493 1870 553 post
1905 499 2076 538 stren-

508 568 621 621 lum
653 583 861 623 nonum
892 569 1113 624 tandem
1147 570 1354 626 fuerint
1386 571 1621 641 adjecta,
1653 571 1906 634 afﬁrmat,
1949 572 2077 626 mihi

506 659 927 735 haudquaquam
1022 671 1235 716 certum
1319 672 1562 733 apparet.
1647 662 1850 717 Eadem
1933 662 2077 715 enim

506 750 691 804 omnia
722 752 886 805 etiam
921 751 975 806 in
1037 750 1182 814 Vita,
1240 756 1482 808 secundo
1522 754 1642 810 loco
1677 754 1911 818 edenda,
1959 768 2079 820 quae

506 855 841 911 anonymum
879 843 1042 898 habet
1067 854 1375 911 auctorem,
1399 852 1721 908 occurrunt,
1758 844 1981 913 haecque
2010 858 2078 896 ex

505 948 671 1002 supra
701 934 865 989 dictis
902 934 1105 990 sucula
1140 950 1290 990 nono
1323 935 1731 999 verosimiliter,
1785 935 1897 989 imo
1939 934 2079 988 forte

505 1023 670 1077 etiam
726 1024 925 1079 sta-culo
954 1041 1054 1080 vm
1085 1033 1280 1080 autvtt
1337 1033 1424 1079 est
1470 1025 1770 1093 antiquior.
1819 1023 1933 1079 Nec
1968 1033 2076 1089 est,

504 1115 651 1185 quod
679 1130 936 1184 reponas,
968 1131 1030 1170 ea
1050 1119 1232 1171 omnia
1261 1132 1289 1171 a
1313 1116 1526 1172 Joanne
1572 1114 2077 1182 Thessalonicensi,

504 1207 687 1259 saeculi
722 1222 795 1260 vn
828 1206 1116 1275 scriptore,
1173 1223 1338 1278 supra
1384 1207 1687 1277 saepissime
1720 1207 1940 1261 laudato
1994 1209 2081 1262 in-

504 1296 702 1367 fraque
753 1298 1051 1364 laudando,
1103 1315 1215 1354 non
1246 1298 1692 1355 commemorari.
1745 1298 1881 1354 Cum
1932 1299 2077 1354 enim

505 1385 597 1440 hic
648 1388 893 1457 martyrii
960 1403 992 1442 a
1047 1387 1253 1443 Sancto
1303 1387 1518 1443 tolerati
1572 1403 1642 1442 ne
1712 1388 2075 1442 substantiam

503 1478 727 1545 quidem
782 1480 998 1546 uspiam
1055 1488 1263 1543 narret,
1306 1479 1525 1532 silentio
1559 1478 1655 1533 abs
1685 1478 1798 1542 illo,
1830 1493 1953 1547 quae
1981 1494 2078 1548 pro

503 1569 672 1637 hujus
688 1572 951 1625 duntaxat
974 1570 1249 1640 adjunctis
1270 1569 1463 1625 haberi
1489 1576 1732 1641 possent,
1750 1568 1918 1624 fuisse
1943 1585 2081 1640 prm-

512 1660 674 1713 tcrita
714 1661 913 1714 mirum
963 1676 1074 1714 non
1108 1671 1214 1715 est.

2190 494 2487 562 imperator
2525 491 2791 560 cogitaret
2843 487 3179 541 Demetrium
3219 500 3343 540 cum
3379 483 3549 537 Libeo
3590 499 3761 553 expe-

2189 581 2321 642 riri,
2366 579 2561 634 Nestor
2609 577 2831 648 quidam
2872 575 3218 631 Christianus
3262 588 3322 628 se
3363 582 3524 626 nocte
3572 581 3762 626 sancto

2189 671 2466 726 Demetrio
2505 668 2698 725 obtulit
2732 668 2940 732 dicens,
2971 666 3114 736 quod
3156 674 3432 720 certamen
3468 663 3573 717 hoc
3599 679 3762 718 assu-

2187 776 2339 816 mere
2387 760 2778 822 deliberasset,
2807 771 3025 826 rogans,
3064 765 3125 808 ut
3157 762 3380 807 sanctus
3414 760 3618 822 martyr
3660 768 3765 822 pro

2187 868 2247 907 se
2278 852 2565 906 Dominum
2594 858 2796 905 oraret.
2831 847 2934 914 Qui
2964 848 3033 901 ab
3074 861 3140 901 eo
3174 844 3516 900 confortatus
3544 844 3634 895 die
3669 858 3762 897 se-

2188 943 2377 1016 quenti
2397 940 2709 1013 imperatori
2731 955 2790 996 se
2814 938 3188 1011 praesentavit,
3201 952 3367 1006 seque
3382 935 3762 990 Christianum

2187 1036 2447 1102 asseruit,
2477 1035 2719 1090 offerens
2754 1048 2815 1087 se
2865 1047 2989 1085 cum
3022 1030 3188 1084 Libeo
3228 1028 3516 1093 dimicare,
3561 1036 3618 1082 et
3655 1042 3763 1096 pro

2186 1126 2465 1183 Demetrio
2499 1134 2775 1181 certamen
2810 1135 3112 1177 assumere.
3147 1119 3281 1172 Dum
3320 1127 3502 1175 autem
3532 1118 3763 1183 impera-

2186 1229 2273 1275 tor
2313 1219 2465 1272 iilnm
2515 1216 2770 1286 precibus
2820 1214 3101 1269 retrahere
3140 1225 3253 1264 non
3292 1219 3513 1279 posset,
3567 1208 3763 1262 victori

2186 1326 2415 1366 munera
2442 1309 2714 1379 promisit.
2747 1307 2943 1362 Nestor
2975 1305 3140 1377 igitur
3187 1303 3429 1357 duellum
3484 1303 3764 1368 ingressus

2186 1404 2411 1458 Libeum
2450 1402 2519 1456 ad
2550 1410 2751 1455 terram
2785 1397 3080 1468 prostravit
3103 1406 3160 1449 et
3182 1404 3512 1464 prostratum
3536 1392 3762 1446 occidit.

2184 1492 2487 1562 Imperator
2509 1500 2693 1545 autem
2726 1489 2832 1543 hoc
2855 1488 3068 1549 \idens,
3101 1496 3150 1539 et
3180 1486 3473 1555 gigantem,
3497 1482 3765 1537 Christia-

2186 1599 2381 1639 norum
2425 1584 2681 1646 ultorem,
2713 1580 2961 1633 amisisse
2993 1578 3188 1632 dolens
3215 1585 3407 1630 contra
3440 1574 3563 1641 ejus
3593 1589 3764 1641 spon-

2187 1674 2398 1727 sionem
2431 1672 2716 1726 Nestoretn
2747 1685 2778 1723 a
2810 1668 3004 1723 militia
3034 1667 3195 1722 solvit
3230 1676 3286 1720 et
3306 1666 3370 1720 de
3403 1664 3623 1718 civitate
3645 1662 3764 1733 eje-

576 1749 665 1802 44.
695 1749 923 1817 Verum,
978 1760 1106 1807 utut
1162 1767 1250 1807 res
1291 1753 1509 1818 habeat,
1545 1769 1610 1809 ea
1664 1753 1917 1824 equidem
1967 1768 2087 1823 qva!
2117 1762 2159 1817 Β
2190 1763 2293 1827 cit;
2354 1761 2690 1817 Demetrium
2751 1774 2989 1829 quoque,
3040 1758 3132 1825 qui
3196 1759 3316 1824 ejus
3360 1755 3765 1810 interfectionis

506 1854 767 1909 quantum
800 1844 866 1899 ad
888 1843 1173 1900 Nestorem
1210 1860 1239 1898 a
1272 1845 1449 1900 Photii
1480 1856 1538 1901 et
1567 1845 1839 1900 Anastasii
1891 1862 2080 1899 narra-

509 1940 658 1988 tione
684 1936 904 2000 absunt,
925 1938 1161 2007 ideoque
1183 1937 1332 1991 velut
1362 1937 1616 2007 ﬁgmenta
1635 1941 1816 1991 verbis
1841 1936 2083 1991 recitatis

507 2023 889 2081 Tillemontius
921 2028 1123 2097 rejicit,
1156 2030 1335 2098 reipsa
1353 2029 1517 2083 etiam
1542 2044 1665 2083 esse
1689 2029 1945 2099 ﬁgmenta
1964 2028 2083 2082 exi-

506 2117 694 2173 stimo.
730 2121 806 2172 Ac
856 2119 1033 2188 primo
1065 2120 1306 2188 quidem,
1342 2129 1421 2185 ut,
1455 2135 1554 2175 cur
1589 2121 1703 2177 [nec
1730 2121 1863 2174 mihi
1897 2119 2084 2173 sedeat

508 2208 803 2273 sententia,
832 2209 993 2263 modo
1021 2225 1316 2279 exponam,
1348 2227 1468 2280 quae
1497 2211 1646 2281 justa
1675 2210 1890 2266 Nestori
1914 2227 2079 2266 causa

506 2313 628 2353 esse
649 2301 846 2368 potuit,
865 2309 921 2354 ut
941 2302 1223 2355 certamini
1245 2302 1505 2371 singulari
1526 2318 1645 2357 sese
1659 2297 1848 2357 contra
1864 2304 2079 2375 Lyteum

508 2391 921 2445 committeret?
951 2391 1150 2462 Hujus,
1211 2403 1268 2447 ut
1298 2394 1473 2456 aiunt,
1516 2394 1790 2462 superbiae
1822 2409 2083 2464 arrogan-

506 2482 705 2551 tireqne
740 2482 1056 2554 frangendae
1089 2484 1399 2539 consilium.
1433 2483 1634 2539 Verum
1682 2487 1804 2555 quis
1840 2487 1925 2539 vel
1963 2487 2081 2540 solo

506 2576 613 2629 hoc
643 2589 711 2629 ex
771 2577 950 2644 capite
984 2574 1200 2630 facinus
1247 2576 1582 2645 hujusmodi,
1619 2577 1801 2629 divina
1841 2577 1959 2647 lege
1990 2592 2081 2631 se-

504 2664 790 2719 verissime
836 2665 1088 2730 vetitum,
1120 2683 1149 2720 a
1180 2683 1287 2736 quo
1334 2677 1388 2720 et
1427 2666 1746 2731 Christiani,
1815 2669 1891 2721 uti
1940 2666 2080 2721 infra

503 2756 739 2818 docebo,
801 2757 1039 2811 maxime
1109 2758 1506 2817 abhorrebant,
1565 2760 1703 2811 satis
1762 2768 2079 2812 excusatum

505 2855 670 2915 atque
699 2861 727 2898 a
757 2860 899 2898 noxa
938 2847 1181 2899 immune
1218 2847 1579 2914 pronuntiet?
1610 2846 1903 2900 Enimvero
1919 2848 2081 2918 longe

506 2943 687 3005 aliter,
717 2943 829 3010 qui,
860 2943 1004 3012 quod
1030 2943 1173 3012 apud
1203 2941 1423 2996 Petrum
1466 2944 1531 2998 de
1571 2941 1962 2996 Natalibuslib.
2002 2957 2075 3006 ιχ,

506 3051 627 3104 cap.
664 3034 767 3088 HO
806 3046 1007 3096 exstat,
1031 3034 1217 3088 Sancti
1250 3034 1423 3089 nostri
1453 3035 1712 3105 elogium,
1746 3033 1859 3088 sive
1907 3034 1955 3087 is
1993 3033 2077 3085 in-

506 3128 664 3181 terim
737 3128 969 3195 ipsemet
1041 3127 1254 3188 Petrus,
1346 3126 1460 3179 sive
1532 3126 1673 3180 alius
1736 3126 2081 3197 qttiscuzique

506 3219 747 3287 scriptor
761 3219 851 3280 sit,
879 3219 1116 3285 primum
1138 3216 1442 3279 contexuit,
1468 3217 1815 3270 existimasse
1843 3215 2077 3269 videtur.

504 3311 720 3364 Etenim
761 3308 1003 3377 suscepti
1056 3323 1085 3361 a
1119 3305 1349 3361 Nestore
1404 3319 1590 3361 contra
1630 3306 1845 3375 Lyaeum
1898 3306 2082 3375 singu-

506 3400 645 3453 laris
674 3398 993 3452 certaminis
1024 3411 1268 3459 causam,
1301 3411 1421 3463 quae
1457 3395 1687 3448 tnultum
1730 3409 1759 3448 a
1789 3394 1897 3463 jam
1936 3391 2081 3448 dicta

508 3490 713 3553 differt,
748 3488 963 3559 allegat.
1013 3485 1121 3540 Res
1164 3488 1399 3557 elogium
1439 3486 1588 3555 illud,
1630 3486 1684 3539 in
1733 3502 1841 3555 quo
1893 3485 2084 3556 Lyaeus

508 3595 728 3651 semper
754 3578 956 3633 Libens
991 3588 1237 3638 vocatur,
1261 3575 1572 3644 inSpicienti
1597 3587 1839 3645 patescet
1868 3594 1884 3642 ;
1913 3577 2080 3644 quod,

512 3676 638 3743 quia
666 3675 769 3728 hac
802 3673 855 3727 in
883 3682 1037 3742 parte
1072 3671 1232 3740 plane
1262 3660 1539 3740 singulare
1574 3670 1873 3738 seduloque
1898 3670 2084 3723 disco.

508 3764 757 3818 tiendum
794 3772 900 3827 est,
926 3762 1198 3832 integrum
1239 3762 1374 3824 fere,
1401 3761 1621 3815 ou‘iissis
1647 3762 1934 3827 duntaxat,
1959 3777 2080 3831 quae

508 3860 575 3914 ad
594 3858 1026 3923 venerationem,
1041 3874 1070 3911 a
1088 3857 1342 3919 Leontio,
1365 3854 1561 3924 lllyrici
1582 3854 1862 3925 prmfecto,
1877 3852 2083 3909 Sancto

509 3953 809 4006 cxhibitant
844 3960 1112 4021 Spectant,
1178 3951 1281 4003 huc
1334 3948 1661 4003 transcribo.
1712 3946 2082 4017 Sequentibns

510 4045 660 4098 hisce
692 4044 873 4097 verbis
902 4043 1211 4111 concipitur
1245 4060 1259 4095 :
1302 4061 1318 4093 ι
1356 4042 1668 4095 Demetrius
1699 4050 1906 4110 martyr
1936 4040 2079 4109 apud

509 4130 957 4190 Thessalonicam
982 4137 1259 4189 civitatem
1297 4149 1493 4203 passus
1524 4143 1608 4187 est
1635 4133 1736 4186 sub
1754 4132 2081 4186 Maximiano

508 4227 865 4296 imperatore.
904 4227 1003 4281 Hic
1024 4243 1053 4281 ιι
1084 4243 1177 4279 sua
1201 4226 1487 4295 juventute
1509 4223 1860 4278 Christianus
1894 4233 1948 4277 ct
1975 4223 2081 4276 Deo

508 4319 755 4372 serviens
822 4319 1025 4374 nobilis
1083 4316 1189 4371 fuit
1254 4317 1388 4369 civis
1443 4314 1616 4383 ipsius
1674 4313 2081 4368 Thessalonicae

2186 1868 2350 1908 causa
2381 1853 2599 1919 fuerat,
2645 1852 2811 1923 jussit
2849 1854 2902 1904 in
2939 1865 3160 1905 carcere
3197 1849 3395 1903 occidi.
3432 1848 3629 1902 Milites
3661 1865 3763 1902 an-

2186 1953 2294 1998 tem
2327 1944 2394 1998 ad
2423 1958 2701 1998 carcerem
2748 1950 3043 2005 venerunt,
3083 1950 3138 1994 et
3163 1938 3401 2010 gladium
3438 1939 3491 1990 in
3520 1939 3638 2006 ejus
3670 1953 3765 2005 pe-

2185 2044 2338 2089 ctore
2370 2033 2774 2087 demerserunt.
2824 2033 3023 2100 Sicque
3066 2045 3231 2085 orans
3275 2044 3400 2083 cum
3433 2028 3610 2098 palma
3653 2029 3763 2081 mi~

2185 2124 2370 2197 gravit
2419 2124 2486 2179 ad
2533 2123 2846 2178 Dominum.
2886 2123 3056 2189 Cujus
3102 2135 3304 2189 corpus
3353 2137 3380 2173 a
3433 2119 3761 2173 Christianis

2183 2215 2517 2269 occultatum
2550 2222 2635 2267 est
2660 2222 2884 2283 propter
2918 2210 3167 2265 timorem
3194 2225 3552 2280 paganorum,
3575 2208 3629 2260 in
3654 2224 3763 2278 quo

2184 2306 2305 2360 loco
2357 2305 2500 2359 Deus
2550 2303 2822 2358 mirabilia
2872 2302 3226 2372 operabatur,
3280 2300 3375 2355 ubi
3435 2310 3765 2353 cunctorum

2183 2394 2533 2467 aegritudines
2565 2394 2923 2448 sanabantur.
2966 2411 2983 2441 ι

2255 2488 2345 2542 46.
2376 2486 2481 2551 Qui
2519 2486 2707 2556 itaque
2738 2486 2843 2540 hoc
2879 2484 3054 2538 sancti
3097 2482 3354 2537 Demetrii
3397 2481 3632 2552 elogiqu
3664 2496 3764 2535 seu

2183 2576 2515 2639 encomium,
2553 2590 2584 2628 a
2613 2573 3038 2644 Metaphrastiea
3073 2573 3195 2642 ejus
3225 2572 3347 2626 Vita
3388 2572 3441 2626 in
3483 2572 3765 2626 nonnullis

2183 2675 2448 2737 praeterea
2474 2665 2617 2729 aliis,
2653 2666 2743 2719 hic
2773 2674 2981 2729 tamen,
3015 2664 3161 2733 quod
3196 2664 3261 2718 ad
3314 2679 3555 2733 praesens
3604 2663 3765 2717 insti-

2184 2766 2359 2812 tutum
2391 2772 2499 2811 non
2528 2755 2748 2819 faciant,
2780 2772 2889 2809 non
2920 2755 3324 2820 examinandis,
3359 2754 3633 2823 adjunctis
3654 2756 3764 2809 dis-

2183 2863 2407 2912 sonans,
2433 2847 2734 2912 contexuit,
2765 2836 3052 2901 Nestorem
3078 2858 3267 2900 contra
3293 2846 3531 2917 Lyaeum,
3566 2860 3673 2898 non
3701 2854 3762 2897 ut

2184 2941 2350 3010 hujus
2384 2939 2667 2992 audaciam
2700 2939 3083 3007 superbiamve
3111 2937 3407 3007 frangeret,
3442 2936 3537 2990 sed
3564 2947 3621 2989 ut
3656 2947 3710 2989 et
3733 2954 3763 2989 a

2185 3032 2492 3102 periculoso
2532 3033 2689 3086 hoste
2728 3031 3095 3093 Christianos,
3126 3046 3359 3100 quormn
3396 3029 3507 3097 jam
3536 3028 3763 3091 multos,

2184 3126 2445 3196 singulari
2462 3140 2586 3181 cum
2613 3125 2692 3178 eis
2719 3122 3238 3193 imperatorisjussu
3270 3122 3407 3174 inito
3437 3122 3760 3185 certamine,

2185 3220 2231 3273 is
2263 3219 2561 3283 occiderat,
2596 3218 2885 3279 liberaret;
2920 3224 2971 3269 et
3020 3230 3145 3268 cum
3191 3212 3385 3267 eodem
3433 3210 3758 3266 decertandi

2187 3312 2512 3365 necessitate
2558 3308 2896 3364 Demetrium
2945 3307 3257 3369 eximeret,
3309 3304 3572 3373 singulari
3638 3318 3764 3357 sese

2184 3400 2471 3455 certamini
2499 3398 2860 3460 commisisse,
2900 3397 3077 3450 verbis
3110 3395 3374 3458 recitatis,
3405 3407 3461 3447 ut
3490 3393 3607 3450 haec
3630 3408 3763 3447 con-

2185 3490 2444 3544 sideranti
2479 3498 2739 3558 patescet,
2768 3487 3049 3541 memoria:
3082 3488 3282 3555 prodit.
3323 3485 3524 3538 Verum
3551 3485 3620 3537 sit
3659 3483 3758 3546 ita,

2183 3582 2434 3649 equidem
2475 3596 2574 3635 nec
2608 3580 2686 3634 sic
2710 3578 2906 3633 Nestor
2934 3581 3137 3646 absque
3172 3593 3311 3631 noxa
3344 3576 3603 3646 singulari
3638 3590 3761 3627 sese

2187 3683 2373 3725 contra
2416 3671 2631 3741 Lyaeum
2665 3670 2955 3724 certamini
2984 3670 3327 3722 committere
3355 3670 3618 3737 potuerit.
3673 3666 3761 3719 Et.

2184 3766 2329 3821 enim
2372 3775 2429 3818 tit
2466 3763 2812 3817 Christianus
2860 3761 3091 3830 quisque
3139 3763 3223 3813 vel
3270 3760 3440 3829 ipsos,
3484 3774 3517 3812 a
3562 3759 3763 3827 quibus

2186 3857 2306 3911 ﬁdei
2339 3871 2497 3909 caiisa
2529 3855 2958 3923 persecutionem
2997 3854 3184 3907 ﬁdeles
3226 3854 3528 3922 patiuntur,
3575 3861 3760 3921 tyran-

2185 3964 2287 4003 nos
2325 3948 2406 4001 vel
2454 3949 2649 4000 herum
2706 3947 2869 3999 etiam
2910 3947 3175 4000 duntaxat
3214 3945 3555 4000 crudelitatis
3594 3946 3759 3998 mini-

2185 4054 2327 4095 stros
2359 4040 2656 4102 interimat,
2685 4038 3091 4104 interimerevc,
3110 4040 3187 4093 uti
3212 4039 3535 4093 bicindnbie
3563 4038 3760 4092 Nestor

2187 4135 2399 4196 fecerit,
2454 4132 2720 4195 intendat,
2777 4132 3057 4200 religionis
3095 4130 3419 4187 Christianae
3482 4132 3759 4184 sanctitati

2187 4232 2469 4292 repugnat.
2518 4236 2618 4276 nec
2652 4222 2973 4291 quidquam,
3020 4239 3128 4291 quo
3172 4223 3223 4276 id
3255 4238 3377 4275 cum
3405 4223 3521 4292 lege
3552 4222 3757 4282 divina,

2187 4316 2541 4370 homicidium
2571 4325 2806 4377 vetante,
2836 4314 3089 4385 componi
3140 4324 3414 4383 utcunque
3454 4324 3639 4383 queat,
3666 4328 3760 4368 oc-

510 4408 748 4461 civitatis
801 4419 857 4461 et
910 4410 1067 4461 utiles
1126 4419 1409 4461 strenuus.
1466 4407 1555 4472 qui
1592 4418 1771 4459 tamen
1800 4406 2078 4460 Christum
2117 4414 2156 4467 ο
2186 4410 2375 4461 currit.
2415 4408 2617 4461 Adhaec
2646 4422 2769 4461 cum
2799 4407 3075 4475 equidem,
3102 4405 3261 4477 Lyaeo
3285 4406 3490 4469 occiso,
3529 4405 3758 4460 faculta-

508 4498 796 4550 Doa.innm
828 4498 1160 4566 praedicabat
1195 4509 1249 4550 et
1278 4498 1475 4551 multos
1503 4500 1566 4551 ad
1601 4498 1757 4551 ﬁdem
1796 4509 2079 4550 converte-

508 4589 617 4641 bat.
684 4587 966 4655 ingressus
1020 4599 1201 4642 autern
1251 4589 1551 4657 imperator
1608 4587 2077 4649 Thessalonicam,

506 4680 736 4734 audiens
767 4680 834 4734 de
866 4679 1172 4744 Demetrio,
1215 4680 1394 4749 ipsum
1420 4663 1841 4749 'compreltendi
1876 4677 2003 4732 fecit
2027 4687 2081 4733 et

508 4778 562 4828 in
595 4788 876 4827 carcerem
906 4772 1096 4826 mittit.

576 4865 665 4919 45.
701 4864 827 4919 Erat
857 4874 1035 4917 autem
1060 4877 1184 4916 cum
1209 4862 1538 4931 imperatore
1565 4856 1714 4933 gigas
1742 4861 2077 4916 fortissimus

509 4970 561 5013 et
596 4969 821 5029 aspectu
856 4958 1149 5019 terribilis,
1181 4961 1402 5010 nomine
1433 4956 1652 5020 Libens,
1689 4956 1779 5024 qui
1821 4956 1887 5010 de
1923 4973 2075 5008 man-

508 5056 633 5108 dato
658 5051 885 5122 Augusti
908 5065 1033 5104 cum
1057 5038 1387 5104 Christianis
1405 5048 1696 5109 dimicans,
1719 5062 1812 5100 eos
1839 5048 2078 5101 brachiis

508 5144 571 5197 ad
608 5157 667 5201 se
702 5141 1085 5210 constringens
1114 5137 1182 5192 'ad
1217 5146 1416 5190 terram
1461 5137 1738 5199 allidebat,
1790 5136 2079 5205 statimque

508 5233 757 5302 Spiritum
791 5232 1140 5287 exbalabant.
1172 5229 1324 5283 Multi
1358 5229 1520 5283 etiam
1551 5229 1636 5281 alii
1660 5228 1728 5281 ab
1752 5229 2079 5296 imperatore

507 5326 735 5379 diversis
768 5325 945 5393 poenis
979 5321 1373 5391 allligebantur.
1400 5320 1534 5375 Cum
1576 5332 1755 5375 autem
1775 5322 2080 5375 Demetrius

508 5428 649 5473 esset
700 5419 752 5471 in
787 5432 1011 5472 carcere
1056 5418 1292 5487 positus,
1327 5416 1672 5485 scorpionem
1719 5416 1874 5485 juxta
1911 5418 2078 5487 pedes

508 5526 633 5563 suos
669 5511 839 5564 cauda
870 5524 994 5563 eum
1026 5518 1312 5577 percutere
1345 5515 1678 5576 satagentem
1717 5506 1873 5572 vidit,
1913 5524 2073 5577 quem

490 5588 650 5659 ‘edito
686 5600 866 5657 crucis
907 5601 1188 5668 signaculo
1223 5600 1404 5653 statim
1441 5598 1722 5652 exstinxit.
1761 5598 1861 5653 Cui
1898 5602 2073 5654 oranti

508 5695 796 5756 confestim
832 5694 1057 5768 angelus
1090 5692 1364 5763 apparuit,
1401 5699 1567 5763 atque
1601 5708 1653 5745 tn
1685 5690 1904 5747 Christo
1942 5708 2079 5749 cou-

2192 4509 2273 4552 tes
2322 4499 2459 4559 alite,
2507 4500 2704 4567 quibus
2739 4496 3485 4561 Christianosexcruciaret,
3527 4498 3761 4566 necique

2190 4591 2351 4643 etiam
2382 4594 2537 4645 daret
2564 4591 2883 4659 imperator,
2918 4590 3183 4653 defuturae
3207 4592 3520 4658 neutiquam
3539 4598 3760 4653 essent,

2188 4680 2385 4735 Nestor
2408 4683 2543 4752 singt
2567 4681 2662 4735 lari
2688 4680 2903 4751 Lyzeum
2937 4679 3301 4749 aggrediendo
3332 4681 3628 4733 certamine
3650 4695 3760 4734 non

2190 4781 2297 4824 tam
2330 4773 2518 4842 iniquo
2543 4774 2698 4826 hoste
2731 4773 3071 4826 Christianos
3098 4772 3351 4837 liberare,
3382 4787 3546 4841 quam
3581 4774 3648 4826 de
3681 4773 3734 4825 in

2184 4866 2348 4934 jnriis
2375 4865 2718 4934 damnisque,
2753 4865 2954 4933 quibus
2987 4866 3086 4918 hos
3114 4864 3201 4918 ille
3232 4864 3512 4931 aﬁ‘ecerat,
3543 4879 3760 4918 sumere

2191 4955 2485 5008 vindictam
2518 4955 2858 5024 propositum
2914 4953 3169 5008 habuisse
3193 4956 3374 5009 debet.
3407 4954 3551 5009 Nece
3576 4966 3760 5009 autem

2189 5048 2487 5116 cnjuspiam
2542 5064 2647 5100 non
2703 5056 2808 5100 tam
2867 5047 3244 5101 liberationem
3302 5063 3331 5100 a
3381 5047 3547 5113 malo,
3598 5064 3759 5116 quam

2191 5141 2483 5194 vindictam
2517 5140 2800 5195 intendere
2824 5140 2925 5210 legi
2961 5140 3163 5194 divinae
3192 5156 3348 5210 atque
3383 5157 3446 5196 ac
3477 5141 3761 5211 religionis

2188 5232 2514 5287 Christiana:
2542 5233 2814 5286 sanctitati
2847 5233 3171 5296 adversum,
3216 5249 3379 5289 nemo
3434 5234 3626 5303 utique
3672 5243 3760 5287 eat

2189 5325 2417 5379 inﬁcias.
2453 5322 2583 5388 Qua:
2629 5340 2715 5377 res
2746 5340 2868 5377 cum
2915 5325 2989 5378 ita
3025 5325 3241 5386 habeat,
3274 5326 3581 5387 enimvero,
3615 5325 3759 5394 quod

2189 5417 2444 5487 singulari
2472 5426 2661 5471 contra
2695 5416 2907 5487 Lyzettm
2944 5418 3077 5471 inito
3116 5418 3414 5472 certamine
3441 5417 3639 5472 Nestor
3671 5432 3761 5487 pa-

2192 5510 2369 5568 travit.
2410 5509 2658 5573 facinus,
2694 5509 2837 5563 haud
2901 5524 3045 5563 recte
3099 5510 3242 5564 velut
3283 5519 3530 5564 sanctum
3598 5520 3761 5578 atque

2189 5606 2256 5656 ab
2287 5604 2401 5671 ipso
2434 5603 2705 5655 Demetrio
2736 5604 3117 5671 approbatum,
3151 5605 3201 5656 in
3238 5603 3401 5672 hujus
3446 5614 3556 5655 tum
3594 5618 3762 5657 enco-

2190 5695 2297 5749 tnio
2330 5695 2575 5760 proxime
2609 5694 2756 5758 dato,
2785 5703 2897 5747 tum
2930 5693 3070 5750 Vitis
3101 5709 3197 5748 seu
3234 5692 3588 5747 l‘assiouibus
3621 5693 3766 5747 binis
