4142 6380
432 228 571 290 llOJ

1483 234 1546 294 S.
1592 232 1971 293 DEME'l‘lllI
2004 232 2392 294 MARTYRIS
2417 234 2624 295 ACTA.

3546 225 3681 290 1110

427 342 718 414 pracsentis
747 341 774 414 §
803 344 963 399 initio
996 345 1236 402 laudatis
1280 349 1620 419 proponitur.
1673 346 1728 400 ιιι
1778 355 1959 400 autem
1983 389 1996 411 ,
2034 351 2073 400 Α
2106 346 2329 413 pellant,
2363 350 2705 418 perhibetur,
2742 348 3006 418 promissa
3052 344 3447 420 gladiatoribus
3498 344 3676 399 victo-

428 454 593 508 quam
633 454 823 492 verum
859 440 954 504 sit,
986 457 1050 495 ex
1084 440 1171 507 iis,
1204 457 1325 511 quas
1356 443 1423 497 de
1450 441 1886 496 Christianorum
1921 443 2014 497 De.

429 531 612 584 metrii
649 541 808 585 aetate
833 533 1080 588 moribus
1107 533 1216 604 jam
1251 548 1394 588 nunc
1423 534 1623 597 dicam,
1660 533 1893 601 amplius
1918 535 2011 586 ad-

430 623 536 678 huc
572 634 833 693 patescet.

501 718 589 772 ‘7‘.
618 718 960 771 Christianos
993 726 1103 773 tres
1123 716 1436 772 Palmstinos
1468 718 1872 780 Diocletianum,
1902 733 2004 786 qua

432 809 597 862 etiam
620 824 685 862 ex
711 807 959 862 dicendis
982 806 1292 861 Demetrius
1323 809 1602 872 occubuit,
1624 810 2004 877 persecutione

430 901 713 963 saeviente,
745 899 812 953 ad
853 900 1126 970 pugilatus
1162 900 1482 962 certamina,
1515 914 1632 965 seu,
1673 910 1731 955 ut
1758 916 1877 955 sese
1901 901 1999 954 arti

429 991 760 1061 gladiatoriae
793 991 1135 1056 addicerent,
1167 992 1235 1045 ab
1272 990 1517 1053 Urbano,
1556 994 1857 1046 suavissimo
1894 993 1999 1045 Pa-

430 1083 650 1135 laestinae
681 1082 935 1150 praeside,
966 1081 1133 1137 fuisse
1176 1083 1590 1145 condemnatos,
1624 1083 1896 1137 Eusebius
1936 1084 2000 1136 de

431 1173 741 1227 Pulwstinw
776 1175 1099 1243 martyribus
1148 1174 1406 1228 editionis
1458 1175 1763 1229 Valesiana:
1807 1190 1931 1243 cap.
1965 1176 1996 1229 7

428 1273 634 1316 narrat.
669 1262 933 1333 Sequenti
959 1274 1143 1319 autem
1185 1264 1383 1335 capite,
1433 1265 1501 1320 de
1529 1266 1736 1336 aliquot
1786 1265 1994 1321 Christi

425 1357 867 1419 confessoribus,
923 1372 1104 1411 varios
1166 1365 1289 1427 post
1337 1359 1617 1413 cruciatus
1662 1358 1728 1413 ad
1780 1359 1995 1415 metalla

425 1448 720 1511 damnatis,
759 1449 996 1514 loeutus,
1038 1449 1169 1518 quid
1218 1449 1383 1504 iidem
1416 1454 1529 1505 tres
1556 1450 1857 1505 Christiani
1889 1450 1994 1506 Pa-

425 1540 640 1606 laestini,
679 1541 785 1596 lata
817 1541 906 1596 illa
943 1540 998 1594 in
1028 1556 1085 1596 se
1148 1542 1216 1595 ab
1249 1540 1470 1597 Urbano
1501 1544 1735 1612 przeside
1769 1554 1995 1600 senten-

426 1634 521 1699 tia,
552 1635 768 1703 egerint
822 1634 1068 1703 exponit.
1116 1651 1134 1685 ι
1168 1632 1280 1688 Nec
1304 1650 1456 1700 vero,
1492 1634 1692 1704 inquit,
1724 1637 1825 1690 bos
1848 1637 1993 1691 solos

427 1724 792 1794 (confessores
815 1725 1024 1780 scilicet
1044 1724 1244 1779 ibidem
1274 1735 1402 1780 ante
1429 1728 1781 1797 memoratos)
1806 1728 1989 1797 hujus-

423 1816 570 1869 modi
597 1816 864 1885 supplicia
900 1832 1185 1886 perpessos
1217 1817 1484 1881 vidimus;
1517 1834 1703 1872 verum
1734 1820 1898 1872 etiam
1924 1834 1991 1873 ex

422 1906 724 1961 Palaestinis
754 1908 892 1971 illos,
923 1923 1062 1977 quos
1091 1909 1160 1962 ad
1208 1909 1481 1979 pugilatus
1517 1912 1814 1965 certamina
1853 1926 1987 1965 con-

418 1998 710 2051 demnatos
762 2000 928 2067 paulo
965 2008 1092 2052 ante
1143 2002 1455 2067 retulimus,
1488 2016 1554 2055 eo
1581 2001 1725 2071 quod
1776 2002 1990 2057 scilicet

418 2100 521 2143 nec
559 2104 833 2144 annonam
886 2105 952 2145 ex
1000 2090 1263 2161 principis
1308 2092 1505 2148 aerario
1556 2094 1842 2163 accipere,
1887 2112 1989 2152 nec

416 2189 683 2234 consueto
712 2181 983 2250 pugilibus
1006 2198 1154 2237 more
1175 2183 1511 2251 quotidianis
1536 2185 1805 2255 proludiis
1833 2203 1988 2243 exer-

417 2271 528 2324 ceri
560 2271 916 2328 sustinerent.
953 2272 1124 2337 Qnam
1166 2274 1236 2327 ob
1269 2292 1484 2329 causam
1522 2292 1632 2330 non
1667 2280 1844 2333 solum
1871 2296 1990 2350 pro-

418 2362 793 2427 Curatoribus,
829 2366 921 2419 sed
968 2366 1066 2434 ipsi
1116 2367 1279 2420 etiam
1315 2366 1608 2423 Maximino
1649 2371 1985 2440 (imperatori

418 2453 699 2518 nimirum,
734 2455 785 2508 in
819 2454 968 2524 Syria
994 2466 1047 2511 et
1079 2456 1361 2512 l’alaastina
1382 2468 1511 2515 tunc
1539 2463 1864 2532 dominanti)
1892 2481 1990 2520 ex-

417 2541 573 2596 hibiti
601 2583 617 2607 ,
651 2560 773 2598 cum
807 2545 1064 2599 invictam
1115 2547 1168 2600 in
1213 2547 1417 2602 Christi
1468 2551 1814 2607 confessione
1856 2569 1989 2609 con-

416 2636 674 2690 stantiam
708 2636 865 2690 famis
890 2647 944 2691 et
972 2636 1258 2706 ﬂagrorum
1284 2641 1567 2697 tolerantia
1597 2643 1988 2709 declarassent,

417 2726 608 2780 eadem
636 2743 759 2782 cum
794 2728 923 2792 illis,
959 2728 1025 2783 de
1054 2730 1249 2799 quibus
1279 2730 1533 2785 diximus.
1566 2735 1922 2793 pertulerunt.
1963 2756 1981 2788 ι

416 2817 552 2871 Cum
588 2833 739 2887 ergo,
783 2820 857 2873 uti
895 2837 955 2874 ex
996 2822 1141 2876 hisce
1176 2822 1394 2878 Eusebii
1428 2824 1611 2878 verbis
1644 2824 1983 2894 intelligitur,

420 2919 531 2961 tres
580 2908 656 2960 illi
703 2906 1001 2965 Christiani
1041 2912 1313 2967 Palaestini
1361 2916 1429 2968 ab
1474 2923 1590 2969 arte
1628 2915 1985 2986 gladiatoria,

2114 438 2276 493 riosis
2319 441 2564 507 praemia,
2598 439 2931 509 imperatore
2985 440 3147 504 irato,
3171 454 3278 492 non
3316 437 3568 491 retulisse
3597 438 3675 490 vi-

2113 540 2351 598 tamque,
2371 547 2494 585 cum
2523 532 2714 586 militia
2733 532 2942 586 solutus
2964 534 3207 600 urbeqne
3228 530 3416 586 fuisset
3442 532 3671 599 eiectus,

2106 622 2482 676 coszfcssorum
2512 640 2684 683 more.
2725 627 2824 689 uti,
2852 625 2940 692 qui
2961 640 3124 693 supra
3146 625 3251 679 huc
3282 625 3667 690 transcriptum

2108 732 2136 766 ε·
2178 716 2345 769 Petro
2381 716 2446 769 de
2473 716 3082 771 Natalibusencomium
3106 716 3407 775 contexuit,
3432 716 3668 767 sensisse

2107 806 2347 869 videtur,
2414 808 2465 861 in
2500 823 2633 877 pace
2694 808 3041 862 terminasse.
3097 808 3163 861 At
3218 824 3370 872 vero,
3432 806 3665 873 inquies.

2105 897 2275 951 Cra-ei
2332 897 2616 952 Nestorem
2678 899 3171 968 μεγαλομάρτυρος
3231 899 3408 962 titulo,
3464 899 3668 967 elogiu-

2103 1004 2230 1057 que,
2262 990 2314 1041 in
2351 1004 2461 1057 quo
2489 989 2723 1060 Lyaaum,
2784 990 3044 1062 singulari
3083 991 3383 1044 certamine
3439 1006 3669 1060 supera—

2104 1089 2242 1144 tum,
2289 1080 2560 1135 occidisse
2621 1094 2900 1146 narratur,
2957 1084 3416 1145 rondecoratum,
3479 1084 3547 1136 ad
3600 1083 3667 1134 27

2100 1172 2375 1235 Octobris,
2427 1173 2593 1240 diem,
2639 1176 2918 1244 prmcipuo
2971 1190 3072 1229 suo
3104 1173 3304 1239 cilicio,
3366 1174 3439 1227 illi
3501 1176 3666 1229 etiam

2103 1276 2233 1319 tunc
2264 1276 2607 1330 censecrato,
2649 1267 2951 1331 celebrant,
2984 1269 3346 1339 eumdemque
3400 1265 3667 1322 Barouius

2097 1358 2164 1412 ad
2194 1358 2341 1412 hunc.
2364 1358 2506 1413 diem
2533 1358 2565 1412 8
2591 1356 2864 1426 Octobris,
2891 1360 3058 1428 quod,
3095 1376 3217 1429 quae
3248 1374 3316 1414 oe
3346 1374 3411 1413 eo
3440 1374 3670 1413 narran-

2099 1456 2208 1511 tur,
2264 1450 2437 1504 sancti
2494 1449 2781 1512 Demettii,
2838 1459 2968 1506 tunc
3024 1469 3055 1505 a
3108 1451 3319 1506 Latinis
3379 1451 3661 1513 celebrati,

2096 1539 2341 1595 PaSsioni
2394 1556 2489 1595 seu
2520 1541 2692 1604 Actis,
2725 1540 3163 1612 Metaphrasticis
3223 1542 3510 1605 nimirum,
3550 1542 3667 1597 sint

2023 1631 2327 1728 Bintexta,
2363 1632 2419 1686 in
2480 1631 2927 1703 Martyrologium
2987 1633 3293 1687 Romanum
3351 1634 3553 1698 intulit,
3608 1632 3665 1686 in

2095 1724 2579 1786 Adnotationibus,
2613 1725 2816 1793 quibus
2853 1725 2955 1779 hoc
2978 1724 3298 1786 illustravit,
3352 1724 3664 1778 Graecorum

2099 1812 2425 1883 Mcnologio,
2480 1812 2777 1867 Sirletiano
2831 1812 3108 1873 videlicet,
3172 1826 3281 1865 una
3344 1825 3468 1864 cum
3502 1808 3664 1863 Nice-

2098 1905 2270 1975 phoro
2292 1904 2517 1959 Callisto
2572 1905 2840 1973 dictisque
2873 1903 3051 1958 sancti
3103 1902 3363 1957 Demetrii
3397 1901 3551 1955 Actis
3606 1899 3660 1954 in

2097 2012 2209 2051 rem
2241 2011 2392 2049 suam
2425 1994 2662 2049 laudato.

2166 2086 2254 2141 49.
2294 2086 2513 2153 Fateor,
2538 2088 2617 2141 sic
2663 2086 2849 2148 habet,
2911 2087 3205 2156 pluresque
3262 2086 3447 2147 etiam,
3496 2099 3659 2154 quam

2091 2181 2202 2251 jam
2237 2179 2503 2233 nominati
2534 2179 2661 2243 sint,
2695 2179 2840 2233 Fasti
2862 2178 3163 2234 Cra'corum
3190 2180 3329 2231 sacri
3376 2176 3657 2231 Nestorem

2094 2271 2161 2324 ad
2192 2269 2260 2323 29
2284 2269 2536 2323 Octobris
2564 2269 2706 2323 diem
2739 2270 2941 2325 sanctis
2963 2281 3273 2324 accensent.
3303 2267 3503 2322 Verum
3528 2267 3661 2337 quid

2097 2363 2255 2416 tum?
2286 2359 2347 2414 lli
2377 2377 2592 2427 omnes,
2658 2361 2735 2415 uti
2769 2362 2997 2416 eruditis
3035 2362 3196 2416 modo
3230 2362 3431 2430 passim
3471 2370 3661 2416 uotum

2094 2461 2201 2514 est,
2240 2452 2471 2506 subinde
2503 2454 2667 2505 etiam
2730 2467 2828 2520 pro
2866 2453 3069 2505 sanctis
3125 2451 3326 2507 habent
3387 2452 3659 2522 indignos.

2096 2542 2248 2608 Quod
2279 2553 2461 2595 autem
2494 2543 2559 2596 ad
2590 2542 2957 2611 Nicephorum
2991 2543 3299 2606 Callistum,
3328 2542 3420 2611 qui
3471 2542 3659 2596 eadem

2096 2633 2211 2687 fere
2261 2632 2327 2686 de
2364 2633 2613 2696 Nestore,
2661 2649 2781 2702 qua:
2838 2648 2869 2687 a
2931 2633 3296 2702 Metaphraste
3342 2643 3656 2697 narrantur,

2095 2727 2340 2781 Ilistvriw
2392 2726 2761 2780 ecclesiastica:
2820 2741 2847 2777 a
2885 2740 2945 2780 se
3001 2726 3383 2780 contextaelib.
3413 2742 3509 2785 vn.
3537 2741 3657 2795 cap.

2098 2821 2165 2874 l3
2220 2826 2491 2879 recenset,
2545 2817 2971 2886 Baroniumque.
3034 2816 3152 2884 qui,
3191 2815 3411 2871 laudato
3472 2833 3570 2887 pro
3599 2834 3658 2873 se

2097 2910 2425 2978 Νἱιιριιιιοτο,
2470 2907 2848 2979 Martyrologio
2900 2909 3145 2963 Romano
3169 2906 3451 2963 Nestorem
3506 2910 3656 2964 inse-

420 3010 510 3053 ant
542 3000 588 3053 si
640 3001 831 3063 mavis,
866 3003 1237 3074 singularibus
1284 3005 1554 3075 pugilatus
1590 3008 1984 3062 certaminibus

2091 3003 2219 3063 ruit,
2247 3002 2357 3069 jam
2392 3009 2624 3068 spectat,
2649 3000 2877 3053 duorum
2913 2997 3110 3053 horum
3140 3001 3470 3069 scriptorum
3506 3000 3659 3069 prior

419 3100 704 3161 tantopere
736 3095 1150 3162 abhorruerint,
1185 3105 1243 3150 ut
1281 3097 1517 3159 famem,
1545 3097 1729 3167 ﬂagra,
1773 3099 1987 3169 aliaque

418 3192 660 3238 extrema
681 3187 945 3255 supplicia
969 3187 1216 3252 suﬂerre,
1244 3206 1408 3257 quant
1433 3191 1515 3244 vel
1538 3191 1667 3245 solis
1688 3190 1823 3245 artis
1851 3193 1987 3247 adeo

417 3271 750 3327 detestandae
778 3275 1046 3344 proludiis
1077 3291 1198 3329 sese
1231 3276 1434 3331 dedere
1481 3292 1825 3331 annonamve
1868 3278 1984 3347 gla-

415 3362 723 3418 diatoribus
781 3374 1038 3439 statutam
1094 3366 1361 3435 recipere,
1431 3367 1759 3432 maluerint,
1824 3369 1983 3436 quis.

416 3468 628 3521 quaeso,
663 3455 881 3518 credat,
923 3456 1007 3510 vel
1051 3458 1234 3526 plures
1274 3457 1679 3514 Thessalonica:
1721 3461 1986 3515 Christ’a-

418 3560 542 3607 nos,
582 3545 657 3599 uti
706 3549 942 3602 encomii
979 3550 1219 3622 proxime
1258 3551 1365 3606 huc
1397 3552 1712 3622 transcripti
1745 3554 1985 3608 narratio

418 3638 604 3707 exigit,
638 3642 895 3710 singulari
941 3644 1243 3697 certamine
1289 3659 1411 3698 sum
1447 3644 1603 3712 Lyaeo
1648 3644 1819 3698 fuisse
1855 3662 1988 3698 con-

418 3745 653 3800 gressos,
684 3735 765 3785 vel
791 3735 934 3803 quod
956 3744 1147 3788 contra
1177 3734 1322 3789 hunc
1347 3734 1543 3788 Nestor
1570 3735 1774 3797 inierit,
1801 3751 1830 3788 a
1858 3751 1985 3788 san-

417 3831 505 3876 cto
528 3822 821 3888 Demetrio,
852 3823 928 3878 uti
960 3833 1015 3878 et
1043 3825 1095 3877 in
1128 3825 1319 3878 eodem
1350 3824 1601 3878 encomio
1620 3833 1674 3878 et
1698 3825 1750 3878 in
1774 3825 1984 3879 duabus

417 3912 603 3967 Sancti
652 3911 784 3967 Vitis
829 3930 925 3967 seu
978 3914 1373 3979 Passionibus,
1430 3915 1676 3983 proxime
1732 3916 1980 3980 laudatis,

416 4003 713 4069 indicatur,
745 4004 916 4058 fuisse
945 4004 1278 4075 probatum?

483 4094 577 4148 48.
628 4095 684 4148 ld
731 4095 986 4164 equidem
1025 4096 1157 4149 mihi
1198 4104 1313 4149 tum
1339 4095 1509 4158 hisce,
1547 4104 1658 4149 tum
1689 4095 1833 4159 aliis,
1861 4111 1982 4163 qua:

417 4205 584 4259 supra
634 4190 689 4243 in
746 4191 987 4244 medium
1039 4190 1263 4255 adduxi,
1324 4190 1599 4258 expensis,
1671 4192 1980 4244 verosimile

417 4281 732 4349 neutiquam
767 4291 1014 4350 apparet,
1072 4296 1248 4351 eaque
1303 4282 1535 4350 proinde
1593 4282 1799 4346 omnia,
1859 4296 1979 4349 qua:

414 4373 774 4441 suppeditata:
802 4389 832 4427 a
884 4373 1080 4427 Photio
1132 4375 1529 4442 Anastasioque
1562 4373 1978 4427 Bibliothecario

411 4464 482 4519 de
509 4465 736 4520 Nestore
792 4466 1092 4519 narrationi
1128 4468 1179 4519 in
1241 4465 1663 4536 Metaphrastica
1724 4467 1977 4521 Detnetrii

416 4555 557 4618 Vita,
612 4559 830 4626 aliaque
899 4557 1184 4628 anonymi,
1231 4573 1397 4625 equa
1449 4560 1561 4613 haec
1624 4575 1978 4628 promanasse

418 4648 656 4709 videtur,
692 4653 1156 4717 superadduntur,
1190 4666 1288 4719 pro
1348 4651 1640 4720 ﬁgmentis,
1671 4661 1790 4706 utut
1839 4653 1978 4707 forte

412 4741 597 4803 citius,
633 4757 798 4809 quam
844 4743 1045 4796 sarculo
1078 4757 1223 4797 nono
1256 4742 1363 4812 (adi
1400 4758 1552 4797 num.
1590 4744 1679 4813 45)
1714 4747 1973 4813 inventis,

412 4847 534 4885 cum
590 4830 961 4898 Til‘lemontio,
996 4838 1070 4888 uti
1106 4836 1216 4905 jam
1268 4851 1437 4905 supra
1489 4835 1667 4900 innui,
1727 4838 1976 4893 habenda

410 4938 556 4977 reor.
593 4923 770 4992 Atque
800 4925 927 4980 hinc
949 4929 1110 4980 etiam
1137 4944 1238 4982 nec
1266 4929 1441 4992 illum,
1484 4929 1574 4998 qui
1602 4928 1839 4999 Lymum,
1897 4932 1974 4985 uti

412 5012 463 5064 iu
495 5013 754 5067 omnibus
793 5028 1021 5083 prorsus
1062 5018 1320 5072 Demetrii
1380 5019 1515 5074 Vitis
1566 5033 1659 5073 seu
1698 5018 1972 5074 Passioni-

412 5104 513 5157 bus
546 5106 798 5170 traditur,
849 5107 1115 5176 singulari
1161 5111 1467 5165 ecrtamine
1501 5110 1720 5175 occidit,
1779 5108 1975 5165 Nesto-

340 5232 347 5270 ἶ
408 5208 522 5246 rem
550 5209 844 5250 accensere
875 5196 1091 5252 Sanctis
1143 5201 1344 5263 ausim,
1381 5203 1495 5256 sive
1531 5202 1751 5255 interim
1807 5202 1973 5264 hunc,

342 5290 348 5309 ¹
408 5302 530 5340 cum
580 5287 795 5359 Lyaeum
835 5290 1230 5355 interfecisset,
1291 5294 1640 5363 imperatoris
1694 5294 1973 5363 jussu,uti

407 5395 435 5431 a
493 5378 883 5450 Metaphraste,
941 5397 1323 5454 auonymoque
1375 5386 1466 5455 qui
1525 5387 1651 5440 huic
1727 5386 1975 5455 przeluxit

407 5472 688 5534 ειςεθι-ἱιυτ,
724 5475 844 5527 neci
882 5475 1067 5528 datum
1099 5476 1287 5538 fuisse,
1318 5489 1717 5549 martyremque
1750 5479 1972 5544 Obiisse,

406 5561 560 5625 velis,
596 5564 709 5617 sive
767 5565 1049 5628 diuitum,
1110 5568 1184 5621 uti
1241 5586 1270 5623 a
1323 5570 1511 5623 Photio
1549 5580 1604 5624 ct
1660 5570 1971 5633 Anastasio,

406 5652 500 5722 (tui
533 5668 599 5706 ne
630 5658 853 5725 quidem
907 5659 1192 5715 Nestorem
1225 5660 1590 5716 Christ‘anum
1629 5662 1839 5732 uspiam
1880 5678 1973 5731 ap-

2010 5175 2070 5202 ﬁ

2094 3112 2189 3148 seu
2218 3092 2560 3160 Nicephorus
2589 3102 2899 3145 commenta
2924 3107 3030 3145 non
3058 3108 3180 3145 raro
3210 3094 3443 3161 fideique
3471 3095 3657 3149 admo-

2093 3189 2219 3237 dum
2255 3183 2511 3237 sublesta:
2564 3183 2910 3237 narrationes
2940 3184 3229 3254 adoptasse
3280 3201 3543 3254 suamque
3600 3186 3656 3238 in

2091 3275 2385 3329 Historiam
2425 3276 2836 3343 transcripsisse
2895 3277 3157 3331 noscitur.
3204 3276 3478 3331 Posterior
3529 3293 3657 3332 vero

2091 3383 2186 3421 seu
2217 3366 2482 3419 Baronius
2531 3382 2639 3420 non
2692 3376 2821 3431 tam,
2881 3380 3224 3438 quatitOpcre
3278 3369 3409 3428 sint,
3442 3384 3561 3437 qua:
3592 3369 3656 3422 de

2089 3460 2317 3513 Nestore
2352 3460 2762 3529 approbatoque
2800 3461 2959 3530 hujus
2993 3477 3089 3529 per
3123 3461 3452 3515 Demetrium
3513 3460 3656 3517 facto

2090 3567 2120 3607 a
2150 3540 2853 3635 Metaphrastenarrantur,
2883 3554 3002 3607 fidei
3028 3552 3351 3607 Christiana:
3376 3553 3655 3608 sanctitati

2089 3645 2361 3713 Opposita,
2393 3645 2790 3706 considerasse,
2827 3662 2987 3713 quam
3018 3645 3303 3714 Meuologii
3352 3644 3653 3708 Sirletiani,

2088 3751 2119 3789 e
2150 3750 2256 3804 quo
2282 3746 2499 3790 sanctos
2528 3750 2638 3789 non
2670 3752 2871 3805 paucos
2897 3737 2948 3789 in
2985 3735 3429 3806 Martyrologium
3458 3737 3656 3790 lloma-

2087 3840 2218 3879 num
2278 3826 2483 3886 intulit.
2515 3843 2610 3880 seu
2657 3829 2817 3881 fidem
2878 3844 2972 3881 seu
3018 3828 3422 3888 auctoritatem,
3480 3828 3654 3895 pluris

2087 3924 2273 3979 etiam,
2332 3932 2494 3986 quam
2551 3934 2647 3988 par
2710 3920 2801 3980 sit,
2860 3921 2928 3973 ab
2986 3935 3054 3973 eo
3103 3920 3300 3973 factam
3373 3928 3652 3988 spectasse

2086 4010 2322 4064 videtur.
2356 4010 2513 4076 Quod
2545 4010 2722 4064 sihzec
2748 4010 3375 4079 displiceant,quidnam
3408 4008 3648 4075 tandem,

2084 4116 2192 4171 quo
2220 4101 2510 4157 Baronium
2568 4101 2914 4170 Graecosque,
2950 4101 3042 4170 qui
3076 4117 3173 4170 pro
3225 4111 3417 4155 sancto
3454 4100 3652 4156 Nesto«

2085 4209 2199 4247 rem
2250 4194 2456 4258 colunt,
2498 4196 2761 4249 adversus
2817 4192 3065 4264 Decalogi
3134 4194 3494 4249 homicidium
3555 4209 3651 4249 ve-

2085 4284 2252 4339 tantis
2284 4285 2665 4339 auctoritatem
2716 4284 3283 4352 Christianorumque,
3326 4285 3418 4354 qui
3478 4287 3649 4340 sanati

2011 4362 2058 4421 Ῑ)
2087 4376 2341 4430 Demetrii
2384 4385 2542 4432 (etate
2582 4376 2823 4441 fuerunt,
2852 4393 2883 4431 a
2902 4377 3220 4447 gladiatoria
3270 4387 3386 4431 arte
3407 4377 3650 4446 singula-

2086 4467 2364 4535 ribusque,
2398 4484 2518 4535 quae
2551 4467 2711 4536 hujus
2731 4467 2991 4521 exercitia
3022 4466 3216 4521 acludi
3244 4466 3648 4534 quodammodo

2084 4566 2260 4621 erant,
2300 4559 2585 4613 horrorem
2622 4559 2845 4623 tuearis,
2880 4558 2933 4611 in
2965 4558 3203 4613 medimn
3236 4558 3510 4613 adduces?

2153 4649 2240 4703 50.
2309 4650 2391 4703 An
2461 4651 2601 4703 forte
2662 4650 2727 4704 ad
2786 4651 3119 4721 singularem
3178 4649 3414 4719 Spiritus
3471 4651 3645 4704 sancti

2081 4740 2403 4795 instinctum
2431 4757 2702 4803 recurres,
2728 4758 2923 4810 eoque.
2957 4757 3065 4810 quo
3092 4742 3220 4795 olim
3240 4743 3423 4811 plures
3445 4750 3645 4794 sanctm

2081 4833 2323 4903 virgines
2387 4835 2634 4903 impulsae
2670 4850 2861 4889 necem
2898 4834 3253 4904 sibimetipsis
3315 4832 3646 4887 conscivisse

2081 4924 2356 4995 leguntur,
2391 4925 2675 4981 Nestorem
2703 4942 2765 4979 ac
2802 4926 3137 4980 Demetrium
3202 4923 3404 4993 pariter
3449 4924 3646 4993 impul-

2080 5032 2192 5080 θος,
2251 5016 2479 5071 alterum
2523 5019 2743 5087 quidem
2781 5015 3045 5077 singulari
3093 5015 3393 5070 certamine
3452 5031 3641 5069 necem

2080 5111 2331 5165 intulisse
2362 5109 2543 5180 Lyaeo,
2581 5111 2811 5164 alterum
2852 5110 3052 5164 factum
3116 5108 3256 5161 istud
3316 5108 3645 5176 approbasse

2076 5205 2470 5259 asseverabis?
2499 5204 2721 5267 V'crum,
2752 5212 2875 5257 utut
2905 5202 3165 5271 singulari
3204 5200 3296 5254 Dei
3337 5201 3641 5268 instinctui,

2058 5296 2219 5377 ⁶(ιιιοά
2253 5307 2429 5348 tamen
2452 5295 2630 5348 vocari
2663 5294 2715 5345 in
2749 5294 2970 5347 dubium
3005 5308 3162 5362 posse
3188 5293 3423 5354 videtur,
3466 5294 3643 5346 locum

2080 5389 2171 5442 hic
2206 5403 2325 5441 esse
2376 5387 2618 5455 potuisse
2674 5386 2841 5456 gratis
2872 5385 3035 5439 etiam
3066 5386 3399 5452 dederimus,
3441 5403 3507 5440 ne
3561 5394 3642 5439 ta-

2080 5498 2205 5535 men
2247 5479 2425 5539 facile,
2463 5495 2584 5547 (μιςο
2619 5487 2808 5531 contra
2860 5477 2951 5531 Dei
2985 5478 3158 5548 legem
3216 5488 3342 5532 sunt
3405 5485 3641 5547 patrata,

2080 5574 2287 5640 absque
2319 5571 2518 5625 delicto
2576 5578 2787 5638 patrata
2844 5569 3207 5624 admittuntur
3260 5585 3471 5638 a'qutttn
3520 5583 3640 5622 esse

2080 5662 2313 5727 \idclttr,
2361 5671 2415 5714 ut
2448 5661 2527 5715 vel
2570 5675 2652 5721 eo,
2691 5660 2773 5715 vel
2807 5659 2967 5715 ctiant
2994 5659 3061 5715 ob
3097 5658 3323 5715 rationis
3349 5659 3632 5729 puritatem
