4140 6382
501 304 633 370 1111

1830 317 2471 387 SUPPLEMENTUM.

3638 332 3778 400 1112

500 417 569 472 ad
623 417 990 489 ignorantiam
1026 416 1399 478 inviucibilem
1449 424 1759 497 bonamque
1790 426 1951 483 fidem
1982 445 2075 483 eo-
2105 450 2150 500 Α
2181 433 2353 501 illum,
2385 447 2445 491 ut
2476 453 2638 506 supra
2664 437 2981 502 docuimus,
3012 434 3076 491 ad
3114 434 3241 494 fidei
3277 434 3564 496 veritatem
3594 446 3774 500 addu-

501 523 646 575 rum,
677 508 770 578 qui
825 524 946 578 qua:
1000 512 1253 568 excusari
1298 528 1438 583 opus
1473 516 1681 572 habent
1710 517 2073 583 admiserunt,

498 613 610 652 non
643 609 979 667 recurratur,
1027 602 1136 658 nisi
1165 619 1290 660 cum
1320 606 1482 662 simul
1507 618 1562 664 et
1618 609 1687 665 de
1724 610 1878 676 facti,
1928 612 2075 681 quod

498 692 854 751 excusatione
917 694 1143 767 indiget,
1208 698 1462 768 veritate,
1501 711 1557 758 et
1614 702 1683 759 de
1722 704 1846 770 viri,
1876 706 1964 759 cui
2020 706 2077 761 id

496 782 840 849 attribuitur,
889 790 1186 845 sanctitate
1240 792 1609 864 undequaque
1663 805 1901 852 constat.
1957 797 2075 852 Etsi

497 884 681 931 autem
712 877 781 932 de
813 879 1073 937 Demetrii
1124 884 1346 953 quidem
1402 886 1713 950 sanctitate,
1765 886 1833 942 de
1864 897 2072 943 asserta

501 977 704 1035 tamen,
765 987 871 1042 qua
902 974 1205 1030 ineundum
1261 974 1551 1036 aNestore
1606 991 1798 1035 contra
1854 981 2073 1052 Lyamm

498 1057 774 1129 singulare
802 1071 1086 1118 certamen
1125 1075 1304 1120 ratum
1339 1066 1613 1133 habuerit,
1650 1069 2072 1139 approbatione,

499 1151 644 1216 quod
700 1150 815 1206 haec
865 1153 918 1207 in
955 1152 1400 1225 Metaphrasticis
1449 1160 1724 1226 sublesta,
1788 1169 1849 1214 ut
1908 1178 2075 1233 supra

500 1243 685 1308 docui,
722 1244 846 1300 fidei
880 1247 1038 1312 actis,
1073 1249 1303 1319 aliisque
1333 1252 1613 1322 anonymi,
1638 1268 1669 1306 e
1722 1254 1923 1324 quibus
1961 1255 2076 1309 haec

498 1348 915 1405 promanarunt,
954 1338 1179 1395 fundata
1216 1344 1596 1398 tantummodo
1627 1344 1719 1407 sit,
1756 1347 2071 1416 neutiquam

498 1438 733 1492 constat,
768 1429 844 1484 uti
882 1445 985 1486 nec
1042 1434 1109 1487 de
1140 1431 1415 1492 Nestoris.
1448 1451 1569 1505 qua:
1616 1438 1949 1493 certioribus
1975 1441 2075 1494 do-

498 1520 774 1575 cumentis
805 1520 950 1576 haud
982 1522 1201 1585 nititur.
1242 1526 1556 1582 sanctitate.

569 1609 661 1664 5i.
685 1610 844 1675 Quod
876 1612 922 1667 si
949 1615 1310 1672 nihilominus
1343 1628 1609 1689 quantum
1642 1622 1710 1677 ad
1733 1625 1836 1679 hoc
1865 1634 2077 1695 postre-

501 1716 649 1755 mum
680 1717 747 1757 ex
796 1704 1001 1776 insigni
1048 1709 1213 1779 plane
1243 1711 1412 1777 cultu,
1451 1728 1582 1782 quo,
1638 1724 1699 1770 ut
1726 1717 1959 1778 dictum.
2006 1717 2074 1773 ad

2181 537 2267 581 cta
2303 527 2658 582 multitudine
2699 528 3021 597 imperatori
3066 529 3157 582 isti
3193 528 3579 601 displicuisse.
3612 534 3777 591 facile

2181 620 2413 689 quisque
2454 621 2507 674 in
2541 622 2789 675 animum
2834 621 3079 676 inducet.
3126 621 3237 677 Nec
3270 623 3597 694 quidquam,
3629 629 3775 682 unde

2179 711 2516 766 contrarium
2547 713 2798 783 colligas,
2829 714 2923 782 qui
2957 711 3143 769 Sancti
3175 729 3271 770 seu
3302 713 3480 769 Vitam
3513 732 3611 771 seu
3642 717 3775 773 Pas-

2178 804 2392 858 sionem
2443 805 2496 858 in
2548 804 2760 861 litteras
2810 806 3105 870 miserunt,
3149 808 3533 877 suppeditant.
3587 808 3774 863 Solius

2178 898 2441 970 anonymi
2465 937 2478 962 ,
2505 900 2573 953 ab
2604 900 2897 956 Anastasio
2932 900 3363 956 Bibliothecario
3408 899 3608 956 Latine
3651 903 3775 955 red-

2176 989 2316 1053 diti,
2352 990 2418 1044 ad
2456 1006 2572 1044 rem
2610 992 2752 1045 hanc
2792 1000 3068 1059 utcunque
3100 990 3356 1046 facientia
3389 991 3579 1055 verba,
3615 1006 3762 1060 quae,

2178 1081 2345 1136 simul
2388 1099 2494 1150 qua
2521 1083 2817 1140 occasione
2867 1083 3178 1139 Demetrius
3233 1092 3429 1152 captus
3479 1092 3644 1150 atque
3694 1082 3765 1135 ad

2178 1173 2567 1230 Maximianum
2593 1176 2758 1231 fuerit
2789 1177 3082 1240 adductus,
3109 1184 3416 1244 exponunt,
3436 1175 3773 1243 citandaque

2181 1267 2323 1322 infra
2364 1269 2544 1323 adhuc
2600 1279 2764 1327 sunt.
2809 1270 2917 1323 huc
2979 1269 3309 1324 transcribo.
3359 1267 3452 1323 Sic
3500 1266 3705 1322 habent
3750 1282 3766 1319 :

2185 1379 2203 1410 ι
2240 1360 2375 1415 Cum
2410 1361 2707 1430 imperator
2724 1361 3089 1415 Maximianus
3112 1361 3163 1415 in
3185 1357 3766 1415 Thessalonicensium

2179 1452 2405 1524 degeret
2433 1452 2677 1516 civitate,
2708 1454 2871 1508 homo
2903 1454 3321 1523 superstitiosus
3353 1454 3457 1523 pia:
3488 1453 3771 1523 religionis

2181 1546 2463 1600 auditores
2495 1545 2947 1614 persequebatur,
2980 1554 3039 1599 et
3060 1544 3538 1600 interficiebantur
3563 1546 3629 1598 ab
3666 1560 3766 1597 eo-

2182 1638 2331 1691 lnter
2366 1652 2503 1706 quos
2536 1620 2657 1691 erat
2699 1637 2893 1691 beatus
2926 1636 3255 1701 Demetrius,
3288 1637 3641 1691 manifestum
3683 1635 3767 1690 fa-

2182 1731 2335 1784 ciens
2372 1727 2728 1798 semetipsum
2757 1730 2967 1798 absque
2995 1730 3106 1784 ullo
3142 1730 3361 1795 timore,
3384 1731 3478 1800 qui
3507 1747 3535 1783 a
3575 1730 3770 1800 juven-

498 1793 855 1889 27~0ctobris
906 1799 1051 1854 diem
1107 1803 1253 1873 apud
1313 1804 1534 1861 Graecos
1590 1807 1790 1865 Nestor
1852 1810 2075 1880 gaudet.
2110 1802 2153 1858 Β
2186 1826 2302 1874 tute
2334 1828 2389 1872 et
2419 1793 2778 1887 bona-egerat
2810 1793 3001 1889 opera,
3033 1827 3090 1874 et
3121 1819 3256 1874 alios
3278 1793 3766 1875 docueratIDoce—

498 1886 769 1956 quispiam
802 1889 983 1961 adhuc
1014 1908 1174 1949 secus
1231 1898 1455 1963 sentiat,
1490 1913 1614 1964 nec,
1647 1908 1706 1954 ut
1757 1901 2075 1971 opinionem

501 1989 701 2045 mutet,
735 1996 800 2036 ex
839 1982 905 2037 iis
957 1999 1079 2053 qua:
1113 1986 1180 2040 de
1217 1987 1368 2041 cultu
1430 1991 1811 2047 ecclesiastico
1843 1993 2076 2049 subinde

498 2070 664 2124 etiam
723 2073 965 2143 indignis
995 2078 1140 2147 apud
1198 2078 1419 2134 Graecos
1476 2081 1660 2137 delato
1717 2099 1879 2154 supra
1936 2086 2070 2151 dixi,

499 2171 812 2228 moveatur,
840 2166 1154 2221 meminisse
1179 2168 1332 2223 illum
1356 2160 1539 2234 velini,
1567 2173 1685 2226 fieri
1707 2173 1863 2228 facile
1887 2190 2072 2243 posse,

502 2262 563 2306 ut
591 2253 792 2309 Nestor
818 2256 1111 2325 quispiam,
1144 2276 1172 2312 a
1198 2258 1450 2324 Nestore,
1485 2264 1578 2332 qui
1612 2263 1829 2335 Lyaeum
1885 2268 2075 2338 singu-

503 2344 601 2397 lari
632 2347 938 2401 certamine
992 2348 1293 2417 interfecit,
1351 2354 1667 2422 distinctus,
1704 2357 2010 2427 antiquitus
2044 2375 2075 2413 a

501 2434 706 2492 Graecis
739 2439 922 2495 cultus
960 2439 1146 2507 fuerit,
1194 2454 1365 2513 utque
1404 2446 1627 2513 deinde,
1659 2462 1784 2502 cum
1829 2451 1954 2519 quis
1986 2450 2075 2505 ille

500 2536 650 2584 esset
705 2531 850 2586 haud
896 2533 1032 2588 satis
1085 2534 1380 2591 haberetur
1429 2548 1793 2608 compertum,
1832 2541 1881 2595 ei
1919 2541 2076 2610 lapsu

505 2624 796 2691 temporis,
826 2639 949 2693 quae
1008 2626 1063 2680 in
1098 2628 1365 2684 Photiana
1426 2640 1481 2685 et
1510 2633 1870 2688 Anastasiana
1899 2636 2076 2690 sancti

502 2713 767 2769 Demetrii
796 2714 936 2771 Vitis
988 2734 1085 2774 seu
1119 2718 1478 2777 Passionibus
1513 2723 1792 2793 leguntur,
1827 2726 2076 2783 Nestoris

504 2804 825 2872 gladiatoris
853 2807 1012 2875 Acta,
1039 2809 1315 2879 adjunctis
1364 2816 1786 2883 commentitiis,
1812 2817 1993 2885 qualia
2020 2817 2075 2871 in

503 2893 931 2967 Metaphrastica
968 2899 1157 2956 Sancti
1183 2903 1357 2958 nostri
1390 2902 1534 2970 Vita,
1556 2903 1772 2975 aliaque
1797 2907 2075 2979 anonymi,

502 3004 533 3039 e
569 3003 675 3056 qua
727 2988 844 3044 lucc
887 2990 993 3045 fuit
1052 3002 1333 3059 contexta,
1394 2994 1771 3066 reperiuntur,
1807 3008 1991 3062 aucta,
2044 3016 2075 3053 a

500 3080 726 3145 Graecis,
791 3082 1098 3139 fabularum
1161 3085 1501 3153 amantibus,
1583 3089 1858 3158 simulque
1913 3107 2076 3162 quem

502 3171 784 3228 Nestorem
811 3175 1059 3231 colerent
1111 3189 1387 3248 utcunque
1418 3179 1718 3253 explicare
1772 3182 2079 3238 volentibus

502 3264 709 3319 fuerint
738 3266 938 3322 aliicta.
977 3267 1121 3322 Sane
1151 3285 1262 3325 non
1282 3264 1503 3340 'paucos
1550 3273 1716 3325 etiam
1750 3274 1894 3342 apud
1929 3273 2077 3328 Lati-

503 3372 601 3411 nos
657 3358 911 3413 invenire
941 3372 1028 3415 est
1084 3371 1330 3424 sanctos,
1380 3379 1615 3433 quorum
1662 3365 1926 3420 sanctitas
1958 3368 2080 3437 qui-

446 3472 451 3477 -
502 3450 626 3501 dem
672 3451 907 3504 habetur
963 3462 1268 3523 comperta,
1298 3455 1435 3508 Acta
1464 3463 1651 3509 autem
1683 3456 1844 3524 plane
1869 3458 2078 3513 incerta

501 3550 655 3605 sunt,
687 3541 998 3612 fabulisque
1048 3559 1368 3613 conspersa.
1421 3546 1537 3602 Etsi
1572 3546 1757 3617 itaque
1788 3546 2077 3605 Nestorem

501 3629 746 3699 quidem,
772 3634 864 3701 qui
914 3634 969 3687 in
1003 3634 1270 3690 Photiana
1307 3647 1361 3691 et
1393 3637 1753 3694 Anastasiana
1814 3641 2074 3699 Demetrii

503 3722 862 3779 Passionibus
917 3723 1135 3797 Lyzeum
1198 3729 1461 3800 singulari
1506 3732 1809 3787 certamine
1855 3749 2081 3804 supera-

504 3825 641 3879 tum,
676 3814 949 3873 occidisse
987 3830 1261 3886 narratur,
1292 3837 1392 3891 pro
1450 3834 1645 3878 sancto
1702 3824 1904 3880 habere
1966 3844 2077 3882 non

501 3908 701 3970 ausim,
730 3906 1016 3964 Nestorem
1056 3920 1260 3976 tamen,
1297 3914 1391 3982 qui
1429 3931 1459 3969 a
1495 3915 1699 3971 Graecis
1759 3920 1826 3973 ad
1858 3919 1927 3973 27
1974 3919 2079 3976 0c-

504 3996 677 4054 tobris
706 4000 906 4071 insigni
945 4003 1095 4057 cultu
1128 4003 1385 4071 aﬂicitur,
1420 4022 1451 4061 e
1481 4017 1798 4064 sanctorum
1847 4027 2080 4068 numero

502 4100 653 4145 certo
711 4096 1137 4165 expungendum
1190 4112 1300 4151 non
1385 4098 1615 4166 amrmo,
1673 4102 1774 4156 etsi
1837 4102 2077 4167 interim,

500 4182 754 4248 quisnam
803 4182 895 4239 ille
944 4185 1135 4251 fuerit,
1171 4188 1414 4259 rejectis,
1463 4192 1666 4260 quibus
1698 4193 1900 4248 ibidem
1931 4196 2079 4251 cele-

509 4280 722 4338 bratur,
752 4276 905 4331 Actis
956 4279 1178 4334 edicere
1210 4282 1354 4335 haud
1385 4298 1605 4351 queam.

2185 1911 2283 1966 bat
2312 1912 2481 1977 enim,
2522 1911 2756 1980 qualiter
2790 1912 2973 1967 divina
3005 1912 3288 1983 Sapientia
3319 1912 3665 1967 descenderit
3694 1912 3763 1965 ad

2187 2012 2388 2056 terram
2421 2002 2489 2057 de
2520 2003 2680 2067 casio,
2712 2012 2771 2059 ut
2798 2004 3101 2067 hominem,
3132 2004 3226 2073 qui
3276 2014 3530 2059 mortuus
3583 2002 3761 2057 fuerat

2188 2104 2436 2164 peccato,
2472 2095 2770 2151 vivificaret
2800 2097 3069 2166 sanguine
3112 2099 3357 2166 proprio.
3384 2095 3521 2151 Cum
3564 2097 3679 2151 haec
3709 2105 3765 2148 et

2187 2188 2292 2241 alia
2319 2189 2487 2242 multa
2512 2189 3093 2260 praedicaret,quidam
3121 2190 3358 2244 ministri
3390 2188 3760 2259 imperatoris.

2184 2281 2280 2350 qui
2310 2281 2378 2336 ad
2417 2281 2715 2349 capiendos
2746 2281 3096 2337 Christianos
3123 2280 3346 2336 fuerant
3379 2281 3647 2350 deputati,
3686 2291 3766 2334 te-

2183 2385 2378 2428 nentes
2407 2360 2657 2428 sanctum
2686 2375 3020 2430 Demetrium
3067 2373 3391 2445 imperatori
3447 2373 3765 2429 obtulerunt

2184 2465 2538 2521 Maximiano.
2578 2485 2597 2517 ι

2254 2558 2342 2613 53.
2381 2558 2459 2612 lta
2521 2558 2787 2613 hactenus
2835 2572 3141 2629 anonymus
3182 2558 3368 2614 Sancti
3425 2558 3764 2628 biograpbus

2185 2650 2451 2705 laudatus.
2490 2648 2693 2706 Verum
2729 2651 2859 2719 quid
2888 2650 2958 2706 de
2991 2651 3284 2715 Demetrio,
3316 2666 3442 2706 cum
3480 2652 3549 2705 ad
3594 2651 3766 2704 Maxi-

2185 2741 2425 2795 mianum
2458 2741 2709 2808 captivus
2734 2741 2930 2796 fuisset
2957 2741 3248 2805 adductus,
3279 2741 3521 2811 primum
3559 2741 3607 2795 is
3638 2757 3766 2809 ege-

2187 2835 2432 2902 rit,,non
2483 2837 2744 2903 exponit;
2778 2836 3005 2905 exponit
3034 2844 3238 2898 tamen,
3275 2850 3396 2907 qua:
3438 2834 3583 2904 apud
3621 2832 3767 2887 Pho-

2187 2928 2322 2983 tium
2363 2934 2564 2994 exstat,
2597 2928 2783 2983 Sancti
2816 2928 3010 2984 Passio
3044 2944 3141 2984 seu
3166 2928 3309 2983 Vita.
3338 2926 3538 2991 Verba,
3566 2926 3768 2995 quibus

2185 3020 2239 3075 id
2272 3019 2424 3083 facit,
2459 3019 2577 3075 haec
2608 3027 2781 3074 sunt:
2817 3038 2834 3071 ι
2875 3020 2993 3074 Ibat
3019 3036 3147 3076 vero
3174 3032 3437 3092 tyrannus
3465 3016 3766 3089 (Maximia-

2106 3113 2150 3197 ά
2188 3128 2292 3169 nus
2329 3114 2612 3181 nimirum)
2639 3113 2705 3168 ad
2728 3114 3099 3183 spectaculum
3127 3112 3512 3186 gladiatorum,
3533 3120 3592 3167 et
3616 3126 3763 3166 mar-

2189 3218 2271 3276 tyr
2301 3207 2516 3261 vinctus
2555 3207 2624 3260 ad
2667 3206 2799 3261 illud
2828 3207 3089 3272 stadium,
3125 3206 3272 3276 quod
3305 3220 3475 3276 prepe
3513 3212 3654 3271 erat,
3694 3202 3764 3259 ab

2186 3296 2370 3366 impiis
2418 3295 2685 3351 ministris
2729 3303 2987 3366 tanquam
3017 3296 3365 3353 Christianus
3394 3296 3506 3351 vita
3550 3309 3618 3349 ac
3666 3294 3763 3349 do-

2181 3389 2361 3443 ctrina
2416 3387 2727 3443 adducitur.
2794 3389 2888 3444 llle
2936 3391 3003 3445 ad
3067 3389 3444 3461 spectaculum
3494 3387 3764 3442 festinans

2180 3490 2433 3535 sanctum
2475 3480 2650 3535 virum
2679 3480 2845 3551 jussit
2879 3497 3052 3553 prope
3081 3482 3337 3546 stadium,
3366 3479 3455 3536 cui
3486 3479 3759 3551 publicum

2183 3573 2436 3627 balneum
2472 3574 2717 3629 vicinum
2762 3584 2902 3636 erat,
2946 3576 2998 3628 in
3046 3576 3259 3630 fornice
3303 3573 3591 3631 custodiri.
3642 3592 3660 3623 ι
3701 3571 3761 3627 ιιι

2181 3663 2599 3733 Metaphrastica
2651 3663 2839 3719 Sancti
2885 3664 3039 3728 Vita,
3074 3665 3287 3733 aliaque
3330 3663 3608 3732 anonymi,
3641 3678 3761 3732 qua:

2181 3773 2247 3812 ex
2277 3757 2378 3813 hac
2407 3768 2492 3812 est
2525 3767 2800 3823 contexta,
2830 3759 3091 3813 nonnulla
3116 3758 3506 3813 Maximianum
3540 3761 3685 3810 inter
3708 3764 3763 3808 et

2182 3860 2429 3905 sanctum
2463 3850 2794 3906 Demetrium
2832 3852 3020 3916 verba,
3073 3852 3216 3906 ultro
3260 3852 3531 3920 citroque,
3584 3848 3762 3918 priuso

2182 3957 2343 4010 quam
2387 3940 2477 3995 hic
2510 3942 2657 3996 illius
2686 3942 2845 4014 jussu
2878 3922 3076 3998 fornici
3118 3943 3525 4005 includeretur,
3577 3940 3759 3994 habita

2185 4031 2518 4085 referuntur.
2547 4031 2747 4087 Verum
2779 4043 2891 4088 tum
2920 4033 3039 4089 hzec
3094 4044 3207 4088 tum
3235 4033 3361 4097 alia,
3387 4049 3508 4103 quae
3534 4033 3588 4086 in
3619 4031 3760 4085 binis

2184 4120 2289 4175 illis
2338 4120 2812 4178 lucubrationibus
2857 4133 3189 4190 occurrunt,
3241 4133 3405 4193 atque
3432 4123 3500 4186 ab
3530 4123 3762 4176 Anasta—

2184 4213 2337 4267 siana
2371 4222 2428 4268 et
2472 4214 2738 4269 PhOtiana
2769 4213 2957 4270 Sancti
2989 4215 3126 4271 Vitis
3161 4216 3383 4280 absunt,
3424 4216 3584 4269 fidem
3614 4215 3760 4268 inte-

2185 4320 2359 4371 gram,
2388 4315 2511 4361 utut
2539 4306 2708 4363 etiam
2742 4323 2845 4362 nec
2876 4308 3102 4372 absona,
3155 4322 3259 4363 nec
3307 4320 3439 4361 vero
3487 4304 3760 4360 absimilia

497 4388 526 4458 ᾗ
656 4388 952 4469 Demetrius
976 4395 1206 4463 capitur,
1234 4398 1598 4469 mqrtgrioque
1625 4400 1871 4468 afﬁcitur.
1902 4401 2082 4466 Quan-
2116 4388 2158 4443 ο
2193 4397 2368 4453 videri
2398 4408 2626 4469 queant,
2656 4415 2767 4454 non
2798 4410 3107 4463 merentur,
3149 4408 3341 4469 utpote
3367 4400 3499 4453 satis
3526 4398 3759 4465 antiquo

566 4456 759 4534 donant
880 4456 1107 4529 factum,
1156 4456 1204 4517 ei
1235 4467 1347 4534 quis

1381 4468 1578 4538 Lupus,
1610 4472 1701 4538 qui
1746 4488 1924 4525 servus
1962 4474 2078 4540 ejus

566 4528 728 4596 fuisse
759 4528 976 4594 dicitur,
1001 4528 1283 4590 exstiterit.

569 4643 664 4701 52.
697 4643 975 4701 Miraculis
995 4649 1185 4705 multis
1206 4662 1459 4706 sanctum
1483 4654 1842 4724 Demetrium,
1869 4674 1992 4713 cum
2019 4660 2075 4713 in

502 4736 642 4793 vivis
671 4737 853 4794 adhuc
881 4746 1028 4795 esset
1067 4754 1369 4811 superstes,
1406 4745 1756 4811 inclaruisse,
1783 4756 1837 4801 et
1864 4751 2076 4812 tamen,

500 4838 559 4883 ut
588 4831 905 4900 imperatori
936 4832 1284 4900 Maximiano,
1322 4840 1476 4904 cujus
1510 4836 1665 4910 jussu
1699 4848 1929 4894 necatus
1953 4841 2076 4906 fuit,

496 4922 625 4978 odio
653 4923 947 4991 exstiterit,
982 4942 1090 4983 non
1122 4939 1238 4984 tam
1276 4946 1345 4985 ex
1397 4930 1499 4993 his,
1536 4948 1697 5001 quam
1729 4948 1794 4988 ex
1826 4935 2079 4989 ethnico-

500 5031 642 5083 rum,
668 5033 808 5088 quos
838 5018 905 5074 ad
942 5018 1104 5076 fidem
1145 5021 1514 5077 Christianam
1544 5023 1867 5088 adduxerat,
1895 5028 2089 5091 multi-1

498 5111 690 5165 tudine
719 5110 920 5168 factum
970 5129 1114 5181 esse,
1156 5130 1310 5170 num.
1352 5116 1421 5171 58
1454 5126 1508 5171 et
1550 5133 1703 5188 seqq.
1735 5121 2077 5189 transcriptis

494 5203 734 5258 encomii
769 5204 969 5259 ibidem
995 5204 1218 5274 laudati,
1250 5224 1358 5276 quo
1385 5208 1716 5264 Demetrium
1753 5211 2071 5281 celebravit,

494 5292 680 5349 verbis
727 5312 833 5351 non
884 5299 1117 5355 obscure
1163 5300 1370 5357 indicat
1406 5300 1680 5368 Joannes,
1715 5302 2073 5361 Thessaloni-

493 5388 675 5443 censis
724 5386 1193 5464 archiepiscopus.
1251 5393 1316 5449 Et
1360 5410 1490 5450 vero
1541 5412 1664 5452 cum
1714 5396 2073 5455 Maximianus

489 5497 709 5537 summo
749 5500 884 5539 sane
910 5484 1038 5542 odio
1069 5489 1387 5558 religionem
1418 5489 1786 5547 Christianam
1819 5493 2068 5559 habrret,

494 5573 642 5628 nullo
676 5592 900 5645 prorsus
932 5595 998 5634 ex
1026 5581 1227 5651 capite,
1260 5582 1525 5653 quidquid
1553 5585 1771 5640 interim
1800 5587 1865 5640 de
1891 5596 2073 5656 patra-

492 5665 559 5719 tis
585 5684 614 5721 a
645 5668 846 5727 Sancto
864 5672 1044 5728 adhuc
1067 5673 1283 5731 vivente
1315 5678 1591 5736 miraculis
1622 5680 1711 5744 sit,
1737 5679 2066 5736 Demetrium

488 5760 682 5830 ιυυὸίῆ
723 5779 889 5832 quam
922 5780 987 5821 ex
1022 5768 1225 5841 insigni
1259 5771 1605 5828 ethnicorum
1644 5774 1712 5831 ab
1758 5792 1945 5829 errore
1977 5790 2073 5845 per

2183 4492 2327 4561 quod
2367 4508 2491 4547 eum
2556 4494 2610 4547 in
2671 4494 2835 4549 finem
2882 4494 3256 4564 requireretur
3302 4492 3616 4547 testimonio
3660 4490 3759 4544 de-

2185 4586 2397 4641 stituta.
2430 4585 2599 4642 Porro
2630 4589 2722 4658 qui
2765 4588 2982 4643 tandem
3017 4588 3218 4643 factum
3253 4588 3345 4650 sit,
3376 4597 3435 4640 ut
3484 4586 3748 4645 Sanctus.

2185 4692 2347 4744 quem
2384 4675 2768 4742 Maximianus,
2805 4692 2927 4733 cum
2967 4678 3037 4732 ad
3071 4678 3448 4749 spectaculum
3494 4692 3763 4747 propera-

2185 4776 2290 4832 ret,
2322 4766 2517 4822 fornici
2568 4767 2635 4823 ad
2681 4778 2896 4838 tempus
2940 4768 3178 4838 iusserat
3230 4768 3463 4833 includi,
3512 4766 3760 4835 martyrii

2186 4850 2422 4921 palmam
2475 4852 2680 4907 lanceis
2727 4852 3016 4907 confossus
3059 4852 3329 4916 retulerit,
3389 4852 3447 4906 in
3495 4851 3763 4906 Photiana

2187 4940 2445 4995 Demetrii
2477 4957 2572 4997 seu
2604 4940 2726 4996 Vita
2758 4956 2852 4996 seu
2884 4941 3145 4997 Passione
3168 4943 3318 4998 hisce
3351 4949 3611 4996 narratur
3643 4956 3738 4995 ver

2186 5031 2271 5087 bis
2306 5048 2320 5086 :
2372 5051 2390 5084 ι
2426 5032 2522 5088 llis
2549 5033 2732 5099 dictis,
2764 5035 2818 5088 in
2850 5048 3073 5088 arenam
3106 5031 3325 5105 (Nestor
3354 5033 3637 5100 nimirum)
3668 5034 3762 5088 de-

2185 5124 2454 5180 scendens
2472 5125 2757 5180 confestim
2785 5140 2909 5179 eum
2937 5126 3028 5196 qui
3048 5126 3296 5181 omnium
3318 5125 3528 5197 judicio
3553 5126 3763 5195 primas

2183 5215 2416 5280 ferebat,
2451 5227 2785 5286 prostratum
2820 5218 3066 5285 itecavit;
3103 5218 3199 5273 sed
3245 5218 3382 5273 nihil
3432 5227 3762 5273 consecutus

2184 5321 2269 5366 est
2293 5326 2485 5366 eorum
2507 5327 2625 5382 quae
2646 5310 2943 5366 victoribus
2972 5313 3249 5382 proposita
3280 5321 3470 5378 erant;
3494 5311 3762 5365 intolera-

2184 5405 2278 5459 bili
2313 5420 2441 5461 vero
2466 5405 2651 5460 dolore
2678 5412 2731 5460 et
2771 5405 2849 5459 ira
2879 5415 3171 5475 tyrannum
3205 5405 3519 5476 complevit,
3544 5413 3600 5460 et
3633 5421 3761 5459 sur.

2183 5513 2316 5569 gens
2352 5513 2383 5553 e
2413 5498 2694 5563 cathedra,
2727 5497 2805 5553 ira
2836 5498 3098 5555 incensus
3132 5498 3281 5553 illinc
3312 5499 3512 5568 impius
3537 5498 3761 5554 domum

2184 5591 2436 5647 discedit.
2470 5592 2606 5647 Cum
2635 5608 2763 5647 vero
2797 5593 2870 5646 illi
2903 5593 3122 5661 quidam
3153 5609 3184 5647 a
3214 5593 3491 5648 Demetrio
3523 5602 3762 5662 martyre

2185 5683 2506 5739 nuntiarent
2536 5700 2843 5751 sermones,
2874 5684 3031 5755 quasi
3065 5683 3254 5740 furore
3288 5693 3453 5754 atque
3480 5684 3762 5753 impietate

2188 5776 2396 5844 ebrius,
2443 5778 2715 5848 simulque
2745 5787 2897 5835 ratus
2929 5794 3095 5836 omen
3131 5776 3437 5836 infaustum
3467 5776 3715 5834 oblatum
3744 5815 3760 5842 ,
