4140 6382
513 290 652 355 1115

1807 264 2461 357 δυΡΡιΕΜΕΝΤυΜ.

3648 285 3792 349 1116

505 400 925 475 'Max‘trnianum,
957 410 1062 467 sub
1087 425 1197 479 quo
1223 410 1408 467 Sancti
1449 416 1774 486 martyrium
1793 416 2086 481 collocant,
2114 419 2163 477 Α
2191 410 2546 481 Metaphrasti
2573 408 2844 480 produxit,
2885 407 3153 463 Sanctum
3172 415 3426 463 nostrum
3449 413 3604 467 tunc,
3628 422 3789 469 cum,

514 501 831 556 Herculium
859 504 1022 557 etiam
1057 514 1311 560 vocatum
1347 504 1517 563 fuisse
1549 524 1835 577 perperam
1862 524 2084 564 asseve-

516 604 659 650 rant.
695 595 906 648 Etenim
935 594 1296 653 Maximianus
1325 598 1615 656 Herculius
1651 600 2082 665 Thessalonicae,

517 685 593 739 uti
625 701 692 739 ex
728 686 796 739 iis
824 702 944 754 quae
974 687 1043 743 de
1093 689 1198 745 hoc
1248 691 1578 759 imperatore
1617 692 1999 748 Tillemoutius
2032 696 2087 749 in

514 774 903 841 Imperatorum
940 777 1298 835 Romanorum
1324 782 1565 837 Historia
1600 795 1734 839 tom.
1763 784 1853 847 IV,
1872 785 2085 849 scribit,

519 868 692 932 palam
732 869 811 931 fit,
848 870 1163 925 dominatus
1196 890 1491 943 numquam
1517 885 1644 939 est;
1680 890 1734 929 ut
1770 877 1910 931 adeo
1965 894 2088 932 cum

517 956 751 1011 Sanctus
785 970 934 1015 certo
963 962 1161 1016 ibidem
1198 980 1389 1033 passus
1416 969 1507 1032 sit,
1538 969 1589 1023 id
1627 986 1758 1023 sane
1793 971 1893 1024 sub
1921 970 2089 1023 Maxi-

519 1051 698 1103 miano
741 1050 999 1107 Herculio
1037 1055 1178 1109 haud
1211 1061 1480 1114 evenerit.
1531 1060 1641 1114 Nec
1677 1061 1862 1117 Graeca
1900 1062 2088 1117 Sancti

518 1139 638 1194 Vita
694 1158 723 1195 e
756 1140 936 1213 Leone
956 1145 1154 1199 Allatio
1178 1162 1340 1216 supra
1379 1150 1595 1205 laudata
1624 1152 1818 1222 hisque
1839 1154 2089 1208 inchoata

520 1233 699 1285 verbis
724 1253 736 1285 :
762 1234 889 1286 Ὂτε
926 1236 1234 1306 Μαξιμῖνος
1264 1242 1289 1291 ὁ
1316 1241 1569 1307 βασιλεὺς
1594 1245 1652 1294 ἐν
1676 1247 1738 1314 τῇ
1768 1246 2094 1298 Θεσσαλονι-

519 1325 658 1375 κέωι
698 1325 850 1392 διῆγε
885 1328 1059 1393 πόλει,
1102 1329 1296 1384 melius
1327 1330 1377 1385 id
1412 1334 1512 1386 sub
1548 1332 1843 1388 Maximino
1888 1335 2089 1390 factum

520 1415 733 1475 statuit.
766 1416 928 1486 idque
960 1420 1076 1473 sive
1109 1422 1368 1489 primum,
1406 1424 1520 1478 sive
1564 1427 1871 1482 secundum
1928 1429 2093 1498 hujus

519 1509 759 1561 nominis
794 1510 1174 1577 imperatorem
1207 1515 1599 1584 intelligamus.

591 1598 680 1652 58.
741 1600 1070 1656 Maximinus
1144 1606 1291 1658 enim
1352 1607 1515 1677 hujus
1575 1611 1814 1664 nominis
1886 1611 2095 1680 primus

521 1690 943 1755 Thessalonica,
1013 1710 1299 1768 postquam
1344 1702 1561 1772 imperii
1619 1705 1861 1760 habenas
1910 1723 2096 1763 susce-

2191 503 2388 558 Gothis
2420 500 2798 571 Sarmatisque
2828 499 3059 556 devictis
3084 540 3099 564 ,
3131 496 3497 552 Maximianus
3521 536 3538 559 .
3570 496 3663 566 qui
3697 504 3793 549 ta-

2194 608 2321 647 men
2374 601 2432 646 ut
2479 591 2593 661 jam
2624 591 2812 655 docui,
2851 589 2906 642 in
2947 588 3095 643 binis
3144 587 3254 642 illis
3302 586 3792 640 lucubrationibus

2194 683 2485 738 Herculius
2515 697 2802 753 perperam
2842 691 3096 745 vocatur,
3122 677 3574 735 Thessalonicam
3601 680 3792 733 venis-

2193 788 2299 838 sct,
2322 776 2582 845 martyrio
2614 772 2784 828 fuisse
2811 772 3069 827 ain-ctum
3112 787 3221 825 non
3253 772 3490 827 obscure
3521 773 3789 826 traditur.

2194 868 2306 921 Etsi
2344 877 2531 921 autem
2568 866 2972 936 Metaphrastes
3004 880 3450 937 anonyinusque,
3500 881 3531 919 e
3581 880 3694 935 quo
3734 867 3790 918 is

2194 976 2289 1015 sua
2314 961 2606 1030 decerpsit,
2632 960 2791 1014 [idem
2825 960 3217 1024 indubitatam,
3266 959 3343 1012 uti
3380 973 3445 1013 ex
3471 957 3583 1025 jam
3612 974 3788 1027 supra

2195 1052 2357 1105 dictis
2396 1067 2639 1122 pronum
2672 1059 2756 1107 est
2780 1067 2976 1106 eruere
3001 1093 3015 1114 ,
3052 1051 3285 1105 minime
3321 1050 3411 1105 hic
3440 1062 3789 1109 mereantur,

2195 1161 2304 1198 non
2332 1153 2417 1199 est
2452 1153 2655 1207 tamen,
2677 1159 2774 1197 cur
2798 1144 2941 1211 quod
2971 1144 3059 1198 hic
3089 1159 3187 1213 pro
3216 1157 3481 1213 tempore.
3511 1158 3617 1211 quo
3644 1141 3791 1195 Sau-

2197 1249 2317 1291 ctus
2350 1237 2514 1291 subiit
2548 1236 2869 1306 martyrium
2895 1277 2909 1302 ,
2938 1235 3165 1305 propius
3198 1235 3618 1288 detcrmiuando
3651 1249 3789 1297 sup-

2197 1330 2462 1399 peditant,
2484 1342 2583 1398 pro
2610 1328 2915 1383 verosimili
2946 1329 3141 1382 sultem
3182 1344 3288 1381 non
3324 1327 3615 1382 habeatur.
3640 1325 3785 1382 Cum

2196 1436 2325 1489 ergo
2359 1419 2664 1473 secundum
2704 1418 2825 1472 illos
2855 1417 3087 1472 Sanctus
3122 1434 3188 1474 eo
3219 1426 3490 1487 tempore,
3514 1432 3623 1487 quo
3660 1416 3785 1470 Ma-

2201 1512 2493 1575 ximianus,
2532 1510 2729 1566 Gothis
2763 1510 3144 1580 Sarmatisque
3193 1511 3457 1574 devictis,
3488 1509 3791 1564 Thessalo-

2201 1603 2377 1656 nicam
2416 1604 2605 1668 venit,
2649 1602 2916 1673 martyrio
2966 1602 3132 1656 fuerit
3188 1612 3506 1666 coronatus,
3541 1618 3785 1672 quonam

2200 1697 2288 1749 ille
2318 1706 2560 1765 tempore
2594 1692 2805 1751 Gothos
2837 1695 3229 1765 Sat'matasque
3261 1696 3547 1762 devicerit,
3579 1697 3789 1751 exami-

522 1786 711 1854 pisset,
749 1791 1180 1855 verosimillime,
1218 1794 1296 1847 uti
1340 1810 1403 1849 ex
1438 1797 1502 1851 iis
1533 1812 1654 1863 qua:
1684 1800 1753 1853 de
1784 1815 1849 1853 eo
1890 1816 2093 1855 memo-
2130 1788 2170 1842 Β
2202 1789 2413 1841 "fmus-

522 1878 614 1930 riac
643 1880 859 1946 prodita
891 1881 1272 1951 inveniuntur,
1294 1886 1453 1941 facile
1482 1890 1778 1959 intelliges,
1806 1906 2092 1961 nunquam

522 1968 641 2021 fuit.
679 1969 858 2034 Quare
878 1991 999 2032 Cu'n
1037 1975 1279 2032 Sanctus
1315 1980 1720 2036 Thessalonica:
1748 1985 2091 2055 martyrium,

520 2058 649 2112 dum
676 2061 720 2113 is
750 2063 840 2130 qui
878 2063 1178 2132 imperator
1204 2079 1323 2122 erat
1360 2069 1413 2122 in
1470 2073 1604 2125 urbe
1636 2073 1726 2125 illa
1758 2085 2092 2137 versaretur,

520 2165 585 2205 ex
621 2154 865 2207 omnium
923 2172 1170 2224 prorsus,
1220 2162 1312 2228 qui
1341 2166 1407 2214 de
1442 2179 1500 2216 re
1540 2162 1641 2217 hac
1671 2173 1930 2232 tractant,
1956 2168 2094 2221 scri-

526 2253 741 2311 ptorum
806 2250 1129 2302 testimonio
1210 2252 1464 2315 subierit,
1526 2254 1582 2307 id
1660 2256 1944 2312 enimvero
1994 2258 2096 2313 sub

522 2335 822 2391 Maximino
880 2340 1041 2409 hujus
1102 2343 1345 2399 nominis
1406 2346 1582 2410 primo
1648 2349 1919 2403 accidisse
1983 2367 2095 2405 non

524 2436 746 2496 potest;
779 2431 923 2497 quod
957 2444 1222 2500 praeterea
1260 2452 1329 2488 ne
1364 2449 1662 2503 astruatur,
1701 2441 1930 2509 impedit
1963 2460 2099 2498 una-

523 2521 687 2575 nimis
705 2523 1042 2577 eruditorum
1063 2527 1308 2581 omnium
1346 2529 1552 2597 opinio,
1580 2547 1699 2600 quce
1723 2532 1901 2587 serius
1931 2549 2095 2603 quam

520 2629 668 2667 anno
696 2614 821 2682 240,
853 2632 962 2684 quo
999 2616 1348 2687 Maximinus,
1397 2623 1558 2692 hujus
1592 2625 1833 2678 nominis
1863 2625 2095 2694 primus,

523 2722 553 2762 e
585 2707 722 2761 vivis
754 2712 1014 2778 excessit,
1052 2711 1412 2779 Demetrium,
1448 2714 1570 2771 fuso
1597 2733 1695 2787 pro
1720 2718 1941 2773 Christo
1970 2734 2099 2773 sau-

522 2798 707 2868 guine,
762 2803 1015 2858 retulisse
1069 2806 1314 2875 martyrii
1376 2807 1613 2876 palmam
1664 2811 1878 2865 statuit.
1940 2810 2097 2875 Quod

520 2897 703 2943 autem
734 2892 800 2946 ad
830 2892 1181 2948 Maximinum
1218 2896 1638 2964 hujusnominis
1666 2900 1966 2952 secundum
1987 2901 2098 2969 jam

523 2993 752 3048 spectat,
785 3000 893 3039 non
922 2987 1095 3052 magis
1124 2989 1191 3040 ad
1228 2972 1396 3053 hunc,
1428 3004 1589 3054 quam
1613 2989 1681 3043 ad
1708 2989 2097 3046 Maximianum

525 3072 870 3141 llerculium,
902 3074 1291 3133 Thessalonica
1328 3096 1568 3148 unquam
1603 3083 1891 3151 spectavit,
1928 3083 2003 3137 uti
2034 3100 2099 3139 ex

524 3168 592 3221 iis
656 3185 778 3237 quae
841 3170 1006 3226 deeo
1057 3175 1198 3241 apud
1256 3172 1692 3242 Tillemontium,
1750 3178 1873 3246 plus
1929 3178 2099 3232 semel

520 3261 632 3328 jam
680 3263 981 3327 laudatum,
1043 3266 1099 3319 in
1147 3268 1535 3334 imperatorum
1586 3269 1947 3324 Romanorum
2003 3271 2102 3326 lli-

524 3354 684 3407 storia
720 3364 853 3408 tom.
874 3356 962 3420 IV,
988 3356 1237 3425 aliosque
1266 3359 1563 3428 scriptores
1586 3363 1861 3416 memoriae
1889 3363 2103 3430 prodita

527 3447 731 3514 passim
786 3459 1107 3516 occurrunt,
1151 3452 1507 3507 manifestum
1567 3464 1674 3508 est.
1751 3454 2102 3525 Quapropter

528 3552 630 3591 nec
689 3539 792 3592 sub
842 3539 955 3605 illo,
1010 3542 1086 3595 uti
1130 3559 1195 3598 ex
1253 3543 1365 3611 jam
1407 3544 1572 3599 dictis
1632 3546 1793 3601 facile
1855 3548 2102 3614 colliges,

528 3624 717 3682 Sancti
773 3632 946 3683 nostri
986 3633 1147 3686 statui
1198 3642 1384 3702 potest
1415 3636 1763 3706 martyrium.
1819 3638 1901 3692 Ex
1952 3639 2104 3695 hisce

526 3733 693 3782 porro
742 3723 1002 3778 omnibus
1046 3724 1158 3793 jam
1202 3724 1338 3789 ﬂuit,
1389 3727 1568 3795 primo
1625 3729 1872 3796 quidem,
1930 3741 1991 3787 ut
2048 3733 2104 3787 in

528 3812 747 3868 laudata
774 3830 802 3869 a
843 3815 1032 3872 Leone
1085 3820 1286 3874 Allati'o
1316 3820 1502 3876 Gricca
1560 3821 1821 3878 Demetrii
1869 3823 1983 3879 Vita
2007 3843 2102 3882 seu

528 3903 792 3962 Passione
811 3922 879 3964 ex
912 3919 1098 3965 errato
1124 3910 1327 3967 Graecis
1349 3915 1646 3969 admodum
1675 3919 1976 3982 communi,
1996 3936 2105 3987 quo

530 3997 808 4056 Maximini
855 4012 912 4057 et
949 4002 1262 4059 Maximiani
1316 4008 1539 4062 nomina
1583 4009 1768 4065 solent
1813 4011 2103 4076 confundi,

530 4091 813 4162 Μιξιμῐνος
870 4112 968 4166 pro
996 4097 1342 4167 Μαξιμιανὸς
1362 4116 1662 4170 perperam
1695 4103 1991 4168 scribatur,
2028 4104 2105 4159 uti

527 4184 695 4240 etiam
723 4201 789 4240 ex
823 4188 889 4242 iis
941 4205 1064 4258 qua:
1098 4207 1253 4245 num.
1290 4194 1321 4247 7
1370 4192 1424 4246 in
1460 4192 1698 4247 medium
1732 4195 1935 4249 adduxi
1969 4198 2106 4251 satis

529 4275 739 4345 liquet;
789 4279 992 4336 deinde
1043 4298 1175 4337 vero
1220 4290 1279 4337 ut
1318 4283 1502 4339 Sancti
1542 4286 1717 4338 nostri
1781 4288 2105 4357 martyrium

529 4370 632 4422 sub
664 4369 991 4428 Maximiano
1019 4375 1256 4441 Galerio,
1289 4377 1382 4445 qui
1405 4378 1506 4432 sub
1540 4394 1689 4433 anno
1709 4380 1838 4445 505,
1865 4382 1943 4435 uti
1962 4382 2107 4435 inter

529 4459 775 4515 eruditos
809 4465 973 4519 modo
1006 4466 1286 4531 convenit,
1324 4469 1390 4522 ad
1452 4485 1659 4524 annum
1686 4486 1860 4540 usque
1886 4473 2013 4538 3H,
2053 4474 2105 4528 ei
2139 4486 2185 4543 ι)

527 4555 916 4621 emortualem,
954 4556 1343 4626 imperatorem
1404 4562 1535 4631 egit,
1569 4572 1791 4634 totoque
1824 4566 1918 4619 illo
1964 4550 2109 4622 ten-

532 4660 663 4712 pore
719 4646 1092 4704 Macedoniam
1129 4667 1195 4706 ac
1241 4655 1403 4722 proin
1479 4657 1666 4717 etiam,
1729 4664 1848 4728 Quae
1889 4659 1990 4712 sita
2052 4660 2107 4713 in

536 4739 640 4792 hac
684 4751 792 4803 est,
852 4740 1301 4798 Thessalonicam
1341 4746 1397 4799 in
1431 4757 1702 4815 potestate
1760 4766 1857 4804 sua
1896 4751 2106 4818 habuit,

530 4831 882 4884 statuendum
914 4831 1007 4886 sit.
1044 4834 1241 4888 Verum
1263 4851 1373 4904 quo
1400 4836 1605 4891 Christi
1634 4855 1783 4893 anno
1807 4841 1830 4893 ?

608 4923 699 4979 59.
730 4923 866 4979 Cum
902 4925 1266 4983 Maximianus
1289 4927 1543 4985 Galerius
1577 4948 1726 4987 anno
1758 4934 1851 4987 5H
1897 4935 2005 5005 (adi
2038 4934 2107 4987 ad

534 5015 683 5071 hunc
719 5032 946 5082 annum,
979 5037 1133 5077 num.
1177 5021 1267 5086 i5,
1299 5022 1521 5094 Pagium
1550 5025 1601 5078 in
1637 5024 1865 5092 Criticz's)
1902 5042 1931 5081 e
1969 5026 2105 5082 vivis

532 5109 851 5175 excesserit,
900 5111 1157 5167 Demetrii
1199 5116 1521 5182 martyrium
1557 5117 1693 5170 ultra
1731 5118 1985 5171 eumdem
2009 5133 2109 5171 an-

532 5216 663 5254 num
693 5203 883 5270 nequit
916 5205 1125 5259 diﬂ'erri
1150 5245 1165 5270 ,
1202 5208 1312 5261 imo
1347 5222 1498 5268 vero,
1536 5224 1659 5262 cum
1694 5209 1834 5263 idem
1870 5211 2107 5279 impera-

533 5307 622 5349 tor
671 5306 787 5351 toto
832 5312 978 5352 anno
1022 5300 1128 5353 510
1179 5302 1504 5370 gravissimo
1565 5303 1759 5357 morbo
1800 5303 2063 5357 laburarit
2091 5342 2106 5365 ,

534 5395 798 5456 tuncque,
853 5405 976 5443 cum
1035 5393 1294 5446 Sanctum
1343 5394 1513 5462 jussit
1557 5396 1757 5457 occidi,
1799 5396 2109 5450 valetudine

532 5480 737 5548 optima
791 5493 924 5532 usus
973 5481 1083 5547 sit,
1139 5484 1551 5540 verosintillime
1593 5496 1754 5539 etiam
1798 5501 1925 5541 ante
1966 5487 2111 5540 hunc

534 5585 739 5625 annum
769 5573 931 5626 statui
949 5573 1354 5643 debetzquanto
1383 5587 1561 5633 autem
1592 5591 1837 5649 tempore
1863 5580 2107 5641 circiter,

532 5663 643 5730 jam
670 5679 818 5718 nunc
844 5666 1071 5723 dicenda
1096 5668 1405 5724 verosimile
1438 5682 1715 5740 utcunque
1741 5674 1997 5726 eilicient.
2053 5670 2106 5722 in

537 5753 954 5815 Helauhrastica
984 5759 1171 5819 Sancti
1214 5759 1352 5819 Vita.
1380 5761 1656 5821 alteraque
1682 5764 1957 5820 anonvmi.
1990 5778 2111 5819 uua:

2268 1880 2359 1933 60.
2395 1880 2523 1935 Belli
2553 1881 2817 1936 adversus
2851 1880 3152 1941 Sarmatas,
3180 1880 3386 1949 quibus
3417 1879 3577 1936 Gothi
3599 1880 3781 1950 juncti

2197 1985 2319 2024 esse
2359 1972 2679 2040 potuerint,
2722 1987 2751 2025 a
2783 1970 3115 2026 Maximiano
3146 1970 3368 2026 Galerio
3397 1974 3559 2042 gesti,
3597 1972 3778 2025 victo-

2199 2063 2401 2128 riaeque
2432 2060 2529 2115 abs
2568 2062 2670 2116 hoc
2709 2062 2775 2115 de
2835 2062 2942 2117 illis
2985 2064 3169 2117 relatae
3216 2061 3597 2117 Tillemontius
3640 2073 3776 2118 toni.

2200 2151 2267 2206 ιν
2304 2152 2548 2206 Historia:
2576 2154 2977 2221 imperatorum,
3016 2170 3140 2226 pag.
3171 2154 3259 2221 S9,
3294 2155 3565 2217 meminit,
3595 2154 3778 2208 addit-

2198 2261 2303 2314 que
2335 2245 2533 2299 bellum
2565 2246 2718 2311 illud,
2763 2248 2921 2317 cujus
2946 2248 3097 2309 alibi,
3124 2264 3287 2318 quam
3325 2249 3468 2317 apttd
3504 2247 3772 2301 Zonaram

2198 2346 2249 2391 et
2289 2337 2633 2391 Ammianqu
2686 2337 3090 2406 Marcellinum,
3135 2355 3278 2403 quos
3336 2340 3540 2394 ibidem
3595 2341 3769 2405 citat,

2201 2430 2459 2483 memoria
2486 2445 2595 2483 non
2631 2430 2967 2495 inveniatur,
3006 2431 3088 2486 vel
3120 2447 3265 2486 anno
3295 2431 3400 2487 505
3431 2434 3514 2486 vel
3549 2448 3783 2500 sequen-

2203 2522 2272 2575 tis
2306 2522 2461 2576 iuitio
2510 2538 2633 2577 esse
2680 2524 3028 2590 aliigendum.
3079 2523 3200 2578 iam
3245 2541 3372 2579 vero
3408 2542 3533 2580 cum
3575 2534 3781 2595 prarter

2200 2616 2426 2685 bellum,
2478 2630 2507 2669 a
2556 2616 2911 2672 Tillemontio
2964 2618 3053 2672 hic
3113 2626 3518 2684 memoratum,
3578 2617 3777 2672 bellum

2203 2708 2369 2772 aliud,
2405 2726 2516 2777 (μω
2568 2709 2819 2765 Galerius
2867 2710 3255 2773 Maximianus,
3301 2710 3415 2778 jam
3470 2710 3777 2772 nimirum,

2202 2811 2330 2856 ante
2360 2800 2505 2867 quod
2538 2812 2685 2856 certe
2707 2812 2934 2871 tempus.
2952 2800 3286 2856 Demetrium
3326 2802 3471 2857 haud
3498 2802 3661 2871 jussit
3687 2818 3781 2857 oc-

2202 2894 2333 2955 cidi,
2368 2893 2668 2961 imperator
2699 2901 2940 2959 creatus,
2969 2893 3179 2950 Gothos
3216 2893 3606 2962 Sarmatasque
3637 2894 3782 2947 vice-

2203 2985 2295 3044 rit,
2327 2999 2512 3037 revera
2552 2992 2742 3036 notum
2774 2999 2882 3037 non
2920 2984 3022 3050 sit,
3049 2983 3429 3052 scriptoreque
3454 2983 3570 3045 illo,
3601 2999 3782 3052 quan-

2208 3082 2320 3128 tum
2349 3073 2415 3127 ad
2446 3083 2681 3142 tempus,
2701 3088 2811 3142 quo
2839 3073 3057 3134 bellum,
3091 3072 3252 3142 cujus
3272 3071 3541 3132 meminit,
3565 3079 3777 3140 gestum

2206 3166 2414 3229 scribit,
2452 3166 2707 3220 standum
2738 3166 3009 3225 videatur,
3040 3164 3308 3218 Sanctum
3335 3170 3601 3221 nostrum,
3630 3160 3777 3231 quod

2204 3272 2327 3311 eum
2371 3266 2492 3325 post
2520 3267 2731 3322 gestum
2769 3273 2797 3310 a
2838 3257 3057 3312 Galerio
3093 3255 3421 3310 Maximiano
3451 3264 3640 3308 contra
3672 3250 3780 3306 Go-

2205 3350 2330 3402 thos
2365 3348 2757 3419 Sarmatasque
2795 3350 2996 3404 bellum
3037 3364 3135 3417 pro
3179 3347 3404 3403 Christo
3434 3345 3778 3408 occubuisse,

2205 3440 2598 3510 Metaphrastes
2625 3441 2810 3506 simul,
2841 3449 2901 3496 ut
2944 3442 3055 3511 jam
3092 3440 3321 3503 dictum,
3377 3449 3433 3495 et
3474 3451 3781 3509 anouymus

2205 3533 2297 3602 qui
2328 3534 2376 3586 ei
2410 3533 2663 3601 praeluiit
2709 3534 3020 3587 luculenter
3052 3533 3330 3596 indicent,
3389 3531 3630 3602 martyrii
3667 3529 3783 3594 pal-

2207 3639 2348 3676 mam
2382 3638 2527 3677 anno
2576 3624 2797 3679 circiter
2838 3626 2943 3679 306
2978 3626 3233 3681 retulisse
3259 3623 3571 3679 verositnile
3594 3621 3785 3675 existi-

2208 3730 2317 3781 mo,
2343 3714 2581 3782 hincque
2608 3733 2774 3786 supra
2795 3720 2847 3771 in
2874 3719 3118 3788 margine
3137 3735 3336 3772 annum
3367 3718 3514 3771 illum
3533 3715 3780 3783 ascripti.

2277 3807 2365 3862 61.
2399 3807 2557 3863 Nunc
2588 3809 2750 3863 etiam
2797 3810 2864 3864 de
2909 3811 3017 3873 die,
3051 3826 3162 3879 quo
3206 3810 3462 3870 Sanctus,
3514 3808 3634 3862 fuso
3686 3821 3784 3875 pro

2208 3898 2314 3953 [ide
2339 3898 2654 3955 Christiana
2679 3902 2972 3972 sanguine,
3007 3914 3215 3973 martyr
3237 3900 3586 3964 occubuerit,
3611 3913 3785 3969 pauca

2206 3987 2474 4043 dicamus.
2534 3989 2740 4061 Elogio,
2783 4008 2892 4061 quo
2943 3994 2995 4046 in
3045 3992 3267 4047 Mez'aais
3317 3992 3384 4046 ad
3430 3992 3500 4045 26
3532 3989 3785 4047 Octobris

2206 4078 2350 4134 diem
2382 4092 2631 4148 ornatur,
2665 4093 2963 4151 sequentes
2995 4085 3070 4148 hi,
3105 4086 3159 4140 in
3189 4086 3391 4155 quibus
3422 4085 3488 4139 ad
3519 4082 3784 4153 martyrii,

2207 4174 2352 4242 quod
2391 4176 2579 4240 subiit,
2619 4192 2791 4245 genus
2817 4218 2831 4243 ,
2865 4194 2990 4232 cum
3040 4179 3300 4248 passione
3348 4178 3533 4231 lateris
3582 4174 3784 4231 Christi

2208 4259 2625 4321 Sillliilludillelll
2679 4268 3000 4338 quampiam
3044 4270 3280 4337 habens,
3331 4269 3614 4332 alluditur,
3646 4284 3788 4337 prte-

2211 4357 2510 4411 mittuntur
2539 4359 2795 4415 versiculi
2832 4378 2846 4414 :

2210 4452 2524 4525 é'ﬂjﬁj‘tptov
2557 4453 2819 4525 VUTtOU‘Jt
2855 4454 3075 4524 λόγχαι,
3113 4454 3317 4525 Χριστέ
3354 4470 3479 4525 μον,

2212 4521 2490 4593 Ζηλοῦντα
2524 4522 2769 4590 πλευρᾶς
2810 4521 3177 4593 λογχόνύκτού
3223 4526 3321 4592 σῆς
3347 4521 3575 4586 ἁτάθους.

2212 4592 2446 4663 Εἰκοστῇ
2487 4592 2673 4656 μελίαι
2707 4592 3023 4665 Δημήτριον
3065 4596 3202 4668 ἕκτῃ
3229 4596 3466 4649 ἀνεῖλον.

2211 4682 2438 4738 Priores
2465 4685 2574 4739 duo
2605 4700 2635 4739 e
2669 4686 2948 4751 versione,
2979 4702 3146 4754 quam
3197 4687 3332 4755 ipsis
3371 4685 3645 4752 adaptavi.
3674 4692 3790 4739 ter-

2214 4777 2432 4841 tiusque
2451 4793 2515 4830 ex
2537 4777 2792 4845 adaptata
2818 4778 2867 4831 ei
2896 4793 2925 4830 a
2949 4777 3323 4846 Pupebrochio
3344 4779 3394 4830 in
3422 4775 3790 4847 Ephemeridi-

2213 4868 2307 4922 bus
2329 4868 2733 4924 erca—Moscis
2759 4870 3218 4938 interpretatione
3243 4867 3434 4922 Latine
3461 4872 3530 4920 ita
3557 4875 3785 4921 suriant:

2218 4960 2539 5030 Demetrium
2566 4962 2760 5015 lancem
2791 4962 3117 5030 confodiunt,
3147 4960 3355 5016 Christe
3387 4962 3479 5022 mi,

2214 5029 2520 5101 Passionern
2547 5030 2730 5085 lateris
2764 5033 2862 5093 tui,
2891 5028 3079 5084 lancea
3123 5032 3374 5101 confossi,
3425 5028 3789 5084 (tinnientem.

2225 5100 2418 5156 Vicena
2446 5113 2493 5156 et
2528 5112 2674 5157 sexta
2707 5102 3013 5179 Demetrion
3041 5103 3193 5165 hasta
3222 5100 3458 5169 peremit.

2216 5195 2450 5250 Sanctus
2485 5195 2669 5264 itaque
2704 5194 2960 5251 vicesima
3001 5204 3153 5248 sexta
3186 5193 3438 5249 Octobris
3470 5192 3559 5247 die
3585 5200 3789 5261 marty-

2216 5289 2358 5343 rium
2400 5288 2640 5343 subiisse
2702 5287 2755 5341 in
2812 5286 3035 5343 Menaeis
3078 5286 3370 5341 asseritur.
3431 5283 3548 5339 Etsi
3606 5292 3791 5338 autem

2215 5378 2419 5435 Mena'a
2448 5380 2607 5435 ﬁdem
2643 5388 2853 5434 certam
2879 5418 2894 5443 ,
2928 5380 3005 5434 uti
3033 5380 3171 5434 satis
3200 5387 3387 5433 notum
3414 5388 3519 5441 est,
3556 5378 3609 5431 in
3638 5376 3791 5431 simi-

2214 5473 2356 5530 libus
2408 5474 2549 5527 liaud
2600 5485 2935 5536 mereantur,
2976 5473 3065 5525 ilia
3100 5482 3282 5525 tamen
3326 5470 3416 5525 hic
3455 5478 3608 5526 certo
3657 5469 3791 5524 falsa

2215 5580 2337 5622 esse
2369 5582 2684 5621 asseverare
2718 5584 2825 5621 non
2872 5566 3068 5621 ausim.
3095 5563 3201 5619 Nec
3222 5572 3327 5627 est,
3352 5562 3496 5632 quod
3531 5577 3789 5631 reponas,

2218 5662 2548 5715 Demetrium
2586 5660 2639 5714 in
2683 5659 3071 5730 Mattyt‘ttlogiu
3107 5657 3390 5719 Romano,
3430 5665 3544 5710 tum
3600 5656 3789 5719 veteri,

2216 5764 2328 5808 tum
2362 5752 2629 5809 hodierno
2659 5754 2723 5807 ad
2757 5754 2787 5806 8
2819 5752 3072 5807 Octobris
3103 5752 3244 5805 diem
3294 5748 3600 5816 celebrari,
3630 5749 3791 5817 idque
