4142 6380
392 279 529 340 ΗΠ

1440 282 1496 343 S.
1543 283 1921 343 DEMETRH
1969 284 2363 345 MARTYRIS
2401 285 2608 344 ACTA.

3514 277 3652 343 1118

387 391 555 439 etiam
588 386 641 439 in
674 384 797 439 aliis
824 386 1102 453 omnibus,
1138 388 1232 458 qui
1270 386 1528 442 Demetrii
1559 392 1927 446 meminerunt
1959 435 1972 459 ,
2006 400 2047 454 Α
2080 395 2255 451 Solide
2305 397 2637 451 conlirmare
2680 405 2903 463 queam.
2943 389 3129 456 Quare
3189 387 3375 451 illam.
3416 389 3653 443 maxime

391 481 714 533 Latinorum
753 477 934 534 Fastis
968 481 1140 534 sacris
1169 479 1309 535 fieri.
1343 480 1459 536 Etsi
1508 482 1652 535 enim
1683 483 1734 535 id
1770 484 1842 537 ita
1878 485 1968 550 sit,

393 570 447 623 bi
485 581 730 631 sanctos,
762 569 839 623 uti
875 570 1132 624 omnibus
1166 569 1399 625 eruditis
1423 581 1763 639 compertum
1805 574 1972 628 hahe-

395 674 506 725 tttr,
536 678 642 716 non
670 677 891 730 semper
915 662 983 716 iis
1015 663 1232 728 diebus,
1267 666 1469 735 quibus
1496 665 1643 720 felici
1675 667 1830 722 obitu
1877 668 1978 721 mi-

395 766 629 825 grarunt
661 754 728 809 ad
756 754 1073 818 Dominmn,
1107 756 1388 811 celebrare
1422 758 1618 820 solent,
1650 774 1755 814 nec
1784 762 1876 829 qui
1910 776 1976 815 ex

396 847 507 902 illis
541 852 791 900 sanctum
827 845 1164 900 Demetrium
1195 856 1389 903 octava
1420 847 1676 905 Octobris
1704 849 1793 904 die
1826 865 1980 905 reco—

397 938 537 1002 lunt,
573 941 672 990 hac
700 935 851 990 illum
885 937 1149 1006 martyrio
1183 935 1355 992 fuisse
1385 951 1708 994 coronatum
1761 940 1976 1009 uspiam

398 1037 745 1083 asseverant.
798 1026 1058 1081 Sanctum
1095 1029 1275 1098 itaque
1309 1045 1409 1100 pro
1441 1028 1663 1085 Christo
1700 1030 1771 1085 26
1816 1030 1979 1085 Octo-

400 1121 520 1175 bris
549 1120 638 1174 die
670 1119 846 1189 rripsa
883 1120 1247 1187 occubuisse,
1280 1122 1428 1176 omni
1461 1138 1686 1192 prorsus
1722 1121 1981 1192 probabi-

404 1213 556 1268 litate
605 1227 797 1267 carere
846 1228 953 1265 non
1007 1213 1239 1279 videtur,
1273 1215 1375 1268 etsi
1424 1215 1644 1270 interim
1698 1232 1795 1282 pro
1827 1226 1980 1270 certo

406 1303 719 1371 neutiquam
756 1302 931 1370 possit
960 1301 1172 1368 haberi,
1209 1302 1355 1372 quod
1392 1303 1446 1357 in
1479 1303 1800 1359 sufﬁcientis
1834 1305 1978 1359 anti-

408 1395 633 1464 quitatis
666 1393 900 1462 ﬁdeique
929 1393 1277 1450 documentis
1315 1395 1603 1449 fundatum
1643 1412 1751 1451 non
1783 1396 1874 1452 sit.

475 1485 565 1538 6‘2.
594 1483 863 1538 Caeterum
898 1485 1004 1537 alia
1034 1500 1145 1537 non
1181 1494 1501 1555 suppetunt,
1526 1486 1727 1555 quibus
1777 1502 1981 1541 annum

406 1590 469 1628 ac
503 1575 675 1641 diem,
725 1589 836 1644 quo
875 1574 1112 1628 Sanctus
1145 1576 1389 1646 martyrii
1424 1575 1657 1644 palmam
1710 1578 1980 1643 retulerit,

406 1669 790 1726 determinem.
827 1668 907 1722 Ad
942 1667 1014 1731 id,
1053 1668 1199 1738 quod
1236 1668 1645 1722 discutiendum
1684 1670 1866 1725 adhuc
1897 1671 1985 1725 hic

406 1769 513 1823 est,
549 1762 656 1829 iam
689 1760 1029 1830 progredior.
1060 1760 1117 1813 In
1144 1759 1583 1829 Hetaphrasticis
1609 1762 1794 1817 Sancti
1815 1763 1984 1828 Actis,

410 1853 649 1919 quibus.
706 1866 827 1919 qua!
880 1866 1208 1921 anonymus,
1264 1851 1638 1922 Metaphraste
1686 1855 1986 1923 antiquior,

413 1941 785 2003 concinnavit,
817 1951 1125 1996 consonant
1151 1982 1166 2008 ,
1203 1943 1449 2013 martyrii
1492 1958 1521 1996 a
1561 1943 1763 1997 Sancto
1801 1954 1989 1999 nostro

415 2034 629 2090 tolerati
657 2033 958 2087 narrationi
990 2034 1277 2104 sequentia
1308 2034 1619 2089 subdantur
1648 2052 1662 2089 :
1705 2053 1722 2087 ι
1755 2034 1991 2102 Quidam

412 2145 480 2181 ex
512 2126 696 2181 Sancti
745 2126 1024 2195 (Demetrii
1060 2127 1280 2196 nempe)
1345 2126 1566 2183 famulis
1617 2137 1771 2183 stans
1822 2145 1991 2199 prope

413 2234 563 2282 cum,
601 2220 819 2287 quando
849 2218 1062 2271 beatam
1097 2218 1241 2272 illam
1276 2218 1445 2273 subiit
1488 2220 1719 2281 czedem,
1746 2236 1895 2283 cum,
1933 2229 1993 2275 ut

415 2310 616 2381 potuit,
654 2310 898 2364 divinum
926 2310 1081 2364 illum
1116 2310 1440 2381 sanguinem
1473 2311 1782 2382 collegisset
1816 2313 1870 2365 in
1904 2327 1992 2367 sa-

413 2420 506 2460 cro
542 2402 800 2473 martyris
842 2404 1303 2473 superhumerali,
1338 2412 1393 2458 et
1427 2419 1587 2472 quetn
1624 2419 1785 2457 manu
1817 2416 1995 2475 gesta-

413 2496 530 2562 bat,
562 2496 826 2550 annulum
861 2494 1185 2563 accepisset,
1213 2506 1268 2549 et
1296 2495 1553 2565 martyris
1582 2497 1849 2563 sanguine
1881 2498 1990 2550 tin-

414 2589 607 2651 xisset,
654 2601 749 2655 per
778 2586 892 2655 ipsa
934 2585 1165 2640 faciebat
1214 2586 1449 2654 plurima
1486 2586 1771 2641 miracula.
1803 2587 1992 2657 Neque

416 2688 532 2731 crat
567 2678 713 2733 ullus
745 2678 995 2741 morbus,
1021 2691 1198 2746 neque
1228 2678 1406 2733 malus
1432 2677 1646 2732 dtemon
1671 2687 1781 2732 tam
1810 2678 1991 2744 fortis,

414 2773 553 2842 quin
571 2773 789 2834 statim,
823 2769 868 2824 si
899 2770 1046 2823 illius
1064 2769 1289 2824 fecisset
1327 2772 1656 2840 periculum,
1679 2778 1991 2840 superaret,

417 2866 555 2919 adeo
591 2872 650 2916 ut
686 2863 777 2916 tali
815 2864 957 2915 fama
984 2863 1373 2919 miraculorum
1413 2864 1745 2919 incoleretur
1779 2875 1890 2920 tota
1914 2866 1993 2918 cio

420 2958 558 3012 vitas
599 2953 1202 3009 Thessalonicensium.
1252 2955 1520 3021 Quocirca
1555 2972 1655 3009 nec
1702 2966 1819 3010 erat
1854 2971 1991 3011 con-

418 3056 746 3103 scntaneum
773 3061 835 3100 ea
862 3046 1032 3100 latere
1058 3044 1445 3101 Maximianum
1472 3089 1488 3115 ,
1522 3063 1623 3102 nec
1654 3047 1797 3102 ferre
1836 3062 1996 3117 posse
2021 3062 2066 3123 ρ

419 3139 678 3193 invidiam
705 3152 721 3204 ;
761 3147 817 3194 et
852 3138 975 3193 ideo
1002 3140 1217 3210 capitur
1242 3142 1490 3211 protinus
1514 3141 1773 3205 famulus,
1801 3140 1995 3194 horum

421 3232 689 3286 bonorum
719 3242 1060 3302 procurator,
1083 3245 1133 3287 et
1155 3234 1504 3289 interficitur.
1532 3234 1800 3288 Tribunal
1823 3234 1995 3298 locu~',

422 3326 478 3379 in
513 3340 620 3394 quo
648 3325 751 3378 fuit
781 3326 1033 3391 occisus;
1066 3325 1251 3396 Lupus
1283 3339 1465 3384 autem
1502 3329 1802 3384 vocabatur
1836 3342 1997 3396 egre-

423 3413 544 3486 gius
576 3413 668 3467 ille
694 3412 952 3468 famulus.
995 3432 1012 3465 ι

492 3505 583 3560 63.
617 3505 848 3575 Maiores
880 3508 1056 3561 nostri
1080 3508 1147 3562 ad
1180 3508 1327 3562 diem
1357 3509 1426 3562 25
1462 3509 1712 3581 Augusti,
1736 3524 1844 3577 quo
1875 3524 2000 3562 sau-

423 3609 549 3656 ctus
589 3598 777 3668 Lupus
813 3616 909 3654 seu
951 3601 1173 3670 Luppns
1204 3614 1442 3671 martyr,
1478 3600 1865 3672 Martyrologio
1891 3600 2001 3653 Ro-

425 3709 610 3759 mano,
649 3692 1221 3749 Menwis~Grarcorum
1253 3695 1475 3748 excusis
1503 3734 1516 3757 ,
1554 3693 1860 3765 Menologio
1888 3695 2003 3748 Sir-

422 3786 648 3851 lutiano,
681 3785 913 3854 aliisque
942 3801 1050 3839 non
1106 3786 1269 3839 modo
1314 3785 1632 3840 Graecorum
1685 3802 1747 3839 ac
1778 3786 2003 3840 Latino-

424 3894 568 3941 rum,
602 3877 695 3931 sed
727 3883 782 3931 et
817 3876 1046 3929 aliarum
1085 3878 1367 3931 nationum
1397 3875 1577 3933 Fastis
1606 3877 1779 3931 sacris
1805 3878 2001 3931 inscri-

426 3969 596 4033 liitur,
628 3983 758 4020 num
795 3976 1017 4021 sanctus
1050 3968 1137 4021 hic
1167 3977 1370 4037 martyr
1402 3972 1525 4019 cum
1560 3966 1714 4036 Lupo
1740 3966 1795 4020 in
1825 3968 2001 4022 sancti

426 4058 688 4114 Demetrii
724 4059 875 4114 Actis
901 4073 996 4126 per
1025 4058 1187 4112 verba
1216 4059 1327 4128 jam
1362 4075 1509 4112 nunc
1544 4060 1768 4113 recitata
1793 4075 2004 4114 memo-

428 4159 547 4205 rato
584 4167 729 4205 unus
792 4150 1051 4220 idemque
1110 4149 1177 4203 sit
1219 4151 1580 4220 inquisivere.
1614 4152 1691 4205 Ac
1733 4152 2005 4206 verisimi-

425 4242 534 4297 lius
581 4241 801 4310 quidem
835 4241 971 4310 ipsis
1018 4241 1194 4295 visum
1232 4254 1353 4306 est,
1399 4242 1613 4311 Lupum
1666 4253 2003 4313 martyrem,

425 4333 606 4387 Fastis
637 4334 812 4388 sacris
845 4334 911 4387 ad
940 4334 1148 4387 dictum
1186 4333 1330 4387 diem
1375 4335 1666 4398 insertum,
1699 4351 1823 4390 cum
1854 4336 2009 4405 Lupo

2074 489 2221 560 quod
2262 488 2529 542 ambobus
2558 486 2667 540 illis
2697 482 2915 539 Sanctis
2961 479 3246 536 famularis
3296 493 3392 534 seu
3437 480 3652 535 servilis

2074 560 2340 642 conditio,
2360 579 2553 633 titulus
2582 575 2851 647 martyrii,
2878 586 3213 642 nomenque,
3238 586 3347 641 quo
3392 580 3655 626 vocantur

2076 672 2185 726 sint
2217 672 2553 733 communia,
2585 687 2688 727 nec
2720 672 3046 743 quidquam,
3078 667 3225 741 quod
3258 682 3357 723 eos
3391 676 3542 721 certo
3573 665 3655 721 tli-

2076 764 2436 834 stinguendos
2460 766 2704 828 suadeat,
2725 766 2939 834 uspiam
2960 770 3239 828 occurrat,
3259 759 3650 820 verosimilem,

2010 908 2017 915 ,
2086 853 2198 906 into
2231 851 2481 922 opposita
2516 853 2989 917 verosimiliorem,
3019 867 3142 906 cum
3163 850 3326 904 dictis
3357 845 3657 915 majoribus

2080 945 2286 1001 nostris
2317 946 2675 1013 pronuntiare
2698 954 2993 1000 contentus
3015 941 3043 1014 ς
3063 944 3195 998 huic
3222 942 3382 996 tinem
3409 941 3654 1007 impono.

2082 1058 2110 1130 §
2140 1058 2223 1112 VI.
2264 1058 2453 1112 Sancti
2480 1059 2733 1111 memoria
2772 1058 2827 1110 in
2847 1054 3262 1130 AFastisusacris,
3295 1049 3659 1130 cultusyccle-

2153 1130 2433 1189 siasticua,
2477 1143 2578 1195 quo
2629 1126 2912 1179 universim
2958 1126 3211 1194 hodieque
3248 1121 3391 1189 apud
3450 1118 3659 1174 σταται

2152 1203 2366 1270 gaudet,
2393 1207 2551 1266 atque
2589 1196 2713 1249 olim
2754 1196 2851 1265 [uit
2887 1195 3123 1265 gavisus.

2153 1313 2242 1368 64.
2260 1312 2373 1366 Etsi
2399 1313 2616 1375 quidem
2640 1309 2829 1364 Sancti
2854 1325 2962 1363 non
2989 1310 3168 1379 pauci,
3190 1307 3391 1377 quibus
3406 1304 3662 1360 Demetrii

2083 1422 2282 1460 nomen
2310 1405 2495 1468 fuerit,
2518 1414 2629 1457 tum
2663 1407 2717 1457 in
2753 1402 3060 1468 majoribus
3077 1401 3217 1468 apud
3238 1398 3661 1460 Florentinium,

2085 1506 2201 1551 tum
2237 1497 2292 1550 in
2329 1496 2635 1549 minoribus
2666 1509 2761 1548 seu
2788 1491 3273 1554 contractioribus,
3313 1504 3432 1559 qua!
3457 1488 3526 1541 ab
3560 1489 3663 1541 hoc

2089 1587 2322 1656 aliisque
2369 1586 2586 1655 vulgata
2629 1593 2803 1650 sunt,
2853 1582 3294 1652 llieronymianis
3334 1581 3664 1649 apographis

2088 1681 2338 1749 inscripti
2383 1680 2448 1733 ad
2498 1679 2744 1732 diversos
2795 1678 2924 1732 anni
2963 1678 3079 1731 dies
3125 1680 3437 1737 occurrant,
3482 1671 3666 1725 nullus

2093 1782 2271 1824 tamen
2297 1784 2392 1822 eos
2416 1769 2558 1822 inter
2584 1775 2690 1832 est,
2728 1767 2821 1837 qui
2850 1768 2933 1820 vel
2965 1768 3031 1819 ad
3063 1766 3208 1818 hunc
3242 1763 3411 1825 diem,
3456 1761 3666 1814 Sancto

2089 1872 2287 1917 n0str0
2315 1862 2457 1929 apud
2489 1860 2712 1914 Latinos
2756 1873 2974 1913 sacrum
3000 1898 3017 1924 ,
3044 1858 3126 1911 vel
3161 1855 3229 1910 ad
3272 1855 3343 1908 26
3389 1852 3665 1918 Octobris,

2091 1954 2267 2011 eidem
2300 1952 2439 2021 apud
2475 1950 2692 2005 Graecos
2715 1950 2978 2025 dicatum,
3000 1947 3331 2010 celebretur,
3354 1954 3451 2000 aut
3470 1945 3660 1999 saltem

2093 2063 2236 2103 unus
2272 2046 2525 2114 idemque
2556 2056 2584 2096 e
2633 2042 3044 2096 characteribus
3079 2039 3281 2108 quibus
3317 2038 3670 2106 distinguitur

2092 2156 2218 2195 cum
2258 2137 2537 2192 Demetrio
2585 2147 2772 2189 nostro
2820 2143 2937 2188 tuto
2988 2137 3160 2203 possit
3198 2131 3388 2186 statui.
3420 2131 3621 2184 Verum
3649 2170 3665 2191 ,

2092 2229 2343 2301 quamvis
2380 2228 2554 2289 forte,
2594 2227 2673 2277 uti
2727 2222 2853 2277 inde
2898 2221 3280 2288 consequitur,
3334 2219 3511 2273 Fastis
3565 2218 3671 2272 illis

2094 2322 2289 2382 sacris,
2315 2321 2405 2389 qui
2444 2318 2671 2387 reliquis
2696 2315 2955 2370 omnibus
2985 2312 3332 2382 antiquiores
3369 2312 3668 2371 habentur,

2097 2414 2334 2468 Sanctus
2368 2418 2558 2464 noster
2596 2407 2850 2477 nuspiam
2895 2404 2965 2460 sit
3018 2405 3257 2459 insertus
3280 2443 3295 2468 ,
3330 2418 3456 2458 eum
3491 2415 3672 2455 tamen

2094 2521 2195 2575 pro
2268 2504 2472 2557 Sancto
2520 2500 2827 2569 antiquitus
2884 2496 3129 2551 habitent
3182 2495 3350 2549 fuisse
3404 2494 3718 2562 hodieque-

2096 2596 2283 2651 ltaberi
2313 2595 2394 2648 vel
2426 2592 2757 2662 multiplices
2791 2591 2957 2646 etiam
2992 2590 3323 2651 ostendunt.
3387 2590 3442 2640 in
3472 2586 3673 2655 quibus

2096 2691 2426 2751 celebratur,
2478 2687 2755 2743 variarunt
2798 2684 3120 2745 nationum.
3162 2682 3258 2751 qui
3300 2680 3368 2734 ab
3398 2678 3675 2748 Hierony-

2097 2780 2296 2835 miauis
2324 2787 2457 2834 sunt
2488 2775 2758 2837 distincti,
2788 2773 2933 2827 Fasti
2980 2772 3123 2826 sacri
3151 2781 3263 2824 tum
3309 2769 3673 2837 antiquiores,

2096 2887 2201 2927 nec
2256 2872 2487 2926 multum
2529 2869 2854 2938 antiquitate
2904 2862 3349 2935 Hieronymianis
3388 2861 3674 2922 cedentes,

2098 2972 2212 3018 tum
2245 2963 2410 3016 etiam
2444 2961 2625 3015 minus
2656 2961 2886 3028 antiqui.

2172 3056 2260 3111 65.
2316 3055 2393 3108 Ac
2441 3053 2619 3122 primo
2670 3051 2914 3119 quidem,
2948 3060 3007 3102 ut
3055 3064 3083 3101 a
3120 3044 3300 3100 Fastis
3355 3042 3679 3098 Latinornn

2102 3147 2276 3203 sacris
2315 3142 2709 3201 enumerandis
2761 3142 2958 3196 ducam
2995 3139 3240 3199 initium,
3277 3134 3591 3190 Demetrius
3624 3134 3678 3185 in

2103 3238 2489 3310 Martyrologio
2522 3235 2769 3289 Romano
2802 3248 2971 3299 parvo
2998 3247 3095 3286 seu
3126 3229 3321 3291 veteri,
3355 3227 3503 3298 quod
3535 3226 3682 3296 paris

2101 3327 2217 3381 fere
2247 3342 2371 3379 cum
2408 3322 2810 3393 Martyrologio,
2842 3320 2987 3389 quod
3026 3320 3203 3373 sancti
3235 3316 3550 3388 Hieronymi
3588 3332 3684 3370 no-

2103 3418 2251 3473 mine
2278 3414 2688 3475 circumfertur,
2760 3411 3051 3466 vetustatis
3080 3420 3358 3468 censetur.
3391 3408 3550 3461 hodie
3581 3422 3682 3460 an-

2104 3511 2388 3565 nuntiatur
2418 3506 2776 3577 paucishisce
2803 3506 3018 3559 verbis:
3057 3520 3074 3553 t
3114 3500 3546 3560 Thessalonicae,
3580 3499 3684 3552 Dc-

2104 3602 2282 3657 mctrii
2324 3600 2601 3670 martyris.
2645 3616 2663 3648 ι
2705 3597 2966 3651 Sanctum
3028 3610 3211 3664 porro,
3246 3608 3277 3647 e
3314 3592 3685 3646 vetustissimo

2106 3696 2213 3747 isto
2233 3690 2621 3760 illartyrolo-éio
2653 3699 2965 3755 acceptum.
2992 3685 3110 3738 Atio
3142 3683 3378 3753 primum
3398 3697 3461 3735 ac
3488 3680 3688 3738 deinde

2105 3801 2171 3839 ex
2230 3785 2333 3838 hoc
2391 3781 2677 3835 Usuardus
2730 3790 2786 3833 et
2841 3776 3147 3835 Notkerus,
3220 3774 3486 3843 antiquis,
3547 3788 3689 3841 quos

2106 3875 2365 3929 classicos
2419 3887 2701 3932 vocamus,
2761 3866 3136 3937 Martyrologis
3168 3865 3431 3919 accensiti
3471 3877 3687 3927 omnes,

2108 3967 2163 4020 in
2196 3964 2579 4035 Martyrologia
2620 3977 2650 4015 a
2690 3976 2750 4015 se
2788 3960 3113 4014 concinnata
3166 3956 3232 4009 ad
3289 3955 3435 4009 hunc
3478 3955 3688 4024 pariter

2109 4067 2365 4112 octavqu
2403 4054 2659 4109 Octobris
2726 4053 2872 4106 diem
2941 4050 3271 4112 intulerunt,
3330 4047 3690 4115 quodetiam,

2109 4150 2212 4204 etsi
2250 4148 2490 4209 interim,
2554 4160 2662 4216 quo
2692 4143 3062 4198 determinato
3097 4141 3236 4195 duce
3271 4155 3405 4194 usus
3457 4139 3548 4192 hic
3598 4141 3690 4201 sit,

2113 4239 2257 4293 haud
2291 4238 2513 4302 sciatur,
2570 4234 2997 4289 Wandelbertus
3031 4231 3182 4296 fecit,
3222 4232 3276 4285 iu
3315 4231 3541 4285 metrico
3593 4245 3697 4283 suo

2114 4331 2500 4402 MartyrolOgio
2552 4328 2894 4383 Demetrium
2959 4323 3126 4379 hodie
3156 4324 3229 4377 ita
3255 4322 3585 4377 celebrans:

428 4424 606 4478 sancti
642 4423 897 4478 Demetrii
929 4422 1155 4487 famulo,
1188 4424 1280 4492 qui
1308 4423 1361 4477 in
1390 4424 1555 4486 huius
1583 4427 1735 4481 Actis
1769 4442 2007 4481 comme-
2040 4437 2083 4492 υ
2184 4450 2379 4503 οειαυο
2405 4456 2529 4499 ante
2563 4443 2715 4502 ldus,
2778 4440 3013 4493 Demetri
3045 4446 3246 4501 sancte,
3279 4435 3476 4495 bearis,

429 4528 696 4579 moratur,
745 4530 911 4569 unum
947 4530 1070 4569 esse
1104 4522 1267 4583 atque
1305 4514 1582 4571 eumdem.
1631 4514 1834 4571 Verum
1882 4532 2004 4572 cum

427 4609 586 4668 nihil,
625 4623 735 4680 quo
767 4610 907 4664 hanc
937 4624 1092 4662 suam
1128 4608 1441 4675 Opinionem
1494 4616 1578 4661 sat
1624 4608 1855 4664 lirmiter
1895 4618 2011 4663 sta-

425 4703 672 4762 bilirent,
700 4711 1035 4770 suppeteret,
1072 4716 1183 4754 rem
1217 4699 1531 4754 accuratius
1558 4701 1625 4755 ad
1662 4701 1806 4755 hunc
1840 4701 2007 4765 diem,

428 4797 471 4847 si
519 4792 648 4861 quid
694 4792 902 4845 interea
939 4790 1078 4846 lucis
1110 4791 1415 4862 aﬂ‘ulgeret,
1466 4790 1887 4846 esaminandam
1924 4809 2011 4846 re-

430 4888 653 4940 misere.
672 4884 743 4940 Ut
776 4883 982 4953 itaque,
1004 4884 1147 4953 quod
1172 4884 1482 4939 faciendum
1507 4884 1581 4938 illi
1607 4885 2011 4954 quodammodo

430 4977 821 5048 promiserant,
860 4984 1173 5044 praestarem
1197 5016 1212 5040 ,
1267 4978 1481 5031 diversa
1531 4992 1650 5046 qua:
1681 4975 1748 5029 ad
1789 4992 2009 5030 manum

430 5076 565 5123 sunt
622 5069 798 5121 sancti
835 5066 1091 5122 Demetrii
1118 5069 1273 5130 Acta,
1306 5079 1770 5137 monumentaque
1806 5071 1911 5121 alia
1934 5110 1949 5134 ,
1983 5086 2013 5121 e

430 5159 637 5230 quibus
674 5160 811 5214 forte
849 5160 977 5230 quid
1023 5161 1161 5215 lucis
1205 5161 1469 5233 all'ulgere
1521 5178 1678 5231 posse
1711 5161 2010 5231 putabam,

433 5252 624 5308 Sedulo
673 5253 930 5317 discussi,
984 5255 1059 5307 uti
1128 5257 1290 5307 etiam
1348 5270 1685 5325 quaecunque
1736 5255 1802 5309 tle
1860 5252 2013 5322 Lttpo

436 5355 695 5418 martyre,
716 5345 893 5401 Fastis
921 5348 1096 5402 sacris
1117 5349 1181 5401 ad
1207 5348 1352 5401 diem
1376 5347 1445 5401 25
1465 5347 1696 5418 Augusti
1726 5346 2012 5416 inscripto,

434 5439 631 5493 litteris
663 5440 983 5509 consignata
1016 5444 1228 5509 uspiam
1269 5440 1470 5508 reperi.
1499 5440 1696 5493 Verum
1733 5438 1866 5492 nihil
1901 5454 2018 5490 om-

434 5528 567 5583 nino
597 5530 844 5585 invenire
879 5532 1128 5599 contigit.
1162 5534 1306 5586 uutlc
1339 5532 1676 5601 opinionem,
1704 5551 1825 5603 quae
1853 5537 2017 5586 Acto-

434 5634 555 5671 rqu
611 5620 782 5673 sancti
837 5620 1089 5675 Demetrii
1139 5620 1353 5690 Lupum
1424 5621 1785 5690 alterumque,
1840 5621 2017 5675 Fastis

435 5713 606 5767 sacris
632 5714 698 5767 ad
715 5712 784 5767 25
804 5715 1026 5783 Augusti
1049 5715 1193 5769 dit-nt
1216 5718 1505 5779 inscrtum,
1526 5716 1717 5769 statuit
1738 5716 1989 5769 eumdem

2187 4518 2413 4572 Nomine
2438 4532 2534 4585 pro
2566 4513 2761 4567 Christi
2799 4520 3024 4563 tortores
3060 4524 3246 4579 passus
3278 4508 3531 4575 iniquos.

2183 4607 2558 4678 Martyrologis
2580 4606 2826 4659 classicis
2853 4618 2951 4659 seu
3003 4599 3425 4670 antiquioribus,
3452 4612 3482 4650 e
3501 4595 3695 4661 quibus

2114 4704 2336 4759 interim
2370 4701 2628 4756 Rabanus
2684 4707 2759 4756 et.
2820 4696 2914 4764 qui
2950 4705 3097 4750 tomo
3128 4694 3173 4748 ll
3225 4690 3402 4745 Martii
3443 4689 3696 4758 praefixas

2115 4796 2258 4866 apud
2288 4811 2390 4848 nos
2420 4800 2626 4852 exstat,
2665 4789 2942 4859 genuinus
2995 4784 3137 4840 forte
3191 4784 3355 4847 Beda,
3394 4795 3501 4834 non
3533 4789 3697 4833 secus

2115 4903 2178 4939 ae
2233 4878 2651 4951 llieronymiana
2686 4876 3024 4947 apograpba,
3081 4872 3419 4926 Demetrium
3465 4876 3698 4937 praeter-

2114 4990 2275 5035 eunt,
2316 4973 2652 5028 recentiores
2680 4979 2946 5040 praeterea
2978 4964 3238 5019 Ecclesiae
3268 4960 3479 5014 Latinae
3510 4959 3700 5029 hagio-

2116 5071 2221 5142 logi
2264 5084 2371 5121 non
2410 5064 2567 5136 pauci
2626 5078 2746 5117 sese
2797 5060 3126 5126 adjunxere,
3160 5053 3382 5106 Belinus
3421 5051 3697 5116 videlicet,

2119 5162 2487 5229 Maurolycus,
2510 5155 2848 5218 Galesinius,
2879 5150 3128 5204 Molanus
3154 5144 3379 5213 aliique,
3401 5157 3540 5212 quos
3573 5156 3697 5195 cum

2117 5271 2312 5312 onmes
2366 5255 2455 5308 hic
2508 5260 2862 5310 enumerare,
2901 5251 2995 5297 aut
3055 5240 3219 5295 etiam
3252 5252 3388 5308 quas
3440 5234 3700 5304 suppedi-

2120 5358 2238 5403 tant
2296 5342 2748 5399 aunuutiatioues
2792 5333 3184 5399 transcribere,
3238 5341 3420 5397 operte
3461 5326 3701 5397 pretium

2123 5456 2232 5494 non
2266 5438 2357 5498 sit.
2396 5436 2462 5488 iis
2490 5430 2800 5502 praeteritis,
2834 5425 3015 5478 adhuc
3051 5423 3217 5476 verba
3266 5421 3555 5481 duntaxat,
3581 5415 3703 5487 qui-

2126 5533 2230 5586 bus
2264 5528 2425 5582 hodie
2444 5538 2663 5595 quoque
2704 5514 3146 5588 Martyrologium
3177 5513 3483 5567 Romanum
3514 5506 3708 5560 Deme-

2131 5622 2293 5675 trium
2317 5617 2579 5679 celebrat,
2601 5612 2729 5665 huic
2753 5606 3054 5664 trattsfero.
3073 5603 3165 5658 Sic
3180 5603 3417 5657 habent:
3443 5597 3709 5652 «Thessav

2126 5713 2315 5768 ionica:
2350 5708 2523 5765 sancti
2561 5698 3219 5769 Demetriiproconsulis,
3256 5696 3375 5766 qui,
3413 5709 3538 5750 cum
3575 5691 3702 5761 plu-
