4140 6382
501 327 635 390 lll‘l

500 448 670 498 rimos
730 444 794 497 ad
861 441 1067 496 Christi
1131 441 1289 495 {idem
1354 442 1699 509 perduceret,
1765 442 2076 497 Maximiani
2117 454 2153 503 Α

502 536 851 605 imperatoris
904 536 1063 603 jussu
1136 534 1343 589 lanceis
1398 535 1684 591 confossus
1758 537 2080 606 martyrium

501 624 929 679 consummavit.
973 644 990 675 ι

571 718 657 771 66.
684 716 839 781 Quod
862 717 974 785 jam
1000 717 1067 773 ad
1099 732 1288 771 sacros
1320 718 1547 772 aliarum
1583 720 1865 772 nationum
1895 716 2086 773 Fusios

502 819 731 878 spectat,
775 824 880 863 non
918 810 1095 863 solum
1129 811 1271 879 apud
1298 809 1539 877 Graecos,
1565 826 1595 865 e
1634 827 1864 880 quorum
1894 811 2088 881 Hagio-

500 902 661 971 logiis
693 904 782 956 vix
842 902 1032 965 ullum,
1072 902 1219 972 quod
1276 903 1538 959 Demetrii
1591 921 1697 959 non
1754 907 2086 971 meminerit,

501 993 770 1056 invenias,
803 991 992 1047 Sancti
1048 992 1222 1046 nostri
1281 996 1543 1048 memoria
1577 996 1857 1061 recolitur,
1897 1013 2087 1051 verum

499 1087 665 1141 etiam
706 1086 855 1154 apud
895 1085 1213 1156 Ethioties,
1260 1085 1469 1142 Russos
1499 1102 1593 1142 seu
1624 1087 1857 1150 Moscos.
1896 1088 2087 1158 Copti-

505 1191 587 1233 tas
618 1195 679 1232 ac
714 1181 881 1249 Syros
906 1220 918 1232 .
955 1183 1096 1249 apud
1127 1180 1416 1251 xEthiopes
1437 1182 1659 1250 quidem
1694 1181 1749 1235 in
1767 1182 2091 1236 Calendario

502 1272 824 1342 [EthiOpico
855 1275 1001 1343 apud
1036 1272 1233 1329 Jobum
1297 1276 1669 1345 Ludolphnm.
1703 1277 1844 1345 apud
1885 1274 2093 1330 [iussos

500 1375 685 1419 autem
721 1380 819 1420 seu
853 1364 1062 1419 Moscos
1115 1366 1168 1419 in
1207 1366 1657 1432 Slavo-Russico,
1725 1368 1870 1436 quod
1904 1366 2095 1421 Latine

500 1472 528 1509 a
574 1471 634 1510 se
698 1455 970 1509 redditum
1017 1456 1391 1512 nobilissimus
1440 1459 1574 1513 baro
1624 1459 1692 1511 de
1732 1457 2097 1526 Sparwenfelt

508 1548 800 1601 uobiscum
858 1548 1312 1614 communicavit,
1369 1548 1695 1618 Menologio,
1747 1551 1802 1603 in
1859 1550 2097 1619 prmlixis

500 1641 686 1707 operis
719 1639 911 1703 .nostri
949 1648 1085 1693 tom.
1126 1640 1141 1693 l
1189 1639 1309 1692 Maii
1354 1641 1814 1710 Ephemeridibus
1869 1639 2090 1696 Grmro-

510 1732 727 1795 Moseis,
781 1734 860 1786 uti
919 1742 973 1787 et
1035 1732 1089 1786 in
1139 1731 1450 1788 Rutbenico
1513 1737 1658 1805 apud
1727 1737 2085 1790 Possevinum

506 1821 855 1889 Kalendario,
954 1822 1384 1895 Rutheniroque
1448 1826 1608 1889 item,
1675 1828 1821 1896 quod
1872 1827 2086 1880 Muscua

504 1930 650 1969 anno
699 1914 838 1970 1688
865 1915 1132 1985 Georgius
1192 1918 1381 1983 David,
1437 1917 1734 1973 Sccietatis
1764 1931 1965 1974 nostra:
1999 1936 2088 1973 sa—

503 2008 718 2072 cerdos,
758 2007 828 2062 ad
889 2024 990 2063 nos
1023 2008 1192 2073 misit,
1252 2008 1582 2079 Synaxario.
1640 2009 1798 2076 Quod
1862 2026 1990 2066 vero
2020 2010 2087 2065 ad

502 2098 750 2167 COptitas
788 2113 853 2154 ac
888 2098 1059 2169 Syros
1091 2100 1350 2168 pertinet,
1386 2101 1530 2169 apud
1566 2100 1735 2155 hosce
1771 2099 1995 2169 quidem
2035 2103 2087 2153 in

503 2190 729 2261 Syriaco
763 2206 861 2246 seu
909 2191 1232 2258 Chaldaico,
1268 2193 1408 2263 typis
1437 2193 1699 2248 Romanis
1752 2210 1897 2249 anno
1951 2193 2089 2248 1624

505 2283 746 2352 vulgato,
782 2284 930 2350 quod
960 2282 1153 2338 Latine
1179 2283 1307 2338 dein
1337 2285 1614 2338 redditum
1645 2300 1816 2355 penes
1851 2300 1952 2338 nos
1983 2301 2086 2340 ms.

503 2382 706 2439 exstat,
757 2373 1142 2432 Kalendario:
1196 2374 1339 2443 apud
1390 2376 1512 2430 illos
1569 2390 1701 2430 vero
1734 2377 1788 2430 in
1835 2377 2085 2445 Coptico,

502 2464 647 2531 quod
684 2465 976 2530 habemus,
1032 2466 1294 2536 quodque
1354 2484 1382 2522 a
1442 2467 1735 2535 Kirchero,
1795 2466 2089 2523 Societatis

504 2563 707 2608 nostra
736 2556 1044 2622 sacerdote,
1082 2557 1136 2610 in
1191 2558 1435 2629 linguam
1468 2559 1720 2613 Latinam
1751 2560 1921 2614 fuisse
1954 2575 2086 2613 cou-

504 2663 725 2702 versum
776 2649 1148 2719 suspicamur,
1179 2649 1513 2706 Kalendario
1542 2668 1642 2707 ms.
1674 2651 1862 2706 Sancti
1914 2653 2087 2706 nostri

504 2756 704 2795 nomen
764 2751 1128 2797 memoratur.
1180 2743 1259 2797 Ac
1318 2744 1371 2798 in
1406 2744 1512 2799 illis
1541 2744 1766 2814 quidem
1826 2744 2088 2799 omnibus

502 2834 837 2888 enumeratis
888 2833 1067 2889 Fastis
1142 2837 1318 2890 sacris
1387 2835 1701 2905 Aithiopes,
1774 2835 1936 2889 Russi
1990 2851 2087 2889 seu

505 2924 691 2987 Mosci,
722 2924 956 2994 Coptita:
988 2942 1052 2980 ac
1066 2927 1188 2995 Syri
1221 2942 1353 2991 non,
1389 2929 1855 2997 quemadmodum
1884 2927 2085 2994 Latini,

504 3019 567 3070 ad
587 3017 640 3081 8,
668 3018 764 3072 sed
786 3017 853 3071 ad
871 3017 941 3071 26
965 3016 1219 3074 Octobris
1243 3020 1387 3073 diem
1414 3019 1748 3075 Demetrium
1776 3021 2082 3086 celebrant,

504 3109 724 3204 Graecos
779 3108 1209 3204 verosimillime.
1243 3125 1313 3166 ne
1366 3112 1543 3165 dicam
1580 3112 1827 3178 indubie,
1866 3113 2086 3181 imitati,
2117 3141 2163 3204 ο

505 3202 597 3270 qui
621 3199 689 3254 ad
726 3200 985 3255 eumdem
1022 3202 1229 3268 pariter
1284 3202 1355 3257 9.6
1405 3202 1661 3258 Octobris
1692 3206 1860 3269 diem,
1893 3213 2084 3259 contra

504 3304 569 3343 ac
605 3288 783 3343 Latini
815 3288 1044 3353 faciunt,
1081 3291 1136 3344 in
1169 3282 1427 3346 omnibus
1458 3308 1704 3361 prorsus,
1762 3293 1854 3363 qui
1891 3293 2087 3348 Deme-

509 3384 596 3436 trii
629 3382 1022 3449 meminerunt,
1059 3383 1237 3439 Fastis
1287 3386 1479 3450 sacris,
1518 3386 1711 3441 usitati
1750 3387 1892 3455 apud
1940 3387 2087 3455 ipsos

507 3474 707 3539 solitis,
742 3473 1007 3528 Sanctum
1042 3488 1501 3549 commemorant.

572 3564 663 3618 67.
702 3561 902 3618 Verum
943 3573 1001 3618 ut
1028 3564 1160 3633 quid
1193 3564 1303 3619 alio
1339 3566 1429 3620 die
1467 3565 1662 3625 Graeci.
1697 3567 1805 3620 alio
1830 3565 2005 3620 Latini
2032 3567 2083 3620 in

504 3655 679 3711 sacris
720 3654 975 3710 Ecclesia:
1006 3671 1118 3710 sure
1142 3658 1264 3710 usui
1301 3657 1592 3712 destinatis
1625 3657 1801 3713 Fastis
1823 3659 2084 3714 Sanctum

506 3748 874 3815 consignant?
907 3746 1024 3802 Non
1077 3764 1203 3803 raro
1233 3750 1377 3818 apud
1413 3749 1640 3804 Latinos
1672 3751 1753 3816 lit,
1788 3761 1845 3805 ut
1875 3750 2085 3815 Sancti,

508 3853 616 3892 non
647 3839 715 3893 iis
754 3838 969 3905 diebus,
1006 3839 1206 3909 quibus
1238 3837 1418 3895 Vitam
1449 3856 1576 3896 cum
1622 3852 1801 3897 morte
1837 3857 2085 3898 comnm-

506 3937 718 3993 tarunt,
759 3930 856 3984 sed
912 3928 1058 3995 aliis,
1117 3930 1210 4001 qui
1272 3930 1604 3986 Sanctorum
1663 3932 1894 3987 aliorum
1936 3935 2088 3988 cultu

508 4021 753 4089 impediti
783 4038 893 4076 non
924 4032 1072 4086 sunt,
1128 4025 1489 4080 veneratione
1539 4025 1914 4079 ecclesiastica
1971 4026 2090 4080 alli-

507 4114 745 4171 ciantnr.
790 4116 935 4182 Quid
975 4117 1020 4172 si
1050 4133 1184 4188 ergo
1206 4117 1444 4173 Sanctus
1468 4119 1597 4172 olim
1651 4121 1796 4189 apud
1837 4118 2085 4183 Latinos,

509 4222 622 4261 non
656 4208 765 4271 die,
799 4209 893 4277 qui
919 4208 969 4263 ei
996 4209 1327 4264 emortualis
1354 4211 1646 4279 obtigerat,
1667 4215 1760 4263 sed
1794 4210 1922 4274 alio,
1954 4223 2085 4278 quo,

506 4300 700 4353 Sancti
741 4300 970 4355 alterius
1001 4302 1363 4356 veneratione
1412 4301 1557 4355 haud
1610 4302 1893 4371 impedito,
1937 4302 2085 4352 cultu

510 4390 897 4445 ecclesiastico
948 4392 1091 4459 apud
1144 4408 1237 4446 eos
1263 4392 1625 4457 aliieiebatur,
1663 4393 1837 4447 sacris
1869 4406 2089 4463 quoque

1795 331 2456 394 SUPPLEMENTUM.

3642 330 3783 391 1120

2256 443 2345 494 68.
2376 442 2531 506 Quod
2561 448 2617 493 ut
2656 439 2829 509 magis
2868 438 3122 490 ordinate
3163 436 3388 499 (ariam,
3445 441 3621 506 primo
3649 443 3782 510 qui-

2187 536 2308 587 dem
2349 535 2413 586 de
2449 533 2596 585 cultu
2626 531 3023 587 exrlesiaslieo.
3066 546 3174 598 quo
3211 530 3525 583 Demetrius
3555 535 3782 587 univer-

2189 627 2290 680 sim
2346 623 2487 695 apud
2552 623 2772 678 Cnet-os
2832 622 3107 689 hodieque
3161 622 3384 688 gaudet,
3424 633 3589 693 atque
3640 626 3777 680 oliut

2191 717 2293 769 fuit
2350 714 2610 785 gavisus;
2670 712 2872 767 deinde
2926 729 3056 766 vero
3090 713 3156 768 de
3195 730 3282 775 eo,
3320 701 3429 783 quo
3452 717 3779 770 nominatim

2193 820 2306 861 tum
2341 806 2771 870 Thessalonicm,
2833 816 2947 859 tum
3003 806 3490 876 Constantinopoli
3546 809 3616 863 ab
3648 810 3791 879 ipsis

2193 902 2355 955 etiam
2384 898 2630 954 Orientis
2663 899 3094 966 imperatoribus
3144 914 3449 966 eorumque
3506 900 3627 953 aula
3684 899 3795 954 fuit

2197 993 2521 1052 honoratus,
2561 990 2830 1051 tractabo,
2866 1004 2929 1043 ac
2962 989 3184 1046 tandem
3213 989 3613 1056 venerationis,
3664 1008 3793 1060 qua:

2199 1083 2408 1135 Sancto
2449 1080 2578 1134 alibi
2613 1078 2801 1144 etiam,
2838 1095 3000 1149 quam
3029 1080 3172 1149 apud
3213 1079 3455 1145 Grmcos,
3492 1088 3585 1134 aut
3617 1084 3787 1136 modo

2196 1177 2377 1229 adhuc
2413 1171 2661 1227 delertur
2688 1184 2780 1226 aut
2810 1183 2961 1227 certe
2989 1174 3118 1227 olim
3149 1172 3251 1227 fuit
3281 1174 3483 1238 delata,
3521 1176 3783 1242 explana-

2199 1267 2350 1320 tione
2416 1266 2887 1321 Commentarium
2979 1266 3125 1318 hunc
3216 1266 3548 1320 terminabo.
3608 1263 3786 1322 Graeci

2200 1358 2379 1427 ipsum
2412 1373 2573 1412 suum
2602 1359 2666 1411 ad
2681 1357 2751 1411 26
2782 1355 3040 1411 Octobris
3081 1356 3230 1411 diem
3262 1357 3328 1411 de
3361 1369 3553 1412 sancto
3580 1360 3785 1413 Deme-

2202 1451 2327 1516 trio,
2364 1451 2517 1505 brevi
2569 1452 2857 1512 duntaxat,
2921 1465 3085 1518 quain
3150 1459 3303 1512 tunc,
3338 1459 3395 1504 ut
3450 1465 3595 1519 sa’pe
3623 1450 3789 1511 alias,

2201 1544 2516 1606 instituunt,
2555 1544 2790 1597 aliorum
2824 1544 3035 1611 aliquot
3069 1552 3387 1596 sanctorum
3447 1558 3787 1597 commento.

2202 1638 2415 1692 ratione
2480 1638 2759 1706 adjuncta,
2832 1633 3336 1689 faciuntoliirium.
3402 1634 3645 1704 Quisque
3711 1637 3787 1688 ita

2205 1747 2315 1785 rem
2381 1731 2583 1784 habere
2637 1730 2964 1797 comperiet,
3046 1729 3139 1797 qui
3205 1743 3398 1795 magna
3464 1727 3786 1782 Graecorum

2195 1824 2397 1879 Meneta
2431 1824 2965 1894 excusa.Typieunt,
3030 1825 3205 1877 sancti
3242 1822 3398 1875 Sabaea
3433 1823 3653 1877 nomine
3698 1825 3788 1876 in-

2197 1918 2481 1987 signitum.
2510 1918 3007 1985 novissimumque,
3034 1918 3177 1985 quod
3208 1930 3355 1969 anno
3392 1915 3531 1968 1758
3552 1916 3786 1984 impres-

2196 2026 2316 2065 sum
2345 2020 2589 2075 notatur,
2626 2009 3013 2079 Anthologium
3047 2007 3112 2062 ad
3143 2007 3351 2062 dictum
3388 2007 3461 2061 26
3526 2007 3784 2062 Octobris

2196 2102 2340 2157 dem
2372 2101 2695 2169 inspexerit.
2732 2099 2937 2155 Verum
2969 2115 2998 2154 a
3028 2116 3138 2169 quo
3171 2110 3420 2169 tempore
3449 2101 3787 2155 ecclesiasti-

2197 2208 2294 2247 cus
2329 2192 2418 2246 ille
2454 2192 2638 2246 cultus
2667 2201 2862 2245 sancto
2888 2188 3164 2245 Demetrio
3202 2204 3233 2243 a
3277 2187 3482 2244 Gracia
3511 2190 3602 2257 qui
3652 2204 3784 2243 eum

2198 2296 2460 2352 praaterea
2505 2281 3086 2337 honoriﬁcentissimis
3108 2282 3602 2353 μεγαλομάρτυρος
3618 2293 3785 2351 atque

2198 2378 2266 2432 ab
2321 2376 2597 2429 rationem
2659 2374 2802 2429 infra
2851 2373 3143 2428 dicendam
3199 2374 3540 2445 μυροόλύτου
3600 2374 3787 2427 titulis

2196 2465 2593 2532 condecorant,
2620 2468 2790 2535 erepit
2846 2466 3051 2521 deferri
3080 2467 3103 2522 ?
3134 2466 3273 2520 Cum
3302 2467 3356 2522 in
3388 2470 3637 2537 piratam.
3671 2483 3785 2536 quo

2199 2563 2251 2614 in
2287 2560 2511 2614 Menaeis
2535 2559 2772 2613 Sanctus
2811 2558 3144 2623 celebratur,
3182 2559 3561 2613 ecclesiastico
3589 2558 3784 2612 Ollieo

2196 2652 2650 2709 commemoratio
2676 2663 2837 2707 terra:
2868 2662 3071 2713 motus,
3106 2652 3199 2719 qui
3229 2651 3330 2705 sub
3375 2650 3562 2705 Leone
3598 2651 3784 2705 Isauro

2197 2745 2407 2806 evenit,
2428 2743 2774 2806 instituatur,
2795 2742 2992 2813 hicque
3019 2743 3318 2812 imperator
3336 2741 3539 2796 saeculo
3561 2751 3783 2802 octavo.

2198 2836 2265 2893 ad
2296 2836 2536 2891 mediam
2585 2835 2706 2895 fere
2748 2834 2834 2888 sui
2873 2842 3080 2904 partem
3116 2842 3396 2902 provecto,
3451 2832 3674 2893 obicrit,
3731 2832 3785 2887 id

2195 2943 2331 2985 sane
2357 2935 2624 2997 quantum
2650 2924 2718 2980 ad
2750 2923 3340 2980 commemorationem
3389 2923 3537 2977 illam
3592 2924 3790 2993 nequit

2195 3035 2318 3076 esse
2350 3020 2454 3075 hoc
2482 3017 2688 3073 saeculo
2742 3018 3050 3085 antiquius,
3100 3016 3318 3086 eritque
3364 3015 3638 3078 fortassis.
3689 3016 3789 3086 qui

2196 3113 2377 3167 eidem
2409 3109 2492 3164 vel
2529 3118 2823 3180 propterea
2850 3124 2952 3165 nec
2969 3118 3237 3178 quantum
3270 3108 3337 3163 ad
3368 3106 3579 3177 reliqua
3613 3110 3788 3178 maio-

2193 3218 2307 3257 rem
2345 3202 2734 3271 antiquitatem
2769 3202 3054 3256 attribuat.
3102 3200 3324 3265 Verum,
3359 3206 3644 3270 utcunque
3692 3215 3786 3255 res

2190 3297 2308 3353 hzec
2365 3298 2590 3361 habeat,
2647 3295 2916 3352 Sanctum
2986 3297 3241 3367 equidem
3300 3297 3394 3351 diu
3438 3296 3605 3350 etiam
3658 3307 3788 3350 ante

2190 3394 2451 3445 saaculum
2484 3400 2743 3445 octavum
2793 3388 2974 3445 oliicio
3040 3388 3426 3445 ecclesiastico
3482 3388 3785 3443 universim

2189 3500 2216 3537 a
2253 3483 2458 3539 Graecis
2494 3482 2705 3537 cultum
2738 3483 3044 3551 quotannis
3080 3481 3279 3547 fuisse,
3312 3481 3788 3536 verosimillimum

2190 3576 2323 3630 mihi
2353 3585 2600 3645 apparet,
2628 3583 2746 3627 tum
2772 3590 2839 3627 ex
2867 3573 2959 3639 iis,
2988 3591 3109 3643 qua:
3142 3582 3410 3645 quantum
3436 3572 3504 3628 ad
3539 3573 3659 3641 ejus
3686 3587 3790 3626 an-

2193 3667 2562 3736 tiquissimum
2585 3662 3165 3735 Thessalonicaejuxta
3201 3683 3266 3721 ac
3297 3666 3781 3733 Constantinopoli

2190 3760 2397 3817 cultum
2430 3758 2575 3813 infra
2604 3759 2805 3815 dicturi
2828 3774 3043 3822 sumus,
3069 3770 3184 3813 tum
3209 3758 3292 3811 vel
3319 3758 3553 3811 maxime
3575 3772 3639 3811 ex
3667 3756 3785 3810 sin-

2190 3853 2391 3925 gulari,
2425 3869 2532 3921 qua
2574 3854 2777 3908 szeculo
2815 3851 2931 3913 illo,
2977 3853 3088 3903 imo
3119 3851 3285 3905 etiam
3335 3850 3426 3904 diu
3459 3858 3608 3914 ante,
3639 3848 3784 3918 apud

2190 3944 2409 4001 Graecos
2444 3945 2666 4012 gavisus
2698 3943 2827 4006 fuit,
2855 3943 3213 3998 veneratione
3267 3942 3431 3996 simul
3464 3952 3519 3995 et
3540 3941 3780 3994 nominis

2192 4037 2509 4092 celebritate
2539 4052 2554 4100 ;
2590 4051 2755 4105 quam
2790 4045 3082 4104 utramque
3112 4034 3290 4089 sancti
3327 4034 3503 4089 nostri
3529 4030 3782 4102 martyris

2196 4130 2612 4199 praerogativam
2634 4128 2917 4197 probatam
2944 4143 3092 4182 nunc
3113 4126 3205 4182 do.

2266 4222 2357 4278 69.
2419 4223 2659 4277 Sanctus
2725 4219 3053 4276 Theodorus
3109 4220 3347 4280 Studita.
3415 4220 3509 4288 qui
3578 4218 3779 4272 sazculo

2193 4325 2389 4371 octavo
2423 4323 2755 4368 senescente
2787 4314 3184 4382 sequentisque
3210 4310 3369 4367 initio
3406 4310 3610 4371 ﬂoruit,
3636 4309 3781 4377 apud

2194 4404 2548 4459 Sirmondum
2605 4401 2838 4473 Operam
2884 4403 3155 4457 variorum
3198 4412 3334 4455 tom.
3392 4398 3458 4463 ν,
3514 4415 3638 4471 pag.
3673 4398 3781 4453 208

513 4478 689 4534 Fastis
718 4495 815 4550 per
849 4482 1073 4536 eosdem
1133 4483 1301 4539 fuerit
1361 4484 1680 4554 inscriptus,
1737 4484 1899 4554 idque
1948 4483 2091 4552 apud

2199 4497 2253 4549 in
2292 4495 2545 4564 epistola,
2575 4510 2737 4564 quam
2774 4494 2841 4548 ad
2869 4494 3139 4548 Joannem
3198 4493 3552 4564 Spatharium
3588 4494 3776 4559 dedit,

512 4567 732 4622 Grazcos
780 4583 847 4622 eo
904 4569 1043 4639 ipso,
1096 4572 1190 4639 qui
1223 4572 1271 4625 ei
1304 4573 1632 4629 emortualis
1664 4573 1877 4638 fuisset,
1911 4575 1999 4628 die
2024 4572 2094 4626 26

514 4660 769 4714 Octobris
804 4661 923 4715 ﬁeri
976 4663 1307 4733 contigerit?
1356 4665 1650 4719 Enimvero
1683 4666 1812 4719 hinc
1865 4666 2089 4728 factum,

514 4763 574 4808 ut
620 4755 877 4832 Demetrii
914 4769 1116 4810 nomen
1170 4755 1425 4813 Octobris
1458 4759 1544 4812 die
1574 4758 1607 4813 8
1646 4759 1788 4828 apud
1841 4758 2092 4825 Latinos,

509 4847 583 4902 26
614 4862 743 4901 vero
772 4849 915 4917 apud
942 4848 1163 4904 Grmcos
1185 4849 1366 4904 Fastis
1410 4851 1581 4906 sacris
1619 4852 1785 4911 fuerit
1826 4852 2091 4907 imertum

516 4942 649 4997 mihi
682 4943 825 4998 haud
863 4959 1090 5013 prorsus
1120 4959 1248 4998 vero
1288 4954 1517 5014 apparet
1546 4946 1819 5010 absimile,
1854 4946 2096 5001 maxime

515 5052 637 5090 cum
697 5036 958 5092 Sam-tum
991 5036 1062 5090 26
1098 5036 1354 5092 Oetobris
1404 5037 1495 5092 die
1551 5039 1797 5109 martyrii
1858 5040 2092 5110 palmam

513 5128 767 5183 retulisse
832 5129 1004 5184 Graeci
1061 5129 1113 5183 itt
1153 5129 1399 5193 Menzeis,
1436 5139 1493 5184 ut
1553 5146 1717 5200 supra
1752 5130 1935 5196 docui,
1997 5146 2095 5184 ex-

517 5237 706 5291 presse
732 5223 1023 5287 aliirment,
1054 5239 1222 5291 reque
1244 5223 1406 5277 etiam
1432 5223 1548 5292 ipsa
1586 5222 1724 5276 forte
1751 5222 1817 5287 is,
1844 5233 1895 5276 ut
1928 5239 2091 5292 supra

518 5309 723 5378 pariter
751 5312 936 5376 docui,
968 5313 1056 5367 die
1088 5312 1179 5367 illa
1228 5314 1294 5367 ad
1330 5314 1621 5367 Dominum
1652 5313 1922 5382 migrarit.
1950 5310 2095 5368 illul.

516 5404 608 5465 sit,
642 5401 878 5457 Sanctus
927 5405 1203 5474 equidem,
1240 5405 1316 5459 uti
1349 5420 1415 5459 ex
1443 5406 1554 5475 jam
1608 5407 1767 5461 dictis
1809 5407 1998 5477 liquet,
2040 5408 2091 5461 in

516 5492 835 5550 Latinorum
876 5512 1031 5565 atque
1064 5511 1126 5551 ac
1159 5495 1474 5550 Gneeornm
1510 5496 1689 5552 Fastis
1727 5500 1901 5553 sacris
1951 5499 2094 5553 cele-

518 5587 724 5639 bratur.
766 5586 1039 5652 Quoniam
1073 5597 1255 5641 aulem
1288 5587 1355 5641 de
1395 5589 1544 5641 cultu
1573 5590 1972 5649 ecclesiastico.
2001 5591 2090 5657 qui

517 5680 564 5729 ei
614 5679 1038 5743 I‘ueritdelatus,
1072 5698 1255 5735 sermo
1287 5682 1397 5750 jam
1441 5682 1650 5744 incidit,
1696 5683 1770 5735 rei
1804 5699 2092 5751 argumen-

528 5778 641 5823 tum
671 5782 876 5840 monet,
916 5781 973 5827 ut
1006 5774 1073 5829 de
1103 5789 1169 5829 co
1199 5775 1310 5845 jam
1343 5789 1652 5829 sermonem
1699 5776 1979 5831 iaciamus.

2200 4588 2274 4640 ita
2306 4586 2495 4640 scribit
2526 4604 2538 4639 :
2580 4604 2597 4636 ι
2638 4584 2891 4640 Divinum
2928 4586 3203 4654 quoddam
3237 4585 3448 4641 facinus
3477 4602 3507 4640 a
3536 4586 3783 4640 domina-

2199 4678 2347 4733 tione
2387 4686 2477 4732 tua
2514 4678 2718 4732 factum
2755 4678 3043 4732 audientes
3069 4717 3083 4741 ,
3116 4677 3300 4732 mirati
3336 4694 3527 4733 sumus
3560 4679 3630 4734 ob
3664 4695 3779 4733 ma-

2196 4786 2359 4843 gnam
2384 4786 2572 4825 revera
2605 4770 2765 4824 tidem
2803 4778 2977 4835 tuam,
3001 4769 3167 4824 horno
3198 4769 3319 4825 Dei.
3348 4771 3596 4825 Atiirmat
3630 4772 3778 4825 enim

2196 4864 2287 4933 qui
2332 4860 2520 4918 retulit
2552 4905 2566 4927 ,
2612 4874 2665 4917 te
2707 4876 2919 4917 sacram
2970 4862 3153 4931 magni
3207 4862 3460 4933 martyris
3522 4863 3780 4917 Demetrii

2199 4954 2490 5023 imaginem
2528 4952 2868 5020 susceptoris
2918 4952 3209 5023 cujusdam
3263 4952 3383 5008 loco
3419 4953 3740 5009 adhibuisse
3765 4995 3778 5017 ,

2198 5055 2361 5115 atque
2397 5047 2469 5099 ita
2502 5045 2593 5099 lilii
2627 5044 2701 5099 tui
2736 5060 2764 5099 a
2803 5048 2913 5098 Deo
2959 5043 3217 5099 custoditi
3259 5043 3589 5112 baptismum
3624 5060 3780 5109 pere-

2198 5141 2363 5209 gisse.
2390 5138 2454 5191 Et
2477 5154 2509 5193 0
2540 5137 2791 5194 ﬁduciam
2826 5138 3006 5193 tuatui
3038 5136 3160 5191 Non
3187 5137 3361 5191 inrrni
3390 5145 3596 5190 tantum
3623 5136 3779 5205 ﬁdem

2199 5232 2251 5282 in
2318 5227 2488 5282 Israel
2532 5244 2640 5283 non
2692 5229 2867 5283 solum
2930 5227 3240 5282 centurioni
3293 5237 3423 5281 tunc
3480 5242 3507 5281 a
3561 5226 3781 5283 Christo

2199 5322 2403 5377 dictum
2440 5320 2696 5383 arbitror.
2729 5321 2823 5375 sed
2856 5336 3001 5375 nunc
3031 5320 3195 5374 etiam
3229 5320 3323 5374 tibi
3351 5320 3443 5389 qui
3471 5318 3573 5373 [ide
3598 5328 3781 5374 certas

2199 5431 2322 5469 cum
2359 5414 2468 5468 illo.
2500 5411 2714 5467 Invenit
2744 5408 2993 5483 ergu'ille
3027 5414 3169 5480 quod
3199 5412 3514 5481 qmerebat;
3551 5412 3781 5480 adeptus

2199 5515 2335 5560 eset
2367 5506 2482 5573 ipse
2514 5505 2658 5572 quod
2717 5506 2967 5573 sperasti.
3032 5505 3111 5559 ibi
3166 5505 3411 5558 divinum
3464 5506 3778 5557 mandatum

2204 5614 2297 5666 pro
2334 5597 2598 5665 corporali
2637 5599 2924 5666 prazscntia
2964 5617 2975 5651 :
3014 5598 3099 5650 hic
3138 5613 3396 5665 corporea
3446 5596 3623 5665 imago
3662 5595 3779 5647 vice

2203 5691 2493 5758 prototypi.
2530 5688 2603 5741 lbi
2635 5689 2779 5741 enim
2816 5690 2995 5742 verbis
3025 5691 3209 5743 aderat
3238 5704 3491 5757 magnum
3518 5687 3776 5743 Verbum.

2204 5781 2489 5838 divinitate
2531 5798 2626 5836 sua
2662 5783 2908 5837 mirabile
2952 5783 3203 5838 sanitatis
3243 5797 3378 5845 opus
3432 5780 3778 5851 invisibiliter
