4140 6382
480 303 613 370 nat
697 281 701 285 ’

1525 303 1581 364 S.
1620 303 2002 365 DEMETRII
2047 304 2436 367 MARTYRIS
2476 309 2688 371 ACTA.

3596 318 3734 382 11522

475 417 769 487 perficieus
794 433 807 482 ;
833 423 887 469 et
930 414 1019 469 hic
1063 414 1268 485 pariter
1306 428 1538 485 magnus
1581 430 1787 486 mariyr
1833 417 2052 486 imagini
2092 437 2127 479 ιι
2161 422 2422 476 saeculum
2460 432 2734 487 octavum,
2762 432 2910 479 certe
2938 434 3064 481 ante
3096 425 3354 482 sazculum
3387 428 3608 483 tertium
3637 431 3720 485 de

475 525 588 564 suae.
621 508 817 578 spiritu
850 522 1089 578 praesens
1115 518 1255 563 erat.
1288 508 1556 561 infantem
1594 509 1921 579 suscipiens.
1952 511 2055 563 Ve-

476 614 595 651 rum
644 600 761 651 hinc
808 597 1053 667 profanis
1092 598 1311 666 quidem
1384 598 1608 654 auribus
1656 608 1711 653 et
1759 600 2057 656 incredulis

475 691 759 745 mentibus
818 690 1047 744 minime
1091 689 1426 759 recipienda,
1462 698 1718 759 tanquam
1761 690 2056 747 incredibi-

478 784 572 845 lia,
609 781 889 846 videntur,
928 781 1162 835 maxime
1206 780 1618 849 iconomachis;
1677 783 1870 852 pietati
1924 800 2055 839 vero

479 883 588 927 tuae
648 873 934 927 manifesta
986 881 1308 943 argumenta
1368 881 1421 929 et
1473 875 1720 944 exempla
1784 876 2054 945 patefacta

475 973 625 1019 sunt.
667 965 810 1031 Quid
855 967 1002 1019 enim
1043 977 1127 1022 est
1155 969 1297 1037 quod
1335 970 1479 1023 Deus
1523 979 1780 1038 praestare
1822 973 2056 1026 credenv

475 1058 625 1113 tibus
668 1072 779 1111 non
829 1057 1039 1128 possit?
1086 1062 1195 1114 Aut
1229 1061 1505 1131 quomodo
1547 1062 1602 1114 in
1653 1062 1894 1133 imagine
1942 1080 2052 1119 non

474 1151 803 1222 homonyme
841 1152 1087 1207 cernitur
1136 1161 1192 1207 et
1222 1153 1403 1208 inesse
1436 1155 1681 1209 creditur
1728 1158 1822 1225 qui
1855 1173 2050 1227 reprae-

473 1242 758 1297 sentatur?
790 1242 1078 1314 «Imaginis
1106 1244 1375 1313 siquidem
1402 1245 1603 1309 honor,
1629 1259 1685 1300 ut
1726 1263 1957 1319 magnus
1978 1252 2055 1305 ait

473 1333 728 1399 Basilius,
757 1336 952 1390 transit
975 1336 1039 1390 ad
1072 1328 1440 1407 prototypum.
1457 1355 1475 1389 ο
1499 1338 1678 1403 Quare
1698 1339 2047 1396 manifestum

474 1438 561 1481 est
603 1438 892 1497 martyrem
943 1428 1148 1492 fuisse,
1190 1430 1281 1499 qui
1333 1429 1596 1485 infantem
1646 1446 1745 1499 per
1774 1432 2050 1501 propriam

477 1520 769 1589 imaginem
800 1520 1159 1589 suscipiebat.
1191 1531 1462 1589 quatenus
1501 1522 1575 1575 ita
1603 1523 1909 1578 credidisti.
1945 1524 2051 1578 Sed

477 1628 512 1666 ο
541 1612 1001 1681 magnificentiam
1046 1620 1201 1665 tuam
1230 1651 1245 1673 ,
1277 1612 1373 1681 qui
1404 1614 1566 1668 talem
1596 1628 1659 1668 ac
1688 1623 1895 1669 tantum
1928 1631 2055 1686 syn-

442 1714 722 1766 .tecnum,
768 1710 828 1756 ut
864 1712 1084 1766 vocant,
1123 1704 1349 1759 sortitus
1382 1720 1465 1768 es,
1501 1719 1612 1759 non
1650 1706 1796 1762 hunc
1836 1707 1919 1759 vel
1977 1708 2052 1759 il-

477 1796 588 1848 lum
651 1793 953 1864 principem
1006 1803 1134 1862 puta
1190 1796 1273 1849 vel
1340 1796 1664 1866 dynastam,
1729 1806 1823 1851 aut
1875 1798 2053 1867 ipsum

483 1887 646 1939 etiam
679 1887 769 1954 qui
825 1886 1134 1941 diademate
1182 1887 1471 1943 redimitus
1518 1897 1626 1942 est.
1681 1887 1854 1958 Major
1906 1891 2053 1944 enim

480 1977 750 2048 longeque
773 1978 1026 2047 superior
1051 1987 1137 2033 est
1166 1979 1627 2051 quempreperisti.

561 2068 650 2123 70.
684 2085 703 2118 ο
729 2068 1021 2139 Martyrum
1045 2069 1249 2139 quippe
1282 2068 1616 2124 fortissimus
1636 2111 1651 2133 ,
1701 2070 2054 2125 mirificarum

474 2159 832 2221 clarissimus,
876 2175 1168 2231 germanus
1193 2160 1401 2216 Christi
1457 2164 1690 2227 amicus,
1735 2165 2051 2232 angelorum

473 2251 614 2305 civis
645 2266 659 2302 :
689 2250 782 2319 qui
818 2259 899 2306 tot
924 2260 1185 2320 tantaque
1215 2253 1268 2305 in
1297 2254 1463 2309 terris
1484 2269 1701 2324 semper
1730 2257 1909 2325 potuit
1960 2273 2056 2326 po-

478 2350 723 2409 testque.
759 2352 817 2395 ut
869 2341 925 2396 in
965 2344 1222 2398 omnibus
1243 2345 1360 2399 oris
1397 2346 1790 2401 miraculorum
1827 2362 2050 2402 suorum

477 2432 621 2485 tuba
650 2435 977 2488 celebretur.
1035 2435 1230 2490 Beatus
1281 2437 1466 2506 reipsa
1522 2453 1617 2503 es,
1652 2440 1737 2494 vir
1781 2441 2052 2510 piissime,

474 2522 618 2589 quod
659 2522 816 2576 talem
851 2532 1045 2578 nactus
1087 2525 1162 2579 sis
1200 2537 1573 2595 susceptorem
1609 2538 1745 2599 :ter
1776 2531 1970 2586 beatus
1999 2541 2054 2588 et

478 2613 621 2668 filius
652 2622 799 2678 tuus,
830 2614 924 2684 qui
959 2632 987 2669 a
1020 2623 1169 2670 tanta
1201 2617 1371 2686 gloria
1416 2628 1472 2673 et
1521 2622 1764 2688 potentia
1817 2623 2048 2693 praedito

480 2715 772 2772 susceptus
799 2709 889 2761 sit.
927 2706 1097 2763 Nobis
1124 2724 1256 2763 vero
1290 2709 1478 2765 videre
1512 2711 1674 2767 liceat
1708 2714 1853 2768 hunc
1878 2715 2051 2770 filium

478 2804 628 2849 tuum
663 2799 839 2852 sancti
873 2798 1132 2853 Demetrii
1168 2800 1574 2870 cognominem,
1604 2804 1650 2858 si
1681 2806 1882 2861 annuis
1911 2824 1932 2860 :-
1956 2817 2049 2869 ut,

482 2898 741 2956 tanquam
790 2888 965 2956 ipsius
1008 2890 1177 2944 filium
1227 2890 1643 2959 amplectentes,
1683 2905 1739 2948 et
1794 2899 2053 2966 congruis

482 2979 587 3049 ipsi
622 2979 823 3044 verbis,
873 2993 932 3035 ut
987 2992 1323 3050 peccatores,
1365 2986 1775 3052 compellemus.
1829 2998 1884 3042 et
1935 3004 2048 3044 rem

475 3083 683 3145 gestam
716 3075 782 3130 ad
830 3077 969 3130 alios
1002 3093 1220 3146 quoque
1255 3080 1706 3135 transmittamus.
1740 3081 1855 3136 Nec
1901 3085 2049 3138 enim

474 3182 565 3221 res
601 3166 858 3235 pulchras
881 3167 1029 3221 sileri
1064 3170 1341 3232 convenit,
1371 3170 1469 3223 sed
1517 3170 1637 3225 aliis
1668 3170 1735 3225 ad
1789 3172 1888 3240 piae
1925 3172 2048 3228 fidei

473 3260 620 3315 clara
674 3261 1000 3315 documenta
1054 3263 1305 3329 proponi.
1349 3280 1366 3311 ι
1408 3261 1701 3316 Enimvero
1749 3273 1804 3316 et
1845 3264 2048 3318 factum

476 3351 636 3419 plane
675 3353 971 3422 singulare.
997 3354 1139 3423 quod
1182 3354 1271 3408 hic
1310 3354 1579 3420 laudatur,
1610 3365 1665 3410 et
1697 3357 1885 3423 verba,
1931 3359 2053 3427 qui-

476 3446 579 3500 bus
640 3445 693 3499 id
737 3462 766 3499 a
811 3445 1101 3501 Theodoro
1148 3447 1359 3501 Studita
1399 3448 1780 3513 sit,eximiam
1827 3466 2051 3519 prorsus

474 3551 601 3607 erga
640 3546 887 3591 Sanctum
938 3539 1265 3592 Demetrium
1313 3548 1427 3592 tum
1456 3539 1685 3594 Joannis
1731 3542 2047 3608 Spatharii.

473 3629 565 3695 qui
604 3627 743 3681 forte
777 3643 900 3682 cum
926 3625 1139 3683 Joanne
1171 3628 1617 3696 Protospatbario
1640 3639 1696 3683 et
1727 3630 1938 3700 Bajulo,
1979 3634 2047 3685 ab

477 3721 634 3774 lrene
666 3721 846 3775 electo
894 3730 1061 3787 atque
1102 3722 1245 3789 apud
1290 3719 1684 3791 Theophanem
1730 3724 1798 3776 ad
1843 3738 2047 3777 annum

474 3815 839 3886 imperatricis
864 3821 1025 3889 hujus
1050 3821 1323 3874 decimum
1361 3827 1684 3880 memorato,
1712 3833 1858 3872 unus
1878 3820 2052 3873 idem-

473 3922 580 3975 que
610 3919 713 3974 est,
742 3918 856 3963 tum
885 3910 1169 3978 ipsiusmet
1218 3907 1491 3962 Theodori
1540 3908 1770 3961 Studitze
1822 3923 2049 3963 venera-

478 4002 679 4054 tionem
710 4011 968 4070 arguunt.
1001 4001 1201 4056 Adhazc
1234 4016 1358 4054 cum
1387 4000 1473 4054 hic
1522 4010 1748 4053 sanctus
1780 4000 2047 4068 scriptor,

475 4093 587 4161 qui,
620 4093 1074 4165 quemadmodum
1104 4093 1213 4162 jam
1263 4091 1445 4151 docui.
1489 4090 1687 4145 saeculo
1722 4098 1918 4145 octavo
1954 4107 2044 4145 se-

470 4192 728 4235 nescente
758 4182 1149 4251 sequentisque
1182 4181 1340 4235 initio
1384 4179 1587 4244 floruit,
1637 4188 1718 4234 tot
1775 4188 2045 4249 tantaque

476 4275 526 4326 in
546 4280 706 4330 terris
725 4276 1055 4331 Demetrium
1078 4290 1294 4344 semper
1319 4275 1561 4344 potuisse
1582 4288 1647 4328 ac
1672 4290 1834 4343 porro
1858 4289 2040 4344 posse,

471 4383 571 4435 per
604 4368 766 4422 verba
804 4369 1031 4423 recitata
1062 4367 1314 4431 afﬁrmet,
1345 4376 1405 4422 ut
1431 4367 1484 4420 in
1515 4366 1773 4421 omnibus
1800 4368 1912 4420 oris
1947 4368 2046 4419 ini-

2162 511 2365 567 cimum
2423 514 2521 568 fuit
2573 515 2893 570 honoratus.
2937 515 3133 586 Liquet
3188 519 3240 573 id
3293 532 3359 572 ex
3408 520 3534 574 data
3590 536 3731 575 anno

2161 606 2349 660 mundi
2380 606 2682 660 secundum
2712 605 2930 661 Griecos
2960 608 3119 673 6674,
3160 609 3211 664 id
3255 620 3361 674 est,
3410 626 3531 665 atrae
3568 612 3726 666 thri-

2160 698 2349 753 stianaa
2370 699 2529 762 H66,
2559 714 2658 769 per
2685 698 3094 755 Emmanuelem
3117 702 3458 758 Comnenum
3484 705 3725 774 impera-

2162 798 2334 843 torem
2369 789 2438 842 de
2466 788 2679 853 diebus,
2725 790 2924 859 quibus
2953 802 3045 845 aut
3081 792 3308 846 omnino
3341 802 3435 847 aut
3474 808 3541 848 ex
3572 805 3724 862 parte

2161 881 2528 937 tribunalibus
2568 882 2898 946 feriandum,
2930 898 3024 937 seu
3075 898 3105 937 a
3137 883 3267 953 jure
3296 884 3528 940 dicendo
3558 887 3727 939 absti-

2161 974 2402 1028 nendum
2438 983 2608 1039 esset,
2637 973 2881 1029 Novella.
2913 975 2973 1029 In
3008 977 3110 1029 hac
3147 977 3294 1030 enim
3322 1018 3336 1040 ,
3367 992 3488 1045 quas
3521 980 3571 1030 in
3600 977 3730 1031 .lure

2157 1066 2643 1133 Graeco-Romano,
2667 1082 2766 1136 per
2792 1067 3185 1123 Leunclavium
3217 1084 3364 1123 anno
3398 1069 3534 1124 I596
3559 1070 3729 1123 Frau-

2157 1159 2357 1215 cofnrti
2384 1159 2623 1229 vulgato,
2665 1174 2787 1230 pag.
2834 1158 2956 1223 160,
2983 1169 3039 1214 et
3081 1162 3222 1228 apud
3250 1159 3504 1214 Pliotium
3541 1162 3592 1214 in
3620 1161 3727 1214 No-

2157 1267 2455 1308 mocanone
2486 1253 2645 1307 titulo
2678 1254 2934 1323 septimo,
2974 1270 3093 1324 pag.
3125 1253 3193 1308 58
3223 1263 3280 1308 et
3313 1269 3469 1323 seqq.
3515 1264 3726 1315 exstat.

2156 1343 2453 1413 imperator
2474 1344 2654 1398 verbis
2681 1346 3061 1414 sequentibus,
3086 1363 3113 1399 a
3139 1346 3470 1401 Leunrlavio
3490 1362 3519 1400 e
3543 1348 3727 1416 lingua

2155 1435 2342 1489 Grmca
2372 1436 2425 1488 in
2463 1434 2711 1490 Latinam
2740 1437 3045 1499 conversis,
3075 1438 3147 1493 ita
3180 1438 3415 1505 primum
3448 1438 3724 1507 loquitur:

2161 1546 2180 1577 ‹
2229 1524 2536 1591 Sancimus,
2567 1536 2629 1581 ut
2657 1527 2731 1581 illi
2763 1528 2879 1582 dies
2918 1528 3097 1584 feriati
3131 1528 3243 1582 sint
3266 1570 3278 1591 ,
3309 1545 3446 1597 quos
3488 1530 3542 1583 in
3586 1546 3728 1599 prai-

2155 1616 2295 1670 seuti
2324 1617 2716 1671 constitutione
2740 1618 3062 1671 nominatim
3092 1621 3558 1685 enumerabimus;
3591 1629 3645 1674 et
3673 1632 3730 1674 ut

2155 1707 2246 1761 alii
2269 1708 2487 1777 quidem
2519 1725 2709 1763 eorum
2739 1708 2901 1763 ferias
2931 1710 2986 1763 in
3023 1711 3341 1765 universum
3378 1712 3639 1777 habeant,
3670 1726 3730 1767 ut

2157 1813 2523 1867 nequaquam,
2560 1808 2677 1853 toto
2713 1800 2958 1869 ipsorum
2994 1800 3228 1854 durante
3274 1802 3481 1870 spatio,
3521 1804 3730 1857 consti-

2158 1888 2233 1941 tui
2281 1887 2546 1959 judicium
2581 1888 2778 1958 possit,
2831 1889 2936 1943 nisi
2992 1889 3243 1944 fortassis
3291 1890 3590 1959 imperator
3630 1905 3731 1959 per

2154 1980 2585 2048 dispensationis
2642 1982 2889 2044 modum,
2946 1981 3028 2034 vel
3081 1981 3153 2034 ob
3211 1983 3593 2036 necessitatem
3647 1982 3731 2050 (ut

2157 2073 2325 2126 multa
2356 2086 2727 2141 saepenumero
2758 2072 2942 2125 subita
2974 2072 3221 2139 quaedam
3258 2087 3441 2125 rerum
3492 2072 3731 2126 varietas

2155 2164 2412 2218 licentius
2432 2179 2638 2218 novare
2659 2164 2818 2233 solet)
2837 2163 2889 2216 in
2912 2163 2979 2216 iis
3000 2177 3216 2231 quoque
3232 2165 3495 2233 judicium
3514 2166 3723 2219 consti-

2155 2263 2310 2308 tuere
2336 2255 2602 2321 voluerit;
2629 2254 2718 2308 alii
2747 2269 2879 2307 vero
2907 2269 2971 2307 ex
3000 2261 3154 2322 parte
3187 2270 3216 2306 a
3248 2254 3474 2324 judiciis
3507 2265 3725 2318 vacent,

2154 2358 2212 2401 ut
2251 2362 2313 2401 ea
2366 2346 2620 2401 videlicet
2667 2357 3031 2399 exerceantur
3080 2361 3108 2398 a
3159 2347 3427 2400 matutino
3476 2356 3723 2415 tempore

2156 2451 2328 2505 usque
2371 2437 2437 2489 ad
2489 2445 2702 2502 tempus
2754 2434 2896 2489 sacri
2932 2434 3114 2488 cultus
3145 2449 3242 2488 seu
3275 2435 3459 2504 potius
3514 2434 3725 2504 (Gmce

2154 2528 2298 2581 enim
2327 2527 2558 2582 habetur
2587 2525 2958 2595 λειτουργίας)
2983 2528 3157 2580 missa
3185 2526 3441 2595 sacriﬁcii
3460 2565 3476 2589 ,
3507 2540 3615 2593 quo
3642 2526 3730 2595 ju—

2153 2619 2367 2673 dicibus
2415 2627 2522 2671 tam
2573 2618 2897 2685 precationi,
2944 2632 3105 2685 quam
3143 2616 3502 2671 celebrationi
3554 2617 3725 2669 divini

2153 2710 2406 2766 Numinis
2438 2710 2663 2763 intentis
2698 2724 2820 2763 esse
2853 2709 3040 2771 liceat,
3089 2723 3153 2763 ac
3189 2718 3409 2777 peracto
3456 2724 3612 2763 sacro
3640 2708 3729 2776 ju-

2154 2803 2315 2863 stitia:
2343 2816 2527 2855 curam
2563 2809 2775 2870 gerant,
2801 2809 2856 2855 et
2891 2800 3125 2868 injurias
3158 2800 3436 2869 perpessis
3459 2801 3615 2870 juxta
3647 2800 3728 2854 vi-

2153 2909 2341 2965 gorem
2377 2893 2557 2962 legum
2593 2903 2937 2946 succurrant.

2227 2983 2315 3037 72.
2363 2981 2469 3037 Sed
2508 2992 2688 3035 tamen
2735 2982 2769 3033 ii
2814 2981 3014 3051 quibus
3060 2981 3296 3036 in-liunc
3348 2983 3568 3036 modum
3608 2992 3732 3051 pos:

2153 3075 2358 3129 cultum
2394 3088 2611 3129 sacrum
2641 3072 2731 3141 jus
2757 3071 2938 3127 dicere
2970 3073 3294 3141 permissum
3319 3082 3426 3137 est,
3469 3074 3523 3127 in
3556 3074 3731 3127 conii-

2155 3168 2368 3223 ciendis
2400 3166 2499 3221 abs
2544 3181 2604 3220 se
2633 3165 3011 3220 potationibus
3040 3181 3105 3219 ac
3156 3166 3544 3221 instrumentis
3576 3180 3728 3220 men-

2154 3262 2356 3315 tionem
2393 3259 2662 3327 temporis
2697 3258 2919 3322 faciant,
2950 3273 3061 3326 quo
3090 3257 3337 3313 confecta
3374 3260 3538 3312 sint.»
3571 3256 3733 3313 Hisce

2152 3366 2317 3420 porro
2350 3350 2667 3420 praemissis,
2710 3349 2887 3418 primo
2936 3348 3055 3402 dies
3104 3348 3333 3401 omnino
3376 3348 3599 3402 feriatos
3631 3365 3729 3402 seu

2152 3446 2357 3514 quibus
2376 3445 2507 3501 totis
2533 3460 2561 3498 a
2588 3444 2821 3499 dicendo
2841 3444 2966 3510 jure
2990 3443 3291 3497 vacandum
3317 3442 3732 3508 sit,enumerat,

2151 3551 2216 3590 ac
2251 3536 2451 3592 deinde
2484 3536 2551 3590 ad
2580 3548 2676 3589 eos
2706 3534 2905 3604 quibus
2937 3549 3001 3587 ex
3051 3543 3202 3603 parte
3243 3542 3453 3587 tantum
3483 3535 3730 3587 vacatio-

2151 3644 2278 3682 nem
2308 3627 2543 3680 tribunal
2571 3627 2751 3691 habet,
2781 3624 3151 3695 progreditur,
3177 3626 3355 3694 iisque
3376 3625 3445 3679 26
3470 3625 3729 3678 Octobris

2150 3720 2321 3782 diem,
2358 3739 2376 3771 ι
2414 3719 2557 3788 quod
2592 3719 2637 3771 is
2663 3733 2882 3786 magno.
2919 3726 2982 3773 ut
3013 3718 3110 3778 ait.
3139 3726 3196 3772 et
3230 3716 3525 3787 unguentis
3547 3726 3729 3770 scatu-

2152 3809 2314 3862 rienti
2340 3808 2613 3861 Demetrio
2629 3806 2801 3861 festus
2823 3800 3069 3875 agatur,i
3092 3807 3517 3871 accenset.Quin
3545 3808 3730 3875 itaque

2151 3896 2462 3951 Demetrius
2492 3896 2633 3951 festo
2663 3913 2871 3959 annuo,
2898 3898 3055 3966 cujus
3100 3906 3253 3965 parte
3299 3897 3480 3964 aliqua
3527 3913 3556 3950 a
3604 3898 3728 3964 jure

2151 3989 2383 4043 dicendo
2412 3989 2713 4042 vacandum
2754 3998 2921 4050 esset,
2960 4004 2989 4041 a
3032 3987 3237 4044 Graecis
3276 3997 3404 4042 ante
3457 3990 3720 4042 saeculum

2151 4082 2372 4135 tertium
2423 4080 2694 4134 decimum
2747 4079 3049 4134 honoratus
3098 4079 3282 4142 fuerit,
3329 4074 3722 4148 ambigendum

2150 4189 2258 4228 non
2296 4181 2403 4226 est.
2436 4173 2604 4226 Porro
2650 4172 2816 4227 fuisse
2847 4185 3071 4241 quoque
3104 4186 3201 4240 per
3237 4172 3359 4225 l'esti
3412 4171 3556 4223 illius
3598 4188 3726 4239 par-

2150 4276 2258 4320 tem
2289 4266 2357 4319 ab
2386 4264 2646 4333 Operibus
2677 4263 2963 4318 servilibus
3014 4262 3400 4316 abstinendum
3440 4261 3723 4322 Bailletus.

2149 4366 2285 4411 tom.
2314 4356 2382 4411 ΠΙ
2421 4356 2655 4410 Virorum
2695 4355 2800 4410 col.
2834 4355 2935 4409 115
2955 4356 3023 4409 ad
3058 4354 3091 4408 8
3115 4352 3371 4408 Octobris
3403 4353 3546 4409 diem
3580 4353 3725 4408 δαιτ-

468 4460 777 4516 raculorum
806 4461 925 4530 ejus
957 4460 1085 4515 tuba
1121 4459 1454 4523 celebretur,
1479 4458 1686 4527 praebet
1716 4472 1869 4526 sane,
1897 4459 2040 4511 unde

2152 4456 2282 4500 mat.
2315 4448 2493 4512 Atque
2522 4444 2571 4501 id
2604 4446 2849 4514 quidem,
2870 4452 2992 4498 utut
3023 4444 3077 4497 in
3104 4444 3319 4497 laudata
3350 4443 3725 4498 Emmanuelis

468 4566 578 4603 non
637 4551 937 4614 immerito,
994 4551 1261 4606 Sanctum
1333 4557 1582 4602 nostrum
1643 4548 1844 4617 insigni
1896 4550 2038 4615 apud

467 4639 686 4696 Graecos
731 4642 969 4695 nominis
1005 4641 1325 4695 celebritate
1356 4641 1506 4708 juxta
1539 4654 1601 4691 ac
1637 4639 1765 4693 hinc
1796 4649 1912 4693 orta
1948 4656 2039 4693 ve-

471 4732 752 4786 neratione
787 4732 879 4786 diu
929 4733 1093 4786 etiam
1145 4741 1274 4785 ante
1318 4730 1580 4785 saeculum
1619 4739 1872 4783 octavum
1923 4730 2040 4783 eni-

469 4823 640 4878 tuisse
663 4823 1016 4878 arbitremur.

538 4916 627 4969 7l.
661 4914 817 4981 Quod
844 4930 969 4970 cum
1004 4915 1076 4969 ita
1117 4916 1223 4981 sit,
1259 4916 1392 4986 quin
1437 4915 1536 4971 abs
1576 4914 1660 4970 liis
1688 4915 1777 4968 ille
1809 4916 2035 4983 pariter,

467 5023 578 5063 non
619 5022 779 5063 secus
803 5023 869 5061 ac
897 5007 1158 5063 clariores
1206 5007 1385 5063 sancti
1417 5006 1530 5070 alii,
1560 5006 1738 5060 officio
1767 5007 2037 5060 ecclesia—

465 5098 606 5153 stico
647 5097 950 5153 honoratus
990 5096 1103 5167 jam
1151 5106 1267 5152 tum
1320 5096 1507 5163 fuerit,
1541 5097 1629 5151 vix
1673 5095 2037 5151 dubitandum

458 5198 714 5258 apparet,
739 5188 976 5243 maxime
1009 5204 1135 5243 cum
1168 5187 1415 5243 festivam
1447 5188 1567 5256 ejus
1596 5188 1771 5241 lucem
1801 5185 2041 5242 Thessa-

463 5280 657 5335 lonicm
697 5283 809 5349 jam
862 5282 989 5336 inde
1040 5298 1069 5335 a
1102 5281 1302 5336 SfBClllO
1327 5290 1481 5336 sexto
1514 5280 2037 5349 verosimillimeque

465 5375 632 5427 etiam
652 5373 815 5429 citius
838 5372 1136 5442 quotannis
1157 5372 1420 5426 celebrari
1452 5371 1768 5442 contigerit,
1794 5371 1869 5425 uti
1898 5370 2037 5425 infra

464 5464 775 5518 ostendam.
808 5462 980 5518 Porro
1011 5462 1317 5515 Demetrius
1362 5475 1471 5515 non
1499 5470 1714 5515 tantum
1739 5458 1914 5514 officio
1942 5475 2036 5515 ec-

465 5556 793 5619 clesiastico,
844 5568 1033 5609 verum
1079 5553 1245 5607 etiam
1300 5552 1436 5606 festo
1488 5567 1695 5615 annuo,
1743 5566 1850 5621 quo
1897 5552 2035 5607 sacri

465 5647 651 5701 cultus
702 5662 798 5703 seu
852 5646 1185 5701 sacrosancti
1258 5643 1434 5697 Missa:
1488 5643 1740 5698 sacrificii
1794 5652 2038 5713 tempore

464 5739 556 5809 jus
594 5740 775 5794 dicere
806 5738 961 5795 nefas
1003 5747 1165 5801 esset,
1198 5735 1340 5804 apud
1383 5735 1631 5797 Gnecos,
1685 5733 1727 5786 si
1767 5748 1874 5789 non
1907 5741 2036 5789 ante

2145 4538 2410 4593 Comneni
2466 4537 2813 4606 imperatoris
2847 4535 3067 4590 Novella
3119 4549 3378 4602 expresse
3404 4550 3514 4589 oon
3543 4551 3726 4590 asser-

2146 4639 2283 4693 tum,
2316 4628 2794 4682 verosimillimum
2827 4634 3079 4695 apparet.
3137 4608 3343 4680 Verum
3393 4625 3441 4679 is
3484 4627 3725 4696 scriptor

2143 4722 2211 4776 de
2238 4720 2382 4775 festo
2414 4721 2531 4782 illo,
2567 4718 2713 4790 quod
2744 4727 3058 4787 comparate
3090 4718 3158 4772 ad
3186 4717 3322 4772 festa
3363 4717 3468 4770 alia
3495 4718 3725 4771 omnino

2143 4812 2340 4865 feriata
2387 4813 2647 4866 secunda:
2694 4812 2963 4864 duntaxat
3000 4808 3195 4863 classis
3229 4807 3429 4862 festum
3478 4807 3718 4876 primum

2146 4903 2330 4966 fuerit.
2358 4903 2473 4958 haec
2503 4912 2764 4973 praeterea
2792 4899 2994 4955 ibidem
3032 4898 3184 4953 addit
3216 4915 3230 4950 :
3268 4918 3287 4950 ι
3319 4899 3471 4952 Adeo
3505 4897 3723 4951 celebre

2143 5002 2265 5062 post
2290 4992 2493 5048 factum
2525 5001 2629 5057 est,
2673 5002 2732 5046 ut
2772 4991 2919 5046 haud
2968 4989 3299 5052 minoribus,
3332 5003 3496 5057 quam
3532 4988 3723 5057 prima:

2142 5085 2336 5140 classis
2366 5085 2527 5149 festa,
2559 5084 2900 5139 cazrenioniis
2940 5083 3276 5137 celebratum
3313 5081 3498 5144 fuerit,
3528 5090 3723 5151 estque

2142 5175 2210 5231 de
2240 5173 2514 5246 praecepto
2555 5190 2650 5243 per
2684 5184 2854 5228 totum
2900 5174 3045 5227 diem
3103 5172 3375 5237 hodieque
3417 5171 3723 5225 observan-

2142 5268 2295 5321 dum.
2330 5286 2347 5317 ι
2386 5267 2461 5319 Ita
2504 5267 2614 5327 ille,
2665 5266 2719 5318 in
2771 5265 3040 5333 margine.
3082 5278 3203 5331 qua:
3248 5263 3452 5317 Smith.
3503 5262 3723 5317 Statura

2141 5357 2337 5413 ercte
2353 5356 2621 5419 Ecclesia’,
2654 5369 2778 5424 pag.
2808 5354 2894 5417 12,
2928 5354 3149 5414 habent,
3183 5369 3282 5421 pro
3311 5369 3369 5407 se
3396 5354 3590 5407 citans.
3617 5349 3726 5405 Ve-

2142 5467 2287 5512 rum,
2334 5464 2458 5503 cum
2500 5462 2645 5517 opus
2701 5447 2806 5501 hoc
2859 5447 2925 5501 ad
3001 5461 3223 5500 manuni
3262 5462 3374 5501 non
3423 5448 3515 5511 sit,
3557 5444 3716 5499 ﬁdem

2140 5550 2402 5611 quantum
2460 5539 2511 5593 id
2570 5538 2715 5608 quod
2772 5538 2954 5591 verbis
3006 5536 3499 5599 recitatis'docet,
3547 5550 3720 5605 penes

2141 5638 2318 5704 ipsum
2349 5641 2496 5689 stare
2524 5632 2668 5693 volo,
2704 5640 2756 5685 et
2804 5632 2868 5685 ad
2907 5632 3006 5685 alia
3057 5630 3236 5693 modo,
3277 5645 3396 5700 qua:
3432 5628 3497 5683 ad
3526 5626 3715 5682 Sancti

2141 5727 2347 5783 cultum
2383 5731 2654 5794 spectant,
2689 5722 2914 5793 gradum
2953 5723 3113 5777 facio.
