4142 6380
467 340 604 398 1123
932 350 940 373 κ

1773 324 2220 385 SUPPLEMEN
2232 325 2418 386 TUM.

3581 328 3714 393 ιιξξι

468 450 633 522 μνη.
700 447 875 522 Quam
923 444 1146 496 eximius
1194 441 2030 522 ΤΙιεδεα-ιοηὶειεφαίητε-δαμείω
2062 443 2101 496 Α
2135 442 2504 493 monumentis
2560 440 2794 510 antiquis
2862 457 2969 495 non
3037 453 3310 507 occurrat,
3376 460 3586 500 sacram
3645 448 3713 501 de

536 521 694 589 fuerit
728 516 956 575 delatus,
991 524 1038 567 et
1064 529 1225 582 quam
1264 514 1471 582 quidem
1506 517 1759 581 antiquus
1804 515 1845 564 ir
1870 514 1962 565 sit.

537 631 623 683 75.
663 627 872 680 Esimia
924 626 1081 695 plane
1110 625 1461 679 veneratione
1490 626 1750 692 cultuque
1785 626 2042 679 ecclesia-

472 721 611 776 stico
637 718 1039 771 Thessalonica.-
1058 716 1311 779 Joannis,
1327 717 1565 770 civitatis
1584 716 1745 784 huius
1769 717 2041 786 archiepi-

467 810 639 874 scopi,
654 807 1072 877 sa‘pissimejam
1091 823 1255 877 supra
1274 808 1475 861 laudati
1493 807 1743 875 infraque
1758 807 2037 873 laudandi,

467 909 624 955 aetate
654 915 751 953 seu
785 899 987 952 sarculo
1032 900 1265 968 septinto
1293 899 1537 968 gavisum
1589 897 1758 952 fuisse
1788 907 2037 951 sanctum

471 991 831 1054 llmiietriiim,
878 991 963 1043 vel
993 1005 1025 1044 e
1055 992 1208 1050 solis,
1265 991 1468 1058 quibus
1501 991 1646 1043 hunc
1676 992 1915 1059 scriptor
1950 990 2040 1044 ille

471 1081 859 1135 Miraculorum
885 1082 1205 1135 edendorum
1236 1082 1331 1135 lib.
1362 1097 1378 1134 ι
1431 1081 1878 1148 frequentissime
1904 1097 2039 1135 con-

469 1178 714 1237 decorat,
747 1176 1342 1239 honorificentissimis,
1383 1176 1558 1245 iisque
1610 1178 1896 1241 duntaxat,
1946 1178 2036 1246 qui

472 1281 575 1336 pro
601 1268 807 1322 sanctis
834 1270 1113 1330 coluntur,
1149 1270 1264 1322 dari
1304 1268 1480 1322 solitis
1536 1270 1709 1322 titulis
1743 1269 1887 1322 haud
1922 1283 2039 1321 om-

474 1364 604 1413 nino
646 1362 829 1428 inepte
862 1362 1146 1429 conjicias.
1191 1361 1392 1423 Verum
1432 1376 1498 1414 ne
1550 1361 1883 1427 conjectttris
1918 1369 2039 1412 tan-

476 1454 757 1506 tummodo
786 1456 1047 1506 utendum
1073 1455 1249 1507 hacin
1282 1468 1338 1506 rc
1370 1453 1462 1513 sit.
1488 1454 1532 1506 is
1561 1452 1676 1519 ipse
1704 1454 1865 1507 etiam
1901 1453 2037 1504 scri-

475 1555 599 1615 ptor
659 1545 808 1598 facit.
882 1546 1098 1598 Etenim
1157 1547 1467 1598 eucornium
1523 1548 1633 1614 jam
1690 1561 1853 1615 supra
1919 1545 2040 1614 plus

471 1638 639 1691 semel
699 1639 923 1690 citatum
990 1638 1237 1705 binisque
1292 1638 1440 1691 hisce
1511 1639 1754 1707 Μνήμην
1790 1638 2037 1703 ,δικαίων

470 1728 653 1781 verbis
710 1727 1051 1789 inchoatum,
1107 1727 1249 1795 quod
1282 1728 1348 1781 ad
1399 1726 1920 1782 Thessalooieeuses
1969 1728 2037 1779 de

2146 549 2249 601 qua
2284 534 2372 586 hic
2427 533 2598 586 aedem
2649 531 2854 586 Sancto
2888 544 3077 589 nostro
3107 534 3513 590 Thessalonicae
3547 536 3713 591 fuisse

2141 624 2254 689 jam
2286 623 2410 677 inde
2437 640 2465 676 a
2498 625 2682 677 saaculi
2712 625 2891 693 quinti
2927 625 3085 678 initio
3117 635 3377 687 erectam,
3406 628 3712 682 verosimile

2146 732 2282 768 sane
2323 724 2573 783 apparet,
2635 716 2736 769 etsi
2796 716 3040 779 interim.
3100 719 3245 785 quod
3300 717 3480 770 forsan
3537 718 3713 787 reipsa

2148 805 2429 865 Leontius.
2466 822 2494 860 a
2532 807 2735 861 codicis
2765 808 3135 863 Theodosiani
3185 809 3413 862 Leontio
3441 809 3709 873 diversus,

2146 912 2244 951 nec
2286 906 2466 950 tamen
2525 898 2578 951 in
2636 904 3011 955 monumentis
3052 901 3176 954 ullis
3230 902 3468 969 antiquis
3505 918 3710 956 memo-

2145 978 2316 1049 ratus,
2371 991 2644 1061 Illyricum
2695 994 2875 1046 serius
2908 991 3153 1061 prwfecti
3217 1009 3445 1048 munere
3484 995 3715 1048 admini-

2144 1082 2353 1142 strarit,
2391 1096 2477 1133 res
2508 1080 2871 1150 undequaque
2904 1092 3051 1136 certa
3088 1099 3196 1136 non
3228 1086 3321 1137 sit.
3369 1082 3594 1148 Verum,
3631 1094 3716 1138 ut-

2143 1188 2362 1240 Cuuque
2411 1174 2504 1236 sit,
2558 1188 2768 1226 sacram
2825 1173 3079 1241 equidem
3125 1174 3401 1228 Demetrio
3426 1177 3618 1234 mdcm.
3655 1186 3711 1230 et

2141 1268 2364 1336 quidem
2423 1283 2545 1334 qua:
2601 1283 2708 1321 non
2748 1284 2925 1337 parvae
2975 1269 3243 1321 duntaxat
3300 1270 3479 1332 molis,
3515 1270 3591 1322 uti
3648 1286 3711 1322 ex

2142 1359 2498 1413 Anastasiana
2555 1359 2740 1413 Sancti
2804 1360 2943 1421 Vita,
3006 1361 3059 1413 in
3089 1374 3193 1427 qua
3226 1358 3534 1412 Oratorium
3590 1374 3711 1411 tan-

2143 1450 2426 1502 tummodo
2458 1458 2704 1514 vocatur,
2747 1465 2855 1502 non
2893 1463 3050 1503 nemo
3080 1450 3223 1502 forte
3248 1450 3487 1519 colligat.
3540 1449 3710 1502 mlifi-

2141 1539 2281 1591 t-inm
2338 1549 2502 1602 esset,
2539 1541 2631 1593 sed
2669 1540 2879 1610 insigne
2914 1540 3072 1607 plane
3099 1540 3383 1610 templum,
3421 1540 3711 1593 Thessalo-

2139 1631 2275 1684 nic:c
2322 1631 2433 1697 jam
2487 1631 2577 1683 diu
2608 1642 2736 1685 ante
2779 1630 3013 1685 Joannis
3060 1631 3569 1685 Thessalonicensis
3620 1644 3709 1681 ar-

2140 1721 2497 1790 chiepisc0pi,
2530 1723 2646 1791 qui.
2704 1732 2760 1775 ut
2791 1736 2958 1790 supra
2992 1722 3177 1787 docui,
3215 1722 3414 1775 Saecnlo
3474 1724 3704 1790 septimo

472 1826 663 1871 sancto
714 1817 993 1873 Demetrio
1049 1818 1208 1882 dixit,
1270 1834 1391 1872 sese
1453 1828 1601 1883 tunc,
1652 1835 1773 1874 cum
1841 1820 2033 1873 festiva
2071 1818 2107 1873 Β
2139 1813 2341 1878 ﬂoruit,
2375 1824 2588 1867 aetatem
2639 1816 2915 1869 exstitisse
2980 1829 3043 1867 cx
3087 1815 3152 1868 iis
3191 1830 3311 1883 qua:
3360 1813 3447 1868 hic
3473 1815 3707 1883 scriptor

473 1911 592 1976 eius
644 1910 736 1963 lux
787 1921 1064 1980 ageretur,
1095 1911 1298 1965 dixisse
1326 1913 1394 1964 ab
1419 1912 1537 1977 ipso
1574 1913 1755 1966 statim
1786 1912 1910 1967 dicti
1944 1928 2041 1964 en-

478 2002 638 2054 comii
669 2002 825 2054 initio
860 2002 1085 2062 indicat.
1125 2003 1195 2056 ita
1232 2003 1361 2055 illud
1401 2019 1662 2056 exorsus:
1702 2004 1936 2072 Μνήμην
1961 2004 2041 2055 δι-

475 2093 645 2144 καίων
666 2091 781 2158 μετ’
800 2093 1089 2159 ἐγκωμίων
1115 2094 1379 2145 ποιεῖσθαι
1406 2094 1667 2163 Σαλομὼν
1686 2094 2040 2147 συνεϐούλευ-

478 2200 589 2246 σεν,
620 2184 672 2237 id
705 2193 811 2247 est,
836 2203 853 2235 ι
898 2184 1222 2238 Sanctorum
1268 2187 1587 2237 memoriam
1620 2202 1743 2239 cum
1774 2188 2042 2241 cncomiis

478 2275 775 2332 celebrare.
835 2276 1091 2329 Salomon
1158 2276 1355 2329 suasit.
1394 2294 1410 2325 ι
1448 2277 1648 2329 Λάιιιοο
1700 2276 1894 2330 ciborii
1945 2292 2041 2331 seu

477 2366 663 2420 altaris
721 2367 1022 2420 umbraculi
1065 2368 1401 2428 incendium,
1462 2368 1600 2435 quod
1640 2368 2040 2422 )Iiracnlorum

477 2458 572 2511 lib.
609 2475 646 2521 t,
695 2474 816 2527 cap.
858 2458 943 2517 12.
995 2457 1183 2521 refert,
1214 2459 1494 2527 aliquanto
1532 2460 1792 2527 temporis
1824 2462 2023 2530 spatio,

491 2558 783 2617 antequam
824 2550 873 2603 id
909 2550 1102 2604 litteris
1138 2551 1340 2604 ibidem
1376 2552 1677 2614 mandaret,
1719 2552 1832 2621 ipsa
1889 2568 2042 2607 sacra

485 2642 663 2695 sancti
715 2642 973 2696 Demetrii
1014 2642 1157 2706 luce,
1215 2645 1535 2713 quotannis,
1586 2655 1644 2699 ut
1681 2645 1774 2712 ait,
1824 2645 1912 2699 die
1969 2645 2043 2700 26

475 2729 725 2788 Octobris
759 2734 1020 2787 celebrari
1081 2744 1197 2789 tum
1240 2736 1419 2798 solita,
1477 2737 1728 2791 evenisse
1782 2737 2042 2801 declarat,

477 2838 649 2893 eaque
680 2826 871 2879 eodem
901 2826 1023 2879 loco
1054 2827 1321 2895 adiungit,
1368 2843 1398 2880 e
1447 2830 1642 2894 quibus
1673 2829 1858 2884 Sancti
1892 2830 2044 2885 festi-

474 2917 699 2969 vitatem
738 2931 846 2969 nou
888 2933 998 2970 uno
1058 2918 1321 2971 duntaxat
1371 2920 1455 2971 die
1481 2918 1883 2975 Thcssalmiictc
1916 2930 2043 2976 tunc

475 3006 701 3061 durasse
750 3008 1079 3076 intelligitur
1106 3026 1119 3072 ;
1150 3020 1205 3061 ut
1231 3024 1383 3072 sane,
1412 3010 1541 3078 quin
1595 3011 1827 3065 Sanctus
1876 3011 2039 3065 Joan-

476 3098 562 3152 nis
617 3098 1126 3153 'I'bcssalonicensis
1168 3110 1331 3153 :etate
1368 3116 1462 3153 seu
1525 3102 1727 3155 saeculo
1782 3104 2039 3173 septimo,

478 3188 588 3241 imo
610 3189 796 3250 etiam,
834 3202 957 3241 cum
1023 3188 1228 3242 dictum
1269 3189 1581 3241 incendium
1635 3189 1836 3243 szcculo
1889 3197 2044 3243 sexto

475 3293 568 3332 aut
591 3280 871 3347 sequentis
897 3279 1076 3343 initio,
1102 3280 1179 3333 uti
1208 3280 1257 3331 in
1293 3280 1583 3333 Adnotatis
1603 3296 1722 3348 cap.
1747 3297 1868 3333 mox
1901 3282 1970 3334 diu
1994 3290 2046 3334 to

475 3370 775 3423 subdendis
799 3370 1031 3433 docebo,
1061 3370 1328 3430 evenerit,
1367 3370 1566 3423 saeculo
1599 3381 1755 3423 sexto
1783 3371 1929 3424 cultu
1956 3388 2045 3424 cc-

472 3460 787 3513 elesiastico
824 3460 985 3527 plane
1032 3460 1238 3528 insigni
1274 3458 1437 3513 fuerit
1478 3459 1725 3520 affectus,
1767 3464 1913 3513 nulla
1957 3479 2044 3515 ra-

473 3552 626 3607 tione
667 3550 1048 3619 ambigendum
1098 3551 1189 3603 sit.

549 3636 638 3689 74.
671 3636 867 3690 Verum
897 3652 1082 3691 nonne
1101 3637 1264 3691 etiam
1290 3648 1418 3693 ante
1443 3639 1699 3693 saeculum
1728 3650 1938 3695 sextum
1971 3642 2043 3696 ita

477 3725 715 3782 Sanctus
771 3729 824 3781 in
886 3730 1109 3783 civitate
1169 3746 1265 3785 sua
1323 3733 1493 3787 natali
1547 3733 1804 3787 honorari
1841 3734 2045 3802 cmpit?

474 3819 801 3888 Antequam,
835 3836 953 3889 qua’
988 3837 1108 3875 mea
1142 3822 1242 3875 hac
1285 3824 1352 3878 de
1379 3840 1435 3877 re
1471 3825 1541 3877 sit
1574 3826 1777 3894 opinio,
1810 3826 2042 3892 edicam,

473 3910 738 3963 nonnulla
767 3911 1168 3979 adhucjuverit
1200 3914 1551 3980 praemisisse.
1588 3914 1780 3968 Aidem
1828 3930 2040 3968 sacram

472 4011 664 4054 sancto
716 4001 991 4055 Demetrio
1030 4002 1460 4067 Thessalonicae,
1492 4022 1615 4059 cum
1653 4021 1868 4059 sacrum
1924 4009 2044 4075 ejus

475 4104 678 4159 corpus
708 4096 811 4147 sub
845 4103 990 4147 terra
1024 4094 1343 4164 aliquandiu
1377 4096 1665 4165 iacuisset,
1711 4112 1739 4149 a
1794 4097 2038 4158 Leontio,

473 4181 669 4253 Illyrici
712 4185 985 4253 prtcfccto,
1023 4202 1088 4239 eo
1147 4187 1265 4256 ipso
1312 4202 1422 4256 quo
1484 4198 1638 4241 terrae
1678 4187 1856 4241 fuerat
1888 4204 2042 4241 man-

473 4275 656 4328 datum
721 4280 840 4332 loco
889 4279 1057 4334 fuisse
1096 4291 1448 4348 exstructam,
1486 4282 1842 4336 Anastasiana
1881 4283 2043 4336 simul

473 4373 531 4417 et
558 4364 821 4421 Photiana
861 4368 1046 4424 Sancti
1082 4371 1268 4426 Passio
1297 4382 1554 4427 testatum
1578 4374 1727 4427 facit.
1767 4374 2041 4428 Posterio-

2143 1908 2417 1962 memorim
2457 1909 2632 1976 prodit
2664 1907 3024 1961 indubitatum
3066 1918 3167 1961 est.

2215 1998 2303 2050 75.
2336 1997 2550 2050 Etenim
2592 1998 2644 2050 in
2688 1997 3040 2067 panegyrica,
3080 2011 3241 2063 quam
3282 1995 3622 2049 Praefationis
3650 1994 3703 2047 in

2143 2089 2360 2143 modum
2398 2086 2509 2152 (adi
2563 2104 2716 2143 num.
2746 2089 2800 2158 4)
2834 2090 3064 2141 narratis
3098 2104 3125 2139 a
3176 2103 3232 2141 se
3268 2086 3542 2139 miraculis
3572 2101 3706 2153 pne-

2145 2182 2333 2245 mittit,
2394 2182 2644 2235 oratione
2684 2183 2749 2236 de
2789 2181 2988 2250 primo.
3019 2181 3163 2249 quod
3186 2180 3405 2249 iamiam
3440 2180 3708 2231 relaturus

2143 2284 2246 2337 est,
2304 2273 2566 2327 miraculo
2628 2274 2683 2327 in
2740 2274 2930 2328 codice
2973 2273 3100 2326 olim
3140 2272 3484 2333 Mazarinaeo,
3546 2284 3707 2338 supra

2145 2368 2442 2437 saepissime
2468 2368 2710 2431 laudato,
2736 2381 2860 2435 pag.
2889 2367 2952 2419 l7
2985 2380 3135 2419 versa
3163 2373 3218 2418 et
3246 2378 3397 2431 seqq.
3436 2363 3506 2415 ita
3532 2363 3708 2430 loqui-

2150 2471 2237 2515 tur
2259 2477 2272 2512 :
2314 2460 2369 2512 Ἀ
2380 2459 2667 2527 κούσωμεν
2684 2459 2885 2520 τοίνυν,
2909 2459 2957 2509 εἰ
2975 2458 3142 2515 δοκεῖ,
3169 2455 3306 2524 μετὰ
3323 2455 3602 2515 συντονίας
3617 2454 3710 2505 καὶ

2145 2550 2492 2614 κατανύξεως
2538 2549 2758 2619 πρώτου
2813 2548 2967 2601 τοῦδε
3021 2547 3115 2599 τοῦ
3165 2546 3472 2615 θαύματος,
3529 2546 3558 2598 ὃ
3613 2546 3708 2597 καὶ

2147 2643 2378 2704 πολλοὺς
2428 2640 2585 2710 ὑμῶν
2633 2641 2936 2707 πέπεισμαι
2967 2639 3040 2708 μὴ
3074 2640 3287 2705 ἀγνοεῖν
3326 2639 3414 2690 διὰ
3452 2638 3515 2689 τὸ
3557 2635 3709 2705 περε-

2148 2751 2347 2800 φειντον
2377 2734 2432 2785 ὲν
2481 2734 2579 2804 ain
2628 2733 2694 2801 τῇ
2741 2730 3050 2801 Μακεδονίᾳ
3094 2731 3187 2781 καὶ
3234 2732 3300 2798 τῇ
3350 2729 3710 2799 βασιλευούσῃ

2148 2826 2301 2877 πόλει
2337 2825 2642 2892 γεγονέναι,
2691 2823 2785 2874 καὶ
2832 2822 2989 2892 μέχρι
3038 2821 3133 2873 νῦν
3166 2820 3385 2892 ᾄδεσθαι
3419 2823 3565 2889 παρὰ
3598 2821 3709 2878 τοῖς

2146 2918 2401 2969 ἁπάντων
2441 2915 2676 2981 στόμασι
2723 2913 2926 2965 παὲδων
2972 2914 3036 2965 ὲκ
3090 2912 3341 2980 πατέρων
3372 2909 3711 2980 παρειληφό-

2145 3024 2252 3058 των
2283 3006 2380 3069 τὴν
2410 3005 2615 3072 ἐναργῆ
2680 3003 2771 3055 τοῦ
2836 3002 3111 3071 μάρτυρος
3163 3005 3253 3053 καὶ
3303 3001 3709 3066 ἀπροσδόκητον

2149 3096 2614 3165 θαυματουργίαν.
2635 3095 2766 3157 Quae
2800 3093 2984 3148 Graeca
3004 3094 3166 3147 verba
3185 3095 3256 3145 ita
3279 3102 3473 3146 sonant
3493 3091 3705 3144 Latine:

2072 3157 2115 3214 Ο
2152 3207 2171 3237 ε
2205 3189 2501 3241 Audiamus
2537 3188 2721 3256 igitur,
2746 3186 2789 3238 si
2821 3186 3013 3254 placet.
3049 3201 3169 3237 cum
3206 3184 3372 3236 animi
3407 3184 3706 3236 attentione.

2148 3275 2307 3327 simul
2345 3282 2399 3327 ct
2452 3277 2875 3342 emnpuuctione
2923 3273 3157 3342 primum
3191 3273 3320 3326 illud
3366 3272 3708 3334 miraculum,

2149 3365 2294 3431 quod
2334 3375 2574 3416 vestrum
2609 3364 2830 3425 multos,
2871 3365 2961 3433 qui
2988 3366 3044 3417 in
3096 3373 3205 3417 tota
3253 3363 3565 3417 Macedonia
3608 3364 3710 3416 im-

2152 3464 2482 3523 peranteque
2515 3456 2738 3509 civitate
2770 3456 2864 3523 (ita
2893 3456 3065 3509 Graeci
3118 3456 3416 3524 scriptores
3442 3456 3710 3507 Constan-

2149 3547 2434 3615 tinopolim
2492 3547 2692 3613 passim
2733 3548 3030 3617 appellant)
3062 3549 3409 3602 notissimum
3447 3556 3551 3609 est,
3589 3564 3708 3600 om-

2148 3638 2412 3705 niumque
2444 3654 2559 3700 ore,
2614 3654 2644 3692 e
2684 3639 2930 3708 patribus
2985 3656 3082 3709 per
3115 3641 3252 3694 ﬁlios
3280 3639 3515 3694 evidenti
3558 3640 3712 3692 inex-

2148 3738 2499 3798 spectataquc
2531 3731 2788 3799 martyris
2814 3730 3093 3797 (Demetrii
3126 3731 3401 3801 videlicet)
3462 3730 3706 3785 miraculi

2148 3821 2456 3888 patratione
2486 3820 2695 3884 audita,
2731 3821 2782 3872 in
2818 3836 3058 3889 presens
3098 3838 3270 3890 usque
3305 3834 3520 3891 tempus
3561 3821 3707 3875 cele-

2146 3914 2353 3973 bratur,
2390 3927 2496 3967 non
2554 3913 2804 3981 ignorare
2834 3914 3112 3967 existimo.
3163 3933 3180 3963 ι
3221 3913 3279 3966 ln
3314 3913 3481 3980 hujus
3528 3923 3708 3967 autem

2148 4004 2418 4065 miraculi,
2447 4005 2591 4071 quod
2622 4004 3001 4058 Hiraculorum
3025 4006 3342 4059 edendorum
3376 4006 3471 4061 lib.
3518 4022 3553 4064 I.
3580 4021 3708 4073 cap.

2149 4097 2173 4149 1
2211 4096 2396 4158 refert,
2421 4096 2674 4164 quodque
2710 4095 2777 4149 de
2822 4097 3120 4164 desperata:
3151 4097 3401 4151 sanitatis
3432 4097 3709 4167 praefecto,

2147 4187 2390 4241 Mariano
2460 4202 2678 4256 nempe,
2731 4187 2917 4242 Graece
2951 4189 3083 4256 περὶ
3141 4190 3235 4242 τοῦ
3271 4192 3710 4252 ἁπελπεσθέντος
3750 4202 3763 4205 ⁷

2146 4281 2389 4349 ἐπάρχου
2421 4280 2695 4345 inscribit,
2728 4282 3050 4335 narratione
3086 4282 3318 4351 insignis
3373 4284 3533 4352 plane
3570 4294 3712 4337 tem-

2146 4370 2243 4436 pli,
2273 4371 2417 4439 quod
2474 4369 2897 4435 Thessalonicae,
2951 4372 3077 4426 dum
3135 4381 3415 4426 narratum
3450 4376 3517 4426 ab
3564 4374 3709 4427 eoin

477 4454 555 4507 ris
578 4456 743 4524 hujus
766 4459 1277 4529 lucubratiunculm,
1303 4480 1334 4518 a
1357 4480 1462 4533 qua
1488 4466 1636 4534 prior
1659 4465 1713 4518 in
1740 4465 2043 4519 substantia
2080 4481 2119 4535 ι)
2149 4461 2393 4515 Mariano
2448 4463 2708 4531 praefecto
2763 4471 3073 4532 patraretur
3130 4465 3479 4529 miraculum,
3521 4472 3711 4518 sancto

474 4545 619 4601 haud
678 4549 942 4613 dissonat,
1001 4554 1169 4607 verba
1228 4555 1335 4609 huc
1381 4556 1684 4624 spectantia
1716 4557 1830 4609 haec
1869 4559 2033 4610 Sunt:

381 4653 391 4662 ·
420 4631 432 4641 ’
476 4656 499 4689 ι
528 4639 758 4706 Quidam
794 4657 924 4696 vero
953 4642 1214 4699 Leontius
1249 4646 1332 4700 vir
1364 4647 1509 4715 pius,
1540 4654 1728 4715 postea
1757 4646 2043 4715 praefectu-

470 4744 613 4789 ram.
647 4746 753 4800 qua
785 4731 1055 4803 Illyricum
1118 4738 1544 4798 administravit,
1582 4739 1832 4807 adeptus,
1862 4739 2040 4793 locum

471 4822 722 4891 expiant,
748 4823 803 4878 in
834 4840 943 4894 quo
1011 4828 1189 4882 sancti
1224 4829 1479 4899 martyris
1504 4830 1747 4898 reliquize
1777 4831 2042 4900 conquie-

470 4923 688 4978 verant,
746 4924 802 4970 et
831 4920 1126 4987 ainplians,
1186 4921 1446 4973 excitavit
1500 4921 1763 4989 templum
1797 4935 1868 4976 eo
1920 4922 2042 4977 loco

474 5010 720 5079 martyri,
773 5024 1065 5064 commune
1114 5012 1551 5082 prepitiatoriutn
1601 5024 1657 5069 et
1710 5015 2038 5085 perfugium,

471 5113 583 5153 non
604 5099 1009 5159 Thessalonica:
1028 5105 1226 5171 solum,
1246 5106 1341 5160 sed
1365 5114 1422 5160 et
1438 5107 1693 5161 omnibus
1713 5108 1983 5162 finitimis.
2018 5127 2036 5159 ι

472 5189 700 5255 Verum,
759 5203 819 5247 ut
866 5210 974 5263 quo
1032 5205 1279 5265 tempore
1342 5197 1393 5251 id
1434 5197 1634 5251 factum
1682 5200 2043 5253 verositnilius

472 5276 637 5332 fuerit
693 5282 1038 5345 deliniatnus.
1108 5286 1162 5338 in
1220 5287 1411 5341 codice
1469 5285 1874 5350 Theodosiano,
1917 5304 2041 5341 cum

472 5364 797 5424 Gothofredi
822 5371 1250 5428 Commentariis
1274 5391 1419 5429 anno
1439 5376 1575 5430 1665
1600 5376 1850 5446 Lugduni
1871 5378 2037 5441 edito,

472 5467 609 5512 tom.
652 5459 733 5526 Vl,
770 5478 889 5532 pag.
932 5466 1034 5522 569
1068 5466 1346 5533 Leontius,
1384 5469 1477 5537 qui
1512 5484 1657 5523 anno
1695 5472 1798 5523 412
1852 5480 1906 5523 ct
1941 5470 2042 5522 M5

474 5547 675 5618 Illyrici
733 5556 1023 5621 praefectus
1061 5556 1185 5622 fuit,
1223 5570 1577 5614 memoratur.
1641 5560 1842 5624 Quare.
1918 5577 2041 5614 cum

478 5636 740 5695 Leontius
766 5646 925 5710 alter,
982 5647 1181 5715 Illyrici
1216 5650 1529 5717 praefectus,
1585 5651 1697 5713 cui,
1729 5650 1875 5717 quod
1905 5652 2042 5703 reci.

479 5730 606 5785 tatis
656 5734 834 5791 Photii
868 5739 1052 5793 verbis
1119 5749 1395 5806 narratur,
1434 5742 1724 5796 convenire
1760 5743 1950 5809 possit,
1987 5741 2039 5794 in

2147 4553 2423 4607 Demetrio
2453 4568 2671 4608 sacrum
2698 4554 2992 4616 exstiterit,
3022 4554 3140 4609 loco
3190 4570 3302 4609 non
3339 4572 3447 4608 uno
3473 4554 3710 4609 mentio-

2146 4660 2270 4698 nem
2308 4643 2456 4698 facit.
2491 4643 2673 4710 Quare
2705 4660 2831 4699 cum
2884 4647 3211 4700 miraculum
3260 4646 3406 4701 istud
3438 4647 3529 4699 diu
3582 4654 3710 4698 ante

2146 4744 2364 4789 aetatem
2405 4750 2560 4790 suam
2621 4737 2884 4792 accidisse
2936 4752 3034 4807 per
3091 4739 3255 4793 verba
3290 4739 3539 4807 proxime
3573 4740 3715 4791 reci-

2147 4836 2257 4882 tata
2328 4827 2585 4894 Joannes,
2661 4828 3167 4884 Thessalonicensis
3239 4831 3710 4900 archiepiscopus,

2145 4919 2579 4975 luculentissime
2609 4920 2823 4983 doceat,
2871 4923 3274 4998 consectarium
3308 4933 3414 4985 est,
3447 4932 3505 4978 ut
3534 4932 3587 4977 et
3616 4923 3711 4976 diu

2145 5018 2271 5063 ante
2313 5010 2452 5064 hanc
2486 5026 2550 5064 ac
2578 5010 2736 5079 proin
2783 5021 2912 5066 ante
2943 5014 3204 5067 saeculum
3238 5030 3333 5075 νη,
3383 5031 3491 5083 quo
3525 5030 3585 5066 et
3623 5014 3711 5065 di-

2146 5103 2250 5154 ctis
2281 5100 2326 5154 is
2352 5102 2585 5169 scriptor
2613 5101 2819 5163 floruit,
2875 5102 3282 5159 Thessalonicm
3323 5105 3534 5174 ingens.
3567 5104 3712 5167 quod

2149 5204 2335 5246 sancto
2368 5193 2644 5246 Deiuetrio
2674 5206 2890 5247 sacrum
2924 5208 3091 5261 esset,
3128 5199 3392 5267 templum
3414 5199 3524 5265 jam
3550 5195 3713 5250 fuerit
3802 5260 3813 5265 η

2146 5292 2507 5337 εχςιτυριυιη.

2160 5416 2166 5421 .
2217 5374 2302 5426 76.
2330 5372 2398 5426 At
2417 5389 2565 5436 vero,
2589 5374 2820 5443 inquies,
2848 5376 3190 5439 miraculum,
3221 5379 3275 5433 in
3305 5378 3547 5432 Mariano
3576 5394 3711 5448 pra:-

2148 5464 2289 5518 fecto
2321 5468 2491 5518 sancti
2543 5467 2799 5520 Demetrii
2849 5471 3156 5536 patrocinio
3204 5481 3515 5539 patratum,
3568 5472 3711 5539 apud

2149 5554 2543 5617 Mabillonium,
2586 5565 2720 5611 tom.
2758 5558 2779 5611 ι
2836 5560 3211 5615 Analectorum
3259 5573 3530 5625 veterum,
3584 5577 3711 5631 pag.

2148 5646 2205 5698 7t
2236 5656 2292 5699 et
2320 5646 2466 5701 binis
2486 5664 2638 5718 seqq.
2666 5652 2828 5703 etiam
2856 5662 3040 5705 narrat
3068 5653 3389 5708 Anastasius
3414 5653 3715 5708 Bibliothe-

2146 5740 2347 5803 carius,
2372 5748 2619 5809 tumque,
2671 5755 2793 5796 cum
2824 5741 2956 5798 illud
2992 5746 3197 5811 evenit,
3241 5746 3450 5815 insigne
3478 5745 3714 5800 Thessau
