4142 6380
432 324 572 391 1125

1331 360 1334 363 λ
1396 320 1455 379 S.
1493 318 1887 380 DEMETRII
1915 321 2320 381 MAR'I‘YRIS
2357 322 2572 385 ACTA.

3561 321 3697 389 1126

429 441 622 498 ionicae
671 434 938 506 templum
992 439 1186 489 sancto
1232 432 1512 490 Demetrio
1558 434 1804 489 nondum
1840 435 2011 489 fuisse
2040 441 2084 500 Α
2114 439 2325 502 scribit,
2359 439 2629 494 ciborium
2663 455 2761 495 seu
2797 439 2903 510 (adi
2946 441 3011 495 ad
3049 443 3193 497 hanc
3228 457 3416 498 vocem
3452 444 3505 497 in
3539 442 3697 500 Glos-

430 538 794 591 exstructnm,
827 541 936 580 non
967 526 1206 581 obscure
1240 525 1448 579 innuit.
1479 524 1696 587 Fateor,
1729 527 1807 581 sic
1832 527 2019 580 habet.

431 623 648 682 Etenim
698 620 1027 674 Anastasius
1082 618 1204 671 loco
1240 617 1416 672 citato
1466 617 1541 671 ita
1591 617 1831 672 scribit:
1873 636 1892 670 ι
1927 616 2023 672 liis

431 717 594 773 dictis
622 712 916 767 confestim
966 707 1291 779 (Marianus)
1325 723 1522 763 somno
1565 707 1863 778 corripitur
1910 722 2021 777 pne

433 807 625 864 dolore
660 814 714 860 et
744 803 973 859 tristitia
998 818 1013 868 ;
1042 802 1135 872 qui
1169 817 1292 857 cum
1325 800 1723 864 obdormisset,
1770 800 2022 870 apparuit

434 900 486 955 ei
514 900 708 953 beatus
752 895 1069 951 Demetrius
1098 894 1290 949 dicens
1327 912 1339 947 :
1372 891 1548 960 Surge
1597 901 1650 946 et
1693 894 1865 948 servis
1909 897 2020 949 tuis

434 994 668 1062 impera,
697 989 844 1060 quod
877 997 930 1043 te
960 987 1213 1042 deferant
1243 991 1296 1040 in
1324 985 1545 1039 domum
1582 986 1863 1050 Demetrii;
1896 1001 2019 1041 nam

435 1081 534 1141 ibi.
569 1082 798 1151 iuvante
833 1080 964 1144 Deo,
997 1077 1233 1147 recipies
1259 1076 1573 1131 sanitatem.
1617 1074 1866 1144 Cumque
1908 1076 2015 1131 evi-

435 1172 613 1244 gilans
645 1188 674 1225 a
703 1171 1187 1227 circumstantibus
1217 1169 1440 1222 domum
1479 1168 1736 1223 Demetrii
1766 1170 2019 1240 martyris

438 1270 766 1329 requireret,
800 1262 879 1315 ait
903 1260 1123 1330 quidam
1153 1277 1167 1315 :
1205 1257 1303 1311 Εςι
1335 1260 1529 1329 domus
1556 1259 1818 1313 vilissima
1852 1276 2019 1329 prope

440 1356 703 1419 stadium,
745 1356 800 1406 in
842 1368 946 1422 qua
977 1351 1170 1405 dicunt
1194 1350 1377 1421 iacere
1409 1349 1765 1415 Demetrium,
1797 1353 1889 1421 qui
1913 1352 2016 1405 du-

437 1445 566 1500 dum
604 1448 807 1500 lanceis
844 1444 1168 1499 interfectus
1199 1455 1284 1498 est
1309 1443 1462 1514 iussu
1494 1443 1808 1498 Maximiani
1842 1447 2018 1514 impe-

441 1538 661 1591 ratoris.
691 1536 830 1590 Tum
869 1536 957 1590 ille
985 1553 1000 1589 :
1036 1536 1171 1589 Illuc
1204 1550 1289 1589 me
1337 1533 1473 1588 ferte
1495 1577 1509 1599 ,
1542 1535 1671 1604 quia
1702 1535 1754 1587 in
1784 1537 1901 1590 visu
1932 1535 2018 1589 di-

439 1638 585 1681 etum
619 1636 701 1681 est
737 1626 894 1691 mihi,
932 1627 1042 1681 illic
1074 1626 1366 1680 sanitatem
1407 1640 1493 1679 me
1539 1640 1699 1693 posse
1743 1626 2012 1694 recipere.

438 1716 594 1772 Tunc
641 1717 826 1771 famuli
874 1717 1118 1771 tulerunt
1153 1717 1435 1771 dominum
1498 1731 1683 1782 suum,
1736 1715 1828 1770 ubi
1875 1714 2016 1785 iussi

2126 531 2273 583 sario
2310 530 2601 599 Cangium)
2648 532 2904 584 eductum
2947 532 3001 585 in
3048 533 3378 603 fastigiatam
3424 534 3693 598 formam,

2125 621 2228 675 sub
2261 637 2369 690 quo
2400 622 2576 675 sancti
2611 621 2871 677 Demetrii
2905 639 3107 693 corpus
3140 627 3483 680 reconditum
3516 630 3697 688 iacere

2125 713 2473 779 credebatur,
2503 713 2692 768 altaris
2724 713 3109 768 umhraeulum
3153 731 3218 771 ex
3249 726 3475 785 argento
3501 717 3696 771 confe-

2124 814 2272 858 ctum
2326 804 2602 859 exstitisse
2643 804 2851 860 scribit.
2882 806 3017 871 Quis
3048 821 3175 859 vero
3199 807 3498 869 existimet,
3527 808 3609 861 vel
3636 808 3692 860 in

2124 894 2604 951 Thessalonicensi
2673 896 2821 955 aede.
2886 911 3072 951 sacras
3122 895 3379 952 Demetrii
3438 899 3698 967 reliquias

2123 989 2465 1052 continente,
2501 988 2556 1042 in
2597 1003 2758 1057 quam
2791 989 3065 1043 Marianus
3098 991 3278 1044 illatus
3324 991 3447 1056 fuit,
3489 995 3696 1060 pretio-

2121 1093 2243 1135 8um
2270 1081 2581 1152 huiusmodi
2604 1093 2989 1134 ornamentum
3024 1080 3265 1134 futurum
3295 1081 3484 1144 fuisse,
3515 1084 3597 1136 vel
3626 1085 3693 1139 de

2121 1185 2181 1226 ea
2204 1168 2471 1225 Joannem
2496 1169 3044 1225 Thessalonicensem
3068 1180 3173 1223 tam
3200 1172 3507 1241 magniﬁce,
3531 1174 3604 1227 uti
3625 1188 3692 1228 ex

2122 1263 2281 1317 dictis
2311 1263 2457 1325 facit,
2485 1263 2819 1326 locuturum,
2848 1263 2891 1315 si
2932 1263 3058 1316 vilis
3084 1264 3369 1320 duntaxat.
3399 1263 3510 1317 imo
3543 1265 3698 1318 vilis-

2121 1356 2278 1415 sima,
2311 1355 2492 1422 qualis
2527 1355 2807 1409 exstitisse
2840 1354 2908 1407 ab
2938 1353 3230 1409 Anastasio
3266 1354 3546 1418 innuitur.
3598 1357 3692 1410 doc

2123 1461 2244 1501 mus
2277 1445 2509 1500 fuisset?
2538 1446 2657 1501 1am
2688 1461 2820 1500 vero
2852 1461 2977 1500 cum
3012 1445 3125 1499 haec
3153 1446 3225 1500 ita
3266 1447 3528 1511 habeant,
3563 1448 3694 1517 quin

2116 1536 2228 1607 iam
2268 1546 2417 1599 tum,
2464 1554 2587 1592 cum
2650 1547 2923 1607 patratum
2981 1537 3036 1590 in
3088 1536 3332 1592 Mariano
3375 1538 3694 1593 miraculum

2118 1626 2339 1691 accidit,
2368 1626 2580 1697 insigne
2612 1626 2901 1695 templum,
2932 1637 3124 1680 sancto
3145 1627 3422 1681 Demetrio
3478 1644 3694 1683 sacrum

2119 1716 2523 1773 Thessalonica:
2552 1717 2841 1777 exstiterit.
2874 1717 3233 1772 dubitandum
3268 1733 3377 1771 non
3413 1729 3517 1773 est.

439 1811 678 1872 fuerant,
721 1818 777 1863 et
818 1808 984 1878 iussit
1017 1825 1075 1864 se
1107 1826 1316 1880 ponere
1368 1810 1712 1865 solummodo
1755 1810 1809 1863 in
1861 1809 2007 1879 pavi-
2049 1825 2089 1881 Β
2188 1811 2279 1866 78.
2315 1811 2367 1866 Id
2391 1811 2838 1881 porroeJoanne
2866 1811 3175 1874 Stauracio,
3222 1808 3695 1867 Thessalonicensi

438 1912 645 1956 mento.
680 1900 927 1972 Cumque
953 1903 1182 1970 iaceret,
1213 1918 1410 1958 somno
1442 1904 1622 1959 subito
1649 1903 1932 1972 arripitur.
1962 1912 2018 1959 et

439 2010 571 2051 ecce
610 1996 799 2051 beatus
852 1996 1162 2050 Demetrius
1188 1997 1388 2052 iterttm
1416 1997 1668 2067 apparuit
1700 1997 1750 2050 ei
1782 1997 2014 2050 dicens:

440 2085 541 2141 Per
571 2102 655 2140 me
695 2087 877 2141 sanari
918 2097 1093 2157 potes,
1126 2089 1218 2143 sed
1253 2088 1402 2154 time,
1442 2105 1510 2143 ne
1547 2088 1689 2142 forte
1719 2098 1841 2157 post
1871 2088 2019 2143 sani-

441 2186 606 2233 tatem
639 2178 785 2234 curis
821 2178 988 2249 huius
1022 2180 1210 2236 mundi
1238 2190 1289 2235 te
1314 2181 1584 2250 implices.
1610 2181 1677 2235 At
1704 2177 1973 2233 Marianus
2001 2197 2014 2233 :

438 2269 519 2324 Tu
560 2272 698 2333 scis,
744 2270 991 2345 domine,
1051 2271 1179 2342 quia
1244 2288 1525 2345 nunquam
1566 2273 1672 2327 hoc
1730 2272 1812 2343 egi
1842 2312 1857 2335 ,
1915 2288 2017 2328 nec

438 2378 599 2432 agere
630 2364 813 2433 cupio.
846 2365 914 2419 Et
945 2366 1034 2419 ille
1069 2365 1365 2421 :Christus
1411 2376 1465 2422 te
1503 2380 1683 2429 sanat,
1728 2367 1820 2435 qui
1856 2366 2018 2436 erigit

440 2456 627 2511 elisos.
662 2458 1012 2529 Etevigilans
1052 2459 1325 2515 Marianus
1371 2463 1537 2531 ccepit
1574 2476 1800 2515 narrare
1837 2461 2018 2515 visio-

442 2564 589 2609 nem,
629 2564 862 2620 cumque
893 2551 958 2604 ad
992 2551 1097 2606 hoc
1128 2560 1357 2606 ventum
1399 2551 1628 2618 fuisset,
1680 2552 1772 2607 ubi
1815 2562 2018 2624 martyr

440 2641 620 2696 dixit:
651 2640 904 2697 Christus
935 2653 985 2698 te
1027 2652 1218 2707 sanat,
1263 2646 1354 2714 qui
1395 2646 1560 2714 erigit
1598 2645 1762 2700 elisos
1786 2688 1800 2710 ,
1851 2661 2018 2700 sanus

439 2734 681 2789 surrexit
719 2735 920 2805 gratias
942 2751 1109 2805 agens
1154 2736 1262 2790 Deo
1294 2752 1417 2790 cum
1462 2737 1742 2802 omnibus,
1775 2739 1864 2806 qui
1908 2738 2019 2792 illic

438 2824 691 2878 aderant.
736 2844 755 2876 ι
801 2825 936 2880 Cum
965 2836 1144 2881 autem
1181 2829 1439 2883 Demetrii
1474 2829 1730 2901 martyris
1761 2831 2015 2895 domum,

441 2914 497 2968 in
529 2930 635 2984 qua
669 2916 857 2972 Sancti
888 2920 1055 2971 nostri
1092 2935 1311 2987 corpus,
1350 2936 1473 2975 cum
1521 2921 1737 2976 delatus
1768 2923 1833 2975 ad
1871 2923 2016 2977 illam

439 3006 715 3063 llarianus
749 3014 1045 3064 sanitatem
1079 3010 1243 3077 hujus
1292 3014 1592 3079 patrocinio
1628 3016 2012 3084 recuperavit,

2118 1902 2561 1975 chartophylace,
2620 1905 2715 1973 qui
2771 1905 3121 1972 quandonam
3203 1903 3467 1970 ﬂoruerit,
3529 1920 3695 1974 supra

2118 1991 2348 2053 edocui.
2408 2000 2687 2061 utcunque
2718 1992 3094 2049 conﬁrmatur.
3127 1993 3341 2048 Etenim
3381 2005 3438 2049 et
3470 1994 3557 2051 hic
3593 1996 3697 2048 mi-

2120 2084 2362 2139 raculum
2395 2084 2450 2139 in
2481 2084 2723 2139 Mariano
2755 2093 3024 2154 patratum
3064 2085 3117 2139 in
3178 2102 3331 2142 suam
3367 2102 3531 2157 supra
3586 2104 3700 2142 me-

2122 2187 2388 2233 moratam
2421 2178 2488 2232 de
2529 2177 2702 2231 sancti
2746 2176 3004 2232 Demetrii
3048 2178 3328 2233 miraculis
3364 2180 3699 2235 lucubratio-

2124 2285 2244 2326 nem
2275 2270 2486 2334 intulit,
2521 2270 2838 2339 ibidemque
2874 2272 2928 2325 in
2966 2270 3155 2326 codice
3188 2281 3379 2325 nostro
3417 2273 3630 2339 signato
3659 2271 3709 2342 is

2122 2380 2225 2418 ms.
2262 2364 2365 2419 I93
2393 2365 2567 2419 sancti
2604 2364 2860 2420 Demetrii
2892 2364 3088 2429 aedem,
3126 2365 3180 2418 in
3207 2379 3371 2434 quam
3396 2364 3695 2426 Marianas.

2119 2458 2337 2511 sanitati
2370 2458 2762 2523 restituendus,
2798 2458 2901 2512 fuit
2926 2457 3160 2517 delatus.
3191 2457 3501 2527 ἀνάκτορον
3532 2457 3698 2512 adem

2121 2550 2321 2620 regiam
2359 2565 2454 2604 seu
2490 2548 2769 2604 basilicam
2798 2543 3053 2621 appellat.
3107 2548 3218 2603 Nec
3252 2559 3354 2615 est,
3399 2550 3545 2619 quod
3597 2565 3699 2605 nos

2124 2644 2207 2697 his
2239 2643 2467 2712 multum
2503 2652 2720 2698 moveat
2752 2642 3030 2697 Anastasii
3066 2641 3476 2697 Bibliothecarii
3505 2655 3694 2696 aucto-

2121 2737 2276 2789 ritas.
2313 2736 2529 2790 Etenim
2559 2737 2959 2805 interpretatio,
2985 2751 3093 2804 qua
3117 2736 3183 2801 is,
3208 2749 3331 2804 quae
3356 2735 3422 2790 ad
3446 2746 3696 2790 sanctum

2124 2828 2455 2883 Demetrium
2484 2831 2628 2899 apud
2654 2827 3026 2882 Mabillonium
3060 2836 3192 2881 tom.
3222 2828 3244 2882 Ι
3292 2826 3534 2882 Veterum
3558 2846 3698 2882 ana-

2123 2923 2397 2987 lectorum,
2429 2937 2547 2991 pag.
2578 2922 2644 2975 65
2667 2930 2722 2975 et
2749 2920 2998 2990 pluribus
3025 2937 3204 2990 seqq.,
3235 2930 3506 2991 spectant,
3535 2937 3565 2975 e
3590 2922 3696 2976 lin-

2120 3032 2223 3086 gua
2262 3013 2447 3068 Grreca
2492 3015 2546 3067 in
2596 3011 2848 3069 Latinam
2905 3014 3201 3077 convertit,
3262 3014 3409 3068 omni
3470 3030 3697 3083 prorsus

436 3097 652 3169 iacebat
704 3102 1071 3165 reconditum,
1128 3100 1441 3159 vilissimum
1472 3104 1562 3159 hic
1602 3104 1870 3174 appellet,
1908 3119 2010 3158 nec
2037 3138 2080 3195 ο
2123 3107 2343 3166 mendo.
2373 3106 2488 3161 sive
2513 3106 2731 3160 interim
2762 3106 2812 3161 id
2849 3105 3078 3160 incuria:
3110 3107 3468 3175 imperitiaeve
3500 3106 3687 3172 ipsius

440 3199 552 3243 tum
597 3189 1004 3249 Thessalonica:
1065 3194 1261 3249 domus
1312 3197 1438 3259 alia,
1499 3206 1690 3270 sancto
1735 3198 2010 3252 Demetrio

438 3285 663 3354 martyri
702 3300 881 3352 sacra,
910 3302 1072 3357 quam
1109 3287 1164 3341 in
1195 3304 1301 3358 qua
1350 3304 1565 3343 sacrum
1608 3291 1773 3359 hujus
1813 3306 2014 3359 corpus

436 3373 653 3444 iacebat
680 3379 1042 3447 reconditum,
1077 3381 1370 3446 exstiterit,
1426 3382 1637 3453 insigne
1684 3398 1817 3437 sane
1871 3396 2014 3436 tem-

437 3471 612 3538 plum,
640 3472 783 3539 quod
814 3473 1089 3530 Demetrio
1128 3493 1344 3532 sacrum
1387 3486 1531 3533 es~et
1555 3519 1570 3541 ,
1606 3477 2015 3533 Thessalonicae

437 3567 683 3621 Iondnm
714 3568 877 3623 fuisse
911 3582 1039 3624 tunc
1072 3584 1437 3634 exstructum.
1471 3574 1526 3626 in
1559 3575 1876 3628 narratione
1907 3572 2015 3627 huc

439 3659 787 3728 transrripta,
821 3660 873 3712 in
903 3676 1007 3729 qua
1043 3671 1325 3729 pra-terea,
1354 3679 1514 3730 quam
1546 3662 1702 3731 longa
1738 3672 1842 3723 est.
1881 3661 2013 3715 nihil

439 3750 601 3819 plane
637 3752 781 3806 unde
814 3752 961 3806 aliud
993 3755 1274 3823 suspii-eie
1297 3754 1634 3823 suppeditat,
1668 3756 1798 3808 satis
1825 3763 2013 3822 aperte

441 3844 670 3899 indicat.

508 3936 600 3990 77.
652 3934 855 3991 Verum
898 3938 1133 4006 ipsemet
1188 3935 1450 4001 Joannes,
1499 3937 2014 3993 Thessalonicensis

438 4025 905 4096 ari-hirpiscopus.
936 4028 1028 4097 qui
1064 4028 1385 4081 miraculum
1410 4027 1555 4083 istud
1584 4029 1780 4083 litteris
1802 4029 2013 4099 primus

440 4120 737 4182 mandavit,
774 4118 1158 4174 Miraculorum
1202 4122 1518 4174 edendorum
1569 4120 1661 4174 lib.
1700 4134 1751 4179 t.
1794 4135 1916 4189 cap.
1957 4120 2012 4183 1,

438 4200 985 4266 Thessalonicensem
1039 4210 1214 4265 sancti
1247 4210 1502 4265 Demetrii
1529 4212 1726 4276 aedem,
1765 4211 1893 4265 dum
1917 4210 2010 4280 qui

438 4303 491 4355 in
528 4302 676 4357 hunc
718 4304 1017 4357 Marianum
1050 4304 1356 4375 patrocinio
1388 4306 1561 4358 sancti
1597 4305 1887 4367 Demetrii,
1919 4305 2011 4374 qui

437 4396 482 4448 ei
538 4396 592 4450 in
649 4399 857 4450 somnis
908 4408 1258 4466 apparuerat,
1321 4397 1543 4450 sanitati
1605 4398 2010 4451 restituendum

2120 3207 2230 3251 met
2267 3196 2429 3265 huius
2471 3197 2775 3267 scriptoris,
2808 3198 2923 3251 sive
2951 3195 3147 3261 Graeci,
3180 3197 3324 3265 quod
3353 3196 3480 3251 huic
3507 3197 3700 3265 praelu-

2118 3291 2278 3353 xerit,
2311 3289 2637 3358 exemplaris
2670 3289 2909 3344 defectui
2943 3287 3329 3343 ascribcndum
3379 3290 3469 3351 sit,
3508 3304 3697 3343 carere

2118 3396 2227 3435 non
2261 3382 2498 3435 videtur.
2538 3379 2671 3434 Rem
2713 3395 2822 3435 uno
2862 3380 3102 3435 alterove
3131 3380 3382 3449 exemplo
3414 3380 3693 3449 probatam

2120 3474 2207 3528 do.
2244 3474 2452 3528 Auctor
2485 3486 2811 3544 anonymus,
2843 3475 2932 3542 qui
2967 3472 3151 3527 Sancti
3186 3474 3356 3527 nostri
3397 3471 3568 3527 Vitam
3597 3488 3693 3527 seu

2118 3566 2458 3631 Passionem,
2496 3566 2738 3621 secundo
2770 3564 2888 3619 loco
2919 3580 2947 3617 a
2977 3565 3135 3618 nobis
3158 3565 3451 3631 edendam,
3475 3567 3699 3619 concin-

2116 3656 2290 3721 navit,
2319 3664 2541 3710 narrato
2575 3655 2838 3709 Demetrii
2883 3655 3164 3725 martyrio,
3198 3654 3367 3710 fuisse
3415 3656 3567 3710 illum
3593 3658 3696 3709 sub

2117 3754 2333 3818 aggesta
2361 3747 2529 3799 humo
2552 3758 2581 3797 a
2612 3746 2941 3799 Christianis
2980 3745 3310 3813 quibusdam
3367 3747 3692 3801 tumulatum

2118 3840 2370 3901 aﬂirtnat,
2405 3852 2469 3891 ac
2492 3836 2691 3891 deinde
2719 3836 3037 3905 subiungit:
3076 3835 3269 3888 Οὑδενὶ
3301 3835 3359 3887 δὲ
3390 3837 3530 3904 μετὰ
3564 3838 3695 3890 ταῦ-

2115 3947 2183 3983 τα
2246 3930 2466 3999 φροντὶς
2522 3928 2738 3995 ἐγένετο
2801 3930 3150 3996 μετενεγκεῖν
3223 3926 3288 3980 τὸ
3352 3929 3511 3997 σῶμα
3596 3928 3693 3981 τοῦ

2116 4019 2294 4086 ἁγίου,
2323 4017 2440 4071 ἀλλ’
2466 4017 2682 4085 ἔμεινεν
2699 4014 2792 4068 ἐπὶ
2812 4018 3113 4085 σχήματος.
3145 4013 3307 4068 Hisce
3334 4026 3517 4069 autem
3542 4016 3693 4072 Grie-

2116 4113 2195 4166 cis
2225 4112 2407 4165 verbis
2434 4110 2723 4179 sequentia
2759 4109 2948 4163 isthazc
2979 4107 3123 4176 apud
3151 4107 3526 4162 Mabillonium
3555 4119 3692 4166 tom.

2115 4204 2497 4258 Analeclorum
2539 4211 2770 4257 veterum
2793 4203 2889 4257 cit.
2924 4216 3046 4271 pag.
3081 4200 3168 4267 70,
3202 4201 3257 4254 in
3303 4202 3485 4255 Sancti
3520 4202 3693 4256 nostri

2117 4296 2237 4350 Vita
2287 4310 2384 4351 seu
2431 4294 2717 4357 Passione,
2758 4292 2826 4347 ab
2863 4292 3158 4347 Anastasio
3196 4292 3394 4347 Latine
3429 4293 3640 4348 reddita
3671 4333 3687 4358 ,

2115 4386 2453 4458 respondent
2500 4402 2515 4439 :
2568 4401 2587 4434 ι
2627 4383 2770 4437 Nulli
2826 4393 3012 4439 autem
3062 4394 3185 4453 post
3229 4384 3347 4438 haec
3397 4399 3545 4437 curre
3591 4383 3693 4438 fuit

436 4489 575 4543 servi
620 4490 930 4549 intulerint.
967 4490 1243 4544 metnmia:
1276 4490 1477 4559 prodit,
1515 4489 1834 4543 Πάνσεπτον
1861 4491 2009 4556 ναὸν,
2045 4479 2088 4533 D
2118 4477 2416 4534 transferre
2460 4475 2843 4545 corpusculum
2896 4475 3108 4541 Sancti.
3161 4476 3257 4530 sed
3302 4475 3559 4531 manebat
3589 4476 3692 4531 sub

444 4600 460 4631 ι
493 4570 754 4650 templum
787 4582 1025 4637 maxime
1048 4582 1454 4635 venerandum»
1485 4582 1746 4650 appellat,
1776 4597 2012 4651 moxque

437 4673 740 4741 sequentia.
762 4690 881 4740 qua:
912 4675 1097 4728 addita
1121 4674 1571 4742 interpretatione
1590 4673 1801 4738 Latina,
1832 4686 2009 4730 trans-

440 4767 640 4827 seriho,
671 4766 837 4819 verba
870 4766 1147 4835 subiungit
1178 4784 1191 4820 :
1241 4764 1304 4818 Ὀ
1335 4765 1392 4817 δὲ
1426 4765 1709 4831 εἰσελθὼν,
1759 4768 1852 4819 καὶ
1888 4767 2012 4819 ἰδὼν

437 4861 536 4920 τὴν
571 4860 908 4928 εὖπρέπειαν
948 4859 1041 4911 τοῦ
1097 4860 1248 4911 οἴκου
1282 4860 1376 4911 καὶ
1410 4858 1509 4930 τὴν
1552 4863 1611 4913 ἐν
1645 4861 1794 4931 αὐτῷ
1844 4880 2012 4915 πνευ-

440 4948 678 5021 ματικὴν
703 4949 955 5014 εὐωδίαν,
980 4949 1078 5018 τὴν
1109 4951 1416 5020 τρέφουσαν
1446 4952 1545 5014 τὰς
1577 4951 1753 5021 ψυχὰς
1785 4952 1893 5004 τῶν
1925 4971 2013 5005 πι-

439 5043 602 5104 στῶν,
659 5040 789 5103 ὼςό
839 5038 1166 5110 παράδεισος
1216 5039 1310 5092 τοῦ
1348 5040 1504 5106 Θεοῦ,
1562 5036 1685 5094 εἶπε
1751 5046 1864 5104 τοῖς
1917 5043 2012 5114 βαι-

435 5137 731 5199 στάζουσιν
762 5133 925 5187 αὐτὸν
946 5133 1209 5196 οἰκέταις,
1248 5133 1475 5202 Ῥίψατέ
1512 5150 1579 5203 με
1607 5135 1818 5187 πλωτὸν
1845 5137 1922 5197 εὶς
1950 5135 2012 5187 τὸ

435 5227 654 5294 ἔδαφος.
695 5224 851 5281 «Hic
898 5235 1080 5279 autem
1119 5224 1420 5295 (Marianus
1460 5230 1680 5296 nempe)
1726 5242 1849 5281 cum
1885 5228 2009 5295 (Dc-

434 5321 613 5374 melrii
642 5318 929 5390 templum)
957 5318 1235 5388 ingressus
1267 5327 1433 5381 esset,
1482 5319 1725 5388 aedisque
1752 5328 2008 5373 ornatum

434 5429 495 5465 ac
528 5410 868 5480 spiritualem
894 5410 1060 5469 illius.
1093 5408 1187 5479 qui
1218 5406 1456 5461 fidelium
1485 5409 1717 5473 animas,
1746 5408 1892 5461 velut
1916 5405 2009 5460 Dei

432 5502 743 5572 paradisus,
801 5501 901 5555 alit
931 5501 1158 5555 odorem
1190 5499 1573 5568 comperisset,
1613 5499 1681 5554 iis
1726 5500 1817 5569 qui
1859 5499 2007 5552 illum

432 5594 685 5648 ferebant
735 5592 1054 5648 domesticis
1080 5591 1219 5645 dixit
1252 5608 1264 5643 :
1300 5590 1359 5644 in
1396 5589 1544 5645 nudo
1576 5591 1888 5661 pavimento
1922 5604 2009 5644 me

434 5686 714 5755 deponite.
754 5703 773 5737 ι
805 5683 1007 5739 Adhazc
1038 5683 1091 5737 in
1139 5681 1396 5735 Demetrii
1432 5683 1549 5736 aede
1571 5724 1584 5744 ,
1618 5682 1670 5735 in
1703 5698 1864 5749 quam
1901 5680 2012 5736 Ma-

436 5782 674 5840 rianum,
738 5777 957 5832 sanitati
1013 5774 1438 5840 restituendum,
1487 5789 1518 5828 a
1577 5774 1748 5831 servis
1800 5774 2009 5830 illatum

2115 4571 2295 4643 signo.
2337 4588 2356 4622 ι
2392 4571 2459 4622 At
2487 4583 2639 4632 vero,
2663 4582 2788 4623 cum
2818 4567 2909 4621 hic
2936 4567 3202 4622 duntaxat
3232 4566 3415 4622 Sancti
3467 4582 3691 4634 corpus,

2115 4663 2259 4733 quod
2297 4662 2401 4717 sub
2433 4670 2650 4732 aggesta
2696 4659 2866 4714 humo
2908 4658 3233 4713 tumulatum
3274 4658 3496 4721 fuerat,
3530 4674 3690 4710 man-

2115 4757 2250 4810 sisse
2304 4755 2410 4809 sub
2453 4754 2556 4808 hac
2591 4752 2864 4818 sepultum
2916 4750 3208 4822 signiﬁcari
3252 4765 3282 4803 e
3328 4762 3521 4803 sensus
3554 4761 3690 4802 con-

2116 4858 2261 4902 textu
2315 4857 2579 4917 patescat,
2609 4844 2731 4900 voci
2763 4845 2994 4911 ultimae,
3025 4859 3146 4913 qua:
3177 4843 3232 4897 in
3263 4839 3507 4895 recitatis
3540 4838 3692 4891 Ana-

2115 4940 2266 4994 stasii
2305 4940 2489 4993 verbis
2514 4938 2774 5001 occurrit,
2813 4936 3141 4991 vocabulum
3194 4941 3335 4986 terra
3385 4943 3480 4984 seu
3530 4930 3691 4982 humo

2115 5032 2579 5094 substituendumi
2612 5039 2766 5101 puto.
2809 5028 2924 5085 Vox
2970 5026 3190 5096 quidem
3240 5024 3542 5092 σχήματος,
3570 5034 3693 5088 qua:

2116 5125 2307 5180 Latine
2337 5124 2519 5178 forsan
2575 5138 2672 5194 per
2711 5136 2897 5177 vocem
2940 5120 3148 5188 signum
3178 5131 3289 5171 non
3324 5115 3506 5184 inepte
3538 5112 3692 5169 reddi

2117 5226 2317 5289 potest,
2351 5218 2404 5270 in
2437 5215 2684 5286 proxime
2709 5213 2954 5269 recitatis
2984 5207 3264 5279 biograpbi
3296 5206 3693 5278 anonymiver-

2113 5313 2198 5368 bis
2232 5312 2473 5381 ponitur.
2513 5306 2712 5362 Verum
2748 5306 2818 5361 ob
2856 5305 2968 5374 iam
3011 5302 3248 5365 dictaui,
3280 5314 3401 5369 quae
3430 5315 3459 5354 a
3493 5313 3691 5354 sensus

2114 5411 2371 5457 contextu
2410 5401 2697 5469 repetitur,
2735 5410 2953 5451 causam
2992 5407 3275 5462 perperam
3310 5392 3454 5444 illam
3484 5391 3558 5443 ibi
3588 5406 3688 5459 pro

2114 5508 2248 5549 voce
2276 5493 2551 5563 χώματος,
2588 5504 2708 5558 qua:
2740 5487 2959 5541 humum
2989 5499 3088 5538 seu
3119 5482 3287 5536 etiam
3322 5480 3581 5534 tumulum
3610 5481 3686 5536 si-

2113 5585 2367 5657 gniﬁcat,
2399 5580 2826 5638 describentium
2859 5576 3068 5631 incuria
3111 5574 3465 5631 oscitantiave
3498 5586 3691 5626 exara-

2119 5689 2228 5733 tam
2287 5675 2574 5741 existimo;
2623 5682 2720 5737 ut,
2767 5671 3017 5741 quamvis
3062 5668 3280 5739 quidem
3319 5674 3558 5721 erratum
3602 5665 3691 5719 hic

2117 5771 2302 5837 cubet,
2336 5768 2389 5823 id
2425 5778 2603 5823 tamen
2653 5781 2762 5823 nou
2787 5763 3098 5832 Anastasio,
3134 5761 3230 5817 sed
3258 5761 3468 5827 Graeco,
3492 5774 3599 5831 quo
3623 5758 3689 5811 ad
