4140 6382
438 382 440 385 ,
527 312 659 377 1127

1811 316 2457 381 SUPPLEMEN'TUM.

3625 328 3769 395 1128

521 429 825 483 versionem
860 442 1014 482 suam
1043 426 1411 482 adornandam
1445 443 1575 482 usus
1606 428 1693 482 hic
1727 432 1959 498 scriptor
1981 443 2085 493 cst,
2121 441 2158 492 Α
2192 449 2355 503 porro
2400 432 2878 490 l‘hessalonicense
2912 434 3093 490 Sancti
3159 438 3419 507 templum
3476 438 3619 497 inter
3670 462 3767 497 or—

522 522 844 577 amanuensi
879 520 1079 575 debeat
1115 520 1365 575 attribui.

594 612 678 666 79.
710 608 910 664 Verum
956 623 1023 663 eu
1068 625 1217 665 nunc
1261 610 1459 674 etiam,
1490 612 1635 680 quod
1678 612 2093 669 verosimillime

519 716 629 757 non
652 701 721 756 ab
742 700 870 764 alio,
898 715 1059 769 quam
1091 703 1163 755 ob
1188 700 1290 755 hoc
1325 701 1632 770 profectum
1654 712 1759 767 est,
1786 717 2090 760 occurrens

518 795 571 848 in
611 795 864 848 versione
902 792 1093 848 Latina
1126 795 1408 851 mendum.
1433 796 1697 862 Joannes,
1725 798 2093 868 archiepisco-

518 901 623 956 pus
645 885 1575 952 Thessalonicensis,'Hiraculorum
1588 890 1907 944 edendorum
1928 891 2022 946 lib.
2054 909 2089 955 ι,

516 991 638 1045 cap.
673 977 728 1038 3,
764 977 1029 1032 visionem
1052 1018 1069 1042 ,
1110 993 1216 1047 qua
1275 990 1502 1035 sanctus
1538 981 1848 1036 Demetrius
1883 983 2090 1038 civitati

516 1067 1020 1133 Thessalonicensi,
1054 1069 1196 1124 fame
1240 1085 1401 1137 quam
1435 1073 1669 1127 maxime
1700 1088 1927 1142 pressae,
1960 1090 2092 1131 suc«

516 1143 801 1222 cursurus,
840 1160 960 1215 viro
1008 1161 1223 1215 cuidam
1272 1163 1441 1231 probo
1472 1164 1528 1218 in
1561 1166 1738 1220 insula
1785 1167 1922 1221 Chio
1966 1182 2089 1223 sese

518 1253 876 1322 spectandum
908 1253 1139 1317 dederit,
1163 1266 1408 1322 enarrat,
1438 1271 1501 1310 ac
1533 1256 1732 1313 deinde
1756 1260 2040 1331 subiungit
2071 1279 2084 1315 :

484 1345 589 1397 "0
638 1345 697 1397 δὲ
769 1346 1062 1409 διαναστὰς
1125 1347 1221 1399 καὶ
1295 1349 1586 1418 πορευθεὶς
1630 1349 1723 1402 ἐπὶ
1775 1349 1836 1403 τὸ
1891 1352 2091 1422 gap-tti-

522 1454 636 1507 ριον
684 1435 780 1490 τοῦ
825 1437 1137 1491 καλλινίκου
1180 1438 1808 1510 μάρτυρος”ῐσιδώρου,
1856 1443 2088 1512 ὀφείλων

516 1527 909 1598 ἀκριὸἐστερον
963 1530 1303 1597 καταμαθεῖν
1357 1532 1466 1583 ἀπὸ
1503 1532 1614 1584 τῶν
1675 1536 1957 1604 ἐγχωρίων
2006 1537 2089 1600 τίς

515 1620 541 1670 ὁ
569 1622 879 1692 Δημήτριος
909 1612 1086 1684 οὗτος.
1113 1620 1271 1677 Hisce
1296 1631 1476 1677 autem
1502 1622 1705 1679 Graecis
1727 1626 1914 1682 verbis
1943 1629 2088 1697 apud

516 1708 889 1764 Mabillonium
918 1721 1049 1765 tom.
1075 1710 1450 1765 Analectorum
1475 1713 1672 1782 saepius
1694 1716 1814 1780 cit.,
1847 1731 1966 1786 pag.
1994 1717 2083 1781 8|,

2200 532 2453 579 tramenta
2495 540 2591 578 sua
2622 540 2733 580 non
2765 535 2977 580 tantum
3012 528 3156 596 quod
3181 528 3296 596 jam
3349 545 3515 603 supra
3556 550 3773 590 memo-

2197 615 2310 670 ravi
2366 616 2634 670 ciborium
2668 631 2764 671 seu
2800 616 2990 673 formae
3019 617 3305 688 fastigiataa
3328 622 3519 679 altaris
3545 627 3771 682 umbra-

2197 707 2407 773 culum,
2429 722 2493 763 ex
2524 717 2747 779 argento
2765 708 3103 775 confectum,
3123 719 3258 767 tunc
3279 715 3770 786 complectebatur,

2196 812 2385 852 verum
2407 799 2571 853 etiam
2600 799 2847 855 fortassis
2889 800 3173 869 thronum,
3205 818 3273 859 ex
3299 805 3492 860 eodem
3544 810 3771 865 metallo

2197 898 2597 946 constructum.
2659 892 2772 948 Hoc
2820 904 2969 949 certe
3002 904 3324 951 ornamento
3353 913 3570 954 sacrum
3617 901 3769 956 istud

2193 982 2489 1037 aedilicium
2534 983 2646 1053 jam
2682 984 2808 1040 inde
2840 1000 2870 1039 a
2921 987 3122 1043 sat-culo
3166 998 3323 1044 sexto
3370 998 3467 1044 aut
3505 993 3699 1047 saltem
3735 1011 3768 1049 a

2195 1072 2474 1141 sequentis
2530 1071 2689 1125 initio
2721 1072 2950 1128 ditatum
3004 1073 3196 1139 fuisse,
3232 1076 3393 1132 fidem
3429 1078 3564 1133 facit
3595 1080 3769 1134 Mira-

2196 1161 2432 1214 culorum
2470 1161 2792 1217 edcndomm
2821 1163 2920 1219 lib.
2940 1179 2980 1228 ι,
3007 1179 3127 1235 cap.
3147 1166 3200 1221 6.
3232 1165 3305 1221 lbi
3328 1169 3474 1223 enim
3499 1169 3763 1232 Joannes.

2194 1251 2702 1309 Thessalonicensis
2733 1256 3201 1328 archiepiscopus,
3249 1262 3635 1317 miraculosam
3697 1269 3763 1318 dc

2194 1354 2384 1399 sancto
2404 1345 2677 1401 Demetrio
2705 1349 3099 1415 narrationem,
3132 1366 3255 1419 quae
3283 1353 3350 1407 ad
3383 1352 3629 1416 Eusebii.
3656 1357 3764 1411 sub

2191 1433 2447 1490 Mauritio
2496 1436 2826 1506 imperatore
2881 1454 3026 1495 anno
3079 1441 3186 1496 602
3235 1457 3266 1496 e
3327 1444 3467 1500 vivis
3542 1457 3763 1517 erepto,

2193 1524 2700 1583 Thessalonicensis
2757 1531 3155 1602 archiepiscopi
3217 1543 3434 1591 aetatem
3521 1548 3761 1608 spectat,

2195 1618 2543 1688 suppeditat,
2604 1621 2954 1691 argenteique
3010 1625 3235 1690 throni,
3306 1628 3402 1694 qui
3478 1631 3763 1700 archiepi-

2192 1722 2361 1777 scopo
2419 1710 2521 1765 hoc
2567 1711 2788 1767 vivente
2860 1714 2917 1767 in
2965 1714 3438 1777 Thessalonicensi
3499 1722 3762 1778 Demetrii

514 1802 793 1871 sequentia
830 1803 1020 1857 isthaac
1066 1803 1424 1860 Anastasiana
1470 1807 1803 1874 respondent
1848 1826 1862 1861 :
1914 1826 1932 1859 ι
1984 1808 2078 1876 Qui

2193 1796 2423 1852 ecclesia
2476 1800 2769 1867 exstiterit,
2825 1804 3159 1860 mentionem
3213 1806 3362 1864 facit.
3415 1809 3594 1878 Atque
3640 1813 3762 1867 hac

514 1892 621 1960 (vir
655 1892 891 1953 scilicet,
923 1893 1012 1947 cui
1054 1893 1108 1947 in
1154 1894 1331 1949 insula
1362 1895 1499 1950 Chio
1531 1906 1756 1953 sanctus
1780 1898 2087 1957 Demetrius

514 1985 859 2053 apparuerat)
883 2000 1113 2056 surgens
1145 1988 1388 2054 perrexit
1415 1988 1482 2042 ad
1525 1989 1812 2044 ecclesiam
1851 1999 2074 2046 sancto-

514 2093 630 2131 rum
674 2077 911 2132 Victoris
956 2087 1012 2132 et
1053 2077 1267 2144 lsidori,
1305 2081 1494 2136 volens
1525 2081 1736 2138 discere
1765 2099 1795 2138 a
1844 2085 2083 2152 rusticis,

513 2169 637 2237 quis
667 2167 792 2234 i5te,
819 2170 910 2239 qui
947 2168 996 2223 ei
1031 2171 1292 2224 nimirum
1320 2184 1675 2249 apparuerat,
1707 2184 1860 2232 esset
1886 2176 2083 2232 Deme-

412 2250 415 2251 ⁷
492 2260 667 2320 ,trius.
711 2278 730 2310 ι
768 2260 1009 2315 Ecclesia
1043 2276 1192 2331 ergo,
1235 2262 1301 2316 ad
1341 2278 1525 2331 quam,
1560 2265 1649 2318 cui
1700 2277 1926 2321 sanctus
1974 2267 2082 2322 De-

512 2354 739 2405 metrius
765 2353 816 2406 in
847 2353 1024 2407 insula
1071 2352 1210 2407 Chio
1233 2367 1577 2424 apparuerat,
1603 2356 1687 2411 vir
1711 2360 1916 2428 probus
1939 2374 2079 2426 sese,

510 2456 620 2509 quo
659 2444 805 2511 quis,
836 2444 928 2512 qui
961 2444 1011 2497 ei
1048 2446 1407 2514 apparuisset,
1447 2446 1750 2504 Demetrius
1802 2461 1950 2506 esset
1983 2452 2082 2506 in-

511 2532 798 2602 telligeret,
826 2533 1077 2596 contulit,
1117 2534 1258 2588 binis
1285 2535 1510 2598 sanctis,
1547 2534 1751 2591 Victori
1775 2538 1989 2594 scilicet
2022 2550 2081 2595 ct

510 2622 738 2689 Isidoro,
765 2624 1066 2679 secundum
1092 2624 1363 2681 Anastasii
1398 2629 1903 2698 interpretationem
1930 2645 2081 2684 sacra

511 2726 651 2772 erat.
689 2716 890 2772 Verum
924 2719 1170 2788 proxime
1213 2720 1461 2786 recitata,
1494 2735 1525 2776 e
1569 2721 1803 2792 quibus,
1833 2724 1977 2793 quod
2014 2727 2081 2780 de

510 2809 740 2864 ecclesia
780 2808 869 2863 illa
911 2810 1054 2877 apud
1099 2811 1446 2865 Anastasium
1495 2813 1789 2882 reperitur,
1829 2816 2079 2884 primitus

510 2901 766 2956 haustum
788 2911 895 2964 est,
917 2900 1144 2957 Joannis
1162 2901 1665 2961 Thessalonicensis
1681 2905 1866 2962 Graeca
1891 2908 2078 2974 verba,

510 3008 621 3047 non
645 2993 810 3058 binis,
853 2993 948 3051 se]
982 2994 1075 3048 nni
1106 2994 1370 3049 duntaxat
1409 3006 1599 3051 sancto
1632 2998 1842 3055 Isidoro
1893 3001 2078 3056 eccle-

508 3084 669 3148 siam,
701 3085 766 3139 ad
802 3101 987 3162 quam,
1012 3086 1102 3142 cui
1142 3097 1365 3143 sanctus
1388 3087 1700 3147 Demetrius
1732 3105 2073 3163 apparuerat,
2102 3110 2147 3174 ρ

511 3174 594 3227 vir
634 3173 838 3243 probus
866 3190 987 3231 sese
1017 3178 1271 3241 contulit,
1300 3187 1677 3235 consecratam
1724 3182 1896 3240 fuisse
1951 3201 2078 3255 pro-

506 3260 669 3316 dunt.
700 3261 936 3328 Etenim,
966 3266 1108 3334 quod
1137 3266 1191 3319 in
1222 3265 1426 3321 Grmcis
1456 3268 1683 3326 Joannis
1718 3273 2075 3330 Thessaloni-

507 3353 688 3406 censis
717 3353 898 3408 verbis
920 3357 1166 3424 proxime
1192 3359 1442 3416 recitatis
1462 3364 1702 3418 occurrit
1757 3367 2077 3423 vocabulum

510 3444 819 3507 καλλίνικος
846 3446 1160 3516 neutiquam
1185 3460 1289 3517 est,
1317 3452 1427 3516 cui,
1453 3456 1909 3523 quemadmodum
1921 3462 2082 3523 ,Ληα-

508 3535 708 3589 stasius
747 3535 1098 3601 existimavit,
1141 3555 1346 3596 nomen
1380 3540 1635 3601 Latinum
1678 3550 1957 3618 proprium
1984 3552 2078 3607 Vi-

504 3635 624 3681 ctor
661 3628 1010 3697 respondeat,
1033 3645 1234 3686 nomen
1273 3633 1457 3689 Sancti
1484 3640 1785 3706 pmprium,
1825 3644 1918 3699 sed
1951 3654 2077 3700 tan-

508 3726 658 3784 tum,
724 3720 867 3787 quod
924 3732 1180 3778 sanctum
1230 3724 1505 3782 lsidorum
1547 3740 1835 3802 martyrem
1892 3736 2075 3804 aﬂicit,

504 3808 860 3877 adjectivum,
905 3811 1049 3866 idem
1099 3812 1306 3879 Graece,
1346 3820 1491 3887 quod
1524 3818 1736 3887 Latine,
1778 3843 1796 3876 α
1833 3827 2077 3895 pulchris

504 3900 747 3957 victoriis
783 3914 1030 3968 ornatus,
1069 3924 1088 3957 ι
1127 3905 1478 3977 signiﬁcans,
1531 3914 1607 3968 uti
1653 3918 1853 3985 passim
1909 3921 2075 3976 modo

501 3992 699 4063 lingua:
726 3994 925 4050 Graecae
953 3999 1142 4067 peritis
1175 4009 1365 4055 notum
1400 4012 1506 4059 est.

571 4086 661 4139 80.
695 4085 973 4156 Quidquid
1008 4091 1192 4162 itaque
1222 4093 1550 4153 Anastasius
1571 4099 1626 4152 in
1658 4100 1930 4166 miraculi,
1963 4118 2073 4172 quo

502 4178 721 4232 snnitati
748 4178 1026 4236 Marianus
1048 4186 1331 4240 restitutus
1348 4187 1469 4256 fuit,
1500 4192 1818 4247 narratione
1840 4204 2070 4262 astruat,

500 4270 634 4337 quin
670 4280 853 4326 tamen
882 4271 993 4340 jam
1028 4283 1167 4342 tum,
1194 4292 1319 4331 cum
1350 4279 1403 4333 id
1450 4291 1785 4349 patraretur,
1815 4298 1879 4339 ac
1909 4286 2070 4354 proin

502 4361 597 4415 diu
624 4363 787 4417 etiam
837 4374 965 4420 ante
1011 4365 1241 4422 Joannis
1296 4370 1807 4430 Thessalonicensis
1855 4386 2067 4432 aetatem

2190 1887 2410 1956 quidem
2468 1900 2814 1959 ornamenta,
2857 1895 3056 1965 quibus
3092 1897 3277 1953 Sancti
3306 1901 3617 1965 ecclesiam,
3642 1904 3759 1958 imo

2188 1976 2330 2032 forte
2361 1980 2431 2033 ob
2463 1980 2600 2034 infra
2624 1983 2853 2038 dicenda
2875 1986 3067 2041 horum
3088 1988 3280 2054 altero,
3307 1990 3518 2047 ciborio
3536 2008 3756 2064 nempe,

2189 2069 2353 2124 etiam
2390 2073 2657 2129 tumulum
2708 2091 2929 2132 ornare.
2968 2076 3556 2140 Thessalonicensibus
3610 2102 3758 2142 cura:

2187 2162 2307 2227 fuit,
2345 2164 2604 2220 eximiam
2639 2183 2893 2238 prorsus,
2925 2186 3030 2240 qua
3071 2172 3126 2226 hi
3163 2175 3218 2229 in
3273 2175 3424 2232 illum
3457 2178 3759 2248 antiquitus

2187 2251 2860 2320 fuerunt,vcnerationetn
2906 2270 3186 2333 utcunque
3217 2274 3467 2321 testatam
3502 2267 3753 2336 faciunt;

2186 2344 2340 2401 Hanc
2381 2362 2545 2417 porro
2591 2351 2827 2421 amplius
2857 2354 3055 2419 adhuc,
3089 2372 3208 2427 quae
3228 2359 3340 2429 jam
3375 2377 3523 2416 nunc
3553 2363 3750 2429 subdo,

2187 2440 2504 2496 ostendent.

2256 2527 2346 2583 8i.
2402 2531 2642 2606 Contigit
2689 2546 2770 2602 ut,
2819 2541 3275 2609 quemadmodum
3334 2544 3455 2601 loco
3500 2547 3751 2616 proxime

2186 2620 2279 2673 cit.
2312 2619 2554 2680 Joannes
2584 2625 3102 2689 Thessalonicensis
3140 2638 3326 2705 refert,
3352 2640 3619 2696 ciborium
3650 2658 3749 2698 seu

2187 2712 2240 2765 in
2283 2713 2609 2787 fastigiatam
2640 2721 2869 2777 formam
2910 2726 3190 2793 eductum,
3224 2730 3324 2785 sub
3353 2748 3484 2802 quo,
3520 2744 3579 2788 ut
3607 2738 3749 2789 mul-

2186 2805 2256 2860 tis
2292 2807 2636 2876 credebatur,
2672 2811 2864 2870 Sancti
2903 2832 3103 2888 corpus
3134 2822 3350 2888 jacebat
3381 2827 3747 2888 reconditum.

2183 2896 2369 2954 altaris
2394 2902 2768 2961 umbraculum
2791 2918 2949 2964 nocte
2990 2912 3395 2981 incenderetur,
3434 2930 3747 2990 argentum-

2184 3005 2315 3059 que,
2374 3007 2405 3047 e
2442 3010 2551 3063 quo
2591 2997 2666 3062 id,
2725 3010 2786 3053 ut
2852 3001 2989 3069 dixi,
3030 3015 3151 3060 erat
3188 3007 3529 3076 confectum,
3580 3013 3747 3068 vehe-

2184 3085 2351 3138 menti
2382 3085 2521 3155 ignis
2547 3090 2728 3146 calore
2785 3091 2968 3148 fusum
3027 3099 3321 3152 maximam
3355 3112 3564 3170 partem
3597 3105 3749 3173 peri-

2188 3183 2289 3229 ret.
2343 3175 2631 3245 Eusebius,
2672 3180 3200 3253 Thessalonicensis,
3239 3207 3398 3261 quem
3455 3196 3565 3263 jam
3622 3212 3749 3253 mox

2184 3266 2421 3330 laudavi,
2464 3272 2932 3346 archiepiscopus.
2956 3294 3085 3334 casu
3130 3281 3503 3353 inexspectato
3537 3291 3750 3356 percul-

2182 3371 2296 3422 sus,
2349 3359 2417 3413 de
2462 3376 2607 3418 novo
2647 3368 3071 3437 quamprimum,
3122 3389 3225 3442 qua
3281 3390 3414 3432 sane
3441 3394 3500 3434 re
3546 3382 3749 3439 eximia

2184 3448 2303 3517 ejus
2335 3464 2460 3521 erga
2512 3452 2774 3511 Sanctum
2806 3464 3089 3518 veneratio
3152 3464 3363 3533 eluxit,’
3403 3475 3745 3529 exstruendo

2180 3539 2385 3596 ciborio
2438 3546 2581 3599 serio
2640 3549 2935 3620 cogitabat,
2978 3569 3215 3626 cumque
3275 3559 3420 3616 hunc
3450 3561 3506 3616 in
3553 3565 3743 3630 ﬁnem,

2181 3646 2289 3686 non
2346 3633 2557 3690 modica
2616 3643 2865 3709 argenti,
2924 3659 2955 3698 e
3004 3661 3112 3716 quo
3164 3653 3513 3707 combustum
3582 3658 3743 3712 cibo-

2179 3725 2313 3778 rium
2368 3725 2545 3782 fuerat
2592 3731 2927 3798 confectum.
2982 3747 3137 3807 parte
3189 3744 3414 3811 amissa,
3475 3761 3738 3804 necessa-

2182 3817 2314 3871 riam
2342 3820 2447 3874 sibi
2478 3821 2667 3879 deesse
2697 3829 3009 3895 materiam,
3034 3843 3307 3900 cerneret,
3343 3836 3738 3907 ciboriumque,

2179 3910 2320 3976 quod
2356 3925 2539 3968 sacras
2574 3913 2760 3972 Sancti
2810 3920 3070 3990 reliquias
3123 3925 3410 3984 continere
3470 3930 3524 3985 id
3558 3932 3744 3987 existi-

2180 4013 2439 4070 maretur,
2508 4010 2877 4065 necessariam
2943 4016 3138 4085 magis,
3181 4034 3344 4088 quam
3426 4034 3742 4093 argenteus,

2178 4094 2332 4163 cujus
2374 4112 2499 4151 mox
2535 4101 2906 4168 meminimus.
2958 4108 3193 4165 thronus
3228 4122 3399 4179 esset,
3427 4116 3744 4186 supellecti-

2178 4182 2279 4236 lem
2310 4195 2551 4253 putaret,
2590 4189 2847 4246 thronum
2891 4195 3054 4251 istum
3085 4200 3367 4258 destruere
3424 4182 3744 4277 acceptum-

2177 4290 2283 4341 que
2336 4291 2401 4331 ex
2454 4291 2522 4332 eo
2578 4294 2867 4351 argentum
2904 4288 2972 4342 ad
2999 4291 3127 4343 novi
3162 4292 3352 4348 ciborii
3404 4304 3735 4353 structuer

2175 4367 2439 4423 adhibere
2467 4374 2852 4431 meditabatur.
2876 4380 3105 4448 Verum,
3134 4399 3204 4439 ne
3226 4384 3277 4440 id
3305 4385 3481 4453 fieret,
3510 4372 3739 4461 ipsemet

500 4452 714 4521 insigne
753 4453 912 4522 plane
945 4458 1228 4525 templum,
1263 4472 1456 4527 sancto
1492 4464 1771 4520 Demetrio
1828 4481 2069 4532 sacrum,

2184 4469 2400 4515 sanctus
2457 4461 2787 4531 Demetrius,
2834 4486 2933 4538 per
2983 4475 3382 4547 presbyterum,
3417 4452 3508 4536 cui
3532 4452 3741 4545 .semel.

500 4540 909 4600 Thessalonicae
955 4551 1252 4614 exstiterit,
1309 4554 1379 4606 ob
1407 4556 1612 4619 omnia,
1677 4572 1799 4626 quae
1842 4559 1955 4627 jam
2016 4561 2071 4613 in

502 4635 742 4689 medium
801 4637 1028 4702 adduxi,
1060 4640 1422 4698 dubitandum
1455 4662 1566 4700 non
1599 4658 1703 4703 est.
1733 4650 1911 4720 Atque
1943 4652 2073 4706 hinc

494 4726 604 4794 jam
658 4724 798 4793 ﬂuit,
850 4738 910 4781 ut
967 4729 1326 4787 dubitandum
1366 4737 1569 4804 pariter
1623 4754 1734 4793 non
1795 4741 1884 4805 sit,
1938 4743 2070 4811 quin

502 4817 737 4872 Sanctus
767 4819 860 4873 diu
893 4820 1057 4874 etiam
1092 4832 1219 4877 ante
1252 4824 1305 4878 id
1356 4835 1575 4896 tempus
1608 4832 1755 4884 cultu
1792 4833 1951 4899 plane
1980 4836 2069 4889 in-

500 4906 641 4976 signi
697 4905 1101 4966 Thessalonicae
1160 4913 1464 4970 honoratus
1518 4917 1704 4975 fuerit.
1762 4921 1878 4977 lino
1917 4940 2067 4991 vero,

499 5013 626 5051 cum
682 5013 747 5052 ex
804 5016 964 5070 supra
996 5002 1157 5058 dictis
1194 5008 1451 5077 templum
1510 5012 1673 5066 etiam
1708 5014 1940 5087 insigne,
1969 5034 2069 5071 nos

503 5087 637 5141 mini
667 5103 769 5143 suo
826 5104 1212 5150 consecratum
1258 5101 1671 5158 verosirnillime
1701 5104 1812 5173 jam
1852 5107 1979 5163 inde
2037 5126 2066 5164 a

501 5180 702 5235 saeculo
743 5198 773 5237 v
833 5184 1035 5241 ibidem
1082 5188 1357 5258 habuerit,
1393 5208 1517 5249 cum
1554 5198 1719 5251 etiam
1778 5199 1889 5268 jam
1952 5211 2066 5255 tum

499 5282 596 5327 aut
626 5274 816 5331 saltem
848 5290 977 5334 ante
1030 5284 1291 5338 saaculum
1347 5300 1399 5340 vt
1437 5286 1739 5345 festivitate
1773 5308 1951 5348 annua
2009 5297 2061 5350 in

497 5363 589 5419 illa
645 5366 867 5425 civitate
898 5386 997 5426 sua
1034 5376 1200 5430 natali
1255 5378 1459 5432 cultum
1492 5378 1662 5436 fuisse
1720 5385 2064 5441 verosimilli-

499 5472 648 5511 mum
673 5471 922 5529 apparet,
958 5466 1191 5521 maxime
1247 5483 1370 5522 cum
1416 5470 1533 5539 jam
1562 5472 1689 5527 inde
1726 5474 1793 5528 ab
1827 5476 1930 5530 hoc
1966 5495 2064 5531 srr-

500 5543 624 5597 culo
650 5560 746 5613 pro
779 5558 1012 5616 patrono
1054 5553 1219 5607 etiam
1264 5557 1527 5624 primario
1553 5577 1581 5613 a
1613 5559 2065 5623 Thessalonicen-

505 5631 656 5686 sihus
711 5633 930 5693 habitus
988 5643 1396 5700 verosimillime
1427 5647 1614 5715 fuerit,
1660 5654 1735 5705 uti
1772 5655 1823 5706 in
1857 5655 2056 5711 Adnot.

500 5719 596 5777 lib.
621 5738 636 5776 t
660 5723 1040 5785 Miraculorum
1065 5749 1185 5805 cap.
1211 5736 1246 5789 ει
1265 5737 1563 5795 subdendis
1588 5743 1813 5801 docebo.
1843 5746 2056 5803 Dictum

2179 4549 2376 4603 iterum
2407 4567 2472 4606 ac
2505 4556 2667 4611 tertio
2710 4562 2983 4628 apparuit,
3030 4565 3264 4622 Eusebio
3303 4571 3741 4645 archiepiscopo,

2178 4638 2474 4696 voluntatis
2500 4658 2611 4699 sua:
2650 4646 2782 4702 illud
2816 4666 2924 4726 npn
2971 4667 3092 4709 esse
3120 4655 3433 4725 declarans,
3472 4638 3739 4732 impediit.

2177 4727 2366 4799 Neque
2406 4749 2534 4789 vero
2580 4737 2866 4806 praefatum
2920 4745 3203 4813 thronum,
3258 4759 3317 4803 ut
3350 4727 3565 4807 novum
3588 4758 3742 4811 cibo-

2180 4820 2321 4877 rium
2355 4824 2738 4895 conﬁceretur,
2791 4832 2999 4889 destrui
3040 4836 3142 4891 fuit
3174 4855 3417 4898 necesse.
3453 4844 3746 4904 Thessalo—

2180 4912 2436 4971 nicenses
2492 4922 2639 4975 enim
2670 4922 2819 4979 cives
2880 4943 2983 4984 nec
3030 4934 3223 4987 moniti
3264 4934 3472 4991 affatim
3508 4943 3742 5011 argenti,

2181 5015 2241 5059 ut
2274 5022 2478 5062 novum
2514 5023 2893 5072 exstrueretur
2935 5020 3224 5091 ciborium,
3257 5026 3324 5081 ad
3373 5031 3747 5101 archiepisco-

2180 5112 2305 5166 pum
2329 5115 2486 5155 suum
2511 5107 2774 5161 tulerunt.
2793 5108 3019 5167 Joannis
3033 5114 3536 5178 Thessalonicensis
3555 5128 3744 5192 verba,

2179 5187 2375 5257 quibus
2416 5190 2519 5246 hoc
2550 5207 2889 5263 postremum
2925 5203 3045 5259 loco
3077 5220 3242 5277 supra
3271 5210 3369 5266 cit.
3429 5218 3743 5285 exponitur,

2176 5282 2234 5335 in
2274 5286 2662 5353 compendium
2722 5292 2791 5345 ab
2840 5294 3129 5353 Anastasio
3159 5282 3588 5363 Bibliothecario
3617 5282 3744 5366 con-

2173 5384 2365 5442 tracta,
2425 5390 2589 5447 prout
2642 5386 2787 5453 apud
2827 5386 3198 5448 Mabillonium
3256 5399 3446 5454 tom.I
3503 5401 3744 5457 Veterum

2173 5469 2572 5537 Analectorum,
2616 5491 2670 5545 p.
2705 5478 2794 5546 77,
2828 5492 3068 5550 exstant,
3101 5488 3189 5542 hic
3236 5492 3493 5549 exhibeo.
3524 5495 3617 5551 Sic
3644 5497 3741 5551 ha—

2170 5559 2302 5614 bent
2330 5580 2341 5615 :
2381 5582 2401 5615 ι
2435 5564 2570 5620 Dum
2605 5570 2785 5626 adhuc
2815 5574 2834 5642 (
2860 5578 3166 5648 presbyter,
3206 5583 3292 5636 cui
3328 5600 3451 5640 sese
3484 5599 3743 5656 spectari:

2172 5652 2299 5705 dum
2335 5668 2555 5711 sanctus
2592 5660 2900 5720 Demetrius
2952 5669 3197 5739 dederat,
3232 5683 3287 5728 ct
3344 5652 3613 5734 Euseb—ius
3646 5696 3741 5734 ar-

2171 5746 2577 5825 εῒιίειρὶεοορυε)
2646 5757 2713 5813 de
2787 5760 2871 5814 his
2926 5762 3283 5834 loqueremur
3345 5771 3411 5825 ad
3481 5772 3738 5838 invicem,
