4142 6380
469 283 526 348 Π
539 281 594 344 't‘l

1783 286 2436 350 SUPPLEMENTUM.

3604 290 3741 358 1132

489 470 491 472 η
561 402 656 458 85.
687 401 799 457 Nec
828 397 1554 456 tantum'l‘bcssaloniecnse
1580 395 1762 453 Sancti
1783 399 2067 468 templum,
2093 404 2145 461 Α
2174 398 2364 454 lumen
2393 413 2687 454 concessus
2711 411 2791 463 es,
2809 397 2878 453 ad
2895 411 3058 468 quem
3083 398 3328 468 quotidie
3342 399 3614 470 supplices
3641 421 3740 472 pro

480 495 805 564 priusquam
845 491 1112 556 civitatis,
1145 491 1201 544 in
1236 507 1343 560 qua
1373 491 1476 544 hoc
1507 490 1673 543 situm
1705 498 1809 555 est,
1847 503 2056 544 mento-

475 597 657 644 ratum
691 595 876 650 antea,
908 584 1054 654 quod
1079 600 1108 638 a
1132 583 1343 640 Joanne
1357 582 1677 638 Cameniata
1700 583 2051 650 describitur,

465 679 741 736 excidium
774 677 1040 744 eveniret,
1075 676 1272 732 eximia
1311 689 1540 746 prorsus
1565 675 1725 730 ollicii
1757 674 1924 730 divini
1958 691 2053 730 so.

469 769 790 832 lemnitate,
809 781 1102 837 annuaque
1147 767 1276 822 festi
1319 765 1676 832 Demetriani,
1709 780 1831 836 quae
1871 765 2052 820 maxi-

465 877 576 926 tua,
603 861 681 916 uti
723 877 755 916 θ
781 861 892 931 jam
917 859 1162 914 recitatis
1201 859 1536 916 Cameniatae
1566 857 1751 914 verbis
1794 857 2055 929 intelligi-

467 963 582 1018 tur,
619 967 818 1024 pompa
865 952 1254 1024 peragebatur,
1285 952 1662 1007 celebratione
1696 950 1931 1006 maxime
1968 949 2052 1004 ef-

466 1047 620 1102 fulsit
643 1085 660 1110 ,
688 1061 878 1099 verum
913 1044 970 1100 id
1001 1060 1111 1100 non
1144 1059 1309 1100 secus
1336 1059 1404 1100 ac
1440 1044 1724 1114 antiquum
1755 1059 1785 1097 a
1821 1041 2052 1098 Leontio

470 1148 856 1204 exstructum,
914 1137 1066 1208 quod
1126 1135 1364 1193 ﬂammis
1421 1136 1602 1192 fuerat
1658 1136 2052 1206 absumptum,

466 1230 961 1290 Thessalonicense
1005 1229 1116 1303 (adi
1155 1229 1440 1285 Plautianae
1467 1229 1602 1284 Vitae
1645 1228 1849 1293 verba,
1897 1243 2049 1282 num.

466 1326 535 1381 74
574 1325 824 1394 recitata)
882 1323 1076 1378 Sancti
1123 1323 1298 1379 nostri
1345 1322 1606 1392 templum
1640 1361 1656 1387 ,
1695 1340 1713 1372 ί
1757 1333 2052 1376 commune

463 1419 905 1491 propitiatorium
939 1428 996 1474 et
1039 1418 1349 1488 perfugium
1387 1436 1405 1470 ι
1441 1417 1582 1484 fuit,
1615 1418 1688 1472 ad
1735 1418 1883 1488 quod
1935 1430 2050 1473 tum

466 1511 662 1572 fideles
691 1510 808 1575 alii,
855 1517 969 1565 tum
1014 1510 1102 1564 vel
1147 1509 1385 1565 maxime
1415 1508 1961 1572 Thessalonicenses,
1993 1519 2051 1566 ut

465 1620 626 1675 opem
648 1603 836 1659 Sancti
870 1603 926 1657 in
950 1603 1378 1660 necessitatibus
1401 1604 1517 1658 suis
1545 1602 1922 1672 implorarent,
1941 1619 2051 1658 non

465 1712 589 1752 raro
655 1704 1024 1751 recurrerent.
1068 1695 1241 1762 Quam
1284 1710 1476 1750 verum
1535 1695 1587 1748 id
1651 1695 1743 1757 sit,
1803 1695 1890 1748 vel
1935 1693 2050 1749 sola

465 1804 496 1842 a
519 1788 731 1844 doanne
765 1787 1082 1846 Cameniata
1109 1829 1125 1852 ,
1165 1788 1295 1842 dum
1317 1829 1332 1854 ,
1367 1803 1489 1857 quae
1531 1786 2054 1842 Thessalonicenscs

463 1880 750 1950 aliosque,
800 1896 926 1936 eum
973 1877 1208 1952 Agarerii
1255 1893 1404 1933 anno
1447 1878 1554 1933 904
1602 1877 2051 1944 Thessalonicae,

463 1974 630 2044 paulo
657 1982 789 2043 post
819 1973 890 2028 ab
921 1971 1073 2026 hisce
1124 1971 1292 2026 etiam
1343 1977 1668 2040 evpugnatae
1715 1971 2053 2039 excisaeque,

464 2064 834 2130 imminerent,
872 2062 1089 2129 fecisse,
1123 2063 1176 2117 in
1214 2077 1380 2131 supra
1413 2063 1534 2127 cit.,
1565 2078 1686 2132 quae
1715 2063 1770 2116 in
1802 2061 2054 2117 Historia

462 2154 776 2228 Byzantina:
842 2163 958 2223 post
1019 2153 1385 2220 Theophanem
1439 2152 1781 2222 scriptoribus
1836 2161 2051 2219 exstat,

464 2245 872 2309 lucubratione,
893 2259 1018 2315 pag.
1035 2243 1160 2308 555,
1186 2244 1463 2298 memoria:
1487 2243 1692 2314 prodit,
1709 2245 2054 2314 suppeditata

465 2337 632 2392 verba
666 2346 991 2407 argumento
1032 2345 1195 2402 sunt;
1231 2346 1361 2391 sunt
1393 2345 1579 2391 autem
1609 2335 1724 2392 haec
1765 2355 1779 2390 :
1825 2355 1844 2388 ι
1881 2339 2055 2393 Caete-

464 2441 588 2482 rum
627 2427 795 2483 variis
830 2426 1255 2498 cogitationibus
1306 2427 1556 2482 distracti
1585 2442 1652 2482 ac
1703 2427 2009 2484 titubantes
2035 2468 2050 2494 ,

463 2534 566 2590 per
599 2518 838 2589 reliquos
885 2518 1240 2588 insequentes
1280 2518 1422 2583 dies,
1463 2520 1612 2589 quod
1662 2519 1880 2575 miseris
1930 2521 2056 2578 reli-

464 2627 638 2684 quum
667 2619 775 2677 est,
815 2611 921 2668 hoc
963 2625 1066 2666 nos
1099 2609 1202 2680 ipsi
1238 2609 1352 2680 jam
1389 2611 1693 2676 enitimur;
1723 2621 1782 2666 ut
1817 2612 2052 2677 scilicet,

466 2720 590 2776 qua
621 2719 782 2762 nemo
822 2703 1008 2758 dicere
1053 2703 1265 2766 valeat,
1308 2702 1506 2758 divinae
1555 2703 1933 2759 miserationis
1969 2705 2053 2759 vi-

469 2813 644 2864 scera,
684 2805 1116 2865 sanctorumque
1148 2794 1475 2866 patrocinia,
1521 2795 1664 2851 votis
1708 2794 2052 2851 invocemus.

467 2890 685 2961 Quippe
717 2890 1004 2946 venientes
1051 2889 1121 2944 ad
1171 2904 1339 2959 supra
1390 2898 1750 2944 memoratam
1789 2891 2053 2958 praelaro

467 2983 667 3039 decore
697 2981 1206 3052 splendidissitnam
1237 2979 1620 3052 gioriosiasimi
1663 2981 1918 3052 martyris
1947 2981 2052 3036 De-

468 3075 653 3131 metrii
681 3073 875 3140 adem,
910 3084 1024 3129 tum
1061 3087 1256 3129 omnes
1292 3072 1536 3129 civitatis
1566 3073 1768 3130 accolas
1790 3115 1806 3134 .
1834 3083 1948 3130 tum
1984 3089 2050 3129 ex

467 3166 634 3224 variis
657 3166 913 3239 gentibus
937 3164 1163 3220 advena:
1182 3203 1197 3228 ,
1225 3164 1408 3220 omnis
1437 3163 1676 3235 dignitas
1704 3175 1867 3234 atque
1901 3173 2052 3231 aetas,

468 3255 916 3325 lamentabilique
949 3255 1121 3308 choro
1147 3253 1482 3323 composito,
1518 3253 1735 3308 sublato
1755 3253 1823 3308 ad
1856 3261 2056 3324 marty-

469 3366 586 3406 rem
637 3350 899 3411 clamore,
949 3357 1241 3416 patronum
1285 3347 1448 3403 nobis
1496 3346 1614 3402 fore
1657 3347 1922 3406 adversus
1965 3351 2052 3404 in-

468 3448 754 3514 gruentem
796 3438 1154 3494 barbarorum
1179 3438 1380 3495 minaci
1425 3440 1504 3494 ira
1537 3439 1818 3494 interitum
1847 3455 1911 3493 ac
1945 3455 2054 3494 caa-

467 3534 593 3589 dcm
615 3572 632 3594 .
675 3531 1022 3603 rogabatuus.
1051 3529 1376 3593 Ostendi-.ti,
1405 3530 1749 3596 dicebamus,
1787 3545 2054 3600 generose

467 3632 694 3697 martyr,
719 3621 1058 3682 defensionis
1086 3632 1190 3676 tuae
1212 3631 1524 3692 promptam
1556 3621 1862 3692 ardoreque
1881 3622 2053 3677 animi

467 3716 906 3789 opitulationem,
941 3715 993 3770 in
1033 3715 1218 3772 multis
1245 3714 1393 3771 haud
1441 3729 1568 3770 raro
1613 3715 1894 3785 periculis.
1932 3731 2056 3786 quae

467 3823 617 3868 tuam
648 3809 932 3881 appetiere
963 3808 1156 3865 urbem
1183 3849 1198 3874 ,
1229 3808 1560 3878 cunctisque
1610 3808 2049 3864 adversariorum

469 3902 749 3960 dissolutis
788 3899 1026 3962 insidiis.
1060 3899 1129 3955 ab
1149 3899 1300 3956 omni
1337 3899 1640 3954 immunem
1681 3914 1828 3954 noxa
1860 3915 1924 3954 ac
1965 3900 2050 3953 inv

471 3997 634 4054 teritu
661 3991 1020 4049 conservasti.
1057 3990 1301 4047 Ostende
1331 4007 1480 4046 nunc
1519 4007 1760 4062 quoque.
1783 3991 2052 4044 miseran-

468 4088 701 4151 tissime,
751 4095 902 4142 tuam
945 4099 1073 4155 erga
1116 4099 1220 4140 nos
1265 4083 1591 4140 immensam
1642 4098 1862 4148 curam;
1898 4091 1955 4137 et
1983 4097 2055 4137 ne

467 4181 774 4254 glorientur
806 4179 1100 4235 adversum
1131 4193 1235 4235 nos
1265 4187 1459 4248 gentes
1492 4177 1742 4233 barbarie
1770 4186 1827 4231 et
1852 4176 2054 4232 alieni-

466 4288 642 4344 genas,
681 4286 805 4341 quin
834 4268 1006 4326 Deum
1039 4270 1313 4340 ignorant.

537 4366 628 4422 86.
670 4384 688 4414 ι
730 4361 921 4432 Neque
963 4377 1099 4417 vero
1142 4359 1364 4418 dederis
1411 4359 1632 4416 domum
1684 4361 1850 4426 hanc,
1887 4378 2055 4433 quam

2156 488 2316 543 nobis
2345 487 2585 550 fundens
2615 503 2827 557 preces,
2857 503 2978 558 qua:
3004 487 3058 542 in
3095 504 3208 542 rem
3249 499 3489 546 nostram
3521 493 3736 548 condu-

2160 591 2308 643 cant,
2349 579 2633 650 etllagitas.
2668 580 2904 650 Respice
2937 579 3100 650 igitur
3133 596 3279 635 nunc
3305 597 3523 652 quoque
3551 586 3602 637 in
3639 601 3737 654 po-

2155 671 2267 742 puli
2310 671 2476 741 hujus
2502 672 2720 727 consilii
2755 673 3068 742 mentisque
3099 673 3342 743 inepiatn
3381 689 3446 730 ac
3488 691 3613 745 spes
3641 677 3738 730 de-

2157 764 2386 834 positas,
2409 765 2824 835 orationemque
2848 775 3090 821 nostram
3114 765 3434 830 exaudiens,
3461 776 3544 822 sta
3567 768 3736 823 libera

2154 855 2552 912 intercessione
2583 872 2683 927 pro
2713 857 2896 922 nobis,
2915 857 3088 912 servis
3113 860 3239 922 tuis,
3259 867 3312 913 et
3333 859 3401 912 ab
3424 869 3737 936 exspectata

2156 962 2258 1003 nos
2296 950 2586 1004 eversione
2637 949 2811 1020 eripe,
2859 966 2928 1004 ne
2970 950 3066 1004 ﬁlii
3115 950 3325 1006 ancillae
3360 953 3505 1020 Agar
3544 967 3734 1009 contra

2157 1055 2260 1094 nos
2288 1041 2618 1112 glorientur,
2647 1057 2750 1098 nec
2768 1042 2976 1107 dicant,
3004 1039 3105 1098 Ubi
3126 1051 3211 1098 est
3231 1043 3490 1100 defensor
3511 1046 3737 1101 eorum?

2154 1130 2290 1186 Nam
2325 1134 2475 1189 vides
2506 1145 2562 1188 et
2603 1135 2741 1204 ipse,
2776 1133 3194 1204 benignissime,
3229 1151 3331 1189 nos
3364 1151 3472 1190 non
3522 1139 3574 1191 in
3609 1137 3734 1191 lau-

2153 1225 2292 1288 ceis,
2326 1226 2420 1280 sed
2470 1227 2524 1280 in
2553 1227 2759 1296 potenti
2791 1227 3190 1282 intercessione
3222 1237 3313 1283 tua
3342 1229 3420 1282 rei
3461 1245 3735 1284 summam

2154 1317 2499 1387 deposuisse,
2531 1318 2624 1387 qui
2655 1327 2713 1374 et
2745 1335 2937 1375 rursus
2989 1329 3094 1378 tum
3138 1335 3240 1375 nos
3282 1320 3639 1390 providentiae
3667 1337 3734 1376 ac

2153 1424 2297 1466 cut-te
2321 1420 2604 1480 compotes
2625 1409 2741 1464 fore
2791 1425 3094 1482 speremus.
3125 1408 3252 1465 Περ
3275 1421 3394 1466 vota
3419 1428 3544 1467 cum
3563 1412 3731 1467 animi

2153 1516 2379 1572 angore,
2429 1517 2622 1557 omnes
2671 1502 2994 1572 suppliciter
3043 1503 3266 1574 martyri
3307 1514 3478 1559 noctu
3531 1505 3734 1574 diuque

2158 1593 2459 1660 otl‘crentes
2496 1602 2660 1664 atque
2710 1595 2963 1665 lacrymis
3013 1596 3196 1665 templi
3245 1597 3421 1651 solum
3470 1596 3734 1668 rigantes,

2157 1687 2398 1742 hostium
2453 1689 2871 1757 exspectatione
2930 1687 3186 1758 suspensi
3247 1689 3559 1758 agebamus,
3607 1707 3733 1746 cum

2087 1764 2127 1820 Β
2158 1791 2444 1848 peccatum
2475 1787 2750 1843 nostrum,
2777 1779 2922 1834 haud
2950 1794 3114 1836 set-us
3143 1794 3209 1836 ac
3247 1789 3460 1850 septum
3491 1782 3737 1836 tirtnissi-

2157 1885 2305 1924 mum
2330 1885 2396 1924 ex
2429 1871 2664 1925 adverso
2693 1870 2958 1936 obstaret,
2990 1881 3158 1940 atque
3183 1873 3439 1943 martyris
3469 1873 3730 1929 interces-

2155 1962 2368 2020 sionem
2401 1977 2610 2018 cassam
2642 1963 2920 2027 redderet,
2946 1979 3014 2019 ne
3039 1965 3279 2020 divinam
3311 1965 3469 2022 nobis
3489 1967 3736 2038 benigni-

2157 2062 2319 2108 tatem
2358 2055 2580 2124 proprio
2614 2055 2837 2110 numine
2867 2057 3205 2112 conciliaret.
3236 2075 3254 2108 ι

2226 2147 2311 2201 87.
2353 2146 2524 2204 Porro
2547 2145 3090 2204 Thesealouieeusent
3120 2148 3556 2217 civitatcm,cum
3587 2168 3735 2213 anno

2155 2237 2257 2294 90t
2289 2238 2358 2293 ab
2384 2240 2678 2310 Agarenis.
2714 2248 2772 2295 ut
2809 2240 2918 2310 jam
2949 2244 3134 2304 docui,
3167 2243 3364 2300 fuisset
3403 2259 3731 2316 expugnata,

2155 2333 2299 2388 haud
2329 2333 2422 2388 diu
2470 2318 2764 2388 admodum
2812 2333 2866 2388 in
2903 2345 3170 2403 potestate
3201 2353 3302 2394 sua
3354 2338 3408 2393 hi
3461 2353 3731 2407 tenuere;

2155 2437 2345 2479 mense
2371 2424 2516 2478 enim
2549 2428 2786 2482 nondum
2827 2428 3061 2499 integro,
3103 2431 3177 2483 uti
3229 2446 3258 2486 e
3289 2431 3499 2486 Joanne
3542 2430 3732 2486 Came.

2153 2517 2302 2572 niata
2379 2516 2724 2586 intelligitur,
2794 2519 3028 2585 excidio,
3089 2524 3230 2591 quod
3283 2524 3732 2594 expugnationem

2154 2608 2401 2678 proxime
2444 2610 2684 2678 excepit,
2739 2609 2916 2666 fuerat
2954 2613 3150 2677 deleta,
3204 2629 3330 2669 cum
3375 2616 3732 2670 deserendum

2156 2701 2302 2756 illam
2349 2701 2581 2768 duxere,
2619 2718 2782 2772 reque
2798 2705 2970 2764 etiam
3005 2704 3119 2769 ipsa
3147 2705 3463 2762 deseruere.
3512 2709 3588 2762 Ae
3621 2717 3732 2761 tum

2153 2790 2372 2862 quidem
2405 2792 2588 2848 statim
2623 2791 2912 2848 instaurari
2937 2796 3290 2850 celeberrima
3329 2798 3520 2853 civitas
3546 2801 3731 2869 capit.

2155 2899 2278 2950 nec,
2329 2885 2460 2954 quin
2493 2896 2604 2942 tum
2658 2887 2864 2958 pariter
2890 2889 3101 2955 statim,
3149 2899 3205 2942 ut
3235 2891 3468 2958 insigne,
3505 2894 3646 2960 quod
3701 2907 3731 2946 τι

2155 2969 2413 3033 ὔδὼίιτὶε
2458 2978 2806 3046 profanatum
2869 2979 3067 3046 fuerat,
3148 2979 3410 3036 Demetrii
3466 2983 3725 3052 templum

2157 3069 2388 3138 pristino
2417 3070 2598 3126 decori
2655 3070 3058 3138 restitueretur,
3114 3072 3426 3128 laboratum
3479 3089 3508 3127 a
3542 3075 3727 3129 Sancti

2161 3161 2474 3219 amantibus
2525 3163 2712 3227 fuerit,
2770 3164 3126 3219 dubitandum
3177 3175 3424 3236 apparet.
3475 3165 3606 3222 Utut
3636 3169 3726 3229 sit,

2157 3254 2306 3310 istud
2335 3255 2587 3325 equidem
2643 3257 2928 3311 a-diticium
2960 3272 3200 3323 sacrum,
3239 3275 3343 3313 non
3382 3273 3539 3314 secus
3569 3269 3730 3328 atque

2157 3357 2307 3410 ante,
2349 3363 2376 3400 a
2415 3345 2688 3408 fidelibus.
2732 3349 2798 3402 ad
2837 3347 3023 3402 Sancti
3080 3364 3239 3418 opem
3303 3352 3730 3414 recurrentibus,

2158 3438 2566 3509 frequentatum
2606 3439 2733 3493 fuit.
2781 3439 2838 3494 ω
2869 3455 2900 3494 e
2929 3440 3165 3510 publico,
3192 3442 3336 3511 quod
3379 3444 3522 3497 inter
3573 3443 3730 3496 luno-

2156 3531 2322 3585 centii
2380 3532 2529 3585 tertii
2576 3532 2859 3601 epistolas,
2914 3549 3059 3588 anno
3116 3533 3254 3589 1682
3287 3532 3512 3589 Parisiis
3550 3551 3580 3588 a
3609 3534 3732 3589 Ste-

2155 3622 2334 3692 phano
2365 3620 2586 3678 Baluzio
2611 3624 2877 3695 volgatas,
2913 3625 3037 3680 libri
3074 3641 3143 3681 xv
3177 3626 3420 3695 epistola:
3456 3625 3526 3682 84
3558 3635 3734 3682 exstat

2155 3717 2442 3783 insertum,
2471 3719 2842 3773 instrumento
2880 3718 2965 3774 fas
2993 3730 3076 3774 est
3099 3719 3394 3791 colligere;
3422 3722 3564 3790 quod
3605 3737 3731 3792 pro-

2154 3808 2302 3872 inde,
2333 3822 2459 3862 cum
2513 3817 2780 3876 printer-ea
2831 3819 2887 3863 et
2920 3809 3023 3862 alia
3070 3810 3329 3864 nonnulla
3373 3812 3438 3863 ad
3475 3808 3731 3864 Sanctum

2153 3901 2755 3972 Thessalonicenseque
2767 3903 2884 3974 ejus
2901 3905 3158 3974 templum
3174 3906 3474 3975 spectantia
3489 3906 3730 3968 edet-eat.

2155 3995 2428 4064 integrum
2469 3995 2577 4054 huc
2633 3999 2970 4056 transcribo.
3026 3995 3252 4064 Verum,
3285 4008 3343 4052 ttt
3387 4015 3508 4069 quin
3535 3998 3588 4052 in
3631 3999 3735 4054 hoc

2156 4088 2451 4142 traduntur
2518 4087 2733 4144 facilius
2796 4090 3195 4161 intelligantur,
3279 4107 3456 4161 pauca
3537 4093 3734 4157 adhuc,

2155 4193 2450 4252 antequam
2497 4182 2550 4236 id
2601 4182 2823 4248 faciam,
2885 4185 3268 4253 pru'mittenda
3328 4194 3480 4243 sunt.
3533 4186 3732 4247 latini.

2156 4273 2340 4328 saeculi
2378 4272 2525 4328 tertii
2563 4275 2760 4329 decimi
2789 4277 2946 4330 initio
2973 4277 3455 4348 Constantinopoli
3485 4279 3536 4332 in
3569 4286 3735 4349 pote-

2156 4377 2353 4419 sa'em
2403 4381 2556 4420 suam
2612 4367 2860 4431 redacta,
2895 4367 3348 4425 Thessalonicam
3380 4372 3543 4426 etiam
3573 4371 3736 4426 sube-

468 4459 618 4512 orbis
648 4456 940 4512 universus
981 4469 1180 4510 novam
1219 4451 1536 4510 morborum
1568 4453 1840 4510 ollicinam
1873 4457 2050 4511 medi-
2087 4459 2127 4512 D
2156 4465 2350 4525 gerunt
2377 4476 2393 4523 ;
2421 4467 2550 4510 tunc
2583 4467 2764 4511 autem
2799 4456 3283 4514 Thessdunicense
3331 4460 3506 4515 sancti
3537 4459 3734 4515 Deme-

469 4565 587 4604 ram
634 4557 993 4616 paratumque
1028 4545 1297 4616 refugium
1335 4547 1520 4610 habet,
1563 4547 1632 4600 ab
1681 4547 1914 4616 impuris
1946 4549 2049 4601 im-

471 4643 684 4714 piisque
712 4640 1033 4700 hominibus
1063 4639 1342 4710 profanari
1363 4677 1380 4705 ,
1409 4639 1500 4708 qui
1545 4647 1788 4694 nostram
1818 4641 2052 4694 subseri»

469 4751 605 4796 nant
651 4739 835 4802 fidem,
875 4737 1196 4805 cultumque
1244 4745 1519 4804 spernunt
1570 4750 1636 4790 ac
1689 4733 2047 4807 religionem:

469 4844 632 4903 atque
659 4832 767 4889 hoc
800 4845 970 4886 unum
997 4828 1158 4884 nobis
1182 4827 1393 4883 crimen
1429 4827 1742 4896 impingunt
1768 4867 1783 4893 ,
1817 4844 1922 4898 qua
1955 4843 2051 4882 su-

471 4941 596 4982 mus
622 4926 682 4981 in
713 4923 906 4989 Deum,
960 4924 1252 4990 pietatem;
1302 4929 1647 4988 mortemque
1698 4920 2048 4974 immaturam

472 5019 882 5075 comminantur
909 5023 966 5069 et
996 5015 1244 5070 exitium.
1277 5011 1428 5067 Licet
1455 5013 1601 5066 enim
1633 5011 1942 5068 innumeris
1972 5013 2054 5067 di-

475 5112 567 5180 gni
609 5125 800 5168 sumus
837 5107 1144 5179 suppliciis,
1169 5107 1240 5162 ob
1282 5121 1344 5160 ea
1371 5105 1624 5170 scelera,
1657 5121 1778 5176 qua:
1818 5106 1872 5159 in
1907 5114 2052 5160 terra

472 5203 871 5267 commisimus,
913 5203 1153 5271 huicque
1198 5199 1344 5271 ipsi,
1374 5214 1498 5270 quae
1526 5198 1772 5270 ingruit,
1808 5199 2052 5254 vastitati

471 5305 536 5343 ac
557 5289 702 5346 cladi
737 5305 927 5346 sumus
956 5289 1200 5354 obnoxii,
1228 5304 1337 5344 non
1367 5297 1548 5342 tamen
1589 5287 1759 5344 alium
1792 5289 2053 5344 novimus

475 5381 672 5449 Deum,
699 5398 861 5452 quam
899 5385 992 5451 qui
1025 5393 1075 5438 te
1107 5384 1417 5444 coronavit,
1454 5382 1508 5434 in
1543 5382 1703 5450 cujus
1731 5381 1898 5436 etiam
1933 5397 2057 5452 gra-

475 5475 604 5529 tiam
649 5475 833 5530 divina
887 5476 1142 5545 peregisti
1189 5474 1514 5541 certamina,
1561 5489 1724 5545 quem
1769 5485 1827 5530 et
1859 5476 2056 5530 :cmula

473 5565 730 5634 passione
773 5567 1084 5622 clariticasti
1120 5583 1132 5618 :
1165 5568 1324 5638 cuius
1359 5567 1524 5622 etiam
1572 5580 1800 5622 munere
1855 5566 2056 5620 multo.

474 5670 594 5711 rum
624 5657 1009 5714 miraculorum
1045 5660 1277 5729 gratiam
1301 5669 1637 5713 consecutus
1665 5673 1748 5721 es,
1784 5657 2056 5726 nobisque

470 5760 663 5800 murus
701 5749 888 5804 tirmus
923 5751 1423 5819 iuconcussumque
1454 5749 1836 5805 fulcimentum
1868 5763 1931 5805 ac
1963 5765 2052 5805 eoo

2159 4547 2247 4600 trii
2328 4547 2586 4618 templum
2664 4549 3181 4622 llierosolymitanis
3239 4553 3414 4606 sancti
3488 4550 3733 4620 Sepnleri

2155 4641 2439 4696 canonicis
2510 4643 2856 4713 regularibus
2939 4643 3041 4697 fuit
3116 4660 3468 4700 concessum.
3535 4645 3733 4700 Verum

2158 4734 2324 4788 hosce
2360 4735 2504 4789 inter
2531 4746 2586 4790 et
2637 4734 3188 4792 Thessalonicensem
3233 4739 3732 4810 archiepiscopum,

2155 4827 2249 4896 qui
2293 4828 2346 4882 in
2381 4828 2558 4883 sant-ti
2594 4829 2854 4883 Demetrii
2882 4831 3172 4884 ecclesiam
3211 4831 3466 4902 bonaque
3495 4831 3564 4886 ad
3596 4833 3734 4886 hanc

2158 4921 2457 4989 spectantia
2513 4923 2606 4988 jus
2659 4921 2876 4992 aliquod
2913 4923 3020 4977 sibi
3072 4936 3384 4994 competere
3438 4923 3736 4979 contende-

2159 5014 2271 5081 bat,
2308 5016 2376 5070 lis
2411 5016 2560 5069 brevi
2589 5027 2782 5070 exorta
2814 5025 2918 5081 est,
2964 5033 3087 5088 quas
3119 5017 3341 5072 tandem
3373 5019 3651 5087 expressis
3684 5018 3737 5070 in

2159 5107 2523 5163 instrumento
2555 5125 2718 5182 supra
2751 5110 2968 5164 laudato
3009 5111 3443 5174 conditionibus,
3478 5128 3618 5182 quas
3672 5113 3739 5165 ad

2158 5197 2473 5269 pontificem
2532 5191 2919 5268 apprehendas
2962 5203 3186 5268 ntisere,
3217 5204 3416 5272 hicque
3447 5207 3542 5258 cit.
3572 5203 3738 5273 epist.

2158 5290 2228 5344 84
2279 5289 2626 5359 approbavit,
2686 5291 2789 5344 fuit
2848 5292 3140 5362 dirempta.
3199 5294 3280 5348 En
3338 5309 3485 5350 nunc
3568 5295 3736 5348 illud:

2165 5400 2184 5433 ι
2221 5381 2585 5438 Sanctissimo
2638 5381 2789 5438 Patri
2847 5392 2901 5438 et
2979 5385 3205 5440 denino
3266 5385 3586 5461 innocentia
3645 5387 3738 5442 Dei

2159 5473 2336 5539 gratia
2362 5483 2726 5529 sacrosancte
2758 5486 2812 5530 et
2844 5475 3174 5531 universalis
3227 5479 3487 5534 Ecclesia!
3527 5495 3741 5536 summo

2159 5563 2408 5618 Pontifici
2439 5563 2504 5619 G.
2539 5565 2782 5633 ejusdem
2816 5567 3081 5634 patientia
3121 5576 3177 5622 et
3227 5577 3408 5623 vestra
3446 5568 3739 5624 Thessalo-

2163 5655 2400 5710 nicensis
2420 5656 2678 5711 Eeelesia-
2711 5659 2979 5719 minister,
3010 5660 3137 5715 licet
3169 5660 3449 5732 indignus,
3483 5677 3543 5718 se
3562 5663 3741 5733 ipsum

2161 5747 2230 5802 ad
2261 5747 2428 5818 pedes
2463 5764 2588 5806 cum
2629 5751 2943 5807 oliedieutia
2975 5752 3144 5809 tiliali.
3168 5753 3307 5811 Cum
3342 5767 3572 5828 propter
3595 5754 3736 5810 schi-
