4142 6380
472 361 491 424 Ῑ
512 358 609 425 133

1515 353 1556 410 S
1620 345 2000 410 DEMETRII
2046 343 2442 408 MARTYRIS
2497 341 2707 406 ACTA.

3613 336 3750 405 ΗἍὶ

470 471 758 526 smaticam
822 465 1254 523 inobedientiam
1337 463 1538 519 sumini
1600 462 1748 531 regis
1809 461 2050 515 vindicta
2087 466 2129 520 Α
2163 457 2454 527 injungent
2477 453 2621 525 quod
2657 451 2974 509 nullatenus
3000 453 3271 525 aliquibus
3317 455 3370 510 in
3413 464 3741 514 testamento

471 571 675 616 terram
702 557 1018 613 Grecorum
1044 554 1404 611 correctionis
1431 553 1680 607 funiculo
1707 551 2055 625 ﬂagellasset,

471 663 528 709 et
572 653 746 721 ipsam
805 652 875 706 de
913 658 1131 706 secreto
1183 656 1348 719 atque
1392 645 1766 721 incestimabili
1829 644 2060 698 consilio

473 761 574 800 suo
593 720 662 798 ad
691 758 891 798 manus
917 742 1229 796 reduxisset
1252 736 1603 800 Latinorum,
1633 720 1788 791 multi
1820 735 2060 806 religiosi

473 838 541 892 de
598 835 833 891 diversis
859 833 1111 905 partibus
1135 833 1466 888 accedentes
1523 830 1740 884 diversa
1797 828 2061 884 beneficia

477 939 586 984 tam
615 944 715 999 per
771 928 1024 980 ilominos
1062 924 1370 981 cardinales
1435 937 1598 993 quam
1636 937 1736 992 per
1783 921 2064 992 principes

475 1030 528 1076 et
548 1020 789 1076 barones
820 1026 882 1071 et
905 1015 1046 1070 alios
1076 1013 1268 1068 fideles
1296 1013 1480 1084 adepti
1517 1021 1668 1067 sunt.
1704 1028 1723 1062 ι

551 1114 642 1170 88.
676 1131 695 1164 ι
736 1111 890 1166 lnter
935 1123 1079 1178 quos
1119 1108 1456 1171 sacrosancti
1499 1103 1748 1175 Sepulcri
1811 1102 2064 1157 canonici

477 1203 770 1259 ecclesiam
802 1200 977 1254 sancti
1007 1196 1271 1251 Demetrii
1301 1193 1827 1257 Thessalonicensis,
1846 1207 2065 1264 quoquo

481 1295 645 1350 modo
695 1291 870 1362 gavisi
901 1299 1034 1344 sunt
1057 1287 1310 1359 adipisci,
1349 1302 1512 1357 quam
1547 1300 1726 1356 usque
1752 1285 1821 1340 ad
1848 1284 2064 1338 inthro-

479 1385 815 1444 nizatiouem
872 1396 1050 1436 meam
1113 1397 1236 1436 cum
1276 1379 1462 1433 multis
1522 1377 1810 1433 laboribus
1871 1385 1948 1441 et,
2007 1384 2067 1429 ut

480 1493 667 1533 verum
699 1473 983 1540 fatear,illi
1014 1482 1171 1527 terra:
1195 1473 1425 1526 multum
1450 1469 1783 1528 necessariis
1808 1469 2067 1534 possede-

481 1577 634 1624 runt.
665 1565 808 1621 Sane
859 1563 1112 1634 quamvis
1163 1563 1424 1630 praedicta
1483 1560 1719 1614 ecclesia
1754 1558 1926 1612 sancti
1960 1555 2067 1611 De-

481 1659 663 1715 metrii
687 1659 752 1713 ad
783 1657 1226 1729 iurisdictionem
1260 1669 1444 1708 meam
1477 1652 1755 1722 pertinere
1786 1656 2064 1713 noscatur,

484 1763 670 1806 tamen
714 1751 786 1805 ob
833 1749 1204 1804 reverentiam
1237 1745 1505 1802 Dominici
1541 1743 1804 1815 sepulcri,
1834 1743 1926 1796 ubi
1975 1756 2064 1796 re—

483 1844 727 1914 demptio
759 1842 982 1898 humani
1038 1841 1256 1913 generis
1282 1846 1514 1909 cperata
1548 1846 1654 1902 est,
1705 1845 1762 1892 et
1813 1839 1881 1890 ad
1913 1835 2070 1904 cujus

484 1938 908 1998 subvenitionem
957 1937 1473 2005 crucesiguatorum
1530 1929 1811 1985 exercitus
1866 1940 2069 1982 terram

485 2031 770 2091 Romaniae
801 2029 1004 2085 dicitur
1032 2028 1369 2098 acquisisse.
1404 2039 1475 2080 ne
1505 2025 1676 2080 etiam
1709 2023 1845 2078 dicti
1898 2037 2070 2076 cano-

483 2125 596 2184 nici
620 2141 718 2180 sua
756 2139 854 2194 spe
881 2131 936 2178 et
978 2123 1259 2177 laboribus
1304 2119 1524 2191 penitus
1572 2118 1984 2180 fraudarentur,
2018 2124 2073 2174 et

485 2228 542 2272 ut
573 2219 754 2272 omnis
786 2215 1017 2286 qumstio
1055 2225 1110 2268 et
1137 2212 1538 2272 controversia,
1572 2208 1750 2276 qualis
1791 2208 1936 2262 inter
1984 2221 2071 2260 me

482 2321 540 2366 et
575 2311 728 2380 ipsos
777 2325 942 2378 super
975 2308 1080 2363 hoc
1133 2317 1351 2368 exorta,
1392 2319 1516 2374 quae
1550 2303 1620 2357 de
1671 2301 1824 2356 facili
1874 2299 2070 2354 ordine

481 2402 780 2472 judiciario
826 2417 937 2455 non
991 2409 1209 2469 poterat
1263 2408 1510 2468 tempore
1559 2394 1788 2450 instanti
1850 2400 2072 2463 propter

488 2513 666 2552 causa:
699 2495 1122 2566 perplexitatem
1153 2491 1400 2555 diﬂiuiri,
1450 2506 1550 2561 per
1573 2493 1772 2561 'pacem
1817 2498 1871 2543 et
1901 2485 2072 2556 aequi—

492 2595 657 2641 tatem
717 2583 932 2638 facilius
963 2583 1235 2652 sopiatur,
1290 2581 1596 2654 praesertim
1647 2593 1774 2634 cum
1825 2580 1879 2636 in
1927 2593 2070 2648 saepe

490 2679 636 2734 dicta
693 2676 928 2731 ecclesia
981 2675 1121 2729 tanti
1181 2674 1442 2744 martyris
1495 2688 1730 2743 corpore
1798 2671 2060 2726 decorata

492 2780 604 2824 tam
659 2769 980 2823 favorabilis
1010 2767 1256 2823 ecclesiat
1283 2767 1536 2822 canonici
1570 2765 1848 2837 regulares
1893 2765 2069 2819 hono-

491 2862 797 2916 rificentius
823 2873 985 2930 quam
1033 2859 1328 2912 saeculares
1369 2858 1586 2912 valeant
1611 2857 1908 2920 deservire,
1939 2871 2070 2926 pru-

491 2955 718 3010 dentum
795 2953 1040 3030 virorum
1101 2949 1274 3004 fretus
1346 2950 1598 3015 consilio,
1670 2947 1927 3003 videlicet
1972 2950 2065 3002 Ar.

489 3045 929 3115 Cermopileusis
979 3043 1222 3114 episcOpi
1277 3043 1564 3097 Sarrensis
1638 3040 1921 3111 postulati,
1972 3039 2062 3094 W.

2165 547 2250 602 vel
2275 548 2413 601 alias
2451 547 2882 616 persuadebunt,
2929 557 2986 601 ut
3042 547 3177 617 ipsis
3209 545 3490 605 canonicis
3549 554 3740 624 magis.

2166 658 2330 712 quam
2363 641 2613 695 ecclesiae
2643 641 2694 693 in
2718 640 3100 711 prmjudicium
3136 652 3191 698 et
3224 644 3488 698 damnum
3525 647 3746 704 arcliie~

2166 733 2376 803 piscopi
2435 732 2673 814 debeant
2721 748 2968 803 erogare,
3005 736 3286 804 expensis,
3340 746 3603 807 quantum
3676 741 3744 798 ad

2167 834 2312 878 sarta
2335 832 2477 879 tecta
2519 824 2606 878 vel
2645 824 2918 881 luminare
2955 827 3201 882 ccclesiie
3225 839 3278 882 et
3302 830 3504 899 justam
3543 833 3747 885 tumba:

2167 917 2496 982 custodiam,
2531 915 2599 970 de
2629 919 2904 972 communi
2936 933 3033 989 pro
3055 929 3168 973 rata
3209 921 3490 977 faciendis.
3519 922 3749 978 Prietcr-

2167 1023 2231 1061 ea
2276 1007 2448 1077 prior,
2499 1007 2593 1076 qui
2626 1008 2680 1064 in
2711 1011 2945 1068 ecclesia
2987 1012 3278 1081 saepedicta
3328 1015 3507 1068 sancti
3554 1015 3750 1071 Deme.

2170 1099 2260 1154 trii
2288 1115 2387 1170 pro
2421 1111 2667 1172 tempore
2701 1117 2728 1154 a
2767 1104 3082 1172 patriarcha
3141 1104 3644 1178 ilierosolymitano
3692 1122 3750 1165 et

2168 1194 2410 1264 capitulo
2446 1209 2546 1248 suo
2565 1194 2727 1250 fuerit
2761 1195 3065 1268 delegatus,
3085 1198 3217 1257 mihi
3250 1209 3304 1253 et
3335 1203 3748 1258 successoribus

2171 1285 2310 1340 uzcis
2343 1285 2611 1340 canonice
2641 1287 2979 1341 intrantibus
3002 1287 3368 1342 obedientiam
3405 1297 3460 1344 et
3492 1305 3752 1350 reveren-

2171 1378 2301 1431 tiam
2338 1378 2618 1435 tcncbitur
2649 1379 2906 1434 exhibere
2934 1395 2950 1446 ;
2982 1381 3196 1437 matrici
3228 1381 3454 1453 insuper
3503 1385 3750 1442 ecclesia:

2171 1469 2656 1526 Thessalonicensi
2714 1481 2767 1526 et
2796 1472 2926 1526 milii
2960 1474 3209 1544 meisque
3246 1477 3662 1532 successoribus
3691 1477 3749 1537 in

2170 1565 2316 1620 dicta
2351 1567 2585 1620 ecclesia
2646 1567 2794 1621 omni
2822 1569 2945 1638 jure
2997 1577 3051 1622 et
3088 1569 3339 1625 libertate
3375 1575 3754 1637 nostra,sicut

2177 1667 2231 1710 et
2263 1657 2313 1710 in
2352 1657 2476 1711 aliis
2506 1657 2757 1712 ecclesiis
2817 1657 3112 1726 ejusmodi,
3148 1661 3388 1728 plenarie
3422 1662 3751 1729 reservatis;

2175 1749 2322 1804 salva
2375 1750 2579 1804 domini
2615 1749 2940 1820 patriarchae
2988 1749 3466 1822 Hierosolymitani
3515 1763 3570 1808 et
3602 1758 3754 1823 capio

2177 1841 2274 1896 tuli
2312 1841 2396 1895 sui
2468 1841 2519 1894 in
2579 1841 2840 1896 omnibus
2865 1842 3180 1897 obedientia
3224 1843 3277 1896 in
3312 1844 3485 1912 ipsum
3513 1843 3752 1915 priorem

2175 1943 2228 1987 et
2277 1935 2574 1988 canonicos
2612 1942 2666 1987 et
2719 1932 2855 1988 alios
2912 1933 3203 2007 religiosos
3259 1935 3460 1992 ibidem
3503 1952 3751 1996 commo-

2174 2036 2378 2081 rantes.
2415 2045 2433 2078 ι

2247 2118 2333 2172 90.
2368 2137 2385 2170 ‹
2419 2119 2587 2188 Igitur
2617 2135 2736 2173 cum
2779 2121 3155 2181 ordinationes
3201 2122 3590 2192 ecclesiarum,
3631 2141 3754 2197 qua:

2173 2227 2273 2282 per
2319 2211 2607 2266 inferiores
2661 2214 2914 2282 praelatos
2967 2215 3080 2268 fieri
3131 2227 3450 2283 nequeunt,
3494 2216 3754 2279 Ecclesia:

2178 2303 2456 2367 Romanae,
2495 2320 2614 2374 quze
2651 2305 2978 2374 disponente
3018 2308 3247 2360 Domino
3292 2310 3539 2364 omnium
3573 2311 3752 2366 ecclcv

2178 2399 2378 2454 siarum
2426 2407 2600 2455 mater
2627 2407 2711 2451 est
2741 2405 2794 2451 ct
2825 2399 3082 2468 magistra
3108 2442 3124 2466 ,
3165 2401 3400 2459 debeant
3444 2404 3708 2460 reservari
3733 2446 3750 2469 ,

2175 2489 2375 2544 dictam
2411 2490 2864 2560 compositionem
2918 2491 3032 2550 sive
3079 2492 3497 2564 dispositionem
3526 2535 3541 2560 ,
3588 2512 3750 2565 quam

2175 2593 2270 2648 per
2305 2593 2390 2632 me
2428 2577 2602 2632 facere
2637 2580 2720 2634 vel
2756 2581 2970 2636 tirnaare
3007 2598 3114 2639 non
3165 2587 3503 2657 praesumpsi,
3550 2590 3756 2648 sancti-

2176 2670 2271 2725 tati
2299 2680 2491 2730 vestra?
2521 2671 2648 2724 duxi
2691 2673 3189 2742 transmittendum,
3226 2677 3609 2746 paternitatein
3656 2696 3752 2736 ve-

2175 2773 2339 2820 stram
2382 2765 2534 2819 ﬂexis
2587 2764 2818 2835 genibus
2869 2767 3064 2821 mentis
3113 2784 3348 2823 exorans
3391 2771 3660 2827 attentius
3697 2782 3754 2832 e:

2174 2854 2395 2920 obnixe,
2419 2861 2690 2924 quatenus
2717 2870 2877 2912 causa
2913 2855 3004 2910 Dei
3035 2867 3088 2911 et
3114 2858 3184 2912 ob
3209 2858 3472 2913 Dominici
3505 2860 3756 2932 Sepulcri

2176 2949 2538 3004 reverentiam
2573 2958 2871 3018 ctprecum
2917 2965 3160 3004 mearum
3189 2950 3522 3018 interventu,
3557 2955 3602 3010 si
3627 2971 3755 3010 san-

2177 3041 2349 3097 ctitati
2395 3049 2586 3098 vestrae
2635 3053 2953 3113 competens
3006 3051 3062 3098 et
3114 3044 3401 3099 honestum
3455 3047 3750 3116 videbitur,

491 3137 890 3196 Nazarocensis
945 3137 1106 3191 electi
1143 3133 1519 3206 Philippensis
1556 3132 1838 3204 postulati,
1869 3139 1925 3187 et
1951 3145 2071 3186 ma-
2099 3149 2142 3208 ο
2177 3135 2347 3206 ipsam
2373 3137 2701 3192 auctoritate
2737 3146 2915 3192 vestra
2957 3137 3134 3193 facere
3159 3140 3244 3194 vel
3277 3141 3551 3212 inceptam
3589 3147 3754 3213 perii.

491 3229 650 3305 gistri
683 3231 748 3284 Β.
789 3229 1060 3284 Citrensis
1108 3227 1296 3293 electi,
1358 3227 1516 3293 mihi,
1571 3232 1839 3295 quantum
1873 3223 1928 3280 iu
1987 3240 2073 3277 me

493 3332 604 3389 est,
641 3321 817 3376 visum
849 3331 935 3377 est
986 3320 1122 3378 utile
1157 3319 1366 3390 pariter
1412 3328 1466 3373 et
1495 3320 1811 3383 honestum,
1849 3325 1908 3370 ut
1960 3330 2076 3370 me.-

495 3414 695 3470 morati
751 3414 1002 3469 canonici
1062 3411 1332 3468 Dominici
1394 3410 1646 3480 Sepulcri
1697 3410 1766 3466 de
1802 3408 2077 3466 universis

495 3508 962 3580 possessionibus,
990 3505 1371 3576 proventibus.
1426 3503 1722 3568 fructibus,
1779 3501 2072 3562 reditibus.

495 3601 706 3672 legatis,
743 3609 799 3653 et
831 3597 1199 3668 eleemosynis
1235 3610 1568 3666 quocunque
1605 3595 1756 3664 justo
1797 3593 1963 3648 modo
2007 3593 2073 3647 ad

493 3694 697 3748 dictam
749 3690 1038 3746 ecclesiam
1093 3689 1274 3744 sancti
1330 3687 1593 3744 Demetrii
1647 3685 2072 3758 pertinentibus,

497 3786 640 3841 sicut
691 3801 788 3855 per
825 3785 1194 3839 instrumenta
1228 3781 1311 3835 vel
1364 3796 1463 3850 per
1495 3789 1664 3834 testes
1700 3778 1926 3833 idoneos
1958 3777 2073 3832 sive

496 3878 605 3934 alio
627 3877 779 3948 justo
809 3878 972 3931 modo
1018 3874 1242 3948 probari
1293 3873 1537 3943 legitime
1563 3871 1791 3940 poterit,
1851 3872 2076 3939 insuper

497 3971 565 4024 de
593 3967 846 4025 omnibus
895 3968 1038 4030 illis,
1085 3981 1207 4034 qua-
1261 3965 1444 4032 aliquo
1503 3971 1750 4031 tempore
1803 3959 2075 4027 arcltiepi-

497 4063 678 4133 scopis
699 4058 1294 4115 'l'hessaioniccnsibus
1320 4055 1548 4109 nomine
1565 4053 1814 4109 ecclesia:
1832 4051 2074 4122 praedicti

498 4155 674 4209 sancti
722 4153 986 4228 Demetrii
1031 4153 1228 4207 collata
1271 4151 1516 4213 fuerunt,
1573 4147 1661 4202 vel
1691 4148 1747 4202 in
1791 4160 2075 4217 posterum

497 4249 877 4312 coniterentur,
917 4246 1089 4307 sicut,
1125 4252 1188 4296 ut
1220 4256 1387 4312 supra
1434 4241 1643 4296 dictum
1684 4249 1790 4299 est,
1837 4237 2079 4308 legitime

496 4345 714 4416 probari
765 4341 991 4413 poterit,
1049 4339 1214 4393 talem
1289 4351 1392 4405 pro
1445 4335 1674 4388 servitio
1709 4347 1854 4402 saepe
1913 4331 2075 4384 dicta:

499 4438 744 4493 ecclesia)
797 4433 1103 4505 percipient
1149 4429 1484 4500 portionem,
1547 4427 1785 4496 qualem.
1820 4421 2073 4481 canonici

2178 3243 2303 3283 cere
2339 3227 2674 3298 dignemini,
2701 3238 2755 3286 et
2783 3240 2840 3282 ut
2872 3230 3133 3300 majorem
3167 3231 3366 3287 habeat
3405 3233 3714 3291 ﬁrmitatem
3734 3279 3752 3310 ,

2176 3320 2421 3373 eamdem
2456 3319 2780 3377 auctoritate
2821 3321 3078 3390 praedicta
3117 3321 3455 3378 roborantes.
3505 3342 3522 3375 ι
3559 3327 3756 3391 lethaeo

2179 3412 2357 3475 modo,
2418 3410 2618 3481 quibus
2675 3412 2882 3468 dictum
2933 3413 3362 3469 instrumentum
3422 3418 3752 3488 concipitur.

2178 3506 2341 3560 verba
2376 3505 2683 3565 considera.
2724 3506 3047 3576 videbisque
3067 3523 3134 3562 eo
3167 3516 3412 3577 tempore
3444 3527 3540 3566 scu
3567 3514 3754 3575 smcuii

2179 3595 2324 3650 tertii
2359 3595 2556 3654 decimi
2592 3595 2771 3658 initio,
2805 3611 2914 3665 quo
2947 3597 3132 3652 datum
3165 3597 3216 3650 id
3249 3598 3372 3661 fuit,
3404 3598 3752 3662 'l‘ltessaloni.

2179 3703 2343 3742 cense
2385 3687 2558 3742 sancti
2595 3686 2855 3741 Demetrii
2887 3689 3147 3757 templum
3186 3689 3426 3746 fidelium
3459 3692 3525 3748 ad
3556 3693 3634 3759 id,
3659 3694 3754 3764 qui

2181 3790 2237 3834 et
2273 3780 2539 3835 tumulum
2593 3782 2710 3848 ejus
2760 3777 2959 3834 oblatis
2999 3780 3243 3836 donariis
3286 3782 3626 3850 honorarint,
3660 3801 3754 3841 ac-

2180 3889 2335 3928 cessu
2377 3872 2522 3926 haud
2557 3888 2676 3927 raro
2711 3872 3042 3939 frequentari
3071 3874 3319 3929 soluisse.
3363 3875 3471 3930 Nec
3502 3876 3609 3932 hoc
3639 3890 3754 3933 tan.-

2178 3973 2292 4018 tum
2346 3979 2374 4018 a
2407 3964 2589 4017 charta
2643 3963 2730 4017 illa
2775 3963 2976 4030 disces,
3011 3980 3200 4020 verum
3242 3966 3408 4021 etiam
3457 3967 3563 4024 alia
3609 3985 3753 4028 non-

2177 4056 2347 4122 nulla,
2385 4072 2503 4126 quae
2551 4072 2645 4111 seu
2677 4057 2742 4112 ad
2791 4057 2972 4129 ipsum
3017 4059 3279 4128 Sanctum
3325 4071 3596 4131 nostrum,
3649 4080 3748 4129 seu

2177 4165 2298 4218 que
2353 4150 2422 4203 ad
2483 4147 2791 4207 dedicatum
2851 4152 2901 4206 ei
2945 4151 3444 4211 Thessalonicense
3488 4162 3750 4228 templum

2175 4250 2443 4311 spectant.
3179 4309 3182 4312 ,
3719 4295 3724 4302 .

2246 4335 2332 4390 91,
2359 4332 2624 4389 Ειυιετυηι
2652 4335 2753 4390 boc
2776 4335 2866 4391 diu
2898 4337 3076 4393 adhuc
3100 4347 3224 4408 post
3244 4340 3506 4396 szcculunt
3528 4342 3749 4399 tertium

2175 4424 2445 4480 decimum
2499 4442 2530 4481 a
2585 4428 2820 4493 Gnrcis,
2863 4438 2988 4485 utut
3017 4431 3410 4502 schismaticis,
3461 4450 3605 4494 non;
3625 4453 3752 4494 raro

497 4540 697 4586 sanctae
751 4528 970 4597 Sophia:
1043 4520 1553 4578 Thessalonicensis
1625 4516 1950 4588 metropolis
2003 4517 2070 4571 de
2109 4507 2147 4561 υ
2178 4516 2367 4582 etiam,
2400 4526 2457 4570 ut
2492 4516 2746 4572 Demetrii
2783 4519 2840 4572 in
2869 4519 3289 4578 necessitatibus
3315 4527 3429 4580 suis
3456 4541 3616 4596 opem
3650 4529 3756 4584 im-

496 4616 1196 4695 possessionibusejus‘dem
1217 4612 1694 4685 pereipicnt,cum
1739 4625 1860 4666 eam
1901 4608 2074 4665 conti-

497 4716 636 4786 gerit
671 4710 933 4766 ordinari.
978 4727 998 4760 ι

567 4805 654 4857 89.
694 4821 711 4852 ι
749 4801 944 4854 Demos
961 4799 1256 4867 siquidem,
1293 4813 1430 4866 quas
1451 4794 1638 4852 clerici
1677 4794 1854 4849 saneti
1878 4793 2074 4848 Deme-

499 4895 594 4950 trii
629 4904 873 4962 tempore.
905 4891 1217 4946 Graecorum
1255 4890 1397 4944 intra
1431 4887 1880 4943 Thessalonicam
1906 4884 2075 4939 habe-

500 4987 651 5050 bant,
680 4984 932 5038 canonici
971 4981 1146 5037 sancti
1183 4979 1432 5052 Sepulcri
1462 4989 1616 5034 extra
1648 4988 1858 5049 partem
1893 4976 2072 5046 possi-

501 5081 738 5139 debunt;
775 5074 1071 5129 oblationes
1104 5089 1320 5145 quoque
1351 5074 1628 5130 manuales
1659 5083 2076 5140 etquwcunque

499 5173 580 5228 eis
631 5172 807 5242 legata
855 5167 1060 5222 fuerint
1085 5167 1435 5230 nominatim,
1481 5167 1598 5221 sive
1623 5163 1846 5219 nomine
1897 5161 2074 5218 sancti

499 5263 768 5332 Sepulcri,
804 5260 1058 5316 similiter
1083 5266 1238 5313 extra
1260 5267 1466 5329 partem
1492 5257 1784 5327 recipient.
1813 5253 1884 5308 Ea
1916 5269 2070 5318 vero,

497 5372 618 5425 quae
640 5369 808 5421 super
833 5351 1073 5407 tumbam
1096 5352 1276 5406 sancti
1334 5348 1600 5404 Demetrii
1639 5345 1960 5411 oﬂerentur,
1993 5346 2072 5400 vel

497 5446 744 5500 ecclesize
790 5443 1033 5514 ejusdem
1064 5442 1392 5497 nominatim
1416 5442 1586 5510 legata
1621 5440 1844 5498 fuerint.
1880 5453 2076 5493 secun-

497 5538 626 5592 dum
659 5536 1030 5606 supradiclatn
1061 5533 1389 5588 divisionem
1433 5532 1765 5603 punientur.
1799 5530 2074 5600 Adiuncto

498 5639 734 5690 tantum.
788 5628 934 5698 quod
993 5642 1116 5682 cum
1179 5625 1310 5680 dicti
1353 5625 1605 5679 canonici
1641 5626 1694 5680 in
1733 5625 1962 5679 ecclesia
1986 5624 2072 5678 illa

501 5722 813 5790 capellanos
833 5722 917 5776 vel
947 5722 1183 5777 clericos
1212 5735 1315 5790 pro
1341 5727 1592 5788 tempore
1620 5719 1933 5779 institueut,
1970 5717 2073 5771 suh

505 5812 694 5872 eadem
756 5813 878 5869 fidei
921 5813 1207 5876 religione,
1266 5826 1373 5883 qua
1435 5810 1533 5881 ipsi
1598 5809 1951 5875 tenebuntur,
1996 5809 2074 5863 eis

2178 4608 2478 4682 plorarcnt,
2534 4607 2872 4680 frequentari
2915 4613 3170 4678 soluisse.
3229 4615 3598 4672 indubitatum
3646 4629 3752 4677 est.

2177 4699 2254 4755 Ac
2285 4701 2613 4758 nominatim
2645 4703 2864 4773 quidem
2893 4703 2946 4759 id
2972 4720 3002 4759 a
3033 4703 3623 4766 Tliessalonicensibus
3651 4726 3755 4766 san-

2177 4793 2304 4847 culo
2343 4792 2536 4862 quinto
2573 4793 2788 4849 decimo
2814 4794 3122 4852 factitatum
3151 4798 3330 4860 adhuc
3373 4797 3756 4871 fuisse.argu-

2179 4895 2366 4938 mento
2403 4896 2533 4939 sunt
2565 4886 2792 4945 minime
2835 4888 3018 4953 dubio,
3049 4904 3169 4957 qua:
3204 4899 3317 4943 tum
3357 4889 3416 4946 iu
3445 4905 3542 4946 sua
3568 4893 3754 4947 dces.-

2177 4977 2286 5032 cisa
2336 4993 2431 5046 per
2473 4975 2683 5032 Turcas
2715 4995 2860 5034 anno
2896 4978 3032 5034 MED
3066 4979 3453 5041 Thessalonica
3498 4983 3752 5046 lucubrat-

2179 5070 2348 5134 tione,
2395 5069 2594 5126 Leonis
2644 5069 2826 5126 Allatii
2881 5069 3208 5144 Synmictir,
3262 5075 3502 5131 Coloniae
3554 5076 3754 5145 Agrip-

2176 5161 2317 5231 pina:
2347 5177 2492 5218 anno
2518 5162 2652 5216 i655
2675 5179 2704 5224 a
2732 5163 3024 5218 Bcrtltoldo
3047 5163 3282 5226 Niltusio
3309 5166 3493 5226 editis.
3521 5167 3750 5232 inserta.

2175 5253 2412 5309 Joannes
2435 5257 2768 5326 Anagnosta,
2797 5255 3033 5326 scriptor
3064 5257 3430 5326 synchronus.
3462 5272 3755 5330 rerumque

2173 5349 2317 5417 pene
2353 5349 2618 5407 omnium.
2658 5363 2796 5416 quas
2840 5363 2904 5402 ea
2953 5349 3219 5406 describit
3242 5391 3259 5417 ,
3293 5351 3543 5408 oculatus
3575 5352 3753 5418 testis,

2178 5440 2243 5491 de
2269 5435 2872 5503 Thessalonicensibus,
2910 5439 2976 5496 ad
3027 5439 3204 5495 sancti
3242 5440 3498 5497 Demetrii
3550 5459 3710 5513 apem
3735 5483 3752 5507 ,

2177 5543 2300 5583 cum
2357 5528 2565 5584 civitati
2626 5545 2737 5585 sua:
2782 5531 2987 5586 Turcas
3032 5533 3144 5602 jam
3196 5535 3752 5602 imminerenosseut.

2177 5619 2638 5692 confugientibus,
2701 5637 2854 5676 num.
2914 5623 2980 5678 10
3036 5627 3316 5683 memorie
3371 5631 3576 5700 prodit,
3637 5643 3752 5686 tum

2177 5714 2373 5774 etiam.
2429 5730 2586 5785 qu,
2649 5718 3106 5786 quemadmodum
3163 5720 3419 5777 Analecta
3471 5724 3752 5780 miraculis

2179 5806 2404 5864 edendis
2434 5809 2696 5881 snhjicien
2724 5811 2766 5864 'a
2800 5810 3095 5880 docebunt,
3125 5812 3426 5872 Deme'rius
3457 5816 3752 5892 Chrysalo-
