4142 6380
356 293 530 361 ’1133

1676 296 2336 362 .SUPPLEMENTUM.

3495 291 3632 360 113$

391 428 500 478 ras,
531 409 708 467 sreculi
746 419 798 466 et
830 411 948 481 ipse
993 410 1168 480 quinti
1216 410 1410 466 decimi
1448 409 1678 480 scriptor
1722 409 1789 465 de
1836 411 1958 464 oleo
1989 420 2029 475 Α
2062 411 2252 467 leniore
2285 414 2545 483 templum
2613 428 2642 468 a
2706 411 3046 470 Christianis
3108 410 3271 467 modo
3334 409 3608 467 visitetur.

391 519 490 558 seu
521 513 816 572 unguento,
872 501 1101 556 mirihce
1145 501 1323 557 adhuc
1363 510 1524 557 aetate
1565 516 1663 557 sua
1706 516 1737 556 e
1783 501 1957 556 sancti

376 596 653 650 Demetrii
707 595 915 650 tumulo
966 595 1340 661 scaturiente,
1395 603 1807 650 commemorat.
1854 593 1962 649 Nec

376 700 493 754 rest,
529 705 627 743 cur
657 689 968 758 quisquam,
1010 703 1078 743 an
1129 703 1238 742 non
1279 688 1470 743 saltem
1521 687 1590 743 ab
1640 703 1783 742 anno
1826 687 1962 742 1429

392 779 809 837 celeberrimum
841 779 973 834 illud
1003 778 1187 834 Sancti
1224 779 1395 835 nostri
1425 779 1478 832 in
1516 781 1616 833 hac
1652 782 1787 834 urbe
1820 789 1962 832 tem-

395 874 543 944 plum
594 889 623 927 a
670 871 1254 927 Thessalonicensibus
1325 871 1634 942 Graecisque
1677 871 1804 926 aliis
1849 868 1960 924 fre-

395 967 643 1036 quentari
678 966 922 1026 desierit,
974 966 1183 1021 idcirco
1228 965 1582 1029 subdubitet,
1633 967 1776 1034 quod
1821 980 1967 1019 anno

396 1057 488 1116 illo
518 1067 824 1128 expugnata
851 1057 1138 1126 excisaque
1164 1071 1192 1110 a
1214 1055 1406 1110 Turcis
1427 1055 1816 1111 Thessalonica
1853 1055 1967 1111 tue-

398 1153 491 1210 rit.
522 1150 678 1204 Tunc
715 1150 859 1205 enim
893 1148 1238 1214 Christianis,
1269 1158 1328 1202 ut
1367 1150 1605 1204 Joannes
1652 1149 1968 1219 Anagnosm

397 1243 453 1297 in
487 1242 866 1298 lucubratione
905 1239 1123 1296 laudata
1159 1257 1310 1296 num.
1342 1241 1408 1297 18
1434 1251 1685 1304 testatur,
1707 1241 1814 1294 duo
1840 1240 1970 1294 dun-

402 1344 552 1389 taxat
600 1333 818 1404 templa,
873 1349 1107 1403 quorum
1153 1334 1384 1387 alterum
1432 1332 1696 1402 Deiparae,
1740 1332 1970 1386 alterum

401 1427 730 1483 Praecursori
777 1425 988 1479 Domini
1027 1441 1242 1481 sacrum
1291 1434 1428 1487 erat,
1477 1424 1630 1479 luere
1660 1436 1870 1494 erepta.
1903 1424 1973 1476 A-t

403 1533 558 1584 vero,
594 1518 966 1582 sciscitabere,
992 1533 1061 1570 an
1091 1517 1253 1572 etiam
1284 1515 1510 1571 biennio
1539 1517 1759 1571 circiter
1795 1516 1972 1570 trien-

403 1613 562 1667 niorc
588 1619 710 1682 post
737 1611 966 1683 dicatam
1006 1609 1280 1665 Demetrio
1307 1609 1476 1662 aedem
1505 1607 1831 1662 ChriStianEs
1877 1623 1976 1676 per

407 1703 616 1757 Turres
663 1701 804 1770 e:ipi
856 1701 998 1754 haud
1060 1700 1327 1771 contigit?
1372 1699 1427 1752 id
1472 1714 1602 1753 Sane
1651 1701 1724 1752 ita
1769 1697 1973 1751 habere

2135 506 2225 560 95.
2257 502 2456 560 Verum
2488 521 2600 560 non
2623 505 2804 561 omnis
2847 512 3135 576 propterea
3163 503 3309 574 apud
3339 503 3637 558 Thessalo-

2066 598 2322 652 nicenses
2350 597 2540 651 Sancti
2575 595 2851 651 veneratio
2881 596 3111 660 interiit,
3151 596 3226 649 uti
3257 609 3321 649 ex
3347 594 3458 664 jam
3489 609 3635 648 unite

2067 689 2312 744 dicendis
2337 698 2596 759 patescet.
2651 688 2795 743 Inter
2828 687 3105 753 ecclesias,
3155 687 3222 742 iis
3267 703 3364 756 per
3425 685 3632 740 Turcos

2064 792 2304 851 ereptas,
2340 783 2506 837 etiam
2537 782 2746 836 exstitit
2795 783 3214 850 metropolitana
3251 795 3344 834 seu
3374 778 3633 848 primaria

2069 871 2315 935 basilica,
2343 880 2558 925 aeternae
2589 869 2685 926 Dei
2716 870 3030 939 Sapientiae,
3076 870 3150 924 ιιιί
3177 885 3243 923 ex
3275 867 3500 923 Joannis
3528 867 3635 922 Ca-

2069 964 2317 1018 meniata:
2355 963 2555 1029 verbis,
2588 979 2739 1018 num.
2785 963 2855 1019 84
2902 964 3068 1026 datis,
3101 963 3331 1032 aliisque
3370 962 3422 1015 in
3475 977 3635 1030 supra

2063 1053 2176 1108 huc
2207 1054 2532 1123 transcripto
2565 1054 2934 1110 instrumento
2970 1054 3186 1124 publico
3217 1071 3368 1111 num.
3407 1053 3479 1108 88
3505 1069 3637 1110 con-

2070 1146 2233 1201 tentis
2291 1145 2450 1200 facile
2498 1147 3196 1218 intelliges,‘consecrata;
3246 1147 3412 1216 hujus
3457 1155 3637 1202 autem

2072 1237 2198 1294 loco
2240 1239 2761 1297 Thessalonicenses
2788 1279 2804 1305 ,
2848 1249 2911 1294 ut
2940 1240 3178 1304 videtur,
3213 1239 3498 1295 ecclesiam
3531 1255 3643 1293 meo

2074 1331 2462 1402 tropolitauam
2515 1346 2615 1387 seu
2682 1331 3000 1402 primariam
3067 1331 3228 1385 aliam
3287 1341 3642 1393 exstruxerc,

2070 1438 2325 1494 eamque,
2357 1426 2537 1496 quod,
2581 1440 2772 1480 eorum
2806 1441 2930 1495 erga
2965 1425 3228 1491 Sanctum
3256 1436 3506 1478 nostrum
3547 1441 3643 1479 ve-

2076 1519 2411 1572 nerationem
2436 1519 2656 1588 penitus
2678 1518 2821 1573 haud
2855 1518 3148 1584 interiisse,
3181 1527 3506 1589 argumento
3539 1529 3644 1584 eat,

2075 1618 2262 1664 sancto
2301 1609 2578 1664 Demetrio
2614 1625 3026 1666 consecravere.
3077 1611 3238 1665 Certe
3266 1650 3283 1668 .
3329 1610 3644 1680 primariam

2079 1699 2236 1755 modo
2268 1699 2673 1758 Thessalonicae
2701 1703 2990 1758 ecclesiam
3034 1704 3206 1758 sancti
3259 1703 3514 1758 Demetrii
3548 1719 3647 1758 no-

408 1795 552 1848 haud
585 1793 824 1847 vitetur.
860 1791 974 1846 Etsi
1002 1791 1144 1846 enim
1172 1801 1300 1845 tunc
1331 1789 1407 1854 hi,
1433 1789 1658 1856 jubente
1684 1788 1978 1842 Amurathe
2008 1790 2051 1844 Β
2077 1795 2229 1849 mine
2257 1804 2629 1850 consecratam
2657 1807 2802 1858 esse,
2826 1794 3154 1864 Leqttienus,
3182 1796 3266 1850 cui
3295 1804 3350 1849 et
3377 1796 3465 1849 alii
3511 1795 3646 1849 scri-

406 1887 472 1951 il,
500 1888 826 1956 imperatore
860 1899 981 1948 suo,
1015 1883 1197 1938 omnia
1223 1882 1338 1936 fere
1371 1881 1807 1937 Christianorum
1839 1891 1978 1934 tern-

409 1979 520 2049 pia,
542 1979 617 2032 uti
651 1977 790 2032 idem
812 1976 1121 2046 Anagnosta
1156 1991 1307 2030 num.
1329 1976 1399 2030 20
1429 1976 1610 2036 docet,
1640 1975 1976 2043 occuparint,

412 2071 605 2124 horum
653 2079 833 2123 tamen
877 2077 1113 2132 quatuor
1159 2065 1266 2118 illis
1303 2066 1486 2118 adhuc
1534 2065 1686 2118 furere
1739 2064 1976 2127 relicta;

413 2157 530 2213 haec
558 2163 739 2210 autem
769 2156 910 2210 inter
937 2155 1108 2209 sancti
1130 2154 1384 2208 Demetrii
1417 2154 1676 2225 templum
1701 2153 1981 2209 exstitisse

410 2250 658 2303 videtur.

463 2337 572 2391 f9‘2.
607 2337 783 2391 Ducas
821 2336 988 2402 enim,
1033 2333 1318 2391 Michaelis
1355 2336 1513 2391 Ducae
1551 2351 1734 2406 nepos,
1776 2351 1842 2393 ex
1876 2337 1979 2390 im-

409 2429 688 2498 peratoria
721 2427 985 2480 Ducarum
1042 2426 1246 2482 familia
1292 2428 1583 2494 oriundus,
1619 2428 1711 2498 qui
1765 2437 1819 2480 et
1866 2429 1985 2496 ipse

417 2518 617 2574 saeculo
672 2517 865 2585 quinto
928 2517 1140 2571 decimo
1191 2515 1409 2580 ﬂoruit,
1472 2532 1698 2588 remque
1752 2518 1986 2587 proinde

416 2610 620 2679 optime
660 2609 860 2662 habere
903 2616 1244 2676 perspectam
1285 2608 1480 2676 potuit,
1535 2607 1587 2660 in
1624 2607 1920 2678 Byzantina
1955 2623 1984 2662 a

419 2720 478 2759 se
509 2710 760 2757 contexta
797 2699 1034 2754 Historia
1062 2741 1076 2764 ,
1110 2717 1229 2770 cap.
1259 2700 1350 2764 29,
1393 2702 1470 2755 sic
1505 2702 1695 2755 scribit
1730 2718 1744 2754 :
1781 2720 1799 2753 ι
1845 2701 1989 2755 Prat-

417 2799 576 2867 eipua
627 2793 976 2856 monasteria,
1032 2808 1266 2862 quorum
1315 2792 1458 2846 fatua
1501 2793 1736 2848 celebris
1786 2794 1988 2864 ultique

417 2897 556 2955 erat,
583 2903 702 2957 quae
733 2886 979 2956 religioni
1016 2886 1434 2958 (llahometanaz
1469 2886 1721 2938 nimirum
1751 2886 1988 2939 Amura-

421 2976 831 3050 thes)'templa,
892 2977 1087 3045 printer
1149 2975 1378 3045 insignis
1425 2975 1679 3047 martyris
1729 2974 1988 3029 Demetrii

419 3072 563 3127 :Btlt's
590 3071 950 3125 consecravit.
983 3067 1242 3133 Quamvis
1278 3069 1422 3121 enim
1464 3065 1516 3120 id
1553 3068 1828 3137 ingressus
1857 3078 1994 3120 tem-

423 3167 568 3233 plum
609 3165 724 3218 suis
755 3162 1006 3216 manibus
1038 3161 1263 3213 arietem
1315 3157 1685 3223 immolasset,
1721 3157 1997 3228 Deumque

426 3264 678 3323 precatus
725 3261 888 3314 esset,
922 3251 1272 3306 ‘Christianis
1314 3260 1492 3304 tamen
1547 3251 1759 3304 restitui
1814 3261 1998 3320 postea

425 3347 604 3414 iussit.
671 3341 1065 3398 Ornamentum
1113 3356 1252 3395 vero
1311 3341 1546 3408 sepulcri
1609 3351 1664 3394 et
1721 3342 2000 3396 memoriae

434 3436 710 3504 martyris,
761 3433 945 3500 templi
1016 3441 1069 3484 et
1115 3430 1399 3501 admorunt
1446 3431 1808 3500 quodcunque
1845 3443 2000 3495 erat,

428 3526 593 3581 τιεγοὶ
627 3525 789 3579 furati
844 3531 993 3586 Stttll,
1028 3521 1327 3593 parietibus
1366 3523 1526 3578 nudis
1551 3523 1891 3580 solummodo
1919 3539 2004 3579 re-

433 3622 594 3673 lictis.
639 3637 656 3668 ι
699 3618 798 3670 llic
828 3625 1008 3670 autem
1037 3613 1296 3685 seriptor,
1337 3630 1405 3670 ne
1435 3631 1556 3669 cum
1597 3615 1807 3670 Joanne
1850 3619 1998 3674 Ana-

425 3720 645 3779 guosta,
685 3710 776 3778 qui
806 3709 910 3762 duo
943 3715 1152 3762 tantum
1180 3748 1195 3772 ,
1229 3718 1287 3762 ut
1323 3707 1430 3776 iam
1461 3708 1653 3772 docui,
1679 3709 2006 3766 Christianis

433 3806 632 3874 templa
675 3803 918 3872 proxime
965 3804 1034 3857 ab
1068 3810 1376 3873 expugnata
1410 3803 1800 3858 Thessalonica
1837 3805 2008 3860 fuisse

436 3909 646 3967 erepta,
665 3895 852 3961 tradit,
881 3911 1123 3967 pugnare
1147 3897 1220 3951 sit
1245 3894 1533 3954 dicendus.
1551 3896 1617 3950 de
1641 3896 2006 3962 monasteriis,

437 4003 558 4058 qua:
586 3999 785 4054 praeter
816 4001 1000 4042 sacras
1039 3989 1210 4042 sancti
1261 3987 1522 4041 Demetrii
1549 3988 1714 4053 ardes,
1764 3987 2009 4058 religioni

432 4095 550 4138 sua:
578 4081 772 4151 templa
802 4079 1134 4134 Amuratties
1164 4080 1385 4134 biennio
1409 4078 1627 4134 circiter
1654 4088 1744 4134 aut
1775 4077 2011 4134 triennio

442 4181 566 4241 post
600 4179 960 4241 expugnatam
991 4167 1435 4223 Thess..loulcam
1467 4169 1825 4231 consecravit,
1853 4168 2014 4223 debet

443 4261 696 4329 intelligi.
727 4259 884 4325 Quod
916 4274 1040 4314 cum
1073 4263 1144 4313 ita
1191 4261 1281 4325 sit,
1337 4275 1438 4315 nec
1495 4267 1624 4314 tunc
1661 4259 2012 4316 Τιιεεειιιοιιὶ-

443 4365 610 4406 cenae
631 4350 888 4405 Demetrii
912 4350 1168 4419 templum
1193 4350 1526 4406 Christianis
1551 4350 1717 4406 fuisse
1744 4363 2013 4423 ereptum,

2079 1895 2268 1957 ptorcs
2308 1896 2648 1953 consonant,
2687 1888 2740 1942 in
2790 1888 3009 1942 Oriente
3053 1888 3379 1951 Christiano,
3413 1899 3543 1941 tom.
3579 1887 3647 1949 ll,

2080 1979 2188 2031 col.
2217 1978 2310 2043 27,
2332 1979 2596 2045 aliirmat;
2627 1979 2768 2034 hanc
2793 1992 2972 2035 autem
3005 1980 3176 2035 redem
3209 1997 3421 2036 sacram
3455 1982 3523 2035 ab
3555 1996 3651 2034 an-

2085 2070 2231 2138 tiqua
2265 2071 2566 2139 sarpissime
2597 2088 2757 2137 supra
2792 2083 3084 2126 memorata
3107 2113 3122 2139 ,
3169 2088 3291 2127 cum
3333 2074 3448 2127 haec
3490 2072 3648 2126 modo

2081 2173 2145 2213 ex
2174 2160 2333 2213 dictis
2359 2162 2408 2212 in
2442 2159 2622 2214 fanum
2645 2158 2936 2215 Tureicum
2971 2162 3042 2214 sit
3070 2177 3353 2225 conversa,
3380 2176 3501 2215 esse
3534 2164 3648 2214 dis-

2086 2250 2345 2315 tinctam,
2395 2251 2754 2306 dubitandum
2819 2267 2928 2306 non
2995 2262 3102 2306 est.
3153 2250 3418 2307 Caeterum
3467 2261 3527 2306 ut
3585 2253 3650 2306 ad

2085 2345 2253 2405 aliud,
2299 2345 2443 2413 quod
2492 2345 2579 2397 hic
2635 2344 2811 2397 adhuc
2861 2345 3272 2398 memorandum
3324 2345 3649 2415 restat,jam

2089 2437 2302 2488 tandem
2347 2433 2694 2503 progrediar,
2727 2449 2758 2486 e
2796 2434 3054 2503 singulari
3083 2432 3650 2488 Tltessalouieensium

2093 2527 2151 2581 in
2204 2532 2451 2581 sanctum
2483 2525 2814 2578 Demetrium
2862 2527 3212 2580 veneratione
3247 2527 3409 2579 altera
3454 2525 3654 2589 adhuc,

2089 2634 2194 2674 non
2227 2617 2444 2686 quidem
2471 2617 2897 2681 Thessalonicae,
2932 2618 3024 2670 sed
3071 2628 3253 2671 tamen
3285 2617 3424 2671 haud
3466 2619 3656 2686 procul

2087 2713 2158 2768 ab
2191 2714 2288 2766 hac
2321 2711 2542 2766 civitate
2580 2711 2726 2764 mdes
2760 2727 2932 2772 sacra,
2969 2711 3044 2764 nti
3081 2709 3462 2763 Miraculornm
3503 2714 3658 2762 elen-

2089 2805 2276 2859 dorum
2318 2805 2439 2858 libri
2467 2806 2611 2859 tertii
2652 2812 2816 2874 caput
2857 2816 3130 2873 quartum,
3164 2811 3402 2871 tempore
3437 2811 3658 2864 tamen,

2091 2912 2199 2967 quo
2249 2897 2300 2951 id
2351 2896 2550 2950 factum
2591 2896 2775 2960 fuerit,
2826 2910 2931 2948 non
2979 2910 3263 2964 eripi-esse,
3300 2893 3458 2947 [idem
3506 2893 3658 2956 facit,

2094 2988 2223 3044 olim
2265 2988 2432 3044 etiam
2462 2987 2732 3041 exstabat.
2757 2986 2936 3054 Atque
2956 2986 3072 3038 haec
3100 2985 3316 3054 quidem
3342 2984 3408 3036 ad
3439 2983 3664 3047 fontem,

2095 3079 2251 3148 cujus
2282 3080 2453 3148 .aquis
2495 3078 2586 3148 qui
2632 3092 2774 3142 sese,
2825 3087 3016 3131 sancto
3061 3076 3334 3130 Demetrio
3384 3075 3662 3136 invocato,

2100 3169 2408 3230 abluerent,
2439 3170 2728 3221 sanitatem
2766 3166 3020 3222 amissam
3071 3165 3178 3234 (adi
3213 3167 3329 3218 loco
3365 3165 3460 3218 cit.
3496 3162 3667 3220 Hira-

2101 3260 2218 3337 culq
2255 3261 2474 3329 edenda)
2517 3275 2624 3314 non
2656 3274 2780 3313 raro
2817 3258 3242 3326 recuperabant,
3269 3265 3425 3309 erant
3454 3266 3670 3310 exstru-

2103 3365 2216 3417 cta,
2265 3353 2602 3422 multumth
2653 3369 2680 3406 a
2724 3352 3073 3412 Christianis,
3112 3366 3233 3403 cum
3274 3363 3455 3403 rerum
3489 3349 3669 3404 adhuc

2105 3443 2514 3500 Thessalonica:
2567 3445 2620 3498 hi
2677 3445 3002 3514 potirentur,
3048 3441 3258 3497 solebat
3308 3439 3670 3510 frequentari;

2104 3552 2289 3590 verum
2321 3553 2463 3590 anne
2498 3537 2620 3606 pius
2651 3552 2867 3605 Quoque
2899 3551 3014 3591 mos
3045 3535 3156 3598 hic,
3185 3549 3338 3588 sacro
3370 3532 3458 3587 ilio
3489 3534 3607 3587 loco
3640 3549 3670 3586 a

2107 3627 2302 3683 Turcis
2366 3631 2506 3684 forte
2565 3632 2771 3699 pariter
2831 3636 3118 3697 occupato.
3173 3628 3465 3696 abrogatas
3515 3626 3673 3680 modo

2108 3723 2328 3794 penitus
2360 3737 2470 3776 non
2504 3724 2599 3788 sit,
2633 3729 2969 3792 compertum
3007 3719 3150 3774 haud
3182 3717 3376 3772 habeo.

2108 3855 2136 3928 ᾗ
2170 3855 2304 3928 Vili.
2337 3855 2684 3917 Quandonam
2715 3855 2940 3924 priurum
2970 3853 3322 3928 prodigiosum
3349 3865 3670 3922 unguentum

2182 3943 2210 3978 e
2243 3926 2426 3981 Sancti
2448 3943 2539 3979 seu
2578 3921 2778 3978 tumulo
2807 3941 2895 3978 seu
2928 3921 3140 3992 corpore
3173 3921 3378 3974 stillare
3405 3927 3676 3991 inceperit,

2185 4010 2232 4050 et
2262 3997 2387 4067 quid
2420 4007 2677 4066 praeterea
2720 3997 2783 4048 de
2813 4011 2968 4048 sacro
2996 4001 3092 4047 hoc
3119 3995 3334 4062 pignore
3361 3995 3429 4045 ait
3459 3996 3674 4048 creden-

2187 4072 2331 4123 dum.

2181 4184 2269 4241 9t.
2308 4179 2451 4248 Quin
2481 4178 2852 4249 prodig'osum
2887 4189 3226 4247 unguentum
3256 4197 3286 4236 e
3327 4169 3680 4238 Thessaloni-

2117 4273 2265 4330 censi
2296 4272 2470 4327 sancti
2495 4270 2754 4326 Demetrii
2781 4273 3034 4342 sepulcro
3065 4273 3389 4343 antiquitus,
3414 4275 3684 4344 stupenda

2117 4365 2380 4422 miraculo
2427 4363 2602 4420 sancti
2651 4364 2911 4419 Demetrii
2941 4367 3150 4423 meritis
3197 4367 3470 4436 ascripto,
3504 4375 3684 4421 scatu-

445 4451 655 4500 curtnm
693 4449 958 4510 apparet;
1004 4453 1061 4494 ut
1099 4442 1326 4513 proinde
1373 4457 1588 4498 socrum
1636 4444 1786 4498 illum
1833 4444 1994 4498 locun

2122 4461 2298 4524 ricrtt,
2331 4457 2685 4514 dubitandum
2733 4472 2842 4512 non
2881 4467 2989 4512 est.
3019 4459 3074 4512 ld
3105 4457 3252 4514 enim
3310 4467 3564 4513 testatum
3601 4458 3686 4512 I'a-

445 4536 730 4601 daneeps,
761 4546 868 4585 non
893 4546 1054 4588 secus
1083 4547 1147 4587 ac
1172 4543 1321 4599 ante,
1347 4533 1875 4591 Thessalonicenses
1901 4534 2021 4589 alii-

443 4635 554 4690 que
596 4621 1010 4676 verosimillime
1045 4621 1470 4695 frequentarint.
1507 4623 1708 4680 Verum
1745 4641 1887 4681 anne
1925 4625 2022 4680 ho-

447 4716 642 4786 dieque
669 4715 849 4771 lacere
874 4717 928 4772 id
956 4717 1107 4772 hisce
1137 4718 1408 4787 integrum
1449 4720 1579 4774 est?
1608 4719 1666 4774 In
1710 4734 2022 4789 mosqnt'atn

449 4824 550 4865 seu
581 4809 768 4864 ianum
808 4808 1104 4864 Tureicum
1137 4809 1298 4866 modo
1325 4825 1449 4866 esse
1493 4825 1817 4867 conversum
1849 4810 2023 4868 'l‘ues-

449 4900 791 4956 salonicense
821 4901 1000 4956 sancti
1032 4901 1290 4956 Demetrii
1327 4903 1615 4972 templum,
1639 4902 2026 4959 llartiuiereus

451 4991 509 5046 in
552 4990 888 5047 Dictianario
936 4990 1316 5064 Grographico,
1361 4995 1549 5063 paucis
1614 4997 1816 5061 etiam,
1862 5011 2026 5066 quam

455 5082 672 5151 insigne
703 5083 835 5137 illud
873 5083 1056 5151 fuerit,
1093 5085 1338 5150 tradens,
1385 5087 1450 5139 ad
1486 5099 1688 5140 nomen
1737 5085 2024 5152 Salonirln‘,

449 5189 560 5244 quo
595 5178 757 5232 modo
785 5175 1180 5232 Thessalonica
1211 5177 1536 5250 appellatur,
1567 5194 1598 5234 e
1628 5180 1918 5236 Coranellii
1947 5183 2032 5236 hi-

450 5269 670 5324 storicis
700 5283 765 5324 ac
808 5268 1190 5340 geographicis
1232 5274 1618 5336 monumentis,
1669 5275 2029 5346 Scriptoquca

447 5357 617 5414 Paulo
657 5359 799 5415 Luca
836 5359 1124 5414 ltinerario
1169 5362 1349 5426 docet,
1387 5377 1489 5418 nec
1523 5363 1846 5433 quidquam,
1889 5367 2031 5420 unde

451 5464 540 5506 res
567 5455 701 5514 hac,
747 5453 869 5507 licet
903 5454 1144 5519 luterim,
1177 5455 1524 5524 quandonam
1557 5466 1706 5524 gesta
1739 5457 1850 5518 sit.
1889 5457 2030 5512 haud

452 5545 749 5610 inveniam,
779 5554 1006 5600 vocetur
1031 5549 1082 5601 in
1117 5546 1344 5602 dubium
1372 5590 1387 5612 ,
1413 5551 1654 5604 occurrit
1680 5567 1694 5615 ;
1734 5565 1905 5623 quare
1937 5552 2032 5604 du-

451 5633 738 5690 bitandum
767 5652 879 5692 non
910 5650 1014 5704 est,
1049 5639 1183 5708 quin
1231 5655 1365 5695 sane
1401 5641 1575 5695 multo
1623 5643 1822 5707 minus,
1869 5660 2031 5714 quant

455 5731 724 5796 quondam
757 5731 1005 5798 soluerit,
1035 5742 1369 5789 exstructum
1413 5733 1542 5790 olim
1574 5733 1776 5789 Sancto
1801 5734 2032 5797 Thessa-

2123 4549 2276 4607 ciunt
2306 4551 2607 4619 scriptores
2661 4563 2772 4602 non
2822 4548 3004 4618 pauci,
3069 4549 3184 4618 qui,
3243 4563 3366 4606 cum
3432 4563 3544 4601 rem
3593 4556 3690 4601 aut

2123 4642 2356 4698 suismet
2383 4642 2557 4696 oculis
2606 4640 2997 4712 conspexeriut
3028 4649 3123 4695 aut
3169 4649 3316 4697 certe
3365 4655 3399 4695 ο
3459 4640 3692 4697 testibus

2125 4734 2231 4790 (ide
2266 4733 2446 4805 dignis
2474 4731 2768 4800 audierint,
2803 4731 3046 4802 suspecti
3073 4731 3236 4788 nobis
3271 4731 3362 4786 hic
3398 4745 3523 4785 esse
3580 4744 3691 4788 nou

2126 4827 2350 4882 debent.
2372 4824 2572 4880 Verum
2599 4841 2630 4880 a
2659 4841 2771 4896 quo
2811 4834 3056 4894 tempore
3080 4823 3401 4879 miraculum
3420 4823 3550 4878 illud
3581 4821 3714 4893 prio'

2130 4933 2273 4972 mtun
2300 4918 2586 4987 inceperit,
2610 4916 2757 4972 haud
2777 4932 2932 4986 teque
2959 4917 3328 4972 indubitatum
3349 4927 3456 4982 est,
3490 4917 3568 4970 uti
3594 4929 3699 4972 nec

2128 5006 2477 5076 quandonam
2509 5004 2728 5078 circiter
2757 5003 2946 5060 Sancti
2979 5005 3149 5058 nostri
3181 5018 3406 5074 corpus,
3452 5003 3520 5058 ad
3551 5005 3698 5074 quod

2128 5101 2440 5170 prodigium
2481 5100 2632 5155 istud
2654 5101 2861 5162 evenit.
2899 5100 3085 5169 detegi
3112 5099 3426 5170 contigerit.
3470 5101 3585 5153 Duo
3617 5099 3703 5156 id.

2130 5193 2277 5248 circo
2311 5192 2427 5246 haec
2461 5191 2643 5262 capita
2681 5191 2940 5262 praesenti
2969 5191 2997 5262 ᾗ
3026 5193 3346 5249 exantinare
3396 5191 3585 5254 statui,
3618 5191 3701 5248 uti

2131 5286 2296 5338 etiam
2351 5283 2451 5338 alia
2495 5283 2784 5348 nonnulla,
2823 5299 2947 5353 quae
2973 5283 3038 5336 ad
3063 5298 3281 5338 sacrum
3322 5281 3458 5339 illud
3505 5283 3707 5352 pignus

2135 5384 2390 5448 spectant
2451 5376 2824 5446 lectoremque
2881 5375 3102 5434 edoceri
3165 5375 3450 5430 convenit.
3504 5373 3706 5428 Verum

2134 5478 2422 5541 antequam
2455 5467 2507 5522 id
2540 5467 2757 5530 faciam,
2788 5468 3062 5538 pracipua
3094 5468 3424 5537 scriptorum
3456 5467 3709 5536 antiquo-

2140 5575 2280 5622 rum,
2314 5559 2405 5628 qui
2439 5559 2504 5615 de
2536 5561 2850 5630 prodigiose
2887 5563 3061 5615 sancti
3091 5560 3352 5615 Demetrii
3407 5569 3711 5628 unguento.

2139 5650 2346 5705 morbis
2381 5653 2641 5706 sanandis
2697 5653 2944 5716 salutari,
3001 5654 3326 5722 loquuntur,
3389 5655 3442 5707 in
3474 5653 3712 5706 medium

2138 5741 2404 5813 proferre,
2440 5743 2604 5798 ducto
2632 5743 2699 5799 ab
2734 5744 3141 5814 antiquioribus
3200 5743 3382 5812 initio,
3419 5745 3504 5800 hic
3537 5744 3709 5801 lubet.
