4142 6380
502 351 646 419 U37

1540 375 1602 437 S.
1651 374 2034 443 DEMETRII
2073 385 2469 451 MARTYRIS
2509 392 2722 456 ACTA.

3616 406 3742 476 ΠΒὲ

487 468 734 527 Joannes
781 470 1126 542 Cameniata.
1181 482 1274 550 qui
1337 485 1538 540 saeculo
1602 486 1818 543 decimo
1858 490 2063 563 ﬂoruit,
2095 509 2139 566 Α
2170 497 2313 554 datis
2342 501 2667 571 scriptorem
2706 505 2892 574 alium,
2945 512 3190 566 omnium
3227 512 3504 573 fusissime
3536 519 3602 574 de
3641 538 3740 575 un-

485 564 840 638 civitatisque
886 570 1405 634 Thessalonicensis
1463 595 1562 650 per
1595 582 1878 654 Agarenos
1921 602 2065 644 anno

486 656 594 712 904
646 659 991 718 obsidionem
1047 670 1614 742 expugnationemque
1670 691 1734 731 ac
1787 681 2063 736 excidium

485 745 802 818 descripsit,
835 766 958 821 pag.
1021 756 1122 811 184
1181 758 1442 816 editionis
1500 763 1864 832 Coloniensis,
1920 785 2066 824 anno

491 837 630 895 1653
657 840 832 908 ἴδοιεν,
868 856 1121 901 sanctum
1152 849 1491 908 Demetrium
1521 858 1762 926 appellat
1797 861 2067 934 myrobly-

489 939 622 994 tam,
655 933 726 986 ita
758 946 1122 1003 unguentum,
1150 943 1292 1008 quod
1321 943 1510 1000 Grmce
1534 949 1702 1018 pup’N
1727 962 1971 1018 vocatur,
1999 969 2066 1008 ex

486 1021 605 1088 ejus
621 1037 718 1076 seu
745 1039 974 1093 corpore
989 1042 1083 1081 seu
1111 1032 1322 1086 tumulo
1346 1035 1536 1089 saltem
1560 1040 1852 1106 scaturire,
1875 1040 2065 1099 Graece

490 1109 731 1179 βλύζειν,
756 1129 866 1170 non
899 1119 1131 1173 obscure
1160 1123 1497 1195 signiﬁcans.

559 1204 650 1258 95.
683 1204 929 1264 Joannes
971 1212 1258 1283 Scylitzes,
1326 1220 1419 1286 qui
1463 1222 1662 1278 szccnlo
1691 1241 1740 1278 xt
1770 1225 1975 1293 ﬂoruit,
2009 1230 2062 1284 in

488 1294 749 1352 Michaele
771 1298 1123 1374 Paphlagone
1152 1307 1333 1362 oleum
1361 1325 1458 1365 seu
1485 1325 1821 1383 unguentum
1841 1333 1869 1372 e
1888 1324 2062 1375 sancti

487 1383 744 1444 Demetrii
780 1394 1032 1461 sepulcro
1063 1400 1331 1456 scaturire
1366 1402 1567 1459 diserte
1591 1405 1842 1462 allirmat.
1875 1408 1985 1466 Nec
2011 1415 2061 1468 id

485 1479 666 1534 minus
683 1482 828 1538 clare
850 1487 1009 1541 Anna
1036 1488 1342 1556 Comnena,
1368 1511 1488 1564 qua:
1511 1499 1712 1553 smrulo
1734 1501 2062 1560 duoderimo

481 1567 700 1632 claruit.
758 1588 962 1643 resque
1017 1592 1049 1633 a
1109 1592 1262 1650 patre
1325 1599 1448 1649 suo,
1503 1588 1695 1644 Alexio
1754 1591 2059 1664 Coruncno,

415 1723 421 1732 ι
481 1667 614 1713 tunc
660 1673 862 1731 gestas,
920 1667 1310 1730 lucubratione
1363 1692 1392 1730 a
1445 1693 1505 1734 se
1560 1691 1840 1746 eontexta.
1898 1703 2060 1755 quam

479 1749 792 1809 Alexiadem
829 1759 1133 1832 inscripsit,
1176 1767 1242 1820 ad
1292 1773 1678 1838 poszeritatem
1735 1782 2056 1847 transmisit,

480 1843 643 1912 hujus
671 1849 754 1900 sui
803 1853 987 1920 operis
1016 1854 1113 1911 lib.
1158 1873 1220 1920 ll,
1269 1877 1394 1931 pag.
1433 1863 1501 1919 60
1534 1869 1812 1923 memoria:
1856 1843 2055 1940 prodit,
2093 1843 2132 1896 Β

480 1938 556 1994 ita
588 1941 791 2000 ibidem
848 1951 1134 2007 scribens:
1175 1971 1192 2008 t
1236 1955 1295 2009 ln
1346 1973 1450 2026 qua
1485 1961 1644 2028 (urbe
1704 1938 2059 2021 Thessaloni-

478 2031 634 2086 censi
700 2035 984 2109 nimirum)
1035 2044 1360 2110 praeclarum
1415 2049 1679 2119 templum
1730 2053 1784 2107 in
1831 2057 2058 2113 nomine

477 2124 660 2192 magni
695 2133 955 2200 martyris
1002 2132 1263 2190 Demetrii
1297 2151 1637 2196 exstructum
1694 2145 1928 2204 visitur:
1964 2151 2056 2208 ubi

474 2228 530 2271 et
561 2231 902 2287 unguentum
937 2241 1000 2280 ex
1039 2231 1341 2286 venerabili
1387 2235 1509 2303 ejus
1531 2237 1714 2292 loculo
1749 2246 2058 2302 scaturiens

473 2308 741 2365 maximas
790 2316 1038 2383 quotidie
1099 2324 1416 2379 curationes
1471 2338 1734 2397 operatur
1781 2335 1833 2386 in
1867 2336 1934 2389 iis
1962 2337 2055 2408 qui

475 2415 602 2453 cum
637 2403 740 2456 llde
778 2408 1072 2466 accedunt.
1108 2432 1126 2464 ι
1173 2414 1397 2471 Nicetas
1427 2417 1752 2490 Choniatcs,
1783 2427 1874 2496 qui
1909 2444 2056 2484 anno

473 2490 612 2548 1905
665 2497 832 2552 vitam
867 2515 992 2555 cum
1020 2517 1196 2559 morte
1223 2513 1608 2578 commutavit,
1645 2513 1698 2569 in
1753 2517 2052 2576 Annalibus

471 2598 500 2635 a
556 2600 617 2638 se
657 2591 982 2658 conscriptis
1034 2598 1244 2652 scelera
1278 2617 1306 2653 a
1355 2601 1557 2659 Siculis
1617 2603 2051 2678 'l'hessﬂonicm,

469 2687 594 2728 cum
622 2677 901 2735 civitatem
941 2685 1078 2740 hanc
1111 2703 1257 2742 anno
1282 2690 1417 2745 1185
1447 2708 1860 2766 expugnassent
1900 2716 2053 2756 com-

475 2765 640 2823 inissa
663 2772 924 2841 graphice
967 2777 1312 2848 describens,
1345 2799 1408 2838 ea
1442 2765 1617 2842 simul
1637 2791 1837 2858 prodit,
1867 2808 1896 2846 e
1926 2794 2052 2864 qui-

476 2857 580 2912 bus
654 2873 786 2918 tunc
833 2866 998 2921 etiam
1045 2887 1388 2943 unguentum
1431 2893 1528 2933 seu
1559 2882 1739 2936 oleum
1807 2899 1836 2938 e
1871 2887 2048 2942 sancti

471 2947 734 3006 Demetrii
767 2961 1025 3026 sepulcro
1054 2968 1292 3022 maxima
1330 2971 1484 3039 copia
1529 2973 1836 3042 ebulliisse,
1871 2979 2048 3033 mani-

470 3042 668 3100 festum
717 3047 793 3103 lit.
823 3049 897 3105 Ita
922 3055 1066 3110 enim
1095 3059 1294 3116 ibidem
1324 3063 1379 3117 in
1409 3066 1722 3124 Andronico
1763 3070 2047 3128 Comneno

468 3133 562 3188 lib.
597 3151 636 3200 ι,
675 3155 824 3195 num.
861 3145 914 3207 9,
952 3149 1149 3204 habet:
1194 3172 1212 3204 ι
1250 3152 1360 3211 Nec
1407 3159 1568 3214 editis
1607 3176 1703 3230 per
1749 3179 1842 3217 eos
1877 3165 2045 3219 mira-
2071 3179 2114 3242 ο

468 3227 606 3282 culis
633 3235 1014 3300 movebantur,
1033 3244 1235 3309 quibus
1252 3245 1506 3304 Christus
1532 3267 1625 3306 eos
1639 3267 2045 3320 remuneralur,

465 3319 555 3385 qui
586 3319 640 3374 in
686 3325 799 3380 suis
859 3331 1123 3388 membris
1152 3336 1253 3405 ipsi
1295 3340 1556 3397 honorem
1605 3345 1918 3403 habuerunt
1947 3369 1963 3417 ;
1990 3359 2046 3405 ut

468 3425 828 3484 unguentum,
880 3425 1028 3492 quod
1066 3443 1130 3482 ex
1179 3431 1529 3490 celeberrimi
1560 3440 1818 3511 martyris
1852 3441 2047 3499 Deme-

467 3504 555 3558 t'rii
579 3521 935 3566 monumento
963 3517 1180 3579 ebullit.
1207 3523 1358 3578 cadis
1381 3538 1438 3579 et
1463 3527 1734 3584 lebetibus
1758 3530 2039 3603 haustum,

466 3598 684 3664 patellis
734 3602 965 3671 piscium
1017 3610 1400 3679 infunderent,
1437 3634 1502 3673 eo
1536 3623 1908 3681 calceamenta
1945 3645 2048 3682 un-

463 3700 677 3758 gerent,
709 3703 763 3748 et
789 3696 853 3750 ad
887 3710 1082 3756 caetera
1109 3699 1441 3774 ministeria,
1471 3714 1674 3781 quibus
1710 3718 1890 3773 oleum
1921 3721 2044 3775 usui

463 3788 569 3841 est.
602 3791 808 3841 temere
838 3798 893 3842 ct
920 3800 1177 3861 nequiter
1204 3799 1584 3858 abuterentur.
1622 3806 1679 3859 ld
1723 3826 1873 3874 vero,
1927 3823 1988 3866 ut
2015 3827 2045 3866 e

464 3871 614 3929 fonte
660 3877 985 3937 inexhausta
1030 3889 1310 3954 prodiens,
1361 3901 1454 3946 aut
1508 3913 1572 3948 ex
1616 3897 1811 3968 abysso
1865 3912 2047 3957 scatu-

463 3965 632 4035 riens,
677 3973 952 4038 c0piosins
978 3977 1254 4045 atilnebat,
1287 3994 1342 4039 et
1373 4003 1512 4041 nova
1552 3991 1765 4048 ratione
1795 3997 2041 4051 cxumla-

462 4058 575 4122 bat,
613 4073 755 4119 utet
793 4066 1012 4123 barbari
1045 4086 1211 4128 unum
1263 4077 1314 4132 id
1372 4079 1733 4148 mirarentur,
1771 4095 1825 4142 et
1869 4088 2044 4158 gratia

461 4157 689 4226 martyri
717 4159 989 4217 divinitus
1026 4179 1290 4223 concessa
1330 4171 1813 4245 obstupescerent.
1850 4199 1868 4232 ι

532 4248 620 4301 96.
657 4247 902 4307 Joannes
939 4255 1383 4330 Cantacuzenus,
1442 4267 1556 4335 qui,
1587 4269 1856 4328 abdicatis
1888 4289 2036 4332 anno

464 4337 601 4394 l355
633 4341 848 4411 imperii
883 4345 1143 4411 fascibus,
1201 4367 1383 4408 rerum
1416 4371 1443 4408 a
1481 4373 1541 4413 se
1576 4359 1808 4431 aliisque
1860 4375 2040 4435 gesta-

464 4443 583 4484 rum
620 4432 852 4490 historia
911 4440 1316 4498 conscribenda
1365 4457 1706 4506 senectutem
1744 4457 2038 4523 transegit,

2169 596 2374 656 guento
2405 604 2504 644 seu
2537 591 2681 658 oleo,
2729 597 2873 664 quod
2915 611 2944 651 e
2979 600 3157 654 sancti
3192 601 3461 660 Demetrii
3516 623 3743 682 corpore

2169 693 2265 734 seu
2319 685 2530 740 tumulo
2568 690 2880 760 prodigiose
2932 693 3178 763 stillavit,
3231 697 3499 765 locutum,
3551 703 3739 773 adjun.

2168 786 2316 840 gam,
2366 774 2610 834 Joannes
2668 783 3010 854 Anagnosta,
3052 804 3215 858 supra
3257 792 3438 849 adhuc
3492 793 3743 851 laudatus

2169 864 2358 918 saeculi
2424 882 2491 920 xv
2533 871 2771 940 scriptor
2836 875 3083 943 Graacus,
3146 882 3241 951 qui
3312 883 3743 956 Thessalonica,

2167 957 2358 1024 patriae
2379 971 2514 1021 suae.
2547 977 2692 1017 anno
2721 965 2857 1022 1429
2893 984 2923 1022 a
2969 967 3164 1027 Turcis
3192 972 3434 1033 obsessa:
3464 993 3726 1051 expugna-

2169 1057 2364 1119 tazque.
2393 1054 2664 1110 excidium
2690 1057 2890 1116 litteris
2908 1066 3224 1135 complexus
3243 1078 3348 1132 est,
3370 1071 3426 1126 in
3454 1077 3743 1144 Opusculo.

2165 1143 2308 1210 quod
2328 1142 2394 1196 ad
2416 1146 2724 1202 luctuosum
2747 1150 2898 1206 illum
2940 1167 3218 1225 eventum,
3247 1162 3334 1215 cui
3354 1142 3586 1231 ipsemet
3607 1183 3744 1238 pra-

2166 1249 2296 1290 sens
2345 1237 2690 1307 interfuerat,
2716 1243 3137 1302 describendum
3173 1253 3543 1321 concinnavit,
3570 1237 3744 1328 quod-

2164 1327 2340 1395 queiu
2375 1328 2575 1386 Leonis
2602 1333 2783 1389 Allatii
2831 1335 3238 1408 Symmictorum
3273 1343 3412 1400 libro
3441 1351 3734 1416 posteriori

2165 1417 2304 1487 typis
2335 1421 2613 1493 vulgatum
2650 1436 2851 1491 exstat,
2888 1444 3008 1502 pag.
3045 1434 3148 1487 555
3179 1445 3234 1489 et
3269 1451 3446 1508 seqq.,
3483 1443 3735 1512 cumjam

2164 1518 2325 1565 antea
2380 1512 2435 1567 in
2474 1516 2667 1570 eodem
2716 1522 2980 1588 opuseulo
3038 1541 3158 1597 pag.
3211 1529 3316 1586 329
3380 1536 3741 1606 μυροσλύτου.

2165 1597 2217 1653 id
2254 1608 2362 1668 est,
2396 1606 2703 1676 myroblytm
2748 1625 2846 1665 seu
2896 1627 3223 1684 unguentum
3271 1597 3530 1681 stillantis
3582 1630 3748 1688 titulo

2163 1688 2426 1746 Sanctum
2457 1708 2730 1764 ornasset,
2789 1700 2863 1756 ita
2895 1719 2925 1758 e
2952 1702 3154 1762 Leonis
3183 1709 3364 1768 Allatii
3397 1715 3739 1788 interpret»

2165 1781 2314 1837 tione
2367 1788 2648 1844 memoriae
2683 1792 2898 1860 prodit:
2935 1812 2953 1845 ‹
3000 1795 3143 1864 Quid
3194 1816 3360 1871 porro
3395 1781 3610 1864 diceres
3660 1810 3730 1868 dc

2163 1875 2334 1930 nostri
2387 1881 2660 1948 tropazalis
2715 1892 2770 1940 et
2812 1888 3065 1960 martyris
3111 1891 3414 1964 (Demetrii.
3454 1899 3733 1978 videlicet)

2163 1971 2553 2038 myrothecio?
2590 1992 2608 2026 ι

2231 2103 2321 2159 97.
2362 2124 2381 2157 ο
2420 2107 2614 2178 Neque
2644 2111 2779 2167 illud
2807 2114 3094 2173 immotum
3137 2136 3318 2192 neque
3361 2126 3740 2196 imperturba-

2161 2203 2278 2250 tum
2305 2196 2506 2253 furoris
2539 2206 2928 2272 ensuperantia
2960 2223 3386 2279 conservaruut,
3424 2217 3516 2286 qui
3549 2228 3740 2276 contra

2157 2301 2260 2342 nos
2321 2290 2488 2344 veluti
2543 2293 2734 2349 bestiae
2795 2296 3179 2358 immansueta:-
3229 2309 3567 2375 szevierant;
3628 2327 3740 2367 non

2157 2379 2407 2435 eamdem
2437 2393 2615 2438 tamen
2647 2387 2720 2440 ob
2749 2403 2996 2456 causam,
3032 2393 3103 2448 ob
3129 2411 3292 2465 quam
3351 2399 3455 2454 alia
3499 2403 3746 2470 antiquis

2160 2475 2247 2524 tus
2278 2486 2378 2540 per
2406 2485 2509 2527 nos
2543 2477 2811 2545 sepulcra.
2856 2490 3136 2538 exstructa
3190 2499 3434 2545 reserata
3495 2503 3642 2548 sunt
3683 2503 3742 2549 et

2157 2560 2412 2629 disjecta,
2447 2575 2502 2620 et
2540 2569 2874 2626 cadaverum
2932 2575 3200 2645 reliquiae,
3243 2579 3316 2632 in»
3353 2582 3433 2635 eis
3463 2583 3736 2653 jacentes.

2156 2665 2323 2722 super
2356 2663 2560 2710 terram
2593 2659 2857 2730 dispersa
2891 2682 2904 2718 :
2941 2665 2996 2719 in
3034 2667 3142 2722 illis
3169 2671 3316 2724 enim
3348 2671 3542 2729 Turca:
3573 2691 3742 2745 pecu.

2154 2743 2289 2798 nias.
2323 2760 2352 2799 a
2407 2747 2622 2806 civibus
2672 2756 2964 2822 repositas,
3013 2774 3176 2814 causa
3222 2761 3334 2831 jam
3379 2777 3739 2835 praanarrata,

2155 2851 2453 2907 reperere,
2481 2856 2884 2915 praptercaque
2937 2849 3050 2904 fere
3091 2856 3276 2909 omnia
3317 2865 3374 2911 et
3417 2871 3740 2914 reserarunt

2152 2937 2208 2982 et
2233 2931 2662 3000 subverterunt;
2712 2947 2767 2992 at
2797 2939 2886 2993 hic
2917 2940 3122 3011 duplici
3156 2945 3224 2999 de
3250 2961 3415 3002 causa
3456 2957 3568 3004 tum
3612 2965 3738 3021 pro-

2151 3029 2274 3090 pter
2327 3037 2396 3076 ex
2427 3037 2547 3078 non
2591 3041 2762 3096 parvo
2802 3043 2940 3085 auro
2992 3041 3047 3086 et
3073 3046 3301 3105 argento
3355 3046 3413 3092 et
3462 3040 3736 3110 lapidibus

2152 3117 2410 3184 pretiosis
2469 3136 2570 3176 nec
2641 3138 2752 3178 non
2814 3135 2869 3179 et
2922 3129 3152 3197 gemmis
3204 3133 3352 3187 circa
3411 3134 3542 3190 illud
3575 3151 3727 3192 com-

2147 3211 2383 3278 positum
2400 3224 2678 3281 ornatum,
2710 3225 2826 3272 tum
2864 3231 3087 3290 propter
3120 3223 3412 3280 sanitatem
3453 3227 3728 3286 exhibens

2148 3301 2400 3358 divinum
2437 3318 2803 3376 unguentum.
2854 3311 3117 3368 Nonnulli
3156 3316 3301 3370 enim
3331 3329 3561 3374 ornatus
3601 3331 3730 3377 tan-

2149 3405 2263 3451 tum
2299 3398 2470 3468 gratia
2508 3400 2640 3455 illud
2674 3402 3217 3474 despoliarunt;alii,
3251 3410 3408 3465 nobis
3428 3421 3732 3483 unguento-

2146 3504 2267 3544 rum
2297 3490 2634 3548 alllucntiam
2653 3493 2985 3565 invidentes,
3019 3508 3094 3562 et,
3123 3514 3244 3570 quae
3273 3503 3399 3557 inde
3430 3505 3722 3575 subsequi-

2147 3591 2258 3648 tur,
2285 3583 2520 3640 sauitate
2551 3601 2652 3640 nos
2676 3589 2894 3657 privare
2919 3591 3226 3661 cupientes,
3263 3603 3321 3648 ut
3345 3594 3399 3648 in
3447 3605 3728 3664 posterum

2147 3671 2234 3725 illa
2285 3673 2445 3728 nobis
2495 3677 2796 3743 medicina,
2834 3697 2959 3734 cum
2997 3697 3136 3753 Opus
3164 3695 3333 3748 esset,
3358 3685 3506 3742 nulla
3526 3704 3728 3758 suppe-

2150 3773 2309 3820 teret.
2333 3766 2681 3838 Quapropter
2699 3774 3062 3841 superstratis
3080 3779 3445 3834 marmoribus
3459 3780 3726 3849 disjectis.

2147 3869 2428 3927 unguenta
2480 3877 2591 3916 non
2656 3865 2758 3918 levi
2793 3867 2917 3919 nisu
2980 3869 3338 3933 exhauriunt,
3394 3881 3464 3927 et»
3506 3889 3725 3928 sacrum

2145 3948 2502 4020 divinumque
2533 3956 2787 4025 martyris
2838 3973 3038 4027 corpus
3077 3975 3400 4030 expromere
3433 3977 3723 4020 conantur.

2143 4039 2525 4110 Opiuabantur
2541 4046 2811 4114 siquidem
2841 4051 3182 4120 propositum
3205 4056 3487 4125 consequi,
3515 4071 3726 4127 nosque

2145 4136 3026 4204 unguentoruminexltaustorum
3056 4143 3110 4197 in
3139 4145 3429 4200 orbitatem
3453 4148 3722 4218 redigere.

2147 4223 2559 4291 Verumtamen,
2611 4245 2773 4300 quem
2816 4233 2920 4288 sibi
2977 4243 3184 4290 temere
3231 4249 3597 4308 proposuerat
3629 4256 3721 4296 eo-

2145 4331 2267 4370 rum
2309 4317 2504 4382 libido,
2560 4319 2726 4374 linem
2761 4337 2870 4377 nou
2933 4325 3147 4380 habuit.
3182 4327 3285 4381 Per
3319 4327 3506 4398 plures
3535 4330 3720 4403 itaque

2142 4408 2262 4464 dies
2299 4411 2570 4468 ambabus
2597 4414 2850 4470 manibus
2905 4427 3243 4486 unguentum
3269 4421 3720 4488 exhauriebatur,

463 4524 781 4583 concinnati
818 4545 847 4582 a
875 4545 934 4584 se
973 4533 1138 4603 hujus
1182 4537 1369 4605 operis
1401 4539 1497 4595 lib.
1535 4558 1573 4606 ι.
2069 4519 2120 4579 D
2143 4503 2782 4616 f.‘_,‘_‘"i.lfi'fda'i’_ia"°_
2821 4509 3112 4565 ridiculum
3154 4511 3484 4616 ffatim?”
3516 4517 3722 4616 ιη’-φη

462 4629 570 4683 que
605 4617 698 4674 lib.
725 4637 822 4688 ⁵ιιι,
865 4639 989 4694 cap.
1019 4627 1052 4680 9
1082 4631 1450 4699 μυρσὸλύτου,
1490 4634 1685 4693 Latine
1711 4641 2038 4711 myroblytw,

463 4704 516 4758 id
541 4714 647 4771 est,
680 4709 852 4764 oleum
873 4728 968 4768 seu
1003 4733 1326 4789 unguentum
1356 4729 1692 4782 scaturientia
1719 4730 2040 4787 stillantis“

465 4797 626 4851 titulo
677 4813 933 4858 sanctum
990 4807 1353 4880 Demetrium,
1415 4818 1545 4872 dum
1578 4821 1646 4874 de
1685 4821 2040 4877 Thessaloni-

462 4891 614 4944 censi
649 4892 809 4962 hujus
841 4911 935 4952 seu
969 4904 1171 4973 templo
1228 4922 1324 4962 seu
1361 4911 1674 4966 conditorio
1699 4916 2038 4970 mentionem

465 4980 614 5045 facit,
691 4989 1043 5046 condecorat.
1121 4997 1267 5052 Idem
1332 5001 1499 5056 etiam
1556 5003 1770 5060 faciunt
1838 5018 2040 5077 praeter

461 5069 729 5128 Joannem
806 5080 1176 5140 Cameniatam
1245 5105 1409 5162 supra
1480 5094 1593 5164 jam
1671 5109 2037 5155 memoratum

462 5162 767 5231 scriptores
822 5166 997 5224 Graeci
1060 5174 1150 5228 alii
1200 5193 1306 5234 non
1374 5162 1552 5250 pauci.
1588 5185 1662 5238 ita
1711 5195 1918 5251 tamen,
1981 5202 2040 5246 ut

461 5253 626 5308 tosce
687 5255 830 5313 inter
857 5262 1020 5317 etiam
1049 5267 1178 5332 sint,
1209 5273 1323 5338 qui,
1347 5276 1600 5343 quamvis
1629 5277 1848 5342 quidem
1892 5280 2035 5336 San-

461 5348 610 5396 ctum
660 5359 770 5400 non
811 5352 1148 5420 ρυροὸλύτου
1200 5375 1297 5414 seu
1325 5365 1650 5436 myroblytte,
1689 5369 2035 5441 μυροὸλήτου

459 5434 839 5506 nihilominus,
868 5446 1015 5514 quod
1065 5450 1258 5506 eodem
1294 5458 1512 5524 recidit,
1533 5434 1545 5436 ἡ
1568 5476 1664 5516 seu
1691 5434 2033 5534 imyrobletx,

460 5529 513 5581 id
553 5543 658 5595 est,
708 5535 890 5590 oleum
943 5553 1040 5595 seu
1109 5559 1452 5616 unguentum
1490 5529 1795 5612 eminentis
1855 5559 2034 5626 titulo,

460 5627 904 5686 nomenclatione
939 5650 967 5687 a
994 5637 1226 5695 vocibus
1251 5641 1458 5698 Graecis
1499 5647 1696 5718 μωρὸν,
1727 5652 1898 5707 oleum
1938 5671 2034 5708 seu

459 5727 804 5787 unguentum,
853 5733 907 5776 et
945 5723 1182 5795 βάλλειν,
1245 5736 1452 5791 mittere
1483 5753 1580 5794 seu
1621 5743 1876 5807 emittere,
1943 5745 2036 5802 dc-

461 5805 646 5873 ducta,
674 5810 928 5869 alliciant.
966 5815 1238 5879 Caeterum
1271 5836 1325 5881 ttt
1358 5830 1726 5900 scriptoribus
1763 5838 1870 5906 jam
1918 5840 2031 5894 lau-

2143 4596 2268 4666 plus
2316 4595 2441 4652 aliis
2497 4597 2810 4668 sapiebaut,
2873 4617 3019 4658 curae
3051 4604 3319 4660 eratillud
3370 4607 3426 4661 in
3480 4608 3717 4678 patriam

2146 4687 2472 4756 perducere,
2534 4698 2591 4745 et
2643 4707 2767 4746 eum
2817 4695 3128 4751 reverentia
3178 4697 3558 4769 religioneque
3583 4714 3720 4754 eon-

2143 4789 2399 4837 trectare.
2428 4783 2562 4837 Nam
2603 4784 2673 4839 ab
2701 4787 2945 4854 expertis
2996 4787 3342 4856 audiverant,
3387 4789 3456 4844 ad
3511 4791 3720 4860 quosli-

2143 4868 2238 4924 bet
2275 4872 2496 4927 morbos
2553 4875 2975 4934 medicinalibus
3008 4878 3143 4948 ipsis
3173 4881 3488 4949 pharmacis
3545 4881 3719 4938 multo

2143 4962 2418 5019 etlicacius
2475 4981 2619 5023 esse.
2651 4968 3022 5024 Nihilominus
3072 4980 3478 5042 unguentorum
3511 4972 3716 5030 fontem

2143 5071 2251 5109 non
2309 5067 2542 5128 potuere
2583 5077 2760 5131 neque
2816 5065 3114 5128 exsiccare,
3183 5081 3362 5135 neque
3407 5067 3714 5135 exinanire,

2142 5151 2394 5218 quamvis
2425 5153 2477 5207 id
2528 5156 2933 5211 contentiosius
2971 5155 3313 5226 multumque
3363 5172 3462 5226 per
3501 5166 3717 5232 tempus

2143 5241 2473 5308 niterentur,
2508 5254 2563 5299 et
2599 5247 2860 5301 "recito...
2901 5261 3083 5315 neque
3128 5247 3275 5301 enim
3311 5247 3548 5304 humana
3570 5265 3716 5308 exa-

2141 5344 2332 5401 quaut,
2389 5351 2511 5404 quae
2569 5335 2712 5391 Deus
2743 5339 2926 5408 dignis
2953 5337 3236 5410 elargitur,
3274 5340 3438 5396 sicuti
3479 5357 3582 5399 nec
3621 5344 3716 5400 iis-

2141 5426 2269 5480 dem
2302 5429 2558 5483 tcrminis
2575 5430 2882 5501 subjaccnt.

2214 5561 2300 5617 98.
2334 5565 2509 5634 Atque
2552 5567 2666 5621 ha-c
2701 5577 2828 5624 sunt
2867 5587 2930 5640 pr
2949 5571 3164 5642 rcipua,
3190 5573 3311 5645 quae
3362 5575 3416 5628 in
3470 5575 3712 5631 medium

2143 5655 2231 5710 hic
2276 5653 2593 5713 adducenda
2638 5659 2793 5726 duxi,
2836 5661 3166 5732 scriptorum
3200 5665 3268 5721 de
3303 5677 3577 5738 unguento
3618 5684 3714 5726 seu

2142 5748 2282 5812 oleo,
2321 5749 2462 5819 quod
2488 5765 2518 5805 e
2554 5751 2739 5811 Sancti
2773 5771 2864 5809 seu
2899 5773 3130 5828 corpore
3163 5776 3254 5815 seu
3297 5760 3505 5815 tumulo
3538 5762 3680 5817 stilla
3695 5793 3723 5832 π

2143 5840 2237 5906 vit,
2271 5838 2578 5898 testimonia
2605 5861 2616 5912 ;
2651 5862 2808 5903 nemo
2838 5859 3041 5914 autem,
3074 5863 3333 5924 quantum
3363 5854 3580 5925 opinor,
3607 5864 3711 5919 est,
