4142 6380
422 267 558 340 113)
641 309 644 312 ι

1705 285 2361 351 SUPPLEMENTUM.

3515 277 3653 345 1140

421 388 541 459 qui,
575 389 725 444 hisee
752 393 1032 462 expensis,
1059 388 1128 447 de
1175 391 1252 447 rei
1291 392 1523 450 veritate
1569 403 1842 466 utcunque
1871 410 1985 450 am-
2017 405 2060 460 Α
2093 400 2334 468 positum
2361 405 2816 470 exsequerentur,
2836 402 3240 464 unguentorum
3271 391 3421 447 illine
3454 407 3486 448 ο
3515 408 3654 447 mar-

420 482 586 553 bigat.
630 483 854 549 Verum,
889 493 948 540 ut
983 483 1050 539 ad
1082 500 1168 550 ea,
1201 501 1322 555 quae
1349 485 1510 542 dubia
1534 487 1983 558 discutiendaque

418 583 681 644 prieterea
713 573 802 628 hic
835 585 981 642 sunt,
1003 575 1113 647 jam
1138 577 1374 644 veniam,
1404 579 1746 649 quandonam
1771 581 1984 650 insigne

419 665 550 720 lllud
579 680 643 720 ac
673 667 994 721 continuum
1028 669 1133 724 olei
1167 685 1259 726 seu
1296 672 1582 740 unguenti,
1614 687 1643 727 e
1676 672 1859 727 Sancti
1887 688 1982 727 seu

419 771 650 828 corpore
697 773 794 813 seu
841 762 1049 816 tumulo
1099 764 1472 828 scaturientis,
1514 764 1817 834 prodigium
1869 765 1982 819 fieri

419 851 651 922 primum
687 849 927 923 incepit?
951 851 1084 907 Cum
1120 852 1356 910 Joannes
1392 855 1700 912 Cameniata
1726 897 1741 920 ,
1776 866 1835 911 ut
1871 857 1983 926 jam

419 942 610 1007 docui,
636 943 834 998 saeculo
870 943 1083 999 decimo
1112 944 1375 1013 ﬂoruerit,
1412 947 1779 1018 Sanctumque
1807 949 1986 1020 Myro-

419 1035 578 1106 blytae
607 1037 762 1092 titulo
779 1035 990 1103 alliciat,
1025 1040 1154 1109 quin
1181 1039 1290 1107 jam
1317 1039 1444 1094 inde
1473 1042 1538 1094 ab
1570 1039 1760 1096 eodem
1787 1040 1985 1095 sreculo

420 1127 633 1184 decimo
674 1141 1007 1200 unguentum
1051 1146 1145 1186 seu
1193 1132 1368 1186 oleum
1423 1147 1453 1187 e
1496 1133 1668 1187 sancti
1725 1132 1980 1186 Demetrii

421 1219 632 1275 tumulo
678 1221 934 1286 stillarit,
971 1222 1326 1277 dubitandum
1375 1239 1482 1278 non
1532 1235 1648 1289 est;
1704 1224 1812 1277 imo
1857 1239 1984 1278 vero

418 1323 539 1362 cum
571 1309 756 1364 titulus
785 1312 875 1366 ille
905 1327 1012 1366 non
1045 1322 1171 1366 tunc
1199 1314 1454 1382 primum,
1492 1329 1613 1369 cum
1654 1325 1846 1368 auctor
1894 1315 1984 1368 ille

393 1398 661 1466 ifloreret,
695 1401 896 1458 Sancto
930 1405 1164 1458 tributus
1196 1404 1361 1459 fuisse
1383 1405 1651 1468 videatur,
1677 1405 1856 1459 oleum
1885 1421 1981 1459 seu

424 1501 752 1562 unguentum
800 1510 865 1548 ex
906 1494 1024 1562 ejus
1066 1509 1160 1548 seu
1215 1510 1443 1566 corpore
1483 1510 1576 1549 seu
1621 1495 1829 1550 tumulo
1871 1495 1981 1565 jam

417 1581 544 1637 inde
571 1599 598 1636 a
627 1584 822 1638 saeculo
853 1601 997 1640 nono
1021 1595 1112 1640 ant
1142 1589 1302 1642 etiam
1322 1598 1512 1642 octavo
1533 1587 1837 1658 prodigiose
1869 1587 1985 1641 stil-

418 1674 576 1740 lasse,
607 1675 748 1731 haud
784 1676 1072 1732 difficulter
1106 1680 1454 1735 crediderim.
1497 1678 1692 1734 Verum
1741 1695 1868 1733 num
1902 1679 1982 1732 ci-

2093 499 2206 560 tyre
2235 490 2474 545 stillante
2511 489 2668 561 cOpia
2699 488 3064 548 obruerentur
3085 526 3101 552 ,
3151 483 3472 540 abscindere
3508 492 3655 540 sata-

2089 588 2295 652 genles.
2330 598 2347 630 ι

2163 673 2286 726 100.
2318 670 2472 737 Quod
2504 669 2548 725 si
2576 685 2707 739 ergo
2735 668 2950 724 Joanne
2979 666 3266 722 Stauracio
3286 665 3538 722 standum
3561 667 3652 732 sit,

2085 765 2198 834 jam
2239 764 2361 818 imle
2393 779 2424 818 a
2455 761 2751 817 Justiniani
2782 762 2803 816 ι
2840 761 3202 830 imperatoris,
3237 759 3330 828 qui
3365 759 3433 813 ab
3465 759 3656 828 aliqui-

2092 856 2190 909 bus
2223 852 2400 923 Magni
2433 852 2589 907 titulo
2621 851 3040 917 condecoratur,
3075 859 3234 905 actate
3267 853 3519 918 acproin
3546 849 3658 918 jam

2090 945 2218 1002 inde
2257 961 2288 999 a
2332 943 2530 999 szeculo
2579 952 2758 1006 sexto,
2810 941 2966 1010 cujus
2996 955 3143 995 anno
3172 941 3242 994 65
3290 942 3335 996 is
3373 941 3528 1003 obiit,
3561 957 3658 993 un~

2090 1044 2348 1107 guentum
2379 1049 2474 1089 seu
2506 1032 2684 1088 oleum
2711 1046 2742 1087 e
2774 1032 2984 1087 tumulo
3010 1045 3106 1085 seu
3134 1029 3315 1100 potius
3373 1028 3656 1098 spectatis,

2092 1143 2209 1198 qua:
2234 1127 2345 1197 jam
2374 1124 2601 1180 recitata
2631 1132 2782 1190 sunt,
2814 1123 3017 1188 verbis,
3052 1121 3238 1176 Sancti
3269 1135 3499 1190 corpore
3539 1135 3658 1174 sca-

2069 1219 2265 1294 _turiit,
2281 1227 2334 1273 et
2351 1218 2594 1287 quidem,
2618 1223 2678 1272 ut
2696 1214 3125 1270 luculentissime
3139 1213 3290 1272 hisce
3310 1212 3558 1276 traditur,
3579 1211 3662 1266 iu-

2089 1309 2238 1379 genti
2265 1308 2439 1375 copia.
2467 1303 2662 1360 Verum
2692 1312 2842 1370 sunt,
2873 1317 3016 1373 quae,
3043 1317 3112 1357 an
3133 1302 3246 1372 jam
3276 1310 3388 1356 tum
3410 1316 3441 1356 e
3463 1299 3660 1357 Deme—

2093 1398 2180 1452 trii
2213 1413 2441 1468 corpore
2477 1405 2810 1468 unguentum
2840 1411 2934 1451 seu
2960 1409 3128 1464 parva
3162 1409 3258 1448 seu
3287 1409 3477 1463 magna
3503 1393 3658 1462 cepia

2091 1490 2333 1555 stillarit,
2370 1491 2594 1544 dubium
2633 1489 2961 1554 admodum,
3000 1501 3069 1541 ne
3100 1487 3228 1558 quid
3257 1485 3415 1556 pejus
3443 1481 3619 1542 dicam
3642 1525 3658 1549 ,

2091 1582 2349 1636 etiiciunt.
2367 1581 2445 1636 Ac
2474 1582 2651 1651 primo
2676 1581 2893 1652 quidem
2915 1579 3180 1645 Joannes,
3207 1577 3660 1634 Thessaloniccna

2093 1675 2169 1729 sis
2199 1674 2662 1744 archiepiscopus.
2711 1674 2804 1727 lib.
2849 1690 2862 1727 ι
2915 1671 3312 1730 Miraculorum,
3347 1685 3467 1738 cap.
3505 1669 3564 1733 5,
3604 1669 3660 1722 in

419 1768 527 1823 tius
573 1770 736 1822 etiam
792 1771 1035 1825 miraculi
1091 1772 1253 1842 hujus
1298 1772 1513 1826 initiqu
1555 1772 1719 1826 statui
1776 1770 1986 1841 possit?
2021 1759 2060 1818 Β
2093 1765 2328 1819 medium
2360 1764 2582 1820 adducit
2627 1765 2938 1834 epistolam,
2971 1763 3038 1818 ad
3073 1763 3383 1818 Mauritium
3419 1762 3660 1830 imperao

418 1851 623 1912 Poterit
663 1873 814 1922 sane,
844 1867 1003 1928 atque
1033 1861 1194 1914 etiam
1227 1860 1465 1925 debebit,
1497 1862 1541 1916 si
1586 1862 1746 1916 modo
1787 1858 1982 1914 Joanni

420 1945 700 2002 Szauracio
727 1949 780 2002 in
815 1964 934 2014 sua,
966 1965 1086 2019 qua:
1117 1950 1293 2020 qualis
1321 1951 1411 2015 sit,
1444 1966 1606 2019 supra
1646 1950 1893 2020 exposui,
1919 1950 1986 2004 de

417 2042 648 2110 patratis
681 2056 713 2095 a
741 2049 933 2098 sancto
977 2039 1255 2097 Demetrio
1292 2043 1572 2098 miraculis
1605 2043 1984 2098 lucubratione

413 2135 492 2188 sit
517 2135 872 2193 credendum.
915 2135 1130 2190 Etenim
1169 2135 1391 2192 Graeus
1432 2137 1477 2191 is
1523 2137 1778 2205 scriptor,
1829 2135 1984 2205 cujus

418 2226 648 2295 proinde
682 2229 844 2282 verba
879 2243 983 2282 una
1013 2243 1134 2282 eum
1165 2228 1448 2298 adjuncta,
1483 2243 1644 2298 quam
1680 2228 1980 2293 adornavi,

416 2317 671 2372 versione
701 2317 867 2372 latina
909 2318 1014 2373 huc
1049 2319 1344 2382 transfero,
1389 2319 1444 2373 in
1507 2318 1696 2373 codice
1727 2319 1912 2373 nostro
1946 2316 1986 2388 1·

399 2421 520 2478 ωε.
579 2407 702 2471 193.
732 2424 850 2477 pag.
880 2410 967 2472 75,
1001 2409 1074 2465 ita
1103 2411 1294 2465 scribit
1327 2427 1340 2464 :
1376 2411 1781 2464 Μετακαλιτται
1831 2411 1985 2480 ἡμᾶς

413 2500 484 2554 τὰ
533 2501 663 2571 περὶ
705 2502 1087 2556 ἰουστινιανὸν
1118 2503 1210 2556 τον
1247 2503 1847 2574 μιγαναὺτοκράτορα.
1883 2501 1990 2557 οὒ-

413 2608 507 2656 τος
553 2592 863 2662 ἀφύλακτον
896 2594 1072 2656 ἄλλως
1104 2593 1249 2664 ἔχειν
1294 2593 1358 2646 τὸ
1407 2593 1507 2662 τῆς
1547 2593 1824 2664 βασιλείας
1855 2593 1989 2662 σκῆ-

413 2698 585 2754 πτρον
620 2684 992 2752 ὗπελογίζετο,
1027 2687 1077 2738 εἰ
1108 2686 1184 2757 μή
1231 2685 1333 2738 πού
1357 2702 1410 2738 τι
1439 2685 1546 2738 τῶν
1580 2681 1986 2754 Δημητριακῶν

413 2777 683 2848 λειψάνων
733 2779 1146 2850 σνστρατηγοῦν
1195 2777 1365 2848 αὐτῷ,
1431 2777 1630 2849 μᾶλλον
1676 2777 1734 2831 δὲ
1771 2791 1986 2846 προμα-

419 2871 549 2942 χοῦν
584 2871 923 2940 ὲπιςρέροιτο.

483 2964 573 3020 99.
623 2965 932 3034 Γράμματα
981 2965 1160 3018 τοίνυν
1209 2962 1379 3018 αὑτοῦ
1431 2963 1526 3016 καὶ
1581 2960 1905 3033 προθέματα
1950 2961 1984 3030 ἡ

415 3057 857 3111 Θεσσαλονικέων
901 3053 1049 3126 εἶχεν
1100 3060 1178 3120 εις
1217 3058 1477 3128 ἐπήκοον,
1534 3056 1698 3126 μέρος
1733 3071 1839 3108 που
1886 3053 1986 3123 τῆς

419 3151 765 3221 μρτυρικῆς
835 3149 1081 3220 empsim;
1144 3149 1240 3202 τοῦ
1293 3149 1546 3220 σώματος
1599 3147 1984 3214 ὶξαιτούμενα.

414 3241 868 3312 Γνωσιμαχοῦσιν
918 3243 950 3309 ἡ
1001 3241 1156 3304 πόλις
1195 3243 1386 3306 πᾶσα,
1433 3241 1528 3293 καὶ
1579 3239 1657 3308 τῷ
1695 3241 1988 3308 πράγματι

413 3336 856 3406 δυσχεραίνωσι,
886 3335 1237 3405 κάμπτοντιι
1269 3334 1326 3386 δὲ
1359 3335 1511 3403 ὅμως
1547 3336 1611 3402 τῇ
1641 3334 1857 3400 αἰτήσει
1891 3331 1986 3383 τοῦ

416 3426 824 3496 αὐτοκράτορος
857 3425 932 3489 ὡς
994 3428 1059 3481 ἐκ
1115 3426 1351 3488 πίστεως
1411 3425 1701 3496 ἐληλυουιᾳ
1757 3426 1989 3495 samps-

420 3517 566 3581 ⁸,οὖς’
598 3518 694 3570 καὶ
737 3519 802 3588 δὴ
861 3516 1116 3586 παρῆσαν
1154 3518 1255 3588 μὲν
1283 3518 1332 3570 οἱ
1366 3517 1466 3586 τὴν
1497 3517 1706 3587 ὀρυγὴν
1738 3519 1800 3570 ὲκ
1848 3517 1990 3568 πλα-

419 3603 540 3672 γιον
572 3604 672 3674 τῆς
728 3608 1072 3676 μαρτυρικῆς
1125 3607 1285 3678 σοροῦ
1343 3607 1758 3678 σκευαζόμενοι*
1812 3608 1990 3670 ἄλλως

417 3697 525 3767 γὰρ
559 3697 677 3760 πῶς
707 3699 772 3767 τῇ
807 3697 1045 3772 τοσαύτῃ
1067 3699 1178 3752 τῶν
1221 3699 1408 3770 μύρων
1440 3699 1749 3772 πλημμύρᾳ
1781 3701 1810 3753 ὁ
1845 3717 1989 3770 μαρ-

415 3790 638 3860 τυρικδς
669 3790 943 3860 θησαυρὸς
986 3793 1362 3864 ἀνηρεύνητος
1419 3793 1524 3845 Τοῦ
1564 3793 1890 3863 πράγματος
1919 3793 1990 3858 et

417 3881 572 3944 ὅλαις
628 3881 837 3952 εἴχοντο
885 3882 1006 3944 ταῖς
1049 3882 1247 3951 χερσὶ,
1301 3881 1564 3935 δάκτυλόν
1618 3898 1719 3935 που
1753 3881 1913 3949 τυχὸν
1954 3879 1988 3948 ἢ

418 3971 701 4043 βραχίονα,
735 3973 767 4042 ἢ
801 3973 931 4028 ἄλλο
968 3991 1022 4027 τι
1055 3974 1220 4044 μέρος
1249 3973 1353 4043 τῆς
1401 3974 1747 4044 μαρτυρικῆς
1795 3976 1986 4040 ὁλομε-

417 4062 568 4128 λείας
619 4065 740 4135 μεθ’
786 4066 914 4119 ὅσου
971 4065 1066 4119 τοῦ
1115 4066 1316 4136 τάχους
1370 4067 1660 4136 ἁρπαλέως
1700 4066 1992 4136 τεμαχιζὸ-

424 4172 600 4224 μενοι,
631 4157 704 4220 ὥς
743 4157 819 4226 μὴ
873 4155 1070 4224 φθάσοι
1129 4157 1354 4219 τούτους
1409 4157 1756 4210 κατακλῡσαι
1814 4159 1846 4224 ἠ
1879 4157 1991 4210 τῶν

400 4249 618 4320 μύρων
652 4249 864 4302 ἐκεῖθεν
907 4251 1002 4304 τοῦ
1037 4249 1314 4321 μάρτυρος
1347 4249 1695 4319 ἑκπηδὰουσα
1731 4249 1990 4312 ἆσυσσος.

423 4359 445 4390 ι
487 4339 830 4396 Justinianus
865 4340 1089 4411 Magnus
1147 4342 1442 4411 imperator
1489 4342 1651 4396 modo
1682 4355 1782 4396 nos
1811 4350 1990 4395 vocat.

2091 1868 2287 1925 torem,
2318 1874 2441 1914 eum
2485 1857 2574 1914 hic
2604 1873 2825 1928 quoque
2855 1857 3208 1926 reliquiarum
3243 1856 3419 1910 sancti
3465 1852 3662 1908 Demed

2090 1952 2176 2008 trii
2207 1960 2413 2021 partem
2443 1951 2795 2020 postulasset,
2819 1950 2886 2004 ab
2909 1947 3161 2011 Eusebio,
3184 1944 3660 2000 Thessalonicensi

2087 2043 2188 2097 sub
2216 2042 2398 2097 sznculi
2428 2043 2564 2098 sexti
2593 2043 2756 2098 linem
2784 2041 3224 2112 archiepiscopo,
3249 2039 3530 2108 scriptam,
3555 2053 3661 2107 qua

2089 2136 2180 2192 hic
2236 2138 2329 2205 qui
2357 2137 2486 2192 olim
2518 2153 2615 2207 per
2651 2137 3023 2193 Justinianum
3056 2137 3074 2191 l
3112 2137 3492 2206 imperatorem
3530 2136 3664 2190 reli-

2087 2227 2336 2298 quiarum
2369 2229 2539 2283 sancti
2573 2229 2830 2284 Demetrii
2873 2246 3002 2301 pars
3029 2231 3302 2300 postulata
3335 2228 3529 2284 fuisset
3559 2243 3662 2282 nec

2090 2329 2292 2385 tamen,
2315 2320 2575 2376 miraculo
2595 2336 2721 2376 mox
2745 2322 3101 2378 memorando
3123 2322 3394 2388 obstante,
3416 2321 3660 2386 obtenta,

2088 2411 2398 2483 signiﬁcat,
2450 2414 2771 2484 rationeque
2823 2415 2950 2470 inde
2996 2415 3164 2486 petita
3201 2430 3323 2472 sese
3372 2416 3441 2469 ab
3481 2413 3659 2468 adim-

2089 2503 2288 2574 plendo
2312 2501 2544 2560 Mauritii
2572 2505 2842 2575 postulato
2865 2515 3111 2562 excusat.
3133 2507 3356 2571 Verum,
3382 2505 3507 2560 licet
3530 2515 3658 2559 tunc

2089 2589 2313 2645 humum
2349 2590 2478 2657 loci,
2505 2609 2614 2662 quo
2650 2592 2836 2650 Sancti
2875 2609 3074 2665 corpus
3101 2595 3287 2663 jacere
3318 2595 3657 2651 reconditum

2090 2681 2438 2747 credebatur,
2485 2698 2515 2735 a
2549 2683 2679 2737 viris
2715 2684 3013 2747 nonnullis,
3041 2701 3151 2754 quo
3199 2700 3412 2739 sacrum
3463 2685 3660 2755 pignus

2091 2770 2422 2838 invenirent,
2452 2773 2617 2828 fuisse
2646 2773 2895 2830 effossam
2921 2815 2937 2842 ,
2971 2775 3238 2830 Eusebius
3273 2776 3329 2830 in
3367 2776 3508 2830 dicta
3541 2775 3662 2844 epi-

2090 2865 2227 2921 stola
2273 2879 2686 2936 commemoret,
2722 2887 2788 2924 ne
2833 2870 2920 2925 vel
2964 2873 3131 2924 verbo
3165 2880 3347 2924 tamen
3392 2869 3659 2939 unguenti

2091 2971 2184 3010 seu
2229 2956 2370 3023 olei,
2401 2959 2544 3029 quod
2588 2975 2617 3013 c
2665 2959 2783 3015 luco
2813 2959 2937 3026 isto,
2981 2959 3238 3014 Sanctire
3269 2975 3498 3031 corpore
3529 2970 3658 3013 tunc

2092 3049 2328 3112 stillarit,
2360 3053 2688 3107 mentionem
2721 3051 2872 3108 facit.
2906 3051 3104 3107 Parum
3141 3062 3322 3108 autem
3354 3052 3664 3107 verusimile

2092 3151 2353 3210 apparet,
2405 3144 2644 3213 prodigii
2690 3145 3022 3211 lmiusmodi,
3066 3161 3175 3215 quo
3215 3146 3371 3208 adeo,
3410 3155 3468 3199 ut
3512 3145 3659 3198 nulla

2091 3247 2226 3286 Sane
2257 3249 2313 3288 re
2342 3234 2533 3304 magis,
2559 3235 2814 3290 Detur-trii
2845 3237 3152 3305 sepulcrum
3173 3253 3270 3291 seu
3291 3235 3659 3292 conditorium

2090 3322 2284 3379 fuisset
2331 3327 2558 3392 illustre,
2597 3329 2929 3384 numerationem
2959 3330 3170 3398 ipsum,
3210 3331 3253 3382 si
3294 3329 3473 3383 locum
3517 3330 3662 3384 istud

2089 3415 2198 3484 jam
2239 3427 2349 3471 tum
2384 3418 2691 3483 habuisset,
2720 3418 2992 3474 facturum
3025 3437 3131 3476 non
3159 3421 3329 3474 fuisse
3359 3422 3411 3474 in
3444 3419 3663 3474 lauda'a

2092 3509 2343 3578 epistola,
2390 3510 2441 3563 in
2476 3527 2579 3580 qua
2618 3528 2722 3565 non
2753 3529 2925 3583 pauca
2959 3513 3024 3568 de
3056 3514 3361 3568 conditorio
3388 3514 3509 3577 iszo,
3540 3528 3664 3578 seu,

2094 3610 2152 3655 ut
2201 3601 2460 3672 loquitur,
2503 3603 2570 3658 de
2615 3604 2756 3669 loco,
2785 3619 2898 3674 quo
2957 3621 3174 3660 sacrum
3216 3605 3402 3659 Sancti
3450 3620 3654 3674 corpus

2090 3693 2276 3763 jacere
2310 3695 2654 3749 reconditum
2681 3697 3028 3762 credebatur,
3060 3697 3112 3750 in
3148 3697 3389 3751 medium
3417 3697 3662 3752 adducit.

2165 3785 2286 3840 lOl.
2329 3787 2553 3854 Adhzec,
2600 3789 2748 3843 viros
2779 3789 2869 3858 qui
2901 3789 3076 3845 sancti
3107 3804 3305 3859 corpus
3335 3796 3664 3859 quatientes,

2095 3880 2319 3933 humum
2358 3880 2597 3935 effodere
2629 3892 2928 3952 cmperaut.
2970 3882 3093 3952 igne
3139 3897 3170 3937 e
3223 3893 3363 3936 terra
3412 3881 3463 3934 iu
3515 3879 3668 3949 ipsos

2094 3969 2404 4039 prodigiose
2452 3980 2798 4040 erumpente,
2837 3973 2904 4025 ab
2937 3987 3103 4040 Opere
3140 3972 3357 4040 incepto
3400 3970 3667 4026 desistere

2093 4061 2262 4115 fsisse
2286 4063 2617 4130 compulsos,
2641 4062 2782 4116 idem
2809 4063 3074 4118 Eusebius
3104 4063 3159 4118 in
3184 4063 3401 4118 laudata
3437 4061 3666 4132 cpistola

2097 4155 2281 4219 refert,
2309 4156 2568 4226 additque
2603 4157 2752 4211 humi
2795 4167 3024 4228 partem,
3043 4175 3183 4238 ‘quze
3217 4174 3283 4212 ex
3323 4158 3448 4229 igne
3473 4173 3664 4212 erum-

2096 4255 2256 4317 pente
2283 4245 2629 4318 fragrantiam
2660 4249 2986 4305 iuellabilem
3023 4250 3346 4305 mirabiliter
3377 4259 3667 4304 contraxe-

2096 4348 2198 4406 rat,
2237 4341 2302 4395 ad
2339 4339 2730 4406 Justinianum,
2763 4343 2854 4411 qui
2897 4351 2949 4396 ct
2978 4341 3144 4407 illam,
3176 4359 3286 4397 non
3317 4359 3474 4397 secus
3502 4353 3669 4411 atque

420 4431 520 4486 llic
556 4446 679 4486 sese
711 4431 924 4501 imperii
969 4443 1246 4502 sceptrum
1291 4433 1433 4488 haud
1467 4443 1644 4488 tutum
1677 4433 1990 4488 habiturum
2029 4459 2071 4512 ο
2098 4431 2274 4501 ipsum
2307 4429 2493 4488 Sancti
2531 4449 2754 4503 corpus,
2785 4449 2910 4488 cum
2934 4433 3118 4488 Iretitia
3148 4434 3442 4504 acceperit,
3481 4442 3648 4503 postu-

415 4522 784 4587 existimahat,
822 4523 929 4578 nisi
972 4524 1100 4594 quid
1149 4526 1498 4594 reliquiarum
1531 4527 1810 4589 Demetrii,
1849 4528 1992 4595 quod

415 4629 602 4670 secum
639 4614 729 4669 hic
773 4617 1071 4670 exercitum
1122 4619 1364 4684 duceret,
1409 4635 1504 4674 seu
1553 4621 1738 4689 [Oiius
1789 4633 1888 4688 pro
1936 4634 1995 4672 se

418 4717 712 4778 pugnaret,
763 4716 1213 4777 consequeretur.
1272 4709 1507 4764 Litteras
1563 4725 1715 4778 ergo.
1769 4716 1826 4764 et
1872 4724 1994 4777 qua:

417 4800 607 4854 audire
639 4808 844 4869 posset,
869 4801 1144 4866 mandata,
1175 4811 1381 4871 partem
1410 4802 1722 4870 quampiam
1748 4803 1994 4870 corporis

400 4891 673 4960 martyris
705 4891 992 4960 exigentis,
1027 4889 1529 4948 Thessalonicensis
1573 4891 1766 4946 civitas
1815 4892 1884 4945 ab
1925 4907 1993 4946 eo

417 4981 634 5051 accipit.
657 4982 800 5038 Urbs
831 4993 939 5037 tota
975 4992 1259 5054 repugnat,
1293 4999 1518 5052 remque
1549 4999 1693 5053 aegre
1723 4983 1850 5046 fert;
1884 4984 1989 5039 im-

417 5075 684 5142 peratoris
714 5083 892 5130 tamen
929 5076 1213 5144 petitione,
1239 5075 1402 5130 veluti
1435 5091 1464 5128 e
1493 5075 1703 5130 sincera
1733 5075 1837 5131 (ide
1863 5092 1990 5144 pro-

415 5164 664 5227 cedente,
701 5166 957 5229 ﬂectitur,
997 5166 1302 5234 adsuntque
1331 5205 1343 5225 ,
1381 5165 1472 5234 qui
1506 5183 1536 5218 a
1569 5164 1793 5218 sinistro
1823 5165 1988 5220 loculi

398 5247 668 5331 'martyris
715 5262 884 5315 latere
941 5262 1127 5316 tulere
1177 5261 1598 5331 aggrediuntur;
1653 5261 1788 5315 alias
1840 5259 1988 5313 enim

399 5351 543 5428 qui,
590 5361 735 5406 tanta
782 5362 1179 5422 unguentorum
1233 5353 1530 5408 cxsistente
1580 5353 1881 5416 allluentia,
1933 5353 1988 5406 in

399 5435 669 5512 martyris
705 5445 1016 5497 thesaurum
1045 5453 1207 5513 queat
1235 5445 1473 5513 inquiri?
1507 5445 1600 5498 liei
1639 5453 1820 5498 autem
1859 5441 1988 5498 tutis

414 5534 666 5589 manibus
698 5536 994 5599 instabant,
1029 5536 1280 5590 alicunde
1307 5536 1537 5604 digitum
1572 5536 1712 5590 forte
1741 5537 1824 5590 vel
1858 5536 1985 5590 bra-

413 5621 620 5684 chium,
648 5623 734 5678 vel
760 5626 918 5679 aliam
958 5626 1267 5695 quampiam
1305 5628 1551 5696 corporis
1580 5627 1832 5697 martyris
1861 5641 1984 5696 par-

410 5712 520 5765 tem
550 5728 746 5781 quanta
786 5726 1054 5785 poterant,
1086 5719 1390 5785 celeritate,
1433 5737 1499 5775 ne
1536 5728 1824 5788 antequam
1853 5735 1980 5792 pro-

2102 4525 2331 4578 latarum
2376 4525 2726 4596 reliquiarum
2767 4525 2886 4580 loco
2917 4527 3134 4580 missam
3170 4525 3372 4590 fuisse;
3407 4527 3668 4596 unguenti

2097 4627 2277 4672 autem
2311 4633 2406 4672 seu
2435 4619 2561 4682 olei,
2595 4633 2625 4673 e
2667 4618 2851 4674 Sancti
2898 4635 2996 4675 seu
3043 4635 3276 4690 corpore
3325 4635 3422 4674 seu
3458 4620 3670 4682 tumulo

2099 4710 2404 4783 prodigiose
2430 4711 2706 4774 stillantis,
2740 4712 2884 4782 quod
2931 4711 2997 4766 ad
3043 4710 3413 4766 Justinianum
3465 4712 3667 4781 pariter

2099 4803 2322 4857 missum
2353 4811 2482 4858 tunc
2501 4804 2685 4870 fuerit,
2707 4820 2818 4858 non
2845 4804 3111 4858 meminit.
3143 4802 3207 4856 Et
3237 4812 3439 4866 tamen,
3468 4803 3509 4858 si
3548 4819 3646 4870 pro

2096 4893 2314 4964 digiosa:
2342 4895 2430 4950 ἱειί
2461 4894 2774 4966 seaturigini
2797 4896 2910 4966 jam
2945 4904 3059 4949 tum
3089 4895 3243 4951 locus
3273 4895 3488 4959 fuisset,
3522 4894 3670 4947 fulua

2098 5001 2217 5038 rum
2272 4986 2440 5040 fuisse
2493 4985 2728 5050 videtur,
2771 4995 2827 5040 ut
2893 5002 3047 5055 teque
3109 4995 3204 5040 aut
3265 4986 3429 5040 etiam
3491 4985 3670 5055 potius

2097 5085 2456 5147 Unguentum,
2481 5077 2685 5132 morbis
2709 5077 2965 5131 sanandis
2987 5077 3244 5138 salutare,
3261 5092 3424 5146 quam
3447 5077 3668 5137 humus.

2095 5169 2239 5224 bono
2269 5169 2531 5223 duntaxat
2565 5169 2730 5223 odore
2757 5184 2823 5223 ex
2859 5169 3124 5223 miraculo
3151 5169 3368 5233 affecta,
3403 5168 3468 5222 ad
3500 5167 3672 5222 Justi-

2095 5261 2316 5314 nianum
2355 5261 2748 5330 postulaturum
2784 5259 3136 5329 reliquiarum
3178 5258 3296 5313 luco
3338 5259 3670 5312 mitteretur.

2091 5351 2334 5412 Accedit.
2366 5353 2542 5406 locum
2591 5361 2761 5412 certe,
2794 5367 2903 5420 quo
2951 5365 3167 5404 sacrum
3202 5350 3374 5403 sancti
3413 5349 3670 5404 Demetrii

2090 5462 2289 5514 corpus
2321 5445 2374 5497 in
2410 5443 2588 5497 dicata
2619 5444 2665 5497 ei
2690 5439 3090 5497 Thessalonica:
3138 5441 3365 5498 ceclesia
3411 5443 3628 5512 jaccbat
3651 5482 3668 5509 ,

2089 5551 2198 5588 non
2235 5534 2480 5604 potuisse
2510 5550 2621 5588 non
2655 5549 2773 5587 esse
2805 5533 3177 5596 notissimum,
3228 5531 3270 5586 si
3302 5548 3366 5586 ex
3409 5548 3498 5598 eo,
3543 5541 3666 5594 aut,

2087 5626 2129 5681 si
2163 5625 2354 5689 maris,
2404 5639 2435 5679 e
2478 5623 2686 5688 Sancti,
2719 5623 2866 5693 quod
2915 5623 2960 5678 is
3009 5621 3496 5692 complectebatur,
3528 5636 3657 5677 cor-

2085 5732 2214 5787 pore
2248 5726 2587 5788 unguentum
2638 5715 2903 5772 continuo
2954 5729 3150 5785 magna
3198 5712 3354 5784 copia
3388 5712 3652 5776 stillabat.
