4142 6380
401 333 534 404 1111

1421 348 1484 412 S.
1522 350 1903 412 DEMEI‘BII
1944 345 2345 417 MARTYRIS
2383 358 2592 417 ACTA.

3521 358 3660 423 1112

397 456 709 527 passimque
732 457 840 514 hoc
876 461 1208 535 prodigium,
1236 473 1295 519 ut
1315 477 1482 536 supra
1514 466 1623 521 huc
1650 467 1973 540 transcripta
2006 474 2046 529 Α
2080 475 2248 528 nostri
2292 488 2389 529 seu
2417 472 2628 528 tumulo
2660 487 2756 527 seu
2793 484 3025 542 corpore
3053 469 3139 529 vel
3168 469 3393 528 Joannis
3423 466 3657 532 Thessa-

391 548 621 607 Joannis
659 547 936 608 Stamcii
988 553 1152 608 verba
1184 555 1440 621 suadent,
1474 555 1782 613 habebatur
1821 572 1978 614 coms
2054 562 2378 636 Jlonicensis
2415 572 2597 631 astate,
2629 564 2716 619 vel
2766 564 2931 619 etiam
2984 572 3113 619 ante
3143 563 3286 619 hanc
3312 567 3651 635 scaturiisse,

396 650 633 710 pertum.
667 639 870 696 Verum
906 643 1110 709 locum,
1140 660 1250 715 quo
1273 645 1509 703 Sanctus
1538 647 1594 703 in
1622 644 1977 707 Thessalonis

395 733 547 789 censi
602 747 702 788 sua
756 734 988 791 coclesia
1040 737 1250 806 iaceret
1287 741 1626 805 reconditus,
1675 744 1975 800 Justiniani

393 833 573 883 astate.
605 840 704 879 seu
759 840 886 881 cum
935 827 1027 883 hic
1076 829 1428 900 reliquiarum
1476 836 1651 888 sancti
1710 826 1972 892 Demetrii

391 925 603 987 partem
630 917 734 972 sibi
767 919 1102 988 postulavit,
1131 930 1323 978 notum
1364 939 1476 979 non
1513 924 1683 981 fuisse
1724 937 1972 999 apparet.

466 1008 589 1063 ιω.
617 1007 695 1063 Ita
724 1021 971 1074 autumo,
1006 1012 1183 1081 primo
1212 1015 1456 1084 quidem.
1496 1017 1644 1085 quia,
1686 1019 1815 1073 dum
1858 1020 1972 1075 Eu.

389 1100 602 1164 aebins,
635 1099 1143 1158 Thessalonicensis
1171 1106 1643 1177 archiepiscopus,
1680 1109 1906 1165 humum
1939 1126 1969 1166 a

390 1191 723 1261 quibusdam
762 1193 829 1248 ad
866 1191 1124 1249 Demetrii
1168 1208 1371 1267 corpus
1405 1201 1759 1267 quaerendum
1789 1209 1971 1257 tenta-

391 1292 500 1339 tam
535 1284 727 1349 fuisse,
759 1285 815 1341 in
847 1286 1076 1356 epiStola
1109 1288 1232 1358 plus
1260 1291 1429 1344 semel
1456 1292 1566 1361 iam
1596 1291 1816 1348 laudata
1845 1310 1972 1350 nar-

389 1388 493 1443 rat,
543 1379 621 1443 id,
673 1394 783 1433 non
825 1394 892 1436 eo
940 1381 1082 1448 loco,
1126 1392 1237 1453 quo
1270 1398 1492 1440 sacrum
1526 1386 1715 1441 Sancti
1767 1403 1970 1459 corpus

384 1471 633 1540 iacebat,
687 1472 784 1526 sed
817 1480 927 1541 quo
958 1473 1143 1542 jacere
1183 1476 1496 1544 putabatur,
1544 1476 1746 1533 factum
1798 1480 1970 1536 fuisse

387 1556 655 1624 aliirntat;
708 1560 911 1616 deinde
968 1579 1102 1618 vero
1155 1565 1284 1634 quia
1350 1580 1419 1621 ue
1477 1567 1699 1638 quidem
1737 1568 1968 1627 Joannis
2026 1573 2029 1576 ’

327 1702 341 1740 ἰ
387 1649 899 1708 Thessalonicensis
957 1656 1359 1728 archiepiscopi
1425 1659 1728 1729 saepissime
1802 1677 1971 1733 supra

2080 654 2136 707 in
2173 654 2418 709 animum
2455 655 2597 711 haud
2626 670 2849 727 possum
2877 654 3160 711 inducere.

2151 744 2273 799 104.
2299 746 2370 800 At
2403 761 2554 813 vero,
2599 747 2836 816 inquies,
2871 745 3114 803 Joannes
3144 747 3675 808 Thessalonicensis

2076 830 2462 890 Hii-oculorum
2506 839 2830 893 edendorum
2877 838 2974 894 lib.
3032 855 3070 904 ι,
3125 855 3190 894 ea
3237 842 3577 912 suppeditat,
3620 861 3653 898 e

2074 928 2273 998 quibus
2324 929 2435 998 iam
2505 929 2633 985 inde
2693 946 2723 985 a
2764 930 3051 1001 scriptoris
3107 930 3274 1004 hujus
3298 943 3480 998 aetate.
3542 936 3654 993 into

2073 1021 2241 1077 etiam
2290 1031 2417 1077 ante
2457 1023 2599 1077 hanc
2655 1023 2837 1077 oleum
2876 1039 2973 1077 seu
3030 1034 3376 1092 unguentum
3404 1043 3436 1082 e
3462 1027 3648 1084 Sancti

2076 1113 2252 1168 nostri
2283 1127 2518 1184 corpore
2545 1114 2862 1170 scaturiisse
2907 1124 3156 1186 apparet.
3194 1117 3409 1172 Etenim
3447 1119 3649 1177 ibidem

2070 1218 2191 1274 cap.
2226 1205 2277 1262 l.
2308 1203 2410 1260 sub
2438 1205 2622 1270 linem,
2656 1204 2958 1260 Marianum
2987 1206 3105 1273 qui,
3133 1210 3589 1278 quemadmodum
3618 1227 3655 1269 ο

2070 1310 2237 1366 supra
2263 1296 2426 1351 dictis
2481 1297 2674 1366 liquet,
2705 1298 2798 1351 diu
2830 1306 2958 1353 ante
2986 1298 3258 1356 Joannem
3292 1299 3650 1360 Thessaloni-

2068 1400 2291 1445 censem
2332 1388 2538 1455 ﬂoruit,
2571 1390 2644 1444 ita
2676 1397 2866 1445 saneto
2890 1390 3165 1447 Demetrio
3203 1391 3518 1463 loquentem
3553 1410 3667 1450 seu

2070 1481 2256 1553 potius
2287 1482 2451 1553 hujus
2502 1496 2602 1551 pro
2658 1481 2899 1536 sanitate
2951 1485 3328 1553 recuperanda
3382 1486 3649 1542 auxilium

2068 1570 2455 1641 implorantem
2493 1571 2743 1627 induL'it:
2777 1572 2889 1642 Τὴν
2938 1574 3328 1646 δεδωρημένην
3373 1594 3456 1631 σοι
3487 1578 3651 1650 χάριν

2068 1662 2160 1716 ὑπ’
2192 1659 2358 1715 αὑτοῦ
2383 1660 2492 1715 τῶν
2522 1662 2773 1732 ἰαμάτων
2820 1662 3016 1734 ἔκχεον
3063 1666 3145 1732 εἰς
3179 1668 3306 1738 ἐμέ·
3368 1682 3433 1723 ac
3481 1671 3671 1740 paulo

320 1742 328 1753 ’
391 1743 615 1807 laudati,
664 1744 758 1813 qui
797 1754 977 1800 tamen
1028 1756 1150 1815 post
1200 1748 1497 1805 Eusebium
1548 1748 1754 1819 floruit,
1805 1760 1966 1811 aetate

2071 1760 2224 1822 post:
2253 1750 2445 1822 ἔκχεον
2474 1751 2564 1804 ἐπ’
2609 1753 2706 1823 ἐμὲ
2762 1754 2859 1825 τὴν
2909 1752 3285 1827 ἐλεημοσύνην
3314 1774 3408 1810 σου
3438 1758 3536 1811 xui
3581 1760 3664 1813 at

390 1835 786 1892 determinatus
814 1836 991 1903 locus,
1022 1854 1132 1909 quo
1155 1839 1390 1896 Sanctus
1411 1843 1641 1913 iaceret.
1672 1855 1838 1903 notus
1861 1864 1963 1905 ex-

2071 1821 2417 1915 ὸίκτείρμονά
2444 1860 2539 1896 σου
2595 1821 2827 1913 iditum:
2855 1846 2934 1901 Ad
2971 1821 3087 1903 haec
3133 1821 3326 1904 eodem
3354 1849 3652 1906 Miraculoo

388 1927 530 1982 stitit
565 1928 621 1983 in
659 1929 908 1996 ecclesia,
941 1931 1150 1987 nomini
1181 1934 1301 2002 eius
1332 1932 1736 1994 Thessalonicae
1783 1956 1959 2009 sacra,

388 2018 468 2073 uti
501 2019 732 2089 ipsemet
761 2021 997 2092 scriptor
1030 2023 1122 2078 ille
1151 2024 1247 2081 lib.
1280 2041 1297 2080 ι
1329 2025 1735 2095 κενστιιοηιηι,
1759 2042 1880 2103 cap.
1905 2036 1958 2100 5,

390 2109 553 2164 ﬁdem
608 2110 757 2166 facit.
801 2111 982 2169 Verba
1037 2114 1178 2184 ejus,
1224 2131 1255 2172 e
1302 2118 1504 2188 quibus
1542 2121 1726 2187 simul,
1773 2124 1961 2182 Sancti

388 2201 754 2258 conditorium
785 2218 883 2259 seu
911 2205 1113 2272 locum,
1142 2220 1255 2276 quo
1282 2208 1372 2264 hic
1399 2210 1453 2264 in
1487 2209 1961 2271 Thessalonicensi

389 2308 488 2350 sua
519 2295 748 2351 ecclesia
786 2298 997 2367 iaceret
1030 2302 1368 2370 reconditus,
1413 2303 1650 2361 Eusebio
1684 2308 1963 2379 archiepi-

391 2400 557 2455 scopo
598 2386 1146 2447 Thessalonicensem
1193 2394 1378 2450 sedem
1410 2407 1737 2467 occupante,
1772 2411 1961 2454 notum

387 2476 552 2532 etiam
581 2494 694 2534 non
718 2479 910 2545 fuisse,
928 2483 1264 2541 luculentius
1285 2495 1551 2556 patescet.
1580 2489 1687 2545 huc
1705 2504 1739 2545 e
1760 2490 1964 2547 Graecis

391 2570 534 2626 facta
565 2587 595 2624 a
625 2587 715 2627 me
744 2572 938 2629 Latina
971 2578 1295 2633 transcribo.
1328 2578 1419 2637 Sic
1444 2581 1652 2638 habent
1698 2602 1714 2638 :
1765 2605 1783 2637 ι
1816 2582 1966 2652 Quo-

389 2660 541 2715 niam
566 2672 749 2717 autem
779 2678 1000 2734 semper
1030 2666 1274 2737 quidem,
1309 2671 1545 2726 maxime
1573 2682 1758 2729 autem
1790 2675 1966 2731 idolo-

390 2751 565 2809 latria
580 2763 844 2826 tempore,
864 2759 956 2829 qui
987 2760 1260 2817 civitatem
1293 2763 1433 2820 hanc
1459 2764 1571 2821 Deo
1593 2767 1846 2824 dilectam
1876 2770 1965 2825 in-

388 2846 715 2916 coluerunt,
771 2851 1073 2908 Christiani
1124 2855 1366 2911 accuratl
1422 2850 1964 2933 constanti'ssimique

393 2946 693 3008 martyrum
715 2951 990 2999 amatores
1015 2943 1262 3011 fuerunt,
1292 2963 1408 3018 prae
1436 2958 1610 3018 metu,
1649 2966 1718 3008 ne
1747 2964 1965 3010 sancto-

391 3043 534 3096 rum,
568 3032 829 3103 martyrio
849 3045 1259 3104 coronatorum,
1286 3055 1521 3112 corpora
1546 3043 1961 3102 idololatrarum

391 3120 564 3176 furori
595 3125 1094 3190 committerentur,
1138 3131 1301 3186 tacite
1336 3132 1422 3187 illa
1465 3149 1530 3190 ac
1561 3137 1883 3208 mysteriose
1908 3138 1963 3194 in

393 3219 537 3265 terra
565 3213 991 3281 abseonderunt,
1021 3219 1159 3275 adeo
1191 3230 1251 3277 ut
1279 3237 1454 3293 usque
1472 3224 1527 3279 in
1551 3240 1794 3295 praesens
1824 3237 1966 3285 tem-

394 3315 496 3370 pus
528 3317 591 3357 ex
621 3304 686 3358 iis
716 3307 814 3376 qui
847 3312 1162 3380 martyrium
1201 3312 1256 3368 in
1285 3315 1386 3371 hac
1408 3317 1722 3386 subierunt,
1754 3320 1963 3377 nullius

393 3405 642 3461 prorsus,
673 3406 1032 3469 praeterquam
1076 3403 1448 3461 celeberrimas
1487 3422 1552 3462 ac
1601 3410 1965 3468 sanctissima:

395 3484 625 3555 virginis
660 3488 943 3557 Matronae,
977 3510 1193 3551 sacram
1224 3500 1617 3568 conditorium,
1654 3517 1761 3574 quo
1792 3504 1966 3575 depo—

392 3578 483 3633 siti
517 3579 760 3650 lucrum,
790 3597 1067 3643 noscatur.
1116 3606 1137 3642 ι

468 3672 593 3728 105.
623 3675 742 3730 Jam
780 3692 934 3745 vero,
964 3696 1089 3736 cum
1116 3697 1288 3753 usque
1324 3688 1392 3739 ad
1423 3685 1657 3743 Joannis
1674 3687 1967 3750 Thessalo-

396 3760 634 3817 nicensis
691 3774 929 3836 aetatem,
988 3786 1097 3841 quo
1149 3768 1523 3832 determinato
1572 3779 1822 3837 ecclesiae
1856 3799 1966 3843 sum

395 3851 517 3909 loco
547 3852 785 3916 Sanctus
820 3872 1011 3918 noster
1039 3864 1250 3934 iaceret
1280 3871 1622 3939 reconditus,
1656 3872 1967 3933 Thcssalo-

396 3946 536 4000 nicte
588 3951 794 4017 etiam,
826 3954 906 4008 uti
967 3955 1195 4012 recitata
1232 3958 1523 4030 scriptoris
1586 3962 1748 4033 huius
1801 3968 1967 4023 verba

400 4035 563 4093 tidem
582 4039 806 4109 faciunt,
829 4045 1137 4117 ignoratum
1153 4050 1380 4106 omnino
1397 4050 1586 4120 fuerit,
1612 4070 1716 4125 qua
1734 4059 1965 4127 ratione,

400 4132 485 4185 vel
502 4131 615 4201 iam
649 4144 786 4201 tum,
820 4140 907 4193 vel
941 4142 1106 4195 etiam
1136 4151 1296 4199 antea
1349 4160 1415 4200 ex
1456 4145 1600 4201 illius
1631 4164 1726 4204 seu
1758 4154 1969 4209 tumulo

395 4238 495 4278 seu
524 4241 757 4296 corpore
786 4243 1129 4303 unguentum
1170 4250 1268 4290 seu
1291 4237 1497 4304 oleum,
1531 4241 1738 4297 morbis
1768 4260 1970 4299 sanan-

397 4315 483 4370 dis
516 4319 777 4389 salutare,
835 4325 1177 4393 scaturiisse,
1217 4327 1409 4383 resciri
1440 4340 1591 4386 certo
1625 4343 1805 4403 potest
1833 4336 1857 4389 ?
1886 4341 1965 4391 An

396 4404 582 4462 forsan
625 4412 713 4466 vel
735 4427 765 4466 e
797 4414 1112 4483 traditione,
1145 4418 1215 4472 ab
1244 4419 1361 4488 ipsa
1414 4420 1641 4476 Joannis
1671 4421 1969 4480 Thessalo-

2069 1950 2186 1989 rum
2256 1935 2392 1991 libro
2422 1948 2545 2006 cap.
2575 1938 2609 1993 4
2642 1938 2713 1993 ita
2771 1940 2838 1995 de
2891 1941 3170 1998 Demetrio
3204 1943 3363 2000 initio
3418 1945 3648 2001 scribit:

2070 2027 2146 2081 Οὐ
2190 2027 2459 2097 σωμάτων
2508 2029 2564 2083 δὲ
2614 2029 2775 2100 μόνον
2815 2031 3048 2103 ἰάμασιν
3075 2035 3104 2087 ὁ
3154 2035 3465 2099 καλλίνικος
3493 2028 3650 2103 οὗτος

2068 2119 2463 2190 ὶναμσλύνεται
2497 2120 2733 2192 μάρτυς,
2765 2124 2903 2178 ἀλλὰ
2926 2125 3042 2192 καί,
3067 2136 3185 2182 etc.
3209 2118 3429 2195 Fateor,
3459 2128 3652 2186 istba‘c

2069 2208 2206 2266 locis
2242 2212 2427 2271 citatis
2477 2212 2721 2270 Joannes
2751 2214 3269 2277 Thessalonicensis
3310 2238 3650 2277 commemo-

2070 2313 2191 2373 rat;
2218 2321 2405 2362 verum
2440 2323 2469 2362 e
2500 2307 2742 2364 testibus
2767 2309 3039 2376 adductis,
3066 2311 3176 2383 iam
3205 2312 3335 2370 inde
3364 2330 3393 2370 a
3423 2313 3653 2373 Joannis

2070 2392 2577 2457 Thessalonicensis
2605 2412 2764 2458 aetate
2789 2411 2883 2458 aut
2899 2405 3063 2459 etiam
3087 2415 3214 2461 ante
3234 2406 3381 2462 illaut
3402 2423 3651 2480 unguen-

2074 2499 2186 2547 tum
2220 2509 2317 2549 seu
2344 2493 2551 2561 oleum,
2582 2496 2844 2552 sanandis
2879 2497 3089 2553 morbis
3113 2499 3377 2563 salutare.
3407 2515 3441 2557 e
3469 2501 3650 2558 sancti

2071 2578 2333 2639 Demetrii
2364 2600 2463 2640 seu
2499 2601 2733 2657 corpore
2757 2601 2859 2642 seu
2892 2588 3106 2645 tumulo
3137 2590 3483 2657 scaturiisse,
3516 2608 3653 2647 con-

2070 2673 2402 2729 cludendum
2451 2691 2563 2731 non
2618 2677 2855 2732 videtur.
2906 2676 3045 2734 Cum
3102 2679 3250 2734 enim
3312 2696 3415 2736 vox
3459 2679 3648 2738 Graeca

2071 2764 2211 2834 lana
2268 2781 2377 2819 non
2444 2776 2659 2822 tantum
2722 2769 3189 2834 medicamentum,
3229 2787 3424 2827 verum
3476 2773 3648 2829 etiam

2072 2854 2462 2911 medicamenti
2504 2857 2760 2913 effectum
2817 2875 2914 2915 seu
2962 2865 3297 2917 sanationem
3341 2864 3644 2936 signiticet,

2073 2947 2224 3016 prior
2247 2962 2313 3002 ex
2338 2949 2591 3005 adductis
2623 2949 2801 3006 tribus
2842 2952 3075 3008 testibus
3104 2954 3208 3013 hoc
3236 2956 3422 3019 modo,
3465 2974 3485 3010 ι
3544 2958 3649 3013 Do-

2072 3046 2256 3092 natam
2282 3037 2381 3093 tibi
2414 3039 2483 3095 ab
2541 3042 2734 3097 eodem
2790 3043 3138 3100 curationum
3193 3049 3423 3118 gratiam
3483 3064 3649 3120 super

2073 3143 2162 3183 me
2191 3128 2428 3199 edunde,
2473 3151 2492 3180 ι
2526 3133 2805 3189 secundus
2858 3135 2986 3200 isto,
3025 3154 3044 3188 ι
3079 3134 3315 3195 Edunde
3345 3155 3511 3211 super
3557 3156 3646 3197 me

2071 3220 2503 3280 misericordiam
2541 3232 2711 3292 tuam,
2739 3229 3302 3303 commiserantesque
3330 3243 3453 3289 tuas
3481 3248 3643 3288 sana-

2069 3312 2271 3379 tiones,
2314 3333 2334 3368 ι
2365 3330 2429 3371 ac
2459 3318 2657 3373 tertius
2706 3317 2945 3392 denique
2999 3326 3277 3393 sequenti,
3321 3342 3338 3375 ‹
3372 3323 3493 3380 Non
3550 3343 3644 3380 so-

2068 3402 2179 3458 lum
2240 3412 2424 3460 autem
2487 3421 2775 3477 corporum
2833 3410 3213 3467 sanationibns
3264 3419 3473 3484 martyr
3528 3412 3640 3476 ille,

2067 3494 2316 3564 pulchris
2344 3494 2586 3550 victoriis
2646 3497 3068 3562 condecoratus,
3107 3501 3373 3568 abundat,
3400 3502 3496 3559 sed
3525 3514 3634 3567 et,»

2066 3596 2198 3649 ctc.,
2229 3586 2283 3640 in
2311 3583 2552 3658 linguam
2592 3586 2845 3644 Latinam
2877 3593 3240 3649 convertitur.

2141 3679 2263 3735 105.
2299 3677 2435 3745 Nec,
2485 3680 2588 3735 etsi
2649 3683 2974 3740 vocabulum
3021 3686 3270 3742 Graecum
3328 3684 3464 3759 ἴαμα
3495 3687 3656 3743 idenr

2068 3788 2295 3844 prorsus
2353 3773 2498 3843 quod
2532 3758 2857 3830 vocabulum
2885 3776 3137 3833 Latinum
3170 3761 3495 3835 medicamen
3541 3796 3640 3836 seu

2070 3865 2291 3927 medela,
2349 3863 2403 3923 in
2461 3864 2640 3920 allatis
2690 3867 2928 3922 textibus
2976 3869 3311 3941 signiﬁcare,
3360 3872 3642 3943 tantisper

2068 3958 2232 4010 etiam
2265 3954 2600 4020 dederimus,
2655 3959 3056 4014 consectarium
3102 3971 3393 4037 propterea
3423 3960 3552 4025 erit,
3582 3972 3647 4018 ut

2067 4047 2310 4104 Joannes
2340 4046 2856 4105 Thessalonicensis
2883 4052 3210 4109 miraculum
3243 4055 3511 4126 unguenti
3544 4073 3649 4112 seu.

2068 4140 2198 4204 olei,
2228 4155 2257 4195 e
2293 4138 2477 4195 Sancti
2525 4140 2735 4196 tumulo
2793 4143 3166 4208 scaturientis,
3218 4146 3288 4201 iis
3338 4144 3659 4204 indicatum

2068 4241 2217 4289 certo
2247 4233 2500 4289 voluerit.
2534 4232 2735 4299 Quidni
2781 4236 2928 4290 enim
2979 4254 3077 4308 per
3111 4238 3492 4307 medicamina,
3526 4250 3639 4296 tum

2068 4325 2125 4378 in
2161 4324 2373 4378 duobus
2407 4323 2650 4378 testibus
2678 4326 2980 4396 prioribus,
3023 4338 3137 4384 tum
3164 4331 3329 4385 etiam
3360 4332 3418 4388 in
3458 4343 3641 4402 poste-

2069 4414 2220 4480 riori,
2264 4416 2435 4486 ipsam
2503 4416 2675 4471 sancti
2729 4416 2990 4474 Demetrii
3018 4422 3489 4491 intercessionem,
3543 4443 3657 4482 seu.

394 4501 641 4559 nicensis
661 4504 820 4561 aetate
841 4510 1121 4564 autetiam
1155 4511 1321 4566 citius
1347 4511 1585 4582 incepta,
1611 4516 1695 4569 vel
1723 4532 1753 4571 e
1793 4518 1963 4572 docu-

2072 4506 2254 4575 potius
2309 4506 2610 4575 suppetias,
2665 4506 2855 4564 Sancti
2906 4513 3220 4580 patrocinio
3248 4525 3345 4572 aut
3383 4516 3644 4576 ferendas

397 4595 599 4650 mentis
637 4612 733 4652 seu
770 4600 978 4671 scripto
1015 4615 1112 4657 seu
1151 4602 1310 4658 aliter
1340 4604 1409 4659 ab
1460 4603 1546 4672 iis,
1578 4606 1670 4675 qui
1719 4608 1802 4662 rei
1835 4609 1967 4679 ipsi-

399 4697 509 4740 rnet
566 4690 757 4744 eadem
814 4692 1043 4747 Joannis
1104 4693 1614 4752 Thessalonicensis
1668 4709 1825 4755 aetate
1875 4710 1970 4756 aut

401 4779 564 4836 citius
594 4782 760 4835 etiam
787 4783 1126 4852 ﬂoruissent,
1160 4788 1254 4842 vel
1276 4804 1389 4843 rem
1424 4803 1454 4844 a
1487 4790 1788 4859 maioribus
1814 4793 1970 4848 audi-

400 4873 631 4938 vissent,
666 4872 734 4926 ad
765 4878 1143 4943 posteritatem
1204 4880 1545 4935 transmissis
1569 4881 1595 4935 1
1622 4882 1822 4938 Verum
1875 4884 1969 4953 qui

399 4963 485 5018 vel
519 4965 739 5019 traditio
792 4968 876 5023 rei
927 4969 1277 5035 documenta,
1331 4972 1551 5041 quibus,
1590 4989 1621 5029 e
1660 4975 1835 5031 sancti
1876 4975 1972 5030 Dc-

402 5055 584 5110 mctrii
622 5072 853 5128 corpore
903 5072 1241 5133 unguentum
1295 5063 1409 5135 iam
1467 5065 1593 5119 inde
1648 5081 1678 5121 a
1743 5064 1972 5123 Joannis

399 5142 910 5207 Thessalonicensis
957 5161 1139 5219 tetate,
1190 5155 1461 5226 citiusque
1505 5156 1668 5211 etiam
1709 5158 1969 5224 stillasse,

400 5235 671 5292 habeatur
721 5247 1090 5311 compertum,
1144 5261 1298 5301 suam
1330 5255 1539 5316 queant
1563 5257 1814 5318 tempore
1866 5249 1973 5304 isto

399 5330 630 5385 traxisse
654 5332 946 5402 originem,
970 5335 1016 5390 si
1044 5344 1158 5394 tum
1186 5338 1608 5402 determinatus,
1627 5354 1735 5409 quo
1756 5354 1978 5394 sacrum-

403 5418 537 5475 illud
568 5420 768 5492 pignus
810 5423 1024 5494 iaceret
1082 5427 1451 5493 reconditum,
1525 5428 1677 5483 locus
1724 5430 1974 5496 omnino,

399 5514 616 5583 qualem
686 5514 838 5570 illum
895 5519 1177 5575 exstitisse
1214 5518 1456 5575 Joannes
1511 5519 1973 5577 Thessalonicen-

401 5607 476 5659 sis
508 5606 712 5672 prodit,
778 5608 1001 5679 ignotus
1035 5610 1309 5667 exstiterit
1334 5611 1359 5666 ?
1382 5611 1438 5667 id
1495 5613 1779 5669 enimvero
1813 5621 1973 5684 captu

403 5695 695 5752 adiat-tium
731 5699 948 5756 difﬁcile
974 5702 1109 5758 mihi
1137 5710 1385 5774 apparet,
1418 5702 1710 5774 oleumque
1746 5705 1978 5775 proinde

405 5805 503 5843 seu
531 5801 890 5862 unguentum,
923 5797 1131 5851 morbis
1150 5797 1407 5851 sanandis
1434 5795 1575 5851 salut
1595 5812 1694 5861 ‘rc,
1727 5810 1757 5843 ρ
1784 5797 1975 5852 Sancti

2073 4602 2166 4652 aut
2192 4596 2357 4652 etiam
2386 4597 2565 4666 reipsa
2599 4599 2814 4656 miseris
2833 4603 3033 4672 saepius
3060 4606 3273 4672 allatas,
3307 4610 3657 4669 intellexisse

2073 4688 2289 4758 possit?
2314 4689 2594 4745 Alterutro
2627 4707 2759 4748 sane
2799 4704 2828 4748 e
2872 4695 2982 4763 iam
3015 4697 3304 4770 assignatis
3345 4704 3523 4759 modis
3550 4715 3645 4760 aut

2072 4781 2267 4834 saltem
2326 4781 2455 4845 alio,
2503 4797 2612 4851 quo
2670 4787 2939 4855 unguenti
2969 4787 3158 4845 Sancti
3194 4807 3426 4861 corpore
3459 4801 3642 4849 scatu-

2072 4869 2269 4925 rientia
2291 4873 2603 4944 prodigium
2659 4875 2807 4931 haud
2863 4880 3150 4947 astruitur,
3196 4890 3307 4937 tres
3357 4898 3517 4952 supra
3544 4883 3645 4936 da-

2074 4962 2160 5016 tos
2209 4962 2442 5019 Joannis
2494 4962 3013 5026 Thessalonicensis
3066 4980 3246 5027 textus
3273 4973 3661 5042 expla’nandos.

2072 5064 2216 5119 eSse,
2253 5055 2335 5110 vel
2354 5070 2420 5112 ex
2452 5073 2519 5113 eo
2550 5057 2744 5130 liquet,
2774 5062 2942 5131 quod,
2972 5076 3094 5118 cum
3127 5063 3217 5118 hic
3246 5064 3504 5136 scriptor,
3538 5084 3646 5137 quo

2074 5143 2310 5204 Sanctus
2340 5159 2531 5206 noster
2557 5151 2805 5207 ecclesiae
2832 5168 2944 5208 suae
2972 5153 3487 5214 Thessalonicensis
3525 5158 3647 5216 loco

2073 5243 2307 5313 iacuerit
2340 5245 2679 5313 reconditus,
2714 5248 3000 5320 ignorarit,
3050 5261 3385 5320 unguentum
3414 5268 3480 5306 ex
3527 5254 3654 5323 eius

2077 5348 2310 5404 corpore
2332 5336 2670 5399 scaturiisse,
2703 5338 3045 5406 exploratum
3078 5340 3246 5395 etiam
3299 5344 3648 5399 verosiuiilli.

2075 5440 2163 5481 me
2213 5426 2355 5480 haud
2408 5427 2681 5494 habuerit,
2719 5428 2991 5502 huiusque
3020 5431 3253 5505 proinde
3302 5436 3543 5509 prodigii
3587 5438 3643 5491 in

2076 5519 2515 5575 allatistextibus
2545 5522 2885 5577 mentionem
2918 5525 3063 5582 haud
3098 5526 3313 5596 iecerit,
3346 5530 3457 5584 imo
3478 5532 3646 5587 etiam

2078 5628 2148 5666 nc
2201 5595 2378 5666 facere
2423 5611 2641 5681 quidem
2696 5616 2959 5685 potuerit.
3005 5620 3181 5689 Atque
3221 5595 3315 5690 ita,
3364 5622 3643 5689 omnibus,

2079 5718 2199 5771 qua:
2250 5702 2361 5771 iam
2418 5702 2559 5769 dixi,
2608 5708 2887 5778 expensis,
2947 5711 3189 5768 nondum
3238 5729 3370 5771 sane
3414 5713 3644 5771 Joannis

2081 5788 2586 5854 Thessaloniccngis
2610 5808 2787 5869 a'tate,
2823 5802 3019 5859 nedum
3050 5807 3363 5875 anu-illam,
3402 5826 3646 5879 unguen-
