4140 6382
515 301 650 372 1113

1830 329 2478 398 SUPPLEMENTUM.

3621 344 3758 412 1i“

513 422 628 531 tum
654 442 750 482 seu
781 427 984 531 oleum.
1009 447 1038 485 e
1068 424 1251 531 Sancti
1288 451 1384 492 seu
1435 440 1667 507 tumulo,
1703 453 1800 497 seu
1848 460 2079 514 corpore
2107 451 2152 507 Α
2179 448 2510 523 alteramque
2537 455 2604 509 ab
2631 469 2934 528 anonymo,
2954 459 3046 528 qui
3082 459 3435 530 Metapbrasti
3464 463 3720 531 praluxit
3742 506 3764 528 .

515 517 767 583 stillasse,
810 521 1302 593 verosimillimum,
1349 545 1419 583 ne
1470 531 1646 586 dicam
1689 534 2080 603 indubitatum,

516 620 762 676 apparet.
803 609 1002 666 Verum
1037 630 1142 683 quo
1178 619 1397 674 tandem
1431 638 1562 694 ergo
1601 633 1846 696 tempore
1897 632 2080 698 prodi-

515 699 661 764 gium
719 700 863 754 ἱειυά
901 705 1136 772 primum
1169 710 1404 779 coepisse
1450 714 1806 771 statuemus?
1849 717 2084 774 Thessa-

517 789 796 846 lonicense
850 793 1109 851 Demetrii
1166 802 1426 870 templum
1496 806 1640 861 haud
1703 806 1904 863 dudum
1963 821 2087 880 post

513 875 741 936 Joannis
762 883 1492 949 Thessalonicensisobitum
1520 913 1616 972 seu
1640 902 2085 972 smculoseptimo

517 987 838 1032 senescente
893 978 1128 1034 ﬂammis
1176 984 1344 1040 fuisse
1401 967 1754 1059 absumptum
1824 967 2084 1062 aliudque

517 1065 638 1133 ejus
671 1067 793 1122 loco
833 1069 1002 1138 fuisse
1031 1084 1392 1141 exstructum,
1445 1093 1611 1148 supra
1651 1082 1907 1138 vidimus.
1943 1085 2083 1150 Quid

520 1159 564 1210 si
599 1173 747 1228 ergo,
786 1177 908 1215 cum
945 1179 1149 1220 novum
1218 1168 1364 1224 istud
1427 1171 1717 1228 mdificium
1761 1177 2084 1246 erigerelur,

521 1255 772 1320 terraque
806 1251 952 1309 hunc
986 1257 1039 1308 in
1077 1256 1237 1313 linem
1282 1260 1447 1316 variis
1471 1260 1602 1318 locis
1640 1265 1997 1334 ell'oderetur,
2035 1278 2089 1323 et

522 1341 759 1410 primum
796 1354 923 1400 tunc
959 1362 1177 1404 sacrum
1205 1351 1460 1408 Demetrii
1493 1357 1870 1426 corpusfuerit
1894 1360 2088 1416 iuvena-

522 1439 634 1486 tum
672 1449 766 1488 seu
798 1436 1099 1504 detectum,
1122 1452 1175 1495 et.
1216 1443 1394 1497 oleum
1419 1447 1578 1500 simul
1609 1463 1702 1502 seu
1726 1462 2087 1521 unguentum,

521 1527 784 1583 sanandis
817 1530 1020 1585 morbis
1057 1532 1320 1601 salutare,
1356 1550 1423 1590 ex
1469 1552 1535 1592 eo
1567 1543 1836 1596 scaturire
1869 1544 2091 1614 incepe-

524 1616 591 1670 rit
619 1619 643 1670 τ

591 1706 715 1763 106.
750 1708 807 1764 id
843 1727 977 1764 sane
1030 1715 1164 1768 mihi
1218 1717 1364 1773 haud
1410 1735 1638 1788 prorsus
1688 1740 1820 1780 vero
1862 1735 2088 1796 apparet

521 1796 792 1862 absimile,
833 1817 932 1869 pro
972 1814 1125 1859 certo
1148 1811 1328 1861 tamen
1360 1809 1444 1862 vel
1493 1810 1700 1866 idcirco
1735 1795 1933 1871 habech
1978 1832 2084 1871 non
2120 1795 2163 1852 Β

523 1890 720 1954 ausim,
759 1894 902 1961 quod
937 1904 1130 1950 auctor
1161 1913 1485 1969 anonymus,
1521 1904 1616 1972 qui
1649 1903 1877 1964 Joannis
1909 1909 2086 1965 Thes—

524 1978 884 2038 saloniCcnsis
920 1985 986 2039 de
1021 1986 1281 2044 Demetrii
1339 1994 1616 2050 miraculis
1650 1996 2086 2056 lucubrationem

522 2073 883 2143 continuavit,
915 2079 1246 2150 smculoque,
1281 2092 1334 2137 ul
1363 2101 1526 2156 supra
1557 2088 1741 2154 docui,
1775 2093 1860 2145 vel
1893 2103 2090 2148 octavo

523 2177 871 2232 senescente,
935 2170 1020 2224 vel
1050 2187 1199 2226 nono
1235 2174 1462 2231 ineunte
1517 2177 1721 2245 floruit,
1751 2183 1955 2236 nullam
1997 2200 2090 2241 us-

524 2253 669 2322 piam
709 2256 764 2309 in
824 2259 1128 2327 miraculis,
1159 2262 1343 2318 Sancti
1405 2270 1578 2322 nostri
1631 2275 1935 2341 patrocinio
1992 2291 2088 2344 pa-

525 2348 706 2410 tratis,
739 2365 859 2417 quae
894 2361 1100 2416 narrat,
1155 2359 1418 2425 unguenti
1477 2374 1542 2413 ex
1578 2362 1698 2432 ejus
1752 2380 1850 2418 Sen
1880 2369 2090 2422 tumulo

522 2453 619 2491 seu
674 2455 907 2510 corpore
963 2446 1270 2516 prodigiose
1339 2452 1694 2510 scaturientis
1755 2459 2088 2514 mentionem

522 2529 710 2584 faciat.
743 2532 926 2588 Sancti
979 2538 1196 2605 quidem
1247 2543 1509 2614 templum
1556 2545 1949 2605 lucubrationis
1980 2567 2092 2608 sua:

523 2635 621 2676 seu
653 2623 1032 2680 Miraculorum
1059 2630 1399 2698 edendorum,
1434 2635 1531 2690 lib.
1566 2651 1626 2702 ιι,
1681 2654 1801 2709 cap.
1839 2635 1893 2706 ὅ,
1935 2653 2094 2696 meat

527 2713 932 2787 ἰαματοφὸρονς
985 2737 1171 2777 verum
1208 2741 1331 2780 cum
1366 2727 1688 2786 vocabulum
1742 2734 1881 2803 ἴαμα
1927 2749 2089 2789 sana-

524 2808 729 2862 tionem
763 2825 916 2879 :eque
974 2829 1136 2883 quam
1194 2817 1559 2885 medicamen,
1625 2821 1702 2875 uti
1753 2823 1863 2892 jam
1927 2840 2090 2895 supra

523 2901 706 2966 docui,
741 2903 1054 2974 signiﬁcare
1083 2920 1267 2982 queat,
1306 2927 1436 2965 sane
1461 2927 1524 2966 ex
1557 2914 1820 2968 attribute
1849 2931 1947 2982 per
1969 2916 2083 2970 lauo

523 2994 710 3049 datum
791 3001 1114 3070 scriptorem
1196 3019 1528 3077 anonymqu
1605 3006 2089 3064 Thessalonicensi

2187 546 2582 616 conscriptam,
2609 545 2890 613 Leontius,
2919 549 3114 621 Illyrici
3141 553 3242 606 sub
3269 553 3449 607 saeculi
3476 555 3763 624 quinti.nti

2187 653 2250 691 ex
2280 652 2443 706 supra
2479 637 2639 694 dictis
2687 650 2940 710 apparet,
2971 643 3187 697 initium
3235 644 3545 712 praefectus,
3584 645 3765 702 Thes-

2187 728 2451 792 salonica,
2484 744 2606 782 cum
2641 730 2752 798 jam
2783 731 2837 784 in
2882 733 2980 786 hac
3011 722 3237 788 eivitate
3255 735 3543 790 ecclesiam
3573 748 3768 794 sanclo

2189 821 2882 893 Demetriolexstruxisset,
2915 822 3174 878 Sirmium
3212 828 3504 895 petiturus,
3551 841 3763 899 partem

2188 915 2500 984 quampiam
2531 934 2560 971 e
2589 919 2922 972 sacrosancti
2989 920 3244 990 martyris
3281 936 3515 991 corpore
3555 932 3765 980 statue-

2190 1016 2274 1060 rat
2301 1007 2568 1076 accipere,
2598 1007 2805 1077 fuitque
2829 1009 2897 1062 ab
2918 1009 3023 1064 hoc
3051 1012 3329 1080 proposito
3353 1029 3450 1082 per
3477 1013 3762 1081 Sanctum,

2189 1099 2244 1152 in
2278 1100 2486 1154 somnis
2524 1099 2627 1154 sibi
2663 1111 3041 1169 apparentem.
3072 1103 3398 1159 abstractus.
3433 1104 3648 1172 Fateor,
3683 1110 3765 1164 sic

2190 1190 2375 1245 habet.
2433 1188 2632 1244 Verum
2668 1190 2848 1245 locum
2893 1191 3356 1257 determinatum.
3400 1212 3512 1264 quo
3544 1213 3762 1253 sacrum

2191 1281 2376 1337 Sancti
2437 1284 2613 1339 nostri
2667 1299 2868 1354 corpus
2914 1285 3140 1354 iaceret,
3200 1286 3433 1343 Leontio
3481 1290 3761 1361 cognitum

2189 1375 2376 1442 fuisse,
2418 1385 2627 1431 certum
2667 1378 2794 1432 inde
2821 1393 2940 1432 esse
2973 1378 3116 1433 haud
3152 1388 3327 1448 potest
3355 1398 3369 1434 :
3399 1392 3761 1452 prteterqua

2187 1467 2332 1522 enim
2371 1469 2516 1536 quod
2544 1468 2672 1522 illud
2708 1468 2921 1524 Leontii
2964 1471 3257 1526 consilium
3290 1473 3346 1526 in
3387 1475 3762 1530 Anastasianis

2188 1568 2244 1614 et
2279 1557 2562 1614 Photianis
2597 1560 2782 1616 Sancti
2827 1561 2982 1616 Actis
3017 1578 3128 1618 non
3173 1573 3532 1630 memoretnr,
3574 1564 3624 1620 id
3655 1567 3761 1620 sibi

2189 1652 2352 1706 etiam
2388 1653 2684 1716 Leontius,
2717 1664 2840 1708 utut
2884 1653 3088 1721 locum,
3135 1671 3245 1725 quo
3296 1671 3513 1711 sacrum
3563 1659 3762 1729 pignus

2187 1741 2416 1811 iaceret,
2466 1743 2709 1798 nondum
2758 1755 2887 1798 tunc
2918 1754 3126 1810 nosset,
3172 1761 3408 1814 eumque
3440 1747 3758 1801 duntaxata

2193 1847 2333 1897 sese,
2376 1832 2618 1888 fossione
2651 1833 2829 1899 facta,
2870 1835 3152 1890 inventum
3188 1837 3274 1898 iri.
3327 1848 3592 1907 speraret,
3634 1854 3762 1907 pro-

2191 1926 2430 1995 positum
2461 1926 2633 1996 potuit
2664 1926 2886 1982 habere.
2918 1927 3053 1982 Utut
3095 1929 3186 1994 sit,
3236 1929 3434 1984 Jonnni
3466 1929 3759 1985 Thessalo-

2190 2017 2400 2073 nicensi
2439 2019 2643 2089 potius,
2690 2032 2852 2087 quam
2883 2019 3266 2090 Metaphrasta:
3293 2031 3349 2076 et
3391 2038 3679 2092 anonymo,
3726 2039 3760 2078 e

2189 2125 2299 2178 quo
2335 2109 2424 2164 hic
2456 2125 2554 2164 sua
2603 2111 2930 2180 desumpsit,
2970 2113 3226 2166 Demetrii
3259 2113 3578 2183 biographo,
3611 2121 3760 2168 stan-

2190 2202 2318 2258 dum
2363 2211 2482 2267 est,
2527 2201 2823 2271 Sanctique
2869 2202 3121 2272 proinde,
3168 2203 3433 2274 quidquid
3479 2204 3642 2259 etiam
3701 2205 3756 2259 hi

2191 2295 2451 2358 scribant,
2483 2310 2682 2364 corpus
2720 2310 2829 2349 non
2862 2295 3035 2365 prius,
3067 2311 3230 2364 quam
3279 2297 3485 2352 saeculo
3526 2298 3762 2365 septimo

2189 2397 2534 2451 senescente,
2584 2397 2680 2444 aut
2727 2387 3010 2456 sequentis
3054 2388 3212 2443 initio
3246 2389 3416 2443 fuisse
3459 2390 3758 2456 detectum,

2191 2477 2245 2532 in
2271 2477 2511 2533 animum
2549 2479 2770 2534 induco.
2805 2481 2981 2549 Atque
3030 2481 3082 2534 id
3118 2489 3246 2536 tunc
3281 2481 3503 2550 quidem
3552 2483 3762 2536 verosi-

2193 2569 2396 2623 militer
2433 2569 2717 2632 duntaxat,
2750 2579 2902 2626 certo
2929 2581 3112 2626 autem
3135 2610 3149 2634 ,
3189 2571 3268 2625 uti
3298 2587 3364 2626 ex
3395 2586 3566 2640 supra
3599 2572 3760 2627 dictis

2190 2675 2425 2730 pronum
2471 2670 2557 2716 est
2603 2660 2879 2731 colligere,
2936 2678 3044 2718 non
3096 2663 3271 2719 serius
3341 2679 3505 2735 quam
3560 2665 3760 2721 saeculo

2190 2768 2340 2808 nono
2373 2751 2574 2807 factum
2617 2752 2741 2809 fuit.

2262 2841 2388 2898 {08.
2426 2842 2626 2896 Verum
2671 2859 2833 2910 anne,
2877 2853 2934 2898 ut
2967 2843 3034 2899 ad
3087 2844 3232 2899 aliud
3265 2845 3375 2915 jam
3417 2845 3762 2917 progrediar,

2192 2949 2404 2988 sacrum
2437 2934 2808 3006 istudpignus
2838 2935 2893 2989 in
2925 2936 3157 2991 ecclesia
3183 2936 3383 2991 Sancto
3409 2953 3562 2992 sacra
3594 2953 3766 3008 penes

2194 3025 2714 3084 Thessalonicenses
2747 3044 2965 3100 semper
2991 3029 3251 3100 deinceps
3284 3032 3516 3085 mansit?
3549 3031 3606 3086 lu
3642 3031 3761 3086 Vita

523 3089 699 3142 sancti
754 3087 1014 3146 Demetrii
1075 3093 1320 3149 ecclesia:
1381 3097 1628 3168 epitheto
1695 3099 2084 3170 Ξαματοφὸρος,

2195 3117 2370 3172 sancti
2394 3117 2674 3182 Lietbet‘ti,
2700 3117 3110 3176 Cameracensis
3137 3130 3193 3175 et
3232 3122 3615 3176 Atrebatcnsis
3641 3123 3756 3190 epi-

525 3189 712 3250 utpote
743 3184 886 3250 quod
915 3191 1022 3238 tant
1053 3185 1131 3251 id,
1172 3188 1318 3257 quod
1349 3189 1714 3256 sanationem,
1749 3208 1910 3261 quam
1943 3194 2090 3260 quod

524 3275 862 3328 medicamen
895 3289 991 3330 seu
1025 3278 1289 3334 medelam
1321 3281 1500 3347 affert,
1541 3283 1850 3351 signiﬁcare
1900 3296 2088 3340 notum

524 3365 615 3429 sit,
647 3371 801 3437 argui
827 3385 935 3423 non
954 3380 1152 3438 potest,
1177 3372 1263 3432 vel
1293 3373 1586 3429 obscuram
1621 3377 1798 3445 ipsum
1828 3379 2089 3447 unguenti

523 3468 555 3509 c
586 3453 774 3510 Sancti
812 3459 1022 3513 tumulo
1083 3462 1394 3533 prodigiose
1449 3465 1804 3524 scaturientia
1853 3466 2092 3522 mentio-

525 3564 650 3603 nem
704 3549 886 3606 facere
939 3550 1194 3608 voluisse.
1231 3551 1386 3620 Quod
1415 3571 1540 3611 cum
1597 3557 1671 3611 ita
1703 3557 1796 3620 sit,
1848 3558 2030 3613 oleum
2061 3574 2093 3614 e

527 3640 715 3696 Sancti
758 3643 968 3698 tumulo
994 3643 1104 3712 jam
1141 3643 1269 3702 inde
1302 3663 1330 3701 a
1385 3647 1584 3706 smculo
1638 3659 1836 3707 octavo
1865 3653 2093 3709 ineunte

529 3745 622 3790 aut
674 3734 838 3790 etiam
894 3750 1222 3792 senescente
1259 3742 1494 3810 septimo
1533 3743 1845 3814 prodigiose
1885 3745 2093 3802 stillare

525 3831 778 3899 cmpisse,
811 3839 1088 3903 utcunque
1136 3832 1355 3904 quidem
1400 3837 1736 3904 verosimile,
1773 3841 2093 3910 neutiquam

527 3933 705 3976 tamen
739 3931 824 3978 est
865 3935 1075 3979 certum
1135 3936 1298 3997 atque
1339 3927 1729 3984 indubitatum.
1759 3929 1898 3986 Hinc
1928 3948 2093 4001 porro

527 4016 802 4085 simulque
837 4032 904 4072 ex
941 4019 1085 4085 aliis,
1119 4035 1239 4089 qua:
1280 4035 1309 4074 e
1341 4019 1551 4076 Joanne
1581 4019 1896 4078 Cameniata
1928 4039 2092 4094 supra

529 4107 787 4172 disserui,
816 4109 927 4180 jam
982 4109 1121 4174 fluit,
1187 4121 1244 4165 ut
1275 4121 1427 4166 certo
1477 4113 1696 4182 quidem
1725 4115 1838 4184 jam
1873 4115 2000 4170 inde
2061 4131 2091 4170 a

527 4203 730 4258 saeculo
761 4219 932 4267 nono,
962 4202 1211 4260 fortassis
1268 4215 1449 4258 autem
1494 4205 1760 4262 duntaxat
1811 4207 1920 4276 jam
1962 4207 2090 4263 inde

528 4297 690 4350 etiam
718 4311 748 4349 a
784 4295 984 4350 saeculo
1015 4305 1210 4350 octavo
1241 4297 1604 4365 autseptimo
1629 4312 1965 4369 unguentum
1995 4315 2096 4355 seu

529 4387 733 4452 oleum,
770 4385 1035 4442 sanandis
1089 4388 1296 4443 morbis
1337 4388 1600 4453 salutare,
1637 4405 1668 4445 e
1698 4391 1874 4446 sancti
1903 4391 2095 4446 Deme-

2191 3209 2361 3278 scapi,
2394 3210 2460 3264 ad
2486 3210 2557 3265 23
2592 3211 2744 3266 Junii
2776 3211 2941 3277 diem,
2973 3229 3081 3282 quo
3109 3211 3198 3268 hic
3229 3214 3449 3279 colitur,
3485 3215 3539 3268 in
3589 3229 3758 3284 Opere

2191 3309 2380 3353 nostro
2407 3302 2642 3371 vulgata,
2670 3316 2791 3370 cap.
2820 3302 2876 3367 5,
2913 3319 3022 3372 quo
3067 3302 3258 3359 Sancti
3307 3305 3472 3373 hujus
3513 3305 3763 3374 episcopi

2193 3391 2872 3464 iterJlierosolymitanum
2901 3396 3250 3461 describitur,
3271 3397 3762 3454 lucubratiuncule

2193 3483 2337 3538 illius
2362 3493 2552 3539 auctor
2585 3483 2904 3556 Radulplius
2927 3489 2999 3543 ita
3029 3490 3309 3544 memoria:
3342 3489 3524 3559 prodit
3554 3507 3568 3542 :
3605 3510 3623 3542 ι
3665 3489 3756 3542 Ιη-

2193 3590 2412 3648 gressus
2459 3575 2798 3644 (Lietbertus
2841 3582 3059 3650 nempe)
3108 3581 3469 3646 Dalmatiam,
3517 3583 3764 3652 locisque

2195 3666 2528 3737 peragratis,
2574 3669 2629 3722 in
2669 3669 2865 3738 quibus
2911 3671 3040 3726 olim
3087 3673 3462 3728 Diocletianus
3514 3675 3759 3728 thermas

2192 3758 2511 3814 aediﬁcando
2530 3761 2742 3818 diversa
2771 3765 2963 3818 mortis
2991 3764 3249 3819 intulerat
3274 3765 3536 3836 supplicia
3553 3766 3760 3820 Christi

2196 3851 2536 3922 martyribus.
2569 3869 2790 3910 cursum
2839 3856 3001 3910 vertit
3033 3855 3293 3910 Isauriam
3337 3873 3551 3912 versus.
3579 3859 3756 3923 Quam

2197 3944 2513 4012 praeteriens
2567 3945 2791 4002 devenit
2837 3945 3188 4014 Corinthum,
3251 3949 3471 4018 illicque
3528 3951 3757 4004 audiens

2196 4036 2453 4092 Demetrii
2499 4039 2693 4103 sancti,
2744 4039 2887 4093 inter
2933 4048 3199 4110 martyres
3236 4040 3508 4108 praecl-ari,
3561 4055 3762 4108 corpus

2195 4127 2499 4199 quiescere,
2533 4129 2838 4198 sepulcrum
2872 4130 2993 4200 ejus
3022 4132 3269 4201 expetiit,
3309 4144 3534 4203 totoque
3563 4134 3760 4187 utentis

2197 4220 2393 4275 allecto
2437 4220 2644 4276 meritis
2676 4220 2847 4290 ipsius
2883 4221 3128 4276 divinum
3174 4223 3438 4278 auxilium
3475 4223 3688 4292 quaerit.
3729 4243 3752 4274 ο

2197 4310 2432 4367 Sanetus
2457 4311 2789 4376 Lietbertus.
2817 4314 3227 4371 Cameracensis
3247 4326 3410 4386 atque
3440 4317 3758 4371 Atrebaten-

2197 4401 2273 4456 sis
2308 4402 2618 4472 episcopus,
2646 4405 2847 4460 saeculo
2871 4404 3185 4470 undecimo,
3210 4417 3399 4478 utpote
3423 4423 3566 4464 anno
3601 4409 3758 4473 £076,

531 4478 620 4534 trii
676 4494 775 4533 seu
809 4494 1042 4549 corpore
1095 4496 1192 4535 seu
1253 4482 1466 4537 tumqu
1499 4482 1806 4553 prodigiose
1851 4484 2090 4537 stillarit.
2121 4463 2173 4525 D
2200 4493 2278 4547 uti
2313 4463 2454 4563 apud
2491 4463 2696 4550 ιίυεέἀ
2744 4496 2945 4552 dictum
2983 4495 3133 4552 Junii
3159 4463 3300 4554 diem
3331 4500 3518 4554 videre
3547 4502 3695 4561 licet,
3727 4516 3762 4555 ε

532 4575 706 4642 Atque
739 4574 850 4628 haec
873 4574 984 4642 jam
1034 4573 1101 4628 de
1137 4588 1336 4644 magno
1391 4574 1499 4629 isto
1532 4576 1906 4645 continuoque
1932 4576 2096 4630 mira.

528 4667 650 4724 culo
687 4662 1012 4721 disseruisse
1047 4665 1317 4731 sufficiat;
1353 4681 1519 4731 nunc,
1568 4667 1826 4737 quoniam
1863 4669 1931 4722 de
1993 4668 2094 4723 De-

530 4755 712 4814 metrii
738 4773 969 4829 corpore
1004 4758 1209 4812 mentio
1237 4758 1382 4812 haud
1413 4759 1734 4828 infrequens
1763 4758 1790 4830 §
1839 4761 2093 4830 praesenti

530 4851 673 4907 facta
731 4861 833 4914 est,
867 4844 1128 4907 nonnulla
1185 4851 1383 4914 adhuc,
1431 4866 1556 4921 quae
1598 4851 1666 4906 de
1723 4852 1828 4907 hoc
1862 4852 2094 4908 dicenda

529 4954 754 5010 restant,
793 4945 881 5000 hic
911 4939 1097 5008 etiam,
1130 4958 1200 4996 ne
1227 4957 1346 5013 quze
1373 4943 1665 5014 conjuncta
1691 4944 2096 5012 quodammodo

527 5046 676 5098 sunt,
706 5037 996 5108 sejunctim
1026 5043 1356 5098 tractentur,
1389 5033 1631 5104 expediri
1653 5045 1735 5088 est
1769 5050 2092 5091 consonum.

603 5130 721 5186 107.
747 5131 823 5184 Ac
853 5130 1030 5200 primo
1055 5127 1274 5198 quidem
1307 5141 1521 5181 sacrum
1552 5125 1680 5180 illud
1713 5127 1933 5197 pignus,
1967 5145 2092 5183 cum

525 5219 958 5286 determinatus,
1015 5235 1124 5290 quo
1171 5221 1224 5274 in
1265 5218 1444 5276 dicata
1487 5216 1687 5276 Sancto
1742 5219 2094 5274 Thessiloni-

526 5317 676 5372 censi
729 5312 959 5370 ecclesia
1003 5315 1211 5383 jacerct
1259 5310 1637 5374 reconditum,
1693 5312 1850 5367 locus
1885 5313 2092 5368 dudum

527 5411 722 5465 fuisset
750 5407 1082 5477 incognitus,
1112 5406 1384 5460 detectum
1429 5419 1538 5459 non
1583 5403 1759 5475 prius,
1790 5419 1826 5474 q
1851 5420 1956 5458 tam
1989 5421 2092 5461 saa-

527 5502 652 5558 culo
686 5499 916 5569 septimo
947 5511 1267 5554 senescente
1289 5507 1384 5552 aut
1405 5495 1686 5565 sequentis
1717 5497 1872 5552 initio
1900 5495 2090 5562 fuisse,

531 5591 613 5646 rel
645 5606 675 5646 e
705 5591 819 5646 solo
846 5605 998 5645 num.
1031 5589 1134 5644 102
1169 5589 1274 5644 huc
1302 5587 1631 5657 transcripta
1663 5587 1890 5643 Joannis
1921 5587 2094 5642 Thes-

526 5683 886 5741 Saloniceusis
940 5680 1256 5736 testimonio
1310 5683 1485 5751 palam
1519 5688 1627 5734 est.
1685 5683 1752 5732 At
1803 5694 1954 5740 vero.
2009 5679 2092 5734 iu-

527 5777 703 5855 qnics,
731 5775 1029 5831 secundum
1054 5772 1524 5846 Metaphrasticam
1547 5771 1728 5826 Sancti
1757 5770 2086 5840 Passinnem,

2196 4585 2333 4641 vivis
2382 4586 2647 4649 sublatus,
2689 4586 2906 4654 ﬂoruit;
2953 4605 3145 4658 quare,
3196 4591 3239 4647 si
3290 4592 3471 4646 verbis
3515 4593 3760 4646 recitatis

2196 4692 2322 4732 vera
2375 4690 2641 4734 memet-ct
2675 4680 3014 4750 Radulphus.
3048 4691 3330 4752 totumque
3363 4685 3531 4738 sancti
3566 4685 3762 4738 Deme-

2199 4770 2284 4824 trii
2318 4786 2517 4840 corpus
2548 4771 2885 4828 intellectum
2920 4773 3171 4839 voluerit,
3207 4790 3430 4830 necesse
3471 4785 3572 4841 est,
3608 4787 3669 4832 ut
3707 4778 3759 4832 id

2197 4862 2398 4918 saculo
2427 4864 2719 4918 undecimo
2766 4880 2873 4919 non
2908 4866 3145 4935 amplius
3174 4865 3578 4924 Thessalonica:
3607 4870 3763 4937 quie-

2196 4955 2356 5018 verit,
2387 4957 2480 5010 sed
2514 4957 2640 5011 inde
2667 4969 2762 5011 aut
2791 4957 2894 5012 hoc
2921 4959 3037 5028 ipso
3057 4960 3256 5013 sa'culo
3285 4971 3377 5013 aut
3411 4962 3574 5015 etiam
3601 4962 3763 5016 citius

2195 5044 2555 5113 Corinthum,
2599 5049 2688 5103 ubi
2746 5048 2799 5104 id
2847 5062 3072 5105 sanctus
3128 5051 3438 5107 Lietbertus
3489 5053 3761 5116 visitarit,

2197 5138 2358 5194 fuerit
2391 5143 2730 5196 translatum.
2771 5140 2966 5196 Verum
3018 5141 3398 5198 llenscbenius
3425 5156 3647 5206 noster.
3704 5146 3761 5199 in
3791 5153 3799 5160 '

2197 5231 2312 5286 suis
2344 5230 2397 5285 in
2432 5234 2658 5287 recitata
2695 5231 2962 5302 Radulphi
2999 5236 3162 5290 verba
3194 5233 3480 5288 Adudtatis
3523 5236 3760 5303 aliquam

2196 5323 2437 5378 auctoris
2467 5324 2648 5394 hujus.
2685 5325 2774 5393 qui
2813 5335 3073 5394 praeterea
3113 5325 3527 5387 Diocletianum,
3565 5334 3768 5396 marty-

2198 5415 2348 5470 ribus
2401 5415 2589 5472 labore
2635 5417 2973 5472 niaeerandis
3047 5416 3359 5480 intentum,
3408 5418 3651 5472 thermas
3710 5419 3764 5472 in

2198 5507 2458 5562 Dalmatia
2497 5509 2868 5574 exstruxisse,
2899 5525 3180 5580 perperam
3207 5525 3340 5564 sane
3377 5511 3578 5577 (neque
3616 5508 3763 5563 enim

2199 5599 2285 5654 ille
2315 5599 2365 5654 id
2397 5599 2493 5663 ibi,
2525 5600 2620 5655 sed
2653 5599 2840 5658 Romae
2880 5601 3026 5670 fecit)
3065 5601 3341 5657 memoria:
3378 5602 3579 5671 prodit.
3616 5601 3760 5656 circa

2199 5688 2311 5743 loca
2358 5688 2413 5744 in
2464 5697 2612 5746 textu
2657 5691 2767 5748 huc
2820 5692 3148 5762 transcripta
3194 5691 3470 5756 indicata,
3506 5691 3761 5763 ignorati.

2199 5779 2330 5836 tiam
2387 5783 2723 5849 suspicatus,
2782 5783 3013 5840 fueritne
3065 5781 3239 5840 sancti
3274 5781 3531 5839 Demetrii
3567 5797 3763 5851 corps
