  <div class='ocr_page' id='page_1' title='image "/cluster/home/n/w/nwhite01/storage/ocr_20150623/116/hvd.32044073502221/578.png"; bbox 0 0 4142 6380; ppageno 0'>
   <div class='ocr_carea' id='block_1_1' title="bbox 404 321 539 387">
    <p class='ocr_par' dir='ltr' id='par_1_1' title="bbox 404 321 539 387">
     <span class='ocr_line' id='line_1_1' title="bbox 404 321 539 387; baseline 0.007 -2"><span class='ocrx_word' id='word_1_1' title='bbox 404 321 539 387; x_wconf 74' lang='grc'><strong>1145</strong></span> 
     </span>
    </p>
   </div>
   <div class='ocr_carea' id='block_1_2' title="bbox 1429 328 2611 405">
    <p class='ocr_par' dir='ltr' id='par_1_2' title="bbox 1429 328 2611 405">
     <span class='ocr_line' id='line_1_2' title="bbox 1429 328 2611 405; baseline 0.015 -18"><span class='ocrx_word' id='word_1_2' title='bbox 1429 328 1493 392; x_wconf 90' lang='lat' dir='ltr'><strong>S.</strong></span> <span class='ocrx_word' id='word_1_3' title='bbox 1535 330 1921 395; x_wconf 82' lang='lat' dir='ltr'><strong>DEMETRII</strong></span> <span class='ocrx_word' id='word_1_4' title='bbox 1959 339 2358 402; x_wconf 77' lang='lat' dir='ltr'><strong>MARTYBIS</strong></span> <span class='ocrx_word' id='word_1_5' title='bbox 2396 343 2611 405; x_wconf 78' lang='lat' dir='ltr'><strong>ACTA.</strong></span> 
     </span>
    </p>
   </div>
   <div class='ocr_carea' id='block_1_3' title="bbox 3500 342 3640 408">
    <p class='ocr_par' dir='ltr' id='par_1_3' title="bbox 3500 342 3640 408">
     <span class='ocr_line' id='line_1_3' title="bbox 3500 342 3640 408; baseline -0.021 0"><span class='ocrx_word' id='word_1_6' title='bbox 3500 342 3640 408; x_wconf 65' lang='grc'><strong>1140</strong></span> 
     </span>
    </p>
   </div>
   <div class='ocr_carea' id='block_1_4' title="bbox 399 433 1977 525">
    <p class='ocr_par' dir='ltr' id='par_1_4' title="bbox 399 433 1962 513">
     <span class='ocr_line' id='line_1_4' title="bbox 399 433 1962 513; baseline 0.006 -25"><span class='ocrx_word' id='word_1_7' title='bbox 399 433 814 500; x_wconf 68' lang='lat' dir='ltr'><strong>Thessalonica,</strong></span> <span class='ocrx_word' id='word_1_8' title='bbox 845 450 949 505; x_wconf 92' lang='lat' dir='ltr'><strong>qua</strong></span> <span class='ocrx_word' id='word_1_9' title='bbox 979 433 1033 490; x_wconf 92' lang='lat' dir='ltr'><strong>in</strong></span> <span class='ocrx_word' id='word_1_10' title='bbox 1062 436 1214 502; x_wconf 89' lang='lat' dir='ltr'><strong>urbe,</strong></span> <span class='ocrx_word' id='word_1_11' title='bbox 1245 439 1390 505; x_wconf 87' lang='lat' dir='ltr'><strong>quod</strong></span> <span class='ocrx_word' id='word_1_12' title='bbox 1415 453 1482 492; x_wconf 75' lang='lat' dir='ltr'><strong>ex</strong></span> <span class='ocrx_word' id='word_1_13' title='bbox 1513 457 1580 494; x_wconf 90' lang='lat' dir='ltr'><strong>eo</strong></span> <span class='ocrx_word' id='word_1_14' title='bbox 1623 453 1962 513; x_wconf 76' lang='lat' dir='ltr'><strong>unguentum</strong></span> 
     </span>
    </p>
   </div>
   <div class='ocr_carea' id='block_1_5' title="bbox 2079 433 3648 525">
    <p class='ocr_par' dir='ltr' id='par_1_5' title="bbox 2079 451 3648 525">
     <span class='ocr_line' id='line_1_5' title="bbox 2079 451 3648 525; baseline 0.008 -22"><span class='ocrx_word' id='word_1_15' title='bbox 2079 461 2347 520; x_wconf 68' lang='lat' dir='ltr'><strong>appareat.</strong></span> <span class='ocrx_word' id='word_1_16' title='bbox 2376 451 2601 509; x_wconf 83' lang='lat' dir='ltr'><strong>Parisiis</strong></span> <span class='ocrx_word' id='word_1_17' title='bbox 2623 453 2677 509; x_wconf 89' lang='lat' dir='ltr'><strong>in</strong></span> <span class='ocrx_word' id='word_1_18' title='bbox 2703 469 2866 525; x_wconf 80' lang='lat' dir='ltr'><strong>parva</strong></span> <span class='ocrx_word' id='word_1_19' title='bbox 2897 455 3147 522; x_wconf 82' lang='lat' dir='ltr'><strong>ecclesia,</strong></span> <span class='ocrx_word' id='word_1_20' title='bbox 3169 471 3289 525; x_wconf 73' lang='lat' dir='ltr'><strong>quas</strong></span> <span class='ocrx_word' id='word_1_21' title='bbox 3323 458 3496 514; x_wconf 91' lang='lat' dir='ltr'><strong>sancti</strong></span> <span class='ocrx_word' id='word_1_22' title='bbox 3522 459 3648 515; x_wconf 80' lang='lat' dir='ltr'><strong>Dio-</strong></span> 
     </span>
    </p>
   </div>
   <div class='ocr_carea' id='block_1_6' title="bbox 397 525 1966 597">
    <p class='ocr_par' dir='ltr' id='par_1_6' title="bbox 397 525 1966 597">
     <span class='ocr_line' id='line_1_6' title="bbox 397 525 1966 597; baseline 0.007 -18"><span class='ocrx_word' id='word_1_23' title='bbox 397 525 669 579; x_wconf 88' lang='lat' dir='ltr'><strong>medicum</strong></span> <span class='ocrx_word' id='word_1_24' title='bbox 722 525 1049 591; x_wconf 85' lang='lat' dir='ltr'><strong>scaturiret,</strong></span> <span class='ocrx_word' id='word_1_25' title='bbox 1091 542 1286 594; x_wconf 85' lang='lat' dir='ltr'><strong>magno</strong></span> <span class='ocrx_word' id='word_1_26' title='bbox 1332 531 1656 597; x_wconf 87' lang='lat' dir='ltr'><strong>populorum</strong></span> <span class='ocrx_word' id='word_1_27' title='bbox 1696 549 1966 590; x_wconf 86' lang='lat' dir='ltr'><strong>concursu</strong></span> 
     </span>
    </p>
   </div>
   <div class='ocr_carea' id='block_1_7' title="bbox 396 614 1964 694">
    <p class='ocr_par' dir='ltr' id='par_1_7' title="bbox 396 614 1964 694">
     <span class='ocr_line' id='line_1_7' title="bbox 396 614 1964 694; baseline 0.008 -26"><span class='ocrx_word' id='word_1_28' title='bbox 396 615 787 681; x_wconf 84' lang='lat' dir='ltr'><strong>honorabatur,</strong></span> <span class='ocrx_word' id='word_1_29' title='bbox 819 614 1146 670; x_wconf 79' lang='lat' dir='ltr'><strong>Corinthum</strong></span> <span class='ocrx_word' id='word_1_30' title='bbox 1200 619 1520 674; x_wconf 87' lang='lat' dir='ltr'><strong>translatum</strong></span> <span class='ocrx_word' id='word_1_31' title='bbox 1547 663 1564 688; x_wconf 92' lang='lat'><strong>,</strong></span> <span class='ocrx_word' id='word_1_32' title='bbox 1617 623 1964 694; x_wconf 90' lang='lat' dir='ltr'><strong>disquisitum</strong></span> 
     </span>
    </p>
   </div>
   <div class='ocr_carea' id='block_1_8' title="bbox 395 705 1580 780">
    <p class='ocr_par' dir='ltr' id='par_1_8' title="bbox 395 705 1580 780">
     <span class='ocr_line' id='line_1_8' title="bbox 395 705 1580 780; baseline 0.008 -22"><span class='ocrx_word' id='word_1_33' title='bbox 395 705 461 760; x_wconf 90' lang='lat' dir='ltr'><strong>iri</strong></span> <span class='ocrx_word' id='word_1_34' title='bbox 496 705 562 759; x_wconf 91' lang='lat' dir='ltr'><strong>ad</strong></span> <span class='ocrx_word' id='word_1_35' title='bbox 594 705 741 760; x_wconf 88' lang='lat' dir='ltr'><strong>hunc</strong></span> <span class='ocrx_word' id='word_1_36' title='bbox 771 707 804 760; x_wconf 90' lang='lat'><strong>8</strong></span> <span class='ocrx_word' id='word_1_37' title='bbox 832 705 1084 762; x_wconf 77' lang='lat' dir='ltr'><strong>Octobris</strong></span> <span class='ocrx_word' id='word_1_38' title='bbox 1111 709 1276 774; x_wconf 87' lang='lat' dir='ltr'><strong>diem,</strong></span> <span class='ocrx_word' id='word_1_39' title='bbox 1307 712 1580 780; x_wconf 83' lang='lat' dir='ltr'><strong>promisit.</strong></span> 
     </span>
    </p>
   </div>
   <div class='ocr_carea' id='block_1_9' title="bbox 466 797 1969 870">
    <p class='ocr_par' dir='ltr' id='par_1_9' title="bbox 466 797 1969 870">
     <span class='ocr_line' id='line_1_9' title="bbox 466 797 1969 870; baseline 0.006 -19"><span class='ocrx_word' id='word_1_40' title='bbox 466 797 589 854; x_wconf 72' lang='lat'><strong>109.</strong></span> <span class='ocrx_word' id='word_1_41' title='bbox 621 797 690 854; x_wconf 85' lang='lat' dir='ltr'><strong>Ut</strong></span> <span class='ocrx_word' id='word_1_42' title='bbox 719 799 902 868; x_wconf 81' lang='lat' dir='ltr'><strong>itaque</strong></span> <span class='ocrx_word' id='word_1_43' title='bbox 926 800 1086 854; x_wconf 82' lang='lat' dir='ltr'><strong>ﬁdem</strong></span> <span class='ocrx_word' id='word_1_44' title='bbox 1113 802 1180 854; x_wconf 88' lang='lat' dir='ltr'><strong>ab</strong></span> <span class='ocrx_word' id='word_1_45' title='bbox 1211 818 1273 856; x_wconf 90' lang='lat' dir='ltr'><strong>eo</strong></span> <span class='ocrx_word' id='word_1_46' title='bbox 1304 803 1480 857; x_wconf 81' lang='lat' dir='ltr'><strong>datam</strong></span> <span class='ocrx_word' id='word_1_47' title='bbox 1507 805 1754 870; x_wconf 83' lang='lat' dir='ltr'><strong>liberem,</strong></span> <span class='ocrx_word' id='word_1_48' title='bbox 1781 807 1969 862; x_wconf 84' lang='lat' dir='ltr'><strong>simul-</strong></span> 
     </span>
    </p>
   </div>
   <div class='ocr_carea' id='block_1_10' title="bbox 393 892 1968 966">
    <p class='ocr_par' dir='ltr' id='par_1_10' title="bbox 393 892 1968 966">
     <span class='ocr_line' id='line_1_10' title="bbox 393 892 1968 966; baseline 0.005 -23"><span class='ocrx_word' id='word_1_49' title='bbox 393 904 499 959; x_wconf 89' lang='lat' dir='ltr'><strong>que</strong></span> <span class='ocrx_word' id='word_1_50' title='bbox 534 907 698 960; x_wconf 86' lang='lat' dir='ltr'><strong>quam</strong></span> <span class='ocrx_word' id='word_1_51' title='bbox 734 892 959 956; x_wconf 90' lang='lat' dir='ltr'><strong>merito,</strong></span> <span class='ocrx_word' id='word_1_52' title='bbox 991 909 1060 945; x_wconf 90' lang='lat' dir='ltr'><strong>an</strong></span> <span class='ocrx_word' id='word_1_53' title='bbox 1110 892 1162 945; x_wconf 88' lang='lat' dir='ltr'><strong>in</strong></span> <span class='ocrx_word' id='word_1_54' title='bbox 1211 894 1561 960; x_wconf 73' lang='lat' dir='ltr'><strong>assignando.</strong></span> <span class='ocrx_word' id='word_1_55' title='bbox 1607 912 1714 966; x_wconf 91' lang='lat' dir='ltr'><strong>quo</strong></span> <span class='ocrx_word' id='word_1_56' title='bbox 1745 911 1968 952; x_wconf 87' lang='lat' dir='ltr'><strong>sanctus</strong></span> 
     </span>
    </p>
   </div>
   <div class='ocr_carea' id='block_1_11' title="bbox 395 979 1966 1054">
    <p class='ocr_par' dir='ltr' id='par_1_11' title="bbox 395 979 1966 1054">
     <span class='ocr_line' id='line_1_11' title="bbox 395 979 1966 1054; baseline 0.005 -22"><span class='ocrx_word' id='word_1_57' title='bbox 395 979 711 1034; x_wconf 80' lang='lat' dir='ltr'><strong>Lietbertus</strong></span> <span class='ocrx_word' id='word_1_58' title='bbox 758 982 929 1034; x_wconf 82' lang='lat' dir='ltr'><strong>sancti</strong></span> <span class='ocrx_word' id='word_1_59' title='bbox 980 982 1238 1035; x_wconf 77' lang='lat' dir='ltr'><strong>Demetrii</strong></span> <span class='ocrx_word' id='word_1_60' title='bbox 1287 998 1488 1054; x_wconf 86' lang='lat' dir='ltr'><strong>corpus</strong></span> <span class='ocrx_word' id='word_1_61' title='bbox 1538 986 1802 1050; x_wconf 85' lang='lat' dir='ltr'><strong>visitavit,</strong></span> <span class='ocrx_word' id='word_1_62' title='bbox 1845 987 1966 1040; x_wconf 87' lang='lat' dir='ltr'><strong>loco</strong></span> 
     </span>
    </p>
   </div>
   <div class='ocr_carea' id='block_1_12' title="bbox 397 1071 1968 1142">
    <p class='ocr_par' dir='ltr' id='par_1_12' title="bbox 397 1071 1968 1142">
     <span class='ocr_line' id='line_1_12' title="bbox 397 1071 1968 1142; baseline 0.006 -19"><span class='ocrx_word' id='word_1_63' title='bbox 397 1071 717 1140; x_wconf 79' lang='lat' dir='ltr'><strong>Radulphus</strong></span> <span class='ocrx_word' id='word_1_64' title='bbox 745 1073 1108 1130; x_wconf 88' lang='lat' dir='ltr'><strong>hallucinatus</strong></span> <span class='ocrx_word' id='word_1_65' title='bbox 1147 1075 1290 1128; x_wconf 83' lang='lat' dir='ltr'><strong>haud</strong></span> <span class='ocrx_word' id='word_1_66' title='bbox 1337 1077 1434 1142; x_wconf 88' lang='lat' dir='ltr'><strong>sit,</strong></span> <span class='ocrx_word' id='word_1_67' title='bbox 1465 1078 1516 1130; x_wconf 90' lang='lat' dir='ltr'><strong>in</strong></span> <span class='ocrx_word' id='word_1_68' title='bbox 1561 1076 1850 1133; x_wconf 82' lang='lat' dir='ltr'><strong>Adnotatis</strong></span> <span class='ocrx_word' id='word_1_69' title='bbox 1877 1094 1968 1132; x_wconf 85' lang='lat' dir='ltr'><strong>su-</strong></span> 
     </span>
    </p>
   </div>
   <div class='ocr_carea' id='block_1_13' title="bbox 394 1164 1964 1234">
    <p class='ocr_par' dir='ltr' id='par_1_13' title="bbox 394 1164 1964 1234">
     <span class='ocr_line' id='line_1_13' title="bbox 394 1164 1964 1234; baseline 0.005 -19"><span class='ocrx_word' id='word_1_70' title='bbox 394 1179 491 1234; x_wconf 87' lang='lat' dir='ltr'><strong>pra</strong></span> <span class='ocrx_word' id='word_1_71' title='bbox 528 1165 645 1219; x_wconf 87' lang='lat' dir='ltr'><strong>citt.</strong></span> <span class='ocrx_word' id='word_1_72' title='bbox 675 1164 958 1228; x_wconf 90' lang='lat' dir='ltr'><strong>dubitarit,</strong></span> <span class='ocrx_word' id='word_1_73' title='bbox 989 1165 1296 1230; x_wconf 82' lang='lat' dir='ltr'><strong>ostendam,</strong></span> <span class='ocrx_word' id='word_1_74' title='bbox 1329 1167 1520 1222; x_wconf 70' lang='lat' dir='ltr'><strong>lectori</strong></span> <span class='ocrx_word' id='word_1_75' title='bbox 1555 1169 1607 1222; x_wconf 90' lang='lat' dir='ltr'><strong>in</strong></span> <span class='ocrx_word' id='word_1_76' title='bbox 1652 1171 1964 1225; x_wconf 84' lang='lat' dir='ltr'><strong>memoriam</strong></span> 
     </span>
    </p>
   </div>
   <div class='ocr_carea' id='block_1_14' title="bbox 393 1258 1965 1332">
    <p class='ocr_par' dir='ltr' id='par_1_14' title="bbox 393 1258 1965 1332">
     <span class='ocr_line' id='line_1_14' title="bbox 393 1258 1965 1332; baseline 0.004 -24"><span class='ocrx_word' id='word_1_77' title='bbox 393 1272 612 1322; x_wconf 83' lang='lat' dir='ltr'><strong>revoco,</strong></span> <span class='ocrx_word' id='word_1_78' title='bbox 660 1258 803 1326; x_wconf 91' lang='lat' dir='ltr'><strong>quod</strong></span> <span class='ocrx_word' id='word_1_79' title='bbox 856 1273 1011 1312; x_wconf 89' lang='lat' dir='ltr'><strong>num.</strong></span> <span class='ocrx_word' id='word_1_80' title='bbox 1073 1259 1139 1312; x_wconf 88' lang='lat'><strong>87</strong></span> <span class='ocrx_word' id='word_1_81' title='bbox 1183 1267 1239 1313; x_wconf 86' lang='lat' dir='ltr'><strong>et</strong></span> <span class='ocrx_word' id='word_1_82' title='bbox 1278 1259 1451 1315; x_wconf 87' lang='lat' dir='ltr'><strong>tribus</strong></span> <span class='ocrx_word' id='word_1_83' title='bbox 1495 1276 1647 1331; x_wconf 88' lang='lat' dir='ltr'><strong>seqq.</strong></span> <span class='ocrx_word' id='word_1_84' title='bbox 1692 1262 1965 1332; x_wconf 82' lang='lat' dir='ltr'><strong>integrum</strong></span> 
     </span>
    </p>
   </div>
   <div class='ocr_carea' id='block_1_15' title="bbox 394 1349 1970 1421">
    <p class='ocr_par' dir='ltr' id='par_1_15' title="bbox 394 1349 1970 1421">
     <span class='ocr_line' id='line_1_15' title="bbox 394 1349 1970 1421; baseline 0.001 -17"><span class='ocrx_word' id='word_1_85' title='bbox 394 1349 501 1404; x_wconf 90' lang='lat' dir='ltr'><strong>huc</strong></span> <span class='ocrx_word' id='word_1_86' title='bbox 556 1350 920 1421; x_wconf 87' lang='lat' dir='ltr'><strong>transcripsi,</strong></span> <span class='ocrx_word' id='word_1_87' title='bbox 957 1352 1379 1406; x_wconf 74' lang='lat' dir='ltr'><strong>insuumentum</strong></span> <span class='ocrx_word' id='word_1_88' title='bbox 1418 1352 1716 1419; x_wconf 90' lang='lat' dir='ltr'><strong>publicum.</strong></span> <span class='ocrx_word' id='word_1_89' title='bbox 1757 1355 1816 1408; x_wconf 93' lang='lat' dir='ltr'><strong>In</strong></span> <span class='ocrx_word' id='word_1_90' title='bbox 1864 1355 1970 1408; x_wconf 80' lang='lat' dir='ltr'><strong>hoe</strong></span> 
     </span>
    </p>
   </div>
   <div class='ocr_carea' id='block_1_16' title="bbox 391 1442 1971 1511">
    <p class='ocr_par' dir='ltr' id='par_1_16' title="bbox 391 1442 1971 1511">
     <span class='ocr_line' id='line_1_16' title="bbox 391 1442 1971 1511; baseline 0.001 -15"><span class='ocrx_word' id='word_1_91' title='bbox 391 1442 560 1502; x_wconf 86' lang='lat' dir='ltr'><strong>enim,</strong></span> <span class='ocrx_word' id='word_1_92' title='bbox 593 1443 761 1511; x_wconf 90' lang='lat' dir='ltr'><strong>quod,</strong></span> <span class='ocrx_word' id='word_1_93' title='bbox 806 1451 865 1496; x_wconf 93' lang='lat' dir='ltr'><strong>ut</strong></span> <span class='ocrx_word' id='word_1_94' title='bbox 901 1442 1106 1497; x_wconf 85' lang='lat' dir='ltr'><strong>ibidem</strong></span> <span class='ocrx_word' id='word_1_95' title='bbox 1159 1444 1341 1508; x_wconf 87' lang='lat' dir='ltr'><strong>docui,</strong></span> <span class='ocrx_word' id='word_1_96' title='bbox 1376 1443 1557 1498; x_wconf 68' lang='lat' dir='ltr'><strong>SiBCIJII</strong></span> <span class='ocrx_word' id='word_1_97' title='bbox 1593 1445 1736 1498; x_wconf 86' lang='lat' dir='ltr'><strong>tertii</strong></span> <span class='ocrx_word' id='word_1_98' title='bbox 1773 1445 1971 1506; x_wconf 87' lang='lat' dir='ltr'><strong>decimi</strong></span> 
     </span>
    </p>
   </div>
   <div class='ocr_carea' id='block_1_17' title="bbox 392 1534 1969 1604">
    <p class='ocr_par' dir='ltr' id='par_1_17' title="bbox 392 1534 1969 1604">
     <span class='ocr_line' id='line_1_17' title="bbox 392 1534 1969 1604; baseline 0.001 -16"><span class='ocrx_word' id='word_1_99' title='bbox 392 1534 549 1588; x_wconf 90' lang='lat' dir='ltr'><strong>initio</strong></span> <span class='ocrx_word' id='word_1_100' title='bbox 596 1536 784 1589; x_wconf 84' lang='lat' dir='ltr'><strong>datum</strong></span> <span class='ocrx_word' id='word_1_101' title='bbox 818 1535 1042 1590; x_wconf 85' lang='lat' dir='ltr'><strong>indubie</strong></span> <span class='ocrx_word' id='word_1_102' title='bbox 1077 1535 1200 1599; x_wconf 75' lang='lat' dir='ltr'><strong>fuit,</strong></span> <span class='ocrx_word' id='word_1_103' title='bbox 1239 1551 1440 1604; x_wconf 89' lang='lat' dir='ltr'><strong>corpus</strong></span> <span class='ocrx_word' id='word_1_104' title='bbox 1489 1537 1665 1592; x_wconf 87' lang='lat' dir='ltr'><strong>sancti</strong></span> <span class='ocrx_word' id='word_1_105' title='bbox 1710 1537 1969 1592; x_wconf 85' lang='lat' dir='ltr'><strong>Demetrii</strong></span> 
     </span>
    </p>
   </div>
   <div class='ocr_carea' id='block_1_18' title="bbox 395 1626 1968 1691">
    <p class='ocr_par' dir='ltr' id='par_1_18' title="bbox 395 1626 1968 1691">
     <span class='ocr_line' id='line_1_18' title="bbox 395 1626 1968 1691; baseline 0.001 -9"><span class='ocrx_word' id='word_1_106' title='bbox 395 1639 528 1683; x_wconf 85' lang='lat' dir='ltr'><strong>tunc</strong></span> <span class='ocrx_word' id='word_1_107' title='bbox 555 1627 756 1690; x_wconf 89' lang='lat' dir='ltr'><strong>adhuc,</strong></span> <span class='ocrx_word' id='word_1_108' title='bbox 794 1642 920 1682; x_wconf 91' lang='lat' dir='ltr'><strong>cum</strong></span> <span class='ocrx_word' id='word_1_109' title='bbox 960 1626 1012 1681; x_wconf 90' lang='lat' dir='ltr'><strong>id</strong></span> <span class='ocrx_word' id='word_1_110' title='bbox 1041 1627 1284 1691; x_wconf 82' lang='lat' dir='ltr'><strong>daretur,</strong></span> <span class='ocrx_word' id='word_1_111' title='bbox 1318 1627 1727 1683; x_wconf 74' lang='lat' dir='ltr'><strong>Thessalonica:</strong></span> <span class='ocrx_word' id='word_1_112' title='bbox 1774 1629 1830 1682; x_wconf 89' lang='lat' dir='ltr'><strong>in</strong></span> <span class='ocrx_word' id='word_1_113' title='bbox 1873 1643 1968 1683; x_wconf 88' lang='lat' dir='ltr'><strong>ec-</strong></span> 
     </span>
    </p>
   </div>
   <div class='ocr_carea' id='block_1_19' title="bbox 393 1717 1968 1783">
    <p class='ocr_par' dir='ltr' id='par_1_19' title="bbox 393 1717 1968 1783">
     <span class='ocr_line' id='line_1_19' title="bbox 393 1717 1968 1783; baseline 0 -9"><span class='ocrx_word' id='word_1_114' title='bbox 393 1719 581 1782; x_wconf 72' lang='lat' dir='ltr'><strong>clesia,</strong></span> <span class='ocrx_word' id='word_1_115' title='bbox 614 1718 742 1772; x_wconf 87' lang='lat' dir='ltr'><strong>huic</strong></span> <span class='ocrx_word' id='word_1_116' title='bbox 775 1732 952 1781; x_wconf 88' lang='lat' dir='ltr'><strong>sacra,</strong></span> <span class='ocrx_word' id='word_1_117' title='bbox 983 1717 1152 1772; x_wconf 78' lang='lat' dir='ltr'><strong>fuisse</strong></span> <span class='ocrx_word' id='word_1_118' title='bbox 1183 1727 1543 1783; x_wconf 89' lang='lat' dir='ltr'><strong>asservatum,</strong></span> <span class='ocrx_word' id='word_1_119' title='bbox 1584 1734 1693 1774; x_wconf 88' lang='lat' dir='ltr'><strong>non</strong></span> <span class='ocrx_word' id='word_1_120' title='bbox 1734 1720 1968 1776; x_wconf 85' lang='lat' dir='ltr'><strong>obscure</strong></span> 
     </span>
    </p>
   </div>
   <div class='ocr_carea' id='block_1_20' title="bbox 395 1808 1968 1883">
    <p class='ocr_par' dir='ltr' id='par_1_20' title="bbox 395 1808 1968 1883">
     <span class='ocr_line' id='line_1_20' title="bbox 395 1808 1968 1883; baseline 0.003 -19"><span class='ocrx_word' id='word_1_121' title='bbox 395 1810 674 1864; x_wconf 82' lang='lat' dir='ltr'><strong>indicatur</strong></span> <span class='ocrx_word' id='word_1_122' title='bbox 703 1825 718 1862; x_wconf 88' lang='lat'><strong>:</strong></span> <span class='ocrx_word' id='word_1_123' title='bbox 751 1809 895 1877; x_wconf 91' lang='lat' dir='ltr'><strong>quod</strong></span> <span class='ocrx_word' id='word_1_124' title='bbox 938 1823 1060 1862; x_wconf 85' lang='lat' dir='ltr'><strong>cum</strong></span> <span class='ocrx_word' id='word_1_125' title='bbox 1107 1808 1183 1863; x_wconf 86' lang='lat' dir='ltr'><strong>ita</strong></span> <span class='ocrx_word' id='word_1_126' title='bbox 1221 1811 1312 1874; x_wconf 89' lang='lat' dir='ltr'><strong>sit,</strong></span> <span class='ocrx_word' id='word_1_127' title='bbox 1352 1826 1456 1865; x_wconf 91' lang='lat' dir='ltr'><strong>nec</strong></span> <span class='ocrx_word' id='word_1_128' title='bbox 1495 1812 1812 1880; x_wconf 87' lang='lat' dir='ltr'><strong>quidquam,</strong></span> <span class='ocrx_word' id='word_1_129' title='bbox 1859 1830 1968 1883; x_wconf 87' lang='lat' dir='ltr'><strong>quo</strong></span> 
     </span>
    </p>
   </div>
   <div class='ocr_carea' id='block_1_21' title="bbox 397 1900 1966 1970">
    <p class='ocr_par' dir='ltr' id='par_1_21' title="bbox 397 1900 1966 1970">
     <span class='ocr_line' id='line_1_21' title="bbox 397 1900 1966 1970; baseline 0.001 -14"><span class='ocrx_word' id='word_1_130' title='bbox 397 1901 596 1956; x_wconf 74' lang='lat' dir='ltr'><strong>laudati</strong></span> <span class='ocrx_word' id='word_1_131' title='bbox 638 1900 986 1955; x_wconf 89' lang='lat' dir='ltr'><strong>instrumenti</strong></span> <span class='ocrx_word' id='word_1_132' title='bbox 1045 1900 1180 1956; x_wconf 72' lang='lat' dir='ltr'><strong>fides</strong></span> <span class='ocrx_word' id='word_1_133' title='bbox 1227 1903 1496 1967; x_wconf 87' lang='lat' dir='ltr'><strong>elevetur,</strong></span> <span class='ocrx_word' id='word_1_134' title='bbox 1539 1905 1712 1970; x_wconf 85' lang='lat' dir='ltr'><strong>possit</strong></span> <span class='ocrx_word' id='word_1_135' title='bbox 1759 1904 1966 1968; x_wconf 80' lang='lat' dir='ltr'><strong>aiierri,</strong></span> 
     </span>
    </p>
   </div>
   <div class='ocr_carea' id='block_1_22' title="bbox 395 1995 1967 2068">
    <p class='ocr_par' dir='ltr' id='par_1_22' title="bbox 395 1995 1967 2068">
     <span class='ocr_line' id='line_1_22' title="bbox 395 1995 1967 2068; baseline 0.003 -20"><span class='ocrx_word' id='word_1_136' title='bbox 395 1995 666 2063; x_wconf 80' lang='lat' dir='ltr'><strong>integrum</strong></span> <span class='ocrx_word' id='word_1_137' title='bbox 696 1995 982 2050; x_wconf 83' lang='lat' dir='ltr'><strong>enimvero</strong></span> <span class='ocrx_word' id='word_1_138' title='bbox 1009 2008 1227 2049; x_wconf 88' lang='lat' dir='ltr'><strong>sacrum</strong></span> <span class='ocrx_word' id='word_1_139' title='bbox 1267 1996 1400 2051; x_wconf 88' lang='lat' dir='ltr'><strong>illud</strong></span> <span class='ocrx_word' id='word_1_140' title='bbox 1428 1997 1626 2066; x_wconf 80' lang='lat' dir='ltr'><strong>pignus</strong></span> <span class='ocrx_word' id='word_1_141' title='bbox 1651 1999 1756 2068; x_wconf 86' lang='lat' dir='ltr'><strong>jam</strong></span> <span class='ocrx_word' id='word_1_142' title='bbox 1787 1999 1913 2052; x_wconf 85' lang='lat' dir='ltr'><strong>inde</strong></span> <span class='ocrx_word' id='word_1_143' title='bbox 1937 2013 1967 2051; x_wconf 85' lang='lat' dir='ltr'><strong>a</strong></span> 
     </span>
    </p>
   </div>
   <div class='ocr_carea' id='block_1_23' title="bbox 395 2085 1970 2156">
    <p class='ocr_par' dir='ltr' id='par_1_23' title="bbox 395 2085 1970 2156">
     <span class='ocr_line' id='line_1_23' title="bbox 395 2085 1970 2156; baseline 0.003 -17"><span class='ocrx_word' id='word_1_144' title='bbox 395 2085 594 2140; x_wconf 78' lang='lat' dir='ltr'><strong>szrculo</strong></span> <span class='ocrx_word' id='word_1_145' title='bbox 624 2086 932 2152; x_wconf 89' lang='lat' dir='ltr'><strong>undecimo,</strong></span> <span class='ocrx_word' id='word_1_146' title='bbox 955 2103 1065 2156; x_wconf 92' lang='lat' dir='ltr'><strong>quo</strong></span> <span class='ocrx_word' id='word_1_147' title='bbox 1097 2089 1374 2142; x_wconf 86' lang='lat' dir='ltr'><strong>visitatum</strong></span> <span class='ocrx_word' id='word_1_148' title='bbox 1411 2106 1441 2143; x_wconf 91' lang='lat' dir='ltr'><strong>a</strong></span> <span class='ocrx_word' id='word_1_149' title='bbox 1475 2101 1670 2145; x_wconf 91' lang='lat' dir='ltr'><strong>sancto</strong></span> <span class='ocrx_word' id='word_1_150' title='bbox 1698 2091 1970 2145; x_wconf 88' lang='lat' dir='ltr'><strong>Lietberto</strong></span> 
     </span>
    </p>
   </div>
   <div class='ocr_carea' id='block_1_24' title="bbox 397 2176 1970 2248">
    <p class='ocr_par' dir='ltr' id='par_1_24' title="bbox 397 2176 1970 2248">
     <span class='ocr_line' id='line_1_24' title="bbox 397 2176 1970 2248; baseline 0.001 -16"><span class='ocrx_word' id='word_1_151' title='bbox 397 2178 531 2237; x_wconf 63' lang='lat' dir='ltr'><strong>fuiL</strong></span> <span class='ocrx_word' id='word_1_152' title='bbox 583 2176 905 2234; x_wconf 81' lang='lat' dir='ltr'><strong>Corinthum</strong></span> <span class='ocrx_word' id='word_1_153' title='bbox 954 2177 1340 2236; x_wconf 79' lang='lat' dir='ltr'><strong>Thessalonica</strong></span> <span class='ocrx_word' id='word_1_154' title='bbox 1388 2181 1559 2238; x_wconf 81' lang='lat' dir='ltr'><strong>luisse</strong></span> <span class='ocrx_word' id='word_1_155' title='bbox 1607 2183 1970 2248; x_wconf 71' lang='lat' dir='ltr'><strong>translatum,</strong></span> 
     </span>
    </p>
   </div>
   <div class='ocr_carea' id='block_1_25' title="bbox 397 2273 1969 2345">
    <p class='ocr_par' dir='ltr' id='par_1_25' title="bbox 397 2273 1969 2345">
     <span class='ocr_line' id='line_1_25' title="bbox 397 2273 1969 2345; baseline 0.002 -18"><span class='ocrx_word' id='word_1_156' title='bbox 397 2288 562 2327; x_wconf 91' lang='lat' dir='ltr'><strong>nemo</strong></span> <span class='ocrx_word' id='word_1_157' title='bbox 585 2273 802 2333; x_wconf 75' lang='lat' dir='ltr'><strong>dixerit,</strong></span> <span class='ocrx_word' id='word_1_158' title='bbox 828 2275 930 2327; x_wconf 88' lang='lat' dir='ltr'><strong>nisi</strong></span> <span class='ocrx_word' id='word_1_159' title='bbox 956 2273 1096 2329; x_wconf 77' lang='lat' dir='ltr'><strong>forte</strong></span> <span class='ocrx_word' id='word_1_160' title='bbox 1126 2276 1312 2343; x_wconf 87' lang='lat' dir='ltr'><strong>simul,</strong></span> <span class='ocrx_word' id='word_1_161' title='bbox 1337 2279 1480 2345; x_wconf 89' lang='lat' dir='ltr'><strong>quod</strong></span> <span class='ocrx_word' id='word_1_162' title='bbox 1516 2287 1696 2332; x_wconf 89' lang='lat' dir='ltr'><strong>tamen</strong></span> <span class='ocrx_word' id='word_1_163' title='bbox 1726 2278 1920 2332; x_wconf 82' lang='lat' dir='ltr'><strong>futuru-</strong></span> <span class='ocrx_word' id='word_1_164' title='bbox 1941 2297 1969 2330; x_wconf 84' lang='grc' dir='ltr'><strong><em>η</em></strong></span> 
     </span>
    </p>
   </div>
   <div class='ocr_carea' id='block_1_26' title="bbox 400 2366 1973 2439">
    <p class='ocr_par' dir='ltr' id='par_1_26' title="bbox 400 2366 1973 2439">
     <span class='ocr_line' id='line_1_26' title="bbox 400 2366 1973 2439; baseline 0.002 -18"><span class='ocrx_word' id='word_1_165' title='bbox 400 2369 545 2422; x_wconf 86' lang='lat' dir='ltr'><strong>haud</strong></span> <span class='ocrx_word' id='word_1_166' title='bbox 578 2383 721 2432; x_wconf 89' lang='lat' dir='ltr'><strong>reor,</strong></span> <span class='ocrx_word' id='word_1_167' title='bbox 763 2366 932 2421; x_wconf 75' lang='lat' dir='ltr'><strong>fuisse</strong></span> <span class='ocrx_word' id='word_1_168' title='bbox 978 2368 1142 2432; x_wconf 88' lang='lat' dir='ltr'><strong>illud,</strong></span> <span class='ocrx_word' id='word_1_169' title='bbox 1190 2382 1312 2422; x_wconf 91' lang='lat' dir='ltr'><strong>cum</strong></span> <span class='ocrx_word' id='word_1_170' title='bbox 1360 2369 1608 2424; x_wconf 82' lang='lat' dir='ltr'><strong>Corinthi</strong></span> <span class='ocrx_word' id='word_1_171' title='bbox 1655 2370 1973 2439; x_wconf 84' lang='lat' dir='ltr'><strong>aliquandiu</strong></span> 
     </span>
    </p>
   </div>
   <div class='ocr_carea' id='block_1_27' title="bbox 399 2458 1970 2530">
    <p class='ocr_par' dir='ltr' id='par_1_27' title="bbox 399 2458 1970 2530">
     <span class='ocr_line' id='line_1_27' title="bbox 399 2458 1970 2530; baseline 0.001 -17"><span class='ocrx_word' id='word_1_172' title='bbox 399 2458 599 2513; x_wconf 62' lang='lat' dir='ltr'><strong>seculo</strong></span> <span class='ocrx_word' id='word_1_173' title='bbox 635 2458 924 2512; x_wconf 89' lang='lat' dir='ltr'><strong>undecimo</strong></span> <span class='ocrx_word' id='word_1_174' title='bbox 956 2469 1008 2512; x_wconf 91' lang='lat' dir='ltr'><strong>et</strong></span> <span class='ocrx_word' id='word_1_175' title='bbox 1040 2459 1182 2513; x_wconf 79' lang='lat' dir='ltr'><strong>forte</strong></span> <span class='ocrx_word' id='word_1_176' title='bbox 1214 2462 1378 2514; x_wconf 86' lang='lat' dir='ltr'><strong>etiam</strong></span> <span class='ocrx_word' id='word_1_177' title='bbox 1411 2461 1659 2530; x_wconf 79' lang='lat' dir='ltr'><strong>sequenti</strong></span> <span class='ocrx_word' id='word_1_178' title='bbox 1690 2462 1970 2530; x_wconf 73' lang='lat' dir='ltr'><strong>iacuisset,</strong></span> 
     </span>
    </p>
   </div>
   <div class='ocr_carea' id='block_1_28' title="bbox 402 2544 1978 2614">
    <p class='ocr_par' dir='ltr' id='par_1_28' title="bbox 402 2544 1978 2614">
     <span class='ocr_line' id='line_1_28' title="bbox 402 2544 1978 2614; baseline 0.005 -17"><span class='ocrx_word' id='word_1_179' title='bbox 402 2544 847 2600; x_wconf 75' lang='lat' dir='ltr'><strong>Thessalonicam</strong></span> <span class='ocrx_word' id='word_1_180' title='bbox 906 2546 1034 2600; x_wconf 90' lang='lat' dir='ltr'><strong>inde</strong></span> <span class='ocrx_word' id='word_1_181' title='bbox 1093 2549 1290 2610; x_wconf 86' lang='lat' dir='ltr'><strong>iterum</strong></span> <span class='ocrx_word' id='word_1_182' title='bbox 1354 2559 1677 2614; x_wconf 62' lang='lat' dir='ltr'><strong>reventum,</strong></span> <span class='ocrx_word' id='word_1_183' title='bbox 1740 2552 1978 2606; x_wconf 68' lang='lat' dir='ltr'><strong>volui-rit</strong></span> 
     </span>
    </p>
   </div>
   <div class='ocr_carea' id='block_1_29' title="bbox 402 2638 1975 2708">
    <p class='ocr_par' dir='ltr' id='par_1_29' title="bbox 402 2638 1975 2708">
     <span class='ocr_line' id='line_1_29' title="bbox 402 2638 1975 2708; baseline 0.002 -17"><span class='ocrx_word' id='word_1_184' title='bbox 402 2647 668 2693; x_wconf 83' lang='lat' dir='ltr'><strong>astruere.</strong></span> <span class='ocrx_word' id='word_1_185' title='bbox 701 2638 770 2692; x_wconf 83' lang='lat' dir='ltr'><strong>At</strong></span> <span class='ocrx_word' id='word_1_186' title='bbox 803 2652 954 2703; x_wconf 83' lang='lat' dir='ltr'><strong>vero,</strong></span> <span class='ocrx_word' id='word_1_187' title='bbox 986 2639 1224 2708; x_wconf 79' lang='lat' dir='ltr'><strong>inquies,</strong></span> <span class='ocrx_word' id='word_1_188' title='bbox 1257 2640 1304 2693; x_wconf 89' lang='lat' dir='ltr'><strong>si</strong></span> <span class='ocrx_word' id='word_1_189' title='bbox 1347 2656 1434 2694; x_wconf 90' lang='lat' dir='ltr'><strong>res</strong></span> <span class='ocrx_word' id='word_1_190' title='bbox 1475 2643 1550 2695; x_wconf 91' lang='lat' dir='ltr'><strong>ita</strong></span> <span class='ocrx_word' id='word_1_191' title='bbox 1587 2643 1780 2697; x_wconf 82' lang='lat' dir='ltr'><strong>habeat</strong></span> <span class='ocrx_word' id='word_1_192' title='bbox 1801 2681 1814 2704; x_wconf 88' lang='lat'><strong>,</strong></span> <span class='ocrx_word' id='word_1_193' title='bbox 1865 2658 1975 2695; x_wconf 87' lang='lat' dir='ltr'><strong>non</strong></span> 
     </span>
    </p>
   </div>
   <div class='ocr_carea' id='block_1_30' title="bbox 404 2729 1979 2801">
    <p class='ocr_par' dir='ltr' id='par_1_30' title="bbox 404 2729 1979 2801">
     <span class='ocr_line' id='line_1_30' title="bbox 404 2729 1979 2801; baseline 0.003 -19"><span class='ocrx_word' id='word_1_194' title='bbox 404 2739 635 2793; x_wconf 88' lang='lat' dir='ltr'><strong>tantum,</strong></span> <span class='ocrx_word' id='word_1_195' title='bbox 660 2746 789 2784; x_wconf 90' lang='lat' dir='ltr'><strong>num</strong></span> <span class='ocrx_word' id='word_1_196' title='bbox 810 2729 1203 2800; x_wconf 80' lang='lat' dir='ltr'><strong>Radulphusin</strong></span> <span class='ocrx_word' id='word_1_197' title='bbox 1227 2732 1581 2800; x_wconf 85' lang='lat' dir='ltr'><strong>assignando,</strong></span> <span class='ocrx_word' id='word_1_198' title='bbox 1607 2749 1718 2801; x_wconf 91' lang='lat' dir='ltr'><strong>quo</strong></span> <span class='ocrx_word' id='word_1_199' title='bbox 1751 2743 1979 2787; x_wconf 89' lang='lat' dir='ltr'><strong>sanctus</strong></span> 
     </span>
    </p>
   </div>
   <div class='ocr_carea' id='block_1_31' title="bbox 404 2821 1979 2893">
    <p class='ocr_par' dir='ltr' id='par_1_31' title="bbox 404 2821 1979 2893">
     <span class='ocr_line' id='line_1_31' title="bbox 404 2821 1979 2893; baseline 0.002 -18"><span class='ocrx_word' id='word_1_200' title='bbox 404 2821 716 2878; x_wconf 83' lang='lat' dir='ltr'><strong>Lietbertus</strong></span> <span class='ocrx_word' id='word_1_201' title='bbox 751 2837 961 2876; x_wconf 82' lang='lat' dir='ltr'><strong>sacrum</strong></span> <span class='ocrx_word' id='word_1_202' title='bbox 996 2822 1172 2876; x_wconf 82' lang='lat' dir='ltr'><strong>sancti</strong></span> <span class='ocrx_word' id='word_1_203' title='bbox 1209 2822 1467 2876; x_wconf 85' lang='lat' dir='ltr'><strong>Demetrii</strong></span> <span class='ocrx_word' id='word_1_204' title='bbox 1519 2839 1722 2893; x_wconf 84' lang='lat' dir='ltr'><strong>corpus</strong></span> <span class='ocrx_word' id='word_1_205' title='bbox 1750 2841 1979 2879; x_wconf 82' lang='lat' dir='ltr'><strong>venera-</strong></span> 
     </span>
    </p>
   </div>
   <div class='ocr_carea' id='block_1_32' title="bbox 406 2911 1974 2982">
    <p class='ocr_par' dir='ltr' id='par_1_32' title="bbox 406 2911 1974 2982">
     <span class='ocr_line' id='line_1_32' title="bbox 406 2911 1974 2982; baseline 0.001 -18"><span class='ocrx_word' id='word_1_206' title='bbox 406 2921 494 2964; x_wconf 90' lang='lat' dir='ltr'><strong>tus</strong></span> <span class='ocrx_word' id='word_1_207' title='bbox 520 2920 626 2972; x_wconf 86' lang='lat' dir='ltr'><strong>est,</strong></span> <span class='ocrx_word' id='word_1_208' title='bbox 673 2911 792 2966; x_wconf 90' lang='lat' dir='ltr'><strong>loco</strong></span> <span class='ocrx_word' id='word_1_209' title='bbox 835 2911 1050 2976; x_wconf 87' lang='lat' dir='ltr'><strong>errarit,</strong></span> <span class='ocrx_word' id='word_1_210' title='bbox 1087 2911 1470 2978; x_wconf 77' lang='lat' dir='ltr'><strong>ambigendum</strong></span> <span class='ocrx_word' id='word_1_211' title='bbox 1503 2923 1750 2982; x_wconf 83' lang='lat' dir='ltr'><strong>apparet,</strong></span> <span class='ocrx_word' id='word_1_212' title='bbox 1781 2929 1974 2968; x_wconf 83' lang='lat' dir='ltr'><strong>verum</strong></span> 
     </span>
    </p>
   </div>
   <div class='ocr_carea' id='block_1_33' title="bbox 405 3003 1979 3072">
    <p class='ocr_par' dir='ltr' id='par_1_33' title="bbox 405 3003 1979 3072">
     <span class='ocr_line' id='line_1_33' title="bbox 405 3003 1979 3072; baseline 0.001 -15"><span class='ocrx_word' id='word_1_213' title='bbox 405 3003 568 3057; x_wconf 84' lang='lat' dir='ltr'><strong>etiam</strong></span> <span class='ocrx_word' id='word_1_214' title='bbox 614 3004 791 3072; x_wconf 76' lang='lat' dir='ltr'><strong>reipsa</strong></span> <span class='ocrx_word' id='word_1_215' title='bbox 825 3003 972 3056; x_wconf 93' lang='lat' dir='ltr'><strong>illum</strong></span> <span class='ocrx_word' id='word_1_216' title='bbox 1005 3005 1104 3057; x_wconf 92' lang='lat' dir='ltr'><strong>hac</strong></span> <span class='ocrx_word' id='word_1_217' title='bbox 1139 3004 1189 3056; x_wconf 87' lang='lat' dir='ltr'><strong>iu</strong></span> <span class='ocrx_word' id='word_1_218' title='bbox 1219 3019 1280 3058; x_wconf 90' lang='lat' dir='ltr'><strong>re</strong></span> <span class='ocrx_word' id='word_1_219' title='bbox 1303 3019 1423 3058; x_wconf 87' lang='lat' dir='ltr'><strong>esse</strong></span> <span class='ocrx_word' id='word_1_220' title='bbox 1454 3005 1870 3068; x_wconf 87' lang='lat' dir='ltr'><strong>hallucinatum,</strong></span> <span class='ocrx_word' id='word_1_221' title='bbox 1898 3006 1979 3060; x_wconf 82' lang='lat' dir='ltr'><strong>in-</strong></span> 
     </span>
    </p>
   </div>
   <div class='ocr_carea' id='block_1_34' title="bbox 2073 544 3645 619">
    <p class='ocr_par' dir='ltr' id='par_1_34' title="bbox 2073 544 3645 619">
     <span class='ocr_line' id='line_1_34' title="bbox 2073 544 3645 619; baseline 0.006 -22"><span class='ocrx_word' id='word_1_222' title='bbox 2073 545 2211 613; x_wconf 86' lang='lat' dir='ltr'><strong>nysii</strong></span> <span class='ocrx_word' id='word_1_223' title='bbox 2249 544 2322 599; x_wconf 88' lang='lat' dir='ltr'><strong>De</strong></span> <span class='ocrx_word' id='word_1_224' title='bbox 2373 544 2541 600; x_wconf 80' lang='lat' dir='ltr'><strong>Passu</strong></span> <span class='ocrx_word' id='word_1_225' title='bbox 2570 548 2802 608; x_wconf 86' lang='lat' dir='ltr'><strong>dicitur.</strong></span> <span class='ocrx_word' id='word_1_226' title='bbox 2827 557 3058 619; x_wconf 86' lang='lat' dir='ltr'><strong>postque</strong></span> <span class='ocrx_word' id='word_1_227' title='bbox 3093 548 3377 604; x_wconf 83' lang='lat' dir='ltr'><strong>ecclesiam</strong></span> <span class='ocrx_word' id='word_1_228' title='bbox 3407 552 3645 606; x_wconf 79' lang='lat' dir='ltr'><strong>sanctis-</strong></span> 
     </span>
    </p>
   </div>
   <div class='ocr_carea' id='block_1_35' title="bbox 2068 636 3642 705">
    <p class='ocr_par' dir='ltr' id='par_1_35' title="bbox 2068 636 3642 705">
     <span class='ocr_line' id='line_1_35' title="bbox 2068 636 3642 705; baseline 0.005 -15"><span class='ocrx_word' id='word_1_229' title='bbox 2068 636 2221 690; x_wconf 69' lang='lat' dir='ltr'><strong>sima:</strong></span> <span class='ocrx_word' id='word_1_230' title='bbox 2263 637 2357 691; x_wconf 92' lang='lat' dir='ltr'><strong>Dei</strong></span> <span class='ocrx_word' id='word_1_231' title='bbox 2387 637 2653 692; x_wconf 80' lang='lat' dir='ltr'><strong>Genitrici</strong></span> <span class='ocrx_word' id='word_1_232' title='bbox 2687 639 2886 693; x_wconf 89' lang='lat' dir='ltr'><strong>ibidem</strong></span> <span class='ocrx_word' id='word_1_233' title='bbox 2923 655 3159 700; x_wconf 88' lang='lat' dir='ltr'><strong>sacram,</strong></span> <span class='ocrx_word' id='word_1_234' title='bbox 3191 642 3292 693; x_wconf 88' lang='lat' dir='ltr'><strong>sita</strong></span> <span class='ocrx_word' id='word_1_235' title='bbox 3325 649 3429 705; x_wconf 87' lang='lat' dir='ltr'><strong>est,</strong></span> <span class='ocrx_word' id='word_1_236' title='bbox 3459 657 3642 698; x_wconf 81' lang='lat' dir='ltr'><strong>sacras</strong></span> 
     </span>
    </p>
   </div>
   <div class='ocr_carea' id='block_1_36' title="bbox 2067 729 3641 798">
    <p class='ocr_par' dir='ltr' id='par_1_36' title="bbox 2067 729 3641 798">
     <span class='ocr_line' id='line_1_36' title="bbox 2067 729 3641 798; baseline 0.006 -18"><span class='ocrx_word' id='word_1_237' title='bbox 2067 729 2351 797; x_wconf 87' lang='lat' dir='ltr'><strong>quasdam,</strong></span> <span class='ocrx_word' id='word_1_238' title='bbox 2401 745 2536 798; x_wconf 86' lang='lat' dir='ltr'><strong>quas</strong></span> <span class='ocrx_word' id='word_1_239' title='bbox 2587 732 2761 786; x_wconf 86' lang='lat' dir='ltr'><strong>sancti</strong></span> <span class='ocrx_word' id='word_1_240' title='bbox 2801 732 3093 797; x_wconf 90' lang='lat' dir='ltr'><strong>Demetrii,</strong></span> <span class='ocrx_word' id='word_1_241' title='bbox 3141 733 3340 786; x_wconf 91' lang='lat' dir='ltr'><strong>ibidem</strong></span> <span class='ocrx_word' id='word_1_242' title='bbox 3387 749 3453 787; x_wconf 79' lang='lat' dir='ltr'><strong>ex</strong></span> <span class='ocrx_word' id='word_1_243' title='bbox 3501 733 3641 790; x_wconf 82' lang='lat' dir='ltr'><strong>infra</strong></span> 
     </span>
    </p>
   </div>
   <div class='ocr_carea' id='block_1_37' title="bbox 2068 821 3639 892">
    <p class='ocr_par' dir='ltr' id='par_1_37' title="bbox 2068 821 3639 892">
     <span class='ocr_line' id='line_1_37' title="bbox 2068 821 3639 892; baseline 0.004 -18"><span class='ocrx_word' id='word_1_244' title='bbox 2068 821 2316 874; x_wconf 88' lang='lat' dir='ltr'><strong>dicendis</strong></span> <span class='ocrx_word' id='word_1_245' title='bbox 2345 822 2496 884; x_wconf 91' lang='lat' dir='ltr'><strong>culti,</strong></span> <span class='ocrx_word' id='word_1_246' title='bbox 2519 837 2639 876; x_wconf 87' lang='lat' dir='ltr'><strong>esse</strong></span> <span class='ocrx_word' id='word_1_247' title='bbox 2667 823 3032 887; x_wconf 85' lang='lat' dir='ltr'><strong>contendunt,</strong></span> <span class='ocrx_word' id='word_1_248' title='bbox 3061 825 3320 892; x_wconf 86' lang='lat' dir='ltr'><strong>reliquias</strong></span> <span class='ocrx_word' id='word_1_249' title='bbox 3348 827 3639 889; x_wconf 86' lang='lat' dir='ltr'><strong>asservari,</strong></span> 
     </span>
    </p>
   </div>
   <div class='ocr_carea' id='block_1_38' title="bbox 2070 911 3644 980">
    <p class='ocr_par' dir='ltr' id='par_1_38' title="bbox 2070 911 3644 980">
     <span class='ocr_line' id='line_1_38' title="bbox 2070 911 3644 980; baseline 0.006 -17"><span class='ocrx_word' id='word_1_250' title='bbox 2070 911 2345 973; x_wconf 85' lang='lat' dir='ltr'><strong>Bailletus,</strong></span> <span class='ocrx_word' id='word_1_251' title='bbox 2382 921 2509 965; x_wconf 90' lang='lat' dir='ltr'><strong>tom.</strong></span> <span class='ocrx_word' id='word_1_252' title='bbox 2549 911 2615 967; x_wconf 86' lang='lat' dir='ltr'><strong>Ill</strong></span> <span class='ocrx_word' id='word_1_253' title='bbox 2660 911 2898 966; x_wconf 82' lang='lat' dir='ltr'><strong>Vilarum</strong></span> <span class='ocrx_word' id='word_1_254' title='bbox 2923 954 2937 978; x_wconf 88' lang='lat'><strong>,</strong></span> <span class='ocrx_word' id='word_1_255' title='bbox 2967 915 3072 968; x_wconf 88' lang='lat' dir='ltr'><strong>col.</strong></span> <span class='ocrx_word' id='word_1_256' title='bbox 3103 915 3224 975; x_wconf 80' lang='lat' dir='ltr'><strong>H5,</strong></span> <span class='ocrx_word' id='word_1_257' title='bbox 3257 915 3517 980; x_wconf 81' lang='lat' dir='ltr'><strong>allirmat;</strong></span> <span class='ocrx_word' id='word_1_258' title='bbox 3552 933 3644 972; x_wconf 81' lang='lat' dir='ltr'><strong>vc-</strong></span> 
     </span>
    </p>
   </div>
   <div class='ocr_carea' id='block_1_39' title="bbox 2069 999 3639 1068">
    <p class='ocr_par' dir='ltr' id='par_1_39' title="bbox 2069 999 3639 1068">
     <span class='ocr_line' id='line_1_39' title="bbox 2069 999 3639 1068; baseline 0.006 -14"><span class='ocrx_word' id='word_1_259' title='bbox 2069 1015 2188 1054; x_wconf 87' lang='lat' dir='ltr'><strong>rum</strong></span> <span class='ocrx_word' id='word_1_260' title='bbox 2215 1016 2337 1055; x_wconf 90' lang='lat' dir='ltr'><strong>cum</strong></span> <span class='ocrx_word' id='word_1_261' title='bbox 2369 999 2456 1054; x_wconf 90' lang='lat' dir='ltr'><strong>hic</strong></span> <span class='ocrx_word' id='word_1_262' title='bbox 2476 1003 2709 1068; x_wconf 88' lang='lat' dir='ltr'><strong>scriptor</strong></span> <span class='ocrx_word' id='word_1_263' title='bbox 2729 1004 3030 1059; x_wconf 85' lang='lat' dir='ltr'><strong>dubitantis</strong></span> <span class='ocrx_word' id='word_1_264' title='bbox 3053 1005 3317 1059; x_wconf 78' lang='lat' dir='ltr'><strong>duntaxat</strong></span> <span class='ocrx_word' id='word_1_265' title='bbox 3342 1007 3393 1060; x_wconf 88' lang='lat' dir='ltr'><strong>in</strong></span> <span class='ocrx_word' id='word_1_266' title='bbox 3422 1009 3639 1063; x_wconf 90' lang='lat' dir='ltr'><strong>modum</strong></span> 
     </span>
    </p>
   </div>
   <div class='ocr_carea' id='block_1_40' title="bbox 2069 1091 3644 1168">
    <p class='ocr_par' dir='ltr' id='par_1_40' title="bbox 2069 1091 3644 1168">
     <span class='ocr_line' id='line_1_40' title="bbox 2069 1091 3644 1168; baseline 0.006 -25"><span class='ocrx_word' id='word_1_267' title='bbox 2069 1091 2138 1144; x_wconf 90' lang='lat' dir='ltr'><strong>de</strong></span> <span class='ocrx_word' id='word_1_268' title='bbox 2186 1107 2244 1144; x_wconf 91' lang='lat' dir='ltr'><strong>re</strong></span> <span class='ocrx_word' id='word_1_269' title='bbox 2276 1091 2448 1144; x_wconf 86' lang='lat' dir='ltr'><strong>isthac</strong></span> <span class='ocrx_word' id='word_1_270' title='bbox 2501 1092 2698 1146; x_wconf 92' lang='lat' dir='ltr'><strong>ibidem</strong></span> <span class='ocrx_word' id='word_1_271' title='bbox 2735 1093 3011 1161; x_wconf 87' lang='lat' dir='ltr'><strong>loquatur,</strong></span> <span class='ocrx_word' id='word_1_272' title='bbox 3064 1094 3260 1150; x_wconf 81' lang='lat' dir='ltr'><strong>nedum</strong></span> <span class='ocrx_word' id='word_1_273' title='bbox 3311 1097 3644 1168; x_wconf 89' lang='lat' dir='ltr'><strong>quidquam,</strong></span> 
     </span>
    </p>
   </div>
   <div class='ocr_carea' id='block_1_41' title="bbox 2068 1181 3640 1250">
    <p class='ocr_par' dir='ltr' id='par_1_41' title="bbox 2068 1181 3640 1250">
     <span class='ocr_line' id='line_1_41' title="bbox 2068 1181 3640 1250; baseline 0.01 -21"><span class='ocrx_word' id='word_1_274' title='bbox 2068 1196 2176 1250; x_wconf 87' lang='lat' dir='ltr'><strong>quo</strong></span> <span class='ocrx_word' id='word_1_275' title='bbox 2200 1195 2316 1234; x_wconf 87' lang='lat' dir='ltr'><strong>eam</strong></span> <span class='ocrx_word' id='word_1_276' title='bbox 2343 1181 2605 1245; x_wconf 74' lang='lat' dir='ltr'><strong>stabiliat,</strong></span> <span class='ocrx_word' id='word_1_277' title='bbox 2638 1185 2690 1235; x_wconf 91' lang='lat' dir='ltr'><strong>in</strong></span> <span class='ocrx_word' id='word_1_278' title='bbox 2741 1184 3003 1246; x_wconf 87' lang='lat' dir='ltr'><strong>medium,</strong></span> <span class='ocrx_word' id='word_1_279' title='bbox 3043 1185 3086 1238; x_wconf 90' lang='lat' dir='ltr'><strong>si</strong></span> <span class='ocrx_word' id='word_1_280' title='bbox 3139 1185 3378 1241; x_wconf 87' lang='lat' dir='ltr'><strong>delatum</strong></span> <span class='ocrx_word' id='word_1_281' title='bbox 3434 1184 3640 1246; x_wconf 88' lang='lat' dir='ltr'><strong>ibidem</strong></span> 
     </span>
    </p>
   </div>
   <div class='ocr_carea' id='block_1_42' title="bbox 2071 1271 3650 1342">
    <p class='ocr_par' dir='ltr' id='par_1_42' title="bbox 2071 1271 3650 1342">
     <span class='ocr_line' id='line_1_42' title="bbox 2071 1271 3650 1342; baseline 0.006 -18"><span class='ocrx_word' id='word_1_282' title='bbox 2071 1271 2346 1326; x_wconf 85' lang='lat' dir='ltr'><strong>Demetrio</strong></span> <span class='ocrx_word' id='word_1_283' title='bbox 2375 1272 2583 1326; x_wconf 86' lang='lat' dir='ltr'><strong>cultum</strong></span> <span class='ocrx_word' id='word_1_284' title='bbox 2622 1274 2927 1342; x_wconf 75' lang='lat' dir='ltr'><strong>exceperis,</strong></span> <span class='ocrx_word' id='word_1_285' title='bbox 2962 1275 3220 1340; x_wconf 83' lang='lat' dir='ltr'><strong>adducat,</strong></span> <span class='ocrx_word' id='word_1_286' title='bbox 3264 1277 3370 1330; x_wconf 89' lang='lat' dir='ltr'><strong>alio</strong></span> <span class='ocrx_word' id='word_1_287' title='bbox 3402 1278 3554 1341; x_wconf 90' lang='lat' dir='ltr'><strong>mihi,</strong></span> <span class='ocrx_word' id='word_1_288' title='bbox 3590 1289 3650 1334; x_wconf 88' lang='lat' dir='ltr'><strong>ut</strong></span> 
     </span>
    </p>
   </div>
   <div class='ocr_carea' id='block_1_43' title="bbox 2068 1359 3646 1431">
    <p class='ocr_par' dir='ltr' id='par_1_43' title="bbox 2068 1359 3646 1431">
     <span class='ocr_line' id='line_1_43' title="bbox 2068 1359 3646 1431; baseline 0.006 -19"><span class='ocrx_word' id='word_1_289' title='bbox 2068 1359 2243 1412; x_wconf 85' lang='lat' dir='ltr'><strong>sancti</strong></span> <span class='ocrx_word' id='word_1_290' title='bbox 2269 1359 2521 1413; x_wconf 83' lang='lat' dir='ltr'><strong>Demetrii</strong></span> <span class='ocrx_word' id='word_1_291' title='bbox 2557 1360 2818 1430; x_wconf 85' lang='lat' dir='ltr'><strong>reliquias</strong></span> <span class='ocrx_word' id='word_1_292' title='bbox 2842 1373 2968 1431; x_wconf 80' lang='lat' dir='ltr'><strong>past</strong></span> <span class='ocrx_word' id='word_1_293' title='bbox 3003 1366 3260 1420; x_wconf 64' lang='lat' dir='ltr'><strong>saeculum</strong></span> <span class='ocrx_word' id='word_1_294' title='bbox 3296 1368 3646 1422; x_wconf 91' lang='lat' dir='ltr'><strong>undecimum</strong></span> 
     </span>
    </p>
   </div>
   <div class='ocr_carea' id='block_1_44' title="bbox 2069 1450 3649 1514">
    <p class='ocr_par' dir='ltr' id='par_1_44' title="bbox 2069 1450 3649 1514">
     <span class='ocr_line' id='line_1_44' title="bbox 2069 1450 3649 1514; baseline 0.006 -10"><span class='ocrx_word' id='word_1_295' title='bbox 2069 1459 2161 1504; x_wconf 86' lang='lat' dir='ltr'><strong>aut</strong></span> <span class='ocrx_word' id='word_1_296' title='bbox 2190 1450 2355 1504; x_wconf 89' lang='lat' dir='ltr'><strong>etiam</strong></span> <span class='ocrx_word' id='word_1_297' title='bbox 2387 1453 2549 1506; x_wconf 89' lang='lat' dir='ltr'><strong>citius</strong></span> <span class='ocrx_word' id='word_1_298' title='bbox 2581 1467 2706 1506; x_wconf 83' lang='lat' dir='ltr'><strong>cum</strong></span> <span class='ocrx_word' id='word_1_299' title='bbox 2733 1454 2854 1508; x_wconf 86' lang='lat' dir='ltr'><strong>aliis</strong></span> <span class='ocrx_word' id='word_1_300' title='bbox 2888 1455 3143 1510; x_wconf 74' lang='lat' dir='ltr'><strong>ccclesiis</strong></span> <span class='ocrx_word' id='word_1_301' title='bbox 3196 1457 3368 1513; x_wconf 77' lang='lat' dir='ltr'><strong>fuisse</strong></span> <span class='ocrx_word' id='word_1_302' title='bbox 3402 1475 3649 1514; x_wconf 84' lang='lat' dir='ltr'><strong>commu-</strong></span> 
     </span>
    </p>
   </div>
   <div class='ocr_carea' id='block_1_45' title="bbox 2069 1543 3648 1614">
    <p class='ocr_par' dir='ltr' id='par_1_45' title="bbox 2069 1543 3648 1614">
     <span class='ocr_line' id='line_1_45' title="bbox 2069 1543 3648 1614; baseline 0.006 -19"><span class='ocrx_word' id='word_1_303' title='bbox 2069 1545 2314 1606; x_wconf 87' lang='lat' dir='ltr'><strong>nicatas,</strong></span> <span class='ocrx_word' id='word_1_304' title='bbox 2348 1543 2658 1598; x_wconf 85' lang='lat' dir='ltr'><strong>verosimile</strong></span> <span class='ocrx_word' id='word_1_305' title='bbox 2709 1552 2988 1614; x_wconf 88' lang='lat' dir='ltr'><strong>utcunque</strong></span> <span class='ocrx_word' id='word_1_306' title='bbox 3054 1547 3306 1610; x_wconf 82' lang='lat' dir='ltr'><strong>eiliciam,</strong></span> <span class='ocrx_word' id='word_1_307' title='bbox 3361 1565 3648 1604; x_wconf 82' lang='lat' dir='ltr'><strong>recurren-</strong></span> 
     </span>
    </p>
   </div>
   <div class='ocr_carea' id='block_1_46' title="bbox 2068 1633 3649 1708">
    <p class='ocr_par' dir='ltr' id='par_1_46' title="bbox 2068 1633 3649 1708">
     <span class='ocr_line' id='line_1_46' title="bbox 2068 1633 3649 1708; baseline 0.004 -21"><span class='ocrx_word' id='word_1_308' title='bbox 2068 1633 2195 1687; x_wconf 91' lang='lat' dir='ltr'><strong>dum</strong></span> <span class='ocrx_word' id='word_1_309' title='bbox 2229 1643 2336 1688; x_wconf 88' lang='lat' dir='ltr'><strong>ost.</strong></span> <span class='ocrx_word' id='word_1_310' title='bbox 2367 1634 2471 1689; x_wconf 77' lang='lat' dir='ltr'><strong>Sex</strong></span> <span class='ocrx_word' id='word_1_311' title='bbox 2515 1644 2831 1691; x_wconf 89' lang='lat' dir='ltr'><strong>sanctorum</strong></span> <span class='ocrx_word' id='word_1_312' title='bbox 2867 1652 3094 1708; x_wconf 87' lang='lat' dir='ltr'><strong>corpora</strong></span> <span class='ocrx_word' id='word_1_313' title='bbox 3125 1679 3140 1701; x_wconf 92' lang='lat'><strong>,</strong></span> <span class='ocrx_word' id='word_1_314' title='bbox 3178 1640 3432 1695; x_wconf 82' lang='lat' dir='ltr'><strong>videlicet</strong></span> <span class='ocrx_word' id='word_1_315' title='bbox 3467 1643 3649 1696; x_wconf 83' lang='lat' dir='ltr'><strong>Theo-</strong></span> 
     </span>
    </p>
   </div>
   <div class='ocr_carea' id='block_1_47' title="bbox 2069 1725 3647 1801">
    <p class='ocr_par' dir='ltr' id='par_1_47' title="bbox 2069 1725 3647 1801">
     <span class='ocr_line' id='line_1_47' title="bbox 2069 1725 3647 1801; baseline 0.006 -23"><span class='ocrx_word' id='word_1_316' title='bbox 2069 1725 2185 1780; x_wconf 82' lang='lat' dir='ltr'><strong>dori</strong></span> <span class='ocrx_word' id='word_1_317' title='bbox 2210 1765 2225 1790; x_wconf 94' lang='lat'><strong>,</strong></span> <span class='ocrx_word' id='word_1_318' title='bbox 2257 1727 2516 1781; x_wconf 88' lang='lat' dir='ltr'><strong>Demetrii</strong></span> <span class='ocrx_word' id='word_1_319' title='bbox 2548 1737 2601 1780; x_wconf 83' lang='lat' dir='ltr'><strong>et</strong></span> <span class='ocrx_word' id='word_1_320' title='bbox 2626 1728 2846 1798; x_wconf 78' lang='lat' dir='ltr'><strong>Georgii</strong></span> <span class='ocrx_word' id='word_1_321' title='bbox 2883 1739 3212 1801; x_wconf 85' lang='lat' dir='ltr'><strong>martyrum,</strong></span> <span class='ocrx_word' id='word_1_322' title='bbox 3241 1733 3435 1794; x_wconf 88' lang='lat' dir='ltr'><strong>Floris,</strong></span> <span class='ocrx_word' id='word_1_323' title='bbox 3465 1733 3647 1788; x_wconf 87' lang='lat' dir='ltr'><strong>Basilii</strong></span> 
     </span>
    </p>
   </div>
   <div class='ocr_carea' id='block_1_48' title="bbox 2069 1817 3648 1890">
    <p class='ocr_par' dir='ltr' id='par_1_48' title="bbox 2069 1817 3648 1890">
     <span class='ocr_line' id='line_1_48' title="bbox 2069 1817 3648 1890; baseline 0.004 -20"><span class='ocrx_word' id='word_1_324' title='bbox 2069 1825 2125 1870; x_wconf 85' lang='lat' dir='ltr'><strong>et</strong></span> <span class='ocrx_word' id='word_1_325' title='bbox 2177 1817 2486 1872; x_wconf 88' lang='lat' dir='ltr'><strong>Salomonis</strong></span> <span class='ocrx_word' id='word_1_326' title='bbox 2533 1819 2819 1889; x_wconf 68' lang='lat' dir='ltr'><strong>Hungariaa</strong></span> <span class='ocrx_word' id='word_1_327' title='bbox 2867 1819 3010 1890; x_wconf 74' lang='lat' dir='ltr'><strong>regis</strong></span> <span class='ocrx_word' id='word_1_328' title='bbox 3077 1821 3490 1881; x_wconf 78' lang='lat' dir='ltr'><strong>confessorum,</strong></span> <span class='ocrx_word' id='word_1_329' title='bbox 3546 1824 3648 1877; x_wconf 90' lang='lat' dir='ltr'><strong>sub</strong></span> 
     </span>
    </p>
   </div>
   <div class='ocr_carea' id='block_1_49' title="bbox 2070 1910 3648 1980">
    <p class='ocr_par' dir='ltr' id='par_1_49' title="bbox 2070 1910 3648 1980">
     <span class='ocr_line' id='line_1_49' title="bbox 2070 1910 3648 1980; baseline 0.004 -18"><span class='ocrx_word' id='word_1_330' title='bbox 2070 1910 2386 1980; x_wconf 90' lang='lat' dir='ltr'><strong>particulari</strong></span> <span class='ocrx_word' id='word_1_331' title='bbox 2415 1911 2664 1965; x_wconf 65' lang='lat' dir='ltr'><strong>ecclesiae</strong></span> <span class='ocrx_word' id='word_1_332' title='bbox 2691 1912 3028 1966; x_wconf 84' lang='lat' dir='ltr'><strong>cathedralis</strong></span> <span class='ocrx_word' id='word_1_333' title='bbox 3053 1913 3207 1967; x_wconf 85' lang='lat' dir='ltr'><strong>alteri</strong></span> <span class='ocrx_word' id='word_1_334' title='bbox 3249 1913 3390 1968; x_wconf 66' lang='lat' dir='ltr'><strong>Pola:</strong></span> <span class='ocrx_word' id='word_1_335' title='bbox 3415 1915 3467 1967; x_wconf 88' lang='lat' dir='ltr'><strong>in</strong></span> <span class='ocrx_word' id='word_1_336' title='bbox 3493 1914 3648 1969; x_wconf 85' lang='lat' dir='ltr'><strong>lstria</strong></span> 
     </span>
    </p>
   </div>
   <div class='ocr_carea' id='block_1_50' title="bbox 2069 2003 3645 2073">
    <p class='ocr_par' dir='ltr' id='par_1_50' title="bbox 2069 2003 3645 2073">
     <span class='ocr_line' id='line_1_50' title="bbox 2069 2003 3645 2073; baseline 0.003 -17"><span class='ocrx_word' id='word_1_337' title='bbox 2069 2017 2212 2071; x_wconf 83' lang='lat' dir='ltr'><strong>anno</strong></span> <span class='ocrx_word' id='word_1_338' title='bbox 2242 2003 2380 2057; x_wconf 75' lang='lat' dir='ltr'><strong>I635</strong></span> <span class='ocrx_word' id='word_1_339' title='bbox 2415 2003 2584 2057; x_wconf 81' lang='lat' dir='ltr'><strong>fuisse</strong></span> <span class='ocrx_word' id='word_1_340' title='bbox 2630 2005 2870 2064; x_wconf 87' lang='lat' dir='ltr'><strong>inventa,</strong></span> <span class='ocrx_word' id='word_1_341' title='bbox 2903 2004 3046 2073; x_wconf 90' lang='lat' dir='ltr'><strong>apud</strong></span> <span class='ocrx_word' id='word_1_342' title='bbox 3091 2021 3191 2060; x_wconf 91' lang='lat' dir='ltr'><strong>nos</strong></span> <span class='ocrx_word' id='word_1_343' title='bbox 3245 2017 3378 2060; x_wconf 89' lang='lat' dir='ltr'><strong>tom.</strong></span> <span class='ocrx_word' id='word_1_344' title='bbox 3422 2005 3513 2060; x_wconf 78' lang='lat' dir='ltr'><strong>\’ll</strong></span> <span class='ocrx_word' id='word_1_345' title='bbox 3543 2005 3645 2060; x_wconf 90' lang='lat' dir='ltr'><strong>Se-</strong></span> 
     </span>
    </p>
   </div>
   <div class='ocr_carea' id='block_1_51' title="bbox 2072 2090 3650 2160">
    <p class='ocr_par' dir='ltr' id='par_1_51' title="bbox 2072 2090 3650 2160">
     <span class='ocr_line' id='line_1_51' title="bbox 2072 2090 3650 2160; baseline 0.004 -17"><span class='ocrx_word' id='word_1_346' title='bbox 2072 2091 2338 2159; x_wconf 90' lang='lat' dir='ltr'><strong>ptembris</strong></span> <span class='ocrx_word' id='word_1_347' title='bbox 2369 2091 2420 2143; x_wconf 90' lang='lat' dir='ltr'><strong>in</strong></span> <span class='ocrx_word' id='word_1_348' title='bbox 2458 2090 2717 2146; x_wconf 89' lang='lat' dir='ltr'><strong>historico</strong></span> <span class='ocrx_word' id='word_1_349' title='bbox 2745 2094 2814 2146; x_wconf 89' lang='lat' dir='ltr'><strong>de</strong></span> <span class='ocrx_word' id='word_1_350' title='bbox 2841 2092 2903 2146; x_wconf 80' lang='grc' dir='ltr'><strong>Β.</strong></span> <span class='ocrx_word' id='word_1_351' title='bbox 2939 2095 3247 2159; x_wconf 83' lang='lat' dir='ltr'><strong>Salomone,</strong></span> <span class='ocrx_word' id='word_1_352' title='bbox 3275 2113 3305 2150; x_wconf 90' lang='lat' dir='ltr'><strong>e</strong></span> <span class='ocrx_word' id='word_1_353' title='bbox 3333 2113 3459 2160; x_wconf 71' lang='lat' dir='ltr'><strong>rege</strong></span> <span class='ocrx_word' id='word_1_354' title='bbox 3496 2098 3650 2150; x_wconf 83' lang='lat' dir='ltr'><strong>Hun-</strong></span> 
     </span>
    </p>
   </div>
   <div class='ocr_carea' id='block_1_52' title="bbox 2071 2182 3653 2255">
    <p class='ocr_par' dir='ltr' id='par_1_52' title="bbox 2071 2182 3653 2255">
     <span class='ocr_line' id='line_1_52' title="bbox 2071 2182 3653 2255; baseline 0.005 -19"><span class='ocrx_word' id='word_1_355' title='bbox 2071 2182 2232 2254; x_wconf 72' lang='lat' dir='ltr'><strong>garia:</strong></span> <span class='ocrx_word' id='word_1_356' title='bbox 2253 2182 2502 2247; x_wconf 76' lang='lat' dir='ltr'><strong>eremita,</strong></span> <span class='ocrx_word' id='word_1_357' title='bbox 2539 2198 2658 2255; x_wconf 85' lang='lat' dir='ltr'><strong>pag.</strong></span> <span class='ocrx_word' id='word_1_358' title='bbox 2693 2184 2817 2250; x_wconf 70' lang='lat' dir='ltr'><strong>8i8,</strong></span> <span class='ocrx_word' id='word_1_359' title='bbox 2861 2200 2890 2242; x_wconf 87' lang='lat' dir='ltr'><strong>e</strong></span> <span class='ocrx_word' id='word_1_360' title='bbox 2919 2185 3276 2244; x_wconf 82' lang='lat' dir='ltr'><strong>documentis</strong></span> <span class='ocrx_word' id='word_1_361' title='bbox 3321 2189 3653 2245; x_wconf 76' lang='lat' dir='ltr'><strong>authenticis</strong></span> 
     </span>
    </p>
   </div>
   <div class='ocr_carea' id='block_1_53' title="bbox 2074 2277 3655 2350">
    <p class='ocr_par' dir='ltr' id='par_1_53' title="bbox 2074 2277 3655 2350">
     <span class='ocr_line' id='line_1_53' title="bbox 2074 2277 3655 2350; baseline 0.004 -21"><span class='ocrx_word' id='word_1_362' title='bbox 2074 2277 2352 2344; x_wconf 64' lang='lat' dir='ltr'><strong>probatur,</strong></span> <span class='ocrx_word' id='word_1_363' title='bbox 2393 2279 2754 2348; x_wconf 88' lang='lat' dir='ltr'><strong>sequentique</strong></span> <span class='ocrx_word' id='word_1_364' title='bbox 2787 2295 2912 2350; x_wconf 88' lang='lat' dir='ltr'><strong>pag.</strong></span> <span class='ocrx_word' id='word_1_365' title='bbox 2957 2281 3233 2349; x_wconf 79' lang='lat' dir='ltr'><strong>profertur</strong></span> <span class='ocrx_word' id='word_1_366' title='bbox 3261 2283 3421 2336; x_wconf 86' lang='lat' dir='ltr'><strong>etiam</strong></span> <span class='ocrx_word' id='word_1_367' title='bbox 3453 2283 3655 2336; x_wconf 88' lang='lat' dir='ltr'><strong>instru-</strong></span> 
     </span>
    </p>
   </div>
   <div class='ocr_carea' id='block_1_54' title="bbox 2076 2367 3654 2440">
    <p class='ocr_par' dir='ltr' id='par_1_54' title="bbox 2076 2367 3654 2440">
     <span class='ocr_line' id='line_1_54' title="bbox 2076 2367 3654 2440; baseline 0.003 -21"><span class='ocrx_word' id='word_1_368' title='bbox 2076 2376 2316 2420; x_wconf 83' lang='lat' dir='ltr'><strong>mentum</strong></span> <span class='ocrx_word' id='word_1_369' title='bbox 2343 2367 2643 2436; x_wconf 88' lang='lat' dir='ltr'><strong>publicum.</strong></span> <span class='ocrx_word' id='word_1_370' title='bbox 2675 2383 2707 2422; x_wconf 92' lang='lat' dir='ltr'><strong>e</strong></span> <span class='ocrx_word' id='word_1_371' title='bbox 2740 2384 2868 2438; x_wconf 88' lang='lat' dir='ltr'><strong>quo,</strong></span> <span class='ocrx_word' id='word_1_372' title='bbox 2900 2385 2994 2424; x_wconf 84' lang='lat' dir='ltr'><strong>sex</strong></span> <span class='ocrx_word' id='word_1_373' title='bbox 3037 2371 3127 2424; x_wconf 86' lang='lat' dir='ltr'><strong>illa</strong></span> <span class='ocrx_word' id='word_1_374' title='bbox 3169 2387 3400 2440; x_wconf 90' lang='lat' dir='ltr'><strong>corpora</strong></span> <span class='ocrx_word' id='word_1_375' title='bbox 3444 2371 3546 2425; x_wconf 90' lang='lat' dir='ltr'><strong>sub</strong></span> <span class='ocrx_word' id='word_1_376' title='bbox 3574 2372 3654 2424; x_wconf 81' lang='lat' dir='ltr'><strong>al-</strong></span> 
     </span>
    </p>
   </div>
   <div class='ocr_carea' id='block_1_55' title="bbox 2078 2458 3636 2531">
    <p class='ocr_par' dir='ltr' id='par_1_55' title="bbox 2078 2458 3636 2531">
     <span class='ocr_line' id='line_1_55' title="bbox 2078 2458 3636 2531; baseline 0.001 -19"><span class='ocrx_word' id='word_1_377' title='bbox 2078 2458 2174 2512; x_wconf 86' lang='lat' dir='ltr'><strong>tari</strong></span> <span class='ocrx_word' id='word_1_378' title='bbox 2216 2459 2306 2511; x_wconf 84' lang='lat' dir='ltr'><strong>illo</strong></span> <span class='ocrx_word' id='word_1_379' title='bbox 2353 2472 2382 2510; x_wconf 88' lang='lat' dir='ltr'><strong>a</strong></span> <span class='ocrx_word' id='word_1_380' title='bbox 2431 2458 2494 2510; x_wconf 81' lang='grc' dir='ltr'><strong>Ι).</strong></span> <span class='ocrx_word' id='word_1_381' title='bbox 2533 2458 2796 2514; x_wconf 82' lang='lat' dir='ltr'><strong>Michaele</strong></span> <span class='ocrx_word' id='word_1_382' title='bbox 2843 2458 3068 2523; x_wconf 89' lang='lat' dir='ltr'><strong>Ursino,</strong></span> <span class='ocrx_word' id='word_1_383' title='bbox 3097 2461 3356 2531; x_wconf 85' lang='lat' dir='ltr'><strong>episc0po</strong></span> <span class='ocrx_word' id='word_1_384' title='bbox 3398 2461 3636 2530; x_wconf 82' lang='lat' dir='ltr'><strong>Polcnsi,</strong></span> 
     </span>
    </p>
   </div>
   <div class='ocr_carea' id='block_1_56' title="bbox 2075 2547 3416 2617">
    <p class='ocr_par' dir='ltr' id='par_1_56' title="bbox 2075 2547 3416 2617">
     <span class='ocr_line' id='line_1_56' title="bbox 2075 2547 3416 2617; baseline 0.004 -17"><span class='ocrx_word' id='word_1_385' title='bbox 2075 2562 2220 2600; x_wconf 87' lang='lat' dir='ltr'><strong>anno</strong></span> <span class='ocrx_word' id='word_1_386' title='bbox 2250 2547 2387 2600; x_wconf 77' lang='lat' dir='ltr'><strong>HS?</strong></span> <span class='ocrx_word' id='word_1_387' title='bbox 2425 2547 2596 2602; x_wconf 78' lang='lat' dir='ltr'><strong>fuisse</strong></span> <span class='ocrx_word' id='word_1_388' title='bbox 2627 2551 2896 2617; x_wconf 84' lang='lat' dir='ltr'><strong>deposita,</strong></span> <span class='ocrx_word' id='word_1_389' title='bbox 2934 2552 3293 2606; x_wconf 87' lang='lat' dir='ltr'><strong>indubitatum</strong></span> <span class='ocrx_word' id='word_1_390' title='bbox 3324 2553 3416 2608; x_wconf 88' lang='lat' dir='ltr'><strong>sit.</strong></span> 
     </span>
    </p>
   </div>
   <div class='ocr_carea' id='block_1_57' title="bbox 2151 2635 3649 2711">
    <p class='ocr_par' dir='ltr' id='par_1_57' title="bbox 2151 2635 3649 2711">
     <span class='ocr_line' id='line_1_57' title="bbox 2151 2635 3649 2711; baseline 0.005 -23"><span class='ocrx_word' id='word_1_391' title='bbox 2151 2635 2275 2689; x_wconf 78' lang='lat' dir='ltr'><strong>lli.</strong></span> <span class='ocrx_word' id='word_1_392' title='bbox 2310 2637 2446 2689; x_wconf 76' lang='lat' dir='ltr'><strong>Cum</strong></span> <span class='ocrx_word' id='word_1_393' title='bbox 2495 2647 2677 2690; x_wconf 87' lang='lat' dir='ltr'><strong>autem</strong></span> <span class='ocrx_word' id='word_1_394' title='bbox 2716 2639 3022 2694; x_wconf 88' lang='lat' dir='ltr'><strong>Demetrius</strong></span> <span class='ocrx_word' id='word_1_395' title='bbox 3071 2653 3293 2711; x_wconf 81' lang='lat' dir='ltr'><strong>martyr,</strong></span> <span class='ocrx_word' id='word_1_396' title='bbox 3336 2645 3388 2696; x_wconf 89' lang='lat' dir='ltr'><strong>in</strong></span> <span class='ocrx_word' id='word_1_397' title='bbox 3448 2658 3649 2696; x_wconf 58' lang='lat' dir='ltr'><strong>monua</strong></span> 
     </span>
    </p>
   </div>
   <div class='ocr_carea' id='block_1_58' title="bbox 2082 2728 3654 2805">
    <p class='ocr_par' dir='ltr' id='par_1_58' title="bbox 2082 2728 3654 2805">
     <span class='ocr_line' id='line_1_58' title="bbox 2082 2728 3654 2805; baseline 0.006 -24"><span class='ocrx_word' id='word_1_398' title='bbox 2082 2728 2281 2781; x_wconf 86' lang='lat' dir='ltr'><strong>mentis</strong></span> <span class='ocrx_word' id='word_1_399' title='bbox 2334 2729 2439 2781; x_wconf 88' lang='lat' dir='ltr'><strong>illis</strong></span> <span class='ocrx_word' id='word_1_400' title='bbox 2476 2741 2832 2794; x_wconf 86' lang='lat' dir='ltr'><strong>memoratus,</strong></span> <span class='ocrx_word' id='word_1_401' title='bbox 2886 2733 3100 2788; x_wconf 87' lang='lat' dir='ltr'><strong>duobus</strong></span> <span class='ocrx_word' id='word_1_402' title='bbox 3151 2735 3272 2788; x_wconf 88' lang='lat' dir='ltr'><strong>aliis</strong></span> <span class='ocrx_word' id='word_1_403' title='bbox 3325 2737 3654 2805; x_wconf 81' lang='lat' dir='ltr'><strong>martyribus</strong></span> 
     </span>
    </p>
   </div>
   <div class='ocr_carea' id='block_1_59' title="bbox 2083 2819 3652 2892">
    <p class='ocr_par' dir='ltr' id='par_1_59' title="bbox 2083 2819 3652 2892">
     <span class='ocr_line' id='line_1_59' title="bbox 2083 2819 3652 2892; baseline 0.003 -18"><span class='ocrx_word' id='word_1_404' title='bbox 2083 2819 2488 2882; x_wconf 85' lang='lat' dir='ltr'><strong>celeberrimis,</strong></span> <span class='ocrx_word' id='word_1_405' title='bbox 2534 2820 2826 2876; x_wconf 83' lang='lat' dir='ltr'><strong>Theodoro</strong></span> <span class='ocrx_word' id='word_1_406' title='bbox 2884 2824 3096 2877; x_wconf 89' lang='lat' dir='ltr'><strong>scilicet</strong></span> <span class='ocrx_word' id='word_1_407' title='bbox 3143 2824 3232 2878; x_wconf 91' lang='lat' dir='ltr'><strong>die</strong></span> <span class='ocrx_word' id='word_1_408' title='bbox 3286 2827 3316 2879; x_wconf 89' lang='lat'><strong>7</strong></span> <span class='ocrx_word' id='word_1_409' title='bbox 3349 2823 3652 2892; x_wconf 74' lang='lat' dir='ltr'><strong>Februarii,</strong></span> 
     </span>
    </p>
   </div>
   <div class='ocr_carea' id='block_1_60' title="bbox 2083 2910 3652 2982">
    <p class='ocr_par' dir='ltr' id='par_1_60' title="bbox 2083 2910 3652 2982">
     <span class='ocr_line' id='line_1_60' title="bbox 2083 2910 3652 2982; baseline 0.004 -19"><span class='ocrx_word' id='word_1_410' title='bbox 2083 2920 2139 2964; x_wconf 89' lang='lat' dir='ltr'><strong>et</strong></span> <span class='ocrx_word' id='word_1_411' title='bbox 2171 2910 2402 2980; x_wconf 77' lang='lat' dir='ltr'><strong>Georgio</strong></span> <span class='ocrx_word' id='word_1_412' title='bbox 2433 2910 2522 2964; x_wconf 89' lang='lat' dir='ltr'><strong>die</strong></span> <span class='ocrx_word' id='word_1_413' title='bbox 2546 2912 2616 2965; x_wconf 74' lang='grc'><strong>25</strong></span> <span class='ocrx_word' id='word_1_414' title='bbox 2647 2912 2852 2982; x_wconf 83' lang='lat' dir='ltr'><strong>Aprilis</strong></span> <span class='ocrx_word' id='word_1_415' title='bbox 2910 2916 3061 2968; x_wconf 90' lang='lat' dir='ltr'><strong>cultu</strong></span> <span class='ocrx_word' id='word_1_416' title='bbox 3099 2914 3470 2970; x_wconf 88' lang='lat' dir='ltr'><strong>ecclesiastico</strong></span> <span class='ocrx_word' id='word_1_417' title='bbox 3515 2915 3652 2969; x_wconf 67' lang='lat' dir='ltr'><strong>adeo</strong></span> 
     </span>
    </p>
   </div>
   <div class='ocr_carea' id='block_1_61' title="bbox 2085 2999 3653 3074">
    <p class='ocr_par' dir='ltr' id='par_1_61' title="bbox 2085 2999 3653 3074">
     <span class='ocr_line' id='line_1_61' title="bbox 2085 2999 3653 3074; baseline 0.004 -22"><span class='ocrx_word' id='word_1_418' title='bbox 2085 3000 2212 3062; x_wconf 91' lang='lat' dir='ltr'><strong>ctis,</strong></span> <span class='ocrx_word' id='word_1_419' title='bbox 2265 2999 2550 3069; x_wconf 79' lang='lat' dir='ltr'><strong>jungatur,</strong></span> <span class='ocrx_word' id='word_1_420' title='bbox 2613 3001 2779 3070; x_wconf 87' lang='lat' dir='ltr'><strong>hique</strong></span> <span class='ocrx_word' id='word_1_421' title='bbox 2815 3003 3000 3069; x_wconf 86' lang='lat' dir='ltr'><strong>ambo,</strong></span> <span class='ocrx_word' id='word_1_422' title='bbox 3053 3004 3155 3069; x_wconf 91' lang='lat' dir='ltr'><strong>uti,</strong></span> <span class='ocrx_word' id='word_1_423' title='bbox 3189 3021 3311 3074; x_wconf 70' lang='lat' dir='ltr'><strong>qua:</strong></span> <span class='ocrx_word' id='word_1_424' title='bbox 3356 3007 3423 3060; x_wconf 88' lang='lat' dir='ltr'><strong>de</strong></span> <span class='ocrx_word' id='word_1_425' title='bbox 3460 3007 3653 3061; x_wconf 85' lang='lat' dir='ltr'><strong>iisdem</strong></span> 
     </span>
    </p>
   </div>
   <div class='ocr_carea' id='block_1_62' title="bbox 405 3087 3654 3175">
    <p class='ocr_par' dir='ltr' id='par_1_62' title="bbox 405 3087 3654 3175">
     <span class='ocr_line' id='line_1_62' title="bbox 405 3087 3654 3175; baseline 0 -27"><span class='ocrx_word' id='word_1_426' title='bbox 405 3095 710 3148; x_wconf 83' lang='lat' dir='ltr'><strong>dubitatum</strong></span> <span class='ocrx_word' id='word_1_427' title='bbox 740 3095 973 3149; x_wconf 86' lang='lat' dir='ltr'><strong>videtur.</strong></span> <span class='ocrx_word' id='word_1_428' title='bbox 1008 3095 1224 3158; x_wconf 86' lang='lat' dir='ltr'><strong>Fateor,</strong></span> <span class='ocrx_word' id='word_1_429' title='bbox 1255 3097 1326 3149; x_wconf 87' lang='lat' dir='ltr'><strong>ita</strong></span> <span class='ocrx_word' id='word_1_430' title='bbox 1353 3099 1577 3154; x_wconf 87' lang='lat' dir='ltr'><strong>omnino</strong></span> <span class='ocrx_word' id='word_1_431' title='bbox 1603 3110 1846 3170; x_wconf 88' lang='lat' dir='ltr'><strong>apparet,</strong></span> <span class='ocrx_word' id='word_1_432' title='bbox 1871 3099 1976 3154; x_wconf 87' lang='lat' dir='ltr'><strong>nisi</strong></span> <span class='ocrx_word' id='word_1_433' title='bbox 2009 3115 2056 3175; x_wconf 71' lang='grc' dir='ltr'>ε</span> <span class='ocrx_word' id='word_1_434' title='bbox 2087 3087 2154 3141; x_wconf 73' lang='lat' dir='ltr'><strong>3d</strong></span> <span class='ocrx_word' id='word_1_435' title='bbox 2208 3089 2344 3142; x_wconf 75' lang='lat' dir='ltr'><strong>duos</strong></span> <span class='ocrx_word' id='word_1_436' title='bbox 2403 3089 2522 3143; x_wconf 72' lang='lat' dir='ltr'><strong>dies</strong></span> <span class='ocrx_word' id='word_1_437' title='bbox 2585 3088 2706 3143; x_wconf 70' lang='lat' dir='ltr'><strong>illos</strong></span> <span class='ocrx_word' id='word_1_438' title='bbox 2753 3090 3138 3157; x_wconf 81' lang='lat' dir='ltr'><strong>disseruimus,</strong></span> <span class='ocrx_word' id='word_1_439' title='bbox 3196 3104 3654 3163; x_wconf 87' lang='lat' dir='ltr'><strong>commonstrant,</strong></span> 
     </span>
    </p>
   </div>
   <div class='ocr_carea' id='block_1_63' title="bbox 407 3185 1976 3260">
    <p class='ocr_par' dir='ltr' id='par_1_63' title="bbox 407 3185 1976 3260">
     <span class='ocr_line' id='line_1_63' title="bbox 407 3185 1976 3260; baseline 0.002 -18"><span class='ocrx_word' id='word_1_440' title='bbox 407 3190 548 3245; x_wconf 76' lang='lat' dir='ltr'><strong>forte</strong></span> <span class='ocrx_word' id='word_1_441' title='bbox 580 3189 625 3242; x_wconf 90' lang='lat' dir='ltr'><strong>is</strong></span> <span class='ocrx_word' id='word_1_442' title='bbox 654 3185 890 3256; x_wconf 88' lang='lat' dir='ltr'><strong>scriptor</strong></span> <span class='ocrx_word' id='word_1_443' title='bbox 914 3229 928 3251; x_wconf 91' lang='lat'><strong>,</strong></span> <span class='ocrx_word' id='word_1_444' title='bbox 958 3203 1066 3242; x_wconf 91' lang='lat' dir='ltr'><strong>non</strong></span> <span class='ocrx_word' id='word_1_445' title='bbox 1117 3189 1185 3242; x_wconf 90' lang='lat' dir='ltr'><strong>de</strong></span> <span class='ocrx_word' id='word_1_446' title='bbox 1238 3189 1452 3260; x_wconf 86' lang='lat' dir='ltr'><strong>integro</strong></span> <span class='ocrx_word' id='word_1_447' title='bbox 1494 3192 1668 3246; x_wconf 87' lang='lat' dir='ltr'><strong>sancti</strong></span> <span class='ocrx_word' id='word_1_448' title='bbox 1721 3192 1976 3246; x_wconf 83' lang='lat' dir='ltr'><strong>Demetrii</strong></span> 
     </span>
    </p>
   </div>
   <div class='ocr_carea' id='block_1_64' title="bbox 407 3275 1978 3347">
    <p class='ocr_par' dir='ltr' id='par_1_64' title="bbox 407 3275 1978 3347">
     <span class='ocr_line' id='line_1_64' title="bbox 407 3275 1978 3347; baseline 0.001 -17"><span class='ocrx_word' id='word_1_449' title='bbox 407 3293 659 3347; x_wconf 84' lang='lat' dir='ltr'><strong>corpore,</strong></span> <span class='ocrx_word' id='word_1_450' title='bbox 680 3278 825 3346; x_wconf 92' lang='lat' dir='ltr'><strong>quod</strong></span> <span class='ocrx_word' id='word_1_451' title='bbox 849 3275 1101 3331; x_wconf 89' lang='lat' dir='ltr'><strong>Corinthi</strong></span> <span class='ocrx_word' id='word_1_452' title='bbox 1129 3292 1158 3329; x_wconf 89' lang='lat' dir='ltr'><strong>a</strong></span> <span class='ocrx_word' id='word_1_453' title='bbox 1185 3289 1377 3332; x_wconf 89' lang='lat' dir='ltr'><strong>sancto</strong></span> <span class='ocrx_word' id='word_1_454' title='bbox 1406 3278 1678 3334; x_wconf 86' lang='lat' dir='ltr'><strong>Lietberto</strong></span> <span class='ocrx_word' id='word_1_455' title='bbox 1703 3280 1978 3334; x_wconf 80' lang='lat' dir='ltr'><strong>visitatum</strong></span> 
     </span>
    </p>
   </div>
   <div class='ocr_carea' id='block_1_65' title="bbox 408 3369 1980 3438">
    <p class='ocr_par' dir='ltr' id='par_1_65' title="bbox 408 3369 1980 3438">
     <span class='ocr_line' id='line_1_65' title="bbox 408 3369 1980 3438; baseline -0.002 -14"><span class='ocrx_word' id='word_1_456' title='bbox 408 3370 596 3432; x_wconf 72' lang='lat' dir='ltr'><strong>fuerit.</strong></span> <span class='ocrx_word' id='word_1_457' title='bbox 633 3371 732 3426; x_wconf 84' lang='lat' dir='ltr'><strong>sed</strong></span> <span class='ocrx_word' id='word_1_458' title='bbox 755 3371 820 3425; x_wconf 90' lang='lat' dir='ltr'><strong>dc</strong></span> <span class='ocrx_word' id='word_1_459' title='bbox 851 3369 995 3424; x_wconf 87' lang='lat' dir='ltr'><strong>illius</strong></span> <span class='ocrx_word' id='word_1_460' title='bbox 1027 3379 1182 3438; x_wconf 86' lang='lat' dir='ltr'><strong>parte</strong></span> <span class='ocrx_word' id='word_1_461' title='bbox 1213 3371 1356 3436; x_wconf 79' lang='lat' dir='ltr'><strong>loqui</strong></span> <span class='ocrx_word' id='word_1_462' title='bbox 1390 3370 1659 3437; x_wconf 87' lang='lat' dir='ltr'><strong>voluerit;</strong></span> <span class='ocrx_word' id='word_1_463' title='bbox 1689 3371 1840 3426; x_wconf 89' lang='lat' dir='ltr'><strong>illum</strong></span> <span class='ocrx_word' id='word_1_464' title='bbox 1879 3386 1980 3422; x_wconf 88' lang='lat' dir='ltr'><strong>au-</strong></span> 
     </span>
    </p>
   </div>
   <div class='ocr_carea' id='block_1_66' title="bbox 409 3461 1978 3531">
    <p class='ocr_par' dir='ltr' id='par_1_66' title="bbox 409 3461 1978 3531">
     <span class='ocr_line' id='line_1_66' title="bbox 409 3461 1978 3531; baseline 0.001 -16"><span class='ocrx_word' id='word_1_465' title='bbox 409 3471 520 3516; x_wconf 86' lang='lat' dir='ltr'><strong>tem</strong></span> <span class='ocrx_word' id='word_1_466' title='bbox 569 3477 678 3516; x_wconf 84' lang='lat' dir='ltr'><strong>non</strong></span> <span class='ocrx_word' id='word_1_467' title='bbox 725 3461 792 3514; x_wconf 90' lang='lat' dir='ltr'><strong>de</strong></span> <span class='ocrx_word' id='word_1_468' title='bbox 840 3461 979 3516; x_wconf 84' lang='lat' dir='ltr'><strong>sacri</strong></span> <span class='ocrx_word' id='word_1_469' title='bbox 1029 3463 1274 3531; x_wconf 87' lang='lat' dir='ltr'><strong>corporis</strong></span> <span class='ocrx_word' id='word_1_470' title='bbox 1325 3471 1486 3530; x_wconf 85' lang='lat' dir='ltr'><strong>parte</strong></span> <span class='ocrx_word' id='word_1_471' title='bbox 1536 3471 1770 3525; x_wconf 88' lang='lat' dir='ltr'><strong>tantum,</strong></span> <span class='ocrx_word' id='word_1_472' title='bbox 1815 3477 1978 3530; x_wconf 85' lang='lat' dir='ltr'><strong>quam</strong></span> 
     </span>
    </p>
   </div>
   <div class='ocr_carea' id='block_1_67' title="bbox 408 3551 1978 3622">
    <p class='ocr_par' dir='ltr' id='par_1_67' title="bbox 408 3551 1978 3622">
     <span class='ocr_line' id='line_1_67' title="bbox 408 3551 1978 3622; baseline -0.001 -14"><span class='ocrx_word' id='word_1_473' title='bbox 408 3553 714 3609; x_wconf 84' lang='lat' dir='ltr'><strong>Lietbertus</strong></span> <span class='ocrx_word' id='word_1_474' title='bbox 733 3551 981 3608; x_wconf 85' lang='lat' dir='ltr'><strong>Corinthi</strong></span> <span class='ocrx_word' id='word_1_475' title='bbox 1009 3563 1301 3609; x_wconf 86' lang='lat' dir='ltr'><strong>veneratus</strong></span> <span class='ocrx_word' id='word_1_476' title='bbox 1325 3553 1509 3612; x_wconf 77' lang='lat' dir='ltr'><strong>fuerit.</strong></span> <span class='ocrx_word' id='word_1_477' title='bbox 1543 3553 1686 3622; x_wconf 89' lang='lat' dir='ltr'><strong>loqui</strong></span> <span class='ocrx_word' id='word_1_478' title='bbox 1716 3553 1978 3614; x_wconf 83' lang='lat' dir='ltr'><strong>voluisse,</strong></span> 
     </span>
    </p>
   </div>
   <div class='ocr_carea' id='block_1_68' title="bbox 410 3642 1982 3718">
    <p class='ocr_par' dir='ltr' id='par_1_68' title="bbox 410 3642 1982 3718">
     <span class='ocr_line' id='line_1_68' title="bbox 410 3642 1982 3718; baseline -0.003 -16"><span class='ocrx_word' id='word_1_479' title='bbox 410 3646 506 3702; x_wconf 89' lang='lat' dir='ltr'><strong>sed</strong></span> <span class='ocrx_word' id='word_1_480' title='bbox 548 3645 728 3716; x_wconf 86' lang='lat' dir='ltr'><strong>potius</strong></span> <span class='ocrx_word' id='word_1_481' title='bbox 759 3644 1084 3699; x_wconf 87' lang='lat' dir='ltr'><strong>Corinthum</strong></span> <span class='ocrx_word' id='word_1_482' title='bbox 1124 3659 1225 3713; x_wconf 89' lang='lat' dir='ltr'><strong>pro</strong></span> <span class='ocrx_word' id='word_1_483' title='bbox 1258 3642 1650 3718; x_wconf 82' lang='lat' dir='ltr'><strong>Thessalonica</strong></span> <span class='ocrx_word' id='word_1_484' title='bbox 1691 3660 1786 3714; x_wconf 88' lang='lat' dir='ltr'><strong>per</strong></span> <span class='ocrx_word' id='word_1_485' title='bbox 1830 3660 1982 3698; x_wconf 84' lang='lat' dir='ltr'><strong>erro-</strong></span> 
     </span>
    </p>
   </div>
   <div class='ocr_carea' id='block_1_69' title="bbox 413 3734 1981 3806">
    <p class='ocr_par' dir='ltr' id='par_1_69' title="bbox 413 3734 1981 3806">
     <span class='ocr_line' id='line_1_69' title="bbox 413 3734 1981 3806; baseline -0.003 -12"><span class='ocrx_word' id='word_1_486' title='bbox 413 3755 528 3795; x_wconf 88' lang='lat' dir='ltr'><strong>rem</strong></span> <span class='ocrx_word' id='word_1_487' title='bbox 563 3738 873 3806; x_wconf 85' lang='lat' dir='ltr'><strong>accepisse,</strong></span> <span class='ocrx_word' id='word_1_488' title='bbox 905 3735 1280 3791; x_wconf 77' lang='lat' dir='ltr'><strong>veresimilins</strong></span> <span class='ocrx_word' id='word_1_489' title='bbox 1322 3737 1404 3790; x_wconf 89' lang='lat' dir='ltr'><strong>vel</strong></span> <span class='ocrx_word' id='word_1_490' title='bbox 1431 3737 1633 3790; x_wconf 90' lang='lat' dir='ltr'><strong>idcirco</strong></span> <span class='ocrx_word' id='word_1_491' title='bbox 1657 3750 1800 3796; x_wconf 84' lang='lat' dir='ltr'><strong>reor,</strong></span> <span class='ocrx_word' id='word_1_492' title='bbox 1837 3734 1981 3804; x_wconf 88' lang='lat' dir='ltr'><strong>quod</strong></span> 
     </span>
    </p>
   </div>
   <div class='ocr_carea' id='block_1_70' title="bbox 418 3825 1982 3899">
    <p class='ocr_par' dir='ltr' id='par_1_70' title="bbox 418 3825 1982 3899">
     <span class='ocr_line' id='line_1_70' title="bbox 418 3825 1982 3899; baseline -0.001 -16"><span class='ocrx_word' id='word_1_493' title='bbox 418 3831 774 3895; x_wconf 87' lang='lat' dir='ltr'><strong>Lietbertum,</strong></span> <span class='ocrx_word' id='word_1_494' title='bbox 812 3829 1248 3899; x_wconf 82' lang='lat' dir='ltr'><strong>Hierosolymam</strong></span> <span class='ocrx_word' id='word_1_495' title='bbox 1283 3837 1584 3896; x_wconf 87' lang='lat' dir='ltr'><strong>petentem.</strong></span> <span class='ocrx_word' id='word_1_496' title='bbox 1635 3841 1705 3880; x_wconf 80' lang='lat' dir='ltr'><strong>ex</strong></span> <span class='ocrx_word' id='word_1_497' title='bbox 1737 3825 1982 3897; x_wconf 83' lang='lat' dir='ltr'><strong>Bulgaria</strong></span> 
     </span>
    </p>
   </div>
   <div class='ocr_carea' id='block_1_71' title="bbox 411 3917 1982 3986">
    <p class='ocr_par' dir='ltr' id='par_1_71' title="bbox 411 3917 1982 3986">
     <span class='ocr_line' id='line_1_71' title="bbox 411 3917 1982 3986; baseline -0.004 -8"><span class='ocrx_word' id='word_1_498' title='bbox 411 3924 467 3978; x_wconf 90' lang='lat' dir='ltr'><strong>in</strong></span> <span class='ocrx_word' id='word_1_499' title='bbox 495 3922 838 3986; x_wconf 88' lang='lat' dir='ltr'><strong>Dalmatiam,</strong></span> <span class='ocrx_word' id='word_1_500' title='bbox 864 3920 991 3975; x_wconf 91' lang='lat' dir='ltr'><strong>inde</strong></span> <span class='ocrx_word' id='word_1_501' title='bbox 1017 3920 1071 3974; x_wconf 91' lang='lat' dir='ltr'><strong>in</strong></span> <span class='ocrx_word' id='word_1_502' title='bbox 1102 3918 1392 3983; x_wconf 80' lang='lat' dir='ltr'><strong>ls:iuriam,</strong></span> <span class='ocrx_word' id='word_1_503' title='bbox 1431 3928 1545 3972; x_wconf 88' lang='lat' dir='ltr'><strong>tum</strong></span> <span class='ocrx_word' id='word_1_504' title='bbox 1571 3917 1900 3972; x_wconf 85' lang='lat' dir='ltr'><strong>Corinthum</strong></span> <span class='ocrx_word' id='word_1_505' title='bbox 1921 3931 1982 3971; x_wconf 82' lang='lat' dir='ltr'><strong>ac</strong></span> 
     </span>
    </p>
   </div>
   <div class='ocr_carea' id='block_1_72' title="bbox 413 4010 1984 4081">
    <p class='ocr_par' dir='ltr' id='par_1_72' title="bbox 413 4010 1984 4081">
     <span class='ocr_line' id='line_1_72' title="bbox 413 4010 1984 4081; baseline -0.006 -11"><span class='ocrx_word' id='word_1_506' title='bbox 413 4015 632 4070; x_wconf 90' lang='lat' dir='ltr'><strong>tandem</strong></span> <span class='ocrx_word' id='word_1_507' title='bbox 670 4013 990 4068; x_wconf 85' lang='lat' dir='ltr'><strong>Laodiceam</strong></span> <span class='ocrx_word' id='word_1_508' title='bbox 1023 4026 1145 4067; x_wconf 89' lang='lat' dir='ltr'><strong>esse</strong></span> <span class='ocrx_word' id='word_1_509' title='bbox 1183 4010 1487 4081; x_wconf 77' lang='lat' dir='ltr'><strong>profectum</strong></span> <span class='ocrx_word' id='word_1_510' title='bbox 1513 4051 1528 4076; x_wconf 94' lang='lat'><strong>,</strong></span> <span class='ocrx_word' id='word_1_511' title='bbox 1563 4017 1984 4074; x_wconf 84' lang='lat' dir='ltr'><strong>commemoret;</strong></span> 
     </span>
    </p>
   </div>
   <div class='ocr_carea' id='block_1_73' title="bbox 409 4101 1983 4175">
    <p class='ocr_par' dir='ltr' id='par_1_73' title="bbox 409 4101 1983 4175">
     <span class='ocr_line' id='line_1_73' title="bbox 409 4101 1983 4175; baseline -0.006 -13"><span class='ocrx_word' id='word_1_512' title='bbox 409 4108 696 4162; x_wconf 87' lang='lat' dir='ltr'><strong>commode</strong></span> <span class='ocrx_word' id='word_1_513' title='bbox 735 4116 918 4161; x_wconf 89' lang='lat' dir='ltr'><strong>autem</strong></span> <span class='ocrx_word' id='word_1_514' title='bbox 969 4107 1072 4160; x_wconf 92' lang='lat' dir='ltr'><strong>iter</strong></span> <span class='ocrx_word' id='word_1_515' title='bbox 1122 4120 1189 4160; x_wconf 77' lang='lat' dir='ltr'><strong>ex</strong></span> <span class='ocrx_word' id='word_1_516' title='bbox 1239 4103 1488 4175; x_wconf 77' lang='lat' dir='ltr'><strong>Bulgaria</strong></span> <span class='ocrx_word' id='word_1_517' title='bbox 1539 4101 1983 4156; x_wconf 81' lang='lat' dir='ltr'><strong>Thessalonicam</strong></span> 
     </span>
    </p>
   </div>
   <div class='ocr_carea' id='block_1_74' title="bbox 410 4193 1985 4268">
    <p class='ocr_par' dir='ltr' id='par_1_74' title="bbox 410 4193 1985 4268">
     <span class='ocr_line' id='line_1_74' title="bbox 410 4193 1985 4268; baseline -0.003 -18"><span class='ocrx_word' id='word_1_518' title='bbox 410 4199 668 4268; x_wconf 81' lang='lat' dir='ltr'><strong>dirigere,</strong></span> <span class='ocrx_word' id='word_1_519' title='bbox 704 4209 866 4268; x_wconf 88' lang='lat' dir='ltr'><strong>atque</strong></span> <span class='ocrx_word' id='word_1_520' title='bbox 907 4199 1036 4253; x_wconf 85' lang='lat' dir='ltr'><strong>inde</strong></span> <span class='ocrx_word' id='word_1_521' title='bbox 1083 4214 1112 4253; x_wconf 92' lang='lat' dir='ltr'><strong>e</strong></span> <span class='ocrx_word' id='word_1_522' title='bbox 1161 4208 1325 4267; x_wconf 91' lang='lat' dir='ltr'><strong>portu</strong></span> <span class='ocrx_word' id='word_1_523' title='bbox 1371 4195 1656 4264; x_wconf 87' lang='lat' dir='ltr'><strong>aptissimo</strong></span> <span class='ocrx_word' id='word_1_524' title='bbox 1691 4195 1745 4248; x_wconf 85' lang='lat' dir='ltr'><strong>in</strong></span> <span class='ocrx_word' id='word_1_525' title='bbox 1777 4193 1985 4265; x_wconf 85' lang='lat' dir='ltr'><strong>Syriam</strong></span> 
     </span>
    </p>
   </div>
   <div class='ocr_carea' id='block_1_75' title="bbox 411 4285 1985 4358">
    <p class='ocr_par' dir='ltr' id='par_1_75' title="bbox 411 4285 1985 4358">
     <span class='ocr_line' id='line_1_75' title="bbox 411 4285 1985 4358; baseline -0.004 -12"><span class='ocrx_word' id='word_1_526' title='bbox 411 4292 480 4346; x_wconf 84' lang='lat' dir='ltr'><strong>ad</strong></span> <span class='ocrx_word' id='word_1_527' title='bbox 520 4292 706 4346; x_wconf 90' lang='lat' dir='ltr'><strong>urbem</strong></span> <span class='ocrx_word' id='word_1_528' title='bbox 739 4291 1065 4345; x_wconf 88' lang='lat' dir='ltr'><strong>maritimam</strong></span> <span class='ocrx_word' id='word_1_529' title='bbox 1092 4289 1418 4346; x_wconf 78' lang='lat' dir='ltr'><strong>Laodiceam</strong></span> <span class='ocrx_word' id='word_1_530' title='bbox 1450 4289 1706 4358; x_wconf 82' lang='lat' dir='ltr'><strong>navigare</strong></span> <span class='ocrx_word' id='word_1_531' title='bbox 1727 4285 1985 4356; x_wconf 89' lang='lat' dir='ltr'><strong>potuerit,</strong></span> 
     </span>
    </p>
   </div>
   <div class='ocr_carea' id='block_1_76' title="bbox 414 4377 1988 4452">
    <p class='ocr_par' dir='ltr' id='par_1_76' title="bbox 414 4377 1988 4452">
     <span class='ocr_line' id='line_1_76' title="bbox 414 4377 1988 4452; baseline -0.003 -14"><span class='ocrx_word' id='word_1_532' title='bbox 414 4383 490 4438; x_wconf 91' lang='lat' dir='ltr'><strong>uti</strong></span> <span class='ocrx_word' id='word_1_533' title='bbox 518 4384 628 4452; x_wconf 80' lang='lat' dir='ltr'><strong>jam</strong></span> <span class='ocrx_word' id='word_1_534' title='bbox 684 4395 810 4438; x_wconf 87' lang='lat' dir='ltr'><strong>ante</strong></span> <span class='ocrx_word' id='word_1_535' title='bbox 856 4399 943 4438; x_wconf 88' lang='lat' dir='ltr'><strong>me</strong></span> <span class='ocrx_word' id='word_1_536' title='bbox 1000 4384 1055 4438; x_wconf 92' lang='lat' dir='ltr'><strong>in</strong></span> <span class='ocrx_word' id='word_1_537' title='bbox 1103 4382 1397 4438; x_wconf 81' lang='lat' dir='ltr'><strong>Adnotatis</strong></span> <span class='ocrx_word' id='word_1_538' title='bbox 1454 4397 1621 4452; x_wconf 88' lang='lat' dir='ltr'><strong>supra</strong></span> <span class='ocrx_word' id='word_1_539' title='bbox 1671 4377 1988 4435; x_wconf 84' lang='lat' dir='ltr'><strong>memoratis</strong></span> 
     </span>
    </p>
   </div>
   <div class='ocr_carea' id='block_1_77' title="bbox 412 4475 1344 4531">
    <p class='ocr_par' dir='ltr' id='par_1_77' title="bbox 412 4475 1344 4531">
     <span class='ocr_line' id='line_1_77' title="bbox 412 4475 1344 4531; baseline 0.001 -2"><span class='ocrx_word' id='word_1_540' title='bbox 412 4475 576 4529; x_wconf 86' lang='lat' dir='ltr'><strong>etiam</strong></span> <span class='ocrx_word' id='word_1_541' title='bbox 609 4475 914 4530; x_wconf 79' lang='lat' dir='ltr'><strong>observavit</strong></span> <span class='ocrx_word' id='word_1_542' title='bbox 940 4475 1344 4531; x_wconf 84' lang='lat' dir='ltr'><strong>llenschenius.</strong></span> 
     </span>
    </p>
   </div>
   <div class='ocr_carea' id='block_1_78' title="bbox 483 4563 1989 4636">
    <p class='ocr_par' dir='ltr' id='par_1_78' title="bbox 483 4563 1989 4636">
     <span class='ocr_line' id='line_1_78' title="bbox 483 4563 1989 4636; baseline -0.002 -18"><span class='ocrx_word' id='word_1_543' title='bbox 483 4565 605 4620; x_wconf 78' lang='lat' dir='ltr'><strong>HO.</strong></span> <span class='ocrx_word' id='word_1_544' title='bbox 645 4569 820 4635; x_wconf 77' lang='lat' dir='ltr'><strong>Atque</strong></span> <span class='ocrx_word' id='word_1_545' title='bbox 851 4565 1106 4636; x_wconf 80' lang='lat' dir='ltr'><strong>hincjam</strong></span> <span class='ocrx_word' id='word_1_546' title='bbox 1141 4566 1542 4622; x_wconf 83' lang='lat' dir='ltr'><strong>consectarium</strong></span> <span class='ocrx_word' id='word_1_547' title='bbox 1568 4572 1676 4631; x_wconf 89' lang='lat' dir='ltr'><strong>est,</strong></span> <span class='ocrx_word' id='word_1_548' title='bbox 1700 4573 1759 4620; x_wconf 89' lang='lat' dir='ltr'><strong>ut</strong></span> <span class='ocrx_word' id='word_1_549' title='bbox 1784 4563 1989 4618; x_wconf 80' lang='lat' dir='ltr'><strong>Radul-</strong></span> 
     </span>
    </p>
   </div>
   <div class='ocr_carea' id='block_1_79' title="bbox 414 4655 1989 4728">
    <p class='ocr_par' dir='ltr' id='par_1_79' title="bbox 414 4655 1989 4728">
     <span class='ocr_line' id='line_1_79' title="bbox 414 4655 1989 4728; baseline -0.003 -17"><span class='ocrx_word' id='word_1_550' title='bbox 414 4658 506 4728; x_wconf 81' lang='lat' dir='ltr'><strong>phi</strong></span> <span class='ocrx_word' id='word_1_551' title='bbox 535 4657 760 4720; x_wconf 87' lang='lat' dir='ltr'><strong>laudati,</strong></span> <span class='ocrx_word' id='word_1_552' title='bbox 787 4659 879 4725; x_wconf 91' lang='lat' dir='ltr'><strong>qui</strong></span> <span class='ocrx_word' id='word_1_553' title='bbox 917 4660 1086 4713; x_wconf 85' lang='lat' dir='ltr'><strong>sancti</strong></span> <span class='ocrx_word' id='word_1_554' title='bbox 1122 4658 1384 4712; x_wconf 83' lang='lat' dir='ltr'><strong>Lietberti</strong></span> <span class='ocrx_word' id='word_1_555' title='bbox 1418 4657 1616 4721; x_wconf 81' lang='lat' dir='ltr'><strong>Vitam,</strong></span> <span class='ocrx_word' id='word_1_556' title='bbox 1648 4672 1714 4712; x_wconf 87' lang='lat' dir='ltr'><strong>ac</strong></span> <span class='ocrx_word' id='word_1_557' title='bbox 1737 4655 1989 4711; x_wconf 62' lang='lat' dir='ltr'><strong>nomino.</strong></span> 
     </span>
    </p>
   </div>
   <div class='ocr_carea' id='block_1_80' title="bbox 419 4748 1990 4818">
    <p class='ocr_par' dir='ltr' id='par_1_80' title="bbox 419 4748 1990 4818">
     <span class='ocr_line' id='line_1_80' title="bbox 419 4748 1990 4818; baseline -0.002 -16"><span class='ocrx_word' id='word_1_558' title='bbox 419 4750 512 4802; x_wconf 90' lang='lat' dir='ltr'><strong>tim</strong></span> <span class='ocrx_word' id='word_1_559' title='bbox 545 4748 648 4802; x_wconf 91' lang='lat' dir='ltr'><strong>iter</strong></span> <span class='ocrx_word' id='word_1_560' title='bbox 675 4750 794 4817; x_wconf 85' lang='lat' dir='ltr'><strong>ejus</strong></span> <span class='ocrx_word' id='word_1_561' title='bbox 820 4748 1366 4816; x_wconf 82' lang='lat' dir='ltr'><strong>Hierosolymitanum</strong></span> <span class='ocrx_word' id='word_1_562' title='bbox 1393 4748 1707 4818; x_wconf 83' lang='lat' dir='ltr'><strong>descripsit,</strong></span> <span class='ocrx_word' id='word_1_563' title='bbox 1739 4749 1990 4803; x_wconf 56' lang='lat' dir='ltr'><strong>testium.</strong></span> 
     </span>
    </p>
   </div>
   <div class='ocr_carea' id='block_1_81' title="bbox 417 4839 1990 4909">
    <p class='ocr_par' dir='ltr' id='par_1_81' title="bbox 417 4839 1990 4909">
     <span class='ocr_line' id='line_1_81' title="bbox 417 4839 1990 4909; baseline -0.001 -15"><span class='ocrx_word' id='word_1_564' title='bbox 417 4846 566 4894; x_wconf 84' lang='lat' dir='ltr'><strong>nium</strong></span> <span class='ocrx_word' id='word_1_565' title='bbox 590 4841 906 4908; x_wconf 89' lang='lat' dir='ltr'><strong>neutiquam</strong></span> <span class='ocrx_word' id='word_1_566' title='bbox 940 4839 1167 4895; x_wconf 85' lang='lat' dir='ltr'><strong>sulliciat</strong></span> <span class='ocrx_word' id='word_1_567' title='bbox 1191 4883 1207 4909; x_wconf 95' lang='lat'><strong>,</strong></span> <span class='ocrx_word' id='word_1_568' title='bbox 1236 4851 1296 4896; x_wconf 90' lang='lat' dir='ltr'><strong>ut</strong></span> <span class='ocrx_word' id='word_1_569' title='bbox 1315 4841 1584 4902; x_wconf 89' lang='lat' dir='ltr'><strong>Corinthi,</strong></span> <span class='ocrx_word' id='word_1_570' title='bbox 1614 4854 1736 4894; x_wconf 90' lang='lat' dir='ltr'><strong>cum</strong></span> <span class='ocrx_word' id='word_1_571' title='bbox 1766 4848 1990 4893; x_wconf 80' lang='lat' dir='ltr'><strong>sanctus</strong></span> 
     </span>
    </p>
   </div>
   <div class='ocr_carea' id='block_1_82' title="bbox 416 4931 1988 5005">
    <p class='ocr_par' dir='ltr' id='par_1_82' title="bbox 416 4931 1988 5005">
     <span class='ocr_line' id='line_1_82' title="bbox 416 4931 1988 5005; baseline 0 -20"><span class='ocrx_word' id='word_1_572' title='bbox 416 4933 461 4986; x_wconf 82' lang='lat' dir='ltr'><strong>is</strong></span> <span class='ocrx_word' id='word_1_573' title='bbox 513 4933 806 5000; x_wconf 84' lang='lat' dir='ltr'><strong>episcopus</strong></span> <span class='ocrx_word' id='word_1_574' title='bbox 863 4931 1290 5005; x_wconf 81' lang='lat' dir='ltr'><strong>Hierosolymam</strong></span> <span class='ocrx_word' id='word_1_575' title='bbox 1343 4941 1572 5000; x_wconf 78' lang='lat' dir='ltr'><strong>peteret,</strong></span> <span class='ocrx_word' id='word_1_576' title='bbox 1633 4931 1715 4986; x_wconf 86' lang='lat' dir='ltr'><strong>vel</strong></span> <span class='ocrx_word' id='word_1_577' title='bbox 1775 4941 1988 5001; x_wconf 72' lang='lat' dir='ltr'><strong>partem</strong></span> 
     </span>
    </p>
   </div>
   <div class='ocr_carea' id='block_1_83' title="bbox 415 5023 1990 5092">
    <p class='ocr_par' dir='ltr' id='par_1_83' title="bbox 415 5023 1990 5092">
     <span class='ocr_line' id='line_1_83' title="bbox 415 5023 1990 5092; baseline -0.001 -16"><span class='ocrx_word' id='word_1_578' title='bbox 415 5025 580 5078; x_wconf 74' lang='lat' dir='ltr'><strong>(t’am</strong></span> <span class='ocrx_word' id='word_1_579' title='bbox 614 5023 881 5078; x_wconf 81' lang='lat' dir='ltr'><strong>duntaxat</strong></span> <span class='ocrx_word' id='word_1_580' title='bbox 909 5026 1157 5092; x_wconf 82' lang='lat' dir='ltr'><strong>corporis</strong></span> <span class='ocrx_word' id='word_1_581' title='bbox 1194 5025 1369 5080; x_wconf 81' lang='lat' dir='ltr'><strong>sancti</strong></span> <span class='ocrx_word' id='word_1_582' title='bbox 1417 5024 1676 5080; x_wconf 87' lang='lat' dir='ltr'><strong>Demetrii</strong></span> <span class='ocrx_word' id='word_1_583' title='bbox 1711 5023 1990 5078; x_wconf 76' lang='lat' dir='ltr'><strong>exstitisse</strong></span> 
     </span>
    </p>
   </div>
   <div class='ocr_carea' id='block_1_84' title="bbox 415 5114 1985 5186">
    <p class='ocr_par' dir='ltr' id='par_1_84' title="bbox 415 5114 1985 5186">
     <span class='ocr_line' id='line_1_84' title="bbox 415 5114 1985 5186; baseline -0.001 -17"><span class='ocrx_word' id='word_1_584' title='bbox 415 5115 726 5170; x_wconf 86' lang='lat' dir='ltr'><strong>credamus.</strong></span> <span class='ocrx_word' id='word_1_585' title='bbox 753 5114 949 5170; x_wconf 83' lang='lat' dir='ltr'><strong>Verum</strong></span> <span class='ocrx_word' id='word_1_586' title='bbox 968 5131 1100 5170; x_wconf 90' lang='lat' dir='ltr'><strong>num</strong></span> <span class='ocrx_word' id='word_1_587' title='bbox 1121 5127 1244 5186; x_wconf 89' lang='lat' dir='ltr'><strong>post</strong></span> <span class='ocrx_word' id='word_1_588' title='bbox 1268 5117 1460 5170; x_wconf 87' lang='lat' dir='ltr'><strong>saltem</strong></span> <span class='ocrx_word' id='word_1_589' title='bbox 1488 5132 1646 5171; x_wconf 89' lang='lat' dir='ltr'><strong>sacro</strong></span> <span class='ocrx_word' id='word_1_590' title='bbox 1670 5115 1985 5184; x_wconf 86' lang='lat' dir='ltr'><strong>hujusmodi</strong></span> 
     </span>
    </p>
   </div>
   <div class='ocr_carea' id='block_1_85' title="bbox 419 5206 1990 5278">
    <p class='ocr_par' dir='ltr' id='par_1_85' title="bbox 419 5206 1990 5278">
     <span class='ocr_line' id='line_1_85' title="bbox 419 5206 1990 5278; baseline 0.002 -20"><span class='ocrx_word' id='word_1_591' title='bbox 419 5207 646 5277; x_wconf 84' lang='lat' dir='ltr'><strong>pignore</strong></span> <span class='ocrx_word' id='word_1_592' title='bbox 678 5206 872 5261; x_wconf 85' lang='lat' dir='ltr'><strong>civitas</strong></span> <span class='ocrx_word' id='word_1_593' title='bbox 907 5206 996 5260; x_wconf 91' lang='lat' dir='ltr'><strong>illa</strong></span> <span class='ocrx_word' id='word_1_594' title='bbox 1033 5207 1134 5260; x_wconf 81' lang='lat' dir='ltr'><strong>fuit</strong></span> <span class='ocrx_word' id='word_1_595' title='bbox 1166 5208 1374 5262; x_wconf 82' lang='lat' dir='ltr'><strong>ditata?</strong></span> <span class='ocrx_word' id='word_1_596' title='bbox 1406 5207 1459 5262; x_wconf 93' lang='lat' dir='ltr'><strong>ld</strong></span> <span class='ocrx_word' id='word_1_597' title='bbox 1484 5223 1603 5278; x_wconf 87' lang='lat' dir='ltr'><strong>ego,</strong></span> <span class='ocrx_word' id='word_1_598' title='bbox 1636 5217 1756 5261; x_wconf 91' lang='lat' dir='ltr'><strong>utut</strong></span> <span class='ocrx_word' id='word_1_599' title='bbox 1781 5223 1811 5260; x_wconf 90' lang='lat' dir='ltr'><strong>e</strong></span> <span class='ocrx_word' id='word_1_600' title='bbox 1839 5206 1990 5261; x_wconf 88' lang='lat' dir='ltr'><strong>nullo</strong></span> 
     </span>
    </p>
   </div>
   <div class='ocr_carea' id='block_1_86' title="bbox 417 5283 1989 5370">
    <p class='ocr_par' dir='ltr' id='par_1_86' title="bbox 417 5283 1989 5370">
     <span class='ocr_line' id='line_1_86' title="bbox 417 5283 1989 5370; baseline 0 -18"><span class='ocrx_word' id='word_1_601' title='bbox 417 5313 638 5370; x_wconf 84' lang='lat' dir='ltr'><strong>prorsus</strong></span> <span class='ocrx_word' id='word_1_602' title='bbox 654 5297 984 5353; x_wconf 89' lang='lat' dir='ltr'><strong>documento</strong></span> <span class='ocrx_word' id='word_1_603' title='bbox 1002 5297 1259 5353; x_wconf 78' lang='lat' dir='ltr'><strong>aliirmari</strong></span> <span class='ocrx_word' id='word_1_604' title='bbox 1289 5283 1473 5368; x_wconf 76' lang='lat' dir='ltr'><strong>queat,</strong></span> <span class='ocrx_word' id='word_1_605' title='bbox 1506 5298 1878 5352; x_wconf 86' lang='lat' dir='ltr'><strong>indubitanter</strong></span> <span class='ocrx_word' id='word_1_606' title='bbox 1907 5307 1989 5352; x_wconf 84' lang='lat' dir='ltr'><strong>ta-</strong></span> 
     </span>
    </p>
   </div>
   <div class='ocr_carea' id='block_1_87' title="bbox 418 5389 1988 5461">
    <p class='ocr_par' dir='ltr' id='par_1_87' title="bbox 418 5389 1988 5461">
     <span class='ocr_line' id='line_1_87' title="bbox 418 5389 1988 5461; baseline -0.001 -16"><span class='ocrx_word' id='word_1_607' title='bbox 418 5406 544 5445; x_wconf 92' lang='lat' dir='ltr'><strong>men</strong></span> <span class='ocrx_word' id='word_1_608' title='bbox 577 5405 778 5461; x_wconf 90' lang='lat' dir='ltr'><strong>negare</strong></span> <span class='ocrx_word' id='word_1_609' title='bbox 829 5406 942 5444; x_wconf 91' lang='lat' dir='ltr'><strong>non</strong></span> <span class='ocrx_word' id='word_1_610' title='bbox 994 5392 1194 5457; x_wconf 87' lang='lat' dir='ltr'><strong>ausim,</strong></span> <span class='ocrx_word' id='word_1_611' title='bbox 1227 5391 1466 5445; x_wconf 76' lang='lat' dir='ltr'><strong>maxime</strong></span> <span class='ocrx_word' id='word_1_612' title='bbox 1496 5389 1640 5459; x_wconf 86' lang='lat' dir='ltr'><strong>quod</strong></span> <span class='ocrx_word' id='word_1_613' title='bbox 1673 5399 1796 5458; x_wconf 83' lang='lat' dir='ltr'><strong>post</strong></span> <span class='ocrx_word' id='word_1_614' title='bbox 1819 5404 1988 5444; x_wconf 66' lang='lat' dir='ltr'><strong>saecu-</strong></span> 
     </span>
    </p>
   </div>
   <div class='ocr_carea' id='block_1_88' title="bbox 417 5481 1986 5551">
    <p class='ocr_par' dir='ltr' id='par_1_88' title="bbox 417 5481 1986 5551">
     <span class='ocr_line' id='line_1_88' title="bbox 417 5481 1986 5551; baseline 0 -15"><span class='ocrx_word' id='word_1_615' title='bbox 417 5483 527 5536; x_wconf 91' lang='lat' dir='ltr'><strong>lum</strong></span> <span class='ocrx_word' id='word_1_616' title='bbox 560 5481 909 5536; x_wconf 90' lang='lat' dir='ltr'><strong>undecimum</strong></span> <span class='ocrx_word' id='word_1_617' title='bbox 939 5521 953 5543; x_wconf 90' lang='lat'><strong>,</strong></span> <span class='ocrx_word' id='word_1_618' title='bbox 981 5497 1091 5551; x_wconf 92' lang='lat' dir='ltr'><strong>quo</strong></span> <span class='ocrx_word' id='word_1_619' title='bbox 1120 5492 1343 5537; x_wconf 87' lang='lat' dir='ltr'><strong>sanctus</strong></span> <span class='ocrx_word' id='word_1_620' title='bbox 1394 5481 1702 5536; x_wconf 79' lang='lat' dir='ltr'><strong>Lietbertus</strong></span> <span class='ocrx_word' id='word_1_621' title='bbox 1730 5481 1986 5536; x_wconf 82' lang='lat' dir='ltr'><strong>Hieroso-</strong></span> 
     </span>
    </p>
   </div>
   <div class='ocr_carea' id='block_1_89' title="bbox 416 5573 1986 5642">
    <p class='ocr_par' dir='ltr' id='par_1_89' title="bbox 416 5573 1986 5642">
     <span class='ocr_line' id='line_1_89' title="bbox 416 5573 1986 5642; baseline -0.001 -15"><span class='ocrx_word' id='word_1_622' title='bbox 416 5574 615 5642; x_wconf 84' lang='lat' dir='ltr'><strong>lymam</strong></span> <span class='ocrx_word' id='word_1_623' title='bbox 648 5574 820 5642; x_wconf 88' lang='lat' dir='ltr'><strong>petiit.</strong></span> <span class='ocrx_word' id='word_1_624' title='bbox 851 5583 948 5630; x_wconf 90' lang='lat' dir='ltr'><strong>aut</strong></span> <span class='ocrx_word' id='word_1_625' title='bbox 979 5575 1122 5631; x_wconf 80' lang='lat' dir='ltr'><strong>forte</strong></span> <span class='ocrx_word' id='word_1_626' title='bbox 1147 5575 1311 5629; x_wconf 83' lang='lat' dir='ltr'><strong>etiam</strong></span> <span class='ocrx_word' id='word_1_627' title='bbox 1343 5574 1528 5636; x_wconf 87' lang='lat' dir='ltr'><strong>citius,</strong></span> <span class='ocrx_word' id='word_1_628' title='bbox 1562 5574 1775 5642; x_wconf 88' lang='lat' dir='ltr'><strong>aliquas</strong></span> <span class='ocrx_word' id='word_1_629' title='bbox 1796 5573 1986 5629; x_wconf 84' lang='lat' dir='ltr'><strong>saltem</strong></span> 
     </span>
    </p>
   </div>
   <div class='ocr_carea' id='block_1_90' title="bbox 416 5663 1987 5734">
    <p class='ocr_par' dir='ltr' id='par_1_90' title="bbox 416 5663 1987 5734">
     <span class='ocr_line' id='line_1_90' title="bbox 416 5663 1987 5734; baseline 0.001 -18"><span class='ocrx_word' id='word_1_630' title='bbox 416 5664 591 5717; x_wconf 70' lang='lat' dir='ltr'><strong>amicti</strong></span> <span class='ocrx_word' id='word_1_631' title='bbox 625 5663 882 5719; x_wconf 88' lang='lat' dir='ltr'><strong>Demetrii</strong></span> <span class='ocrx_word' id='word_1_632' title='bbox 914 5665 1176 5734; x_wconf 87' lang='lat' dir='ltr'><strong>reliquias</strong></span> <span class='ocrx_word' id='word_1_633' title='bbox 1215 5664 1384 5720; x_wconf 77' lang='lat' dir='ltr'><strong>fuisse</strong></span> <span class='ocrx_word' id='word_1_634' title='bbox 1411 5665 1698 5720; x_wconf 76' lang='lat' dir='ltr'><strong>distractos</strong></span> <span class='ocrx_word' id='word_1_635' title='bbox 1735 5679 1829 5718; x_wconf 88' lang='lat' dir='ltr'><strong>seu</strong></span> <span class='ocrx_word' id='word_1_636' title='bbox 1861 5679 1987 5718; x_wconf 91' lang='lat' dir='ltr'><strong>cum</strong></span> 
     </span>
    </p>
   </div>
   <div class='ocr_carea' id='block_1_91' title="bbox 418 5753 1987 5825">
    <p class='ocr_par' dir='ltr' id='par_1_91' title="bbox 418 5753 1987 5825">
     <span class='ocr_line' id='line_1_91' title="bbox 418 5753 1987 5825; baseline 0.001 -19"><span class='ocrx_word' id='word_1_637' title='bbox 418 5753 540 5806; x_wconf 84' lang='lat' dir='ltr'><strong>aliis</strong></span> <span class='ocrx_word' id='word_1_638' title='bbox 579 5754 824 5812; x_wconf 79' lang='lat' dir='ltr'><strong>ccclesiis</strong></span> <span class='ocrx_word' id='word_1_639' title='bbox 855 5756 1306 5822; x_wconf 80' lang='lat' dir='ltr'><strong>communicatas,</strong></span> <span class='ocrx_word' id='word_1_640' title='bbox 1337 5771 1401 5811; x_wconf 77' lang='lat' dir='ltr'><strong>ex</strong></span> <span class='ocrx_word' id='word_1_641' title='bbox 1426 5755 1530 5825; x_wconf 85' lang='lat' dir='ltr'><strong>jam</strong></span> <span class='ocrx_word' id='word_1_642' title='bbox 1566 5770 1712 5810; x_wconf 87' lang='lat' dir='ltr'><strong>nunc</strong></span> <span class='ocrx_word' id='word_1_643' title='bbox 1743 5755 1987 5810; x_wconf 84' lang='lat' dir='ltr'><strong>dicendis</strong></span> 
     </span>
    </p>
   </div>
   <div class='ocr_carea' id='block_1_92' title="bbox 2086 3180 3654 3255">
    <p class='ocr_par' dir='ltr' id='par_1_92' title="bbox 2086 3180 3654 3255">
     <span class='ocr_line' id='line_1_92' title="bbox 2086 3180 3654 3255; baseline 0.004 -22"><span class='ocrx_word' id='word_1_644' title='bbox 2086 3195 2186 3249; x_wconf 85' lang='lat' dir='ltr'><strong>pro</strong></span> <span class='ocrx_word' id='word_1_645' title='bbox 2241 3180 2679 3236; x_wconf 86' lang='lat' dir='ltr'><strong>Christianorum</strong></span> <span class='ocrx_word' id='word_1_646' title='bbox 2739 3184 2791 3236; x_wconf 88' lang='lat' dir='ltr'><strong>in</strong></span> <span class='ocrx_word' id='word_1_647' title='bbox 2824 3183 2969 3238; x_wconf 90' lang='lat' dir='ltr'><strong>bello</strong></span> <span class='ocrx_word' id='word_1_648' title='bbox 3001 3186 3252 3253; x_wconf 88' lang='lat' dir='ltr'><strong>patronis</strong></span> <span class='ocrx_word' id='word_1_649' title='bbox 3288 3201 3386 3240; x_wconf 87' lang='lat' dir='ltr'><strong>seu</strong></span> <span class='ocrx_word' id='word_1_650' title='bbox 3444 3202 3654 3255; x_wconf 82' lang='lat' dir='ltr'><strong>propu-</strong></span> 
     </span>
    </p>
   </div>
   <div class='ocr_carea' id='block_1_93' title="bbox 2081 3269 3672 3343">
    <p class='ocr_par' dir='ltr' id='par_1_93' title="bbox 2081 3269 3672 3343">
     <span class='ocr_line' id='line_1_93' title="bbox 2081 3269 3672 3343; baseline 0.004 -18"><span class='ocrx_word' id='word_1_651' title='bbox 2081 3271 2424 3343; x_wconf 83' lang='lat' dir='ltr'><strong>gnatoribus,</strong></span> <span class='ocrx_word' id='word_1_652' title='bbox 2481 3288 2586 3326; x_wconf 91' lang='lat' dir='ltr'><strong>non</strong></span> <span class='ocrx_word' id='word_1_653' title='bbox 2626 3287 2786 3327; x_wconf 86' lang='lat' dir='ltr'><strong>secus</strong></span> <span class='ocrx_word' id='word_1_654' title='bbox 2833 3289 2898 3328; x_wconf 88' lang='lat' dir='ltr'><strong>ac</strong></span> <span class='ocrx_word' id='word_1_655' title='bbox 2926 3287 3151 3330; x_wconf 90' lang='lat' dir='ltr'><strong>sanctus</strong></span> <span class='ocrx_word' id='word_1_656' title='bbox 3196 3286 3382 3331; x_wconf 90' lang='lat' dir='ltr'><strong>noster</strong></span> <span class='ocrx_word' id='word_1_657' title='bbox 3419 3269 3672 3332; x_wconf 43' lang='lat' dir='ltr'><strong>Tliessao&#39;</strong></span> 
     </span>
    </p>
   </div>
   <div class='ocr_carea' id='block_1_94' title="bbox 2083 3363 3651 3434">
    <p class='ocr_par' dir='ltr' id='par_1_94' title="bbox 2083 3363 3651 3434">
     <span class='ocr_line' id='line_1_94' title="bbox 2083 3363 3651 3434; baseline 0.003 -16"><span class='ocrx_word' id='word_1_658' title='bbox 2083 3365 2380 3419; x_wconf 87' lang='lat' dir='ltr'><strong>lonicensis</strong></span> <span class='ocrx_word' id='word_1_659' title='bbox 2418 3373 2623 3434; x_wconf 77' lang='lat' dir='ltr'><strong>martyr</strong></span> <span class='ocrx_word' id='word_1_660' title='bbox 2657 3363 2988 3430; x_wconf 88' lang='lat' dir='ltr'><strong>Demetrius,</strong></span> <span class='ocrx_word' id='word_1_661' title='bbox 3021 3369 3239 3422; x_wconf 87' lang='lat' dir='ltr'><strong>soleant.</strong></span> <span class='ocrx_word' id='word_1_662' title='bbox 3286 3368 3500 3431; x_wconf 87' lang='lat' dir='ltr'><strong>haberi,</strong></span> <span class='ocrx_word' id='word_1_663' title='bbox 3540 3383 3651 3422; x_wconf 86' lang='lat' dir='ltr'><strong>non</strong></span> 
     </span>
    </p>
   </div>
   <div class='ocr_carea' id='block_1_95' title="bbox 2085 3459 3658 3534">
    <p class='ocr_par' dir='ltr' id='par_1_95' title="bbox 2085 3459 3658 3534">
     <span class='ocr_line' id='line_1_95' title="bbox 2085 3459 3658 3534; baseline 0.002 -19"><span class='ocrx_word' id='word_1_664' title='bbox 2085 3461 2154 3515; x_wconf 88' lang='lat' dir='ltr'><strong>de</strong></span> <span class='ocrx_word' id='word_1_665' title='bbox 2209 3460 2317 3514; x_wconf 89' lang='lat' dir='ltr'><strong>alio</strong></span> <span class='ocrx_word' id='word_1_666' title='bbox 2361 3471 2556 3514; x_wconf 80' lang='lat' dir='ltr'><strong>Sancto</strong></span> <span class='ocrx_word' id='word_1_667' title='bbox 2597 3459 2874 3514; x_wconf 87' lang='lat' dir='ltr'><strong>Demetrio</strong></span> <span class='ocrx_word' id='word_1_668' title='bbox 2920 3479 3181 3532; x_wconf 72' lang='lat' dir='ltr'><strong>martyre,</strong></span> <span class='ocrx_word' id='word_1_669' title='bbox 3234 3479 3400 3534; x_wconf 91' lang='lat' dir='ltr'><strong>quam</strong></span> <span class='ocrx_word' id='word_1_670' title='bbox 3438 3464 3505 3519; x_wconf 89' lang='lat' dir='ltr'><strong>de</strong></span> <span class='ocrx_word' id='word_1_671' title='bbox 3555 3465 3658 3518; x_wconf 87' lang='lat' dir='ltr'><strong>hoc</strong></span> 
     </span>
    </p>
   </div>
   <div class='ocr_carea' id='block_1_96' title="bbox 2083 3549 3654 3620">
    <p class='ocr_par' dir='ltr' id='par_1_96' title="bbox 2083 3549 3654 3620">
     <span class='ocr_line' id='line_1_96' title="bbox 2083 3549 3654 3620; baseline 0.004 -16"><span class='ocrx_word' id='word_1_672' title='bbox 2083 3559 2302 3614; x_wconf 88' lang='lat' dir='ltr'><strong>nostro,</strong></span> <span class='ocrx_word' id='word_1_673' title='bbox 2340 3549 2394 3602; x_wconf 89' lang='lat' dir='ltr'><strong>in</strong></span> <span class='ocrx_word' id='word_1_674' title='bbox 2450 3550 2690 3605; x_wconf 85' lang='lat' dir='ltr'><strong>laudatis</strong></span> <span class='ocrx_word' id='word_1_675' title='bbox 2737 3554 3118 3608; x_wconf 87' lang='lat' dir='ltr'><strong>monumentis</strong></span> <span class='ocrx_word' id='word_1_676' title='bbox 3171 3555 3288 3609; x_wconf 75' lang='lat' dir='ltr'><strong>fieri</strong></span> <span class='ocrx_word' id='word_1_677' title='bbox 3321 3571 3654 3620; x_wconf 87' lang='lat' dir='ltr'><strong>sermonem,</strong></span> 
     </span>
    </p>
   </div>
   <div class='ocr_carea' id='block_1_97' title="bbox 2084 3643 3658 3720">
    <p class='ocr_par' dir='ltr' id='par_1_97' title="bbox 2084 3643 3658 3720">
     <span class='ocr_line' id='line_1_97' title="bbox 2084 3643 3658 3720; baseline 0.001 -22"><span class='ocrx_word' id='word_1_678' title='bbox 2084 3652 2167 3720; x_wconf 78' lang='lat' dir='ltr'><strong>sat</strong></span> <span class='ocrx_word' id='word_1_679' title='bbox 2224 3643 2538 3698; x_wconf 79' lang='lat' dir='ltr'><strong>verosimile</strong></span> <span class='ocrx_word' id='word_1_680' title='bbox 2587 3656 2836 3714; x_wconf 85' lang='lat' dir='ltr'><strong>apparet.</strong></span> <span class='ocrx_word' id='word_1_681' title='bbox 2868 3645 3022 3710; x_wconf 85' lang='lat' dir='ltr'><strong>Quod</strong></span> <span class='ocrx_word' id='word_1_682' title='bbox 3071 3663 3193 3700; x_wconf 91' lang='lat' dir='ltr'><strong>cum</strong></span> <span class='ocrx_word' id='word_1_683' title='bbox 3233 3647 3304 3699; x_wconf 79' lang='lat' dir='ltr'><strong>ita</strong></span> <span class='ocrx_word' id='word_1_684' title='bbox 3335 3647 3429 3711; x_wconf 90' lang='lat' dir='ltr'><strong>sit,</strong></span> <span class='ocrx_word' id='word_1_685' title='bbox 3472 3661 3658 3700; x_wconf 84' lang='lat' dir='ltr'><strong>sacras</strong></span> 
     </span>
    </p>
   </div>
   <div class='ocr_carea' id='block_1_98' title="bbox 2085 3734 3654 3807">
    <p class='ocr_par' dir='ltr' id='par_1_98' title="bbox 2085 3734 3654 3807">
     <span class='ocr_line' id='line_1_98' title="bbox 2085 3734 3654 3807; baseline 0 -17"><span class='ocrx_word' id='word_1_686' title='bbox 2085 3734 2276 3790; x_wconf 84' lang='lat' dir='ltr'><strong>Sancti</strong></span> <span class='ocrx_word' id='word_1_687' title='bbox 2315 3738 2489 3790; x_wconf 86' lang='lat' dir='ltr'><strong>nostri</strong></span> <span class='ocrx_word' id='word_1_688' title='bbox 2552 3737 2815 3807; x_wconf 85' lang='lat' dir='ltr'><strong>reliquias</strong></span> <span class='ocrx_word' id='word_1_689' title='bbox 2868 3738 3012 3792; x_wconf 74' lang='lat' dir='ltr'><strong>Pola:</strong></span> <span class='ocrx_word' id='word_1_690' title='bbox 3064 3739 3118 3791; x_wconf 91' lang='lat' dir='ltr'><strong>in</strong></span> <span class='ocrx_word' id='word_1_691' title='bbox 3175 3738 3332 3793; x_wconf 89' lang='lat' dir='ltr'><strong>lstria</strong></span> <span class='ocrx_word' id='word_1_692' title='bbox 3363 3741 3654 3804; x_wconf 86' lang='lat' dir='ltr'><strong>asservari,</strong></span> 
     </span>
    </p>
   </div>
   <div class='ocr_carea' id='block_1_99' title="bbox 2082 3826 3658 3899">
    <p class='ocr_par' dir='ltr' id='par_1_99' title="bbox 2082 3826 3658 3899">
     <span class='ocr_line' id='line_1_99' title="bbox 2082 3826 3658 3899; baseline 0.003 -21"><span class='ocrx_word' id='word_1_693' title='bbox 2082 3835 2178 3879; x_wconf 87' lang='lat' dir='ltr'><strong>aut</strong></span> <span class='ocrx_word' id='word_1_694' title='bbox 2198 3826 2390 3880; x_wconf 88' lang='lat' dir='ltr'><strong>saltem</strong></span> <span class='ocrx_word' id='word_1_695' title='bbox 2420 3837 2665 3897; x_wconf 86' lang='lat' dir='ltr'><strong>tempore</strong></span> <span class='ocrx_word' id='word_1_696' title='bbox 2701 3831 2756 3884; x_wconf 91' lang='lat' dir='ltr'><strong>in</strong></span> <span class='ocrx_word' id='word_1_697' title='bbox 2787 3830 3137 3886; x_wconf 86' lang='lat' dir='ltr'><strong>documentis</strong></span> <span class='ocrx_word' id='word_1_698' title='bbox 3188 3830 3430 3899; x_wconf 68' lang='lat' dir='ltr'><strong>praefatis</strong></span> <span class='ocrx_word' id='word_1_699' title='bbox 3468 3838 3658 3884; x_wconf 87' lang='lat' dir='ltr'><strong>notato</strong></span> 
     </span>
    </p>
   </div>
   <div class='ocr_carea' id='block_1_100' title="bbox 2083 3917 3655 3992">
    <p class='ocr_par' dir='ltr' id='par_1_100' title="bbox 2083 3917 3655 3992">
     <span class='ocr_line' id='line_1_100' title="bbox 2083 3917 3655 3992; baseline 0.004 -21"><span class='ocrx_word' id='word_1_700' title='bbox 2083 3917 2252 3972; x_wconf 74' lang='lat' dir='ltr'><strong>fuisse</strong></span> <span class='ocrx_word' id='word_1_701' title='bbox 2291 3928 2618 3984; x_wconf 82' lang='lat' dir='ltr'><strong>asservatas,</strong></span> <span class='ocrx_word' id='word_1_702' title='bbox 2661 3930 2748 3976; x_wconf 90' lang='lat' dir='ltr'><strong>sat</strong></span> <span class='ocrx_word' id='word_1_703' title='bbox 2795 3923 3004 3992; x_wconf 90' lang='lat' dir='ltr'><strong>pariter</strong></span> <span class='ocrx_word' id='word_1_704' title='bbox 3059 3921 3370 3978; x_wconf 86' lang='lat' dir='ltr'><strong>verosimile</strong></span> <span class='ocrx_word' id='word_1_705' title='bbox 3417 3921 3655 3977; x_wconf 76' lang='lat' dir='ltr'><strong>videtur.-</strong></span> 
     </span>
    </p>
   </div>
   <div class='ocr_carea' id='block_1_101' title="bbox 2084 4007 3660 4081">
    <p class='ocr_par' dir='ltr' id='par_1_101' title="bbox 2084 4007 3660 4081">
     <span class='ocr_line' id='line_1_101' title="bbox 2084 4007 3660 4081; baseline 0.002 -19"><span class='ocrx_word' id='word_1_706' title='bbox 2084 4007 2287 4062; x_wconf 64' lang='lat' dir='ltr'><strong>V&#39;erutn</strong></span> <span class='ocrx_word' id='word_1_707' title='bbox 2339 4009 2687 4081; x_wconf 82' lang='lat' dir='ltr'><strong>iutegrumne</strong></span> <span class='ocrx_word' id='word_1_708' title='bbox 2739 4012 2838 4066; x_wconf 87' lang='lat' dir='ltr'><strong>has</strong></span> <span class='ocrx_word' id='word_1_709' title='bbox 2872 4011 3060 4066; x_wconf 87' lang='lat' dir='ltr'><strong>Sancti</strong></span> <span class='ocrx_word' id='word_1_710' title='bbox 3103 4027 3327 4080; x_wconf 83' lang='lat' dir='ltr'><strong>corpus,</strong></span> <span class='ocrx_word' id='word_1_711' title='bbox 3389 4026 3457 4064; x_wconf 89' lang='lat' dir='ltr'><strong>an</strong></span> <span class='ocrx_word' id='word_1_712' title='bbox 3493 4011 3660 4078; x_wconf 78' lang='lat' dir='ltr'><strong>hujus</strong></span> 
     </span>
    </p>
   </div>
   <div class='ocr_carea' id='block_1_102' title="bbox 2085 4100 3656 4170">
    <p class='ocr_par' dir='ltr' id='par_1_102' title="bbox 2085 4100 3656 4170">
     <span class='ocr_line' id='line_1_102' title="bbox 2085 4100 3656 4170; baseline 0.003 -18"><span class='ocrx_word' id='word_1_713' title='bbox 2085 4100 2354 4154; x_wconf 72' lang='lat' dir='ltr'><strong>duntaxat</strong></span> <span class='ocrx_word' id='word_1_714' title='bbox 2411 4111 2620 4170; x_wconf 86' lang='lat' dir='ltr'><strong>partem</strong></span> <span class='ocrx_word' id='word_1_715' title='bbox 2653 4101 2822 4157; x_wconf 80' lang='lat' dir='ltr'><strong>fuisse</strong></span> <span class='ocrx_word' id='word_1_716' title='bbox 2868 4103 3157 4157; x_wconf 82' lang='lat' dir='ltr'><strong>dicemus?</strong></span> <span class='ocrx_word' id='word_1_717' title='bbox 3189 4103 3326 4156; x_wconf 90' lang='lat' dir='ltr'><strong>Cum</strong></span> <span class='ocrx_word' id='word_1_718' title='bbox 3367 4117 3478 4156; x_wconf 90' lang='lat' dir='ltr'><strong>non</strong></span> <span class='ocrx_word' id='word_1_719' title='bbox 3509 4117 3656 4167; x_wconf 88' lang='lat' dir='ltr'><strong>raro,</strong></span> 
     </span>
    </p>
   </div>
   <div class='ocr_carea' id='block_1_103' title="bbox 2089 4191 3656 4264">
    <p class='ocr_par' dir='ltr' id='par_1_103' title="bbox 2089 4191 3656 4264">
     <span class='ocr_line' id='line_1_103' title="bbox 2089 4191 3656 4264; baseline 0.002 -19"><span class='ocrx_word' id='word_1_720' title='bbox 2089 4191 2200 4246; x_wconf 91' lang='lat' dir='ltr'><strong>imo</strong></span> <span class='ocrx_word' id='word_1_721' title='bbox 2237 4191 2706 4263; x_wconf 77' lang='lat' dir='ltr'><strong>frequentissime,</strong></span> <span class='ocrx_word' id='word_1_722' title='bbox 2741 4193 2854 4258; x_wconf 81' lang='lat' dir='ltr'><strong>ﬁat,</strong></span> <span class='ocrx_word' id='word_1_723' title='bbox 2888 4202 2946 4248; x_wconf 94' lang='lat' dir='ltr'><strong>ut</strong></span> <span class='ocrx_word' id='word_1_724' title='bbox 2977 4194 3243 4264; x_wconf 67' lang='lat' dir='ltr'><strong>reliquiae,</strong></span> <span class='ocrx_word' id='word_1_725' title='bbox 3291 4209 3415 4263; x_wconf 69' lang='lat' dir='ltr'><strong>quae</strong></span> <span class='ocrx_word' id='word_1_726' title='bbox 3448 4204 3656 4264; x_wconf 84' lang='lat' dir='ltr'><strong>partem</strong></span> 
     </span>
    </p>
   </div>
   <div class='ocr_carea' id='block_1_104' title="bbox 2087 4286 3657 4356">
    <p class='ocr_par' dir='ltr' id='par_1_104' title="bbox 2087 4286 3657 4356">
     <span class='ocr_line' id='line_1_104' title="bbox 2087 4286 3657 4356; baseline 0.001 -17"><span class='ocrx_word' id='word_1_727' title='bbox 2087 4286 2356 4341; x_wconf 74' lang='lat' dir='ltr'><strong>duntaxat</strong></span> <span class='ocrx_word' id='word_1_728' title='bbox 2391 4287 2638 4354; x_wconf 84' lang='lat' dir='ltr'><strong>corporis</strong></span> <span class='ocrx_word' id='word_1_729' title='bbox 2687 4286 2876 4342; x_wconf 80' lang='lat' dir='ltr'><strong>Sancti</strong></span> <span class='ocrx_word' id='word_1_730' title='bbox 2930 4287 3236 4356; x_wconf 72' lang='lat' dir='ltr'><strong>cuiuspiam</strong></span> <span class='ocrx_word' id='word_1_731' title='bbox 3293 4291 3657 4353; x_wconf 81' lang='lat' dir='ltr'><strong>constituunt,</strong></span> 
     </span>
    </p>
   </div>
   <div class='ocr_carea' id='block_1_105' title="bbox 2091 4377 3660 4448">
    <p class='ocr_par' dir='ltr' id='par_1_105' title="bbox 2091 4377 3660 4448">
     <span class='ocr_line' id='line_1_105' title="bbox 2091 4377 3660 4448; baseline 0 -16"><span class='ocrx_word' id='word_1_732' title='bbox 2091 4379 2344 4448; x_wconf 87' lang='lat' dir='ltr'><strong>corporis</strong></span> <span class='ocrx_word' id='word_1_733' title='bbox 2375 4377 2621 4442; x_wconf 77' lang='lat' dir='ltr'><strong>nomine,</strong></span> <span class='ocrx_word' id='word_1_734' title='bbox 2645 4378 2810 4433; x_wconf 88' lang='lat' dir='ltr'><strong>etiam</strong></span> <span class='ocrx_word' id='word_1_735' title='bbox 2845 4377 2900 4432; x_wconf 92' lang='lat' dir='ltr'><strong>in</strong></span> <span class='ocrx_word' id='word_1_736' title='bbox 2935 4377 3282 4432; x_wconf 87' lang='lat' dir='ltr'><strong>documentis</strong></span> <span class='ocrx_word' id='word_1_737' title='bbox 3307 4377 3660 4441; x_wconf 85' lang='lat' dir='ltr'><strong>authenticis,</strong></span> 
     </span>
    </p>
   </div>
   <div class='ocr_carea' id='block_1_106' title="bbox 2015 4464 3660 4538">
    <p class='ocr_par' dir='ltr' id='par_1_106' title="bbox 2015 4464 3660 4538">
     <span class='ocr_line' id='line_1_106' title="bbox 2015 4464 3660 4538; baseline -0.002 -14"><span class='ocrx_word' id='word_1_738' title='bbox 2015 4468 2332 4531; x_wconf 82' lang='lat' dir='ltr'><strong>Dveniant,</strong></span> <span class='ocrx_word' id='word_1_739' title='bbox 2380 4483 2484 4523; x_wconf 88' lang='lat' dir='ltr'><strong>nec</strong></span> <span class='ocrx_word' id='word_1_740' title='bbox 2531 4467 2856 4537; x_wconf 86' lang='lat' dir='ltr'><strong>quidquam,</strong></span> <span class='ocrx_word' id='word_1_741' title='bbox 2921 4466 3068 4536; x_wconf 91' lang='lat' dir='ltr'><strong>quod</strong></span> <span class='ocrx_word' id='word_1_742' title='bbox 3124 4467 3397 4538; x_wconf 82' lang='lat' dir='ltr'><strong>integrum</strong></span> <span class='ocrx_word' id='word_1_743' title='bbox 3469 4464 3660 4520; x_wconf 83' lang='lat' dir='ltr'><strong>Sancti</strong></span> 
     </span>
    </p>
   </div>
   <div class='ocr_carea' id='block_1_107' title="bbox 2093 4555 3662 4630">
    <p class='ocr_par' dir='ltr' id='par_1_107' title="bbox 2093 4555 3662 4630">
     <span class='ocr_line' id='line_1_107' title="bbox 2093 4555 3662 4630; baseline -0.001 -15"><span class='ocrx_word' id='word_1_744' title='bbox 2093 4560 2268 4615; x_wconf 85' lang='lat' dir='ltr'><strong>nostri</strong></span> <span class='ocrx_word' id='word_1_745' title='bbox 2313 4574 2514 4630; x_wconf 78' lang='lat' dir='ltr'><strong>corpus</strong></span> <span class='ocrx_word' id='word_1_746' title='bbox 2569 4555 2964 4614; x_wconf 79' lang='lat' dir='ltr'><strong>Thessalonica</strong></span> <span class='ocrx_word' id='word_1_747' title='bbox 3024 4574 3261 4628; x_wconf 91' lang='lat' dir='ltr'><strong>unquam</strong></span> <span class='ocrx_word' id='word_1_748' title='bbox 3329 4558 3436 4612; x_wconf 82' lang='lat' dir='ltr'><strong>alio</strong></span> <span class='ocrx_word' id='word_1_749' title='bbox 3491 4558 3662 4614; x_wconf 78' lang='lat' dir='ltr'><strong>fuisse</strong></span> 
     </span>
    </p>
   </div>
   <div class='ocr_carea' id='block_1_108' title="bbox 2090 4649 3663 4721">
    <p class='ocr_par' dir='ltr' id='par_1_108' title="bbox 2090 4649 3663 4721">
     <span class='ocr_line' id='line_1_108' title="bbox 2090 4649 3663 4721; baseline -0.005 -13"><span class='ocrx_word' id='word_1_750' title='bbox 2090 4653 2354 4715; x_wconf 91' lang='lat' dir='ltr'><strong>delatum,</strong></span> <span class='ocrx_word' id='word_1_751' title='bbox 2387 4652 2638 4718; x_wconf 89' lang='lat' dir='ltr'><strong>suadeat,</strong></span> <span class='ocrx_word' id='word_1_752' title='bbox 2699 4652 2908 4721; x_wconf 85' lang='lat' dir='ltr'><strong>uspiam</strong></span> <span class='ocrx_word' id='word_1_753' title='bbox 2946 4651 3195 4706; x_wconf 84' lang='lat' dir='ltr'><strong>invenire</strong></span> <span class='ocrx_word' id='word_1_754' title='bbox 3239 4649 3474 4714; x_wconf 89' lang='lat' dir='ltr'><strong>licuerit,</strong></span> <span class='ocrx_word' id='word_1_755' title='bbox 3503 4664 3663 4702; x_wconf 83' lang='lat' dir='ltr'><strong>veru-</strong></span> 
     </span>
    </p>
   </div>
   <div class='ocr_carea' id='block_1_109' title="bbox 2091 4741 3665 4810">
    <p class='ocr_par' dir='ltr' id='par_1_109' title="bbox 2091 4741 3665 4810">
     <span class='ocr_line' id='line_1_109' title="bbox 2091 4741 3665 4810; baseline -0.004 -12"><span class='ocrx_word' id='word_1_756' title='bbox 2091 4742 2324 4798; x_wconf 84' lang='lat' dir='ltr'><strong>similius</strong></span> <span class='ocrx_word' id='word_1_757' title='bbox 2349 4742 2568 4797; x_wconf 86' lang='lat' dir='ltr'><strong>videtur</strong></span> <span class='ocrx_word' id='word_1_758' title='bbox 2610 4756 2706 4795; x_wconf 89' lang='lat' dir='ltr'><strong>eos</strong></span> <span class='ocrx_word' id='word_1_759' title='bbox 2741 4741 2835 4810; x_wconf 88' lang='lat' dir='ltr'><strong>qui</strong></span> <span class='ocrx_word' id='word_1_760' title='bbox 2890 4741 3220 4796; x_wconf 86' lang='lat' dir='ltr'><strong>documenta</strong></span> <span class='ocrx_word' id='word_1_761' title='bbox 3245 4756 3409 4809; x_wconf 85' lang='lat' dir='ltr'><strong>supra</strong></span> <span class='ocrx_word' id='word_1_762' title='bbox 3458 4753 3665 4792; x_wconf 79' lang='lat' dir='ltr'><strong>memo-</strong></span> 
     </span>
    </p>
   </div>
   <div class='ocr_carea' id='block_1_110' title="bbox 2093 4828 3658 4903">
    <p class='ocr_par' dir='ltr' id='par_1_110' title="bbox 2093 4828 3658 4903">
     <span class='ocr_line' id='line_1_110' title="bbox 2093 4828 3658 4903; baseline -0.004 -14"><span class='ocrx_word' id='word_1_763' title='bbox 2093 4844 2208 4889; x_wconf 86' lang='lat' dir='ltr'><strong>rata</strong></span> <span class='ocrx_word' id='word_1_764' title='bbox 2247 4833 2568 4898; x_wconf 90' lang='lat' dir='ltr'><strong>condidere,</strong></span> <span class='ocrx_word' id='word_1_765' title='bbox 2623 4840 2837 4903; x_wconf 86' lang='lat' dir='ltr'><strong>partem</strong></span> <span class='ocrx_word' id='word_1_766' title='bbox 2871 4835 3120 4902; x_wconf 89' lang='lat' dir='ltr'><strong>corporis</strong></span> <span class='ocrx_word' id='word_1_767' title='bbox 3156 4832 3330 4887; x_wconf 82' lang='lat' dir='ltr'><strong>sancti</strong></span> <span class='ocrx_word' id='word_1_768' title='bbox 3379 4828 3658 4892; x_wconf 88' lang='lat' dir='ltr'><strong>Demetrii,</strong></span> 
     </span>
    </p>
   </div>
   <div class='ocr_carea' id='block_1_111' title="bbox 2093 4919 3660 4988">
    <p class='ocr_par' dir='ltr' id='par_1_111' title="bbox 2093 4919 3660 4988">
     <span class='ocr_line' id='line_1_111' title="bbox 2093 4919 3660 4988; baseline -0.004 -8"><span class='ocrx_word' id='word_1_769' title='bbox 2093 4926 2295 4980; x_wconf 87' lang='lat' dir='ltr'><strong>ibidem</strong></span> <span class='ocrx_word' id='word_1_770' title='bbox 2362 4926 2669 4988; x_wconf 88' lang='lat' dir='ltr'><strong>memorati,</strong></span> <span class='ocrx_word' id='word_1_771' title='bbox 2727 4940 2846 4988; x_wconf 87' lang='lat' dir='ltr'><strong>seu,</strong></span> <span class='ocrx_word' id='word_1_772' title='bbox 2902 4933 2961 4978; x_wconf 90' lang='lat' dir='ltr'><strong>ut</strong></span> <span class='ocrx_word' id='word_1_773' title='bbox 3013 4923 3321 4977; x_wconf 89' lang='lat' dir='ltr'><strong>verosimile</strong></span> <span class='ocrx_word' id='word_1_774' title='bbox 3371 4936 3437 4976; x_wconf 74' lang='lat' dir='ltr'><strong>ex</strong></span> <span class='ocrx_word' id='word_1_775' title='bbox 3501 4919 3660 4974; x_wconf 78' lang='lat' dir='ltr'><strong>dictis</strong></span> 
     </span>
    </p>
   </div>
   <div class='ocr_carea' id='block_1_112' title="bbox 2092 5013 3660 5087">
    <p class='ocr_par' dir='ltr' id='par_1_112' title="bbox 2092 5013 3660 5087">
     <span class='ocr_line' id='line_1_112' title="bbox 2092 5013 3660 5087; baseline -0.003 -16"><span class='ocrx_word' id='word_1_776' title='bbox 2092 5027 2339 5087; x_wconf 84' lang='lat' dir='ltr'><strong>apparet,</strong></span> <span class='ocrx_word' id='word_1_777' title='bbox 2369 5018 2568 5080; x_wconf 86' lang='lat' dir='ltr'><strong>nostri,</strong></span> <span class='ocrx_word' id='word_1_778' title='bbox 2605 5033 2704 5086; x_wconf 91' lang='lat' dir='ltr'><strong>pro</strong></span> <span class='ocrx_word' id='word_1_779' title='bbox 2737 5016 2950 5086; x_wconf 90' lang='lat' dir='ltr'><strong>integro</strong></span> <span class='ocrx_word' id='word_1_780' title='bbox 2978 5016 3224 5084; x_wconf 81' lang='lat' dir='ltr'><strong>ejusdem</strong></span> <span class='ocrx_word' id='word_1_781' title='bbox 3251 5028 3480 5082; x_wconf 89' lang='lat' dir='ltr'><strong>corpore</strong></span> <span class='ocrx_word' id='word_1_782' title='bbox 3515 5013 3660 5067; x_wconf 72' lang='lat' dir='ltr'><strong>acci~</strong></span> 
     </span>
    </p>
   </div>
   <div class='ocr_carea' id='block_1_113' title="bbox 2093 5105 3662 5178">
    <p class='ocr_par' dir='ltr' id='par_1_113' title="bbox 2093 5105 3662 5178">
     <span class='ocr_line' id='line_1_113' title="bbox 2093 5105 3662 5178; baseline -0.004 -16"><span class='ocrx_word' id='word_1_783' title='bbox 2093 5125 2247 5178; x_wconf 85' lang='lat' dir='ltr'><strong>pere.</strong></span> <span class='ocrx_word' id='word_1_784' title='bbox 2275 5109 2426 5163; x_wconf 84' lang='lat' dir='ltr'><strong>idem</strong></span> <span class='ocrx_word' id='word_1_785' title='bbox 2463 5124 2630 5178; x_wconf 89' lang='lat' dir='ltr'><strong>porro</strong></span> <span class='ocrx_word' id='word_1_786' title='bbox 2661 5108 2728 5163; x_wconf 89' lang='lat' dir='ltr'><strong>de</strong></span> <span class='ocrx_word' id='word_1_787' title='bbox 2757 5105 3012 5171; x_wconf 88' lang='lat' dir='ltr'><strong>Gelenio,</strong></span> <span class='ocrx_word' id='word_1_788' title='bbox 3058 5106 3150 5176; x_wconf 88' lang='lat' dir='ltr'><strong>qui</strong></span> <span class='ocrx_word' id='word_1_789' title='bbox 3199 5107 3252 5159; x_wconf 91' lang='lat' dir='ltr'><strong>in</strong></span> <span class='ocrx_word' id='word_1_790' title='bbox 3285 5105 3504 5159; x_wconf 85' lang='lat' dir='ltr'><strong>Colonia</strong></span> <span class='ocrx_word' id='word_1_791' title='bbox 3534 5119 3662 5173; x_wconf 78' lang='lat' dir='ltr'><strong>sup-</strong></span> 
     </span>
    </p>
   </div>
   <div class='ocr_carea' id='block_1_114' title="bbox 2093 5194 3664 5269">
    <p class='ocr_par' dir='ltr' id='par_1_114' title="bbox 2093 5194 3664 5269">
     <span class='ocr_line' id='line_1_114' title="bbox 2093 5194 3664 5269; baseline -0.003 -18"><span class='ocrx_word' id='word_1_792' title='bbox 2093 5199 2257 5269; x_wconf 88' lang='lat' dir='ltr'><strong>plice,</strong></span> <span class='ocrx_word' id='word_1_793' title='bbox 2292 5199 2534 5255; x_wconf 81' lang='lat' dir='ltr'><strong>Auctarii</strong></span> <span class='ocrx_word' id='word_1_794' title='bbox 2568 5213 2722 5251; x_wconf 90' lang='lat' dir='ltr'><strong>num.</strong></span> <span class='ocrx_word' id='word_1_795' title='bbox 2760 5196 2816 5258; x_wconf 71' lang='grc'><strong>4,</strong></span> <span class='ocrx_word' id='word_1_796' title='bbox 2850 5212 2902 5266; x_wconf 92' lang='lat' dir='ltr'><strong>p.</strong></span> <span class='ocrx_word' id='word_1_797' title='bbox 2937 5197 3059 5261; x_wconf 71' lang='grc'><strong>164,</strong></span> <span class='ocrx_word' id='word_1_798' title='bbox 3081 5194 3460 5264; x_wconf 86' lang='lat' dir='ltr'><strong>Sigebergensi</strong></span> <span class='ocrx_word' id='word_1_799' title='bbox 3491 5194 3664 5247; x_wconf 84' lang='lat' dir='ltr'><strong>Bene-</strong></span> 
     </span>
    </p>
   </div>
   <div class='ocr_carea' id='block_1_115' title="bbox 2089 5284 3664 5356">
    <p class='ocr_par' dir='ltr' id='par_1_115' title="bbox 2089 5284 3664 5356">
     <span class='ocr_line' id='line_1_115' title="bbox 2089 5284 3664 5356; baseline -0.005 -10"><span class='ocrx_word' id='word_1_800' title='bbox 2089 5293 2423 5347; x_wconf 88' lang='lat' dir='ltr'><strong>dictiuorum</strong></span> <span class='ocrx_word' id='word_1_801' title='bbox 2459 5291 2711 5346; x_wconf 79' lang='lat' dir='ltr'><strong>coenobio</strong></span> <span class='ocrx_word' id='word_1_802' title='bbox 2741 5288 2916 5343; x_wconf 90' lang='lat' dir='ltr'><strong>sancti</strong></span> <span class='ocrx_word' id='word_1_803' title='bbox 2962 5287 3224 5342; x_wconf 85' lang='lat' dir='ltr'><strong>Demetrii</strong></span> <span class='ocrx_word' id='word_1_804' title='bbox 3280 5303 3480 5356; x_wconf 78' lang='lat' dir='ltr'><strong>corpus</strong></span> <span class='ocrx_word' id='word_1_805' title='bbox 3507 5284 3664 5340; x_wconf 88' lang='lat' dir='ltr'><strong>attri-</strong></span> 
     </span>
    </p>
   </div>
   <div class='ocr_carea' id='block_1_116' title="bbox 2092 5380 3660 5453">
    <p class='ocr_par' dir='ltr' id='par_1_116' title="bbox 2092 5380 3660 5453">
     <span class='ocr_line' id='line_1_116' title="bbox 2092 5380 3660 5453; baseline -0.005 -12"><span class='ocrx_word' id='word_1_806' title='bbox 2092 5386 2227 5448; x_wconf 89' lang='lat' dir='ltr'><strong>buit,</strong></span> <span class='ocrx_word' id='word_1_807' title='bbox 2285 5384 2401 5453; x_wconf 88' lang='lat' dir='ltr'><strong>pari</strong></span> <span class='ocrx_word' id='word_1_808' title='bbox 2451 5380 2519 5437; x_wconf 89' lang='lat' dir='ltr'><strong>de</strong></span> <span class='ocrx_word' id='word_1_809' title='bbox 2568 5397 2751 5444; x_wconf 79' lang='lat' dir='ltr'><strong>causa,</strong></span> <span class='ocrx_word' id='word_1_810' title='bbox 2804 5382 2850 5436; x_wconf 90' lang='lat' dir='ltr'><strong>si</strong></span> <span class='ocrx_word' id='word_1_811' title='bbox 2912 5381 3053 5436; x_wconf 80' lang='lat' dir='ltr'><strong>forte</strong></span> <span class='ocrx_word' id='word_1_812' title='bbox 3109 5380 3309 5435; x_wconf 84' lang='lat' dir='ltr'><strong>ibidem</strong></span> <span class='ocrx_word' id='word_1_813' title='bbox 3341 5381 3409 5435; x_wconf 91' lang='lat' dir='ltr'><strong>de</strong></span> <span class='ocrx_word' id='word_1_814' title='bbox 3457 5380 3660 5434; x_wconf 86' lang='lat' dir='ltr'><strong>Sancto</strong></span> 
     </span>
    </p>
   </div>
   <div class='ocr_carea' id='block_1_117' title="bbox 2091 5472 3659 5543">
    <p class='ocr_par' dir='ltr' id='par_1_117' title="bbox 2091 5472 3659 5543">
     <span class='ocr_line' id='line_1_117' title="bbox 2091 5472 3659 5543; baseline -0.006 -7"><span class='ocrx_word' id='word_1_815' title='bbox 2091 5490 2281 5536; x_wconf 89' lang='lat' dir='ltr'><strong>nostro</strong></span> <span class='ocrx_word' id='word_1_816' title='bbox 2333 5491 2515 5531; x_wconf 90' lang='lat' dir='ltr'><strong>sermo</strong></span> <span class='ocrx_word' id='word_1_817' title='bbox 2566 5475 2657 5539; x_wconf 90' lang='lat' dir='ltr'><strong>sit,</strong></span> <span class='ocrx_word' id='word_1_818' title='bbox 2719 5475 3010 5530; x_wconf 86' lang='lat' dir='ltr'><strong>dicendum</strong></span> <span class='ocrx_word' id='word_1_819' title='bbox 3075 5475 3312 5543; x_wconf 88' lang='lat' dir='ltr'><strong>videtur,</strong></span> <span class='ocrx_word' id='word_1_820' title='bbox 3360 5475 3437 5530; x_wconf 89' lang='lat' dir='ltr'><strong>uti</strong></span> <span class='ocrx_word' id='word_1_821' title='bbox 3474 5482 3530 5530; x_wconf 86' lang='lat' dir='ltr'><strong>et</strong></span> <span class='ocrx_word' id='word_1_822' title='bbox 3589 5472 3659 5528; x_wconf 85' lang='lat' dir='ltr'><strong>de</strong></span> 
     </span>
    </p>
   </div>
   <div class='ocr_carea' id='block_1_118' title="bbox 2091 5564 3657 5642">
    <p class='ocr_par' dir='ltr' id='par_1_118' title="bbox 2091 5564 3657 5642">
     <span class='ocr_line' id='line_1_118' title="bbox 2091 5564 3657 5642; baseline -0.004 -16"><span class='ocrx_word' id='word_1_823' title='bbox 2091 5572 2507 5642; x_wconf 81' lang='lat' dir='ltr'><strong>quibuscunque</strong></span> <span class='ocrx_word' id='word_1_824' title='bbox 2580 5580 2680 5620; x_wconf 85' lang='lat' dir='ltr'><strong>seu</strong></span> <span class='ocrx_word' id='word_1_825' title='bbox 2724 5567 3085 5635; x_wconf 89' lang='lat' dir='ltr'><strong>scriptoribus</strong></span> <span class='ocrx_word' id='word_1_826' title='bbox 3156 5584 3251 5625; x_wconf 87' lang='lat' dir='ltr'><strong>seu</strong></span> <span class='ocrx_word' id='word_1_827' title='bbox 3313 5564 3657 5623; x_wconf 81' lang='lat' dir='ltr'><strong>documentis</strong></span> 
     </span>
    </p>
   </div>
   <div class='ocr_carea' id='block_1_119' title="bbox 2091 5655 3659 5732">
    <p class='ocr_par' dir='ltr' id='par_1_119' title="bbox 2091 5655 3659 5732">
     <span class='ocr_line' id='line_1_119' title="bbox 2091 5655 3659 5732; baseline -0.005 -13"><span class='ocrx_word' id='word_1_828' title='bbox 2091 5663 2234 5724; x_wconf 77' lang='lat' dir='ltr'><strong>aliis,</strong></span> <span class='ocrx_word' id='word_1_829' title='bbox 2270 5663 2325 5716; x_wconf 90' lang='lat' dir='ltr'><strong>in</strong></span> <span class='ocrx_word' id='word_1_830' title='bbox 2366 5658 2565 5729; x_wconf 89' lang='lat' dir='ltr'><strong>quibus</strong></span> <span class='ocrx_word' id='word_1_831' title='bbox 2599 5657 2783 5712; x_wconf 84' lang='lat' dir='ltr'><strong>Sancti</strong></span> <span class='ocrx_word' id='word_1_832' title='bbox 2815 5659 2987 5714; x_wconf 84' lang='lat' dir='ltr'><strong>nostri</strong></span> <span class='ocrx_word' id='word_1_833' title='bbox 3041 5676 3240 5732; x_wconf 89' lang='lat' dir='ltr'><strong>corpus</strong></span> <span class='ocrx_word' id='word_1_834' title='bbox 3287 5655 3659 5716; x_wconf 81' lang='lat' dir='ltr'><strong>determinato</strong></span> 
     </span>
    </p>
   </div>
   <div class='ocr_carea' id='block_1_120' title="bbox 2092 5748 3012 5824">
    <p class='ocr_par' dir='ltr' id='par_1_120' title="bbox 2092 5748 3012 5824">
     <span class='ocr_line' id='line_1_120' title="bbox 2092 5748 3012 5824; baseline -0.002 -16"><span class='ocrx_word' id='word_1_835' title='bbox 2092 5759 2342 5824; x_wconf 80' lang='lat' dir='ltr'><strong>cuiquam</strong></span> <span class='ocrx_word' id='word_1_836' title='bbox 2378 5751 2497 5806; x_wconf 89' lang='lat' dir='ltr'><strong>loco</strong></span> <span class='ocrx_word' id='word_1_837' title='bbox 2518 5764 2671 5806; x_wconf 86' lang='lat' dir='ltr'><strong>sacro</strong></span> <span class='ocrx_word' id='word_1_838' title='bbox 2698 5748 3012 5806; x_wconf 80' lang='lat' dir='ltr'><strong>aseribitur.</strong></span> 
     </span>
    </p>
   </div>
  </div>
