4140 6382
493 336 628 402 ΜΗ

1784 330 2448 396 SUPPLEMENTUM.

3598 339 3750 407 2H8

490 445 518 517 §
547 446 638 501 IX.
673 445 843 511 Quam
889 446 1109 514 insignis
1155 445 1350 500 Sancto
1375 446 1548 500 cultus
1579 444 2064 517 (.‘entstantinopoli,
2096 452 2140 506 Α
2172 442 2472 510 tr‘dp‘ariuni
2511 441 2790 511 martyris,
2847 445 2993 512 quod
3027 441 3160 506 Leo,
3195 445 3636 514 sapientissimus
3683 461 3752 505 ct

558 517 620 588 ali
657 517 784 585 ipsis
815 517 977 570 etiam
1014 517 1244 588 Orientis
1279 517 1706 588 imperatoribus,
1755 518 1918 588 fuerit
1959 515 2054 569 de.

563 585 724 651 luxus,
757 597 802 639 et
827 600 985 656 quam
1016 587 1223 656 quidem
1254 587 1501 656 antiquus
1535 586 1579 638 is
1602 590 1691 639 sit.

563 719 687 774 112.
713 719 886 785 Quam
912 720 1111 792 insigni
1144 720 1378 776 Sanctus
1393 721 1544 777 cultu
1563 719 2056 788 Constantinopoli,

491 810 560 862 ab
592 811 728 878 ipsis
786 809 948 863 etiam
999 809 1242 864 Orientis
1275 811 1717 880 imperatoribus,
1761 824 2060 878 eorumque

493 899 546 951 in
601 900 721 952 aula
757 901 986 955 umectus
1037 903 1168 954 olim
1208 902 1395 966 fuerit,
1430 903 1776 956 inanilestum
1804 902 1857 956 tit
1889 903 1974 957 vel
2028 918 2060 957 e

491 991 624 1044 solis
656 991 806 1047 Aula:
847 992 1159 1064 Byzantina
1192 995 1542 1056 caeremoniis.
1576 1011 1684 1050 non
1743 997 1941 1059 serius,
1983 996 2059 1050 uti

492 1081 635 1138 infra
665 1085 894 1150 docebo,
925 1102 1086 1155 quam
1126 1088 1307 1143 seculi
1339 1104 1392 1142 st
1420 1088 1576 1142 initio
1611 1087 1850 1155 scriptis,
1884 1102 2060 1140 anno-

492 1187 599 1240 que
658 1173 786 1228 1751
838 1176 1033 1243 Lipsiae
1101 1178 1350 1248 vulgatis.
1409 1178 1611 1231 llarum
1665 1179 1808 1230 enim
1862 1177 1956 1230 lib.
2019 1192 2058 1242 t,

494 1281 592 1332 Cap
654 1263 745 1328 21.
806 1271 1125 1335 exponitur,
1155 1273 1248 1339 qui
1284 1271 1585 1337 quotannis
1647 1269 1842 1322 festum
1881 1269 2058 1322 sancti

494 1357 772 1424 Demetrii,
807 1360 1037 1414 solemni
1069 1361 1135 1414 ad
1169 1360 1458 1414 ecclesiam
1511 1359 1642 1412 huic
1690 1372 1902 1411 sacram
1937 1371 2061 1422 pro-

493 1453 736 1508 eessione
767 1452 1034 1510 instituta.
1098 1451 1457 1518 imperatores
1491 1465 1598 1504 una
1649 1465 1774 1504 cum
1807 1449 1930 1502 aula
1962 1463 2062 1501 sua

494 1545 766 1598 honorare
835 1544 1121 1597 soluerint.
1187 1543 1244 1596 ιιι
1315 1542 1548 1611 proinde
1623 1529 1895 1612 integrum
1955 1541 2062 1594 huc

495 1636 819 1692 transcribo.
863 1633 956 1690 Sic
997 1636 1194 1690 habet:
1240 1652 1257 1685 ι
1296 1633 1474 1688 Pridie
1505 1633 1669 1688 unius
1701 1634 1809 1687 diei
1844 1632 2079 1686 Domini

492 1727 797 1796 praepositis
838 1726 1104 1790 indicant,
1161 1727 1249 1780 die
1300 1735 1567 1794 sequente
1615 1741 1741 1779 cum
1793 1723 2062 1779 allaximis

2159 533 2401 601 Optimus
2437 534 2735 602 imperator
2757 575 2772 599 ,
2802 538 3129 605 composuit,
3199 552 3370 606 usque
3415 539 3482 592 ad
3531 542 3694 595 verba
3727 559 3745 596 :

2159 625 2356 680 Latens
2411 636 2569 680 natus
2601 643 2696 691 es;
2750 629 3100 696 ingrediente
3153 641 3336 683 autem
3388 634 3746 699 processione

2161 717 2460 771 triclinium
2494 733 2744 783 aureum,
2780 723 3078 788 treparium
3112 722 3504 785 encazniorum,
3529 724 3744 780 scilicet

2161 809 2351 862 Gratia
2379 811 2496 876 tibi,
2528 807 2735 865 Christe
2770 811 2927 879 Dens,
2959 814 3321 882 apostolorum
3352 816 3550 886 gloria,
3588 818 3740 870 rcci-

2165 909 2301 954 tare.

2233 992 2357 1046 ill.
2389 1011 2406 1043 ι
2450 992 2759 1062 Imperator
2822 993 2969 1057 inde,
3016 1010 3124 1064 quo
3154 995 3389 1060 abierat,
3438 996 3738 1066 digressus,

2162 1100 2260 1153 per
2294 1085 2532 1138 medium
2565 1087 3068 1156 chrysotricliniutn
3118 1090 3313 1157 pergit,
3357 1097 3410 1141 et
3449 1104 3512 1142 ex
3554 1090 3738 1142 orien-

2164 1178 2361 1232 talibus
2393 1180 2570 1247 portis
2594 1195 2718 1233 cum
2751 1181 3104 1248 processione
3149 1183 3450 1250 egreditur,
3488 1184 3614 1236 dum
3654 1182 3741 1235 iu—

2166 1276 2314 1320 terea
2350 1268 2624 1334 magistri,
2661 1268 3043 1336 proconsules.
3099 1269 3314 1337 patricii
3347 1281 3403 1323 et
3453 1269 3730 1332 omciales.

2161 1373 2192 1412 e
2225 1359 2444 1428 regione
2473 1361 2661 1427 templi
2690 1361 2866 1414 sancti
2900 1360 3185 1423 Demetrii,
3216 1376 3312 1416 seu
3350 1362 3416 1417 ad
3449 1362 3727 1417 sinistram

2163 1457 2396 1516 partem,
2447 1447 2770 1502 cubicularii
2835 1460 2968 1502 vero
3037 1447 3106 1502 ad
3149 1447 3450 1504 orientales
3506 1450 3726 1516 Solarii,

2163 1539 2369 1592 domini
2412 1555 2537 1593 cum
2595 1540 2903 1610 patriarcha
2952 1538 3006 1593 in
3040 1540 3182 1594 atrio
3213 1542 3402 1610 templi
3459 1552 3624 1606 stant,
3665 1558 3730 1599 ac

2163 1629 2503 1685 soletnnil-us
2537 1633 2908 1686 encmniorum
2962 1632 3158 1687 ritibus
3206 1635 3442 1702 peractis
3473 1634 3729 1690 introitus

2165 1722 2247 1777 lit.
2279 1719 2594 1778 Patriarcha
2647 1725 2954 1780 sacrarium
2989 1725 3184 1791 intrat,
3245 1727 3456 1781 domini
3493 1743 3592 1796 per
3620 1745 3732 1782 me-

491 1831 740 1873 scnatutn
803 1819 1124 1873 universum
1164 1820 1405 1888 prodire,
1473 1833 1633 1872 unane
1673 1830 1854 1872 autem
1913 1817 2060 1872 circa
2094 1787 2306 1870 Bdiam
2353 1818 2642 1872 ecclesiam
2695 1828 3070 1882 transeuntes.
3132 1821 3516 1890 egrediuntur,
3569 1829 3624 1875 et
3678 1823 3736 1876 in

493 1911 682 1964 boram
733 1911 1034 1966 secundam
1087 1911 1411 1980 prarpositos
1460 1909 1666 1980 ingredi
1706 1910 1920 1978 jnbent,
1953 1924 2062 1979 quo

492 2001 660 2065 facto,
693 2017 818 2056 cum
857 2001 1047 2072 paucis
1083 2001 1459 2066 cubiculariis,
1497 2017 1630 2071 papa
1653 2000 1859 2073 (Graece
1890 2001 2064 2056 babe-

494 2103 585 2146 tnr
619 2094 822 2153 παπὲα.
863 2094 913 2146 id
970 2104 1054 2148 est
1113 2107 1178 2148 ex
1241 2092 1430 2161 Cangii
1483 2094 1550 2147 ad
1604 2110 1791 2148 vocem
1848 2094 2061 2156 παῖ-τίεις

493 2182 695 2246 01055.,
733 2183 915 2252 palatii
950 2182 1201 2250 custode)
1261 2191 1316 2236 et
1352 2181 1707 2236 betaeriarcha
1740 2182 1959 2244 abeunt,
2007 2189 2062 2236 et

493 2274 857 2343 patriarcham
890 2289 1012 2327 cum
1051 2275 1416 2341 metropolitis
1448 2283 1503 2327 et
1551 2275 1760 2342 reliquo
1792 2274 1912 2343 ejus
1942 2273 2062 2326 olli-

493 2364 577 2420 cio
601 2364 898 2418 adducunt.
946 2364 1045 2428 Qui
1086 2380 1184 2433 per
1223 2365 1494 2430 porticum
1530 2365 1818 2420 triconchii
1849 2365 2064 2432 ingres-

493 2471 610 2518 sus,
643 2456 699 2510 in
753 2471 969 2510 camera
1006 2457 1160 2510 aurei
1197 2456 1444 2520 triclinii,
1482 2472 1602 2526 qua:
1647 2457 1892 2525 proxima
1931 2473 2066 2526 pan-

495 2547 623 2600 thco
677 2558 782 2609 est,
825 2548 1092 2605 considet.
1126 2547 1408 2619 Praepositi
1444 2559 1624 2602 autem
1665 2547 1918 2620 ingressi,
1958 2549 2064 2602 im-

492 2640 834 2708 peratoribus
865 2642 984 2710 ejus
1013 2640 1312 2696 adventum
1360 2641 1639 2705 nuntiant,
1673 2640 1768 2710 qui
1804 2648 2060 2710 surgunt,

494 2742 552 2786 et
581 2748 852 2787 cameram
889 2733 1064 2788 sancti
1099 2734 1376 2790 Theodori
1402 2736 1661 2806 ingressi,
1697 2735 1915 2790 tunicas
1935 2749 2064 2790 suas

493 2826 754 2892 induunt,
813 2837 868 2882 et
933 2837 1087 2882 extra
1137 2824 1322 2883 velum
1372 2828 1496 2899 ejus
1546 2841 1777 2883 camera:
1830 2828 2060 2899 egressi,

495 2930 702 2975 astant.
751 2919 961 2976 Interea
1011 2920 1293 2991 praepositi
1346 2921 1717 2991 patriarcbam
1756 2920 2061 2988 adducunt,

493 3029 655 3082 quem
695 3013 903 3069 domini
949 3029 1050 3084 pro
1100 3027 1253 3068 more
1297 3015 1640 3079 osculantur,
1679 3022 1735 3068 et
1783 3013 2064 3084 paululum

495 3107 550 3162 in
579 3123 747 3164 aureo
773 3107 1014 3163 triclinio
1045 3126 1170 3163 cunt
1200 3124 1266 3163 eo
1299 3109 1609 3172 consident,
1639 3108 1911 3178 rebusque
1946 3121 2064 3162 om-
2089 3132 2132 3194 ρ

496 3201 660 3256 nibus
707 3200 854 3254 bene
903 3201 1190 3264 ordinatis,
1235 3200 1508 3270 praepositi
1562 3200 1791 3263 intrant,
1823 3199 2065 3255 dominis

504 3292 558 3346 id
589 3293 916 3356 nuntiaturi,
948 3295 1040 3362 qui
1075 3293 1366 3348 confestim
1420 3308 1544 3347 cum
1585 3293 1898 3362 patriarcha
1945 3308 2068 3347 sur-

499 3395 656 3454 gunt,
683 3393 738 3438 et
768 3384 879 3438 ritu
925 3385 1027 3454 ipsi
1063 3385 1291 3438 solemni
1337 3384 1560 3453 egressi,
1589 3399 1683 3453 per
1715 3384 2065 3452 tripetonem,

495 3471 844 3536 Lausiscum,
864 3475 1296 3538 Justinianenm,
1326 3475 1472 3544 seyla
1503 3483 1560 3528 et
1591 3475 1893 3530 exteriores
1924 3474 2068 3528 Mar-

495 3567 642 3622 ciani
677 3567 918 3636 porticus
956 3574 1320 3631 transeuntes,
1353 3567 1653 3621 oratorium
1686 3567 1862 3622 sancti
1892 3566 2063 3632 Petri,

495 3654 642 3724 quod
671 3654 747 3710 ibi
777 3655 945 3709 situm
976 3664 1080 3720 est,
1118 3665 1328 3724 petunt.

572 3747 692 3801 115.
733 3765 751 3799 ι
801 3745 1099 3802 Sciendum
1151 3757 1258 3812 est,
1313 3748 1547 3804 dominis
1595 3762 1722 3804 cum
1759 3751 2066 3819 patriarcha

497 3854 566 3894 ex
600 3853 771 3894 aureo
805 3838 1044 3893 triclinio
1071 3838 1523 3910 procedentibus.
1555 3851 1684 3896 ante
1735 3851 1920 3910 portas
1947 3844 2069 3912 ejus

498 3941 788 4002 argenteas
810 3931 1098 3986 eunuchos
1140 3931 1633 4002 protospatharios.
1661 3942 1718 3986 et
1737 3933 2068 4003 logothetam

498 4037 696 4078 cursus
729 4023 950 4092 publici,
968 4039 1092 4078 cum
1121 4023 1597 4092 protoscriniacio,
1622 4033 1676 4079 et
1707 4026 1886 4094 primo
1911 4036 2069 4079 nota-

500 4112 732 4177 riorum,
777 4113 1072 4168 ministros
1119 4124 1303 4168 autem
1375 4113 1600 4166 triclinii
1664 4113 1840 4174 aurei.
1898 4127 2070 4182 prope

499 4205 842 4274 horologium
873 4216 1070 4262 astare.
1111 4205 1281 4260 Porro
1325 4205 1596 4268 dominos,
1627 4221 1694 4259 ex
1739 4205 1911 4259 aeneis
1939 4221 2066 4276 pore

500 4297 572 4354 tis
602 4299 668 4351 ad
703 4296 1028 4353 Lansiacum
1079 4313 1350 4368 egressos,
1385 4299 1728 4352 manclavitm
1755 4307 1815 4353 et
1847 4299 2072 4354 cubicu-

499 4387 620 4441 larii
649 4403 842 4441 omnes
889 4389 1191 4457 excipiunt,
1240 4397 1296 4444 et
1320 4389 1673 4443 comitantur.
1704 4389 1855 4444 Intra
1891 4391 2066 4459 scyla‘.

2164 1916 2453 1973 tetrascro,
2481 1910 2622 1979 quod
2653 1909 2725 1963 ibi
2761 1917 2869 1972 est,
2924 1907 3227 1964 lectionem
3266 1910 3548 1979 Evangelii
3575 1911 3736 1965 audi-

2165 1999 2292 2064 turi,
2323 2009 2526 2054 astant.
2586 2000 2782 2055 Postea
2817 2015 2915 2070 per
2961 2008 3254 2070 argenteas
3297 2001 3590 2065 Macronis,
3635 2012 3734 2057 seu

2165 2090 2406 2160 porticus
2441 2091 2726 2162 loblongm,
2782 2091 2982 2160 ianuas
3015 2091 3292 2161 progressi
3356 2095 3572 2147 tunicas
3606 2108 3734 2146 suas

2164 2179 2423 2242 induunt,
2454 2195 2791 2246 aureumque
2819 2181 3115 2235 triclinium
3148 2180 3402 2251 ingressi,
3436 2196 3534 2250 pro
3585 2197 3736 2235 more

2163 2271 2474 2334 consident.
2497 2283 2552 2326 et
2573 2272 2722 2326 brevi
2744 2281 2862 2342 post
2881 2273 3044 2327 missa
3057 2272 3240 2327 datur.
3263 2271 3529 2327 Conrivio
3549 2283 3731 2326 autent

2167 2365 2274 2419 boc
2294 2364 2384 2420 die
2417 2364 2810 2434 patriarcbatn,
2837 2365 3238 2436 metropolitas.
3273 2376 3324 2419 et
3377 2381 3736 2435 quoscunque

2167 2456 2379 2520 volunt,
2443 2466 2748 2523 senatores,
2813 2456 3096 2511 adhibent.
3134 2473 3153 2506 ι
3203 2456 3391 2526 Magna
3451 2456 3736 2510 enimvero

2164 2548 2507 2603 solemnitate
2543 2548 2720 2602 sancti
2775 2547 3031 2602 Demetrii
3064 2547 3262 2602 festum
3288 2548 3358 2601 ab
3389 2547 3736 2617 imperatori-

2165 2641 2266 2696 bus
2289 2638 2914 2708 Constantinopolitanis
2943 2653 3244 2708 eorumque
3267 2638 3392 2692 aula
3432 2637 3736 2708 quotannis

2164 2735 2431 2791 celebrari
2468 2733 2946 2803 Constantinopoli
2996 2734 3254 2800 soluisse,
3285 2749 3349 2788 ex
3386 2733 3476 2789 hic
3524 2733 3737 2788 deseri-

2165 2830 2296 2899 ptis,
2335 2827 2555 2898 quibus,
2590 2837 2721 2882 tunc
2756 2842 2788 2882 e
2821 2826 3064 2881 triclinio
3089 2841 3281 2891 aureo,
3317 2842 3415 2880 seu
3443 2826 3733 2896 imperato-

2167 2936 2285 2976 rum
2323 2922 2375 2974 in
2413 2919 2616 2990 palatio
2645 2933 2746 2974 suo
2800 2919 3254 2974 commorationis
3279 2919 3400 2972 loco
3429 2919 3496 2972 ad
3555 2918 3733 2972 sancti

2170 3011 2426 3066 Demetrii
2462 3009 2726 3082 templum
2759 3011 3107 3082 pergebatur,
3163 3009 3510 3066 caeremoniis
3564 3010 3739 3064 mani-

2167 3103 2368 3158 festum
2405 3105 2486 3157 tit.

2241 3193 2361 3249 H5.
2397 3195 2594 3250 Verum
2636 3194 2910 3264 quodnam
2952 3193 3082 3249 illud
3122 3193 3222 3248 fuit
3255 3193 3428 3249 sancti
3469 3191 3734 3247 Demetrii

2170 3287 2474 3356 templum?
2507 3286 2767 3352 Codinus,
2809 3286 2883 3341 De
2913 3286 3160 3342 Ecclesia
3181 3295 3231 3340 et
3265 3287 3406 3340 culte
3437 3286 3741 3340 Constanti-

2169 3379 2487 3447 nopolitame
2506 3379 2719 3448 ofﬁciis,
2744 3395 2862 3448 cap.
2896 3378 2980 3444 l5,
3005 3378 3150 3433 hunc
3177 3378 3369 3432 scribit
3395 3379 3449 3432 in
3473 3379 3692 3433 modum
3717 3392 3735 3433 :

2175 3489 2194 3523 ι
2231 3471 2292 3525 ln
2320 3471 2584 3526 memoria
2633 3472 2810 3541 magni
2861 3471 3118 3525 Demetrii
3167 3471 3282 3524 abit
3332 3469 3634 3540 imperator
3667 3471 3734 3523 ad

2168 3563 2535 3616 venerandum
2569 3563 2962 3616 monasterium
2995 3559 3438 3632 Psiaeologorum,
3465 3563 3613 3631 quod
3637 3578 3738 3617 no-

2170 3655 2320 3707 mine
2368 3653 2620 3721 praedicti
2669 3655 2924 3725 murtyris
2975 3654 3291 3722 insignitur.
3351 3672 3371 3705 ι
3422 3654 3736 3708 Monasteril

2170 3742 2596 3814 Palicologorum
2621 3787 2636 3812 ,
2671 3745 2742 3800 ad
2773 3745 2918 3815 quod
2969 3745 3330 3815 imperatores
3372 3745 3443 3800 26
3484 3745 3738 3801 Octobris

2169 3835 2277 3900 die,
2317 3845 2507 3889 sancto
2541 3835 2813 3889 Demetrio
2842 3849 3018 3898 saera,
3042 3848 3272 3905 pergere
3299 3835 3592 3904 quotannis
3650 3850 3738 3889 so-

2171 3927 2364 3990 lerent,
2415 3926 2774 3998 Paelt‘ymeres
2817 3941 3038 3995 quoque
3083 3938 3216 3981 tom.
3253 3925 3335 3990 ll,
3373 3927 3467 3981 lib.
3503 3943 3579 3986 tv,
3615 3941 3735 3997 cap.

2176 4021 2263 4083 12,
2293 4020 2560 4074 meminit.
2605 4019 2701 4074 Vix
2727 4058 2742 4085 ,
2773 4034 2838 4073 ac
2874 4034 2944 4073 ne
2977 4019 3063 4073 vix
3096 4019 3319 4089 quidem
3361 4019 3575 4082 dubito,
3608 4019 3736 4090 quin

2173 4112 2336 4181 hujus
2367 4111 2792 4183 Palaologorum
2823 4111 3138 4167 monasterii
3170 4111 3431 4180 templum
3471 4127 3640 4166 unum
3665 4112 3741 4166 sit

2170 4213 2334 4273 atque
2365 4203 2506 4258 idem
2541 4219 2666 4258 cum
2700 4203 2923 4273 templo,
2961 4203 3016 4258 in
3057 4201 3197 4256 aulae
3225 4201 3538 4272 Byzantina:
3568 4216 3740 4258 caere-

2171 4295 2374 4349 moniis
2420 4295 2666 4364 proxime
2709 4302 3030 4360 memorato,
3083 4294 3174 4348 cui
3230 4293 3468 4364 primatu
3500 4307 3530 4347 a
3568 4292 3740 4347 Barda

2171 4383 2388 4440 Casam
2415 4399 2480 4438 ex
2513 4385 2762 4442 dicendis
2800 4383 3068 4439 aediﬁcato
3119 4379 3509 4438 monasterium
3552 4391 3740 4452 postea

501 4492 596 4532 seu
630 4479 684 4530 in
719 4489 959 4532 extrema
979 4477 1309 4534 Justinianei
1339 4480 1558 4534 triclinii
1583 4490 1762 4550 parte,
1795 4481 2064 4551 magistri,
2100 4475 2143 4530 D
2174 4477 2341 4532 fuerit
2362 4478 2656 4546 adjectum.
2691 4477 2800 4532 Res
2822 4478 3057 4547 amplius
3077 4492 3148 4531 ex
3174 4475 3424 4530 dicendis
3444 4475 3740 4530 elucescet.

502 4569 862 4640 proconsules
917 4581 971 4624 et
1009 4571 1271 4626 ollieiales
1323 4572 1544 4634 adsunt,
1600 4579 1656 4626 et
1715 4579 2070 4627 transeuntes

511 4663 784 4726 dominos,
845 4663 1206 4733 procidentes
1256 4663 1310 4717 in
1377 4673 1601 4730 terram,
1661 4665 1920 4718 adorant.
1986 4664 2069 4718 llli

500 4763 709 4820 autem,
744 4764 804 4809 ut
843 4770 1008 4825 supra
1067 4755 1420 4810 observatum
1449 4763 1552 4820 est,
1595 4755 1666 4808 ad
1707 4755 1878 4808 sancti
1923 4755 2068 4810 l'ctri

502 4849 736 4911 abeunt,
801 4847 892 4902 ubi
945 4846 1254 4916 patriarcha
1287 4847 1586 4902 sacrarium
1643 4845 1974 4918 ingreditur,
2015 4857 2073 4902 et

501 4949 625 5008 post
653 4955 843 5008 preces
876 4940 1152 4994 solemnes
1199 4946 1476 5008 peractas.
1510 4938 1704 5007 psallat
1766 4938 2069 5008 troparium

505 5028 797 5100 incipiunt.
825 5030 1144 5085 Patriarcba
1183 5030 1387 5084 deinde
1425 5044 1492 5083 ex
1522 5030 1787 5095 sacrario,
1817 5043 2070 5085 sanctum

509 5122 859 5192 Erangclium
912 5137 1073 5176 manu
1123 5133 1343 5185 tenens,
1375 5120 1444 5174 ad
1476 5131 1662 5189 portas
1697 5122 2076 5191 imperatorias

505 5217 753 5286 ejusdem
777 5217 1003 5271 oratorii
1045 5216 1309 5286 procedit.
1345 5215 1682 5270 snbdiacono
1701 5229 1917 5270 crucem
1949 5233 2080 5286 pro-

506 5311 872 5365 cessionalem
926 5311 1278 5379 praeferente.
1322 5308 1536 5362 Domini
1569 5322 1762 5362 cereos
1794 5322 1823 5360 a
1862 5323 2078 5378 pnnpo-

507 5403 628 5456 sitis
664 5403 964 5471 accipiunt,
1027 5414 1217 5473 terque
1274 5419 1414 5473 genu
1446 5401 1608 5462 llexo.
1642 5401 1708 5454 ad
1743 5399 1908 5455 Deum
1954 5417 2080 5470 pre-

512 5507 734 5562 cantur,
792 5508 924 5553 tunc
961 5499 1316 5568 Evangelium
1355 5508 1410 5551 et
1467 5510 1688 5551 crucem
1740 5495 2080 5561 osculantur,

509 5596 570 5641 ct
607 5589 842 5642 diacono
893 5589 1239 5650 incensante,
1283 5589 1604 5658 imperator,
1637 5586 1958 5655 patriarcha:
1995 5586 2079 5640 in-

511 5683 705 5748 nixus,
735 5699 767 5736 e
827 5684 1029 5754 templo
1061 5683 1360 5753 egreditur.
1419 5680 1831 5736 Observandum
1866 5694 2084 5748 quoque

515 5785 622 5840 cst,
669 5790 866 5844 pompa
925 5792 952 5831 a
1010 5774 1360 5831 sanctil‘ctri
1422 5773 1774 5843 procedente,
1833 5779 2084 5827 cantores

2173 4570 2330 4640 Apud
2364 4571 2673 4626 Bandurum
2696 4610 2712 4635 ,
2745 4570 2970 4640 Imperii
3015 4569 3308 4624 Orientalis
3347 4577 3484 4622 tom.
3515 4567 3573 4632 l,
3611 4582 3744 4620 ano-

2174 4679 2390 4732 nymus,
2433 4664 2858 4732 Antiquitatum,
2909 4678 3041 4727 seu,
3093 4672 3153 4716 ut
3192 4670 3458 4714 vocantur
3489 4660 3556 4713 ab
3583 4658 3745 4726 aliis,

2173 4756 2457 4826 Originum
2530 4754 3236 4823 Camtantinopolitanarum
3295 4751 3552 4820 scriptor,
3606 4751 3698 4818 qui
3731 4789 3746 4810 .

2174 4849 2639 4918 quemadmodum
2691 4848 2944 4902 laudatus
2993 4846 3280 4900 Bandurus
3320 4845 3375 4898 in
3427 4843 3750 4898 Pra-l’atione

2177 4953 2326 4999 tomo
2356 4944 2466 5004 isti.
2513 4958 2680 5012 opera
2711 4942 3053 5012 potissimum
3084 4949 3244 4994 antea
3283 4938 3482 4993 inedita
3512 4937 3752 5006 comple-

2177 5038 2369 5102 ctenti,
2403 5052 2432 5090 a
2473 5052 2530 5090 se
2555 5033 2856 5105 praemissa,
2887 5034 3068 5095 docet,
3103 5031 3300 5086 sarculo
3331 5029 3656 5084 duodecimo
3686 5028 3752 5080 ad

2179 5130 2415 5184 mediam
2445 5129 2666 5183 circiter
2698 5129 2778 5182 sui
2807 5137 3018 5197 partem
3055 5132 3312 5195 provecto
3334 5121 3534 5185 ﬂoruit,
3569 5119 3753 5190 operis
3837 5193 3842 5196 _

2179 5222 2263 5274 sui
2301 5232 2440 5289 part.
2477 5237 2535 5285 ll,
2566 5235 2718 5274 nunt.
2844 5221 2920 5272 sic
2947 5217 3140 5272 scribit
3173 5231 3186 5268 :
3224 5234 3240 5264 ι
3270 5213 3455 5268 Sancti
3492 5211 3751 5268 Demetrii

2182 5315 2378 5379 tndem,
2407 5330 2527 5384 qua!
2558 5328 2721 5380 supra
2757 5328 2948 5366 muros
2970 5321 3169 5371 exstat,
3199 5309 3399 5362 Bardas
3417 5306 3598 5360 (ia-sar
3621 5305 3754 5359 τεαῖ-

2185 5405 2384 5470 llcavit,
2427 5403 2730 5458 avunculus
2767 5401 3066 5463 Michaelis,
3099 5415 3261 5470 quem
3298 5397 3575 5452 interiecit
3606 5394 3756 5448 Basi-

2183 5496 2289 5551 lius
2321 5495 2469 5565 apud
2491 5503 2738 5549 sanctum
2773 5494 3122 5556 lliamantem,
3151 5494 3260 5561 jam
3300 5499 3460 5544 antea
3494 5488 3608 5556 ipso
3634 5485 3756 5539 Cm-

2184 5603 2329 5649 sare,
2365 5588 2494 5642 dum
2536 5602 2642 5641 una
2695 5601 2818 5640 cum
2850 5585 3114 5640 ldichaele
3159 5582 3493 5638 Orientalem
3530 5577 3754 5648 expedi-

2189 5683 2391 5735 tionem
2418 5681 2738 5750 susciperet,
2764 5679 3104 5733 membratim
3131 5676 3352 5732 eonciso
3375 5673 3429 5726 in
3457 5679 3755 5740 conspectu

2191 5771 2479 5827 Michaelis
2503 5787 2568 5827 cx
2596 5784 2784 5826 sorore
2819 5785 2918 5826 sua
2954 5767 3146 5838 geniti.
3181 5767 3372 5821 Frater
3403 5762 3604 5832 quippe
3639 5765 3758 5813 crat
