4142 6380
311 317 450 388 1159

1381 336 1438 400 S.
1472 339 1871 415 DEMETBII.
1899 344 2297 415 MARTYRIS
2337 351 2549 421 ACTA.

3443 358 3584 428 ΗΒΘ

307 430 840 540 Dardasflteodorze
867 438 1285 540 Augustumque.
1316 459 1492 507 mater
1517 430 1897 517 eralﬂitbae~
1927 466 1969 525 Α
1999 460 2171 523 fuisse
2204 467 2279 525 ab
2305 472 2413 526 hoc
2440 472 2640 537 aedem,
2676 474 3039 533 sanctissimae
3064 475 3162 535 Del
3201 480 3465 540 Genitriei
3496 496 3586 539 sa-

306 529 399 585 lis.
453 549 473 583 ι
522 530 725 586 Bardas
778 533 983 600 Cmsar,
1029 536 1296 597 Miehacle
1350 543 1680 614 imperatore
1730 549 1895 620 hujus

306 621 548 678 nominis
587 625 749 682 tertio
776 625 1007 696 jubente
1032 670 1045 694 ,
1078 646 1225 689 anno
1258 634 1374 699 ,867
1418 634 1521 691 fuit
1551 639 1792 702 occisus.
1818 650 1896 697 .ut

307 715 540 788 proinde
573 717 723 775 aedes
751 735 903 777 sacra
933 762 951 790 ,
1002 739 1165 791 quam
1198 734 1395 782 sancto
1430 727 1713 787 Demetrio
1740 734 1893 789 illum

306 810 668 883 exstrusisse.
700 814 883 870 verbis
917 817 1156 874 recitatis
1190 819 1353 875 docet
1402 823 1640 893 scriptor
1684 843 1893 899 anony—

308 916 429 955 mus
458 901 729 968 laudatus,
756 906 956 960 sarculo
984 923 1156 973 nono,
1180 913 1354 968 media
1384 914 1603 972 circiter
1627 919 1711 973 sui
1740 931 1893 989 parte

303 995 414 1064 jum
446 995 654 1065 elapso,
693 996 857 1053 fuerit
891 1000 1180 1063 :rdiiicata.
1211 1003 1391 1074 Atque
1436 1006 1490 1062 id
1546 1009 1772 1073 quidem
1832 1011 1891 1066 in

307 1088 429 1158 ipso
478 1087 631 1146 urbis
679 1089 1304 1165 Constantinopolitanae
1352 1100 1577 1170 angulo,
1625 1118 1735 1172 quo
1771 1103 1893 1159 loco

307 1179 613 1253 Acropolis,
650 1184 719 1239 ad
766 1186 1090 1257 orientalem
1116 1189 1384 1256 .ejusdem
1437 1194 1597 1249 urbis
1638 1196 1889 1266 plagam,

312 1275 389 1328 uti
422 1289 485 1330 ex
518 1273 724 1347 Cangio
748 1276 803 1331 in
837 1274 1301 1352 Constantinopoli
1351 1281 1682 1351 Christiana,
1716 1286 1815 1357 lib.
1845 1304 1889 1352 ι.

308 1380 433 1438 pag.
466 1367 537 1422 ιι
568 1377 624 1425 et
660 1370 1152 1449 seq.,intelligitur,
1193 1375 1322 1443 sita,
1369 1378 1637 1442 exstabat,
1684 1377 1890 1435 factum

307 1461 533 1518 indubie
566 1461 753 1528 luerit,
802 1465 881 1521 uti
930 1466 1017 1521 vel
1060 1483 1127 1523 ex
1175 1483 1243 1525 eo
1293 1469 1489 1541 liquet,
1534 1471 1682 1542 quod
1712 1471 1893 1529 Ducas

308 1553 486 1610 locum
519 1553 670 1609 illum
703 1554 1175 1632 Μεγαδημήτριον
1222 1562 1524 1633 ἀκρόπολιν
1576 1579 1676 1621 seu
1710 1565 1889 1637 Magni

307 1644 568 1702 Demetrii
591 1647 932 1719 Acropolim,
963 1667 994 1705 a
1020 1653 1201 1709 vicino
1237 1655 1451 1712 scilicet
1481 1657 1658 1713 sancti
1689 1657 1890 1713 Deme-

1998 572 2169 625 cram,
2205 559 2262 615 in
2309 562 2514 632 palatio
2557 574 2920 634 exstructam,
2968 572 3251 627 memet-be
3299 576 3580 644 produnt;

1996 664 2166 721 quare
2201 654 2364 722 hanc,
2399 656 2508 712 nisi
2538 656 2681 715 forte
2707 661 2834 731 quis
2865 662 3003 717 duas
3026 704 3041 729 ,
3069 666 3219 734 quod
3250 680 3446 736 parum
3478 685 3582 725 ve-

1997 739 2239 796 rosiutile
2267 754 2520 814 apparet,
2555 745 2765 803 dicatas
2797 749 2976 805 eidem
3006 751 3097 807 Dei
3122 748 3390 811 Genitrici
3417 758 3577 814 ades

2000 832 2054 886 in
2101 834 2304 901 palatio
2342 839 2619 894 exstitisse
2652 840 2822 905 velit,
2859 857 2984 898 esse
3030 860 3259 903 necesse
3297 858 3385 904 est
3432 850 3580 905 illam

1998 922 2197 993 ipsam,
2216 942 2359 994 qua,
2387 931 2641 999 quamvis
2668 932 2913 1000 quidem,
2940 946 2999 989 ut
3027 937 3183 990 Anna
3206 938 3488 996 Comnena
3512 958 3581 997 ex

1995 1016 2158 1073 dictis
2191 1019 2374 1083 docet,
2422 1019 2671 1090 Deiparm
2705 1023 2761 1077 in
2816 1026 3016 1094 palatio
3065 1044 3217 1084 sacra
3265 1034 3578 1101 exstiterit,

1996 1109 2256 1166 Demetrii
2289 1113 2654 1170 nihilominus
2677 1117 2901 1173 nomine
2932 1121 3188 1191 insignita
3217 1138 3248 1177 a
3267 1125 3429 1195 vulgo
3453 1125 3576 1194 fuit,

1994 1219 2245 1275 qucque,
2282 1206 2386 1262 nisi
2420 1207 2561 1264 forte
2591 1210 2740 1280 quis.
2768 1220 2960 1267 contra
2990 1228 3055 1269 ac
3080 1216 3399 1271 verosimile
3419 1233 3579 1288 appa-

1993 1306 2111 1359 ret,
2132 1299 2277 1353 aedes
2305 1299 2462 1364 duas,
2495 1303 2670 1359 sancti
2704 1304 2965 1360 Demetrii
3001 1307 3228 1362 nomine
3263 1308 3577 1377 distinctas,

1993 1389 2048 1444 in
2097 1389 2298 1459 palatio
2338 1393 2616 1449 exstitisse
2646 1394 2800 1461 velit,
2831 1411 2957 1450 cum
3005 1411 3162 1453 sacra
3208 1398 3397 1455 Sancti
3438 1402 3578 1468 ade,

1992 1497 2155 1552 quam
2187 1483 2244 1536 in
2278 1483 2485 1553 palatio
2514 1485 2936 1543 Cantacnaenus
2968 1492 3203 1555 statuit,
3236 1494 3429 1548 eadem
3457 1509 3581 1550 esse

1993 1573 2175 1630 debet.
2214 1573 2385 1631 Porro
2416 1576 2624 1633 laudati
2649 1577 2917 1651 Scyiitses
2951 1589 3005 1635 ct
3027 1580 3426 1640 Constantinus
3453 1585 3582 1641 Por-

1995 1666 2409 1737 phyrogenitus,
2442 1669 2559 1739 qui,
2592 1670 3053 1740 quemadmodum
3086 1673 3197 1742 iam
3241 1674 3440 1740 docui,
3480 1677 3577 1733 Dei

309 1740 399 1833 trii
433 1742 635 1812 templo
663 1745 1108 1802 nomenclatione
1133 1756 1381 1819 accepta,
1408 1748 1462 1804 in
1498 1758 1805 1807 contextae
1829 1765 1891 1807 se
1925 1822 1961 1833 η
1993 1755 2258 1815 Genitrici
2293 1761 2467 1817 aedem
2502 1761 2560 1816 in
2594 1763 2796 1833 palatio
2821 1782 2851 1821 a
2886 1740 3099 1822 Basilio
3116 1767 3413 1822 Macedone
3440 1769 3576 1824 ardi-

307 1830 577 1897 Historia,
610 1849 730 1906 cap.
760 1834 831 1891 58
860 1846 915 1893 et
940 1835 1010 1893 39
1040 1839 1303 1911 appellet.

379 1926 506 1982 illi.
535 1926 740 1985 Verum
789 1929 881 1987 hic
928 1930 1185 1989 intricata
1237 1932 1539 1991 admodum
1594 1935 1891 2007 solataque

309 2019 545 2077 diﬁcilis
593 2023 826 2092 quaestio
878 2024 1148 2081 exoritur.
1202 2026 1421 2083 Etenim
1491 2027 1892 2086 Constantinus

310 2112 829 2188 Porphyrogenitus,
864 2117 917 2172 in
939 2117 1138 2175 Basilio
1158 2118 1476 2186 Macedone,
1499 2136 1625 2192 cap.
1662 2122 1755 2188 54,
1776 2138 1891 2192 quo

306 2209 456 2267 mdes
482 2225 668 2269 sacras
694 2210 1025 2274 nonnullas,
1058 2211 1131 2268 ab
1166 2209 1275 2268 hoc
1307 2213 1644 2283 imperatore
1672 2212 1889 2269 instauc

305 2312 474 2369 ratas,
500 2314 775 2368 recenset,
799 2304 955 2362 hisee
980 2305 1147 2361 etiam
1171 2304 1369 2370 aedem,
1393 2312 1586 2361 sancto
1612 2305 1720 2360 Deo
1744 2306 1891 2361 etrio

304 2411 542 2462 sacram,
578 2398 942 2469 sequentibus
972 2397 1156 2453 verbis
1183 2408 1518 2457 annumerat
1549 2415 1565 2454 :
1605 2418 1624 2452 ι
1669 2397 1890 2454 Sanctae

302 2490 474 2555 Annae
500 2505 724 2560 quoque
744 2490 800 2544 in
825 2490 1106 2554 Deuterio.
1128 2497 1184 2545 et
1202 2490 1379 2547 sancti
1406 2489 1610 2546 Christi
1638 2490 1889 2558 martyris

304 2582 567 2640 Demetrii
612 2599 798 2641 sacras
838 2583 1005 2647 mdes,
1036 2591 1310 2640 vetustate
1349 2584 1685 2650 laborantes,
1715 2596 1889 2641 navas

301 2694 367 2737 ac
418 2679 696 2749 elegantes
732 2675 951 2732 refecit.
984 2694 1003 2728 ι
1050 2675 1290 2745 Cangius
1316 2686 1523 2741 autem,
1563 2692 1696 2731 num
1727 2690 1887 2732 sacra

303 2774 443 2832 haec.
468 2786 637 2842 quam
669 2785 701 2824 a
734 2769 940 2825 Basilio
967 2767 1264 2823 Macedone
1300 2768 1661 2823 instauratam
1690 2767 1883 2833 fuisse.

303 2865 570 2937 Scylitzes
601 2877 822 2933 quoque
849 2877 973 2933 pag.
1005 2860 1115 2917 588
1141 2861 1423 2916 memoria:
1455 2861 1675 2931 prodit,
1708 2861 1885 2917 sancti

305 2955 567 3013 Demetrii
612 2956 763 3010 mdes
809 2970 921 3009 una
953 2962 1123 3024 atque
1155 2954 1353 3010 eadem
1400 2968 1526 3009 cum
1580 2968 1668 3019 ea,
1718 2968 1884 3024 quam

300 3066 465 3121 supra
494 3066 561 3105 ex
587 3050 980 3119 antiquitatum
1007 3088 1024 3115 ,
1053 3061 1149 3102 seu
1182 3045 1464 3119 Originum
1506 3042 1886 3102 Constantino-6

297 3146 662 3215 politanarum
692 3142 962 3211 scriptore
1011 3154 1285 3210 anonymo
1315 3139 1760 3201 memoravimus.
1792 3138 1885 3203 sit,
1914 3167 1958 3228 ο

299 3239 354 3293 in
382 3233 839 3305 Constantinopoli
878 3230 1184 3288 Christiana
1209 3272 1225 3299 ,
1264 3230 1362 3286 lib.
1398 3246 1475 3291 tv.
1512 3246 1635 3300 pag.
1669 3229 1776 3285 122
1824 3228 1883 3283 in

298 3331 525 3389 dubium
574 3335 814 3390 revocat,
851 3335 906 3381 et
950 3339 1085 3380 sane
1130 3339 1243 3378 non
1281 3324 1585 3380 immerito.
1623 3323 1881 3390 Etenim,

297 3419 755 3495 quemadmodum
789 3419 893 3473 hoc
931 3418 1054 3472 loco
1096 3417 1337 3487 scriptor
1364 3416 1458 3472 ille
1488 3422 1641 3473 recte
1679 3426 1839 3471 notat
1860 3456 1876 3481 ,

298 3518 713 3572 Cantacuzenus
736 3511 791 3565 in
832 3509 1097 3573 Historia,
1134 3525 1166 3564 a
1189 3525 1249 3565 se
1277 3509 1629 3577 concinnata,
1666 3509 1763 3564 lib.
1793 3524 1878 3575 Ill,

300 3621 420 3677 cap.
449 3606 484 3661 6
510 3615 565 3659 et
587 3606 642 3669 9,
672 3602 843 3658 aedem
869 3618 1088 3673 quoque
1118 3611 1314 3658 salicto
1337 3600 1612 3657 Demetrio
1635 3617 1876 3666 sacram,

301 3701 355 3756 in
392 3701 509 3771 ipso
554 3696 1161 3766 Constantinopolitano
1206 3696 1600 3765 imperatorum
1677 3695 1881 3764 palatio

300 3810 396 3849 seu
431 3792 577 3865 regia
610 3790 825 3856 statuit,
862 3789 1031 3860 priori
1064 3789 1289 3858 quidem
1317 3789 1438 3844 loco
1478 3788 1558 3844 sic
1583 3788 1834 3842 scribens
1861 3803 1879 3841 :

301 3886 413 3940 Καὶ
444 3884 584 3956 πρὸς
615 3882 694 3953 τῷ
738 3879 849 3953 ναῷ
896 3881 993 3936 τοῦ
1045 3879 1540 3951 μεγαλομάρτυρος
1583 3879 1881 3949 γενόμενοι

301 3975 641 4048 Δημητρίου,
672 3970 730 4038 ὃς
755 3974 867 4028 τῶν
900 3974 1194 4043 βασιλείων
1225 3971 1545 4043 ᾠκοδόμητο
1587 3971 1737 4034 ἐντός
1770 3987 1789 4021 t
1819 3968 1885 4025 Et

300 4085 425 4127 cum
456 4077 642 4123 essent
683 4080 855 4138 prope
886 4066 1072 4137 magni
1119 4066 1379 4137 martyris
1435 4064 1694 4120 Demetrii
1743 4074 1882 4118 tem-

302 4162 477 4234 plum,
500 4161 645 4232 quod
672 4161 727 4215 in
756 4159 957 4231 palatio
983 4159 1311 4215 aediﬁcatum
1341 4166 1492 4223 erat;
1533 4175 1551 4208 ι
1590 4158 1883 4228 posteriori

302 4268 434 4310 vero
467 4253 751 4322 sequentia
782 4252 946 4306 verba
972 4250 1326 4321 suppeditans
1362 4251 1509 4303 :Kui
1538 4252 1677 4320 πρδς
1708 4252 1801 4302 τὸν
1825 4251 1884 4304 ὲν

302 4344 596 4420 potirier;
624 4343 720 4397 τοῦ
739 4344 1099 4416 Μνροϐλύτου
1134 4342 1230 4397 τοῦ
1262 4342 1540 4413 μάρτυρος
1587 4342 1884 4412 γενόμενος

300 4445 448 4499 ναόν.
484 4463 501 4495 ‹
548 4443 794 4512 Cumque
829 4443 899 4497 ad
926 4439 1240 4513 Myroblyta:
1280 4439 1536 4510 martyris
1570 4437 1834 4509 templum
1863 4477 1879 4501 ,

1924 1822 1964 1878 Β
1995 1854 2211 1909 ﬁcatam
2268 1855 2437 1911 fuisse
2513 1822 2760 1926 tradunt,
2812 1861 2883 1916 ab
2923 1863 3027 1917 hoc
3073 1862 3240 1918 etiam
3288 1822 3578 1934 principe,

1990 1947 2152 2018 paulo
2179 1957 2472 2018 antequam
2503 1950 2555 2005 id
2581 1950 2786 2007 iaciant
2806 1992 2822 2017 ,
2853 1953 3028 2008 aedem
3067 1963 3265 2010 sancto
3301 1955 3578 2012 Demetrio

1989 2053 2203 2094 sacram
2251 2040 2613 2097 instauratam
2665 2042 2881 2111 fuisse,
2936 2047 3220 2103 memoriae
3285 2048 3574 2117 produnt;

1988 2148 2179 2204 quare,
2213 2148 2336 2189 cum
2376 2135 2518 2190 bane
2553 2136 2623 2190 ab
2664 2136 2754 2191 illa
2781 2178 2796 2204 ,
2833 2153 2863 2191 a
2905 2139 3069 2209 vulgo
3122 2138 3287 2194 etiam
3311 2179 3327 2203 ,
3362 2147 3424 2193 ut
3464 2140 3576 2210 jam

1989 2226 2174 2291 docui,
2211 2228 2387 2283 sancti
2421 2226 2683 2283 Demetrii
2716 2230 2941 2284 nomine
2977 2228 3224 2301 insigniri
3255 2229 3435 2294 solita,
3464 2244 3582 2284 ma-

1989 2318 2348 2374 nifestissime
2374 2320 2736 2389 distinguant,
2769 2322 3174 2376 consectarium
3218 2336 3284 2376 ex
3316 2322 3579 2375 omnibus

1983 2412 2095 2482 jam
2125 2411 2288 2466 dictis
2307 2420 2413 2476 est,
2438 2421 2501 2466 ut
2524 2426 2679 2468 sacra
2706 2420 2900 2469 sancto
2923 2412 3203 2470 Demetrio
3228 2413 3395 2479 aedes,
3414 2427 3576 2482 quam

1988 2514 2019 2555 a
2052 2500 2251 2556 Basilio
2298 2500 2595 2558 Macedone
2629 2503 2987 2559 instauratam
3040 2504 3212 2560 fuisse
3287 2502 3577 2567 scribunt,

1987 2605 2145 2647 extra
2177 2593 2445 2663 palatium
2472 2595 2579 2650 sita
2612 2593 2779 2650 fuerit
2801 2636 2817 2660 ,
2850 2597 3223 2667 distinctaque
3251 2595 3485 2667 proinde
3509 2596 3580 2651 ab

1987 2687 2124 2747 a-de,
2148 2693 2342 2740 sancto
2368 2685 2642 2743 Demetrio
2672 2702 2830 2743 sacra
2853 2727 2867 2747 .
2899 2703 3062 2758 quam
3114 2689 3170 2743 in
3203 2688 3407 2759 palatio
3434 2686 3581 2742 Can-

1989 2785 2287 2833 tacuzenus
2318 2777 2493 2848 ponit.
2538 2780 2609 2834 At
2651 2795 2805 2845 vero,
2849 2780 3088 2851 inquies,
3116 2781 3428 2835 orationem
3479 2794 3579 2834 seu

1989 2867 2292 2936 bomiliam,
2337 2884 2502 2941 supra
2550 2871 2674 2941 plus
2735 2872 2905 2926 sentel
2956 2881 3339 2935 memoratam,
3381 2871 3580 2942 bisque

1987 2956 2175 3014 verbis
2200 2998 2215 3022 ,
2262 2958 2455 3029 Ἔφηὸ
2504 2962 2778 3030 σωτήριος
2820 2960 3012 3024 λόγος,
3054 2959 3331 3028 inceptam
3356 2996 3371 3021 ,
3412 2970 3577 3028 quam

1985 3049 2375 3107 Commentarii
2423 3049 2654 3123 bujusg
2706 3052 2728 3105 l
2782 3049 2955 3106 Leoni
3005 3050 3274 3120 Sapienti,
3326 3045 3577 3105 Orientis

1990 3143 2332 3215 imperatori,
2368 3142 2663 3208 vindicavi,
2694 3145 2895 3199 dictam
2943 3143 3115 3199 fuisse
3143 3144 3217 3198 ab
3242 3142 3348 3198 hoc
3400 3148 3575 3202 ωεισῖ

1990 3251 2115 3292 cum
2162 3236 2310 3292 mdes
2355 3246 2547 3292 sancto
2588 3234 2868 3291 Demetrio
2904 3233 2960 3289 in
3010 3234 3158 3306 regia
3213 3248 3313 3289 seu
3368 3231 3601 3302 palatio

1986 3338 2427 3407 consecraretur,
2463 3329 2654 3384 titulus
2686 3330 2735 3384 ei
2765 3330 3049 3399 prarlixus,
3085 3335 3276 3397 utpote
3313 3326 3409 3397 qui
3451 3340 3576 3380 ver-

1988 3421 2091 3487 bis,
2125 3434 2281 3475 num.
2318 3419 2352 3476 5
2382 3421 2648 3486 recitatis,
2681 3422 2755 3476 sit
2783 3431 3112 3489 conceptus,
3146 3420 3308 3475 ﬁdem
3345 3418 3499 3476 facit.

2061 3513 2186 3570 “8.
2220 3512 2339 3568 Jam
2376 3529 2527 3577 vero.
2576 3528 2701 3569 cum
2749 3512 2860 3568 Leo
2905 3512 3139 3582 Sapiens
3175 3511 3361 3568 Basilii
3393 3511 3578 3567 Mace-

1990 3607 2152 3663 donis
2207 3606 2350 3662 lllius
2396 3607 2487 3671 sit,
2540 3605 2779 3676 buicque
2828 3605 2971 3675 patri
3024 3620 3147 3669 suo,
3198 3620 3312 3674 quo
3360 3606 3580 3659 volente

1990 3699 2289 3770 imperator
2317 3699 2428 3769 jam
2462 3699 2594 3753 inde
2625 3700 2692 3751 ab
2720 3713 2867 3751 anno
2895 3697 2999 3752 870
3030 3707 3325 3751 coronatus
3362 3695 3539 3750 {itcrat
3561 3734 3576 3755 .

1990 3805 2137 3846 anno
2166 3789 2271 3847 886
2303 3791 2656 3855 successerit,
2694 3789 2869 3843 autem
2922 3798 3114 3843 sancto
3167 3788 3442 3842 Demetrio
3487 3802 3578 3841 sa-

1987 3902 2164 3946 cram.
2207 3884 2263 3938 in
2295 3883 2455 3952 cujus
2478 3882 2902 3937 consecratione
2932 3882 3237 3934 orationem
3267 3896 3365 3935 seu
3392 3879 3578 3934 homi-

1988 3976 2114 4031 liam
2145 3985 2510 4031 memoratam.
2534 3975 2582 4028 is
2608 3974 2767 4035 dixit,
2803 3987 2927 4028 esse
2966 3972 3114 4026 illam
3165 3972 3359 4042 ipsam,
3408 3987 3572 4042 quam

1987 4070 2056 4124 ab
2078 4070 2198 4138 eius
2221 4077 2399 4138 patre,
2428 4056 2632 4121 Basilio
2654 4065 2973 4128 Macedone.
3002 4065 3365 4119 instauratam
3393 4065 3568 4119 fuisse

1986 4161 2492 4232 Porphyrogenitus
2523 4159 2868 4231 etSeyiitzes
2912 4158 3047 4214 locis
3074 4173 3238 4228 supra
3287 4158 3409 4213 citt.
3457 4169 3573 4212 tra-

1984 4252 2143 4316 dunt,
2160 4251 2631 4308 verosimillitnum
2649 4260 2898 4320 apparet,
2926 4249 3178 4319 hancque
3201 4248 3432 4320 proinde
3455 4246 3567 4303 non

1986 4344 2173 4410 aliam,
2221 4358 2383 4414 quam
2415 4358 2538 4411 qum
2585 4358 2615 4397 a
2668 4342 3060 4398 Cantacuzeno
3109 4356 3274 4411 supra
3330 4339 3575 4396 recitatis

1988 4438 2171 4494 verbis
2201 4436 2256 4492 in
2283 4436 2482 4507 palatio
2509 4451 2605 4491 seu
2639 4436 2787 4508 regia
2824 4435 3106 4502 statuitur,
3143 4433 3451 4491 exstitisse.
3488 4423 3569 4489 lt'a

301 4538 354 4592 in
389 4535 591 4607 palatio
628 4536 792 4589 situm
816 4575 831 4599 ,
873 4534 1134 4589 venisset.
1177 4551 1195 4585 ι
1240 4529 1358 4587 Jam
1408 4546 1562 4591 vero,
1620 4531 1681 4585 si
1727 4543 1880 4585 sacra
1912 4514 1955 4572 ο
1986 4541 2175 4587 contra
2209 4530 2551 4600 opinionem,
2579 4547 2683 4600 qua
2713 4546 2778 4586 ex
2808 4532 2919 4600 jam
2957 4531 3121 4587 dictis
3148 4547 3361 4586 sacram
3396 4532 3572 4587 sancti

298 4630 489 4685 Sancti
518 4626 692 4684 nostri
726 4627 892 4693 mdes,
929 4642 958 4681 a
987 4625 1371 4682 Cantacnzcno
1400 4622 1492 4678 hic
1537 4630 1838 4678 memorata
1860 4662 1876 4689 ,

296 4723 366 4777 ab
400 4723 514 4777 crde
536 4720 779 4790 ejusdem
806 4731 984 4783 sacra,
1013 4732 1133 4789 quae
1164 4733 1230 4771 eo
1260 4716 1400 4786 ipso,
1431 4732 1538 4784 quo
1567 4714 1877 4786 Acropolis,

298 4815 421 4869 loco
454 4811 683 4877 exstitit,
716 4810 881 4864 fuerit
907 4808 1146 4872 diversa,
1173 4805 1276 4862 fuit
1309 4821 1463 4870 sane,
1489 4821 1588 4860 cur
1612 4805 1876 4877 Cangius.

300 4909 536 4970 bancnc,
559 4920 626 4958 an
661 4903 804 4957 illam
836 4901 1066 4956 Basilius
1096 4898 1321 4956 Macedo
1351 4899 1688 4965 instaurarit,
1720 4912 1881 4953 revo-

296 5005 450 5053 caret
488 4996 544 5049 in
573 4995 824 5049 dubium.

370 5082 493 5143 H7.
535 5085 641 5145 Sed
669 5103 782 5142 rem
819 5086 1218 5142 examine-mus.
1247 5085 1403 5140 Anna
1427 5082 1729 5148 Comuena,
1758 5082 1879 5137 Aie-

294 5183 488 5239 a'iados
547 5182 646 5236 lib.
676 5197 786 5246 an,
831 5196 952 5255 pag.
999 5178 1099 5234 361
1129 5177 1376 5232 meminit
1412 5175 1546 5231 aedis
1591 5190 1776 5238 sacrae,
1820 5175 1876 5229 in

296 5275 499 5348 palatio
550 5273 906 5345 imperatorio
948 5268 1556 5341 Constantinopolitano
1582 5266 1873 5335 evstantis,

292 5385 436 5444 qum.
455 5369 704 5440 quamvis
725 5367 941 5438 quidem
975 5383 1003 5420 a
1034 5365 1237 5429 multis,
1265 5380 1362 5419 seu
1389 5364 1588 5434 potius.
1610 5372 1669 5418 ut
1689 5361 1877 5418 Graeca

291 5459 457 5514 verba
494 5467 711 5524 sonant,
739 5472 768 5511 a
798 5457 959 5529 vulgo
993 5455 1171 5526 magni
1207 5456 1460 5525 martyris
1487 5453 1742 5508 Demetrii
1776 5469 1875 5508 no-

291 5550 441 5605 mine
465 5551 842 5623 insigniretur,
871 5550 925 5604 in
962 5548 1184 5604 nomine
1214 5556 1391 5600 tamen
1429 5545 1521 5601 Dei
1549 5543 1735 5600 Matris
1758 5544 1877 5601 ineo

291 5650 378 5697 rat
403 5652 617 5708 erecta;
646 5660 769 5697 mox
800 5652 983 5698 autem
1004 5641 1212 5697 laudati
1238 5638 1504 5711 Scylitzes
1533 5651 1587 5694 et
1609 5642 1879 5695 Constan—

293 5738 443 5792 tinus
474 5735 995 5810 Porphyrogenitus,
1029 5737 1174 5806 prior
1209 5734 1430 5804 quidem
1481 5750 1597 5806 pag.
1627 5735 1876 5804 proxime

293 5830 412 5897 εει,
445 5831 715 5901 posterior
747 5848 876 5889 veto
927 5830 981 5886 in
1036 5827 1231 5885 Basilio
1263 5825 1579 5893 Macedone,
1617 5844 1737 5897 cap.
1781 5828 1869 5894 ὃὸ,

1984 4620 2247 4678 Demetrii
2274 4622 2448 4676 aedem
2473 4662 2486 4686 ,
2524 4638 2553 4676 a
2591 4620 2793 4677 Basilio
2829 4620 3128 4678 Macedone
3162 4624 3528 4677 instauratum
3555 4662 3573 4687 ,

1983 4723 2136 4770 extra
2195 4715 2459 4786 palatium
2521 4717 2854 4781 statuimus,
2909 4726 3091 4786 potest
3140 4716 3317 4786 argui.
3373 4713 3572 4769 Verum

1982 4806 2239 4878 scriptor,
2275 4807 2366 4877 qui
2406 4806 2568 4861 dicta:
2615 4806 2858 4861 bomiliee
2893 4822 2991 4862 seu
3026 4806 3262 4861 orationi
3295 4807 3348 4861 in
3382 4805 3574 4861 codice

1982 4901 2112 4956 olim
2159 4899 2504 4963 Mazarinzeo,
2555 4898 2775 4965 smculo,
2828 4907 2887 4952 ut
2935 4908 3202 4969 apparet,
3247 4896 3573 4952 duodecimo

1981 4998 2223 5057 exarato,
2256 4991 2474 5045 titulum
2510 4990 2770 5060 praeﬁxit,
2806 4989 3009 5044 dictam
3036 4988 3182 5043 illam
3215 4989 3384 5042 fuisse
3415 4998 3570 5052 tunc,

1980 5099 2105 5141 cum
2136 5084 2280 5138 azdcs
2313 5091 2505 5137 sancto
2543 5080 2820 5137 Demetrio
2858 5081 2912 5135 in
2948 5081 3095 5152 regia
3126 5088 3569 5144 consecraretur,

1981 5178 2188 5236 idcirco
2234 5178 2486 5234 iorlaSsis
2540 5178 2597 5232 in
2652 5178 2758 5232 hoc
2810 5177 3035 5240 notarit,
3068 5174 3215 5245 quod
3263 5184 3413 5235 tunc.
3444 5188 3569 5229 cum

1981 5270 2265 5342 praefatum
2299 5270 2549 5326 codicem
2582 5278 2854 5331 exararet,
2890 5283 2987 5323 seu
3020 5268 3220 5322 satculo
3247 5284 3317 5322 xtl
3352 5281 3569 5322 sacrum

1978 5362 2125 5419 istud
2154 5363 2443 5419 aedilicium
2478 5364 2594 5416 solo
2636 5361 2812 5417 sancti
2861 5360 3119 5416 Demetrii
3163 5359 3389 5415 nomine
3429 5359 3571 5414 soleo

1979 5468 2058 5513 ret
2107 5456 2392 5527 distingui.
2426 5454 2646 5519 Adbaec,
2684 5463 2742 5509 ut
2775 5470 2899 5509 cum
2944 5454 3125 5517 tituli,
3180 5454 3248 5509 de
3279 5470 3388 5523 quo
3437 5451 3530 5508 hic
3554 5487 3569 5516 .

1979 5550 2248 5620 scriptore
2292 5552 2448 5602 Anna
2500 5547 2802 5611 Comncna,
2854 5564 2977 5619 qua:
3013 5547 3219 5616 pariter
3256 5548 3459 5605 szccuio
3495 5561 3571 5601 stt

1978 5641 2166 5697 ﬂoruit
2197 5656 2519 5709 sacramque
2554 5639 2701 5695 illam
2736 5641 2908 5695 aedem
2932 5681 2948 5706 ,
3002 5648 3125 5695 utut
3171 5638 3431 5695 Demetrii
3470 5656 3572 5712 nec

1981 5735 2129 5790 mine
2163 5750 2191 5789 τι
2235 5734 2397 5805 vulgo
2450 5732 2702 5807 insigniri
2753 5735 2968 5790 sol.tam
2997 5776 3010 5800 ,
3067 5732 3427 5790 sanctissimae
3475 5733 3568 5787 Dci

1980 5826 2242 5885 Gcn'trici
2280 5825 2511 5883 d’catam
2567 5835 2737 5894 notat,
2774 5828 2827 5883 in
2856 5825 3206 5887 concordiam
3240 5824 3566 5884 adducatur.
