4142 6380
567 297 702 364 1151

1845 295 2496 366 SUPPLEMENTUM.

3673 289 3808 358 lli)!

567 415 684 471 fieri
715 421 914 486 potest,
949 422 1008 470 ut
1032 427 1181 470 sacra
1209 413 1300 469 illa
1339 415 1482 471 aedes
1527 424 1581 469 et
1632 414 1994 469 sanctissimae
2039 413 2131 469 Dei
2161 453 2208 503 Α
2237 414 2422 470 Sancti
2460 416 2580 470 luce
2608 414 2759 469 adire
2796 411 3154 482 Imperatores
3189 403 3462 471 solebant,
3527 414 3809 463 monasted

563 505 826 562 Geuitriei
857 507 1018 560 simul
1046 514 1102 560 et
1151 515 1345 559 saucto
1403 505 1678 560 Demetrio
1724 505 1894 560 fuerit
1922 505 2124 563 dicata.

569 600 808 667 hincque
835 599 902 652 de
926 613 1010 660 ea,
1042 601 1206 654 voluti
1244 610 1434 654 sancto
1465 598 1739 654 Demetrio
1773 613 1948 662 sacra,
1997 597 2138 652 tituli

567 691 820 757 scriptor,
853 690 988 743 solis
1013 690 1352 744 concinnatis
1381 690 1448 744 de
1479 692 1581 745 hoc
1610 691 1810 745 Sancto
1837 698 2023 743 nostro
2060 689 2143 742 lu-

567 782 985 836 cubratiouihns
1013 784 1120 850 (adi
1153 800 1303 838 num.
1333 785 1385 853 ‘5)
1417 784 1849 838 transcribendis
1877 783 2140 845 intentus,

571 874 908 927 mentionem
949 874 1138 928 fecerit
1167 916 1180 938 ,
1211 876 1416 928 omisso
1440 877 1604 928 etiam
1643 875 1888 943 Deiparae
1917 873 2143 926 nomine

572 980 680 1030 quo
711 975 838 1019 tunc
883 965 1129 1020 fortassis
1163 983 1190 1019 a
1235 967 1425 1035 paucis
1471 968 1734 1021 duntaxat
1779 967 1954 1021 locum
1992 965 2142 1020 illum

574 1070 794 1109 sacrum
853 1056 1102 1124 insigniri
1175 1058 1406 1110 habebat
1446 1066 1812 1126 perspectum.
1873 1053 2144 1122 Quidquid

577 1144 760 1206 itaque
791 1161 821 1199 e
852 1146 1028 1210 titulo,
1061 1162 1222 1214 quem
1271 1146 1325 1200 in
1365 1147 1554 1201 codice
1601 1145 1920 1200 Mazarinzco
1971 1145 2148 1197 oratio

577 1254 672 1291 seu
722 1239 938 1291 humilia
995 1239 1208 1293 laudata
1257 1237 1512 1307 traeicrt,
1561 1239 1732 1306 possit
1782 1236 1957 1306 argui,
2010 1235 2150 1289 hanc

578 1327 853 1396 equidem,
901 1343 1010 1380 non
1062 1343 1186 1380 eum
1244 1343 1398 1381 sacra
1461 1329 1632 1381 sancti
1688 1325 1945 1378 Demetrii
1993 1326 2149 1389 aede,

581 1435 743 1486 quam
787 1435 815 1472 a
869 1418 1063 1472 Basil'o
1097 1419 1390 1474 Macedone
1421 1419 1778 1473 instauratam
1812 1417 1977 1471 fuisse
2024 1416 2152 1487 Scy-

583 1511 738 1564 litzrs
775 1520 829 1564 ct
860 1509 1358 1580 Porpliyrugenitus
1391 1512 1632 1572 tradunt,
1660 1510 1753 1564 sed
1788 1525 1910 1564 cum
1946 1508 2110 1562 altera
2134 1549 2150 1570 ,

583 1619 743 1672 quam
797 1603 848 1656 in
885 1605 1084 1673 palatio
1119 1603 1283 1658 fuisse
1327 1604 1420 1658 Dei
1472 1603 1738 1658 Genitrici
1779 1611 2108 1655 exstructam
2135 1640 2152 1666 ,

585 1697 918 1765 noniineqne
966 1697 1326 1752 nihilominus
1372 1697 1547 1751 sancti
1603 1695 1860 1750 Demetrii
1913 1710 1941 1747 a
1994 1695 2156 1763 vulgo

2247 507 2386 560 rium
2445 516 2732 576 praeterea,
2787 513 2978 558 contra
3041 519 3105 557 ac
3145 501 3248 556 sedi
3281 513 3467 566 sacrae,
3513 499 3566 553 in
3611 496 3813 568 palatio

2247 598 2433 667 ejusve
2466 598 2672 652 ambitu
2708 597 2844 662 sitsi,
2879 595 3175 650 convenire
3221 592 3455 654 videtur,
3497 591 3598 644 sibi
3627 589 3811 653 etiam,

2249 690 2325 743 uti
2359 706 2388 742 ιε
2420 687 2611 743 Cadini
2672 687 2849 742 verbis
2896 687 3242 757 intelligitur,
3304 684 3557 739 habuerit
3617 685 3814 752 adjun-

2249 791 2419 843 ctnm,
2458 781 2607 834 illum
2666 797 2794 834 sane
2853 781 3034 834 locum
3095 794 3313 833 sacrum
3349 793 3414 831 ac
3458 777 3615 848 proin
3646 777 3811 832 etiam

2249 882 2582 927 exstrucmm
2613 887 2639 926 ει
2703 871 2872 926 Birda
2906 869 3120 926 Caesare
3150 869 3466 929 ecclesiam.
3527 878 3715 938 utpote
3744 872 3816 924 ab

2252 965 2376 1031 hoc,
2405 973 2462 1018 ut
2492 965 2603 1034 jam
2635 964 2818 1026 docui,
2852 979 2961 1018 non
3004 963 3336 1023 distinctam.
3371 972 3523 1017 extra
3552 962 3810 1032 palatium

2250 1058 2414 1111 situm
2453 1058 2640 1122 fuisse,
2669 1056 2958 1112 dicendum
2994 1066 3096 1111 est.
3137 1055 3254 1110 iam
3282 1072 3432 1115 vero,
3470 1072 3592 1110 cum
3627 1053 3815 1110 Sancti

2251 1149 2500 1212 eet-.lesia,
2537 1164 2697 1218 quam
2732 1149 2961 1203 Basilius
2994 1147 3215 1203 Macedo
3270 1149 3613 1210 instauravit,
3665 1156 3816 1200 extra

2254 1245 2513 1314 palatium
2544 1243 2768 1312 pariter,
2805 1251 2864 1296 nt
2893 1259 3056 1312 supra
3097 1239 3335 1303 ostendi,
3363 1241 3463 1295 sita
3490 1240 3676 1304 fuerit,
3706 1257 3812 1293 non

2252 1334 2413 1388 aliam
2453 1333 2711 1387 Demetrii
2747 1333 2918 1388 :edem
2957 1347 3188 1395 sacram,
3222 1347 3384 1399 qnam
3435 1346 3554 1397 qua!
3580 1348 3608 1382 ιι
3646 1329 3815 1382 Barda

2254 1425 2468 1481 Ca-sare
2495 1424 2676 1479 fuerat
2713 1431 3011 1487 exstructa,
3042 1437 3070 1477 a
3104 1422 3302 1476 Basilio
3331 1420 3624 1476 Macedone
3651 1421 3818 1476 fuisse

2255 1517 2636 1578 inslanratam,
2695 1513 3164 1568 verosimillimunt
3225 1519 3470 1581 apparet.
3537 1508 3648 1564 Nec
3712 1522 3817 1571 est,

2255 1608 2401 1676 quod
2429 1605 2874 1676 reponas.sancli
2906 1603 3163 1658 Demetrii
3202 1604 3368 1666 mdes,
3413 1615 3549 1670 quas
3594 1599 3824 1654 Basilius

2257 1699 2478 1753 Macedo
2502 1697 2847 1758 instauravit,
2873 1696 2926 1750 in
2965 1695 3163 1750 Leonis
3198 1695 3376 1748 Allatii
3433 1693 3672 1747 editione
3708 1693 3822 1744 rui-

585 1789 814 1842 solnisse
849 1789 1106 1859 distingui
1163 1789 1319 1845 Anna
1352 1789 1629 1842 Coainena
1660 1786 1887 1840 allii-mat
1915 1825 1928 1847 ,
1961 1799 2155 1840 conse-
2185 1784 2224 1837 B
2256 1809 2432 1857 νεοδαε,
2475 1799 2638 1858 atque
2694 1790 2749 1842 in
2805 1789 2996 1853 altera,
3033 1801 3196 1857 quam
3239 1784 3291 1839 in
3343 1783 3656 1854 Byzantinis
3702 1793 3828 1853 post

586 1893 855 1943 crareiur,
896 1881 1302 1950 pronuntiatam
1341 1880 1530 1946 fuisse,
1579 1880 1947 1935 indubitatum
1986 1893 2158 1946 appa-

589 1981 691 2032 ret.
754 1983 1048 2040 manetque
1099 1972 1347 2039 proinde,
1405 1987 1618 2026 sacram
1673 1970 1847 2024 salicti
1904 1966 2160 2023 Demetrii

590 2063 785 2123 a-dem,
820 2080 978 2134 quam
1009 2065 1241 2119 Basilius
1279 2063 1498 2118 Macedo
1524 2065 1861 2124 instauravit,
1885 2069 2038 2116 extra
2068 2076 2163 2129 pa-

591 2154 777 2208 latiuzn
810 2156 968 2210 sitam
992 2156 1182 2221 fuisse,
1209 2164 1370 2224 atque
1396 2156 1518 2210 ideo
1542 2156 1610 2210 ab
1639 2155 1754 2208 :ede
1779 2152 1962 2208 Sancti
1985 2166 2160 2214 sacra,

592 2261 750 2315 quam
799 2246 849 2297 in
902 2247 1100 2314 palatio
1136 2248 1549 2302 Cantacuzenus
1605 2248 1816 2307 statuit,
1868 2243 2161 2312 distingui.

667 2337 788 2391 119.
842 2337 1037 2390 Verum
1083 2353 1330 2408 quzenam
1384 2339 1600 2393 tandem
1647 2347 1732 2392 est
1780 2353 1932 2391 saera
1985 2333 2162 2391 sancti

596 2429 854 2484 Demetrii
893 2430 1059 2490 mdes,
1093 2446 1212 2499 qua:
1239 2442 1293 2485 et
1333 2432 1401 2484 ab
1426 2431 1541 2484 inde
1602 2446 1698 2498 per
1722 2430 2163 2485 Cantacuzenum

597 2535 894 2576 memorata
965 2523 1318 2594 di~tiugnitur
1354 2533 1407 2576 et
1431 2541 1458 2576 a
1487 2523 1690 2576 Basilio
1740 2522 2036 2576 Macedone
2063 2519 2168 2574 fuit

601 2615 935 2668 instaurata?
971 2617 1087 2668 Non
1147 2616 1274 2672 alia.
1339 2625 1396 2669 ut
1443 2625 1686 2684 apparet,
1721 2629 1885 2682 quam
1927 2629 2046 2679 quae
2101 2627 2168 2666 co

601 2707 740 2772 ipso.
769 2723 875 2775 quo
924 2708 1206 2777 Acropolis
1241 2710 1471 2773 exstitit,
1495 2708 1618 2762 loco
1660 2723 1688 2761 a
1726 2706 1895 2761 [larda
1932 2706 2165 2767 Gestare.

601 2810 661 2854 ut
684 2816 846 2869 supra
881 2801 1192 2864 docuimus,
1229 2800 1334 2856 fuit
1358 2811 1656 2856 exstructa.
1697 2800 1823 2854 ll:ec
1857 2799 2020 2860 enim,
2058 2812 2166 2851 non

603 2908 762 2948 secus
795 2903 960 2961 atque
1013 2893 1124 2952 illa.
1181 2904 1332 2947 extra
1369 2893 1631 2961 palatium
1685 2891 1910 2950 exstitit.
1949 2889 2026 2943 uti
2058 2888 2168 2957 jam

605 3001 750 3039 nunc
792 2986 1019 3040 dicenda
1072 2987 1380 3040 ostendent.
1420 2984 1714 3038 Ecclesium
1763 2981 1936 3037 sancti
1979 2981 2174 3035 Deinc-

2260 1884 2649 1953 Theophanem
2693 1879 3066 1949 Scriptoribus
3102 1878 3463 1932 Combelisius
3493 1875 3824 1945 suppeditat,

2259 1985 2520 2031 vetustate
2569 1974 2875 2028 laborantes
2953 1971 3248 2041 appellari;
3303 1969 3402 2023 has
3441 1976 3620 2022 autem
3659 1966 3831 2020 deno-

2260 2067 2592 2122 minationes
2645 2063 2940 2130 exstructis
2987 2078 3016 2116 a
3051 2061 3221 2116 Barda
3249 2059 3464 2115 Caesare
3515 2059 3688 2113 sancti
3725 2055 3833 2111 De-

2264 2158 2442 2213 metrii
2478 2157 2705 2218 a‘dibus,
2739 2165 2929 2221 utpote
2961 2168 3105 2224 quae,
3160 2159 3221 2207 ut
3276 2165 3439 2220 supra
3470 2150 3654 2211 docui,
3685 2163 3830 2202 anno

2264 2251 2529 2303 duntaxat
2578 2247 2684 2302 850
2717 2248 2938 2301 circiter
2967 2246 3205 2300 fuissent
3239 2252 3460 2306 erectzr,
3496 2242 3677 2296 Basilii
3715 2241 3831 2294 Ma-

2265 2341 2492 2396 cedonis
2529 2348 2794 2410 tempore,
2826 2339 2970 2408 quod
3028 2339 3118 2393 hic
3152 2338 3546 2405 quinquaginta
3580 2332 3822 2388 nondum

2267 2433 2429 2488 annis
2463 2441 2585 2503 post
2616 2433 2760 2486 ardes
2793 2434 3010 2485 easdem
3050 2431 3343 2485 aedificatus
3383 2428 3584 2498 elapsis
3612 2427 3830 2489 obierit.

2268 2523 2563 2578 convenire
2596 2521 2738 2577 haud
2769 2523 3011 2592 potuisse
3038 2539 3051 2575 :
3115 2521 3216 2576 ctsi
3247 2521 3394 2574 enim
3449 2519 3500 2572 id
3531 2518 3604 2571 ita
3649 2518 3739 2581 sit,
3773 2517 3830 2570 in

2269 2613 2458 2668 ϐιωοο
2489 2625 2673 2667 tamen
2721 2625 2836 2668 tum
2870 2613 3141 2684 Scylitue,
3203 2621 3316 2666 tum
3381 2609 3835 2681 Porphyrogenitl

2271 2716 2443 2770 textu,
2468 2707 2512 2762 si
2543 2706 2749 2772 Graeca,
2783 2707 2981 2775 quibus
3015 2705 3106 2761 hic
3133 2706 3456 2774 concipitur,
3482 2704 3643 2758 verba
3669 2717 3834 2757 accu-

2272 2811 2390 2856 rato
2423 2809 2791 2870 expo-nantur,
2814 2800 3080 2854 duntaxat
3117 2799 3368 2863 habetur,
3425 2795 3689 2851 Basiliam
3721 2794 3802 2848 Ha
3823 2825 3837 2836 -

2273 2892 2536 2945 eedonem
2575 2889 2748 2945 sancti
2800 2889 3074 2944 D.:tnctrii
3137 2889 3283 2944 ardes
3339 2897 3430 2942 aut
3477 2904 3542 2940 ex
3598 2885 3843 2955 antiquis

2274 2995 2447 3036 novas
2473 2980 2694 3043 fecisse.
2736 2991 2830 3035 aut
2866 2983 3215 3051 antiquarum
3269 2981 3389 3036 loco
3446 2994 3617 3034 novas
3648 2979 3842 3034 condis

605 3075 716 3140 trii,
748 3091 907 3142 quam
941 3077 1059 3132 luce
1111 3075 1238 3130 huic
1274 3092 1423 3131 sacra
1483 3076 1866 3145 imperatores,
1902 3086 1961 3131 ut
2004 3091 2169 3144 supra
2199 3113 2243 3173 Ο
2278 3073 2446 3127 όὶθτερ.
2485 3073 2659 3141 Atque
2708 3073 2824 3127 haec
2851 3083 3000 3138 sunt,
3047 3089 3187 3143 quae,
3245 3083 3306 3126 ut
3347 3072 3529 3137 simul,
3563 3082 3619 3128 et
3676 3087 3850 3139 quam

605 3166 786 3226 dot-ui,
834 3171 1128 3234 quotann7s
1177 3169 1330 3224 adire
1391 3170 1661 3230 sidebant,
1719 3183 1872 3224 extra
1912 3168 2172 3237 palatium

609 3255 770 3309 sitam
806 3257 995 3316 fuisse.
1021 3259 1101 3312 vel
1135 3276 1164 3314 e
1193 3259 1347 3325 solis,
1378 3260 1577 3328 quibus
1610 3261 1703 3315 hic
1734 3261 1946 3314 illorum
1981 3274 2173 3328 magna

610 3346 957 3401 solemnitate
994 3348 1058 3400 ad
1118 3348 1298 3404 locum
1361 3352 1520 3403 istum
1560 3366 1773 3404 sacrum
1817 3350 1932 3404 ﬁeri
1976 3350 2174 3405 solitus

611 3452 867 3492 accessus
925 3439 1274 3500 describitur.
1326 3443 1525 3502 verbis,
1565 3457 1728 3510 supra
1770 3445 1873 3496 huc
1923 3459 1985 3498 ex
2023 3443 2177 3497 Αιιιίε

611 3529 1218 3598 (ἰοιιδιαιιιὶιιορσιέιωιιε
1252 3533 1688 3584 cmremoniarum
1735 3534 1875 3587 libro
1920 3533 2179 3588 transcri-

612 3622 739 3689 ptis.
790 3622 988 3690 liquet;
1059 3623 1207 3676 hisce
1235 3623 1380 3676 enim
1433 3623 1818 3691 imperatores,
1872 3640 1982 3692 quo
2037 3625 2171 3677 illud

613 3715 785 3768 sancti
850 3713 1107 3768 Demetrii
1165 3715 1423 3782 templum
1482 3715 1720 3776 adirent,
1771 3731 1802 3770 e
1863 3717 2046 3783 palatii
2097 3715 2180 3770 sui

617 3811 787 3875 portis
843 3805 1023 3876 egredi
1071 3805 1302 3860 soluisse
1336 3817 1698 3871 asseruntur;
1729 3807 1838 3874 jam
1883 3822 2012 3861 vero
2056 3821 2180 3860 cum

615 3901 724 3959 lup,
774 3899 848 3952 ttti
912 3899 1101 3951 eadem
1137 3899 1462 3967 transcripta
1499 3898 1664 3952 verba
1723 3900 1880 3953 [idem
1949 3899 2181 3966 faciunt,

616 3987 683 4041 ad
720 3985 1050 4041 Orientalem
1110 3987 1351 4042 civitatis
1406 3990 1617 4057 plagam
1653 3990 1987 4065 exstiterint,
2021 4000 2186 4059 atque

619 4078 684 4133 ad
727 4079 868 4133 hanc
911 4079 1073 4130 etiam
1120 4077 1292 4132 sanati
1339 4078 1597 4133 Demetrii
1647 4080 1903 4146 ecclesia,
1955 4097 1984 4134 a
2013 4081 2185 4136 Barda

617 4170 832 4226 Caesare
856 4179 1158 4234 exstructa,
1193 4170 1294 4224 sila
1330 4170 1514 4231 fuerit.
1581 4186 1793 4226 sacrum
1832 4172 1978 4226 hunc
2009 4174 2186 4228 locum

619 4279 742 4318 cum
777 4263 1031 4326 ecclesia,
1065 4278 1228 4329 quam
1291 4263 1654 4332 imperatores
1699 4265 1928 4319 solemni
1983 4267 2189 4336 suppli-

622 4354 861 4408 cautium
913 4355 1018 4408 ritu
1049 4353 1119 4408 ‘26
1147 4352 1398 4408 Octobris
1450 4351 1540 4409 die
1593 4355 1892 4424 quotannis
1941 4356 2186 4423 adibant,

2278 3166 2450 3220 sancti
2498 3165 2753 3222 Demetrii
2783 3166 3066 3221 ecclesiam
3095 3166 3325 3221 Basilius
3355 3165 3578 3218 Macedo
3629 3165 3844 3218 instau-

2279 3261 2433 3325 rarit,
2485 3269 2539 3315 ct
2572 3262 2734 3326 hanc,
2791 3263 3092 3330 quotannis
3144 3263 3264 3316 luce
3319 3270 3521 3315 sancto
3567 3257 3861 3312 Demetrio-

2245 3365 2257 3378 ’
2278 3369 2432 3407 sacra
2459 3353 2528 3406 ab
2558 3354 2981 3423 imperatoribus
3019 3354 3248 3408 solemni
3278 3355 3381 3408 rittt
3433 3352 3571 3407 adiri
3602 3351 3844 3413 solitam,

2278 3461 2306 3497 a
2358 3459 2510 3498 sacra
2566 3446 2743 3500 sancti
2801 3445 3059 3500 Demetrii
3116 3447 3253 3508 aede,
3307 3460 3468 3516 quam
3529 3446 3581 3497 in
3644 3443 3845 3513 palatio

2278 3533 2696 3591 Cantacuzenus
2723 3537 2936 3598 statuit.
2965 3552 3088 3591 esse
3123 3537 3419 3602 diversam,
3469 3535 3844 3595 ostenderem,

2283 3623 2336 3676 in
2385 3623 2622 3678 medium
2655 3625 2972 3682 adducenda
3002 3624 3342 3680 existimavi.
3363 3623 3606 3692 Congius
3659 3636 3848 3692 porro;

2281 3726 2341 3771 ut
2375 3715 2480 3771 alio
2507 3718 2616 3783 jam
2649 3731 2958 3772 sermonem
2991 3727 3400 3776 convertamns.
3439 3717 3490 3770 in
3541 3714 3853 3770 Constanti-

2284 3807 2457 3872 nopoli
2486 3807 2810 3870 Christiana,
2865 3807 2964 3863 lib.
3017 3823 3091 3873 tv,
3148 3823 3271 3877 pag.
3312 3807 3432 3872 lii,
3468 3822 3534 3860 eo
3582 3807 3852 3860 inclinare

2284 3898 2528 3961 videtur,
2581 3907 2639 3952 tit
2698 3900 3114 3964 monasterium,
3164 3901 3399 3969 quodex
3431 3899 3594 3954 dictis
3652 3898 3854 3966 templo

2286 4005 2314 4043 a
2355 3988 2526 4042 Barda
2551 3989 2766 4045 Caesare
2796 4000 3096 4058 exstructo,
3135 3992 3241 4046 fuit
3295 3992 3588 4058 adjeetum,
3643 3989 3710 4043 ab
3746 3992 3857 4042 An-

2286 4082 2512 4136 dronico
2543 4080 2790 4148 Juniore,
2825 4082 3253 4154 Palmologotum
3279 4092 3566 4138 stemmate
3592 4083 3856 4148 oriundo,

2288 4189 2451 4242 aquo
2504 4173 2830 4228 aediﬁcatum
2913 4175 3343 4230 instauratuinve
3404 4174 3592 4234 fuerit.
3653 4189 3855 4228 nomen

2289 4280 2446 4319 suum
2506 4265 2786 4331 accepisse
2839 4266 3134 4320 existimet.
3196 4266 3268 4320 Ita
3328 4269 3476 4320 enim
3520 4265 3722 4318 ibidem
3783 4265 3865 4320 de

2292 4355 2626 4410 monasterio
2676 4357 2784 4409 isto
2819 4356 3044 4411 scribit:
3077 4375 3095 4407 1
3130 4355 3212 4410 Ab
3263 4355 3580 4410 Andronico
3631 4353 3860 4409 Juniore

622 4460 744 4500 esse
777 4447 1055 4506 eumdem.
1112 4445 1586 4500 verosimillimum
1637 4457 1884 4517 apparet,
1928 4447 2188 4518 illumque
2224 4466 2264 4519 ο
2297 4444 2438 4499 forte
2477 4445 2563 4499 vel
2623 4444 2953 4500 aediﬁcatum
2997 4445 3078 4500 vel
3131 4455 3453 4500 renovatum
3506 4445 3869 4509 crediderim,

626 4537 880 4606 proinde,
927 4553 1036 4591 non
1074 4553 1234 4591 secus
1285 4547 1447 4608 atque
1503 4539 1668 4601 hanc.
1722 4550 1875 4595 extra
1931 4542 2186 4608 palatium

626 4630 791 4684 situm
827 4627 1014 4683 fuisse.
1040 4629 1115 4684 Ad
1150 4630 1263 4684 lucc
1280 4645 1401 4684 cum
1435 4629 1664 4686 soluisse
1691 4631 1985 4701 quotannis
2000 4631 2192 4688 0rieu~

628 4722 699 4778 iis
744 4722 1106 4791 imperatores
1141 4722 1208 4776 ad
1242 4723 1659 4788 monasterium,
1714 4723 1890 4778 sancti
1934 4723 2192 4779 Demetrii

627 4813 852 4868 nomine
893 4813 1233 4881 iu:ignitum,
1287 4813 1408 4867 luce
1439 4811 1570 4868 huic
1611 4828 1762 4868 sacra
1799 4828 1892 4868 seu
1922 4814 1995 4869 26
2031 4813 2196 4870 Octo-

627 4906 743 4961 bris
807 4909 896 4960 die
947 4905 1118 4967 abire,
1177 4925 1205 4958 a
1241 4905 1452 4960 Codino
1518 4905 1701 4959 verbis
1757 4922 1919 4977 supra
1953 4907 2196 4962 recitatis

632 4998 901 5060 tradatur,
963 4996 1238 5064 iidemque
1297 4995 1684 5064 imperatores,
1746 5005 1807 5049 ut
1867 5012 2032 5065 supra
2091 4998 2198 5052 huc

634 5088 959 5156 transcripta
1038 5103 1104 5141 ex
1159 5087 1308 5139 Aula:
1385 5083 1984 5156 Constantiuopolilam
2040 5103 2198 5140 εστ-ει

635 5178 820 5232 moniir
837 5179 1000 5232 verba
1028 5179 1185 5230 tidem
1205 5175 1434 5238 faciunt,
1459 5175 1654 5230 festiva
1683 5178 1873 5231 eadem
1901 5176 2074 5231 sancti
2101 5178 2202 5232 lte-

635 5273 815 5326 mrtrii
847 5273 911 5325 ad
944 5273 1147 5324 dictum
1176 5267 1358 5325 Sancti
1383 5269 1543 5337 hujus
1577 5266 1858 5337 templum,
1880 5283 2029 5323 extra
2046 5268 2203 5352 [Pala-

639 5365 698 5417 lii
725 5373 910 5435 portas
925 5364 1114 5424 situm.
1139 5363 1367 5417 solemni
1393 5359 1812 5433 supplicantium
1830 5359 1933 5414 ritu
1951 5359 2204 5414 incedere

638 5455 930 5516 soluerint.
992 5457 1060 5510 de
1093 5457 1289 5511 eodem
1329 5457 1444 5510 loco
1475 5469 1629 5509 sacro
1662 5463 1716 5509 et
1767 5452 1907 5520 apud
1939 5451 2202 5506 Codinnm

637 5560 694 5603 et
723 5549 775 5602 in
807 5547 965 5602 dictis
991 5547 1334 5604 Cmremoniis
1382 5564 1476 5602 seu
1501 5549 1680 5617 patius
1727 5547 1929 5614 scripto
1959 5545 2022 5600 de
2054 5543 2206 5600 hisce

643 5639 782 5694 Lbro
815 5641 927 5694 tieri
963 5655 1292 5704 sermonem,
1320 5643 1404 5694 vix
1430 5655 1536 5694 non
1572 5639 1929 5694 indubitatum
1963 5645 2204 5705 apparet.

723 5733 844 5790 (ΞΟ.
878 5730 1038 5797 Quod
1067 5747 1188 5789 cum
1223 5733 1295 5787 ita
1315 5732 1402 5798 sit,
1431 5731 1821 5802 templumque,
1853 5728 1995 5799 quod
2019 5727 2206 5782 festiva

2291 4535 2382 4607 qui
2413 4543 2660 4590 sanctum
2694 4534 3029 4590 Demetrium
3083 4550 3304 4590 summa.
3331 4537 3688 4591 veneratione
3724 4543 3780 4588 et
3827 4550 3862 4588 ι

2293 4641 2468 4696 puero
2523 4626 2718 4688 coluit,
2745 4626 2817 4680 ob
2881 4626 3174 4691 praestitam
3241 4626 3340 4680 sibi
3384 4625 3631 4693 inprimis
3667 4641 3696 4678 a
3734 4624 3862 4679 divo

2294 4715 2400 4771 isto
2454 4730 2613 4784 opem
2673 4714 2726 4768 in
2793 4715 3140 4782 expeditione
3209 4709 3708 4775 Thessaloiiicensi.
3782 4712 3862 4767 uti

2295 4817 2481 4862 narrat
2507 4807 2942 4870 Cantacuzenus,
2975 4807 3070 4862 lib.
3096 4821 3133 4869 I,
3165 4821 3286 4877 cap.
3316 4806 3406 4861 55.

2369 4898 2490 4954 l2l.
2548 4898 2603 4953 ld
2635 4914 2786 4963 sane,
2841 4898 2985 4968 quod
3029 4898 3271 4966 Cangius
3321 4897 3411 4953 hic
3437 4897 3690 4958 allirmat,
3745 4896 3866 4950 loco

2297 4997 2390 5046 cit.
2423 4990 2840 5045 Cantacuzenus
2897 4998 3102 5050 narrat.
3159 4990 3266 5044 imo
3293 5005 3445 5052 vero,
3489 4987 3866 5045 Andronicum

2300 5086 2368 5139 ab
2395 5085 2698 5138 inveterato
2729 5083 3143 5152 periculosoque
3167 5082 3415 5145 vulnere,
3451 5083 3599 5152 quod
3641 5080 3696 5134 in
3730 5078 3869 5150 pede

2303 5183 2610 5243 acceperat,
2663 5173 2992 5244 prodigiose,
3061 5187 3188 5227 cum
3250 5172 3401 5226 hunc
3461 5179 3767 5240 unguento,
3837 5187 3871 5226 ε

2305 5265 2478 5320 sancti
2516 5263 2772 5319 Demetrii
2835 5263 3046 5317 tumulo
3071 5263 3428 5330 scaturiente,
3458 5261 3633 5315 linere
3679 5262 3873 5315 decre-

2305 5359 2493 5420 visset,
2534 5358 2741 5426 absque
2790 5371 2938 5409 mora
2969 5355 3136 5410 fuisse
3159 5366 3434 5420 sanatum,
3467 5353 3669 5408 ibidem
3706 5352 3873 5407 etiam

2308 5449 2580 5519 adjunxit,
2607 5449 2678 5502 ita
2710 5449 2776 5502 de
2807 5448 3144 5509 Andronico,
3200 5463 3323 5500 cum
3350 5447 3459 5517 iam
3518 5444 3876 5500 'hiessauonh

2309 5556 2427 5595 cam
2459 5549 2800 5610 occupasset,
2841 5541 3116 5594 memoria:
3145 5538 3381 5609 prodens
3411 5554 3425 5593 :
3464 5555 3484 5589 1
3522 5535 3872 5599 Constitutis,

2311 5648 2429 5702 qua!
2457 5629 2521 5685 ad
2562 5632 2704 5687 arcis
2747 5630 3296 5703 (Thessalonicensis)
3336 5630 3641 5687 custodiam
3701 5627 3878 5696 perti~

2313 5721 2535 5785 ncbant,
2573 5721 2868 5792 imperator
2907 5723 2973 5777 ad
3015 5731 3260 5778 sanctum
3323 5721 3582 5776 Demetrii
3625 5720 3879 5786 martyris
