4142 6380
299 356 438 424 1151

1309 356 1370 415 S.
1413 350 1798 421 DEMETRII
1839 347 2240 410 MARTYRIS
2294 347 2509 410 ACTA.

3414 343 3552 410 115i

297 489 350 526 οι
407 469 723 542 myroblyta:
797 467 1172 525 conditorium
1232 469 1530 540 processit,
1585 467 1746 520 simul
1813 472 1871 518 ut
1903 469 1944 524 Α
1982 463 2062 516 vel
2091 479 2118 515 a
2147 462 2509 518 Constantino
2537 459 3006 531 Porphyrogrnito
3036 473 3182 514 anno
3212 460 3317 517 959
3353 478 3382 516 e
3414 465 3551 521 vivis

297 563 551 635 precibus
584 577 710 615 eum
754 572 1112 618 veneraretur
1167 560 1394 632 (quippe
1427 574 1589 630 quem
1630 574 1659 614 a
1701 573 1871 628 puero

297 667 408 718 pra:
468 652 592 706 aliis
651 655 984 724 martyribus
1041 654 1372 716 honorabat,
1425 663 1476 705 et
1530 649 1655 721 plus
1711 652 1765 705 in
1805 665 1871 704 eo

297 745 412 816 spei
485 745 807 816 reponebat,
873 761 1036 815 quam
1097 747 1151 800 in
1209 743 1449 806 catteris,
1515 743 1873 811 impcnseqtte

297 839 450 892 illum
493 836 779 907 diligebat)
834 837 998 892 simul
1030 849 1088 890 ut
1129 836 1304 891 eidem
1343 835 1548 906 gratias
1587 835 1654 886 de
1693 832 1871 885 oblata

298 929 557 984 felicitate
619 929 696 996 (in
755 929 1074 998 occupanda
1125 927 1385 983 nimirum
1454 924 1870 994 Thessalonica)

299 1021 647 1090 rependerct.
687 1021 917 1076 Peracto
977 1031 1231 1090 utroque,
1273 1020 1530 1090 quoniam
1569 1019 1732 1074 etiam
1773 1033 1871 1090 pe-

297 1113 421 1168 dem
460 1112 516 1167 in
558 1113 818 1167 conﬂictu
849 1129 973 1168 cum
1033 1113 1215 1168 Persis
1249 1114 1572 1168 vulneratus
1607 1119 1869 1180 quatuor-

300 1204 475 1260 decim
503 1207 784 1260 mensibus
821 1205 1002 1259 curari
1035 1221 1140 1260 non
1167 1214 1403 1275 poterat,
1434 1203 1602 1258 multa
1640 1202 1869 1258 medicis

300 1297 504 1352 auxilia
559 1297 764 1351 frustra
807 1297 1263 1366 expcrientibus;
1305 1295 1424 1360 scd,
1481 1310 1547 1350 eo
1606 1292 1869 1364 paulatim

304 1389 644 1448 tabescente,
666 1389 946 1444 doloribus
987 1388 1346 1443 intolerandis
1377 1385 1743 1450 cruciabatur,
1780 1399 1872 1440 so-

299 1483 633 1546 lutocalceo,
655 1481 839 1535 Sancti
860 1493 1138 1552 unguento
1158 1483 1307 1535 illum
1328 1483 1550 1551 parabat
1572 1480 1869 1550 perlinere,

299 1574 374 1629 ita
416 1589 602 1628 secum
645 1574 892 1639 volvens,
949 1590 1069 1643 qua:
1108 1589 1199 1627 ars
1234 1573 1473 1627 humana
1523 1583 1578 1626 et
1628 1572 1870 1628 studium

299 1667 616 1734 nequirent,
650 1681 710 1718 ea
732 1665 901 1719 Deum
935 1665 1138 1720 sanctis
1175 1665 1504 1735 martyribus
1541 1679 1704 1736 posse
1743 1680 1874 1719 con-

300 1759 519 1814 cedere.
560 1757 766 1813 Ablatis
811 1757 997 1814 fasciis
1042 1757 1354 1826 nudataque
1395 1757 1554 1827 pede,
1595 1757 1867 1811 linamen-

301 1860 416 1904 tum
455 1851 588 1904 illttd
621 1860 893 1921 carptum.
917 1851 1066 1920 quod
1090 1850 1409 1904 vulneribus
1437 1849 1647 1904 inditur
1671 1852 1725 1914 (ο
1758 1865 1871 1904 ma-

302 1960 464 2014 gnam
516 1943 608 1997 Dei
649 1946 714 1998 ad
757 1954 1024 2014 martyres
1063 1959 1193 1998 suos
1227 1944 1576 1997 hoooraudos
1596 1959 1784 1996 curam
1816 1951 1872 1998 et

301 2035 756 2106 providentiam!)
790 2045 943 2089 extra
977 2037 1176 2088 vuluus
1206 2034 1496 2102 apparuit;
1530 2050 1628 2105 pes
1685 2045 1867 2088 autem

302 2125 439 2178 adeo
479 2141 665 2190 sanus,
695 2134 754 2179 ut
793 2141 897 2180 nec
936 2125 1200 2188 vulneris,
1240 2141 1343 2179 nec
1378 2124 1646 2180 cicatricis
1699 2125 1868 2178 ullum

303 2227 534 2272 restaret
607 2217 918 2288 vestigium,
1003 2227 1059 2272 et
1115 2217 1506 2274 vttlneratusne
1577 2217 1872 2285 aliquando

301 2307 520 2371 fuisset,
577 2308 939 2379 ignoraretur.
1005 2307 1120 2364 Hoc
1176 2309 1292 2365 viso
1353 2308 1641 2372 miraculo,
1700 2309 1872 2379 magis

301 2415 464 2470 quam
504 2401 570 2455 de
609 2400 876 2469 acquisita
917 2398 1312 2455 Thessalonica
1343 2400 1636 2454 exsultavit
1703 2399 1873 2467 iutp0~

303 2501 477 2553 rator,
523 2492 1005 2560 ferventiorcsque
1045 2500 1100 2546 et
1159 2493 1398 2560 majores
1436 2492 1506 2546 ob
1563 2495 1664 2546 hoc
1707 2493 1873 2547 bene-

304 2585 487 2639 ficium
533 2586 732 2654 gratias
766 2585 920 2654 egit;
981 2599 1044 2638 ac
1079 2593 1186 2638 tota
1226 2585 1444 2648 civitas,
1498 2585 1778 2638 intellecto
1817 2587 1870 2638 in

305 2691 432 2732 eum
473 2676 620 2731 erlito
673 2684 780 2730 tam
823 2675 1129 2730 admirabili
1171 2690 1359 2744 opere,
1385 2675 1619 2730 ‘multas
1679 2675 1786 2730 Deo
1819 2686 1876 2730 et

307 2767 604 2832 Demetrio,
636 2782 664 2822 a
720 2782 826 2837 quo
886 2775 1111 2824 curatus
1146 2766 1348 2834 fuerat,
1388 2766 1577 2823 laudes
1617 2767 1876 2824 decanta-

309 2859 406 2913 vit.
438 2877 454 2908 ι

383 2949 506 3003 129..
543 2945 812 3002 llactcnus
843 2948 1279 3004 Cantacuzenus.
1308 2949 1582 3015 Attamen,
1613 2949 1736 3004 licet
1767 2966 1876 3006 non

309 3050 540 3105 tantum,
573 3039 714 3110 quod
735 3039 972 3110 Cangius
997 3052 1282 3105 memorat,
1315 3043 1660 3106 bent-licium,
1687 3059 1877 3098 verum

1976 555 2211 615 sublato,
2246 555 2351 616 vel,
2383 564 2441 608 ut
2473 553 2838 608 verosimilius
2865 564 3112 622 apparet,
3138 569 3166 606 a
3191 553 3552 610 Constantino

1974 651 2170 715 altero,
2201 649 2646 722 Porphyrogeniti
2680 659 2900 718 nepote,
2931 650 3024 714 qui
3053 651 3259 706 delatas
3282 653 3382 708 sibi
3407 670 3553 708 anno

1978 743 2117 799 tuas
2158 744 2372 811 imperii
2412 742 2702 798 Orientalis
2748 743 2990 800 habenas
3019 758 3166 797 anno
3199 747 3335 800 1028
3377 757 3553 802 morte

1975 833 2216 895 demisit,
2258 833 2455 891 litteris
2484 836 2927 890 commendatum
2971 836 3176 900 fuisse,
3227 851 3550 908 argumenta

1974 925 2030 981 itt
2061 925 2403 986 Pratl'atione.
2436 943 2598 996 quam
2628 926 2730 980 sibi
2759 927 2888 983 illud
2923 930 3196 997 praafixam
3231 930 3419 998 habet,
3452 935 3552 988 ad-

1973 1018 2134 1073 ducta
2173 1017 2476 1073 luculenter
2514 1020 2800 1082 evincunt;
2852 1031 3183 1090 quapropter
3231 1038 3340 1077 non
3376 1027 3554 1080 serius

1973 1122 2143 1176 certe,
2179 1128 2343 1181 quam
2374 1113 2456 1166 vel
2486 1111 2684 1167 sarculo
2709 1111 2924 1167 decimo
2956 1114 3035 1166 vel
3059 1115 3338 1184 sequentis
3367 1115 3552 1182 initio,

1971 1200 2451 1274 ConstantinOpoli
2509 1219 2756 1271 morem,
2809 1215 2868 1259 ut
2921 1216 3170 1260 sanctum
3224 1209 3553 1263 Demetrium

1975 1293 2359 1363 imperatores,
2394 1311 2516 1350 sese
2545 1298 2613 1350 ad
2660 1312 2877 1354 sacrum
2908 1300 3038 1356 huic
3069 1300 3125 1355 in
3157 1299 3553 1370 Acropolitano

1975 1386 2127 1440 urbis
2155 1388 2352 1457 angulo
2389 1390 2648 1459 templum
2679 1392 3026 1450 caeremoniis
3077 1410 3174 1464 per
3203 1393 3368 1449 verba
3399 1409 3553 1448 num.

1977 1474 2082 1530 H2
2107 1487 2162 1530 et
2189 1477 2334 1533 binis
2367 1494 2521 1548 seqq.
2557 1495 2624 1536 ex
2673 1497 2836 1551 apere
2865 1483 2960 1539 illo
3010 1486 3232 1538 recitata
3278 1484 3557 1554 expressis

1973 1565 2042 1620 9.6
2071 1563 2324 1622 Octobtis
2355 1569 2442 1624 die
2490 1573 2857 1634 conferentes,
2883 1577 3178 1642 quotannis
3213 1590 3551 1630 veneraren-

1975 1668 2082 1724 tttr,
2116 1661 2367 1715 obtinere
2400 1662 2688 1730 incepisse,
2720 1664 3092 1720 indubitatum
3129 1677 3232 1721 est.

2048 1753 2169 1806 123.
2198 1754 2400 1808 Adlth
2427 1771 2547 1809 mos
2584 1755 2696 1819 ille,
2722 1774 2846 1811 cum
2876 1758 2986 1826 jant
3018 1758 3142 1812 inde
3166 1775 3196 1812 a
3226 1759 3407 1815 medio
3443 1759 3548 1815 cir-

1975 1843 2111 1900 citer
2153 1847 2354 1901 sarculo
2403 1863 2572 1912 nono,
2625 1850 3106 1914 quemadmodum,
3143 1866 3263 1919 quae
3299 1867 3462 1920 supra
3496 1851 3552 1905 in

1973 1937 2212 1991 medium
2273 1938 2496 2003 adduxi,
2559 1939 2800 1992 dilucide
2860 1940 3202 2005 ostendunt,
3261 1941 3543 2009 praefatum

1972 2030 2157 2086 Sancti
2196 2032 2452 2101 templum
2482 2032 2640 2088 fuerit
2671 2042 3034 2095 exstructuin,
3065 2033 3174 2099 jam
3219 2032 3348 2088 inde
3381 2033 3547 2087 etiam

1972 2119 2041 2173 ab
2085 2121 2272 2173 eodem
2312 2123 2514 2175 saieulo
2559 2136 2708 2174 nono
2743 2121 2990 2176 fortassis
3033 2123 3352 2178 obtinuerit.
3406 2122 3551 2178 Sane

1978 2209 2308 2264 Demetrium
2342 2213 2444 2265 hoc
2482 2212 2602 2280 ipso
2646 2211 2808 2268 etiam
2843 2214 3206 2283 sequentique
3229 2214 3431 2268 saeculo
3465 2226 3552 2267 at-

1976 2318 2081 2372 que
2115 2315 2278 2356 etiam
2317 2305 2479 2358 citius
2516 2320 2706 2373 magna
2743 2307 3117 2370 veneratioiie,
3171 2308 3429 2376 cultuque
3465 2306 3554 2359 iu-

1975 2409 2139 2465 saper
2174 2398 2376 2451 sanctis
2398 2397 2599 2452 deferri
2636 2397 2795 2454 solito
2815 2397 3291 2468 Constantinopoli
3316 2403 3384 2451 ab
3415 2401 3552 2468 ip-is

1976 2487 2138 2541 ctiam
2193 2487 2431 2546 Orientis
2480 2489 2902 2558 imperatoribus
2959 2491 3285 2546 honoratum
3340 2490 3550 2551 futsse,

1977 2581 2065 2633 vix
2101 2594 2211 2634 non
2257 2583 2420 2634 etiam
2459 2581 2824 2634 indubitatum
2860 2592 3106 2651 apparet.
3157 2581 3353 2636 Verum
3387 2583 3454 2634 de
3491 2597 3548 2636 re

1979 2669 2080 2724 hac
2112 2671 2373 2736 tractabo,
2399 2683 2685 2740 postquam
2715 2673 2972 2728 nonnulla
3000 2675 3203 2738 adhuc,
3223 2689 3340 2741 qua:
3365 2673 3555 2730 Sancti

1978 2763 2120 2830 apud
2153 2764 2505 2830 imperatores
2540 2766 2680 2831 illos,
2715 2768 2917 2822 saeculo
2943 2765 3156 2819 decimo
3195 2764 3552 2833 posteriores,

1981 2854 2388 2908 venerationem
2429 2857 2683 2924 probant,
2719 2858 2771 2912 in
2804 2857 3044 2912 medium
3093 2857 3392 2910 adduxere.
3424 2854 3554 2926 Glyo

1980 2962 2072 3001 cas
2110 2951 2160 3001 in
2207 2949 2526 3007 Annalibus.
2564 2965 2710 3002 anno
2754 2949 2890 3006 1572
2919 2948 3139 3002 Basilete
3181 2947 3363 3013 editis,
3408 2959 3552 3018 part.

1983 3052 2056 3100 tv,
2089 3037 2156 3090 de
2187 3036 2445 3089 Michaelte
2475 3035 2716 3091 Orientis
2738 3038 3086 3105 imperatore.
3117 3036 3280 3103 hujus
3312 3039 3554 3092 nominis

306 3135 466 3186 etiam
498 3131 660 3192 aliud.
692 3132 741 3184 itt
774 3132 1148 3186 Andronicum
1173 3135 1456 3188 Juttiorem
1487 3151 1517 3190 a
1548 3146 1739 3190 saneto
1773 3137 1876 3190 De-
1905 3148 1947 3205 ο
1981 3138 2194 3197 quarm,
2227 3145 2349 3182 cum
2376 3129 2477 3182 sub
2502 3130 2624 3182 vita:
2654 3145 2764 3183 sua:
2793 3131 2956 3182 linem
2993 3129 3220 3184 adversa
3244 3129 3556 3186 valetudine

310 3225 504 3278 tnetrio
539 3223 819 3288 collatum,
854 3225 1098 3277 recitatis
1129 3226 1310 3279 verbis
1367 3228 1565 3287 tradat.
1611 3242 1755 3284 anne
1792 3238 1877 3281 ta-

310 3331 456 3378 men,
486 3314 628 3387 qttod
664 3313 1084 3381 Pabuologorum
1115 3315 1420 3377 dicebatur,
1457 3319 1874 3381 monasterium,

308 3406 484 3464 eidem
518 3407 722 3460 Sancto
751 3416 939 3460 nostro
967 3406 1230 3471 dicatum,
1263 3424 1415 3462 suam
1447 3408 1517 3462 ab
1550 3409 1878 3474 imperatore

311 3496 426 3558 illo,
458 3507 576 3550 utut
605 3513 633 3550 e
667 3495 1084 3567 Palzeulogorum
1119 3498 1323 3552 familia
1356 3498 1609 3558 oriundo,
1645 3515 1878 3554 nomen-

310 3587 597 3640 clationem
639 3587 936 3656 acceperit,
971 3587 1100 3639 mihi
1136 3588 1424 3644 admodum
1452 3590 1678 3644 dubiutn
1713 3605 1882 3658 appa-

313 3687 410 3732 ret.
447 3677 582 3732 Cum
615 3677 758 3732 enim
786 3694 813 3730 a
843 3693 1036 3746 puero,
1066 3680 1142 3730 uti
1172 3680 1493 3748 transcripta
1514 3680 1879 3735 Catttacuzeni

311 3773 472 3828 verba
509 3772 664 3826 fidem
691 3771 917 3835 faciunt,
939 3772 1131 3840 majori
1166 3775 1216 3823 in
1247 3784 1494 3826 sanctum
1519 3773 1878 3836 Demetrium,

311 3881 471 3934 quam
514 3865 568 3918 in
600 3877 869 3934 martyres
899 3863 1058 3924 alios.
1092 3863 1443 3917 veneratiOue
1489 3861 1651 3916 simul
1690 3878 1754 3916 ac
1786 3863 1882 3916 di-

313 3953 544 4008 lemione
580 3953 834 4023 princeps
865 3952 955 4006 ille
1001 3952 1292 4017 exstiterit,
1342 3950 1459 4005 fieri
1493 3949 1650 4004 facile
1680 3961 1879 4022 potest,

314 4055 372 4099 ut
400 4045 528 4099 huic
561 4045 645 4098 ille
677 4043 967 4114 peculiaris
1001 4058 1126 4114 erga
1169 4042 1432 4096 Sanctum
1465 4042 1692 4098 affectus
1728 4059 1755 4096 a
1791 4059 1884 4111 pa-

313 4138 560 4192 rentibus
609 4138 739 4199 suis,
788 4137 882 4206 qui
933 4148 986 4192 et
1035 4137 1184 4189 illunt
1239 4135 1488 4190 fortassis
1519 4152 1548 4189 a
1589 4136 1884 4205 majoribus

315 4228 642 4288 hausissent.
681 4229 973 4282 instillatus
1010 4229 1192 4282 fuerit.
1222 4227 1377 4294 Quod
1413 4229 1634 4283 cumita
1669 4229 1882 4292 habeat,

315 4318 426 4370 fieri
459 4318 620 4372 etiam
665 4317 823 4371 facile
878 4327 1095 4389 potest,
1142 4328 1202 4373 ut
1233 4319 1329 4373 abs
1369 4319 1538 4382 hisce,
1571 4335 1708 4387 quos
1747 4331 1885 4374 :nter

315 4408 590 4471 nonnulli,
631 4409 706 4462 uti
750 4412 892 4478 apud
923 4409 1189 4479 Cangiutn
1240 4411 1293 4463 in
1348 4407 1596 4463 Fami/iis
1647 4413 1882 4481 angustis

1981 3223 2304 3291 gravissime
2347 3222 2639 3282 laboraret,
2683 3223 2752 3274 ita
2784 3221 2977 3276 scribit
3010 3240 3020 3274 :
3059 3237 3080 3276 ς
3117 3221 3436 3284 Mieltaelus,
3463 3223 3551 3275 tibi

1981 3329 2010 3368 a
2043 3317 2182 3367 tnalo
2209 3316 2368 3384 genio
2409 3316 2563 3385 pejus
2590 3313 2766 3370 indies
2798 3323 3182 3383 cxagdarctttr,
3223 3318 3289 3379 ,in
3335 3316 3555 3384 quasvis

1983 3409 2234 3476 regioaes
2283 3416 2339 3461 et
2395 3407 2600 3460 insulas
2652 3405 2990 3474 presbyteris
3042 3409 3262 3474 quidem
3323 3409 3554 3476 singulis

1982 3515 2236 3552 nummos
2266 3513 2462 3554 aureos
2485 3499 2641 3554 binos
2663 3539 2676 3563 ,
2714 3498 2998 3553 monachis
3030 3514 3156 3552 vero
3187 3515 3353 3552 unum
3382 3500 3552 3562 misit,

1981 3588 2111 3644 licet
2137 3589 2291 3643 irrito
2315 3589 2519 3651 studio,
2549 3589 2690 3658 quod
2721 3591 2920 3643 malum
2948 3602 3286 3658 augesceret,
3315 3605 3377 3645 ac
3403 3605 3550 3643 mor.

1981 3680 2084 3735 bus
2110 3695 2262 3750 aqua:
2291 3681 2576 3735 intercutis
2603 3679 2905 3735 accederet.
2941 3679 3113 3745 Quam
3145 3681 3213 3735 ob
3238 3695 3350 3736 retu
3378 3681 3556 3735 'l‘bes-

1985 3773 2290 3829 salonieam
2333 3772 2607 3842 profectus
2645 3773 2946 3841 imperator
2974 3772 3171 3826 ibidem
3204 3772 3458 3844 degebat,
3500 3782 3555 3829 et

1983 3865 2050 3918 nd
2082 3865 2285 3933 egregii
2316 3867 2568 3932 martyris
2596 3863 2928 3932 victorisque
2959 3869 3321 3920 certaminum
3357 3862 3552 3919 Deme-

1988 3954 2079 4010 trii
2108 3969 2418 4024 sepu.crum
2451 3955 2674 4009 assiduo
2712 3956 3064 4018 versabatur,
3108 3966 3167 4010 ut
3208 3970 3274 4009 eo
3319 3956 3462 4010 malo
3492 3956 3557 4010 li-
3641 4010 3648 4014 _

1985 4045 2286 4100 beraretur.
2320 4065 2348 4103 ›
2383 4047 2528 4101 Idem
2561 4047 2726 4102 etiam
2755 4049 2821 4101 tle
2856 4047 3048 4102 eodem
3091 4050 3423 4117 imperatore
3455 4050 3558 4104 Ζοφ

1987 4159 2148 4198 naras
2177 4148 2233 4194 et
2263 4138 2545 4193 Cedrenus
2584 4139 2858 4192 memoriae
2901 4141 3137 4208 produnt
3158 4179 3172 4200 .
3211 4141 3301 4197 hic
3330 4144 3553 4210 quidem

1988 4237 2040 4289 in
2085 4233 2435 4287 Historiarum
2485 4229 2826 4298 (.‘ompettdio,
2867 4246 2988 4302 pag.
3033 4232 3159 4294 7“,
3207 4233 3294 4287 ille
3339 4250 3468 4289 vero
3499 4237 3555 4290 in

1987 4325 2298 4387 Annal'bus,
2337 4331 2466 4377 tom.
2505 4322 2545 4378 ll
2569 4361 2585 4384 ,
2617 4336 2736 4390 pag.
2764 4321 3066 4388 239;cum'
3100 4332 3277 4376 natent
3315 4323 3362 4377 is
3385 4325 3558 4394 impe-

1989 4429 2158 4482 rator,
2189 4431 2350 4485 quem
2397 4414 2584 4476 etiam,
2615 4429 2710 4468 seu
2741 4414 2920 4481 potius
2949 4429 3016 4469 eo
3048 4415 3262 4483 imperii
3318 4417 3558 4472 habenas

313 4500 648 4574 Byzaminis,
681 4518 798 4571 pag.
845 4501 950 4555 Q30
983 4512 1038 4555 el
1085 4517 1235 4572 seqq.
1269 4503 1453 4557 Videre
1490 4501 1635 4565 licet.
1689 4504 1882 4569 Opibus
1915 4509 1960 4565 D
1988 4509 2169 4564 adhuc
2201 4515 2419 4562 tenente
2442 4544 2456 4569 ,
2489 4502 3004 4559 Thcssalonicenscs
3034 4504 3298 4574 insignem
3331 4505 3398 4561 de
3434 4505 3558 4560 Bul-

311 4603 474 4661 atque
504 4593 835 4647 auctoritate
885 4592 1212 4662 praestitere,
1244 4593 1480 4647 dicatum
1504 4634 1518 4655 ,
1557 4594 1626 4648 de
1655 4611 1761 4664 quo
1792 4596 1880 4650 hic

313 4683 658 4747 disserimus,
691 4684 894 4738 Sancto
936 4694 1124 4738 nostro
1156 4687 1575 4748 monasterium,
1623 4685 1882 4740 l’alteolo-

312 4789 503 4845 gerum
536 4776 740 4832 idcirco
771 4777 1133 4839 nominatum,
1163 4777 1254 4829 diu
1294 4777 1456 4830 etiam
1500 4789 1626 4831 ante
1668 4779 1880 4832 Δηὼ-ο·
1925 4821 1929 4824 .

315 4866 421 4923 nici
448 4863 689 4921 Juuioris
712 4877 927 4921 aetatem
950 4883 1045 4920 seu
1073 4868 1330 4921 saeculum
1362 4884 1450 4922 XIV
1477 4867 1640 4922 fuerit
1667 4881 1882 4924 exstru-

315 4965 487 5020 etum,
520 4957 649 5011 licet
693 4957 907 5012 interim
935 4948 1040 5014 labs
1087 4959 1193 5014 hoc
1237 4959 1372 5014 illud
1405 4959 1571 5015 fuisse
1601 4960 1882 5016 instaura-

316 5058 458 5108 tum.
527 5049 675 5102 nullo
708 5057 872 5117 queat
936 5048 1294 5106 fundamento
1352 5051 1724 5108 indubitanter
1777 5069 1878 5108 seu

316 5139 524 5211 negari.
576 5155 673 5194 seu
723 5141 887 5197 etiam
917 5142 1192 5198 alIirmari.
1225 5143 1360 5198 Utut
1386 5145 1492 5207 sit,
1524 5147 1876 5204 manifestum

315 5233 570 5304 equidem
609 5249 674 5290 ex
705 5232 956 5288 omnibus
981 5232 1089 5302 jam
1120 5233 1278 5288 dictis
1323 5244 1430 5299 est,
1485 5233 1744 5291 Sanctum
1785 5255 1884 5292 no-

318 5338 490 5380 strum
531 5323 762 5378 maxima
795 5323 846 5377 in
880 5323 1226 5380 veneratione
1257 5327 1398 5394 apud
1423 5325 1665 5382 Orientis
1708 5330 1880 5394 impe-

318 5425 527 5468 ratores
561 5413 857 5478 exstitisse,
888 5414 1146 5482 cultuque
1183 5415 1345 5470 etiam
1379 5415 1537 5484 plane
1575 5416 1773 5486 insigni
1811 5419 1881 5470 ab

317 5505 508 5558 iisdem
549 5505 718 5558 fuisse
757 5505 1033 5561 adectum.
1066 5503 1264 5561 Verum
1298 5522 1327 5560 a
1353 5522 1462 5575 quo
1492 5508 1713 5577 quidem
1743 5519 1882 5562 tem-

317 5612 448 5667 pore
478 5596 694 5651 circiter
723 5597 794 5651 ita
834 5598 1097 5653 honorare
1128 5598 1463 5654 Demetrium
1500 5601 1780 5671 principes
1804 5601 1880 5656 illi

321 5690 572 5758 erepere?
604 5689 759 5756 Quod
792 5707 951 5760 supra
987 5689 1014 5760 ᾗ
1050 5691 1209 5759 hujus
1252 5690 1410 5746 initio
1445 5692 1750 5762 deindeque
1785 5697 1882 5749 ad-

323 5782 430 5836 huc
457 5780 690 5850 laudavi,
713 5783 780 5838 de
814 5781 884 5836 De
907 5782 1047 5836 αμιω
1074 5780 1383 5852 Byzantium
1405 5786 1724 5866 fiere-nouit}
1749 5801 1884 5854 opus

1991 4600 2138 4673 garis
2165 4597 2335 4652 sancti
2389 4595 2645 4650 Demetrii
2691 4610 2796 4666 ope
2836 4611 2932 4650 seu
2970 4596 3272 4666 patrocinio
3305 4597 3557 4652 retulisse

1993 4691 2299 4755 victoriam,
2340 4689 2621 4745 Cedrcnus
2677 4688 2734 4743 in
2785 4703 2950 4757 opere
2988 4687 3086 4742 cit.
3142 4704 3264 4758 pag.
3318 4691 3418 4743 748
3464 4705 3558 4758 per

1992 4787 2150 4836 verba
2183 4783 2235 4836 in
2271 4780 2559 4842 Analectis,
2579 4795 2699 4848 quae
2723 4780 2898 4834 tribus
2926 4779 3149 4834 edendis
3177 4779 3556 4833 miraculorum

1989 4874 2145 4930 libris
2169 4871 2516 4943 subjungim,
2536 4869 2814 4925 recitanda
2847 4877 3053 4933 narrat,
3077 4867 3259 4923 smculi
3287 4867 3556 4922 undet-ini

1991 4980 2139 5018 anno
2163 4963 2578 5034 quadragesimo
2615 4961 2790 5030 primo
2826 4960 2990 5015 vitam
3036 4974 3160 5015 cum
3203 4970 3379 5014 morte
3408 4973 3559 5013 eont-

1995 5053 2238 5118 mutarit,
2267 5051 2413 5108 illius
2441 5067 2595 5115 sane,
2630 5051 2698 5105 ad
2739 5049 2915 5106 sancti
2949 5048 3208 5105 Demetrii
3234 5064 3418 5116 opem.
3450 5063 3560 5116 quo

1993 5145 2188 5202 morbo
2213 5145 2534 5215 gravissimo
2561 5141 2908 5201 liberaretur,
2932 5138 3196 5196 continuo
3221 5141 3559 5194 recurrentis

1994 5237 2197 5291 factum
2249 5242 2572 5303 argumento
2616 5230 3014 5286 cst:Sanctum
3065 5238 3311 5284 nostrum
3361 5232 3561 5287 sa-culo

1993 5330 2086 5382 illo
2133 5341 2325 5394 magna
2356 5325 2409 5378 in
2442 5323 2794 5377 vennratione
2824 5321 2965 5390 apud
2999 5321 3146 5390 ipsos
3175 5321 3339 5375 etiam
3384 5321 3558 5391 impc-

1995 5429 2205 5472 ratores
2235 5424 2331 5470 aut
2359 5427 2508 5468 certe
2551 5413 2696 5482 apud
2744 5412 3086 5478 Michaeltm,
3119 5413 3355 5467 nominis
3396 5413 3560 5483 hujus

1993 5520 2272 5579 quartum,
2315 5505 2506 5559 fuisse.

2066 5597 2188 5652 εει.
2234 5595 2344 5652 Nec
2391 5595 2682 5666 quidquam
2728 5594 2796 5650 de
2841 5595 2932 5650 illa
2989 5595 3160 5652 tribus
3207 5595 3558 5667 sequentibus

1995 5690 2209 5746 sa'culis
2263 5687 2432 5744 fuisse
2483 5686 2794 5751 remissum,
2828 5687 3146 5742 verosimile
3186 5697 3428 5758 apparet.
3481 5688 3558 5744 Ac

1997 5782 2172 5853 primo
2207 5779 2423 5850 quidem
2450 5793 2610 5844 quam
2652 5778 2703 5833 id
2731 5789 2994 5850 quantum
3040 5778 3108 5834 ad
3138 5779 3394 5834 saeculum
3425 5780 3559 5834 duo-
